2036 3122
182 161 255 199 Ὶ389

802 169 1005 200 RELIGIOSA
1025 170 1217 201 HISTORIA.

1752 175 1818 207 1390

184 235 247 253 τινα
262 226 382 253 οίκίσκον
409 226 601 262 οίκοῑομήσας,
630 222 709 262 μζνος
726 227 774 262 τὴν
797 228 975 264 εὖαγγελικὴν

1030 232 1172 255 exstructa
1203 227 1388 260 domuncula,
1411 228 1494 255 vitam
1521 229 1595 257 solus
1610 231 1749 265 ainplmis
1775 237 1817 260 est

179 272 323 308 ’ἠσπάζετο
353 271 499 299 πολιτείαν.
525 272 607 308 Ἀνὴρ
632 273 664 298 ἐκ
702 273 752 308 τῆς
773 274 907 309 Ἀντιόχου
928 273 976 309 μὲν

184 317 364 353 ὁρμώμενος,
395 317 528 353 ἐπίσημος
555 317 584 344 δὲ
608 318 646 344 ὢν
673 318 726 345 ἀπὸ
744 319 794 354 τῆς
817 320 863 346 τοῦ
881 320 977 354 γένους

184 363 376 398 λαμπρότητος
389 371 395 378 ·
411 363 469 389 ἀλλ’
480 363 555 398 ὅμως
565 363 612 389 καὶ
625 364 724 395 οἰκίαν,
742 365 789 392 καὶ
805 366 974 400 συγγένειαν,

183 411 232 436 καὶ
242 410 326 436 τᾶλλα
340 409 429 436 πάντα
444 408 612 442 καταλιπὼν,
627 410 674 437 τὸν
696 411 878 447 πολυτίμητον
892 412 976 446 εὐαγ-

183 455 301 489 γελικῶς
322 455 408 481 εἰπεῖν
421 455 536 491 ὲπρίατό
564 456 748 492 μαργαρίτην.
765 456 833 493 Περὶ
858 457 908 492 μὲν
929 455 976 484 οὖν

183 500 330 532 ἀπαστίας,
347 500 394 526 καὶ
408 500 570 535 χαμευνίας,
586 501 634 527 καὶ
662 501 713 536 τῆς
728 502 760 528 ὲκ
774 501 875 536 τριχῶν
886 502 976 537 ἀμπε-

183 546 274 581 χόνης,
292 545 420 582 περιττόν
431 547 489 573 ἐστι
517 546 607 582 λέγειν
633 547 689 578 τοῖς
711 547 774 579 τοὺς
787 546 893 574 ἐκείνου
915 548 975 575 θια-

184 592 273 624 σώτας
286 592 333 619 καὶ
345 592 475 627 φοιτητὰς
486 592 644 628 θεωμένοις,
655 594 701 620 καὶ
716 593 817 629 ταύτην
836 595 865 621 ἐν
884 593 976 627 αὐτοῖς

178 638 267 674 ’ὁρῶσι
297 638 345 674 τὴν
377 639 526 666 πολιτείαν.
550 640 740 676 Διαφερόντως
756 639 784 666 δὲ
799 641 873 676 ὅμως
888 641 975 668 ταῦτα

184 685 287 716 ἐκεῖνος
305 682 410 720 μετῄει,
427 685 474 711 ἇτε
490 684 522 721 δὴ
540 685 822 721 παράδειγμαέαυτον
836 686 976 722 προτιθεὶς

181 731 237 762 τοῖς
252 730 451 765 εἰσαγομένοις.
468 731 626 766 Προσετίθει
642 731 670 758 δὲ
694 731 800 763 τούτοις
812 731 841 758 τὸ
857 732 890 758 ὲκ
901 732 975 767 σιδή-

182 782 231 812 ρου
248 776 359 811 φορτίον
376 776 481 812 αὐχένι,
499 776 546 803 καὶ
560 776 650 810 ὀσφύϊ,
670 777 716 804 καὶ
739 777 839 812 ἀμφοῖν
851 779 910 804 ταῖν
927 786 974 813 χει

184 823 249 858 ροῖν,
264 823 319 849 Καὶ
330 823 417 858 κόμην
427 823 458 850 δὲ
473 823 571 859 ἔφερεν
587 824 744 859 αὐχμηρὰν,
755 822 802 851 καὶ
816 824 912 860 μέχρις
926 823 974 852 αὐ-

181 869 235 896 τῶν
248 869 394 904 διήκουσαν
409 869 463 896 τῶν
489 870 588 902 ποδῶν,
605 870 653 897 καὶ
681 870 836 906 περαιτέρω
857 870 974 906 προϐαί-

1028 274 1213 308 evangeliram
1229 295 1235 305 ,
1251 275 1292 300 vir
1304 278 1364 301 ortu
1381 275 1489 309 quidem
1509 275 1704 309 Antiochenus,
1721 285 1817 312 genere

1028 323 1118 346 autem
1132 319 1215 346 nobili
1229 319 1367 347 ctillustri
1383 340 1390 352 ,
1412 320 1460 361 sed
1475 320 1532 354 qui,
1554 321 1636 348 domo
1665 325 1691 349 ct
1716 331 1817 358 cogna-

1028 365 1105 393 tione
1121 369 1147 392 et
1161 365 1290 393 omnibus
1305 365 1366 393 aliis
1381 365 1496 397 relictis,
1515 367 1673 400 pretiosam,
1685 368 1758 403 quod
1774 373 1816 395 est

1027 411 1055 438 in
1077 411 1223 447 Evangelia
1237 413 1256 444 ',
1279 411 1345 439 emit
1369 411 1553 446 margaritam.
1583 411 1621 439 De
1640 413 1722 448 hujus
1752 422 1816 448 ergo

1026 457 1201 490 abstinentia,
1217 457 1348 492 humique
1367 457 1524 489 cubatione,
1540 465 1571 484 ac
1595 463 1671 486 veste
1695 459 1815 492 cilicino,

1027 510 1262 538 supervacaneum
1273 503 1353 530 sitiis
1375 510 1486 530 narrare
1517 503 1563 537 qui
1583 503 1643 538 ejus
1668 505 1817 539 discipulus

1026 549 1132 582 vident,
1154 549 1282 584 idemque
1307 549 1335 576 in
1364 549 1418 576 illis
1448 548 1603 576 institutum
1632 551 1815 584 conspiciunt.

1027 593 1171 630 lnsigniter
1184 599 1274 622 tamen
1290 595 1347 622 lucc
1359 595 1403 622 ille
1417 595 1577 630 praestabat,
1602 600 1632 622 ut
1652 597 1697 630 qui
1724 603 1818 624 exem-

1026 641 1099 676 plum
1118 641 1152 669 iis
1167 649 1237 676 quos
1252 641 1416 668 instituebat
1442 641 1560 676 seipsnm
1581 641 1688 676 1196
1717 649 1817 677 propo-

1027 689 1113 712 ueret.
1131 686 1172 713 Ad
1190 686 1246 713 haec
1264 690 1355 713 autem
1374 686 1438 713 ferri
1454 693 1563 721 quoque
1581 686 1687 721 pondus
1705 687 1776 714 collo
1786 695 1818 715 ac

1025 730 1138 762 lumbis,
1152 736 1179 758 et
1194 731 1327 759 ambabus
1345 732 1472 759 manibus
1487 731 1596 766 adjecit.
1615 732 1726 759 Comam
1746 741 1817 767 praa~

1024 780 1099 804 terea
1117 777 1242 812 gestabat
1258 777 1424 812 squalidam,
1440 782 1466 805 et
1483 778 1516 804 ad
1530 778 1604 813 ipsos
1622 786 1708 814 usque
1734 780 1817 814 pelles

1026 823 1236 858 pertingentem,
1247 827 1328 858 atque
1336 824 1450 851 ulterius
1460 824 1540 851 etiam
1557 825 1722 858 tendentem,
1731 834 1818 861 eoque

1026 868 1127 896 lumbis
1151 869 1300 904 alligatam.
1323 867 1450 896 Orationi
1470 875 1496 896 et
1520 870 1675 905 hymnodiae
1704 879 1816 906 operam

180 920 290 946 Vausav,
323 914 370 941 καὶ
392 913 487 940 τούτου
511 915 592 950 χάριν
613 916 646 950 τῇ
666 914 719 947 ίξύῖ
745 915 972 951 προσδεδεμένην.

1026 913 1143 941 navabat
1154 913 1305 941 assiduam.
1320 913 1506 948 Cupiditatem
1520 918 1547 941 et
1562 916 1630 941 iram
1650 920 1677 942 et
1694 914 1810 947 fastum,

180 961 324 996 Προσευχῇ
337 960 366 988 δὲ
380 961 426 987 καὶ
447 960 570 996 ὒμνῳδίᾳ
589 960 722 996 διηνεκῶς
740 959 891 996 χρώμενος,
919 962 974 988 ἔπι-

178 1003 294 1041 Δθυμίοιν,
310 1007 358 1033 καὶ
370 1006 466 1040 θυμὸν,
486 1006 532 1032 καὶ
563 1006 658 1040 τῦφον,
674 1006 722 1033 καὶ
748 1006 833 1033 τᾶλλα
843 1006 877 1033 τὰ
892 1006 974 1043 ἄγρια

180 1052 230 1085 τῆς
254 1051 344 1087 ψυχῆς
375 1048 550 1085 κατεκοίμιζε
584 1050 683 1086 θηρία·
707 1050 798 1084 πόνοις
822 1051 851 1078 δὲ
874 1050 974 1084 πόνους

181 1097 308 1130 ὲπαύξων
323 1097 378 1131 ἀεὶ,
394 1097 442 1124 καὶ
464 1096 514 1133 τὴν
537 1097 639 1133 χειρῶν
654 1097 787 1132 ἐργασίαν
801 1097 909 1133 μετῄει,
925 1099 973 1125 νῦν

182 1144 232 1179 μὲν
243 1143 294 1175 τὰς
308 1143 480 1178 καλουμένας
493 1143 601 1178 ῥιπίδας
622 1143 743 1178 ὑφαίνων
770 1144 818 1170 καὶ
830 1144 972 1180 σπυρίδας,

179 1190 229 1216 νῦν
241 1189 268 1216 δὲ
280 1189 381 1226 μικρὰς
389 1188 510 1224 ἀρούρας
523 1188 552 1215 ἐν
566 1189 598 1224 τῇ
611 1188 685 1225 νάπῃ
694 1185 974 1222 κατασκευάζων,καὶ

181 1235 329 1270 σπέρματα
346 1234 536 1266 καταϐάλλων,
553 1234 601 1260 καὶ
620 1234 671 1270 τὴν
690 1234 856 1270 ἀποχρῶσαν
870 1235 974 1262 ἐκεῖθεν

182 1280 318 1315 συλλέγων
342 1281 456 1316 τροφήν.
475 1280 584 1315 Ἐπειδὴ
610 1279 638 1307 δὲ
656 1279 703 1307 τοῦ
716 1281 813 1316 χρόνου
833 1281 974 1316 προίόντος

181 1326 314 1354 πάντοθεν
342 1326 424 1353 αὑτοῦ
438 1326 468 1353 τὺ
481 1326 558 1358 κλέος
586 1325 717 1362 διέτρεχε,
735 1326 860 1354 συνέθεον
879 1326 973 1354 πολλοὶ

181 1371 360 1407 πολλαχόθεν,
374 1371 538 1407 κοινωνῆσαι
553 1371 627 1407 αὐτῷ
645 1371 692 1399 καὶ
707 1372 851 1407 οἰκήσεως,
862 1372 909 1399 καὶ
925 1372 973 1398 πό-

181 1425 245 1450 νων,
260 1418 308 1445 καὶ
320 1418 459 1450 πολιτείας
473 1417 682 1453 ἐπιθυμοῦντες·
700 1419 746 1445 καὶ
755 1418 867 1450 τούτους
882 1418 976 1446 ὑποδε-

181 1463 306 1500 χόμενος,
325 1463 372 1490 ἐπὶ
385 1462 480 1490 τοῦτον
497 1463 626 1498 ἑποδήγει
636 1463 681 1490 τὸν
696 1463 767 1499 βίον·
782 1464 830 1491 καῖ¹
846 1462 881 1500 ἦν
899 1465 973 1498 ίδεῑν,

180 1510 245 1541 τοὺς
265 1509 406 1545 μὲνιστία,
422 1509 484 1542 τοὺς
495 1509 523 1536 δὲ
539 1509 646 1545 δέρρεις
661 1509 784 1545 τριχίνας
799 1510 973 1545 ὑφαίνοντας,

179 1556 244 1588 τοὺς
255 1555 283 1582 δὲ
293 1555 341 1587 τὰς
351 1555 459 1590 ῥιπίδας
471 1555 488 1591 ἢ
510 1556 559 1588 τὰς
572 1555 705 1591 σπυρίδας
714 1555 918 1590 διαπλέκοντας,
927 1557 976 1584 ἄλ-

1026 964 1194 994 ειειειηιεηιιθ
1205 958 1288 986 animi
1301 958 1373 986 feras
1382 958 1527 986 edomabat
1539 969 1544 986 :
1558 959 1664 988 labores
1675 961 1816 989 laboribus

1025 1011 1132 1040 semper
1147 1011 1260 1040 augens,
1277 1011 1407 1032 manuum
1417 1012 1527 1040 quoque
1539 1005 1648 1040 opilicia
1667 1007 1815 1040 tractabat,

1025 1059 1099 1078 nunc
1113 1050 1217 1079 ﬂabella
1230 1058 1290 1086 quae
1303 1055 1412 1083 Vocant,
1422 1051 1620 1087 sportellasque
1632 1057 1735 1085 texens,
1744 1062 1818 1081 nunc

1025 1097 1127 1132 agellos
1145 1097 1173 1124 in
1191 1097 1263 1125 saltu
1273 1103 1385 1132 parans,
1400 1101 1427 1123 et
1452 1097 1560 1124 sentina
1583 1105 1726 1132 spargens.
1745 1099 1817 1126 unde

1024 1142 1183 1171 necessaria
1193 1143 1255 1171 vitae
1272 1142 1401 1170 alimenta
1414 1143 1565 1178 colligeret.
1586 1143 1732 1178 Postquam
1749 1152 1815 1172 vero

1025 1189 1157 1224 temporis
1171 1195 1320 1224 progressu
1344 1188 1404 1222 ejus
1431 1188 1502 1215 fama
1528 1188 1582 1216 late
1609 1189 1745 1224 divulgata
1762 1195 1815 1222 est,

1026 1233 1103 1261 multi
1120 1234 1213 1262 multis
1232 1241 1265 1261 ex
1283 1233 1351 1260 locis
1367 1229 1558 1266 accurrerunt,
1569 1235 1596 1261 in
1609 1235 1669 1269 ejus
1693 1234 1816 1270 discipli-

1026 1288 1069 1308 na:
1087 1280 1318 1314 babilationisque
1348 1280 1506 1307 societatem
1536 1280 1630 1307 venire
1652 1281 1814 1315 Cupientes:

1026 1334 1095 1362 quos
1109 1327 1251 1361 excipiens
1266 1326 1299 1353 ad
1320 1325 1371 1353 hoc
1393 1325 1458 1353 vita:
1479 1332 1565 1360 genus
1589 1325 1759 1354 instituebat.
1777 1327 1817 1354 Ac

1028 1372 1120 1400 \idere
1135 1372 1255 1400 erathos
1273 1371 1342 1402 vela.
1371 1371 1433 1398 illos
1461 1370 1551 1398 cilicia
1581 1375 1715 1402 texentes,
1748 1372 1817 1399 alios

1028 1417 1147 1452 ﬂabella,
1161 1418 1230 1445 alios
1253 1417 1399 1453 sportellas
1419 1417 1580 1452 plectentes,
1606 1418 1674 1446 alios
1697 1418 1818 1453 agricul-

1027 1468 1095 1491 tura:
1111 1471 1221 1499 operam
1236 1464 1342 1491 dantes.
1358 1463 1389 1490 Et
1411 1463 1475 1498 quia
1507 1463 1576 1491 mari
1601 1463 1732 1491 ﬁnitimus
1758 1468 1817 1491 erat

1026 1510 1114 1541 locus.
1134 1510 1259 1545 cymbam
1288 1510 1370 1538 etiam
1395 1513 1488 1544 postea
1516 1509 1665 1541 fabricatis,
1687 1517 1718 1536 ea
1749 1518 1817 1537 usus

1027 1559 1069 1583 est
1087 1555 1120 1582 ad
1135 1563 1220 1583 onera
1243 1556 1431 1588 convehenda,
1458 1559 1606 1590 exportans
1635 1557 1817 1584 contuberna-

178 1602 243 1634 λους
249 1601 331 1637 δὲτὴν
337 1602 470 1637 γηπονίαν
479 1601 775 1637 ἀναδεδεγμένους.Καὶ
785 1603 877 1638 ἐπειδὴ
887 1611 975 1639 παρα-

1027 1601 1093 1628 lium
1107 1607 1200 1636 opera,
1210 1600 1344 1628 invehens
1364 1607 1424 1635 qua:
1438 1603 1516 1627 erant
1530 1600 1698 1628 necessaria.
1715 1600 1823 1628 Memor

179 1649 336 1678 θαλάσσιον
350 1646 385 1684 ἦν
400 1649 430 1675 τὸ
448 1649 558 1684 χωρίον,
572 1647 620 1675 καὶ
636 1649 784 1685 πορθμεῖον
798 1648 911 1685 ὕστερον
925 1657 975 1676 κα-

179 1693 363 1724 τασκευάσας.
378 1692 466 1728 τούτῳ
482 1693 522 1725 είς
537 1694 586 1728 τὴν
597 1693 652 1720 τῶν
676 1693 827 1729 ἀγωγίμων
841 1694 974 1730 ἐκέχρητο

180 1738 286 1774 χρείαν,
303 1737 458 1773 ἐκκομίζωυ
468 1737 522 1765 τῶν
543 1739 674 1765 συνοίκων
684 1740 718 1765 τὰ
731 1739 810 1774 ἔργα,
824 1739 872 1765 καὶ
886 1740 975 1766 εἰσκο-

183 1783 271 1818 μίζων
283 1783 317 1809 τὰ
327 1783 431 1809 δέοντα.
450 1782 506 1818 Τῆς
522 1782 706 1817 ἀποστολικῆς
730 1783 784 1818 γὰρ
801 1783 975 1818 μεμνημένος

181 1831 284 1864 φωνῆς,
295 1829 344 1864 τῆς
359 1828 501 1863 λεγούσης·
515 1838 523 1854 ι
535 1828 642 1860 Νυκτὸς
650 1829 696 1855 καὶ
708 1829 762 1863 ὴμέ
767 1837 816 1864 ρας
824 1828 976 1864 ἐργαζόμε-

159 1874 165 1877 ’
181 1876 282 1908 νοι,εῑς
289 1875 319 1902 τὸ
334 1874 371 1910 μὴ
381 1874 544 1910 επιὸαρῆσαί
556 1883 617 1901 τινα
633 1874 736 1909 ὑμῶν’)
750 1875 806 1906 καὶ,
818 1875 869 1900 «Αἱ
883 1875 974 1910 χεῖρες

181 1919 264 1949 αὗται
280 1921 342 1957 ἐμοὶ
355 1921 402 1948 καὶ
420 1922 476 1952 τοῖς
490 1921 538 1947 σὺν
555 1920 617 1955 ἐμοὶ
632 1920 799 1955 ἐπήρκεσαν·
823 1930 832 1946 ι
848 1920 929 1950 αὑτός
944 1928 974 1946 τε

180 1968 337 2004 εἰργάζετο,
354 1967 402 1994 καὶ
431 1967 495 1998 τοὺς
513 1967 682 2002 ὀμοσκήνους
705 1965 822 2001 παρῄνει
833 1967 888 1996 τοῖς
904 1965 975 1992 κατὰ

181 2014 273 2050 ψυχὴν
285 2014 376 2044 πόνοις
387 2012 503 2043 καὶτοὺς
513 2011 688 2047 σωματικοὺς
700 2011 885 2046 συνεισφέρειν
895 2010 975 2045 ἱδρῶ-

183 2066 243 2090 τας.
255 2058 311 2086 Καὶ
325 2057 379 2092 γὰρ
393 2057 504 2089 ἄτοπον,
515 2056 579 2087 τοὺς
589 2055 637 2091 μὲν
657 2056 686 2082 ὲν
701 2055 750 2090 βίῳ
764 2055 974 2090 στρεφομένους,

184 2104 231 2132 καὶ
257 2103 352 2130 παιδία
378 2103 425 2130 καὶ
458 2103 590 2138 γυναῖκας
625 2101 898 2136 ταλαιπωρουμένους
930 2101 976 2127 καὶ

184 2150 333 2182 πονοῦντας
352 2149 530 2185 ἀπο-τρέφειν,
546 2147 671 2183 καὶπρὸς
690 2147 796 2178 τούτοις
813 2147 859 2174 καὶ
877 2147 976 2182 φόρους

183 2196 330 2232 εἰσφέρειν,
361 2196 408 2222 καὶ
432 2195 554 2230 δασμοὺς
575 2193 761 2224 ἀπαιτεῖσθαι,
790 2193 838 2220 καὶ
856 2192 896 2228 τῷ
916 2192 976 2228 Θεῷ

185 2241 352 2278 προσφέρειν
365 2241 415 2273 τὰς
442 2240 580 2276 ἀπαρχὰς,
611 2240 659 2266 καὶ
682 2239 737 2266 τῶν
765 2239 920 2274 προσαιτῶν
936 2240 976 2271 εἰς

183 2287 299 2324 δύναμιν
314 2288 476 2323 θεραπεύειν
486 2288 536 2322 τὴν
550 2287 654 2313 ἔνδειαν
667 2296 673 2302 ·
695 2287 769 2322 ἡμᾶς
784 2286 812 2313 δὲ
825 2286 875 2321 τὴν
889 2286 974 2320 ἀναγ-
991 2278 1013 2306 Ῑ)

185 2334 265 2361 καίαν
280 2335 372 2361 ὲκτῶν
387 2335 476 2360 πόνων
486 2333 523 2369 μὴ
536 2332 694 2368 πορίζεσθαι
706 2332 816 2368 χρείαν·
831 2333 879 2359 καὶ
888 2332 974 2358 ταῦτα

185 2379 290 2406 εὐτελεῖ
307 2379 356 2414 μὲν
381 2380 469 2414 τροφῇ
495 2379 543 2405 καὶ
573 2377 697 2413 βραχείᾳ,
720 2377 862 2404 εὑτελεῖδὲ
879 2377 975 2413 ἐσθῆτι

185 2425 343 2460 χρωμένους
355 2432 362 2439 ·
381 2425 449 2451 ἀλλὰ
459 2423 593 2459 καθῆσθαι
603 2424 668 2450 εἴσω
681 2424 730 2455 τὰς
742 2425 836 2459 χεῖρας
851 2423 974 2458 ἔχοντας,

185 2471 233 2498 καὶ
243 2470 297 2498 τῶν
308 2471 456 2508 ἀλλοτρίων
470 2470 569 2506 χειρῶν
579 2470 797 2505 καρπουμένους.
817 2470 908 2496 Ταῦτα
928 2471 975 2497 καὶ

186 2518 346 2546 τὰτοιαῦτα
377 2518 475 2553 λέγων,
501 2519 547 2545 ἐπὶ
569 2518 618 2554 τὴν
651 2517 782 2552 ἐργασίαν
808 2517 975 2553 προέτρεπεο

187 2565 236 2596 τὰς
251 2565 300 2600 μὲν
326 2564 465 2600 πανταχοῦ
486 2564 684 2600 νενομισμένας
707 2564 783 2595 θείας
807 2563 977 2599 λειτουργίας

188 2611 320 2638 ἐπιτελῶν
335 2612 374 2643 είς
383 2611 479 2644 καιρόν
490 2619 497 2626 ⁴
515 2611 560 2637 τὸν
576 2610 604 2637 δὲ
613 2609 714 2645 μεταξὺ
725 2610 821 2645 χρόνον
832 2609 977 2644 ἀπονέμων

187 2659 221 2693 τῇ
233 2658 359 2694 ἐργασίᾳ.
371 2659 427 2693 Οὐχ
441 2658 541 2693 ἥκιστα
554 2657 581 2684 δὲ
594 2657 642 2692 τῆς
659 2656 712 2683 τῶν
725 2655 807 2688 ξένων
818 2656 978 2692 ἐπεμελεῖτο

189 2703 353 2739 θεραπείας·
378 2703 492 2739 ἀνδράσι
518 2703 652 2738 πραότητι
675 2702 721 2729 καὶ
738 2702 912 2737 φρονήματος
929 2710 976 2736 με-

188 2751 309 2786 τριότητι
337 2749 564 2784 κεκοσμημένοις,
586 2750 634 2776 καὶ
658 2749 709 2784 τὴν
734 2748 798 2784 περὶ
822 2748 867 2774 τὸν
891 2747 976 2780 πέλας

189 2796 368 2834 κεκτημένοις
398 2795 520 2830 ἀγάπην,
543 2794 646 2829 ταύτην
664 2794 820 2829 ἐγχειρίσας
840 2793 888 2830 τὴν
913 2793 976 2829 πρό-

228 2885 238 2904 i
261 2883 384 2912 l'l'hcss.
401 2891 430 2916 ιι,
447 2883 472 2910 9.
513 2888 525 2907 ε
546 2885 606 2912 Act.
629 2891 674 2916 xx,
693 2883 737 2910 54.

1026 1647 1097 1674 enim
1114 1647 1258 1674 sententiae
1269 1646 1446 1681 apostolicae:
1468 1655 1478 1671 ι
1497 1645 1584 1673 Nocte
1594 1653 1626 1673 ac
1639 1646 1683 1674 die
1699 1654 1816 1681 operan-

1025 1696 1078 1726 tcs,
1094 1701 1129 1720 ue
1139 1701 1220 1728 quem
1236 1697 1356 1720 vestrum
1368 1698 1546 1727 gravaremus
1560 1691 1583 1725 f;
1600 1702 1608 1717 ι
1625 1695 1671 1720 et:
1691 1701 1701 1718 ι
1720 1691 1761 1719 Ad
1785 1699 1817 1719 ea

1026 1746 1087 1773 quae
1100 1738 1165 1765 mihi
1180 1746 1250 1773 opus
1263 1742 1354 1771 erant,
1370 1742 1397 1765 et
1406 1738 1448 1765 his
1463 1737 1511 1772 qui
1533 1745 1646 1765 mecum
1663 1741 1737 1769 sunt,
1765 1737 1817 1764 mi-

1025 1784 1213 1811 nistraverunt
1233 1791 1332 1810 manus
1346 1784 1404 1811 ista:
1420 1782 1442 1816 8,
1464 1793 1473 1809 ι
1492 1786 1520 1810 et
1551 1783 1718 1818 operabatur
1745 1783 1814 1817 ipse.

1026 1835 1053 1858 et
1065 1831 1157 1858 socios
1170 1834 1199 1856 ut
1210 1837 1271 1856 cum
1281 1830 1381 1856 anima:
1405 1828 1548 1856 laboribus
1576 1828 1702 1863 corporis
1733 1829 1816 1855 etiam

1026 1875 1133 1903 labores
1143 1875 1340 1910 conjungerent
1352 1874 1523 1902 hortabatur.
1538 1873 1643 1900 Etenim
1664 1873 1816 1901 absurdum

1025 1929 1085 1949 esse
1098 1928 1155 1953 e05,
1171 1921 1216 1955 qui
1231 1920 1259 1947 in
1283 1920 1383 1947 saeculo
1411 1922 1567 1951 versantur,
1596 1922 1624 1946 et
1652 1918 1756 1946 liberos
1786 1921 1814 1945 et

1025 1975 1126 1995 uxores
1143 1967 1236 1994 multis
1250 1974 1312 1994 cum
1324 1965 1456 1993 aerumnis
1481 1969 1509 1992 et
1533 1963 1675 1991 laboribus
1707 1963 1814 1998 1197

1026 2013 1109 2044 alere,
1128 2017 1211 2046 atque
1221 2013 1335 2047 insuper
1345 2012 1447 2039 tributa
1463 2009 1607 2043 conferre,
1626 2014 1653 2037 et
1670 2010 1816 2044 vectigalia

1026 2058 1156 2093 pendere,
1177 2061 1205 2084 et
1230 2057 1286 2085 Deo
1305 2057 1442 2092 primitias
1469 2055 1580 2088 oﬂ'erre,
1610 2060 1816 2090 pauperumque

1026 2103 1124 2137 inopiae
1138 2110 1187 2137 pro
1198 2102 1304 2129 viribus
1312 2102 1458 2130 subvenire
1472 2110 1478 2129 :
1496 2109 1546 2129 nos
1558 2108 1623 2128 vero
1633 2109 1677 2129 res
1689 2109 1817 2129 necessa-

1027 2149 1082 2176 rias
1100 2149 1240 2176 laboribus
1255 2149 1357 2176 nostris
1380 2156 1434 2175 non
1456 2154 1565 2183 parare,
1586 2146 1736 2182 praesertim
1753 2154 1816 2174 cum

1026 2195 1074 2223 vili
1119 2201 1152 2222 ac
1193 2194 1301 2222 modico
1336 2194 1408 2226 cibo,
1449 2193 1551 2228 vilique
1579 2197 1653 2220 veste
1682 2196 1815 2224 utamur,

1027 2240 1075 2269 sed
1099 2240 1266 2275 compressis
1296 2239 1423 2266 manibus
1450 2233 1565 2270 sedere,
1586 2237 1739 2272 alienisque
1761 2237 1816 2264 frui

1027 2287 1167 2314 manibus.
1180 2285 1228 2314 llis
1247 2285 1364 2320 aliisque
1381 2284 1518 2312 similibus
1534 2283 1625 2311 verbis
1641 2283 1672 2311 ad
1695 2284 1817 2311 laborem

1027 2333 1088 2361 illos
1104 2333 1252 2365 excitabat,
1274 2336 1407 2359 consueta
1432 2330 1535 2365 ubique
1561 2329 1654 2357 divina
1678 2329 1764 2357 olIicia
1789 2330 1818 2357 in

1027 2384 1150 2414 tempore
1163 2386 1306 2414 peragens,
1323 2377 1396 2413 quod
1424 2384 1488 2404 vero
1515 2375 1705 2403 intercedebat
1733 2376 1816 2410 spatii

1026 2425 1102 2460 operi
1117 2423 1243 2452 faciendo
1257 2422 1429 2458 impendens.
1444 2421 1588 2456 llospitum
1608 2425 1699 2448 autem
1720 2427 1816 2447 curam

1026 2471 1135 2506 gerebat
1150 2477 1205 2497 non
1221 2470 1319 2502 levem,
1334 2469 1402 2496 viris
1428 2465 1640 2495 mansuetudine
1669 2465 1818 2493 modestia-

1029 2524 1082 2550 que
1096 2515 1212 2550 ornatis,
1227 2519 1257 2543 et
1273 2519 1404 2550 spectat-re
1429 2515 1455 2541 in
1480 2513 1636 2550 proximum
1663 2512 1818 2543 charitatis,

1028 2564 1079 2591 has
1094 2568 1187 2598 partes
1204 2562 1391 2590 committens.
1415 2561 1476 2596 Ipse
1502 2568 1567 2587 vero
1596 2558 1760 2594 inspiciebat
1790 2561 1820 2586 et

1027 2608 1189 2644 explorabat
1201 2607 1304 2640 omnia,
1326 2613 1359 2633 an
1377 2614 1408 2634 ex
1440 2605 1610 2641 praescriptis
1637 2605 1741 2640 legibus
1769 2611 1819 2631 sua

1028 2656 1144 2690 quisque
1162 2654 1254 2681 munia
1265 2654 1364 2681 obiret.
1386 2652 1466 2680 Tanti
1483 2659 1566 2687 porro
1576 2651 1698 2678 nominis
1720 2650 1817 2680 evasit.

1029 2706 1059 2729 ut
1070 2702 1118 2736 qui
1136 2700 1314 2736 navigabant,
1325 2704 1352 2727 et
1364 2699 1440 2726 mille
1451 2698 1568 2734 amplius
1580 2697 1677 2725 stadiis
1694 2697 1817 2728 aberant,

1029 2747 1174 2776 Theodosii
1189 2746 1272 2774 Deum
1288 2746 1316 2773 in
1331 2745 1461 2782 periculis
1473 2745 1643 2777 invocarent,
1655 2743 1677 2770 Τ
1680 2742 1818 2771 Ιιεοιίοείἱο

1029 2801 1082 2830 qua
1093 2792 1276 2829 appellatione
1286 2791 1414 2820 sedarent
1429 2790 1512 2819 maris
1526 2793 1726 2825 tempestatem.
1739 2787 1818 2816 Hune
