2036 3122
225 159 290 192 139i

222 219 315 246 hostes
328 222 436 251 quoque
447 213 497 243 feri
513 217 540 242 et
564 213 698 242 immanes
724 213 834 241 reveriti
866 217 940 246 sunt,
966 213 1013 248 qui
1029 216 1051 246 Α

220 261 477 299 magnamOrientis
489 265 595 297 partem
608 260 731 296 populati
746 264 821 292 sunt,
836 261 1015 295 captivosque

222 309 403 336 abduxerunt.
419 307 487 340 Quis
506 306 578 334 enim
594 313 689 333 eorutn
708 307 755 340 qui
773 306 823 333 has
847 309 936 333 terras
962 313 1014 332 no-

222 360 295 382 stras
314 354 445 384 incolunt,
464 357 616 388 temporum
633 351 742 378 illorum
762 351 932 380 calamitates
960 360 1014 379 non

222 401 339 432 audivit,
355 399 390 427 ab
419 400 454 427 iis
471 399 606 430 invectas,
634 398 680 433 qui
711 397 776 425 olim
806 397 919 432 Solymi,
943 405 1016 425 nunc

223 447 310 474 Isauri
326 450 520 481 nuncupantur
533 445 545 472 τ
557 444 610 472 Sed
622 444 661 471 illi
673 448 780 476 tamen,
805 444 852 479 qui
880 451 931 471 nec
953 444 1015 472 urbi

223 493 283 525 ulli,
297 500 348 521 nec
373 492 434 520 vico
449 494 638 527 pepercerant.
660 490 719 523 sed,
750 493 885 525 quotquot
917 497 1016 524 capere

223 539 470 574 licuit,direptioni
489 537 661 572 ﬂammisque
685 536 865 566 tradiderant.
891 536 1015 571 philoso-

222 586 313 621 phiam
332 585 413 612 istam
427 584 538 611 reveriti
563 587 638 615 sunt,
657 588 685 610 et
700 589 798 617 panem
825 586 930 609 tantum
962 589 1015 617 po-

221 637 342 662 scentes,
364 636 390 659 et
411 635 441 658 ut
458 639 508 666 pro
527 638 557 659 se
571 634 683 658 orarent
709 629 866 661 innuentes,
883 628 1016 655 intactum

175 691 177 694 ·
221 681 287 707 illud
308 678 516 711 monasterium,
536 678 644 713 1198
656 685 710 705 non
729 677 825 710 semel,
855 676 902 704 sed
916 676 1014 704 iterum

176 713 186 739 ν’
220 726 402 762 reliquerunt.
417 726 545 753 Attamen
561 725 641 752 veriti
663 723 849 751 Ecclesiarum
865 722 1016 756 antistites,

221 781 255 801 ne
269 772 395 800 diabolus
409 772 531 807 pecuniae
541 770 718 806 cupiditatem
735 769 860 797 barbaris
877 769 1015 804 injiriens,

221 822 318 846 auctor
331 823 403 846 esset
418 821 447 845 ut
465 825 594 852 magnum
617 817 710 844 lumen
727 814 795 842 illud
813 815 953 850 captivum
968 815 1016 841 al)-

220 867 352 895 ducerent
369 866 378 900 (
392 872 441 892 nec
452 865 524 891 enitn
543 863 657 890 dubium
680 866 750 895 erat,
766 861 833 897 quin
853 860 1017 895 redemptio—

220 914 263 941 nis
292 913 408 948 pretium
440 919 490 946 pro
519 918 552 938 eo
590 909 791 944 amplissimum
821 908 876 935 illis
903 900 1052 934 missuriB

218 963 312 987 essent
322 965 417 985 omnes
432 956 538 992 quires
564 955 673 982 divinas
699 954 800 981 habent
823 953 849 980 in
879 952 1015 987 pretio),

219 1006 330 1032 hortatu
345 1011 396 1032 suo
407 1006 607 1039 persuaserunt
631 1005 660 1029 ut
689 1009 719 1028 se
749 999 888 1028 conferret
918 999 1016 1026 Antio-

219 1050 321 1078 chiam.
338 1048 398 1077 Jam
413 1049 487 1076 enim
503 1047 627 1082 captivos
642 1051 756 1081 egerant
781 1045 852 1073 duos
875 1045 1016 1072 Ecclesia-

218 1103 280 1124 rum
303 1094 444 1131 praesules,
460 1097 487 1121 el.
508 1092 584 1120 omni
597 1092 708 1127 quidem
724 1091 788 1119 illos
807 1090 895 1117 oﬂicio
919 1089 1014 1117 colue-

221 1147 296 1174 rant,
324 1141 372 1168 sed
397 1139 606 1175 quatuordccim
633 1145 780 1165 aureorum
815 1144 866 1172 pro
895 1141 1012 1171 utroque

219 1188 342 1216 millibus
358 1186 479 1223 acceptis
508 1186 546 1212 ita
577 1185 686 1212 demum
712 1183 801 1210 redire
830 1190 885 1218 quo
911 1183 1014 1210 vellent

218 1234 411 1269 permiseram.
429 1231 601 1259 Antiochiam
613 1237 680 1265 ergo
696 1237 758 1256 cum
775 1229 905 1261 venisset,
931 1228 1011 1256 habi-

218 1279 286 1306 tavit
301 1280 328 1306 in
339 1278 491 1306 diversorio
509 1277 613 1304 [lumini
635 1276 736 1308 vicino,
756 1282 907 1311 omnesque
925 1274 958 1301 ad
982 1281 1013 1302 se

217 1325 362 1361 pertraxit,
378 1325 424 1360 qui
442 1324 507 1351 talia
523 1323 670 1357 decerpere
687 1326 830 1349 noverunt.

218 1371 265 1399 δύο
281 1370 335 1397 τῶν
352 1370 519 1406 Ἐκκλησιῶν
537 1370 684 1405 προέδρους
697 1368 887 1404 αιχμοιλώτους
915 1367 1052 1401 εἰλήφασι,

717 156 962 187 THEODORETI
974 156 1144 188 EPISCOPI
1159 157 1342 189 CYRENSIS

1793 159 1866 192 1392

1065 223 1150 242 νοιαν.
1176 215 1342 243 Ἐπεσκόπει
1367 213 1395 242 δὲ
1413 215 1493 247 αὐτὸς
1517 215 1625 243 ἅπαντα
1637 215 1864 252 διερευνώμενος,

1067 261 1091 287 εί
1112 260 1183 287 κατὰ
1198 261 1262 293 τοὺς
1289 262 1432 296 κειμένους
1449 261 1564 288 ἕκαστον
1585 262 1738 289 ὲπιτελοῖτο
1752 262 1863 297 νόμους.

1066 307 1144 333 Οὕτω
1158 307 1186 333 δὲ
1216 307 1435 342 πολυθρὺλλητος
1448 307 1565 341 ἐγένετο,
1583 308 1621 340 ὡς
1635 308 1699 340 τοὺς
1721 308 1865 335 ναυτιλλο-

1068 352 1175 388 μένους,
1194 353 1242 379 xui
1258 353 1380 380 πλείοσιν
1396 353 1413 389 ἦ
1431 353 1528 389 χιλίοις
1552 353 1715 388 ἀφεστῶτας
1735 354 1864 386 σταδίοις,

1065 398 1111 424 τὸν
1127 398 1268 425 Θεοδοσίου
1286 399 1378 425 καλεῖν
1401 399 1430 426 ὲν
1449 400 1506 431 τοῖς
1522 399 1655 432 κινδύνοις
1675 399 1752 432 Θεὸν,
1767 400 1816 426 καὶ
1830 402 1865 435 τῇ

1065 443 1206 470 Θεοδοσίου
1233 444 1405 480 προσηγορίᾳ
1430 445 1640 480 κατακοιμίζειν
1658 445 1707 480 τῆς
1723 445 1866 480 θαλάσσης

1065 491 1116 526 τὴν
1132 490 1228 526 ζάλην.
1249 490 1351 518 Τοῦτον
1366 490 1519 526 ᾐδέσθησαν
1531 491 1579 518 xui.
1594 491 1720 527 πολέμιοι
1750 491 1866 527 θρασεῖς

1065 536 1112 563 xui.
1138 537 1283 572 ἀνήμεροι,
1296 537 1320 562 οι
1336 537 1386 572 τῆς
1398 536 1436 563 ἕω
1451 536 1482 563 τὸ
1505 536 1632 564 πλεῖστον
1649 537 1813 572 ληϊσάμενοί
1835 546 1866 564 τι

1066 581 1114 609 καὶ
1127 581 1433 617 ἐξανδραποδισάμενοι,
1453 581 1501 614 Τίς
1518 583 1573 617 γὰρ
1590 583 1643 610 τῶν
1653 584 1702 618 τὴν
1716 584 1780 610 καθ’
1792 585 1867 619 ἡμᾶς

1066 627 1230 663 οἰκουμένην
1249 628 1396 654 οίκούντων
1417 628 1534 663 ἀνήκοος
1549 628 1604 655 τῶν
1621 630 1681 655 κατ’
1695 630 1802 656 ἐκεῖνον
1815 629 1862 656 τδν

1066 674 1161 710 καιρὸν
1192 674 1406 710 συμϐεϐηκότων
1436 674 1546 708 κακῶν,
1567 675 1620 701 ὑπὸ
1642 674 1696 702 τῶν
1715 676 1800 702 πάλαι
1815 676 1867 710 μὲν

1066 721 1205 756 Σολύμων,
1215 721 1274 748 νυνὶ
1285 720 1312 747 δὲ
1322 720 1393 747 Ἰσαύ
1398 729 1452 756 ρων
1464 720 1673 756 ὀνομαζομένων
1685 731 1691 755 ;
1710 722 1781 749 Ἀλλ’
1790 723 1867 757 ὅμως

1067 767 1105 804 μὴ
1118 768 1231 800 πόλεως,
1253 767 1290 802 μὴ
1305 767 1403 803 κώμης
1413 769 1512 794 ἐκεῖνοι
1524 768 1695 803 φεισάμενοι,
1720 768 1780 795 ἀλλ’
1794 769 1867 796 ἁπάο

1067 822 1117 845 σας
1129 814 1196 845 ὅσας
1209 812 1279 839 ἑλεῖν
1289 812 1462 848 ἠδυνήθησαν
1469 813 1630 849 ληϊσάμενοι
1638 814 1686 841 καὶ
1695 814 1763 849 πυρὶ
1775 823 1867 849 παρα-

1066 859 1167 891 δόντες,
1183 858 1291 893 ἐκείνην
1300 858 1350 894 τὴν
1361 857 1691 895 φιλοσοφίαν-ᾐδέσθησαν,
1707 859 1754 886 xui
1764 860 1866 895 ἄρτους

1069 905 1166 940 μόνους
1182 905 1357 939 αἰτήσαντες,
1376 905 1423 932 καὶ
1438 906 1523 940 εὐχὰς
1540 906 1769 941 ἐπαγγείλαντες,
1791 905 1865 932 ἀλώ-

1067 951 1149 986 6ητον
1168 951 1198 977 τὸ
1227 950 1376 985 ἀσκητικὸν
1402 950 1491 977 ἐκεῖνο
1516 951 1663 978 κατέλιπον
1676 952 1864 986 καταγώγιον.

1067 996 1115 1022 xui.
1131 995 1210 1022 τοῦτο
1223 996 1273 1031 οὺχ
1290 995 1374 1029 ἅπαξ,
1391 996 1459 1023 ἀλλὰ
1485 997 1532 1024 xui.
1549 997 1590 1029 δὶς
1610 999 1790 1033 πεποιήκασι,
1805 999 1865 1025 Δεί-

1067 1050 1164 1073 σαντες
1183 1042 1205 1068 δ’
1230 1041 1304 1077 ὅμως
1324 1041 1378 1068 τῶν
1403 1042 1573 1077 Ἐκκλησιῶν
1602 1044 1626 1070 οἱ
1655 1044 1793 1079 πρόεδροι,
1825 1044 1864 1079 μὴ

1066 1088 1217 1123 χρημάτων
1240 1087 1330 1124 ἔρωτα
1350 1090 1405 1120 τοῖς
1433 1087 1582 1125 βαρὸάροις
1601 1090 1615 1116 ὸ
1633 1089 1757 1121 διάϐολος
1777 1089 1865 1124 ἐμϐα-

1066 1134 1130 1166 λὼν,
1147 1133 1317 1169 δορυάλωτον
1336 1134 1465 1168 γενέσθαι
1491 1137 1690 1171 παρασκευάσῃ
1711 1135 1755 1162 τὸν
1775 1136 1864 1171 μέγαν

1066 1181 1168 1207 ἐκεῖνον
1195 1181 1328 1216 φωστῆρα
1340 1188 1347 1194 ·
1385 1181 1433 1208 καὶ
1449 1181 1504 1216 γὰρ
1532 1180 1566 1218 ἦν
1587 1182 1661 1214 εῑκδς
1676 1182 1764 1218 λύτρα
1780 1183 1864 1218 πάμ-

1067 1226 1154 1254 πολλα
1166 1226 1336 1262 πανταχόθεν
1350 1227 1420 1263 ὑπὲρ
1437 1227 1521 1254 αὐτοῦ
1538 1228 1613 1263 παρὰ
1628 1228 1739 1255 πάντων
1756 1228 1812 1254 τῶν
1827 1229 1863 1254 τά

1067 1273 1125 1300 θεῖα
1143 1273 1287 1308 τιμώντων
1297 1273 1506 1309 πεμφθήσεσθαι
1523 1274 1614 1306 αὐτοῖς
1627 1282 1634 1289 ’
1649 1275 1862 1311 παρακαλέσαν-

1064 1327 1110 1350 τες
1124 1319 1246 1346 πείθουσι
1258 1319 1308 1354 τὴν
1327 1319 1491 1355 Ἀντιόχειαν
1522 1320 1698 1347 καταλαϐεῖν.
1717 1321 1787 1356 Ἤδη
1807 1321 1862 1356 γὰρ

1073 1365 1120 1392 xui
1131 1365 1277 1400 θεραπείας
1287 1366 1335 1400 μὲν
1351 1366 1459 1401 ἁπάσης
1476 1367 1604 1401 ἠξίωσαν.
1621 1367 1862 1403 Τετρακισχιλίους

218 1420 246 1447 δὲ
259 1419 305 1446 καὶ
322 1419 435 1455 μυρίους
450 1419 520 1454 ὑπὲρ
543 1418 706 1454 ἀμφοτέρων
721 1417 863 1452 δεξάμενοι
881 1415 1008 1451 χρυσοῦς,
1029 1413 1116 1445 οὓτως
1129 1413 1283 1449 ἐπέτρεψαν
1295 1414 1454 1441 ἐπανελθεῖν
1468 1415 1529 1441 ὅποι
1563 1415 1713 1450 βούλοιντο.
1751 1416 1860 1451 Ἐπειδὴ

218 1468 302 1499 διεὶς
319 1467 368 1502 τὴν
388 1466 558 1501 Ἀντιόχειαν
589 1465 712 1498 ἀφίκετο,
731 1465 824 1499 ᾤκησε
855 1464 906 1499 μὲν
921 1463 1094 1497 καταγώγιον
1121 1462 1159 1498 τῷ
1185 1462 1299 1497 ποταμῷ
1330 1462 1549 1499 παρακείμενον’
1584 1464 1690 1495 πάντας
1726 1464 1754 1491 δὲ
1792 1465 1861 1498 πρὸς

219 1516 315 1544 ἑαυτὸν
331 1515 438 1542 εἵλκυσε
454 1516 516 1547 τοὺς
545 1515 579 1541 τὰ
599 1514 710 1541 τοιαῦτα
733 1513 837 1549 τρυγᾷν
856 1512 1066 1547 ἐπισταμένους.

254 1563 388 1592 Caeterum
402 1563 537 1591 orationis
549 1569 633 1589 cursu
655 1562 786 1596 abreptus
809 1560 973 1587 miraculum
997 1567 1012 1586 a

219 1609 313 1637 divino
336 1609 396 1636 viro
426 1608 527 1635 iactum
552 1607 725 1643 praetermisi,
748 1607 820 1642 quod
851 1605 1013 1633 incredibile

218 1656 337 1684 fortasse
348 1654 441 1681 multis
455 1653 603 1685 videbitur,
616 1653 663 1680 sed
679 1658 771 1680 manet
781 1653 916 1680 hactenus
930 1651 1010 1679 lidem
1026 1669 1048 1697 Ο

219 1700 370 1728 narrationi
397 1706 537 1731 asserens.
558 1699 715 1733 docensque
739 1699 846 1734 qualem
873 1698 918 1725 ille
940 1697 1012 1733 apud

219 1746 303 1774 Deum
315 1746 431 1780 gratiam
442 1744 626 1779 fiduciamque
635 1745 781 1770 obtineret.
805 1743 893 1778 Supra
916 1750 1013 1769 mona-

219 1793 334 1820 sterium
351 1793 384 1818 ab
401 1798 434 1818 eo
458 1790 599 1818 conditum
627 1794 765 1825 praerupta
788 1797 874 1824 rupes
900 1789 1011 1820 eminet,

219 1839 294 1866 arida
307 1842 398 1864 autem
420 1837 464 1863 illa
495 1836 560 1863 olim
594 1842 708 1868 prorsus
736 1839 806 1866 erat,
830 1840 861 1861 et
889 1834 1013 1861 lnuuoris

217 1891 325 1919 expers.
342 1882 369 1910 In
386 1883 438 1910 hoc
461 1881 506 1909 ille
537 1881 730 1916 aquaductum
742 1888 757 1908 a
779 1881 882 1908 vertice
899 1880 932 1907 ad
954 1887 1013 1906 mo-

218 1929 371 1956 nasterium
386 1935 474 1962 usqtte
485 1926 650 1958 designavit,
666 1926 746 1961 quasi
759 1933 891 1960 aquarum
909 1924 1011 1951 nutum

217 1975 329 2002 haberet
343 1975 370 2001 in
393 1981 442 2001 sua
473 1976 616 2008 potestate.
642 1971 743 2000 Plenus
770 1979 834 2007 ergo
858 1971 965 2004 ﬁducia;
985 1972 1012 1999 in

217 2020 314 2053 Deum,
344 2022 501 2054 certusque,
519 2022 547 2045 ut
564 2022 692 2053 apparet,
708 2017 855 2052 propitium
873 2017 925 2044 sibi
951 2024 1013 2044 esse

217 2066 375 2099 Dominum,
393 2069 420 2093 et
436 2065 516 2092 {idem
535 2072 632 2100 gerens
655 2064 831 2099 intrepidam,
853 2068 936 2091 noctu
956 2063 1013 2091 evi-

219 2113 307 2147 gilans
328 2112 361 2140 ad
385 2119 523 2140 summum
557 2110 749 2146 aquaeductum
771 2109 907 2142 ascendit,
923 2110 1012 2145 prius-

217 2167 300 2194 quam
323 2158 431 2187 sodales
458 2161 491 2185 ad
519 2162 666 2185 consuetas
700 2164 796 2191 preces
819 2160 1010 2191 exsurgerent.

218 2205 358 2240 Deumque
374 2204 490 2239 supplex
517 2211 611 2236 orans,
629 2208 655 2231 et
669 2203 707 2229 illi
722 2202 864 2230 conﬁdens
881 2202 928 2237 qui
947 2201 1013 2229 facit

215 2251 380 2279 voluntatem
391 2249 764 2284 timentium]l99ipsum,
776 2257 868 2284 rupem
879 2249 951 2284 virga
960 2256 1012 2283 qua

216 2297 387 2324 innitebatur
419 2295 567 2330 percussit,
587 2299 614 2322 et
632 2294 678 2320 illa
692 2301 755 2320 mox
772 2294 879 2328 dirupta
891 2293 1011 2321 [luminis

216 2343 304 2370 instar
322 2349 422 2376 aquam
449 2339 569 2367 effudit:
591 2346 651 2373 quae
679 2339 706 2366 in
736 2340 929 2366 menasterium
962 2347 1009 2374 per
1025 2341 1047 2368 Ι)

215 2387 408 2423 aquaeductum
429 2385 539 2418 delata,
556 2393 680 2420 ususque
707 2385 745 2412 illi
774 2393 870 2413 omnes
901 2386 1010 2413 abunde

216 2432 443 2463 subministrans,
457 2430 521 2457 inde
543 2431 570 2457 in
586 2438 661 2457 mare
680 2431 835 2466 proximum
863 2431 1008 2458 evolvitur.

180 2473 185 2485 ξ
216 2478 250 2505 Et
266 2478 382 2505 Mosaira
396 2477 487 2511 magni
498 2475 742 2512 Theodosiigrntia
770 2477 797 2503 in
826 2477 900 2503 hunc
922 2485 1009 2512 usque

216 2524 289 2551 diem
310 2530 428 2558 operans
442 2522 607 2549 ostenditur.
625 2521 756 2557 Satisque
772 2522 824 2549 hoc
856 2531 941 2550 unum
967 2529 1009 2551 est

216 2570 250 2597 ad
262 2569 335 2596 illius
344 2576 407 2604 erga
429 2567 514 2595 Deum
526 2568 652 2595 ﬁducmm
665 2568 916 2597 demonstrandam.
930 2569 1009 2597 Brevi

216 2619 307 2642 autem
334 2614 406 2649 apud
432 2614 606 2642 Antiochiam
639 2619 762 2650 tempore
796 2621 947 2650 superstes,
981 2616 1008 2642 in

215 2659 374 2694 angelorum
395 2665 495 2687 emtum
513 2664 638 2694 receptus
649 2665 701 2688 est.
724 2660 887 2695 Elatumque
902 2665 944 2688 cst
961 2668 1010 2695 per

214 2704 333 2732 mediam
354 2704 447 2732 urbem
470 2713 580 2734 sacrum
605 2712 727 2740 corpus,
755 2709 886 2740 tanquam
917 2707 1009 2734 aureis

214 2750 379 2784 quibusdam
401 2752 510 2779 coronis
527 2751 600 2779 ferro
622 2751 668 2779 illo
686 2757 860 2785 exornatum,
879 2760 1006 2788 priet-un-

217 2797 287 2824 libus
299 2797 416 2830 cunctis,
426 2798 507 2825 etiam
515 2805 640 2826 summos
650 2799 826 2832 magistratus
834 2799 1003 2833 gerentibus.

215 2842 330 2878 I'lralque
346 2844 418 2871 rirca
436 2845 567 2872 feretrum
582 2844 615 2872 lis
629 2848 657 2871 et
672 2845 853 2877 concertatio,
872 2845 1004 2872 omnibus

215 2888 284 2916 i'crre
304 2889 544 2924 contendentibus,
564 2889 750 2926 ﬂuentemque
777 2898 809 2918 cx
826 2897 857 2918 eo
891 2891 1002 2918 benedi-

1108 1560 1176 1586 ¹Υπὺ
1192 1560 1220 1586 δὲ
1236 1560 1284 1595 τῆς
1302 1559 1349 1586 τοῦ
1369 1560 1449 1594 λόγου
1472 1560 1562 1595 ῥύμης
1577 1560 1860 1598 ἐλκόμενος,παρῆκα

1065 1606 1247 1642 διηγήσασθαι
1260 1605 1363 1641 θαῦμα,
1379 1607 1431 1632 ὑπὸ
1450 1606 1497 1633 τοῦ
1514 1607 1658 1634 θεσπεσίου
1673 1607 1770 1635 τούτου
1784 1610 1860 1643 γενό-

1067 1661 1157 1688 μενον.
1172 1654 1204 1679 ι“0
1214 1653 1285 1687 τάχα
1305 1654 1361 1684 τοῖς
1379 1653 1487 1684 πολλοῖς
1500 1653 1548 1680 xui
1560 1654 1676 1680 ἄπιστον
1691 1652 1762 1681 εἶναι
1778 1654 1859 1688 δόξει,

1064 1699 1186 1734 διαμένει
1209 1699 1335 1732 μέντοιγε
1360 1699 1516 1735 μαρτυροῦν
1548 1699 1588 1734 τῷ
1617 1699 1689 1734 λόγῳ
1713 1701 1795 1735 μέχρι
1813 1701 1857 1727 καὶ

1064 1744 1121 1776 νῦν,
1141 1745 1189 1771 καὶ
1220 1744 1344 1771 δεικνῦον
1373 1745 1433 1776 οἵας
1460 1745 1556 1780 ἔτυχεν
1573 1747 1587 1772 ὁ
1610 1746 1763 1781 θαυμάσιος
1782 1743 1858 1778 οὗτος

1064 1791 1134 1826 ἀνὴρ
1150 1791 1225 1827 παρὰ
1233 1791 1272 1826 τῷ
1284 1791 1343 1827 Θεῴ
1358 1792 1468 1827 χάριτός
1495 1801 1524 1818 τε
1541 1792 1588 1819 καὶ
1602 1793 1771 1828 παρρησίας.
1786 1794 1859 1829 Κρη-

1066 1836 1175 1872 μνώδης
1190 1846 1231 1869 τις
1246 1838 1334 1872 πέτρα
1364 1838 1525 1873 ὑπέρκειται
1551 1839 1598 1865 τοῦ
1629 1840 1857 1875 φροντιστηρίον,

1063 1879 1150 1918 οὗπερ
1163 1882 1244 1914 αὐτὸς
1260 1883 1394 1918 ἐδείματο,
1422 1883 1538 1918 ἄνικμος
1556 1884 1584 1911 δὲ
1603 1885 1650 1911 καὶ
1675 1885 1746 1919 ξηρὰ
1757 1894 1858 1912 παντε-

1063 1925 1117 1957 λῶς
1143 1926 1250 1961 ὑπῆρχε
1275 1925 1304 1952 τὺ
1328 1926 1472 1961 πρᾶτερον.
1501 1927 1545 1954 Ἑν
1575 1927 1662 1963 ταύτῃ
1686 1928 1858 1962 ὑδραγὼγιον

1064 1971 1193 2008 εποίησεν
1210 1971 1263 1998 ἀπὸ
1276 1971 1325 2007 τῆς
1338 1973 1461 2008 κορυφῆς
1472 1972 1519 1999 ἐπὶ
1534 1973 1563 2000 τὺ
1581 1974 1766 2009 μοναστήριον
1779 1974 1857 2009 φερό-

1065 2025 1155 2052 μενον,
1169 2017 1264 2052 ὥσπερ
1285 2018 1338 2044 ὑπὸ
1352 2019 1431 2054 χεῖρα
1457 2018 1527 2053 ἔχων
1546 2019 1594 2053 τὴν
1620 2019 1674 2046 τῶν
1687 2020 1793 2046 ὑδάτων
1810 2029 1858 2054 σο-

1064 2064 1123 2100 ράν.
1139 2064 1335 2099 Πεποιθήσεως
1357 2064 1385 2091 δὲ
1409 2064 1502 2099 γέμων
1518 2065 1557 2096 είς
1570 2065 1647 2097 Θεὸν,
1667 2066 1716 2092 xui
1736 2065 1856 2102 θαρρῶν,

1063 2110 1101 2142 ὠς
1119 2110 1202 2142 είκὸς,
1215 2110 1318 2145 εὐμενῆ
1331 2110 1376 2136 τὸν
1393 2110 1533 2145 Δεσπότην
1553 2110 1738 2145 κεκτημένος,
1754 2112 1802 2137 καὶ
1815 2112 1858 2138 πί-

1065 2164 1123 2182 στιν
1141 2156 1210 2191 ἔχων
1236 2156 1408 2188 άδίστακτον,
1438 2156 1536 2188 νυκτδς
1563 2156 1730 2192 διεγερθεὶς,
1753 2157 1856 2183 ἄνεισιν

1063 2201 1110 2228 ἐπὶ
1125 2201 1174 2237 τὴν
1189 2201 1277 2236 ἄκραν
1303 2200 1350 2227 τοῦ
1378 2200 1548 2236 ὑδραγωγοῦ,
1566 2201 1631 2236 πρὶν
1643 2201 1706 2233 τοὺς
1721 2201 1857 2233 θιασώτας

1064 2247 1111 2274 ἐπὶ
1133 2247 1181 2279 τὰς
1199 2247 1324 2281 συνήθεις
1341 2247 1425 2282 εὐχὰς
1440 2247 1626 2282 διαναστῆναι.
1643 2248 1698 2274 Καὶ
1709 2247 1754 2274 διὰ
1771 2257 1855 2284 προσ-

1063 2294 1150 2329 ευχῶν
1163 2295 1209 2320 τὸν
1226 2294 1291 2320 Θεὸν
1313 2293 1468 2326 ἱκετεύσας,
1486 2293 1595 2330 θαρρῶν
1621 2293 1660 2329 τῷ
1685 2294 1810 2321 ποιοῦντι
1826 2295 1856 2321 τὺ

1063 2339 1171 2375 Θέλημα
1201 2340 1256 2366 τῶν
1285 2340 1461 2374 φοϐουμένων
1476 2340 1568 2372 αὐτὸν,
1596 2341 1629 2374 τῇ
1664 2340 1768 2376 ῥάϐδῳ,
1790 2338 1853 2378 avg

1062 2386 1281 2421 σκηριπτόμενος
1306 2385 1464 2420 ἐτύγχανεν,
1493 2386 1573 2421 ἔτυψε
1589 2386 1638 2422 τὴν
1658 2387 1781 2422 πέτρανν
1794 2388 1811 2422 ἡ
1826 2387 1853 2413 δὲ

1063 2432 1177 2466 ραγεῖσα
1192 2431 1265 2466 ὕδωρ
1294 2431 1450 2466 ποταμηδδν
1477 2431 1607 2458 ἀνέϐλυσε
1624 2440 1631 2446 ·
1648 2432 1696 2458 καὶ
1724 2433 1792 2459 εἴσω
1807 2433 1852 2459 τοῦ

1062 2479 1244 2514 μοναστηρίου
1269 2479 1314 2505 διὰ
1340 2478 1387 2505 τοῦ
1407 2479 1566 2514 ὑδραγωγοῦ
1584 2480 1740 2514 γενόμενον,
1752 2480 1801 2506 καὶ
1815 2482 1854 2510 είς

1061 2528 1152 2553 πᾶσαν
1166 2526 1260 2561 χρείαν
1274 2526 1409 2558 πλουσίως
1428 2525 1575 2561 χορηγοῦν,
1591 2527 1631 2557 είς
1656 2527 1707 2561 τὴν
1722 2534 1854 2561 παρακει-

1062 2572 1146 2607 μένην
1172 2570 1310 2598 θάλασσαν
1332 2571 1503 2606 ἐκκρίνεται.
1531 2571 1588 2598 Καὶ
1601 2571 1742 2598 δείκνυται
1773 2571 1852 2607 μέχρι

1057 2616 1147 2652 δεῦρο,
1178 2617 1225 2643 τοῦ
1254 2617 1372 2652 μεγάλου
1408 2616 1548 2643 Θεοδοσίου
1571 2617 1589 2652 ὴ
1613 2616 1750 2652 Μωσαῑκὴ
1774 2617 1852 2652 χάρις

1058 2662 1216 2697 ὲνεργοῦσα.
1240 2662 1360 2697 ’Λπόχρη
1387 2662 1416 2688 δὲ
1444 2663 1493 2688 xui.
1511 2662 1590 2688 τοῦτο
1606 2662 1687 2697 μόνον
1706 2661 1792 2694 δεῖξαι
1806 2661 1850 2688 τοῦ

1058 2707 1154 2742 ἀνδρὸς
1164 2707 1214 2743 τὴν
1232 2708 1300 2743 πρὸς
1312 2707 1359 2734 τὸν
1374 2707 1440 2733 Θεὸν
1466 2706 1634 2742 παρρησίαν.
1661 2706 1768 2741 Ὀλίγον
1780 2706 1808 2733 δὲ
1823 2707 1850 2732 ὲν

1065 2754 1217 2790 Ἀντιοχείᾳ
1239 2753 1390 2785 ὲπιὸιώσας
1403 2753 1508 2788 χρόνον,
1537 2753 1605 2789 πρὸς
1625 2752 1675 2788 τὴν
1703 2751 1849 2787 ἀγγελικὴν

1062 2798 1179 2834 μετέστη
1195 2799 1316 2834 χορείαν.
1329 2799 1377 2825 Διὰ
1391 2799 1419 2825 δὲ
1433 2798 1516 2833 μέσου
1529 2798 1577 2825 τοῦ
1584 2798 1680 2830 ἄστεος
1691 2798 1723 2824 τὸ
1732 2798 1812 2834 σῶμα
1821 2797 1850 2823 τὸ

1060 2845 1129 2880 ἱερὴν
1144 2846 1266 2881 ἐφέρετο,
1282 2845 1339 2872 οἷον
1353 2854 1407 2872 τισι
1425 2846 1567 2880 στεφάνοις
1578 2846 1690 2880 χρυσοῖς
1705 2845 1743 2879 τῷ
1751 2845 1848 2880 σιδήρῳ

1058 2890 1155 2926 ἱκείνῳ
1174 2890 1371 2926 ὠραῖζόμενον,
1399 2890 1508 2917 πάντων
1536 2890 1708 2925 ἡγουμένων,
1736 2889 1781 2916 xui
1797 2889 1847 2915 τῶν
