2036 3122
237 195 308 228 .1395

730 191 975 223 THEODORETI
990 190 1160 223 EPISCOPI
1175 192 1365 223 CYRENSIS.

1805 185 1870 219 1398

238 259 324 284 ctum.
348 251 465 286 ciboque
488 250 536 286 qui
557 253 672 279 mortem
703 250 895 278 tantummodo
922 254 1022 279 arceret

1080 250 1108 277 δὲ
1125 250 1179 278 τῶν
1193 250 1272 278 θείων
1285 251 1333 278 καὶ
1341 249 1420 285 μόνον
1435 249 1573 286 ὁρώμενος
1582 248 1724 284 ἀπέφηνεν
1740 248 1868 283 ἐραστάς.

240 297 539 326 victitantem‘IPraetcr
554 297 770 332 magnitudinem
790 305 874 332 porro
885 301 915 325 et
938 297 1030 326 multi-

239 344 360 372 tudinem
372 343 508 375 laborum,
525 351 586 378 qua:
601 343 629 370 in
644 351 676 370 eo
688 342 802 371 ﬂorebat
818 343 917 379 gratia,
934 346 942 355 '
956 348 985 371 ut
1001 343 1028 371 in

236 391 420 418 admiratione
431 391 588 426 honoreque
599 394 683 423 esset,
696 391 826 418 omnibus
837 390 1027 426 persuadebat.

234 436 386 464 Multorum
402 436 485 463 etiam
500 443 571 471 saepe
585 443 682 470 graves
696 435 808 463 morbos
828 435 941 470 depulit,
962 435 1029 462 mul-

238 483 276 511 tis
287 483 428 511 sterilibus
443 483 553 511 feminis
569 483 671 510 liberos
685 482 851 518 impetravit.
870 482 904 509 Et
921 486 1026 511 tantam

238 537 254 556 ιι
270 529 364 557 divino
383 529 485 564 Spiritu
519 533 682 564 potestatem
712 529 839 564 adeptus,
867 529 974 564 inopem
998 536 1028 557 se

238 574 451 609 meudicumque
466 574 633 610 appellabat.
651 573 754 601 Omnes
775 581 840 608 ergo
866 574 913 608 qui
937 574 1026 609 ipsum

238 619 462 654 frequentabant,
479 624 506 648 et
526 624 649 655 aspectu,
664 623 692 647 et
722 627 849 647 sermone
874 619 1025 653 beneficiis,

238 667 328 701 quoad
343 666 420 698 vixit,
438 667 581 694 cumulare
605 674 661 693 non
689 666 812 694 destitit:
830 670 860 693 et
880 669 1025 701 postquam

238 711 302 738 hinc
315 711 393 744 abiit,
407 712 622 747 angelorumque
635 711 662 738 in
679 714 782 738 emtum
803 712 953 740 translatus
972 716 1024 745 est,

238 758 397 786 memoriam
421 757 540 792 reliquit,
564 765 620 785 non
646 765 700 785 una
710 765 772 785 cum
790 764 906 792 corpore
924 765 1024 785 conse-

238 803 352 838 pultam,
365 803 411 831 sed
426 811 485 838 qua:
495 802 574 830 ﬂoret
587 803 726 838 vigetque,
743 806 770 829 et
787 802 949 830 iucxstincta
965 810 1025 837 per-

238 853 320 884 petuo
328 854 468 882 manet,ac
477 849 631 877 volentibus
640 856 719 884 opem
738 847 809 876 ferre
820 852 921 883 pctest.
933 848 1024 881 Quare

239 895 303 923 hinc
331 899 358 923 et
388 904 438 931 ego
464 895 685 924 benedictionem
709 902 871 930 exposcens,
903 895 1021 922 aliorum

1080 296 1131 329 -Τίς
1141 297 1196 332 γὰρ
1209 297 1261 324 οὐκ
1277 297 1310 324 ἄν
1323 296 1502 332 ὑπερηγάσθη
1518 294 1675 332 πρεσὸύτην
1689 294 1826 329 θεώμενος
1840 294 1871 320 τὸ

1082 345 1162 380 σῶμα
1176 344 1392 380 τετρυχωμένον,
1404 343 1453 370 καὶ
1468 342 1577 378 σίδηρον
1587 342 1628 369 ὃτι
1641 341 1766 369 πλεῖστον
1779 341 1871 377 φέρειν

1079 390 1254 426 αἱρούμενον.
1265 389 1313 417 καὶ
1329 389 1368 425 τῷ
1383 390 1416 416 ὲκ
1431 388 1533 425 τριχῶν
1545 387 1869 424 ὲσθήματικεχρημένον,

1079 437 1127 465 καὶ
1138 438 1241 472 τροφῆς
1268 436 1439 464 ἀπολαύοντα
1467 435 1588 462 κωλύσαι
1610 435 1690 470 μόνον
1705 433 1871 470 ἀποχρώσης

1078 483 1124 510 τὸν
1138 483 1170 510 ἐκ
1187 481 1268 518 λιμοῦ
1292 483 1406 510 θάνατον
1419 490 1427 515 ;
1447 482 1519 517 Πρὸς
1547 481 1576 508 δὲ
1589 480 1628 516 τῷ
1642 480 1753 517 μεγέθει
1771 480 1819 507 καὶ
1832 480 1871 515 τῷ

1079 528 1176 564 πλήθει
1192 529 1247 556 τῶν
1262 529 1363 560 πόνων,
1379 528 1427 555 καὶ
1437 528 1454 563 ὴ
1466 526 1621 555 ἐπανθοῦσα
1629 527 1709 562 χάρις
1721 526 1871 561 θαυμάζειν

1077 573 1160 601 αὑτὸν
1170 574 1293 606 ἅπαντας
1309 574 1357 601 καὶ¹
1381 574 1521 610 γεραίρειν
1541 572 1679 601 ἀνέπειθε.
1692 571 1805 599 Πολλῶν
1822 571 1870 606 μὲν

1077 620 1131 656 γὰρ
1145 621 1276 652 πολλάκις
1302 620 1427 656 χαλεπὰς
1444 619 1569 655 ἀπήλασε
1592 619 1695 651 νόσους,
1715 618 1830 649 πολλαῖς
1844 616 1871 644 δὲ

1076 666 1183 700 γυναιξὶ
1199 667 1342 702 στερίφαις
1373 665 1519 702 ἐχαρίσατο
1540 665 1650 697 παῖδας.
1666 665 1721 691 Καὶ
1734 663 1871 698 τοσαύτην

1076 712 1153 748 παρὰ
1167 712 1213 739 τοῦ
1232 711 1306 738 θείου
1321 711 1479 748 Πνεύματος
1496 711 1641 746 δεξάμενος
1656 710 1782 745 δύναμιν,
1798 717 1870 735 mm,

1075 758 1123 794 χὸν
1133 758 1227 785 ἑαυτὸν
1242 758 1289 785 καὶ
1306 757 1456 793 προσαίτην
1479 757 1631 792 ὠνόμαζεν.
1650 757 1760 788 Πάντας
1779 755 1870 782 τοίνυν

1074 805 1138 836 τοὺς
1152 805 1216 840 παρ’
1226 804 1301 840 αὐτῷ
1313 803 1474 838 φοιτῶντας,
1484 803 1710 838 καὶφαινόμενος,
1725 803 1773 830 καὶ
1788 801 1870 836 φθεγ-

1075 851 1198 886 γόμενος,
1225 850 1359 885 ὡφελείας
1388 850 1499 885 πληρῶν
1532 849 1578 876 τὸν
1606 849 1714 876 ἅπαντα
1735 847 1873 874 διετέλεσε»

1075 897 1143 932 βίον.
1156 897 1212 924 Καὶ
1225 896 1351 923 ἐντεῦθεν
1361 896 1390 922 δὲ
1402 895 1571 932 ἐκδημήσας,
1580 895 1629 922 καὶ
1641 896 1680 927 εἰς
1693 894 1743 930 τὴν
1758 892 1869 927 ἀγγελι-

237 949 345 976 quoque
358 942 524 969 athletarum
537 949 582 969 res
591 946 684 976 gestas
694 948 744 976 pro
755 941 862 968 viribus
872 948 1020 976 exponam.

1073 942 1124 978 χὴν
1145 942 1254 979 χορείαν
1279 941 1449 976 μετατεθεὶς,
1473 941 1604 968 κατέλιπε
1633 941 1745 976 μνήμην
1755 939 1788 966 οὐ
1803 946 1871 964 συντ

236 988 366 1021 ταφεῖσαν
382 987 498 1023 σώματι,
513 988 569 1015 ἀλλ’
584 987 727 1019 ἀνθοῦσαν,
742 987 789 1014 καὶ
811 987 965 1022 τεθηλυῖαν,
978 989 1025 1015 καὶ
1044 988 1175 1016 ἇσὸεστον
1193 990 1233 1021 είς
1264 990 1308 1017 ἀεὶ
1331 988 1522 1024 διαμένουσαν,
1544 988 1591 1017 καὶ
1623 988 1662 1019 εἰς
1685 987 1781 1021 ὄνησιν
1813 985 1868 1015 τοῖς

237 1033 410 1070 βουλομένοις
419 1035 566 1070 ἀρκοῦσαν.
583 1034 638 1061 Καὶ
649 1034 700 1070 τὴν
718 1034 843 1061 ἐντεῦθεν
859 1036 947 1062 τοίνυν
960 1035 1155 1072 ὲρανισάμενος
1170 1036 1306 1072 εὐλογίαν,
1319 1036 1367 1063 καὶ
1377 1035 1412 1062 τὰ
1429 1035 1500 1062 κατά
1528 1036 1591 1066 τοὺς
1618 1034 1714 1066 ἄλλους
1746 1032 1867 1068 ἀθλητὰς

236 1081 274 1113 ὡς
296 1078 352 1107 οἷόν
365 1089 395 1107 τε
408 1082 573 1116 διηγήσομαι

517 1127 577 1156 XII.
586 1143 622 1148 —
640 1127 740 1154 ZENO.

271 1171 470 1199 Admirandum
486 1179 551 1200 vero
573 1172 708 1201 Zenonem
734 1180 789 1201 non
813 1173 891 1200 multi
912 1173 1021 1208 quidem

237 1222 343 1245 norunt
356 1237 363 1250 .
379 1218 426 1246 sed
439 1219 486 1253 qui
504 1223 607 1247 norunt
623 1219 735 1246 laudare
750 1226 800 1254 pro
811 1218 944 1254 dignitate
967 1227 1022 1247 non

237 1267 364 1298 possunt.
391 1263 442 1292 Hic
466 1265 539 1292 enim
562 1265 669 1300 1202
687 1264 865 1299 amplissimis
881 1265 980 1300 opibus
996 1265 1023 1292 in

237 1309 324 1342 patria
337 1329 344 1342 ,
362 1309 413 1336 hoc
424 1313 482 1343 est,
498 1310 526 1337 in
541 1310 646 1342 Ponto,
663 1310 786 1344 relictis.
802 1309 896 1337 Basilii
910 1310 1000 1345 magni
1015 1330 1023 1342 ,

238 1359 267 1382 ιιι
279 1355 387 1386 aiebat,
404 1353 526 1383 vicinam
549 1355 750 1391 Cappadociam
775 1355 917 1391 irrigantis
934 1355 1021 1383 imbu-

237 1402 283 1425 tus
296 1402 338 1426 est
355 1397 481 1432 ﬂuentis,
507 1404 534 1428 et
556 1401 664 1428 fructus
691 1401 850 1436 irrigatione
865 1400 909 1428 illa
924 1400 1024 1436 dignos

237 1441 309 1469 tulit.
326 1441 414 1470 Simul
432 1451 464 1471 ac
480 1445 553 1472 enim
571 1444 673 1473 Valens
691 1445 842 1480 imperator
855 1453 871 1473 e
886 1445 942 1472 vita
956 1445 1022 1473 sub-

236 1488 308 1516 latus
319 1493 370 1521 est,
388 1489 492 1517 militia:
503 1491 645 1526 cingulum
658 1491 797 1526 deposuit,
809 1499 872 1519 cum
887 1491 915 1519 in
925 1499 1020 1519 eorum

237 1541 353 1562 numero
370 1535 519 1568 militaret,
533 1537 579 1571 qui
599 1536 792 1572 imperatorum
806 1537 911 1565 litteras
924 1537 1022 1564 celeri-

237 1584 278 1608 ter
291 1579 429 1611 dcl‘erunt.
442 1581 483 1608 Ex
496 1582 597 1617 palatio
610 1586 701 1610 autem
716 1583 744 1610 in
763 1583 919 1618 sepulcrum
935 1582 1022 1618 quod-

236 1625 298 1653 dam
317 1633 347 1653 se
364 1626 526 1660 conlerens,
551 1628 706 1663 cuiusmodi
722 1629 750 1656 in
767 1628 856 1656 vicino
870 1628 1022 1656 Antiochia:

206 1679 214 1684 ‘
237 1676 328 1699 monte
343 1676 408 1700 sunt
431 1673 548 1707 plurima
561 1694 568 1706 ,
596 1674 672 1702 solus
695 1674 733 1702 ibi
753 1675 886 1710 degebat,
902 1676 1020 1703 animam

237 1717 404 1751 purificans,
422 1718 537 1754 ejusque
559 1720 645 1747 aciem
672 1728 844 1756 expurgatis,
870 1725 897 1748 et
922 1721 1022 1748 divina:

236 1770 336 1791 vacans
364 1765 610 1800 contemplationi,
646 1765 749 1801 Deique
785 1766 962 1794 ascensiones
993 1767 1020 1794 in

235 1809 319 1837 corde
343 1818 394 1838 suo
424 1811 588 1845 disponens,
614 1815 641 1839 et
663 1812 721 1840 alas
742 1816 842 1847 optans
864 1813 953 1840 instar
974 1821 1022 1841 co-

236 1855 394 1886 lumba-,et
418 1856 445 1883 in
470 1856 591 1884 divinam
614 1857 737 1891 requiem
759 1858 869 1885 evolare
895 1858 1020 1894 cupiens.

235 1899 419 1932 Quamobrem
440 1901 541 1929 lectum
563 1909 618 1930 non
638 1902 752 1936 habuit,
780 1911 835 1931 non
861 1904 1019 1937 lucernam,

236 1953 290 1973 non
313 1946 422 1979 focum,
438 1953 492 1974 non
509 1947 590 1975 ollam
602 1967 610 1980 ,
626 1955 681 1977 non
697 1948 844 1983 lecythum,
866 1956 920 1977 non
939 1957 1021 1979 arcu-

235 1993 309 2024 lam,
347 1999 402 2019 non
439 1992 555 2026 librum,
583 2001 637 2021 non
664 1993 740 2022 aliud
764 1993 912 2030 quidquam
941 2003 948 2021 :
972 1996 1020 2023 sed

234 2037 351 2064 vetustis
379 2037 558 2066 amiciebatur
591 2039 736 2073 amiculis,
765 2043 793 2067 et
824 2041 1020 2071 calceamentis

234 2083 371 2116 similiter,
394 2091 455 2119 qua:
473 2084 508 2111 ob
525 2083 642 2112 detritas
664 2085 755 2112 soleas
773 2086 891 2114 vinculis
915 2087 1021 2122 indige-

235 2133 306 2157 rent.
322 2129 365 2157 Δί)
388 2137 443 2158 uno
461 2133 567 2158 tantum
593 2138 628 2160 ex
653 2131 751 2159 amicis
769 2132 871 2160 victum
889 2141 1020 2162 necessa-

235 2174 305 2202 rium
327 2176 490 2211 accipiebat.
514 2175 540 2205 ls
567 2181 659 2204 autem
685 2182 744 2205 erat
763 2178 843 2213 panis
863 2186 935 2206 unus
950 2179 1020 2207 duos

234 2223 262 2250 in
278 2222 338 2250 dies
351 2222 511 2250 attributus.
526 2222 633 2257 Aquam
649 2224 745 2258 procul
760 2224 887 2252 haustam
906 2225 1020 2260 ipsemet

1336 1125 1387 1153 lB‘.
1405 1140 1440 1145 —
1458 1125 1587 1151 ΖΗΝΩΝ.

1110 1172 1220 1208 Ζήνωνα
1235 1172 1281 1198 τὸν
1299 1171 1450 1206 Θαυμάσιον
1460 1170 1491 1197 οὐ
1506 1169 1599 1196 πολλοὶ
1611 1169 1660 1205 μὲν
1674 1169 1871 1203 γινιίιεηιουσινι

1073 1217 1098 1243 οἱ
1114 1217 1142 1244 δὲ
1156 1216 1336 1250 γινώσκοντες
1355 1215 1504 1250 θαυμάζειν
1519 1214 1602 1247 ἀξίως
1618 1214 1647 1240 ού
1660 1213 1803 1241 δύνανται.
1816 1211 1864 1241 Οὗ-

1073 1270 1119 1294 τος
1135 1261 1189 1298 γὰρ
1207 1261 1321 1288 πλοῦτον
1335 1262 1376 1288 ὃτι
1392 1260 1509 1296 μάλιστα
1520 1259 1645 1286 πλεῖστον
1664 1260 1693 1286 ὲν
1708 1261 1741 1295 τῇ
1755 1261 1864 1296 πατρίδι

1074 1307 1232 1335 καταλιπὼν
1247 1306 1327 1343 (αὕτη
1347 1307 1375 1333 δὲ
1389 1304 1422 1342 ἦν
1441 1307 1455 1333 ὁ
1473 1305 1598 1340 Πόντος),
1626 1305 1769 1340 ἀπήλαυσε
1805 1307 1863 1341 μὲν,

1074 1353 1111 1386 ὡς
1125 1353 1211 1388 ἔλεγε,
1223 1353 1278 1380 τῶν
1293 1353 1434 1381 Βασίλειον
1449 1352 1495 1379 τοῦ
1529 1352 1649 1388 μεγάλου
1666 1352 1796 1387 ναμάτων
1809 1361 1864 1386 γει-

1072 1398 1237 1430 τονεύοντος,
1251 1398 1298 1425 καὶ
1311 1398 1359 1434 τὴν
1376 1397 1571 1425 Καππαδοκῶν
1587 1397 1756 1432 ἀρδεύοντος,
1771 1398 1820 1433 τῆς
1837 1399 1865 1425 δὲ

1073 1445 1184 1480 ἀρδείας
1212 1444 1305 1477 ἀξίους
1332 1444 1457 1472 ἀπέδωκε
1474 1445 1538 1476 τοὺς
1550 1444 1684 1479 καρπούς.
1702 1445 1792 1477 Εὐθὺς
1815 1445 1869 1480 μὲν.

1074 1489 1128 1525 γάρ
1152 1490 1300 1521 Οὐάλεντος
1331 1489 1378 1518 τοῦ
1411 1489 1543 1525 βασιλέως
1574 1489 1784 1524 ἀναιρεθέντος,
1816 1489 1863 1525 τὴν

1075 1535 1273 1571 στρατιωτικὴν
1294 1535 1410 1563 ἀπέθετο
1424 1535 1521 1570 ζώνην.
1544 1534 1751 1570 Ἐγκατείλεκτο
1763 1535 1793 1561 δὲ
1807 1537 1863 1566 τοῖς

1073 1581 1109 1608 τὰ
1136 1581 1267 1615 βασιλέως
1289 1581 1372 1615 ὀξέως
1395 1580 1583 1616 διακομίζουσι
1613 1581 1776 1616 γράμματα.
1799 1580 1863 1607 ’Δπῇ

1072 1628 1100 1654 δὲ
1115 1627 1169 1654 τῶν
1191 1628 1335 1664 βασιλείων
1351 1628 1390 1660 είς
1409 1636 1468 1654 τινα
1483 1627 1567 1662 τάφον
1590 1628 1715 1662 ὁρμήσας
1740 1627 1864 1662 (πολλοὺς

1072 1674 1100 1702 δὲ
1112 1674 1168 1709 ἔχει
1184 1674 1215 1700 τὸ
1229 1675 1262 1710 τῇ
1283 1674 1435 1709 Ἀντιοχείᾳ
1452 1673 1655 1709 παρακείμενον
1674 1673 1749 1709 ὄρος)
1760 1682 1767 1689 ·
1786 1674 1867 1709 μόνος

1072 1719 1160 1756 διῆγε,
1175 1720 1223 1756 τὴν
1242 1720 1332 1756 ψυχὴν
1351 1719 1537 1756 ἐκκαθαίρων,
1552 1719 1600 1746 καὶ
1617 1719 1648 1746 τὸ
1669 1719 1772 1755 ταύτης
1789 1719 1863 1746 ὀπτι-

1072 1766 1120 1793 κὺν
1133 1765 1327 1802 ἀπορρύπτων,
1347 1766 1394 1792 καὶ
1406 1765 1455 1799 τὴν
1469 1765 1544 1792 θείαν
1566 1764 1773 1801 φανταζόμενος
1796 1765 1863 1792 θεω-

1073 1812 1143 1848 ρίαν,
1169 1813 1215 1839 aut
1238 1811 1287 1844 τὰς
1315 1812 1361 1839 τοῦ
1386 1811 1454 1838 Θεοῦ
1487 1811 1635 1843 ἀναϐάσεις
1657 1812 1686 1838 ὲν
1706 1812 1739 1846 τῇ
1765 1811 1863 1848 καρδίᾳ

1071 1857 1222 1893 τιθέμενος,
1246 1858 1293 1884 καὶ
1313 1858 1451 1892 πτέρυγας
1481 1857 1574 1885 λαϐεῖν
1606 1857 1672 1884 ὡσεὶ
1699 1859 1863 1893 περιστερᾶς

1071 1903 1225 1938 ἐφιέμενος,
1242 1903 1289 1931 καὶ
1304 1903 1345 1935 είς
1366 1903 1415 1939 τὴν
1426 1903 1502 1930 θείαν
1518 1903 1692 1931 κατάπαυσιν
1706 1903 1862 1937 ἀναπτῆναι

1071 1948 1172 1977 ποθῶν.
1198 1949 1299 1976 Τούτου
1329 1949 1419 1985 χάριν,
1440 1949 1471 1976 οὐ
1493 1949 1587 1985 κλίνην
1611 1948 1739 1984 εἶχεν,οῡ
1754 1949 1860 1984 λύχνον,

1071 1995 1121 2022 οὐκ
1140 1995 1269 2031 ἐσχάραν,
1280 1996 1311 2022 οὐ
1327 1996 1440 2031 χύτραν,
1456 1995 1486 2023 οὐ
1504 1995 1651 2031 ληκύθιον,
1670 1996 1699 2022 οὐ
1724 1995 1859 2026 κιϐώτιον,

1071 2041 1101 2068 οὺ
1121 2041 1233 2077 βιὸλίον,
1247 2043 1296 2069 οὐκ
1314 2042 1378 2069 ἀλλο
1389 2051 1415 2069 τι
1429 2050 1435 2057 ·
1446 2041 1515 2069 ἀλλά
1542 2041 1626 2077 ῥάκια
1643 2042 1691 2077 μὲν
1711 2041 1860 2076 ἠμπείχετο

1071 2087 1184 2121 παλαιὰ,
1196 2089 1243 2115 καὶ
1257 2088 1419 2124 ὑποδήματα
1431 2088 1459 2115 δὲ
1468 2087 1599 2119 ὡσαύτως
1610 2088 1718 2123 δεσμῶν
1732 2087 1856 2123 δεόμενα·

1070 2134 1181 2170 διῄρητο
1207 2133 1262 2170 γὰρ
1284 2134 1340 2161 τῶν
1369 2134 1549 2170 καττυμάτων
1573 2133 1607 2161 τὰ
1631 2133 1766 2170 δέρματα.
1795 2134 1859 2168 Παρ¹

1070 2179 1130 2210 ὲνὺς
1144 2179 1172 2205 δὲ
1190 2179 1271 2214 μόνου
1287 2179 1341 2206 τῶν
1359 2179 1506 2215 γνωρίμων
1518 2180 1568 2215 τὴν
1581 2179 1734 2214 ἀναγκαίαν
1758 2180 1869 2214 τροφὴν,

1070 2225 1228 2261 ἐπορίζετο·
1249 2225 1319 2261 αὕτη
1332 2225 1360 2252 δὲ
1379 2223 1412 2261 ἦν
1427 2222 1467 2257 εἷς
1483 2225 1564 2261 ἄρτος
1587 2225 1634 2252 δύο
1658 2225 1859 2261 χορηγούμενος

234 2267 377 2296 aﬂ'crebat.
398 2267 522 2303 Rogatus
537 2273 628 2296 autem
643 2276 658 2295 a
676 2270 811 2304 quodam,
829 2270 876 2304 qui
890 2279 952 2299 cum
968 2271 1020 2299 sub

1073 2271 1188 2307 ἡμέραις
1205 2280 1213 2287 ⁸
1235 2272 1265 2298 τὸ
1281 2271 1310 2298 δὲ
1334 2272 1406 2307 ὕδωρ
1429 2271 1570 2309 πόρρωθεν
1601 2272 1754 2308 ἀρυόμενος
1782 2271 1857 2303 αὐτὸς

233 2322 316 2342 onere
329 2313 452 2346 viderat,
470 2317 501 2341 ut
523 2314 643 2342 allevare
658 2315 755 2343 liceret
766 2317 784 2349 ',
797 2318 885 2351 primo
908 2318 1017 2352 quidem

235 2361 349 2391 restitit,
383 2359 456 2387 ferre
485 2367 515 2388 se
541 2367 596 2387 non
624 2368 706 2395 posse
733 2361 847 2395 dicens,
872 2367 902 2390 ut
919 2371 1019 2398 aquam

236 2410 358 2434 sumeret
373 2413 455 2441 quam
472 2406 542 2432 alter
555 2407 706 2438 attulisset.
717 2406 751 2434 Ut
766 2415 829 2436 vero
845 2416 874 2436 se
890 2416 944 2436 non
961 2417 1021 2444 pcr-

235 2451 352 2479 suadere
363 2450 576 2484 animadvertit,
595 2459 679 2478 urnas
696 2452 810 2480 tradidit
832 2462 838 2479 :
857 2453 926 2480 duas
948 2454 1019 2480 enim

233 2498 368 2533 ambabus
381 2496 510 2523 manibus
519 2496 633 2524 ferebat.
646 2496 698 2525 Sed
710 2505 771 2524 cum
786 2497 820 2525 ad
834 2498 896 2525 atrii
907 2498 1019 2533 januam

235 2543 418 2578 pervenisset,
431 2541 517 2569 eﬂ'usa
529 2550 599 2577 aqua
611 2546 638 2570 et
648 2543 771 2578 dispersa
783 2562 790 2576 ,
808 2543 907 2570 iterum
922 2551 1021 2570 cucur-

235 2589 270 2615 rit
287 2588 320 2615 ad
336 2587 457 2620 fontem,
482 2595 513 2615 ea
530 2596 592 2624 qua:
615 2588 722 2616 dixerat
743 2596 825 2623 opere
841 2588 1018 2616 confirmans.

236 2635 291 2669 (ﬁgo
305 2641 414 2668 quoque
429 2633 488 2669 ipse
502 2653 509 2666 ,
528 2642 590 2662 cum
607 2635 725 2669 primum
743 2635 804 2669 ejus
821 2634 929 2662 videndi
952 2635 1021 2662 desi-

235 2679 313 2708 derio
327 2680 354 2706 in
365 2683 483 2708 montem
497 2680 621 2713 escendi,
632 2689 716 2708 urnas
727 2681 854 2709 manibus
866 2681 971 2717 1203
982 2686 1021 2708 te-

237 2731 342 2753 nentem
357 2726 410 2753 vidi
423 2735 429 2753 :
445 2726 545 2754 deinde
559 2734 622 2754 cum
637 2727 807 2759 sciscitarer,
824 2727 935 2754 ubinam
948 2733 1021 2755 esset

235 2771 388 2802 admirandi
402 2773 521 2802 Zenonis
545 2773 734 2801 habitaculum
747 2793 755 2806 ,
772 2773 878 2800 nullum
897 2781 927 2801 se
939 2781 1021 2801 nosse

234 2819 397 2847 monachum
412 2820 481 2847 dixit
493 2841 501 2854 ,
523 2820 569 2856 qui
588 2819 639 2847 hoc
655 2820 766 2847 nomine
777 2824 930 2848 vocaretur.
943 2819 1020 2848 Unde

233 2863 308 2891 illum
324 2865 412 2899 ipsum
424 2872 485 2892 esse
500 2864 646 2891 verborum
662 2872 694 2892 cx
710 2864 843 2892 modestia
859 2865 1019 2900 conjicicns,

233 2913 343 2940 secutus
358 2918 417 2938 sum
427 2930 432 2943 ,
444 2909 614 2945 januamque
628 2909 833 2945 introgressus,
851 2911 950 2939 lectum
963 2910 1017 2938 vidi

1071 2317 1162 2353 ἔφερε.
1175 2318 1230 2344 Καί
1246 2318 1309 2345 ποτέ
1321 2327 1362 2350 τις
1375 2317 1455 2344 αὑτὸν
1466 2318 1670 2354 ἀχθοφοροῦντα
1682 2317 1857 2353 Θεασάμενος.

1071 2365 1193 2392 ἱκέτευσε
1218 2365 1346 2399 κουφῖσαι
1373 2364 1421 2391 τοῦ
1448 2364 1529 2390 πόνου
1547 2372 1554 2378 ·
1572 2364 1585 2390 ὁ
1598 2363 1625 2390 δὲ
1639 2363 1674 2390 τὰ
1693 2363 1741 2399 μὲν
1767 2363 1859 2398 πρῶτα

1070 2411 1208 2438 ἀντέτεινε
1222 2430 1229 2443 ,
1252 2410 1386 2438 διδάσκων
1408 2410 1446 2443 ὡς
1472 2411 1522 2438 οὐκ
1549 2411 1674 2444 ἀνέξεται
1699 2409 1857 2446 μεταλαϐεῖν

1071 2457 1167 2489 ὓδατος
1183 2457 1233 2484 im"
1251 2457 1331 2485 ἄλλον
1358 2457 1547 2493 κομισθέντος.
1565 2458 1609 2489 Ὡς
1622 2457 1651 2484 δὲ
1668 2457 1720 2484 odit
1743 2457 1856 2488 ἔπεισεν,

1071 2503 1154 2530 ἔδωκε
1171 2503 1205 2530 τὰ
1225 2504 1353 2539 σταμνία·
1385 2503 1431 2530 δύο
1447 2504 1501 2539 γὰρ
1514 2504 1615 2538 ἀμφοῖν
1631 2504 1692 2530 ταῖν
1704 2504 1795 2540 χεροῖν
1811 2504 1856 2529 ὲπ-

1073 2549 1195 2584 εφέρετο.
1220 2548 1263 2580 Ὦς
1278 2548 1306 2575 δὲ
1320 2548 1386 2575 εἵσω
1397 2549 1447 2584 τῆς
1464 2548 1556 2575 αὐλίου
1575 2548 1660 2584 θύρας
1678 2549 1798 2583 ἐγένετο,
1813 2548 1856 2574 ἐκ·

1071 2597 1136 2628 χέας
1151 2593 1181 2619 τὸ
1195 2592 1266 2629 ὕδωρ
1286 2594 1333 2620 καὶ
1350 2593 1508 2629 διαρῥάνας,
1526 2593 1608 2620 πάλιν
1624 2594 1743 2630 ἔδραμεν
1757 2594 1803 2620 ἐπὶ
1815 2593 1856 2619 τὸν

1071 2639 1196 2674 κρουνὸν,
1221 2639 1294 2675 ἔργῳ
1312 2639 1464 2674 βεϐαιώσας
1475 2641 1537 2672 τοὺς
1551 2639 1659 2674 λόγους.
1679 2639 1767 2674 Κάγὼ
1777 2639 1805 2666 δὲ
1815 2640 1854 2665 ὅτε

1071 2684 1179 2719 πρῶτον
1192 2684 1271 2711 αὐτὸν
1284 2684 1424 2721 ἱστορῆσαι
1437 2685 1558 2720 ποθήσας
1569 2686 1610 2716 εὶς
1617 2685 1647 2711 τὸ
1660 2685 1723 2720 ὅρος
1734 2684 1855 2720 ἀνῆλθον,

1070 2729 1229 2765 ἐθεασάμην
1245 2731 1305 2757 ταῖν
1327 2731 1417 2767 χεροῖν
1431 2729 1466 2760 τὰ
1483 2729 1599 2765 σταμνία
1619 2730 1778 2765 κατέχοντα.
1794 2727 1855 2756 Εἶτα

1071 2775 1190 2811 ἠρόμην,
1206 2776 1273 2802 ὅπου
1287 2776 1330 2812 εἴη
1351 2775 1381 2802 τὸ
1396 2776 1442 2802 τοῦ
1467 2775 1618 2811 θαυμασίου
1639 2776 1765 2811 Ζήνωνος
1792 2783 1853 2801 κατ-

1072 2820 1201 2854 αγώγιον·
1214 2822 1227 2847 ὁ
1238 2819 1266 2847 δὲ
1276 2820 1378 2856 ἥκιστα
1393 2820 1485 2855 ἔλεγεν
1495 2819 1592 2847 εἰδέναι
1605 2819 1758 2855 μονάζοντα
1773 2818 1853 2854 ταύτῃ

1070 2868 1102 2901 τῇ
1123 2866 1295 2902 προσηγορίᾳ
1325 2866 1501 2902 καλούμενον.
1534 2865 1604 2900 Ἐγὼ
1628 2865 1658 2892 δὲ
1679 2865 1761 2892 αὑτὸν
1790 2861 1853 2891 εἶναι

1070 2912 1191 2945 terrain;
1207 2913 1333 2948 εἱπόμην,
1350 2913 1500 2949 τεκμήριον
1520 2912 1680 2949 ποιούμενος
1703 2912 1757 2940 τῶν
1773 2911 1859 2946 λόγων.
