2036 3122
213 148 280 182 1307

826 155 1030 185 RELIGIOSA
1049 155 1241 186 HISTORIA.

1769 158 1836 192 1398

206 205 238 231 τὸ
255 204 375 250 μέτριον.
393 203 435 238 Ὧς
452 206 480 232 δέ
497 206 563 234 είσω
586 207 636 243 τῆς
662 208 746 243 θύρας
768 210 912 246 ἐγενόμην,
939 220 989 237 στι-

1050 218 1082 238 ex
1100 211 1163 239 feno
1175 215 1383 245 constructum,
1406 218 1433 241 et
1454 215 1535 242 aliam
1551 215 1698 250 quamdam
1718 219 1837 244 stoream

207 251 275 278 σάδα
288 249 421 279 εἶδονάπο
434 253 529 287 χόρτου
542 254 737 290 συγκειμένην,
756 255 804 282 καὶ
825 255 918 292 ἕτερόν
933 265 995 283 τινα

206 297 322 333 φορντὸν
336 298 382 323 ἐπὶ
396 298 448 324 τῶν
463 298 544 326 λίθων
560 300 795 335 κατεστρωμένον,
807 301 845 333 ὡς
860 302 996 338 μηδεμίαν

206 342 310 370 ἐκεῖθεν
318 343 342 369 οἱ
356 344 399 370 ἐπ’
414 344 510 380 ἐκείνῳ
525 344 675 380 καθήμενοι
685 347 868 383 ἀποφέροιντο
880 348 994 384 βλάϐην.

211 388 254 420 Ὠς
271 388 299 415 δὲ
312 388 426 421 πολλοὺς
444 389 508 424 περὶ
535 390 694 425 φιλοσοφίας
716 392 882 428 ἐκινήσαμεν
900 392 995 428 λόγους

207 434 273 470 (ἐγὼ
291 435 341 470 μὲν
349 435 402 470 γὰρ
419 435 619 472 ἐπυνθανόμην,
637 437 717 469 αὐτὸς
733 438 762 464 δέ
778 439 844 474 ἡμῖν
858 439 994 467 ἀνέπτασε

204 479 238 506 ’τὰ
254 479 437 516 ζητούμενα)”
453 482 499 508 καὶ
519 481 572 508 ἔδει
595 482 689 509 λοιπὸν
717 484 859 511 ἐπανιέναι
889 485 993 517 οἴκαδε,

206 523 325 551 ἱκέτευον
346 524 427 551 αὐτὸν
443 525 533 552 δοῦναι
548 526 582 552 τὰ
596 526 646 562 τῆς
657 527 783 562 εὐλογίας
798 529 903 564 ἐφόδια.
926 530 954 557 '0
966 531 995 558 δέ

203 568 348 602 ἀντέτεινε,
370 570 488 606 πληροῦν
510 573 584 607 ἡμᾶς
601 572 650 608 τὴν
678 574 761 610 εὐχὴν
783 574 897 610 ἐννομον
921 574 993 605 εἶναι

204 613 290 648 λέγων
305 623 311 631 α
330 615 377 642 καὶ
392 617 487 644 ἑαυτὸν
501 618 550 653 μὲν
566 618 675 655 ἰδιώτην
694 621 796 654 καλῶν,
823 622 993 658 στρατιώτας

203 660 232 687 δέ
247 661 319 696 ἡμᾶς
335 662 486 697 ὀνομάζων.
505 665 560 691 Καὶ
572 665 627 700 γὰρ
639 665 789 701 ἐτύγχανον
803 668 932 702 τηνικάδε
943 669 993 701 τὰς

204 705 280 740 ἱερὰς
296 706 410 739 Βίϐλους
425 708 464 744 τῷ
477 708 542 744 θείῳ
558 710 793 745 ὑπαναγινώσκων
810 712 876 748 λαῷ.
898 714 993 749 Ἣμῶν

202 751 231 779 δὲ
245 753 296 788 τὴν
315 754 429 789 νεότητα
445 755 685 792 προϐαλλομένων,
707 760 755 786 καὶ
770 760 819 795 τῆς
834 760 944 796 ἡλικίας
962 762 992 788 τὸ

202 797 291 833 ἄωρον
316 799 389 835 (ἄρτι
413 801 468 836 γὰρ
490 802 579 829 ἱούλου
607 803 736 840 βραχεῖάν
764 815 825 833 τινα
856 807 992 843 προϐολὴν

203 845 376 881 ὲδεδέγμεθα)
390 867 397 879 ,
413 847 461 874 καὶ
473 848 659 884 διομνυμένων
675 850 712 881 ὡς
722 852 770 887 οὐχ
788 853 890 888 ἥξομεν
902 852 990 886 αὖθις,

202 890 316 917 εἰτοῦτο
335 891 433 927 δράσαι
457 893 503 920 νῦν
523 894 701 932 βιασθείημεν
717 905 724 912 ⁸
748 899 824 933 μόλις
848 899 897 934 ὀψέ
926 909 991 927 ποτε

201 937 260 968 ταῖς
270 937 400 970 ἱκετείαις
413 940 607 975 ἐπικαμφθεὶς,
624 943 796 979 προσήνεγκε
815 946 864 980 μὲν
879 946 918 981 τῷ
931 946 990 982 Θεῷ

201 982 251 1017 τὴν
265 984 411 1018 πρεσΰείαν
422 992 428 1000 ·
448 988 557 1023 μακρὰν
568 988 595 1014 δέ
607 988 675 1024 ὑπὲρ
693 990 744 1025 τῆς
758 992 909 1026 πρεσϐείας
924 994 992 1020 ἁπο-

202 1028 296 1062 λογὲαν
307 1030 432 1063 ἐξέτεινε,
446 1033 555 1068 ἀγάπης
570 1033 663 1060 εἵνεκα
677 1036 725 1062 καὶ
738 1037 894 1070 εὐπειθείας
909 1039 991 1066 τοῦτο

202 1077 381 1110 πεποιηκέναι
406 1078 493 1112 λέγων
511 1088 517 1095 ·
534 1080 581 1106 καὶ
603 1080 657 1116 γὰρ
681 1082 816 1118 ἠκούομεν
844 1085 990 1120 εὐχομένου

201 1121 371 1154 πελάζοντες.
389 1124 425 1150 Τὸ
435 1123 463 1150 δὲ
478 1125 504 1150 ἐν
537 1126 658 1162 τοσούτῳ
682 1128 843 1163 φιλοσοφίας
861 1130 924 1165 ὕψει
945 1141 990 1159 το-

200 1167 302 1214 σαύτην
329 1169 401 1204 ἔχειν
434 1172 608 1206 φρονήματος
640 1174 804 1210 μετριότητα
834 1177 990 1214 πρεσϐύτην

198 1213 282 1248 ἄνδρα
303 1214 518 1251 (τεσσαράκοντα
537 1216 591 1252 γὰρ
606 1217 654 1253 ἔτη
669 1220 698 1245 ἐν
718 1221 750 1255 τῇ
767 1220 883 1256 ἀσκήσει
898 1222 991 1258 διηνυ-

198 1258 253 1290 κὼς
272 1259 443 1295 ἐτύγχανεν),
465 1262 507 1293 τίς
526 1262 559 1289 ἂν
578 1263 661 1296 ἀξίως
676 1263 845 1300 θαυμάσειε;
867 1268 946 1295 ποίαν
961 1270 989 1296 δὲ

197 1304 331 1341 ἄντιςτῷ
346 1307 456 1342 μεγέθει
480 1309 636 1346 πρόσφορον
665 1311 802 1347 εὐφημίαν
830 1315 987 1349 ποιήσαντος

197 1349 330 1379 Τοσοῦτον
349 1353 377 1379 δὲ
396 1354 496 1390 ἀρετῆς
523 1357 692 1392 κεκτημένος
718 1358 844 1392 πλοῦτον,
860 1361 898 1393 ὡς
910 1362 989 1398 πενίᾳ

196 1398 228 1432 τῇ
239 1397 339 1434 ἐσχάτῃ
356 1399 456 1432 συζῶν,
477 1402 518 1432 εἰς
532 1402 581 1438 τὴν
598 1402 673 1430 θείαν
691 1405 840 1440 ἐκκλησίαν
855 1407 924 1441 μετὰ
934 1397 989 1434 τῶν

196 1443 301 1470 πολλῶν
312 1445 383 1471 κατὰ
394 1446 535 1482 Κυριακὴν
551 1447 657 1484 ἡμέραν
669 1450 774 1484 ἐφοίτα”
783 1452 831 1478 καὶ
839 1452 893 1479 τῶν
909 1453 989 1481 θείων

195 1490 299 1531 ἐπαΐων
326 1491 424 1526 λόγων,
450 1495 498 1519 καὶ
522 1495 579 1525 τοῖς
601 1494 773 1528 διδασκάλοις
801 1497 941 1531 ὑποτιθεὶς
954 1500 989 1526 τὰ

194 1530 262 1567 ὦτα,
270 1535 376 1571 καὶτῆς
385 1538 519 1573 μυστικῆς
531 1539 746 1574 μεταλαμϐάνων
755 1542 903 1577 τραπέζης,
913 1530 952 1575 είς
959 1544 988 1571 τὸ

195 1582 288 1607 καινὸν
306 1583 394 1609 ἐκεῖνο
406 1584 577 1618 καταγώγιον
593 1586 718 1622 ἐπανῄει·
738 1587 768 1613 οὐ
782 1588 897 1615 κλειδίον
907 1589 987 1624 ἔχων,

195 1628 225 1654 οὺ
236 1628 344 1663 φύλακα
354 1630 576 1666 καταλιμπάνων·
585 1632 685 1659 ἄϐατον
696 1633 749 1669 γὰρ
760 1631 794 1670 ἦν
805 1636 860 1667 τοῖς
869 1635 989 1672 κακούρ-

196 1683 264 1709 γοις,
276 1675 323 1702 καὶ
337 1676 475 1708 παντελῶς
497 1677 608 1711 ἄσυλον,
627 1679 706 1713 μόνον
723 1679 792 1715 ἔχων
825 1681 928 1708 ἐκεῖνον
942 1683 989 1709 τὸν

196 1721 322 1756 φορυτόν.
339 1722 433 1749 Βίϐλον
445 1722 474 1749 δέ
486 1723 550 1758 μίαν
576 1724 652 1760 παρὰ
668 1724 723 1751 τῶν
735 1726 860 1760 συνήθων
882 1726 989 1762 λαμϐά-

195 1774 265 1799 νων,
291 1767 474 1801 ἀνεγίνωσκεν
496 1769 606 1796 ἆπασαν
623 1778 630 1785 ·
649 1770 697 1797 καὶ
718 1770 822 1807 ταύτην
844 1772 988 1805 ἀποδιδοὺς

195 1813 339 1848 πρότερον,
367 1813 454 1846 οὕτως
490 1815 588 1850 ἑτέραν
619 1815 783 1852 ἐλάμὸανεν.
813 1818 882 1846 Ἀλλ’
911 1819 987 1855 ὅμως

194 1858 308 1894 κλεῖθρα
322 1860 372 1886 οὐκ
385 1860 465 1895 ἔχων,
484 1861 546 1887 οὐδὲ
574 1862 683 1897 μοχλοῖς
703 1863 853 1899 χρώμενος,
870 1865 922 1892 ὑπὸ
937 1867 987 1901 τῆς

194 1904 297 1932 ἄνωθεν
332 1906 444 1941 χάριτος
475 1907 647 1944 ἐφρουρεῖτο.
665 1910 721 1936 Καὶ
741 1910 821 1938 τοῦτο
844 1912 938 1947 σαφῶς
952 1914 986 1940 δι’

193 1951 279 1986 αὐτῆς
290 1952 340 1987 τῆς
353 1952 452 1988 πείρας
470 1953 620 1989 ἐμάθομεν.
639 1954 703 1982 Ὅτε
719 1956 772 1991 γὰρ
788 1956 843 1984 τῶν
856 1958 986 1994 Ἱσαύρων

193 1997 208 2022 ὁ
222 1997 299 2032 λόχος
319 1998 428 2033 νύκτωρ
450 1999 583 2026 κατέλαϐε
601 2000 650 2036 τὴν
670 2001 828 2037 ἀκρόπολιν,
841 2002 901 2031 εἶτα
918 2007 986 2040 μετὰ

194 2043 242 2078 τὴν
254 2045 291 2071 ἕω
309 2045 406 2080 μέχρις
415 2045 501 2081 αὐτῆς
515 2047 564 2082 τῆς
575 2046 714 2082 ὑπωρείας
724 2049 906 2085 κατέδραμον,
923 2051 987 2078 πολ-

194 2090 257 2124 λοὺς
273 2092 323 2127 μὲν
337 2093 446 2128 ἄνδρας,
463 2093 565 2126 πολλὰς
577 2094 606 2121 δέ
619 2096 753 2128 γυναῖκας
774 2096 821 2123 τὸν
836 2097 986 2133 ἀσκητικὸν

196 2136 341 2170 μετιούσας
359 2137 428 2173 βίον,
443 2138 558 2173 ἀπηνῶς
584 2139 792 2174 κατηκόντισαν.
809 2142 876 2168 Τότε
896 2142 986 2170 τοίνυν

194 2184 207 2209 ὁ
216 2181 286 2214 Θεῖος
301 2180 377 2215 οὗτος
390 2184 469 2220 ἀνὴρ,
483 2185 537 2211 τῶν
550 2185 638 2220 ἄλλων
652 2186 788 2222 θεώμενος
804 2188 852 2220 τὰς
868 2191 984 2224 σφαγὰς,

1050 257 1187 292 lapidibus
1201 257 1345 285 instratam
1359 277 1366 290 ,
1392 263 1425 285 ut
1440 259 1552 287 minime
1567 260 1731 288 laederentur
1744 262 1791 296 qui
1811 262 1837 288 in

1049 302 1092 330 his
1112 303 1299 330 considerent.
1318 303 1382 331 Post
1393 304 1496 333 multos
1508 310 1598 333 autem
1614 307 1647 334 de
1667 307 1843 343 philosophia

1049 349 1120 376 inter
1131 357 1181 377 nos
1205 349 1313 377 habitos
1343 358 1486 378 sermones
1511 351 1571 387 (ego
1593 353 1665 380 enim
1691 358 1837 389 perconta-

1047 395 1108 428 bar,
1131 399 1159 423 et
1180 395 1226 423 ille
1245 396 1360 430 quaesita
1380 396 1573 432 explanabat),
1590 406 1652 425 cum
1677 400 1765 427 redire
1779 400 1836 435 jam

1048 441 1160 469 domum
1177 445 1336 477 oporteret,
1359 442 1471 469 orabam
1498 446 1527 469 ut
1549 443 1750 472 benedictionis
1763 445 1839 472 viati-

1047 494 1109 514 cum
1139 488 1228 515 daret.
1254 486 1303 515 Ille
1331 495 1397 515 vero
1420 489 1611 523 repugnabat,
1641 497 1748 524 acquum
1775 498 1839 518 esse

1047 533 1160 567 dicens,
1177 537 1208 561 ut
1225 542 1276 562 nos
1293 541 1390 569 preces
1410 542 1604 569 perageremus
1618 555 1625 566 .
1646 536 1838 571 privatumque

1047 587 1078 607 se
1097 581 1244 608 nominans
1257 601 1265 614 ,
1280 580 1382 608 milites
1397 588 1448 608 nos
1471 580 1634 615 appellabat.
1651 580 1751 608 Lector
1764 583 1836 609 enim

1047 629 1114 653 tunc
1123 634 1214 659 eram,
1229 630 1256 654 et
1267 626 1374 654 divinas
1390 625 1547 662 Scripturas
1559 626 1661 661 populo
1675 627 1835 654 recitabam.

1046 671 1171 706 Cumque
1200 672 1431 705 adolescentiam.
1471 676 1634 708 aetatemque
1661 673 1836 700 immaturam

1047 718 1278 751 obtenderemus,
1300 723 1330 746 ut
1357 719 1460 754 quibus
1474 719 1518 745 vix
1544 719 1632 754 prima
1657 719 1759 753 lanugo
1773 725 1837 746 suc-

1046 767 1200 796 cresceret,
1217 771 1250 791 ac
1266 771 1317 792 nos
1330 764 1431 792 iterum
1444 772 1499 791 non
1514 769 1648 792 venturos
1660 765 1834 799 juraremus,

1046 809 1068 836 si
1085 809 1137 836 hoc
1152 817 1226 836 nunc
1250 809 1339 837 facere
1364 817 1536 845 cogeremur,
1552 818 1625 844 aegre
1644 810 1752 837 tandem
1773 817 1835 844 pre-

1045 854 1125 882 cibus
1138 854 1267 886 inﬂexus,
1281 854 1337 882 Deo
1350 855 1461 890 quidem
1476 855 1705 883 intercessionem
1718 855 1833 886 obtulit,

1044 900 1090 928 sed
1114 900 1344 928 intercessionem
1372 901 1452 936 lenga
1482 902 1663 928 excusatione
1687 901 1832 936 purgavit,

1043 947 1189 974 charitatis
1207 947 1426 982 obedientiaeque
1453 947 1542 981 gratia
1560 955 1589 975 se
1606 947 1705 974 fecisse
1719 948 1832 975 dicens:

1042 994 1156 1028 propius
1179 993 1253 1020 enim
1279 992 1444 1020 accedentes
1457 997 1617 1027 precantem
1642 993 1833 1021 audiebamus.

1041 1039 1120 1072 Quod
1137 1045 1227 1067 autem
1244 1039 1279 1066 ad
1295 1043 1401 1066 tantum
1431 1039 1613 1074 philosophiae
1634 1040 1742 1067 culmen
1766 1047 1831 1067 eve-

1041 1089 1118 1118 ctus,
1144 1090 1248 1112 tantam
1270 1085 1352 1112 animi
1378 1085 1596 1113 moderationem
1622 1086 1767 1114 retinuerit
1790 1086 1834 1113 vir

1040 1131 1222 1167 grandaevus,
1250 1132 1297 1167 qui
1325 1139 1413 1160 annos
1436 1131 1621 1167 quadraginta
1639 1136 1788 1167 perpetuos
1803 1132 1831 1159 in

1040 1177 1194 1205 monastica
1220 1177 1421 1206 exercitatione
1439 1181 1587 1213 posuerat,
1608 1178 1671 1213 quis
1689 1178 1759 1206 satis
1783 1179 1832 1205 ad-

1041 1223 1137 1250 mirari
1151 1245 1159 1257 ,
1174 1227 1222 1251 aut
1240 1223 1303 1259 quis
1328 1223 1511 1259 magnitudini
1530 1231 1610 1259 pares
1622 1223 1721 1252 alTerre
1736 1224 1831 1252 laudes

1041 1269 1149 1303 possit?
1165 1268 1198 1295 Et
1212 1274 1321 1301 tamen,
1338 1277 1402 1296 cum
1427 1273 1519 1296 tantas
1534 1269 1645 1297 virtutis
1662 1277 1728 1305 opes
1743 1269 1832 1304 possi<

1040 1316 1134 1346 deret,
1157 1315 1235 1349 quasi
1260 1319 1382 1343 extrema
1405 1315 1535 1342 laborans
1559 1315 1652 1350 inopia
1667 1334 1674 1347 ,
1699 1315 1828 1342 veniebat

1040 1368 1100 1386 cum
1121 1361 1222 1395 populo
1243 1360 1276 1387 ad
1293 1361 1416 1388 divinam
1436 1362 1581 1389 ecclesiam
1602 1361 1648 1388 die
1670 1361 1829 1392 Dominico.

1042 1406 1148 1441 1204
1175 1411 1201 1433 et
1224 1407 1333 1434 divinos
1359 1406 1489 1434 audiebat
1515 1414 1675 1440 sermones,
1697 1409 1723 1434 ct
1749 1414 1830 1434 aures

1041 1451 1180 1485 praebebat
1194 1451 1354 1479 doctoribus
1373 1471 1380 1484 ,
1397 1457 1424 1479 et
1438 1452 1560 1486 mystica:
1575 1459 1677 1479 mensa:
1692 1451 1830 1486 particeps

1041 1496 1148 1529 factus,
1186 1497 1294 1525 redibat
1322 1498 1355 1525 ad
1382 1505 1483 1525 novum
1509 1498 1598 1525 illud'
1621 1497 1828 1530 habitaculum,

1041 1551 1094 1570 non
1113 1544 1216 1570 clavem
1241 1543 1364 1576 habens,
1393 1551 1449 1571 non
1476 1550 1582 1576 seram,
1606 1551 1658 1570 nec
1687 1544 1828 1571 custodem

1041 1589 1126 1616 ullum
1155 1589 1333 1624 relinquens,
1360 1589 1424 1624 quia
1450 1589 1555 1616 invium
1578 1593 1638 1617 erat
1659 1597 1829 1624 prorsusque

1040 1635 1198 1663 inviolabile
1211 1635 1358 1670 maleﬁcis,
1373 1639 1402 1662 ut
1417 1635 1490 1671 quod
1507 1638 1606 1671 praeter
1617 1639 1736 1663 stoream
1753 1636 1828 1663 illam

1040 1683 1109 1711 nihil
1127 1683 1249 1711 haberet.
1268 1683 1358 1711 Unum
1378 1683 1478 1710 librum
1499 1682 1669 1711 a'sodalibus
1690 1683 1828 1718 accipiens

1039 1732 1128 1756 totum
1154 1729 1327 1764 perlegebat,
1357 1728 1455 1756 ethoc
1481 1728 1559 1763 prius
1583 1729 1690 1756 reddito
1711 1729 1827 1756 alterum

1039 1775 1202 1809 accipiebat.
1224 1774 1325 1802 Verum
1343 1782 1418 1802 seras
1434 1774 1498 1801 licet
1524 1782 1579 1801 non
1609 1774 1721 1802 haberet
1742 1775 1828 1802 vecti-

1038 1821 1144 1855 busque
1158 1827 1212 1847 non
1229 1823 1363 1851 uteretur,
1379 1826 1394 1846 a
1410 1826 1529 1854 superna
1543 1819 1631 1854 gratia
1653 1819 1828 1846 custodieba-

1038 1871 1085 1894 tur
1108 1875 1115 1893 :
1138 1865 1213 1901 quod
1236 1865 1347 1900 quidem
1364 1865 1534 1900 experientia
1552 1865 1613 1900 ipsa
1638 1864 1745 1900 liquido
1765 1872 1827 1899 per-

1039 1913 1189 1948 speximus.
1217 1911 1284 1938 Nam
1309 1919 1365 1946 quo
1388 1915 1511 1946 tempore
1533 1912 1692 1938 Isaurorum
1718 1913 1827 1937 caterva

1037 1965 1120 1987 noctu
1148 1966 1240 1986 arcem
1270 1959 1360 1993 cepit,
1391 1964 1526 1992 maneque
1551 1957 1586 1984 ad
1614 1956 1715 1984 montis
1742 1964 1829 1991 usque

1037 2005 1145 2032 radices
1158 2004 1312 2039 progressi,
1328 2004 1464 2039 plurimos
1478 2008 1535 2031 tum
1550 2003 1625 2031 viros
1636 2006 1693 2030 tum
1711 2003 1828 2030 fetutinas

1037 2051 1120 2078 vitam
1137 2055 1250 2085 agentes
1274 2051 1456 2079 monasticam
1479 2050 1610 2078 atrociter
1625 2049 1826 2080 confoderunt,

1037 2096 1079 2124 vir
1089 2096 1133 2123 hic
1143 2096 1253 2124 divinus
1266 2096 1381 2123 aliorum
1390 2096 1479 2124 caedes
1491 2095 1610 2127 intuens,
1619 2096 1728 2122 illorum
1740 2095 1828 2122 oculis

1037 2149 1119 2178 prece
1133 2148 1183 2170 sua
1202 2141 1331 2169 tenebras
1349 2141 1466 2173 offudit,
1487 2141 1523 2168 ita
1541 2141 1694 2176 utjanuam
1716 2145 1828 2176 praster-

1037 2193 1134 2216 euntes
1150 2195 1204 2215 non
1227 2193 1384 2215 cernerent.
1402 2186 1437 2214 Ut
1452 2192 1542 2215 autem
1563 2187 1712 2219 referebat,
1730 2191 1826 2214 testem

194 2228 259 2264 εὐχῇ
277 2230 327 2261 τὰς
341 2230 452 2257 ἐκείνων
465 2231 588 2266 κατεμαύ
595 2240 681 2267 ρωσεν
693 2233 769 2268 ὄψεις
779 2243 785 2249 ·
805 2235 853 2261 καὶ
865 2235 908 2262 διὰ
935 2237 985 2272 τῆς

1041 2235 1179 2270 appellans
1191 2233 1342 2265 veritatem,
1359 2236 1415 2260 tres
1425 2233 1508 2260 etiam
1521 2233 1710 2260 adolescentes
1723 2232 1828 2267 perspi-

194 2273 280 2310 θύρας
311 2275 395 2308 ἰόντες
421 2276 472 2303 οὐκ
504 2276 640 2312 ἐθεώρουν
670 2278 718 2314 τὴν
751 2280 863 2308 εἴσοδον.
892 2281 934 2313 Ὧς
956 2283 984 2310 δὲ

195 2319 307 2353 ἔφασκε,
341 2322 467 2357 μάρτυρα
498 2322 589 2349 καλῶν
614 2323 662 2359 τὴν
679 2324 819 2360 ἀλήθειαν,
844 2327 891 2353 καὶ
921 2329 984 2364 τρία

1038 2290 1088 2310 cue
1105 2281 1182 2314 vidit,
1199 2281 1244 2316 qui
1259 2284 1346 2307 totum
1362 2279 1429 2307 illud
1448 2287 1545 2314 agmen
1564 2278 1754 2314 proﬂigabant,
1773 2277 1828 2305 Deo

1038 2328 1206 2364 peculiarem
1230 2334 1307 2354 suam
1332 2326 1448 2361 gratiam
1470 2329 1564 2359 aperte
1580 2325 1797 2353 demonstrante.

196 2367 328 2402 μειράκια
341 2367 463 2402 ἐναργῶς
476 2368 608 2396 ἐθεάσατο
620 2369 692 2397 am
704 2371 791 2398 ἐκεῖνο
815 2371 990 2405 ἐξελαύνοντα
1016 2377 1047 2404 τὸ
1067 2375 1172 2410 στίφος,
1191 2372 1285 2407 σαφῶς
1298 2372 1345 2401 τοῦ
1362 2371 1430 2399 Θεοῦ
1447 2371 1498 2407 τὴν
1525 2371 1627 2399 οἰκείαν
1652 2371 1732 2406 χάριν
1760 2371 1826 2397 ὐπο-

194 2413 355 2447 δεικνύντος.

168 2455 180 2504 ξ
235 2461 343 2488 Ὀποῖον
359 2462 408 2497 μὲν
422 2459 469 2489 οὖν
483 2462 531 2498 ἔζη
549 2463 606 2498 βίον
620 2465 634 2491 ὁ
647 2464 718 2497 θεῖος
741 2463 820 2500 οὗτος
838 2468 918 2504 ἀνὴρ,
934 2470 982 2497 καὶ

195 2505 252 2537 οῖας
273 2506 365 2534 θεόθεν
389 2507 532 2543 ἀπήλαυσε
561 2509 682 2545 χάριτος,
711 2511 819 2548 ἀπόχρη
838 2514 886 2541 καὶ
898 2515 984 2542 ταῦτα

195 2552 309 2586 διδάξαι.
325 2553 405 2581 Ἀλλὰ
421 2554 476 2590 γὰρ
491 2556 640 2590 ἀναγκαῖον
659 2557 769 2584 κάκεῖνο
782 2559 886 2592 τούτοις
901 2569 985 2596 προσ-

196 2598 292 2626 θεῖναι.
313 2600 380 2626 Δίαν
403 2600 484 2627 αὐτὸν
508 2601 572 2636 ἡνία
598 2603 646 2629 καὶ
668 2603 774 2637 ἔδακνε,
804 2605 835 2632 τὸ
847 2606 984 2642 διαμεῖναι

196 2644 245 2680 τὴν
273 2647 455 2682 περιουσίαν,
485 2647 532 2674 καὶ
564 2648 601 2683 μὴ
635 2649 706 2676 κατὰ
733 2650 779 2676 τὸν
808 2652 985 2686 εὐαγγελικδν

196 2691 379 2726 διαπραθῆναί
400 2701 429 2719 τε
447 2693 495 2719 καὶ
512 2693 709 2729 διανεμηθῆναι
733 2696 824 2730 νόμον,
848 2697 938 2724 Αἴτιον
957 2697 986 2724 δέ

196 2737 292 2764 τούτου
306 2735 339 2773 ἦν
349 2738 398 2772 τῆς
410 2739 462 2765 τῶν
471 2739 592 2774 ἀδελφῶν
604 2740 712 2775 ἡλικίας
724 2741 753 2768 τὸ
768 2742 869 2777 ἄωρον.
877 2743 986 2779 Ἐπειδὴ

198 2784 252 2818 γὰρ
275 2783 352 2811 κοινὰ
368 2783 402 2820 ἦν
417 2786 451 2812 τά
465 2794 494 2812 τε
509 2787 646 2821 κτήματα,
669 2788 716 2814 καὶ
731 2788 766 2814 τὰ
781 2789 921 2825 χρήματα,
939 2790 987 2816 αὑ·

191 2819 245 2878 ὶτδς
262 2831 311 2865 μὲν
326 2819 488 2858 καταλαϐεῖν
504 2819 698 2868 τῆς-’διανομῆς
828 2819 888 2870 ’τὴν
913 2819 989 2869 ἐνεγο

203 2876 303 2904 κοῦσαι)
318 2877 366 2903 οὐκ
382 2876 477 2912 ἢθελεν
495 2885 501 2892 ’
522 2878 605 2914 ἑτέρῳ
617 2879 644 2905 δὲ
663 2880 712 2914 τῆς
733 2880 826 2912 οὐςίας
843 2881 989 2908 ἀπςῖέσθαι

1072 2464 1187 2499 Qualem
1205 2470 1272 2497 ergo
1289 2462 1372 2490 vitam
1387 2463 1429 2489 vir
1449 2462 1500 2490 iste
1516 2466 1628 2490 sanctus
1649 2462 1775 2496 duxerit,
1798 2467 1827 2491 et

1038 2519 1120 2547 qnam
1136 2509 1268 2538 divinitus
1286 2509 1402 2544 gratiam
1428 2508 1579 2543 acceperit,
1598 2507 1706 2535 abunde
1725 2508 1826 2539 docere

1039 2559 1096 2586 haec
1118 2561 1235 2592 possunt
1267 2566 1273 2583 ε
1304 2555 1352 2583 sed
1380 2559 1472 2582 tamen
1501 2554 1567 2582 illud
1587 2554 1670 2582 etiam
1694 2555 1737 2583 his
1762 2555 1824 2583 addi

1039 2611 1153 2632 necesse
1166 2606 1219 2630 est.
1234 2601 1359 2636 Angebat
1378 2601 1454 2627 illum
1469 2600 1624 2634 urebatque
1641 2601 1827 2630 vehementer.

1040 2649 1113 2686 quod
1136 2649 1249 2683 integrae
1271 2651 1413 2674 manerent
1429 2647 1516 2682 ipsius
1532 2646 1695 2677 facultates.
1722 2651 1750 2674 et
1772 2655 1826 2674 non

1037 2697 1116 2731 juxta
1146 2696 1231 2730 legem
1263 2693 1448 2729 evangelicam
1473 2693 1590 2720 vendita:
1617 2700 1649 2720 ac
1675 2693 1828 2720 distributae

1041 2742 1168 2770 fuissent.
1186 2741 1277 2769 Causa
1295 2744 1386 2767 autem
1403 2739 1463 2774 ejus
1479 2739 1516 2766 rei
1534 2738 1625 2765 fuerat
1645 2738 1739 2766 fratris
1757 2738 1826 2765 ﬁlio-

1042 2798 1102 2818 rutn
1123 2794 1189 2816 aetas
1208 2788 1366 2815 immatura.
1387 2785 1454 2813 Nam
1475 2793 1635 2813 communes
1653 2793 1714 2812 CIII-ll
1737 2789 1828 2812 εεεριιι

1043 2835 1234 2871 possessiones
1249 2839 1275 2861 et
1292 2832 1413 2868 pecunia:
1427 2853 1433 2864 .
1450 2840 1502 2860 nec
1518 2832 1544 2858 in
1561 2832 1678 2865 patriam
1692 2831 1749 2865 ipse
1762 2831 1828 2858 divx-

1042 2882 1130 2911 sionis
1148 2881 1234 2917 gratia
1247 2879 1382 2916 proﬁcisci
1399 2879 1505 2908 rotabat
1517 2899 1524 2912 ,
1541 2881 1566 2906 cl
1585 2878 1743 2906 facultatum
1765 2884 1817 2912 pa:
