2036 3122
211 163 278 194 1399

208 225 264 248 tom
285 218 391 254 1205
406 216 567 245 venundare
580 216 737 249 verebatur,
754 224 789 244 ne
799 216 822 244 si
837 216 950 244 avarius
965 216 1000 244 ab
1014 218 1037 247 Α

209 266 380 301 emptoribus
402 267 591 291 tractarentur
614 261 731 290 fratrum
755 262 826 297 lilii,
854 263 883 290 in
909 263 1000 298 ipsum

210 310 356 338 calumniae
373 308 572 337 redundarent.
598 307 662 336 Haec
683 307 756 343 apud
779 315 811 336 se
833 309 926 336 animo
941 316 1001 336 ver-

210 363 276 385 sans
286 355 472 382 venditionem
491 354 538 381 diu
557 354 675 382 distulit.
696 353 795 382 Postea
815 361 878 382 cum
892 354 1001 382 cuidam

210 409 243 430 ex
260 401 314 430 sibi
341 401 415 428 notis
429 400 523 428 omnia
539 399 725 432 vendidisset,
754 407 879 436 magnam
895 405 1000 436 partem

210 447 271 482 Ipse
295 446 467 479 distribuit”
487 453 519 474 ac
542 445 576 474 de
600 446 709 474 caeteris
736 446 888 474 deliberare
906 446 1002 473 morbo

210 494 413 523 luterveniente
438 497 552 521 coactus
575 497 629 520 est.
653 492 752 520 Aceito
775 492 860 527 igitur
881 492 1002 520 civitatis

210 539 336 567 antistite
357 540 393 575 (is
408 543 499 566 autem
521 543 582 566 erat
597 546 713 574 magnus
730 538 898 572 Alexander,
910 537 1003 573 splen-

212 587 264 614 dor
282 585 426 620 religionis
440 607 448 619 ,
473 586 616 620 exemplar
632 585 743 613 virtutis
756 604 763 617 ,
790 588 886 612 exacta
912 584 1003 620 imago

211 631 403 668 philosophiae)
417 641 424 660 :
444 641 454 658 ι
473 631 612 660 Adesdum
625 656 635 666 ,
657 632 746 667 inquit
757 652 765 665 ,
785 638 802 658 o
815 630 1002 659 venerandum

212 679 280 706 milii
291 683 376 714 caput
388 700 396 712 ,
409 683 469 707 esto
483 679 598 707 istarum
611 686 722 714 quoque
731 677 912 714 pecuniarum
929 677 1002 713 opti-

212 733 275 753 mus
292 726 476 761 dispensator,
491 733 538 753 eas
558 725 636 760 juxta
651 725 698 753 Dei
723 726 891 752 wluntatem
908 724 1003 752 distri—

213 771 301 798 buens
313 790 321 802 ,
337 775 469 806 tanquam
499 770 551 805 ipsi
569 770 655 805 juvlici
679 770 814 798 rationem
833 769 1001 797 redditurus.

213 817 289 845 Alias
301 817 375 845 enim
391 824 455 845 mea
469 817 528 851 ipse
541 824 623 844 manu
641 824 723 852 quam
740 815 843 851 optime
855 815 945 843 visum
960 818 1006 843 est

213 862 371 897 dispensavl
386 882 394 893 ,
413 866 444 890 et
465 862 587 897 reliquas
609 862 738 889 similiter
754 861 918 896 dispensare
942 860 1003 887 ani-

214 915 277 935 mus
290 913 359 936 erat.
379 907 433 935 Sed
444 908 576 944 quoniam
591 908 667 936 abire
681 915 716 935 ex
727 909 736 917 '
753 907 804 934 hac
817 907 873 934 vita
891 907 1002 942 jubcor,

215 954 312 981 barum
328 958 355 981 te
375 953 596 989 dispensatorem
615 954 730 982 instituo
743 975 750 987 ,
769 953 816 988 qui
835 957 863 981 et
880 952 1002 988 pontifex

215 1007 256 1033 cs,
282 1004 310 1027 et
329 999 491 1034 pontiﬁcatu
517 1000 630 1035 dignam
645 1000 729 1027 vitam
749 999 820 1034 agis.
839 1009 848 1026 ι
869 998 1005 1026 Pecunias

214 1054 281 1081 ergo
297 1046 374 1074 velut
385 1046 479 1074 divino
495 1047 628 1081 quaestori
645 1045 758 1073 tradidit
774 1055 780 1072 :
797 1045 855 1079 ipse
867 1053 933 1072 vero
950 1052 1004 1072 non

216 1092 301 1119 multo
326 1097 388 1135 post
405 1095 528 1126 tempore
553 1095 714 1127 superstes,
735 1096 865 1126 tanquam
884 1090 1006 1126 Olympi-

215 1145 265 1166 cus
284 1137 373 1165 victor
389 1138 527 1173 quispiam
555 1145 590 1165 ex
613 1137 705 1164 stadio
723 1136 863 1168 decessit,
888 1143 943 1163 non
972 1135 1006 1161 ab

215 1184 374 1212 hominibus
394 1183 604 1216 tantummodo,
632 1183 679 1211 sed
703 1183 737 1210 ab
764 1182 869 1217 angelis
895 1188 1006 1216 quoque

217 1229 310 1257 laudes
324 1229 457 1257 referens.
473 1229 528 1264 Ego
544 1233 635 1256 autem
650 1229 725 1256 hunc
744 1228 827 1255 etiam
850 1227 916 1254 milii
933 1225 1006 1262 apud

216 1274 302 1302 Deum
321 1273 532 1302 intercessorem
558 1273 729 1309 deposcens,
751 1272 785 1300 ad
801 1273 917 1300 alteram
943 1279 1011 1299 nar-

216 1320 354 1348 rationem
373 1320 505 1356 deinceps
518 1326 562 1347 me
577 1323 747 1347 convertam.

430 1411 501 1439 XIII.
516 1427 549 1433 —-
558 1410 792 1440 MACEDONIUS.

253 1458 444 1487 Macedonium
460 1465 544 1491 vero,
564 1459 612 1494 qui
624 1458 807 1494 Critopbagus
821 1457 859 1493 (id
872 1461 930 1490 est.
944 1458 1009 1485 hor-

216 1504 296 1532 deum
322 1505 413 1540 edam)
435 1504 590 1540 appellatus
609 1507 652 1532 est
671 1503 735 1539 (hoc
749 1503 822 1531 enim
838 1503 879 1531 illi
903 1510 1008 1539 cogno-

217 1559 280 1579 men
302 1558 367 1579 esea
393 1551 468 1579 dedit
486 1558 540 1586 qua
554 1550 745 1585 vescebatur).
770 1553 873 1578 norunt
894 1550 1004 1586 quidem
1021 1567 1043 1596 α

215 1605 313 1625 omnes
327 1601 354 1625 et
368 1597 511 1625 Phoenices
521 1618 529 1630 ,
544 1600 572 1624 et
587 1596 667 1632 Syri,
679 1601 704 1624 et
718 1596 838 1629 Cilices;
863 1599 971 1623 norunt
980 1600 1008 1623 et

217 1644 334 1672 istorum
352 1643 435 1671 vicini
450 1647 532 1678 atque
546 1642 651 1670 ﬁnitimi
666 1649 804 1677 :quorum
813 1641 860 1668 alii
876 1641 1009 1669 miracula

217 1689 270 1717 viri
291 1689 380 1717 oculis
404 1688 469 1716 suis
480 1688 624 1721 viderunt,
641 1687 689 1714 alii
708 1687 816 1722 1.206
838 1686 937 1714 famam
962 1686 1008 1714 illa

218 1735 414 1771 praedicantem
430 1738 459 1762 et
482 1733 667 1762 celebrantem
689 1734 864 1761 audiverunt.
885 1732 941 1760 Neo
965 1737 1008 1760 ta-

216 1789 281 1809 men
296 1780 392 1808 omnia
405 1780 496 1808 sciunl
515 1787 613 1808 omnes
630 1789 637 1807 :
663 1779 711 1807 sed
731 1787 794 1806 cum
813 1779 867 1806 hoc
887 1779 932 1806 isti
944 1799 952 1809 ,
969 1779 1007 1806 illi

217 1827 292 1856 aliud
308 1827 475 1859 didicerint,
499 1827 572 1862 quod
587 1827 705 1862 quisque
727 1830 847 1858 norunt,
870 1826 896 1853 id
911 1826 1010 1853 merito

217 1874 307 1901 solum
324 1871 506 1900 admirantur.
531 1871 588 1907 Ego
614 1876 725 1903 autem,
744 1871 790 1906 qui
816 1870 900 1898 divini
927 1870 1009 1905 hujus

217 1919 269 1947 viri
299 1926 343 1947 res
371 1918 480 1946 ceteris
503 1917 662 1945 accuratius
697 1917 779 1949 novi,
804 1916 906 1952 quippe
927 1924 1007 1951 quem

217 1965 251 1992 ad
266 1972 328 1992 eum
343 1963 488 1992 visendum
504 1962 769 1998 suspiciendumque
789 1962 873 1989 multa
887 1962 1009 1998 impelle-

217 2012 304 2043 bant,
323 2010 432 2045 singula
461 2017 512 2044 pro
538 2009 653 2036 viribus.
673 2009 743 2036 meis
762 2002 908 2043 exponam.
931 2006 1009 2034 llunc

217 2060 311 2084 autem
330 2056 369 2084 illi
382 2056 508 2084 ordinem
522 2055 662 2083 reservavi
677 2075 684 2087 ,
705 2060 732 2083 et
748 2058 810 2090 post
830 2055 934 2082 multos
949 2054 1010 2090 eius

218 2102 387 2130 mentionem
409 2101 543 2130 collocavi
558 2122 566 2134 ,
591 2109 646 2130 non
661 2101 735 2137 quod
753 2101 855 2128 virtute
873 2101 1010 2136 posterior

217 2149 281 2178 aliis
295 2153 372 2178 esset
379 2149 454 2185 (cum
468 2149 585 2177 summis
597 2149 672 2177 enim
689 2148 844 2184 primisque
859 2147 1014 2183 certabat),

218 2197 266 2225 sed
284 2197 348 2233 quia
370 2204 436 2224 cum
460 2196 649 2231 longissimam
675 2195 776 2224 vixerit
797 2198 904 2223 aetatem
919 2215 926 2228 ,
948 2199 1011 2230 post

219 2243 280 2272 lllos
297 2243 397 2279 quibus
411 2243 523 2270 memini
539 2242 664 2270 excessit
678 2249 694 2270 e
710 2242 777 2270 vita.

253 2287 304 2316 ilic
319 2295 385 2324 ergo
405 2295 456 2324 pro
468 2288 597 2323 palaestra
617 2291 645 2315 et
662 2288 754 2315 stadio
770 2288 907 2316 montium
923 2287 1010 2315 verti-

218 2343 265 2363 ces
279 2335 375 2362 habuit
386 2355 394 2367 ,
411 2342 465 2362 non
481 2341 538 2362 uno
552 2334 614 2361 loco
625 2333 723 2362 aﬂixus
736 2354 743 2366 ,
762 2334 809 2362 sed
825 2341 899 2362 nunc
915 2334 942 2362 in
958 2335 1010 2362 hoc

218 2383 337 2417 degens.
354 2389 428 2409 nunc
441 2381 607 2416 migransin
623 2379 718 2407 alium.
734 2380 814 2414 Quod
828 2381 941 2416 quidem
956 2388 1010 2408 non

219 2434 252 2454 eo
277 2426 413 2458 faciebat,
436 2426 510 2461 quod
528 2426 587 2452 loca
603 2425 684 2453 taedio
700 2430 793 2454 essent
807 2446 814 2459 ,
833 2426 881 2454 sed
900 2430 930 2453 ut
946 2434 1011 2454 con-

219 2473 363 2500 fluentium
389 2470 422 2498 ad
445 2478 475 2498 se
496 2475 524 2498 et
542 2470 666 2506 undlqne
687 2473 891 2500 accurrentium
916 2473 1011 2500 turbas

221 2517 363 2553 effugeret.
380 2517 476 2544 Annos
491 2517 614 2552 quinque
630 2522 657 2545 et
668 2518 850 2554 quadraginta
863 2519 915 2546 hoc
930 2519 1011 2546 modo

220 2563 309 2595 (luxit,
323 2563 400 2590 nullo
411 2567 491 2590 utens
508 2562 697 2597 tabernaculo,
716 2571 768 2592 nec
780 2565 898 2599 tugurio,
914 2565 961 2592 sed
984 2565 1010 2591 in

221 2609 357 2644 profunda
381 2615 500 2636 caverna
522 2616 656 2637 manens:
671 2610 744 2638 unde
764 2615 793 2638 et
807 2610 912 2638 Gubam
934 2611 1010 2638 illum

220 2654 332 2690 quidam
342 2653 653 2690 cognominabant,quae
663 2663 726 2688 vox,
740 2654 873 2692 Syrorum
881 2656 973 2692 lingua
984 2657 1011 2684 in

221 2703 342 2728 Grzecam
358 2708 500 2733 conversa,
520 2701 607 2728 lacum
619 2702 768 2737 signiﬁcat.
783 2702 849 2730 Post
862 2703 888 2730 id
903 2707 1012 2738 tempus

219 2748 273 2782 jam
294 2745 387 2773 senior
410 2745 498 2774 factus
511 2767 518 2780 ,
534 2747 679 2775 orantibus
692 2747 793 2779 cessit,
818 2751 846 2775 et
868 2748 1010 2783 tugurium

221 2791 357 2819 exstruxit
386 2800 392 2818 :
421 2799 453 2819 ac
483 2796 577 2827 postea
616 2792 700 2820 etiam
732 2792 884 2820 amicorum
915 2799 1009 2829 rogatu

220 2837 396 2866 domunculis
408 2838 415 2848 '
431 2846 541 2874 quoque
566 2846 634 2866 usus
651 2842 711 2873 est,
728 2847 783 2867 non
805 2838 924 2875 propriis
940 2861 946 2873 ,
965 2842 1011 2868 sed

221 2883 338 2912 alienis:
352 2884 510 2920 peregiique
526 2884 553 2912 in
571 2885 681 2920 tugurio
694 2884 906 2915 etdomunculis
923 2893 1009 2915 annos

685 156 930 187 ΤΗΕΟΠΟΒΕΤΙ
963 157 1133 188 EPISCOPI
1158 159 1345 190 CYRENSIS

1027 2245 1053 2273 D.

1051 216 1082 244 τδ
1103 218 1188 254 μέρος
1215 219 1323 250 ἐδεδίει,
1340 220 1378 255 μὴ
1401 219 1545 256 πλεονεξίᾳ
1558 221 1582 247 οί
1606 221 1757 257 ὠνούμενοι
1778 221 1848 248 κατὰ

1052 263 1106 292 τῶν
1121 264 1244 299 ἀδελφῶν
1260 266 1441 302 χρησάμενοι,
1460 268 1648 304 βλασφημίαις
1671 268 1754 296 αὖτδν
1770 275 1849 302 περι-

1053 311 1168 338 ϐἀλωσι.
1183 311 1303 344 Τούτους
1317 313 1347 340 ἐν
1358 313 1448 349 ἑαυτῷ
1461 315 1586 350 στρέφων
1605 315 1669 347 τοὺς
1683 314 1846 349 λογισμοὺς,

1053 357 1137 384 πολὺν
1151 357 1202 392 τὴν
1220 357 1351 384 ἀπόδοσιν
1364 359 1526 386 ἀνεϐάλλετο
1549 360 1657 396 χρόνον,
1686 359 1803 394 ὕστερον
1819 357 1850 384 δέ

1052 411 1106 430 τινι
1132 402 1188 429 τῶν
1215 403 1362 439 γνωρίμων
1390 404 1558 441 ἀποδόμενος
1586 405 1711 436 ἃπαντα,
1735 404 1771 431 τὰ
1799 403 1850 439 μὲν

1054 449 1171 477 πλεῖστα
1184 449 1315 485 διένειμε,
1333 450 1436 487 μεταξὺ
1449 451 1477 478 δὲ
1489 451 1631 488 ἀρρωστία
1643 450 1773 486 συμϐᾶσα
1784 450 1851 484 περὶ

1052 495 1107 523 τῶν
1121 496 1296 532 λειπομένων,
1312 497 1508 532 βουλεύσασθαι
1525 497 1733 532 κατηνάγκασε.
1756 496 1851 522 Μετα-

1053 541 1233 577 πεμψάμενος
1249 542 1338 568 τοίνυν
1355 542 1401 569 τὸν
1419 542 1470 577 τῆς
1488 542 1592 572 πόλεως
1610 541 1746 577 πρόεδρον
1759 539 1804 576 (ἦν
1820 541 1850 567 δὲ

1052 587 1068 614 ὁ
1081 586 1167 622 μέγας
1185 587 1385 623 Ἀλέξανδρος),
1404 587 1435 614 τὺ
1450 587 1500 622 τῆς
1522 586 1664 618 εὐσεϐείας
1695 586 1849 620 ἀγλάϊσμα,

1053 633 1104 668 τῆς
1116 633 1218 668 ἀρετῆς
1228 634 1258 660 τὸ
1274 633 1440 669 ἀρχέτυπον,
1454 634 1471 669 ἡ
1487 633 1606 669 ἀκριϐὴς
1621 634 1671 668 τῆς
1687 632 1850 668 φιλοσοφίας

1054 679 1145 712 εἰκὼν,
1170 679 1282 715 «Δεῦρο,
1300 679 1364 715 ἔφη,
1377 676 1399 706 ὦ
1415 679 1474 706 Ποία
1492 688 1538 714 μοι
1558 679 1675 715 κεφαλὴ,
1688 678 1769 712 γενοῦ
1801 679 1850 704 καὶ

1053 724 1138 751 τῶνδε
1152 724 1206 752 τῶν
1235 725 1385 760 χρημάτων
1409 725 1520 760 ἄριστος
1547 725 1701 760 οἰκονόμος,
1715 723 1788 750 κατὰ
1804 722 1850 749 τδν

1055 771 1125 798 θεῖον
1158 771 1230 798 αὐτά
1258 770 1393 806 διανέμων
1417 770 1529 801 σκοπὸν,
1545 770 1583 802 ὡς
1600 769 1748 805 ἐκείνῳτῷ
1767 770 1849 804 κριτῇ

1054 817 1105 849 τὰς
1117 817 1232 848 εὐθύνας
1249 816 1364 850 ὐψέξων.
1380 816 1441 842 Τῶν
1458 816 1508 852 μὲν
1520 816 1574 852 γὰρ
1587 816 1675 843 ἄλλων
1696 814 1851 850 αὑτουργδς

1055 863 1190 898 ἐγενόμην
1209 863 1274 897 ἐγὼ,
1290 863 1336 890 καὶ
1357 859 1500 899 διέδωκαῇ
1520 862 1646 897 ἐνόμιζον
1668 862 1786 897 ἄρισται
1802 861 1850 887 καὶ

1057 910 1091 937 τὰ
1106 909 1255 945 λειπόμενα
1270 909 1298 936 δὲ
1308 909 1512 945 ,παραπλησίως
1522 909 1675 944 οἷκονομεῖν
1686 907 1848 942 ἐϐουλόμην.

1065 957 1173 991 Ἐπειδὴ
1184 956 1212 983 δέ
1224 957 1256 982 ἐκ
1270 956 1348 982 τοῦδε
1368 955 1416 982 τοῦ
1431 955 1489 990 βίου
1511 954 1664 990 μεταϐῆναι
1687 953 1849 988 κελεῦομαι,

1059 1003 1088 1029 σὲ
1103 1003 1207 1030 τούτων
1222 1003 1364 1038 οἰκονόμον
1381 1002 1543 1036 καθίστημι,
1565 1001 1697 1037 ἀρχιερέα
1719 1009 1748 1027 τε
1773 1000 1849 1031 bna.

1058 1050 1106 1076 καὶ
1134 1049 1185 1083 τῆς
1207 1049 1414 1085 ἀρχιερωσύνης
1440 1048 1524 1082 ἀξίως
1549 1047 1770 1082 πολιτευόμενον.
1785 1055 1794 1072 ι
1809 1045 1852 1072 Τὰ

1059 1096 1108 1131 μὲν
1124 1093 1170 1122 οὖν
1183 1095 1314 1131 χρήματα
1330 1095 1368 1126 ὡς
1387 1094 1451 1130 Οείῳ
1467 1093 1554 1130 ταμία
1578 1093 1787 1129 παραδέδωκεν·
1801 1092 1851 1119 αὒ-

1057 1141 1103 1173 τδς
1112 1141 1141 1168 δὲ
1156 1141 1186 1168 οὗ
1210 1141 1294 1168 πολὺν
1317 1140 1468 1172 ἐπιϐιώσας
1494 1140 1601 1176 χρόνον,
1628 1138 1673 1166 οἷά
1687 1147 1729 1171 τις
1749 1139 1850 1173 Ὀλυμ-

1058 1187 1185 1223 πιονίκης
1214 1187 1268 1214 ἀπὸ
1292 1187 1347 1214 τῶν
1374 1186 1545 1221 σκαμμάτων
1569 1185 1694 1221 ἀπῆρεν,
1719 1184 1749 1211 οὐ
1775 1183 1852 1219 παρὰ

1058 1233 1211 1269 ἀνθρώπων
1228 1233 1319 1268 μόνον,
1338 1232 1407 1259 ἀλλά
1428 1231 1475 1258 καὶ
1493 1231 1569 1266 παρά
1595 1231 1719 1266 ἀγγέλων
1736 1230 1787 1266 τὴν
1807 1230 1851 1256 εὺα

1059 1280 1163 1315 φημίαν
1192 1279 1350 1314 δεξάμενος.
1377 1278 1449 1313 Ἐγὼ
1470 1278 1498 1304 δὲ
1524 1278 1570 1305 καὶ
1594 1277 1689 1304 τοῦτον
1711 1276 1781 1312 πρὸς
1805 1275 1860 1302 τὸν»

1059 1326 1198 1360 Δεσπότην
1226 1325 1296 1360 ὑπὲρ
1320 1324 1388 1360 ἐμοῦ
1412 1323 1574 1359 πρεσϐεύειν
1604 1322 1796 1356 ἀντιϐολήσας,
1811 1322 1852 1354 εἰς

1059 1371 1156 1408 ἑτέραν
1172 1371 1297 1406 διήγησιν
1308 1371 1354 1398 τοῦ
1374 1370 1469 1397 λοιποῦ
1483 1370 1697 1406 μετατρέψομαι.

1291 1417 1377 1444 1Γ¹.-
1393 1415 1630 1444 ΜΑΚΕΔΟΝΙΟΣ.

1094 1463 1260 1491 Μακεδόνων
1281 1463 1319 1495 δέ,
1347 1463 1393 1489 τδν
1418 1462 1533 1498 ἐπίκλην
1557 1461 1734 1497 Κριθοφάγον
1747 1460 1780 1496 (ἠ
1798 1459 1855 1494 γὰρ

1059 1510 1148 1538 τοιάδε
1159 1509 1247 1546 τροφὴ
1261 1510 1363 1546 ταύτην
1378 1509 1454 1544 αὒτῷ
1471 1509 1520 1545 τὴν
1531 1508 1691 1543 ἐπωνυμίαν
1704 1506 1850 1542 ἐπέθηκεν)

1062 1557 1135 1584 ἴσασι
1147 1557 1196 1592 μὲν
1211 1556 1341 1588 ἅπαντες,
1355 1555 1479 1588 Φοίνικές
1493 1563 1534 1588 τε,
1550 1554 1597 1581 καὶ
1608 1554 1700 1590 Σύροι,
1713 1553 1760 1580 καὶ
1775 1553 1852 1579 Κίλι-

1058 1611 1106 1635 κες
1115 1611 1121 1618 ·
1139 1603 1213 1630 ῐσασι
1229 1602 1257 1629 δέ
1264 1602 1313 1629 καὶ
1321 1599 1557 1636 οἱτούτωνόμοροί
1568 1609 1598 1626 τε
1610 1599 1787 1633 καὶγείτονες
1802 1606 1809 1612 ·
1821 1598 1846 1624 οι

1061 1648 1109 1684 μὲν
1123 1647 1255 1674 αὐτόπται
1267 1646 1320 1673 τῶν
1330 1646 1376 1673 τοῦ
1389 1645 1485 1680 ἀνδρδς
1498 1644 1646 1680 θαυμάτων
1657 1644 1811 1678 γενόμενοι.
1827 1643 1859 1668 oi’

1058 1693 1243 1729 ἃτῆςφήμης
1258 1692 1374 1729 ᾀδούσης
1382 1691 1468 1718 ταῦτα
1476 1691 1522 1717 καὶ
1541 1689 1706 1727 θρυλλούσης
1719 1687 1853 1716 ἀκούσαν-

1059 1746 1114 1770 τες.
1122 1738 1160 1764 Οὐ
1168 1737 1221 1772 μὴν
1226 1736 1344 1768 ἅπαντες
1352 1737 1442 1763 ἴσασιν
1447 1735 1566 1768 ἅπαντα,
1575 1734 1633 1761 ἀλλ’
1642 1735 1665 1761 ol
1675 1733 1725 1770 μέν
1733 1733 1854 1765 τοῦτο,οι

1063 1783 1091 1809 δὲ
1107 1783 1194 1809 ἐκεῖνο
1206 1782 1406 1818 μεμαθηκότες,
1415 1781 1429 1808 ὂ
1441 1780 1623 1816 γινώσκουσιν
1633 1779 1750 1810 εἰκότως
1766 1779 1846 1814 μόνον

1060 1829 1255 1865 θαυμάζουσιν.
1279 1828 1349 1862 Ἐγὼ
1362 1828 1402 1860 δὲ,
1419 1827 1453 1855 τὰ
1476 1827 1549 1854 κατά
1565 1827 1616 1862 τὴν
1634 1826 1708 1853 θείαν
1728 1825 1792 1860 ἐμοὶ
1809 1833 1853 1850 xs-

1060 1875 1149 1911 φαλὴν
1163 1875 1220 1902 τῶν
1230 1868 1339 1901 ιπολλῶν
1355 1874 1550 1912 ἀκριϐέστερον
1563 1873 1745 1908 ἐπιστάμενος
1758 1871 1854 1907 (πολλά

1059 1922 1114 1956 γάρ
1127 1930 1171 1957 μοι
1182 1921 1248 1956 παρ’
1261 1920 1342 1947 αὑτὸν
1356 1919 1484 1948 ξέναι-καὶ
1500 1919 1653 1955 Θαυμάζειν
1667 1916 1852 1953 προέτρεπε),

1059 1966 1224 2002 διηγήσομαι
1240 1964 1279 1996 ὡς
1297 1965 1330 1992 ἂν
1346 1963 1596 1999 ἕκασταδύνωμαι.
1613 1961 1724 1996 Ταύτην
1737 1960 1766 1986 δὲ
1779 1958 1853 1993 αὖτῷ

1061 2013 1110 2049 τὴν
1120 2013 1197 2045 τάξιν
1227 2013 1378 2048 τετήρηκα,
1408 2012 1455 2039 καὶ
1486 2011 1556 2046 μετά
1586 2009 1702 2041 πολλοὺς
1728 2006 1811 2034 αὑτοῦ
1824 2006 1861 2032 τδ-

1060 2058 1184 2094 διήγημα
1193 2057 1317 2089 τέθεικα,
1332 2058 1382 2084 οὐκ
1393 2057 1486 2092 ἐπειδὴ
1499 2056 1626 2091 δεύτερος
1637 2055 1692 2082 τῶν
1706 2053 1796 2081 ἀλλων
1806 2051 1860 2086 τὴν

1060 2104 1236 2140 ἀρετὴν(τοϊς
1251 2104 1306 2140 γάρ
1321 2104 1414 2139 ἄκροις
1432 2103 1480 2130 καὶ
1495 2102 1614 2140 πρώτοις
1631 2100 1782 2137 ἐφάμιλλος
1798 2096 1853 2134 ἦν).

1061 2151 1118 2179 ἀλλ’
1133 2152 1174 2178 ὃτι
1188 2151 1284 2186 χρόνον
1300 2149 1440 2186 βεϐιωκὼς
1453 2150 1494 2176 ὃτι
1514 2149 1633 2185 μάλιστα
1644 2147 1782 2177 πλεῖστον,
1797 2144 1861 2180 μετ’·

1061 2197 1183 2229 ἐκείνους
1194 2194 1382 2233 ὧν-ἐμνήσοην
1393 2195 1440 2223 τοῦ
1455 2195 1513 2231 βίου
1527 2195 1558 2222 τὸ
1568 2195 1658 2230 πέρας
1673 2193 1794 2226 ἐδέξατο.

1098 2284 1183 2321 Οὗτος
1205 2288 1296 2315 τοίνυν
1319 2288 1491 2324 παλαίστραν
1514 2287 1589 2322 ἔσχε,
1607 2286 1654 2313 καὶ
1668 2286 1786 2318 στάδιον,
1807 2286 1856 2316 sic

1062 2335 1116 2362 τῶν
1129 2335 1200 2371 ὀρῶν
1217 2334 1352 2371 κορυφὰς,
1372 2334 1423 2361 οὐκ
1439 2334 1482 2369 ἐφ’
1497 2334 1556 2365 ἐνδς
1578 2332 1724 2369 ἱδρυμένος
1744 2332 1854 2368 χωρίου,

1062 2381 1130 2409 ἀλλὰ
1145 2381 1193 2408 νῦν
1208 2381 1258 2417 μὲν
1276 2380 1364 2416 τούτῳ
1382 2380 1601 2416 ἐνδιαιτώμενος,
1612 2379 1660 2406 νῦν
1676 2379 1704 2406 δέ
1716 2380 1756 2410 εἰς
1767 2379 1854 2405 ἐκεῖνο

1063 2427 1246 2463 μεταϐαίνων.
1269 2427 1373 2454 Ἐποίει
1394 2427 1423 2454 δὲ
1433 2426 1523 2460 τοῦτο,
1535 2427 1566 2453 οὐ
1583 2426 1619 2452 τὰ
1640 2425 1731 2461 χωρία
1760 2425 1853 2458 δυσχε-

1064 2473 1172 2507 ραίνων,
1187 2471 1261 2499 ἀλλά
1268 2472 1322 2498 τῶν
1335 2473 1373 2503 ὡς
1392 2471 1475 2499 αὑτὸν
1498 2471 1644 2498 συνιόντων
1659 2471 1708 2497 καὶ
1723 2469 1854 2497 πάντοθεν

1063 2518 1229 2546 συνθεόντων
1254 2518 1460 2554 ἀποδιδράσκων
1481 2518 1515 2545 τὰ
1546 2517 1648 2553 πλήθη,
1675 2517 1855 2543 Πέντεδέκαὶ

1062 2564 1268 2600 τετταράκοντα
1287 2564 1335 2599 ἐτη
1350 2564 1446 2590 τοῦτον
1463 2563 1566 2598 διάγων
1585 2563 1720 2590 διετέλεσε
1739 2562 1854 2598 τὺντρό-

1063 2619 1123 2644 πον,
1137 2611 1168 2637 οὐ
1181 2611 1268 2647 σκηνῇ
1302 2610 1454 2646 χρώμενος,
1468 2610 1499 2637 οὐ
1517 2609 1634 2646 καλύϐῃ.
1658 2609 1717 2636 ἀλλ’
1733 2610 1763 2636 ἐν
1791 2609 1853 2643 eps-

1062 2665 1146 2692 γματι
1161 2656 1238 2691 βαθεῖ
1254 2656 1304 2692 τὴν
1319 2656 1414 2683 στάσιν
1427 2655 1598 2690 ποιούμενος,
1613 2655 1674 2682 ὅθεν
1689 2655 1736 2682 καὶ
1751 2654 1853 2681 Γουϐᾶν

1062 2702 1143 2729 αὐτόν
1153 2710 1224 2734 τινες
1237 2701 1416 2737 ἐπωνόμαςον
1428 2710 1435 2717 ⁶
1449 2701 1506 2728 ἀπὸ
1519 2701 1547 2728 δὲ
1563 2701 1613 2736 τῆς
1626 2700 1717 2736 Σύρας
1733 2700 1853 2735 γλώττης

1063 2749 1102 2780 είς
1113 2748 1162 2783 τὴν
1168 2748 1281 2775 Ἐλλάδα
1289 2748 1368 2775 τοῦτο
1379 2748 1599 2784 μεταφερόμενον
1607 2747 1725 2775 λάκκον
1731 2746 1854 2782 σημαίνει

1062 2794 1092 2821 τὸ
1113 2794 1209 2829 δνομα.
1236 2794 1313 2821 Μετὰ
1335 2794 1364 2821 δέ
1379 2794 1475 2822 τοῦτον
1498 2794 1544 2821 τδν
1570 2794 1666 2829 χρόνον
1700 2792 1853 2828 πρεσϐύτης

1063 2841 1217 2876 γενόμενος,
1248 2839 1302 2873 εἶξε
1320 2843 1376 2873 τοῖς
1403 2841 1566 2874 ἱκετεύουσι,
1581 2841 1628 2868 καὶ
1651 2840 1774 2876 καλύϐην
1790 2839 1854 2874 ἐπή-

1064 2886 1136 2919 ξατο.
1151 2887 1285 2924 "Tangit:
1295 2887 1323 2914 δὲ
1336 2887 1389 2915 τῶν
1400 2887 1547 2924 γνωρίμων
1572 2886 1796 2919 ἀντιϐολούντων,
1811 2885 1855 2913 καὶ
