2036 3122
164 176 235 210 ΠΟῙ
777 178 981 209 RELIGIOSA

162 235 299 269 οέκιδίοις,
327 234 378 262 οὔκ
399 235 520 268 οικείοις.
549 235 607 262 ἀλλ’
632 235 782 271 ἀλλοτρίοις
807 237 951 272 ἐχρήσατο.
970 240 990 268 Α

163 282 250 310 Πέντε
261 282 289 309 δὲ
306 283 354 309 καὶ
370 284 457 310 εῐκοσι
469 283 654 311 διατετέλεκεν
667 283 713 319 ἐτη
728 285 761 319 τῇ
783 284 888 321 διαλύσῃ
905 285 953 311 καὶ

161 332 219 362 τοῖς
237 330 359 363 οίκιδίοις
377 330 583 366 ἐνδιαιτώμενος
600 338 606 345 ·
619 330 657 362 ὡς
678 331 845 365 συνάγεσθαι
859 331 953 358 λοιπὸν

162 375 349 410 ἑϐδομήκοντα
377 375 425 411 ἔτη
441 374 495 402 τῶν
515 375 628 410 ἀγώνων
642 375 688 402 τὸν
699 376 805 411 χρόνον.
817 377 911 412 Τροφῇ
924 377 953 404 δὲ

161 421 305 456 ὲκέχρητο,
323 421 376 448 οὐκ
387 421 473 457 ἄρτῳ,
490 421 550 448 οὐδὲ
580 422 716 457 ὀσπρίοις,
746 423 814 450 ἀλλὰ
844 424 953 459 κριθαῖς

161 468 369 503 πτισσομέναις,
389 468 436 495 xui.
449 467 523 503 μόνῳ
534 467 611 495 ὕδατι
625 469 796 504 δευομέναις.
812 470 869 497 Kal
881 470 949 497 ταύ-

160 522 213 549 την
225 514 300 549 αὺτῷ
313 514 362 549 τὴν
373 514 477 550 τροφὴν
490 515 508 550 ἡ
523 515 615 550 μήτηρ
631 516 647 550 ή
666 515 730 551 ἐμὴ,
742 516 875 552 γενομένη
893 525 954 544 συν-

161 560 243 595 ήθης,
262 560 308 586 ἐπὶ
332 560 459 587 πλεῖστον
490 561 643 597 ἐχορήγησε
674 562 781 597 χρόνον.
809 562 863 589 Καί
886 571 952 589 ποτε

161 606 232 642 πρὸς
245 606 331 642 αὐτὴν
344 606 541 642 ἀρρωστοῦσαν
564 608 741 644 ἀφικόμενος,
759 606 853 644 μαθὼν
869 609 907 641 ὡς
922 609 952 636 οὐ

162 651 286 679 πείθεται
316 653 421 688 τροφῆς
451 653 619 689 καταλλήλου
641 655 675 690 τῇ
695 655 765 690 νόσῳ
790 655 953 690 μεταλαὸεἴν

162 698 218 732 (τὸν
230 698 381 733 ἀσκητικὸν
395 698 449 734 γὰρ
465 699 557 726 λοιπον
570 699 616 727 καὶ
628 700 697 735 αὑτὴ
706 692 846 736 ἠσπάζετο
862 700 920 736 βίον
931 700 951 736 ),

161 742 231 776 ιῖξαι
240 744 357 780 παρῄνει
367 746 424 777 τοῖς
438 746 549 779 ἰατροῖς,
562 746 609 773 καὶ
618 746 764 782 φάρμακον
775 747 887 782 νομίσαι
901 746 952 782 τὴν

161 790 291 826 τοιαύτην
300 792 412 827 τροφήν·
422 791 483 818 οὐδὲ
497 792 552 828 γὰρ
565 793 671 828 τρυφῆς
681 793 771 828 χάριν,
779 793 846 821 ἀλλὰ
858 794 953 829 χρείας

161 836 365 872 προσφέρεται·
378 838 457 864 (Καὶ
478 838 531 873 γὰρ
553 838 608 873 ἐγὼ
623 860 630 873 ,
657 839 721 874 ἔφη,
749 840 953 875 τετταράκοντα

161 882 208 918 ιτη
234 883 296 915 ταῖς
318 882 438 918 κριθαῖς,
470 883 508 916 ὡς
529 882 625 916 οἶσθα,
646 885 819 920 χρησάμενος
847 885 951 921 μόναις,

160 915 305 960 ἀσθενείας
328 915 373 964 μοι
395 930 428 965 τῇ
444 915 596 966 προτεραίᾳ
617 915 770 966 γενομένης
789 915 873 963 τίνδξ,
969 915 990 942 Β

126 986 132 995 ι
162 974 287 1001 σύνοικον
295 975 425 1002 ἐκέλευσα
437 976 520 1012 ἄρτον
531 976 635 1012 βραχὺν
643 976 756 1012 αἰτῆσαι
770 986 800 1004 τε
814 977 861 1004 καὶ
874 977 953 1013 κομίὲ

162 1019 271 1047 σασθαι.
283 1021 393 1048 Ἔννοια
407 1021 462 1058 γάρ
476 1022 518 1054 τίς
534 1031 578 1057 μοι
592 1022 715 1057 γέγονεν,
730 1023 767 1055 ὡς
778 1024 802 1050 εί
813 1023 951 1060 τεθναίην,

162 1065 278 1098 εὐθύνας
302 1066 393 1101 ὑφέξω
406 1068 453 1094 τοῦ
468 1068 584 1095 θανάτου
599 1069 676 1105 παρὰ
693 1069 731 1104 τῷ
745 1070 842 1105 δικαίῳ
858 1071 950 1106 κριτῇ,

161 1113 199 1145 ὡς
209 1113 274 1144 τοὺς
287 1113 397 1148 ἀγῶνας
423 1114 563 1150 ἐκφυγὼν,
581 1115 629 1142 καὶ
645 1115 696 1151 τῆς
711 1116 835 1148 δουλείας
850 1116 952 1151 δραπε‹

161 1158 260 1191 τεύσας
277 1161 339 1192 τοὺς
356 1161 464 1193 πόνους.
481 1161 601 1188 Δυνατοῦ
621 1162 676 1197 γὰρ
690 1161 767 1194 ὄντος
782 1164 869 1199 τροφῇ
883 1162 950 1199 βρα-

161 1205 222 1242 χείᾳ
251 1205 403 1242 κωλυθῆναι
431 1206 477 1233 τὸν
505 1206 638 1239 θάνατον,
666 1207 714 1234 καὶ
740 1207 808 1243 τῷδε
832 1207 872 1243 τῷ
900 1208 950 1244 βίῳ

162 1253 324 1288 προσμεῖναι
342 1252 473 1279 πονοῦντα
490 1253 536 1280 καὶ
551 1253 820 1289 ταλαιπωρούμενον,
838 1255 887 1281 καὶ
902 1255 948 1281 τὸν

162 1298 285 1325 ἐντεῦθεν
299 1298 489 1335 συνεγείροντα
506 1299 630 1332 πλοῦτον,
643 1300 694 1335 τὴν
709 1300 741 1326 ἐκ
757 1300 837 1335 λιμοῦ
857 1300 951 1328 τελευ-

160 1344 210 1379 τὴν
227 1344 277 1379 τῆς
288 1344 317 1371 ὲν
330 1344 475 1381 φιλοσοφίᾳ
500 1344 573 1381 ζωῆς
592 1345 775 1381 αἱρετωτέραν
804 1346 949 1374 ὑπέλαϐον.

161 1389 294 1425 Δείματος
308 1389 398 1416 τοίνυν
417 1389 542 1417 ἐντεῦθεν
560 1390 738 1426 ἐμφορηθεὶς,
754 1391 802 1417 καὶ
815 1391 863 1418 τοῦ
882 1391 953 1426 λογι-

161 1434 231 1469 σμοῦ
246 1434 295 1466 τὰς
309 1434 405 1466 ἀκίδας
417 1434 552 1470 ἀμΰλῦναι
576 1435 704 1471 θελήσας,
734 1435 845 1471 αἰτῆσαι
860 1444 889 1463 τε
906 1435 952 1463 τὸν

160 1481 243 1516 ἄρτον
253 1480 393 1514 ἐκέλευσα,
409 1481 457 1508 καὶ
473 1480 648 1516 κομισθέντος
664 1481 823 1516 μετέλαϐον.
845 1482 900 1509 Καὶ
910 1482 952 1509 σοὶ

160 1527 250 1554 τοίνυν
265 1528 427 1562 παρεγγυῶ,
451 1528 549 1564 μηκέτι
570 1537 615 1564 μοι
634 1528 684 1560 τὰς
698 1528 806 1564 κριθὰς,
820 1529 889 1556 ἀλλὰ
906 1530 952 1557 τὺν

160 1575 242 1610 ἄρτον
259 1575 400 1610 παρέχειν.
415 1583 424 1600 ι
446 1575 494 1601 Ἐκ
508 1574 558 1610 τῆς
576 1574 710 1610 ἀψευδοῦς
725 1575 815 1602 τοίνυν
828 1575 950 1611 ἀκηκόα-
966 1585 987 1615 c

163 1629 213 1655 μεν
228 1620 361 1656 γλώττης,
376 1620 413 1653 ὡς
428 1621 633 1657 τεσσαράκοντα
646 1620 695 1657 ἐτη
712 1621 762 1653 τὰς
774 1621 872 1658 κριθὰς
885 1630 950 1658 τρο-

161 1665 214 1702 φὴν
228 1667 383 1702 ἐποιήσατο.
397 1666 433 1693 Τδ
448 1666 497 1702 μὲν
511 1664 557 1693 οὖν
569 1667 719 1702 ἀσκητικὸν
730 1666 778 1693 τοῦ
794 1667 891 1703 ἀνδρὸς
902 1667 951 1695 καὶ

1000 180 1193 211 HISTORIA.
1727 183 1800 216 “02

1006 238 1075 266 alios
1091 238 1188 273 viginti
1204 237 1347 273 quinque:
1370 239 1406 265 ita
1422 242 1452 266 ut
1465 239 1502 265 ad
1518 247 1606 267 annos
1620 240 1795 275 septuaginta

1005 285 1187 311 certaminum
1208 285 1270 319 ejus
1286 292 1392 312 summa
1410 285 1563 320 perveniat.
1584 285 1669 314 Cibus
1685 287 1723 313 illi
1740 295 1795 314 non

1003 330 1102 365 panis,
1131 337 1183 358 nec
1210 330 1368 366 legumina,
1396 330 1444 359 sed
1471 331 1604 358 hordeum
1630 337 1796 366 contusum,

1003 383 1074 410 aqua
1104 376 1163 403 sola
1190 375 1376 404 madefactum
1402 385 1408 403 :
1436 381 1519 412 atque
1542 377 1615 404 hunc
1639 377 1679 405 illi
1703 378 1796 406 cibum

1005 422 1112 457 1207
1135 425 1223 449 mater
1245 429 1306 449 mea
1320 443 1328 456 ,
1355 427 1500 458 postquam
1517 422 1661 451 familiaris
1684 424 1708 452 ei
1725 423 1796 451 facta

1002 471 1045 495 est
1058 488 1065 501 ,
1081 467 1246 503 longissimo
1263 472 1387 503 tempore
1409 468 1608 503 suppeditavit.
1632 468 1666 496 Et
1685 477 1748 497 cum
1763 469 1798 496 ad

1003 519 1185 550 aegrotantem
1205 514 1280 541 illam
1307 514 1461 549 aliquando
1479 514 1619 548 venisset,
1644 515 1799 543 didicisset-

1003 568 1058 596 que
1089 561 1190 589 adduci
1216 569 1272 588 non
1295 568 1395 597 posse,
1425 564 1455 588 ut
1481 565 1677 596 congruentem
1701 561 1798 589 morbo

1002 607 1096 635 cibum
1115 611 1236 635 sumeret
1261 607 1456 643 (monasticam
1478 607 1552 634 enim
1568 612 1595 635 et
1614 607 1673 642 ipsa
1689 615 1799 643 quoque

1003 654 1089 681 vitam
1103 657 1163 681 erat
1176 654 1329 689 amplexa),
1344 654 1470 682 hortatus
1485 659 1529 682 est
1547 657 1576 681 ut
1590 654 1704 682 medicis
1719 655 1800 682 cede-

1003 703 1068 732 ret,
1085 707 1118 727 ac
1142 699 1323 735 pbarmacum
1342 707 1404 728 esse
1418 700 1492 728 hunc
1509 700 1600 728 cibum
1619 704 1748 735 putaret,
1769 704 1799 727 ut

1003 753 1084 781 quem
1099 753 1154 774 non
1166 746 1329 774 deliciarum
1342 767 1350 780 ,
1365 747 1413 774 sed
1425 747 1600 775 necessitatis
1614 747 1702 783 gratia
1717 754 1800 774 usur-

1004 795 1093 828 paret.
1114 801 1124 818 ι
1152 791 1220 819 Nam
1244 798 1272 820 et
1285 800 1353 827 ego,
1371 792 1478 828 inquit,
1496 793 1544 828 qui
1567 801 1616 829 per
1628 800 1716 821 annos
1731 800 1800 828 qua-

1003 838 1129 873 draginta
1151 837 1255 866 hordeo
1270 839 1330 866 solo
1343 839 1398 866 vixi
1411 860 1418 872 ,
1435 843 1465 866 ut
1477 839 1549 866 nosti
1561 859 1568 872 ,
1586 847 1648 866 cum
1669 839 1797 867 hesterna

1004 885 1049 912 die
1075 884 1222 912 infirmitas
1246 892 1290 912 me
1310 885 1435 920 quaedam
1462 885 1628 919 invasisset,
1652 885 1800 913 contuber-

1006 931 1060 958 nali
1078 938 1139 958 meo
1161 938 1276 966 parvum
1293 931 1360 958 mihi
1384 938 1483 967 panem
1508 939 1633 967 quaerere
1656 935 1683 959 et
1701 931 1800 959 alteer
1841 927 1851 933 ’

1001 977 1087 1013 jussi.
1104 976 1150 1004 Sic
1164 977 1237 1004 enim
1264 984 1371 1005 mecum
1395 978 1557 1013 reputabam
1570 998 1578 1010 ,
1597 977 1670 1013 apud
1686 985 1798 1012 aequum

1001 1024 1124 1059 judicem
1149 1030 1211 1054 me,
1230 1022 1252 1051 si
1278 1030 1413 1056 morerer,
1433 1023 1568 1050 rationem
1598 1024 1694 1051 mortis
1710 1023 1799 1050 reddi-

1003 1074 1098 1097 turum
1111 1089 1118 1101 ,
1144 1069 1225 1105 quasi
1250 1069 1402 1096 certamina
1419 1068 1591 1105 refugerent,
1614 1075 1641 1097 et
1658 1069 1800 1097 servitutis

1003 1116 1114 1144 labores
1138 1115 1305 1143 declinarem
1326 1125 1332 1142 :
1361 1120 1391 1142 ut
1416 1115 1482 1150 qui,
1518 1123 1581 1142 cum
1610 1115 1709 1150 exiguo
1735 1116 1800 1142 cibo

1004 1162 1145 1199 prohiberi
1162 1169 1237 1189 mors
1251 1166 1364 1196 posset,
1379 1165 1462 1196 atque
1476 1161 1503 1188 in
1520 1161 1572 1188 hac
1583 1161 1639 1188 vita
1658 1161 1800 1189 laboribus

1004 1213 1032 1237 et
1046 1208 1178 1236 aerumnis
1191 1207 1343 1236 exercitum
1359 1215 1471 1235 manere
1487 1211 1515 1235 et
1530 1212 1642 1243 paratas
1657 1207 1721 1234 inde
1733 1214 1799 1243 opes

1004 1262 1153 1291 congerere
1163 1255 1277 1287 liceret,
1292 1254 1383 1281 inedia
1405 1254 1495 1286 mori,
1519 1260 1600 1289 quam
1621 1261 1655 1281 ex
1675 1253 1799 1288 philoso-

1003 1302 1068 1338 phia
1083 1302 1178 1329 vivere
1194 1300 1350 1328 maluerim.
1370 1300 1461 1333 Quare
1478 1300 1531 1327 hoc
1549 1302 1623 1326 metu
1644 1298 1799 1333 perculsus,

1003 1348 1236 1383 cogitationisque
1251 1347 1362 1374 aculeos
1389 1345 1536 1373 retundere
1550 1344 1665 1380 cupiens
1677 1363 1685 1377 ,
1703 1348 1730 1371 et
1744 1342 1801 1379 peti

992 1401 1103 1430 'panem
1123 1393 1213 1428 jussi’,
1234 1396 1261 1420 et
1285 1392 1400 1419 allatum
1425 1391 1532 1419 comedi
1550 1399 1557 1418 :
1577 1390 1681 1425 tibique
1706 1388 1803 1424 praeci-

1003 1440 1064 1475 pio,
1086 1447 1121 1467 ne
1145 1439 1211 1466 mihi
1236 1439 1354 1474 amplius
1378 1437 1522 1470 hordeum,
1540 1435 1588 1464 sed
1604 1443 1701 1471 panem
1731 1442 1800 1470 prae—

1003 1486 1081 1514 beas.
1113 1495 1123 1512 ι
1145 1485 1183 1512 Ex
1210 1484 1332 1512 veridica
1362 1484 1447 1520 igitur
1472 1483 1566 1519 lingua
1594 1482 1698 1510 hordeo
1723 1481 1800 1508 illum

1004 1531 1087 1558 annis
1099 1530 1284 1566 quadraginta
1300 1529 1404 1557 vixisse
1415 1528 1575 1562 didicimus,
1589 1531 1616 1555 et
1630 1534 1711 1563 quam
1730 1530 1803 1555 stre-

1005 1585 1077 1605 nuus
1097 1580 1190 1605 asceta
1212 1576 1376 1611 laborisque
1396 1582 1494 1603 amans
1512 1575 1555 1601 vir
1571 1573 1674 1606 fuerit,
1692 1572 1805 1600 abunde

1005 1623 1060 1651 ista
1078 1623 1238 1651 declarant:
1252 1622 1448 1658 antiquitatem
1466 1629 1532 1649 vero
1546 1624 1573 1648 et
1589 1620 1798 1656 simplicitatem

1007 1676 1115 1696 morum
1139 1668 1200 1704 ejus
1213 1676 1247 1697 ex
1263 1668 1326 1696 aliis
1341 1668 1533 1696 ostendemus.

160 1711 303 1745 φιλόπονον
329 1711 408 1738 ἱκανὰ
433 1712 481 1738 καὶ
504 1711 593 1740 ταῦτα
610 1712 822 1749 τεκμηριῶσαι··
842 1714 893 1749 τὴν
919 1713 948 1741 δὲ
964 1714 1135 1751 ἀρχαιότητα
1161 1715 1208 1742 καὶ
1234 1715 1373 1750 ἁπλότητα
1390 1714 1446 1742 τῶν
1460 1713 1535 1749 ἠθῶν
1570 1712 1605 1739 δι’
1625 1712 1713 1740 ἄλλων
1754 1709 1803 1747 6η-
1834 1734 1836 1736 .

159 1756 294 1793 λώσομεν.
302 1759 308 1764 ’

203 1803 311 1840 Ἐπειδὴ
325 1804 380 1840 γὰρ
405 1805 419 1832 ό
438 1805 525 1841 μέγας
540 1805 690 1838 Φλαϐιανδς
700 1806 750 1842 τήν
767 1806 889 1842 μεγάλην
902 1806 951 1833 τοῦ

161 1849 228 1877 Θεοῦ
240 1850 358 1886 ποίμνην
377 1851 532 1886 ποιμαίνειν
548 1852 664 1887 ὲτάχθη,
683 1851 732 1888 τὴν
747 1852 776 1879 δὲ
788 1852 837 1880 τοῦ
856 1853 953 1888 ἀνδρὸς

161 1897 263 1933 ιμαθεν
284 1896 385 1933 ἀρετὴν
412 1897 503 1933 (ᾔδετο
525 1898 580 1934 γὰρ
593 1917 601 1929 ,
618 1898 666 1924 καὶ
689 1899 718 1924 ὲν
743 1900 799 1930 τοῖς
824 1899 953 1925 ἁπάντων

161 1943 274 1979 ιφέρετο
289 1942 430 1979 στόμασιν)
445 1963 452 1976 ,
471 1944 531 1978 ἄγει
547 1944 600 1979 μὲν(
611 1944 691 1970 αὺτδν
711 1945 742 1970 ἐκ
752 1944 801 1978 τῆς
817 1944 864 1971 τοῦ
874 1944 954 1980 ὅρους

161 1990 294 2025 κορυφῆς,
306 1989 344 2021 ὡς
359 1989 467 2025 γραφῆς
486 1990 546 2017 κατ’
568 1989 651 2017 αὑτοῦ
673 1989 824 2024 γενομένης
843 1997 849 2003 ·
863 1989 913 2025 τῆς
926 1989 954 2015 δὲ

163 2037 297 2073 μυστικῆς
308 2036 464 2071 ἱερουργίας
477 2035 663 2072 προκειμένης
672 2056 679 2068 ,
693 2035 827 2071 προσάγει
851 2035 892 2070 τῷ
908 2034 957 2061 θυ-

163 2082 325 2118 σιαστηρίῳ,
346 2082 393 2109 καὶ
416 2082 473 2114 τοῖς
496 2081 616 2118 ἱερεῦσιν
640 2081 832 2117 ὲγκαταλέγει.
857 2081 901 2113 Ὧς
926 2080 955 2108 δὲ

161 2129 237 2161 τέλος
250 2128 346 2155 ἔλαϐεν
362 2127 557 2164 ήλειτουργία,
575 2128 626 2155 καί
648 2136 689 2159 τις
705 2127 781 2163 αὔτῷ
803 2127 883 2154 τοῦτο
908 2135 957 2162 με-

164 2175 269 2210 μήνυκε
276 2174 403 2209 (πάμπαν
412 2173 466 2210 γὰρ
474 2174 566 2208 ἠγνόει
574 2173 604 2200 τὸ
611 2173 745 2208 γεγονὸς),
755 2172 789 2199 τὰ
801 2172 851 2208 μὲν
860 2171 957 2207 πρῶτα

164 2221 323 2256 ἰλοιδορεῖτο
335 2221 382 2247 καὶ
402 2220 493 2255 λόγοις
513 2220 623 2247 ἔϐαλλεν
638 2220 762 2251 ἅπαντας
772 2227 779 2233 ·
795 2218 910 2255 ὕστερον
927 2218 956 2245 δὲ

163 2268 212 2304 τὴν
236 2267 388 2303 βακτηρίαν
412 2267 503 2294 λαϐὼν
532 2266 636 2302 (εἰώθει
659 2266 714 2303 γὰρ
736 2265 956 2302 σκηριπτόμενος

165 2314 207 2343 διὰ
223 2314 254 2340 τὺ
270 2315 358 2350 γῆρας
376 2313 515 2349 βαδίζειν),
535 2313 649 2340 ἐδίωκεν
670 2313 751 2340 αὐτόν
768 2322 798 2339 τε
820 2313 865 2339 τὸν
878 2313 957 2348 ἀρχι-

164 2361 239 2395 ερέα,
255 2360 378 2391 καὶτοὺς
403 2358 500 2391 ἄλλους
516 2360 574 2386 ὅσοι
595 2360 735 2395 παρῆσαν.
762 2358 958 2394 ’Υπελὰμσανε

163 2405 219 2441 γὰρ
233 2404 282 2440 τὴν
296 2404 463 2441 χειροτονίαν
486 2405 537 2440 τῆς
561 2404 609 2432 τοῦ
636 2404 716 2440 ὅρους
737 2404 818 2431 αὑτὸν
835 2403 959 2439 κορυφῆς

165 2452 213 2478 καὶ
228 2451 277 2486 τῆς
288 2451 458 2486 ποθουμένης
468 2451 574 2486 διαίτης
589 2451 798 2486 ἀποστερήσειν.
808 2449 889 2476 Ἀλλὰ
898 2449 959 2475 τότε

972 2253 1000 2281 D.

168 2498 218 2533 μὲν
235 2498 316 2524 αὐτὸν
336 2498 413 2533 μόλις
436 2498 508 2529 τινὲς
530 2497 583 2524 τῶν
605 2498 729 2533 συνήθων
754 2496 960 2532 ἀγανακτοῦντα

166 2543 352 2570 κατέπαυσαν.
362 2542 471 2578 Ἐπειδὴ
478 2543 507 2570 δὲ
521 2544 534 2570 ὁ
548 2543 596 2578 τῆς
608 2542 755 2578 ἑϐδομάδος
771 2542 959 2578 συνεπεράνθη

167 2588 286 2621 κύκλος,
305 2590 351 2615 καὶ
367 2586 418 2625 ἧκε
451 2589 532 2616 πάλιν
556 2589 607 2624 τῆς
635 2589 805 2624 Δεσποτικῆς
829 2588 959 2624 έορτῆςή

169 2632 359 2669 ἠμέρα,αὖοις
373 2633 452 2660 αὐτὸν
461 2634 475 2659 ὁ
486 2634 574 2670 μέγας
584 2633 734 2666 Φλαῆιανὸς
753 2633 959 2669 μετεπέμψατο,

168 2679 220 2714 τῆς
235 2679 415 2715 πανηγύρεως
440 2680 604 2716 κοινωνῆσαι
629 2680 705 2714 σφίσι
731 2679 908 2715 παρακαλῶν.
930 2679 960 2705 Ὀ

169 2726 199 2752 δὲ
222 2725 289 2762 πρὸς
314 2727 377 2758 τοὺς
404 2727 585 2762 ἀφικομένους
601 2747 607 2758 ,
627 2735 636 2752 ι
661 2727 718 2753 Οὔκ
743 2726 852 2761 ἀπόχρη
876 2726 958 2760 ὑμῖν,

171 2773 235 2807 ἔφη,
255 2771 289 2798 τὰ
306 2772 355 2807 ήδη
384 2773 565 2808 γεγενημένα,
578 2772 647 2800 ἀλλὰ
675 2772 756 2799 πάλιν
776 2781 809 2808 με
832 2770 959 2807 βούλεσθε

171 2817 373 2852 προϐάλλεσθαι
391 2818 574 2854 πρεσϐύτερον
590 2827 597 2853 ;
619 2829 627 2845 ι
645 2818 705 2846 Τῶν
726 2818 754 2846 δὲ
769 2818 961 2854 λεγόντων-,ὼς

211 2912 223 2927 ³
240 2906 334 2935 Matth.
350 2915 426 2941 unt,
446 2907 471 2934 Β,

1043 1806 1194 1842 Postquam
1216 1805 1290 1834 enim
1306 1812 1424 1841 magnus
1454 1803 1605 1830 Flavianus
1633 1810 1733 1838 magno
1751 1801 1799 1830 Del

1008 1853 1083 1889 gregi
1099 1857 1195 1888 pastor
1209 1857 1251 1880 est
1264 1851 1421 1884 ordinatus,
1441 1854 1468 1878 et
1484 1849 1538 1877 viri
1556 1849 1685 1876 virtutem
1701 1855 1808 1883 cogno-

1008 1900 1047 1928 vit
1075 1898 1291 1935 (praedicabatur
1313 1897 1387 1925 enim
1412 1900 1439 1924 et
1452 1903 1501 1932 per
1516 1895 1640 1923 omnium
1662 1901 1711 1921 ora
1729 1893 1802 1921 lere-

1008 1945 1114 1981 batur),
1147 1946 1181 1973 de
1214 1944 1323 1972 montis'
1352 1943 1428 1970 illum
1467 1941 1569 1969 vertice
1601 1948 1650 1976 per
1681 1940 1801 1975 speciem

1012 1992 1121 2027 1208
1141 1991 1255 2026 objecta:
1272 1988 1461 2018 accusationis
1479 1987 1604 2020 abduxit,
1621 1991 1649 2014 et
1664 1987 1716 2014 sub
1737 1993 1797 2022 my-

1011 2038 1112 2065 sticum
1128 2037 1296 2064 sacriﬁcium
1312 2035 1392 2063 altari
1411 2034 1550 2067 admovit,
1560 2032 1757 2068 cooptavitque
1774 2031 1801 2058 in

1011 2090 1158 2111 numerum
1191 2081 1378 2110 sacerdotum.
1404 2080 1529 2116 Cumque
1554 2083 1664 2116 peracta
1691 2078 1803 2113 liturgia

1011 2130 1063 2157 hoc
1077 2129 1116 2157 illi
1132 2128 1243 2164 quidam
1258 2128 1411 2155 indicasset
1427 2127 1586 2162 (ignorabat
1598 2125 1670 2152 enim
1687 2131 1803 2159 prorsus

1009 2174 1076 2211 quid
1092 2173 1235 2211 egissent).
1251 2174 1370 2209 primum
1383 2172 1493 2208 quidem
1507 2171 1641 2199 conviciis
1656 2170 1804 2205 verbisque

1010 2222 1117 2257 asperis
1136 2220 1269 2256 proscidit
1286 2219 1456 2247 universos:
1470 2219 1481 2229 '
1499 2216 1599 2245 deinde
1623 2220 1736 2251 arrepto
1752 2217 1803 2243 ba-

1010 2267 1084 2299 culo,
1100 2268 1128 2294 in
1145 2273 1200 2302 quo
1223 2265 1337 2292 innixus
1366 2267 1481 2300 propter
1507 2262 1616 2290 senium
1648 2260 1801 2292 incedebat,

1008 2312 1169 2347 pontiﬁcem
1195 2312 1298 2347 ipsum,
1321 2314 1348 2338 et
1363 2311 1433 2338 alios
1453 2309 1501 2345 qui
1520 2308 1637 2336 aderant
1661 2307 1803 2334 insecutus

1009 2363 1062 2393 est,
1079 2359 1283 2386 ordinationem
1302 2357 1375 2384 hanc
1388 2361 1466 2384 ratus
1487 2354 1588 2382 montis
1601 2352 1735 2381 verticem
1751 2352 1803 2379 sibi

1010 2410 1192 2442 aptatamque
1205 2403 1402 2432 habitationem
1418 2406 1585 2437 erepturam.
1603 2398 1657 2427 Sed
1670 2403 1726 2425 tum
1742 2398 1804 2433 qui-

1011 2451 1073 2479 dem
1096 2451 1136 2478 sic
1154 2450 1341 2485 indignantem
1372 2455 1444 2483 aegre
1463 2445 1573 2473 tandem
1592 2444 1675 2472 amici
1692 2443 1803 2478 quidam

1013 2497 1191 2526 sedaverunt.
1212 2495 1326 2530 Expleta
1355 2497 1446 2521 autem
1476 2490 1655 2520 hebdomadaa
1679 2489 1802 2520 circulo.

1011 2550 1073 2571 cum
1091 2542 1219 2569 rediisset
1231 2540 1289 2568 dies
1306 2538 1478 2570 Dominicus,
1494 2537 1593 2564 iterum
1610 2537 1707 2562 evocat
1725 2533 1801 2560 illum

1012 2595 1129 2623 magnus
1151 2586 1311 2617 Flavianus,
1344 2588 1478 2620 rogatque
1505 2586 1535 2609 ut
1567 2579 1719 2609 celebritati
1739 2586 1802 2606 cum

1012 2632 1080 2667 ipsis
1095 2631 1215 2659 intersit.
1237 2630 1306 2658 Tum
1321 2630 1366 2657 ille
1379 2629 1412 2656 ad
1426 2635 1473 2656 cos
1489 2627 1536 2663 qui
1554 2630 1706 2654 venerant:
1731 2634 1740 2650 ι
1760 2624 1801 2651 An

1013 2678 1104 2711 vobis,
1121 2678 1170 2710 ait,
1190 2684 1244 2704 non
1260 2676 1405 2704 sufliciunt
1420 2682 1481 2710 qua:
1495 2674 1551 2709 jam
1578 2676 1637 2700 acta
1654 2677 1729 2702 sunt,
1754 2671 1802 2698 sed

1018 2724 1120 2751 iterum
1137 2731 1182 2750 mc
1207 2722 1398 2758 presbyterum
1429 2727 1525 2747 creare
1542 2717 1647 2746 vultis?
1663 2726 1672 2743 ι
1706 2716 1739 2743 Ει
1761 2723 1807 2743 re-

1015 2769 1215 2805 spondentibus
1231 2768 1285 2796 illis
1308 2767 1366 2795 ﬁeri
1381 2774 1434 2795 non
1447 2772 1537 2802 posse,
1547 2763 1630 2792 utbis
1643 2762 1738 2790 eadem
1752 2760 1799 2787 ﬁat

1016 2823 1147 2844 manuum
1175 2814 1328 2850 impositio,
1350 2820 1406 2841 non
1424 2811 1571 2848 acquievit,
1589 2817 1639 2838 nec
1662 2807 1807 2844 profectus
