2036 3122
251 162 317 194 1ζοζῖ

740 160 984 192 THEODORETI
1000 161 1170 192 EPISCOPI
1183 161 1366 192 CYRENSIS

1821 152 1889 183 HO}

247 222 302 249 est,
316 217 404 244 donec
418 217 494 244 illum
512 219 620 251 tempus
634 221 661 244 et
676 215 825 244 familiares
852 216 904 244 hoc
934 217 1035 252 szepius

1099 217 1117 243 ὠ
1131 217 1243 244 δυνατὸν
1257 217 1300 251 εἴη
1314 217 1355 249 δὶς
1373 216 1423 252 τὴν
1437 215 1522 253 αὐτὴν
1533 216 1694 252 ἐπιτεθῆναι
1706 216 1884 252 χειροτονίαν,

247 263 428 291 edocuerunt.
446 263 555 290 Scimus
570 270 638 290 sane
657 262 730 290 haud
754 263 918 291 laudandam
944 264 1038 292 multis

247 310 337 336 visum
358 309 390 335 iri
411 308 481 335 hanc
497 308 681 335 narrationem
697 317 704 336 :
722 310 836 344 apposui
856 313 961 342 tamen,
980 317 1037 337 tue-

249 354 409 382 morabilem
424 354 565 388 judicans,
590 358 620 381 ut
639 354 764 382 idoneam
787 356 820 383 ad
849 356 950 383 mentis
978 356 1038 391 ejus

250 401 458 436 simplicitatem
483 401 638 436 animmque
663 403 810 436 puritatem
840 402 1036 430 demonstran-

250 446 323 474 dam.
353 446 465 476 Talibus
494 448 567 476 enim
601 447 735 476 Dominus
762 449 893 476 ctelorum
923 458 1038 485 regnum

251 494 390 528 promisit,
402 494 498 522 dicens
511 504 517 521 :
536 503 545 520 ι
564 495 649 522 Amen
666 494 729 522 dico
742 495 832 527 vobis,
844 495 897 523 nisi
911 495 1038 523 conversi

253 539 372 572 fueritis,
388 544 415 567 et
429 540 585 568 etliciamini
603 541 674 568 sicut
697 541 814 576 parvuli,
832 549 887 569 non
903 541 1039 570 intrabitis

252 586 279 613 in
312 594 426 620 regnum
460 587 593 615 cmlorum
608 587 632 614 ιι.
665 596 674 612 ι
697 587 833 620 Quoniam
865 595 929 623 ergo
953 587 1038 614 animi

254 630 315 665 ejus
344 630 533 659 characterem
568 632 663 667 paucis
692 632 879 666 ostendimus,
909 632 1038 661 fiduciam

253 676 336 704 etiam
350 685 383 704 ex
395 677 497 706 virtute
512 682 603 705 natam
622 678 811 706 ostendamus.

290 811 349 839 Dux
366 813 476 848 quidam
494 813 626 844 militum.
639 814 687 849 qui
705 813 849 841 venatione
865 813 974 849 1209
994 814 1040 841 de-

255 857 415 892 lectabatur,
432 859 459 886 in
484 863 602 887 montem
625 864 775 887 venaturns
800 861 974 892 ascenderat,
995 868 1039 888 se-

255 904 465 939 quebanturque
477 913 560 932 canes
571 913 603 933 ac
616 905 729 937 milites,
746 909 772 933 et
786 910 885 933 caetera
901 906 1040 933 venationi
1057 891 1078 921 Β

255 955 418 985 opportuna.
438 951 464 979 ls
480 959 545 979 vero
563 957 592 979 ut
609 952 748 980 hominem
765 953 861 988 procul
887 952 965 985 vidit,
981 958 1008 980 et
1027 960 1042 979 a

254 997 403 1024 comitibus
416 998 479 1032 quis
493 1001 566 1025 esset
581 998 726 1030 intellexit,
743 1006 776 1025 ex
792 1006 865 1033 equo
889 1007 950 1026 mox
968 998 1043 1026 desi-

255 1042 325 1070 liens
336 1043 447 1078 propius
457 1044 585 1077 accessit,
597 1043 802 1079 salutatumqne
815 1044 879 1079 quid
898 1045 934 1072 ibi
952 1053 1043 1072 rerum

255 1093 349 1124 ageret
364 1089 555 1124 interrogavit.
573 1091 607 1117 At
623 1091 670 1118 ille
697 1090 818 1119 vicissim
849 1091 1042 1126 interrogans:

259 1142 268 1159 ι
287 1133 328 1161 Tu
341 1141 417 1167 vero,
433 1135 534 1170 inquit,
564 1143 646 1171 quem
675 1135 703 1163 in
720 1136 799 1163 finem
818 1137 871 1163 huc
888 1137 1012 1164 venisti?
1032 1146 1042 1164 ι

256 1179 290 1206 Et
306 1187 368 1207 cum
382 1181 414 1208 ad
429 1181 584 1209 venandum
601 1189 632 1209 se
646 1182 754 1209 venisse
765 1181 822 1209 dux
839 1183 1044 1217 respondisset:

259 1233 269 1250 ι
295 1225 350 1260 Ego
363 1234 439 1258 vero,
457 1227 495 1254 ait
511 1227 567 1259 ille,
581 1227 666 1255 Deum
685 1235 775 1255 meum
789 1235 885 1261 venor,
905 1232 932 1256 et
947 1236 1045 1264 capere

257 1272 338 1308 cupio
354 1280 361 1305 ;
377 1273 386 1283 '
400 1273 492 1301 videre
511 1274 588 1301 illum
604 1274 743 1308 desidero,
769 1282 858 1310 neque
872 1283 994 1310 unquam
1011 1276 1046 1305 ab

258 1317 310 1344 hac
323 1318 438 1353 pulchra
455 1320 601 1348 venatione
613 1320 784 1348 abstineboa
798 1320 847 1349 His
862 1312 975 1355 auditis,
990 1321 1046 1350 dux

258 1371 320 1390 cum
336 1363 528 1396 admiratione,
544 1369 574 1392 ut
592 1374 641 1401 par
658 1372 727 1399 erat,
745 1367 885 1395 discessit.
901 1367 962 1395 Alio
976 1371 1047 1395 tem-

257 1418 336 1446 pore,
352 1419 414 1438 cum
428 1412 526 1440 civitas
541 1420 557 1440 a
575 1413 646 1441 malo
662 1413 779 1448 quodam
803 1414 926 1443 daemone
946 1415 1047 1451 agitata

258 1456 286 1484 in
301 1456 390 1491 regias
417 1461 525 1486 statuas
555 1458 678 1486 furorem
702 1460 882 1493 exsoruisset,
912 1466 1047 1489 venerunt

257 1497 477 1537 prmstantissi’mi
494 1503 612 1530 militum
628 1504 764 1539 magistri,
782 1505 872 1532 ultimi
888 1506 966 1533 exitii
981 1514 1047 1533 sen-

258 1548 374 1576 tentiam
392 1548 500 1577 civibus
514 1548 671 1577 afferentes.
689 1549 738 1578 llic
752 1558 818 1578 vero
832 1551 866 1578 de
884 1555 978 1579 monte
998 1552 1045 1580 de-

258 1594 404 1627 scendens,
422 1595 521 1624 ambos
539 1597 686 1632 magistros
699 1605 746 1632 per
771 1597 862 1625 forum
887 1603 983 1627 euntes
1006 1600 1046 1626 in-

258 1640 357 1668 hibuit.
371 1640 433 1674 Qui,
450 1642 560 1676 cognito
572 1642 634 1676 quis
649 1647 736 1675 esset,
752 1642 786 1670 de
800 1645 809 1653 '
829 1643 909 1678 equis
923 1651 986 1672 mox
1003 1644 1050 1672 de-

259 1686 365 1718 siliunt,
384 1694 537 1722 manusque
551 1692 579 1715 et
601 1696 688 1724 genua
717 1688 1052 1724 prehendentes,salutem

259 1731 434 1768 impertiunt.
456 1733 518 1768 ipse
533 1741 598 1762 vero
612 1734 773 1768 imperatori
802 1736 962 1763 renuntiare
984 1736 1049 1764 illos

259 1777 347 1814 jubet,
378 1778 516 1806 hominem
543 1779 634 1815 ipsum
662 1787 735 1813 esse,
771 1784 926 1816 naturaque
954 1781 1050 1808 eadem

261 1823 418 1859 praeditum.
438 1832 491 1859 qua
504 1824 550 1860 qui
567 1825 763 1853 contumeliam
779 1825 911 1854 fecerant.
927 1826 960 1853 Et
988 1834 1050 1854 cum

262 1868 330 1895 iram
351 1872 449 1896 natura
476 1869 567 1897 metiri
583 1870 742 1903 conveniat,
776 1870 955 1899 immoderata
975 1871 1050 1899 illum

261 1915 302 1943 ira
314 1914 427 1942 ductum
444 1923 516 1948 esse,
530 1915 577 1950 qui
596 1922 709 1943 suarum
734 1915 883 1951 imaginum
905 1924 989 1945 causa
1010 1917 1052 1944 di-

228 1983 230 1986 .
263 1961 339 1988 vinas
353 1960 485 1995 imagines
498 1960 544 1988 det
556 1961 651 1993 exitio,
669 1964 697 1988 et
711 1968 760 1996 pro
775 1961 857 2001 aereis
869 1963 970 1990 statuis
986 1970 1052 1990 cor-

262 2014 329 2041 pora
341 2006 423 2033 morti
436 2006 537 2034 tradat.
553 2015 562 2032 (
579 2005 612 2033 Ει
623 2007 703 2034 nobis
717 2007 839 2042 quidem,
854 2008 954 2041 aiebat,
966 2016 1052 2037 aereas

264 2052 399 2088 refingere
421 2057 448 2080 et
464 2052 618 2081 reformare
633 2053 715 2081 facile
736 2061 768 2081 ac
782 2054 903 2089 proclive
919 2060 979 2082 est:
1005 2063 1053 2083 ex-

265 2099 367 2126 stincta
383 2107 448 2126 vero
462 2107 577 2135 corpora
593 2099 627 2127 ad
640 2099 723 2126 vitam
739 2107 880 2133 revocare,
894 2100 922 2128 in
938 2105 996 2134 tua,
1014 2101 1053 2129 sis

265 2144 328 2173 licet
345 2145 506 2181 imperator,
534 2149 674 2181 potestate
695 2154 751 2174 non
776 2150 830 2174 est.
847 2145 880 2173 Et
899 2146 965 2182 quid
988 2147 1054 2175 dico

264 2191 402 2227 corpora?
423 2199 485 2219 nam
502 2200 536 2220 ne
564 2193 648 2227 pilum
669 2192 779 2227 quidem
802 2193 910 2228 1210
925 2193 1054 2229 efﬁngere

1090 263 1141 289 οὐκ
1156 260 1237 296 εἶξεν,
1258 263 1318 289 οὐδὲ
1335 262 1460 297 ἀφίκετο,
1476 262 1529 294 ἕως
1546 262 1628 289 αὑτὸν
1643 262 1658 288 ὁ
1679 261 1779 297 χρόνος
1799 262 1846 288 καὶ
1860 263 1885 290 οἱ

1091 309 1218 345 συνήθεις
1242 309 1323 336 τοῦτο
1341 309 1473 341 πολλάκις
1490 309 1624 342 ἐδίδαξαν.
1644 309 1763 345 Οἴδαμεν
1787 308 1833 336 οὖν
1848 309 1884 341 ὼς

1089 356 1120 383 οὑ
1139 355 1248 388 πολλοῖς
1258 355 1338 382 τοῦτο
1349 355 1516 390 ἀξιάγαστον
1534 353 1604 383 εἴναι
1619 356 1649 382 τὸ
1665 355 1792 392 διήγημα
1804 356 1885 388 δόξει·

1089 402 1201 429 τέθεικα
1217 402 1246 429 δὲ
1269 402 1344 435 αὐτὸ,
1357 402 1607 437 ἀξιομνημόνευτον
1619 399 1691 428 εἶναι
1707 401 1839 437 νομίζων,
1849 402 1886 434 ὡς

1092 448 1183 474 ἱκανὸν
1192 447 1383 484 τεκμηριῶσαι
1394 449 1443 475 καί
1453 447 1574 480 διανοίας
1585 448 1727 483 ἁπλότητα
1739 448 1788 474 καὶ
1797 448 1887 482 ψυχῆς

1091 493 1276 529 καθαρότητα.
1295 493 1357 525 Τοῖς
1372 493 1501 525 τοιούτοις
1516 493 1572 529 γὰρ
1585 494 1599 520 ὁ
1619 493 1760 527 Δεσπότης
1770 492 1820 527 τὴν
1834 492 1888 518 τῶν

1090 539 1214 576 οὐρανῶν
1236 539 1369 574 ὑπέσχετο
1397 539 1560 575 βασιλείαν·
1585 549 1594 566 ι
1621 539 1707 575 Ἀμὴν
1733 539 1801 574 γὰρ,
1823 538 1887 574 ἔφη,

1090 585 1162 620 λέγω
1180 585 1260 620 ὑμῖν.
1278 585 1333 611 ἐὰν
1365 585 1403 620 μὴ
1427 586 1568 621 στραφῆτε
1591 586 1639 612 καὶ
1660 585 1778 620 γένησθε
1796 585 1835 616 ὡς
1855 585 1889 612 τὰ

1091 630 1197 663 παιδία,
1212 630 1243 657 οὐ
1262 630 1298 665 μὴ
1314 630 1456 666 εἰσέλθητε
1479 631 1518 662 είς
1541 631 1590 665 τὴν
1617 630 1758 666 βασιλείαν
1774 630 1831 657 τῶν
1845 631 1890 657 0'3—

1092 676 1191 712 ρανῶν.
1207 685 1215 701 ι
1237 676 1349 712 Ἐπειδὴ
1370 677 1460 703 τοίνυν
1484 677 1513 704 ὲν
1535 677 1677 711 κεφαλαίῳ
1700 676 1749 702 καὶ
1767 677 1814 702 τδν
1840 676 1891 710 τῆς

1091 722 1181 757 ψυχῆς
1197 721 1338 756 ἐδείξαμεν
1352 722 1527 758 χαρακτῆρα,
1551 722 1619 758 φέρε
1636 722 1684 749 καὶ
1701 723 1751 757 τὴν
1772 722 1828 748 ἀπὸ
1841 722 1891 757 τῆς

1091 770 1192 805 ἀρετῆς
1212 768 1294 795 αὐτοῦ
1311 768 1443 803 δείξωμεν
1462 768 1630 804 παρρησίαν.

1127 814 1284 849 Στρατηγός
1298 823 1339 846 τις
1356 814 1530 850 κυνηγεσίοις
1556 814 1662 850 χαίρων
1688 814 1835 850 θηρεύσων
1850 814 1892 846 είς

1092 861 1123 888 τὸ
1137 862 1200 896 ὅρος
1224 861 1339 896 ἀνῆλθεν
1351 870 1357 876 ·
1370 861 1479 888 εῖποντο
1504 861 1532 887 δὲ
1556 861 1633 896 αὑτῷ
1652 861 1700 888 καὶ.
1727 861 1829 893 κύνες,
1844 861 1893 887 καὶ

1095 908 1270 943 στρατιῶται,
1288 907 1336 933 xui.
1358 907 1410 934 ὅσα
1423 908 1464 939 εἰς
1484 907 1571 942 θήραν
1587 907 1662 934 ἐστὶν
1675 907 1832 942 ἐπιτήδεια.
1847 907 1893 939 Ὧς

1095 952 1124 979 δὲ
1138 952 1279 988 πόρρωθεν
1304 949 1358 979 εἶδε
1381 952 1426 978 τὸν
1454 951 1555 987 ἄνδρα,
1569 952 1616 980 καὶ
1632 952 1708 987 παρά
1725 952 1782 978 τῶν
1797 952 1893 978 συνόν-

1094 1008 1148 1026 των
1174 998 1275 1033 ἕμαθεν
1292 998 1367 1029 ὅστις
1384 998 1440 1034 εἴη,
1460 998 1541 1030 εὐθὺς
1565 998 1619 1024 ἀπὸ
1642 998 1689 1025 τοῦ
1705 999 1792 1024 ῖππου
1808 1006 1892 1024 κατα-

1095 1045 1228 1080 πηδήσας,
1244 1043 1381 1080 προσῆλθέ
1397 1052 1427 1070 τε
1451 1044 1499 1070 καὶ
1518 1044 1653 1078 προσεῖπε
1665 1065 1673 1076 ,
1689 1044 1738 1071 καὶ
1766 1044 1851 1079 ἤρετο
1865 1042 1893 1069 τί

1095 1091 1180 1118 ποιῶν
1204 1091 1322 1118 ἐνταῦθα
1342 1090 1442 1126 διάγει.
1462 1090 1491 1117 Ὀ
1518 1090 1547 1117 δὲ
1568 1091 1722 1126 ἀντήρετο“
1743 1099 1753 1116 ι
1773 1090 1811 1116 Σὺ
1827 1089 1856 1116 δὲ
1867 1088 1893 1115 τί

1096 1138 1217 1173 ποιήσων
1250 1136 1368 1163 ἐνταῦθα
1397 1135 1590 1171 ἀνελήλυθας;
1616 1135 1767 1171 Εἰρηκὸτος
1794 1135 1823 1161 δὲ
1846 1134 1894 1161 τοῦ

1097 1182 1251 1219 στρατηγοῦ
1266 1184 1307 1210 ὅτι
1321 1183 1454 1219 θηρεῦσαι
1465 1191 1472 1198 ο
1486 1192 1496 1209 ι
1518 1182 1614 1217 Κάγὼ,
1629 1181 1692 1217 ἔφη,
1708 1182 1755 1209 τὸν
1767 1182 1834 1217 ἐμὸν
1847 1181 1894 1216 θη·

1098 1229 1169 1265 ρεὺω
1183 1229 1261 1262 Θεὸν,
1276 1229 1324 1256 καὶ
1343 1229 1436 1256 λαὸεἶν
1451 1229 1575 1264 ἐφίεμαι,
1589 1229 1637 1255 καὶ
1653 1228 1795 1263 θεωρῆσαι
1807 1228 1893 1259 ποθῶ,

1097 1275 1206 1310 καὶτῆς
1220 1274 1308 1309 καλῆς
1325 1274 1429 1310 ταύτης
1448 1275 1499 1301 οὐκ
1527 1273 1664 1309 ἀφέξομαι
1679 1274 1780 1309 θήρας.
1798 1283 1808 1299 ι
1826 1273 1894 1300 Tai-

1097 1330 1151 1348 των
1169 1320 1290 1352 ἀκούσας
1304 1321 1317 1347 ὁ
1333 1320 1497 1355 στρατηγὸς,
1515 1319 1563 1346 καὶ
1583 1319 1740 1354 θαυμάσας,
1755 1319 1795 1350 ὡς
1809 1319 1892 1350 εἰκὸς,

1097 1366 1277 1401 ἀπελήλυθεν.
1302 1365 1414 1392 Ἂλλοτε
1439 1365 1466 1392 δὲ
1480 1385 1488 1398 ,
1502 1366 1552 1401 τῆς
1577 1365 1681 1397 πόλεως
1701 1365 1723 1380 ¹⁹
1745 1364 1800 1391 ὑπό
1823 1373 1893 1397 τινος

1098 1411 1218 1447 πονηροῦ
1234 1411 1360 1447 δαίμονος
1386 1411 1594 1446 βακχευθείσης,
1609 1411 1657 1438 καὶ
1676 1412 1710 1446 τῇ
1724 1410 1811 1446 μανίᾳ
1824 1410 1894 1437 κατά

1097 1458 1152 1485 τῶν
1164 1457 1313 1492 βασιλικῶν
1328 1457 1506 1492 χρησαμένης
1526 1456 1643 1492 στηλῶν,
1658 1456 1793 1491 ἀφίκοντο
1805 1456 1854 1491 μὲν
1868 1457 1892 1483 at

1098 1504 1204 1539 ἄριστοι
1217 1504 1271 1530 τῶν
1294 1503 1454 1539 στρατηγῶν
1467 1523 1474 1535 ,
1495 1503 1684 1538 πανωλεθρίας
1701 1502 1793 1538 ψῆφον
1823 1502 1892 1529 κατᾶ

1098 1549 1149 1585 τῆς
1170 1549 1273 1581 πόλεως
1300 1549 1442 1585 φέροντες.
1465 1548 1596 1581 Καταῦὰς
1612 1548 1641 1575 δὲ
1660 1545 1739 1583 οὗτος
1766 1548 1823 1576 ἀπὸ
1848 1546 1893 1574 τοῦ

1100 1595 1190 1632 ὅρους,
1207 1595 1291 1631 ἄμφω
1313 1594 1430 1630 κατέσχε
1460 1593 1532 1621 κατὰ
1555 1594 1604 1628 τὴν
1620 1593 1727 1630 ἀγορὰν
1745 1593 1894 1629 παριόντας

1100 1641 1164 1672 τοὺς
1183 1639 1363 1676 στρατηγούς.
1387 1640 1419 1666 Οί
1438 1638 1466 1666 δὲ
1479 1639 1520 1670 τίς
1541 1639 1583 1674 είη
1608 1638 1818 1673 μεμαθηκότες,
1831 1646 1894 1664 κατε

1102 1685 1240 1722 επήδησάν
1261 1695 1290 1713 τε
1307 1686 1361 1713 ἀπὸ
1379 1685 1432 1712 τῶν
1448 1685 1550 1717 ἵππων,
1572 1684 1619 1712 καὶ
1640 1684 1740 1720 χειρῶν
1767 1685 1895 1719 ἥπτοντο,

1101 1733 1148 1760 καὶ
1165 1733 1298 1767 γονάτων,
1308 1731 1355 1759 xui.
1373 1731 1511 1767 σωτηρίαν
1526 1730 1708 1766 ἐπήγγελλον.
1729 1731 1760 1757 '0
1772 1730 1800 1757 δὲ
1815 1731 1896 1764 φάναι

1100 1779 1140 1814 τῷ
1159 1779 1265 1815 βασιλεῖ
1287 1777 1455 1814 παρηγγύα,
1474 1778 1516 1804 δτι
1539 1777 1683 1813 ἄνθρωπος
1703 1776 1764 1812 εῐη.
1783 1777 1830 1802 καὶ
1848 1775 1895 1810 τὴν

1103 1826 1187 1861 αὐτὴν
1201 1825 1258 1862 ἔχει
1274 1825 1355 1860 φύσιν
1370 1826 1426 1857 τοῖς
1441 1825 1576 1860 ὑϐρικόσι,
1587 1824 1635 1851 καὶ
1648 1824 1681 1858 τῇ
1693 1823 1777 1857 φύσει
1789 1823 1895 1858 μετρεῖν

1102 1873 1152 1908 τὴν
1172 1872 1257 1907 ὀργὴν
1279 1871 1357 1904 δέον,
1378 1871 1491 1906 ἀμέτρῳ
1511 1870 1647 1906 κέχρηται
1671 1868 1712 1904 τῷ
1733 1867 1833 1903 θυμῷ,
1853 1867 1897 1894 καὶ

1102 1917 1158 1944 τῶν
1172 1917 1282 1944 εἰκόνων
1306 1917 1398 1943 εἵνεκα
1414 1916 1468 1943 τῶν
1485 1916 1594 1943 οίκείων
1609 1914 1659 1946 τάς
1687 1914 1763 1945 θείας
1789 1913 1896 1944 εἰκόνας

1104 1965 1195 1999 σφαγῇ
1212 1962 1391 1998 παραδίδωσι,
1409 1963 1458 1989 καὶ
1482 1962 1543 1989 ἀντὶ
1569 1961 1680 1997 χαλκῶν
1704 1959 1825 1996 στηλῶν,
1847 1958 1897 1986 σώ-

1105 2018 1179 2045 ματα
1195 2009 1377 2044 παραπέμπει
1388 2008 1506 2044 θανάτῳ.
1522 2017 1532 2035 ι
1550 2007 1605 2035 Καὶ
1616 2008 1681 2043 ἡμῖν
1699 2007 1761 2043 μὲν,
1775 2006 1840 2042 ἔφη,
1852 2006 1899 2037 τὰς

1105 2055 1208 2091 χαλκᾶς
1225 2055 1382 2083 ἀναπλάσαι
1407 2055 1454 2082 καὶ
1468 2053 1668 2090 ἀναμορφῶσαι
1688 2053 1781 2089 ῥᾴδιόν
1800 2061 1831 2079 τε
1855 2052 1899 2079 καὶ

1105 2102 1219 2134 εὐπετές
1231 2110 1238 2118 ·
1252 2102 1294 2128 σοὶ
1307 2102 1335 2129 δὲ
1355 2102 1401 2128 καὶ
1418 2100 1523 2136 βασιλεῖ
1538 2100 1595 2127 ὄντι
1618 2099 1750 2126 ἀδύνατον
1766 2099 1802 2125 τά
1815 2106 1898 2125 κατα-

1107 2149 1246 2183 σφαγέντα
1274 2147 1389 2182 σώματα
1412 2147 1598 2181 ἐπαναγαγεῖν
1626 2146 1666 2177 εἰς
1695 2145 1780 2180 ζωήν.
1796 2145 1853 2171 Καὶ
1874 2143 1899 2170 τί

1109 2195 1181 2229 λέγω
1206 2194 1344 2230 σώματα;
1364 2193 1432 2220 Οὔτε
1446 2193 1501 2229 γὰρ
1522 2193 1603 2228 τρίχα
1633 2192 1699 2227 μίαν
1728 2200 1770 2218 σοι
1787 2190 1900 2218 δυνατὸν

265 2231 354 2272 potes.
377 2247 387 2263 ι
405 2237 467 2266 Haec
482 2238 528 2266 ille
548 2238 663 2274 Syriaca
680 2239 772 2273 lingua
793 2239 952 2273 proferebat
967 2249 973 2266 :
992 2248 1047 2275 qua

1109 2239 1274 2267 ἀναπλάσαι.
1299 2249 1308 2266 ι
1337 2239 1431 2266 Ταῦτα
1454 2240 1487 2274 τῇ
1518 2239 1598 2274 Σύρῳ
1629 2236 1801 2273 κεχρημένος
1824 2236 1899 2270 ἔλεγε

265 2283 303 2310 illi
315 2291 364 2318 per
378 2284 557 2320 interpretem
570 2283 663 2312 Graece
676 2284 783 2312 reddita
799 2285 942 2313 audientes
958 2287 1054 2314 obstu-

265 2334 394 2364 puerunt,
410 2333 437 2356 et
454 2330 614 2364 imperatori
632 2337 661 2356 se
683 2331 891 2359 reuuntiaturos
911 2332 1052 2367 significa<

267 2378 343 2401 runt.
363 2374 420 2408 Ego
440 2381 518 2406 vero,
534 2374 601 2408 quin
618 2373 705 2401 divini
721 2373 843 2410 Spiritus
857 2377 952 2411 gratia:
972 2378 1056 2405 verba

266 2420 326 2448 hac
355 2420 468 2453 fuerint,
496 2419 633 2448 neminem
660 2421 780 2449 arbitror
808 2422 908 2449 iturum
936 2422 1052 2450 inficias.

266 2466 378 2502 Alioqui
397 2473 453 2500 quo
479 2469 560 2500 pacto
580 2465 637 2494 haec
663 2467 773 2495 locutus
801 2471 876 2496 esset
909 2467 950 2495 vir
964 2469 1056 2497 omnis

267 2512 431 2540 eruditionis
454 2519 564 2546 expers,
578 2513 606 2539 in
626 2513 701 2548 agris
719 2513 866 2546 educatus,
881 2518 910 2542 et
934 2515 961 2542 in
977 2523 1057 2542 mon-

268 2559 337 2586 tium
349 2558 539 2588 cacuminibus
547 2559 630 2587 vitam
641 2567 734 2595 agens,
745 2568 880 2588 summam
891 2561 1055 2596 simplicita-

268 2608 324 2632 tem
339 2604 432 2632 animo
447 2606 656 2640 circumferens,
670 2611 697 2635 et
713 2607 740 2634 in
754 2607 858 2634 divinis
874 2607 988 2635 Litteris
1005 2608 1056 2635 mi-

270 2650 345 2678 nime
360 2652 506 2679 versatus?
520 2651 612 2686 Quare
625 2660 688 2680 cum
705 2652 858 2687 spiritalem
869 2653 929 2688 ejus
944 2654 1056 2688 sapien-

272 2697 337 2725 tiam
350 2698 561 2732 ostenderimns.
576 2703 604 2728 et
622 2704 821 2736 congruentem
834 2700 911 2736 justo
928 2700 1054 2727 fiduciam

305 2756 320 2779 Ιι
333 2756 433 2786 Matth.
448 2767 527 2792 xvm,
542 2759 569 2788 3.

1106 2286 1215 2322 γλώττῃ
1225 2294 1232 2300 ·
1249 2286 1314 2313 οἶδὲ
1329 2285 1376 2312 τοῦ
1388 2284 1531 2322 ἑρμηνέως
1543 2285 1582 2316 είς
1600 2283 1649 2319 τὴν
1671 2282 1788 2310 Ἐλλάδα
1808 2282 1899 2317 φωνὴν

1109 2332 1319 2369 μεταφέροντος,
1331 2331 1466 2367 ἐπήκουόν
1490 2339 1520 2357 τε
1545 2330 1592 2357 καὶ
1606 2329 1746 2365 ἔφριττον.
1770 2329 1818 2355 καὶ
1843 2328 1898 2354 δια-

1108 2378 1275 2415 πορθμεύειν
1289 2378 1360 2404 αὑτά
1380 2376 1579 2412 ἐπηγγέλλοντο
1595 2375 1634 2410 τῷ
1657 2375 1774 2410 βασιλεῖ.
1793 2374 1863 2408 Ἐγὼ
1873 2374 1899 2400 δὲ

1108 2425 1212 2460 νομίζω
1235 2424 1341 2455 πάντας
1357 2423 1390 2450 ἂν
1407 2423 1573 2458 ὁμολογῆσαι
1589 2422 1639 2457 τῆς
1655 2421 1702 2448 τοῦ
1724 2421 1798 2447 θείου
1816 2419 1898 2447 Πνεύ-

1110 2479 1194 2506 ματος
1216 2468 1286 2497 εἶναι
1302 2469 1389 2496 ταῦτα
1402 2469 1438 2495 τὰ
1459 2469 1569 2504 ῥήματα
1585 2467 1707 2503 χάριτος.
1727 2466 1791 2498 Πῶς
1801 2466 1855 2501 γὰρ
1868 2466 1897 2493 ἂν

1109 2517 1198 2549 ἄλλως
1216 2516 1305 2544 ταῦτα
1330 2515 1481 2551 ἐφθέγξατο
1495 2514 1565 2550 ἀνὴρ
1587 2513 1712 2545 παιδείας
1727 2513 1778 2548 μὲν
1793 2513 1898 2546 ἀπάσης

1109 2563 1241 2599 ἀμύητος,
1265 2563 1293 2590 ὲν
1315 2562 1444 2597 ἀγροικίᾳ
1458 2561 1486 2587 δὲ
1502 2560 1708 2596 τεθραμμένος,
1723 2561 1785 2592 ταῖς
1807 2559 1835 2586 δὲ
1848 2559 1898 2585 τῶν

1109 2610 1180 2645 ὁρῶν
1195 2608 1404 2644 ἐνδιαιτώμενος
1430 2608 1572 2643 κορυφαῖς,
1593 2606 1736 2641 ἁπλότητα
1756 2605 1787 2632 δὲ
1811 2606 1897 2632 πᾶσαν

1109 2656 1137 2682 ὲν
1148 2657 1181 2690 τῇ
1200 2656 1272 2690 ψυχῇ
1300 2654 1468 2690 περιφέρων,
1486 2654 1532 2680 καὶ
1548 2652 1608 2679 οὐδὲ
1632 2653 1688 2683 τοῖς
1702 2651 1787 2683 θείοις
1801 2651 1897 2685 λογίοις

1110 2700 1265 2737 ὲσχολακώς
1276 2709 1283 2733 ;
1296 2699 1447 2735 Τοιγαροῦν
1464 2699 1511 2726 καὶ
1525 2698 1574 2734 τὴν
1598 2698 1789 2733 πνευματικὴν
1805 2697 1895 2731 σοφίαν

909 2806 1026 2835 VARUE
1041 2805 1244 2834 LECTIONES.

307 2851 571 2892 fLApiidduanuem
590 2853 875 2892 painascenum‘orat.
889 2853 919 2892 β,
940 2853 981 2892 pg
991 2852 1170 2892 jniagipibus._
1182 2856 1201 2880 t.
1213 2851 1233 2882 Ι,
1251 2850 1417 2892 ιεριιίθηὶῑ,
1436 2858 1461 2884 p.
1475 2850 1527 2892 58.0
1544 2849 1600 2892 lucc
1621 2848 1656 2876 ita
1678 2849 1822 2892 Ιεειιηιυιδ
1846 2846 1890 2881 τῆς

269 2884 440 2920 πόλεως’ἀπό
457 2897 529 2921 τινος
544 2898 571 2916 π.
590 2889 604 2916 δ
630 2889 722 2925 βακχ.,
737 2889 774 2921 ὡς
791 2889 870 2924 δῆθεν
884 2884 1088 2924 etesset-.5271
1107 2887 1190 2924 μανίᾳ
1207 2896 1233 2914 κ.
1250 2896 1274 2913 τ.
1293 2887 1318 2922 β.
1336 2895 1416 2923 χρησ.
1444 2894 1484 2912 στ.
1500 2885 1631 2920 ἀνοήτως,
1645 2892 1673 2910 κ.
1688 2892 1714 2911 τ.
1728 2884 1766 2916 ἐξ.
