2036 3122
215 179 289 213 1:565-

822 187 1027 219 RELIGIOSA
1045 190 1236 225 HISTORIA.

1770 195 1840 228 1106

212 233 355 286 δηλώσας,
371 234 432 286 ,καλ
527 236 624 273 δικαίῳ
655 238 813 274 πρέπουσαν
845 243 989 278 πιρρησῖα·

1052 243 1152 278 (justus
1168 247 1240 275 enim
1260 247 1375 276 confidit
1388 252 1417 276 ut
1432 248 1498 284 leo),
1513 248 1546 277 ad
1564 249 1696 278 miracula
1718 250 1832 286 gradum

214 279 331 314 (δίκαιος
346 279 401 316 γὰρ
412 281 449 313 ὡς
459 280 529 309 λέων
542 282 681 319 πέποιθεν)
693 292 699 299 ·
711 284 757 312 ἐπὶ
767 286 801 313 τὰ
811 286 939 322 θαύματα
953 297 1000 324 με·

210 325 377 361 ταϐήσομαι.
913 326 916 328 ’

247 369 315 406 Γυνή
330 379 373 402 τις
385 371 438 398 τῶν
449 372 575 408 εὐπόρων
583 374 664 407 τινὸς,
677 375 843 411 ἁδδηφαγίας
852 378 998 414 περιέπεσε

211 414 308 442 πάθεν
322 416 370 443 καὶ
387 417 410 443 ot
426 417 475 450 μὲν
495 417 622 453 δαίμονος
642 419 757 447 ἐκάλουν
780 422 810 448 τὸ
824 422 909 455 πάθος
924 423 998 459 ἐνέρ-

187 498 190 500 η
210 462 321 495 γειαν,οί
330 462 358 488 δὲ
368 461 491 497 σώματος
498 464 653 500 ἀρρωστίαν
662 465 795 501 ἐνόμιζον.
804 467 867 495 Εἴτε
873 469 900 496 δὲ
907 469 997 503 τοῦτο,

209 507 265 532 εἴτε
289 507 377 534 ἐκεῖνο
389 506 423 543 ἦν
434 529 440 541 ,
458 509 559 538 τοιόνδε
579 507 613 546 ἤν
624 517 631 525 ·
646 511 793 546 τριάκοντα
809 514 893 547 αὐτὴν
905 515 997 550 ἔλεγον

208 552 258 587 τῆς
265 553 371 588 ἡμέρας
382 554 469 590 ὄρνεις
477 555 629 590 ἐσθίουσαν,
638 557 675 592 μὴ
683 558 822 586 σϐεννύναι
832 559 881 596 τὴν
892 561 995 595 ἔφεσιν,

207 599 264 626 ἀλλ’
279 600 318 627 ἔτι
344 601 445 636 ἐτέρων
460 602 615 638 ὀρέγεσθαι.
641 604 718 631 Οὕτω
744 606 833 633 τοίνυν
854 607 894 638 είς
910 607 995 643 αὐτὴν

208 647 257 681 τῆς
277 646 372 679 οὐσίας
401 647 616 685 δαπανωμένης,
642 651 826 687 οἰκτείραντες
853 654 883 682 ot.
908 662 993 689 προσ-

207 691 394 725 ήκοντες,τὺν
413 692 484 721 θεῖον
511 694 614 722 ἐκεῖνον
642 696 762 724 ἱκέτευον
787 698 942 734 ἄνθρωπον.
966 700 994 727 Ὀ

208 735 237 762 δὲ
247 736 361 771 ἀφίκετο
374 737 422 772 μὲν
434 739 481 764 καὶ
492 739 673 775 προσηύξατο,
690 742 738 769 καὶ
747 741 825 770 ὕδατι
837 743 886 779 τὴν
902 744 994 776 δεξιὰν

204 781 319 815 ἐπιθεὶς,
334 783 382 809 καλ¹
405 783 455 819 τὴν
469 785 602 819 σωτήριον
617 787 774 819 ἑντυπώσας
789 790 933 824 σφραγῖδα,
945 789 993 816 καὶ

206 827 278 853 πιεῖν
292 827 434 861 κελεύσας,
453 828 484 855 τὸ
501 829 586 862 πάθος
607 830 715 858 ἰάσατο·
732 833 779 860 καὶ
795 833 867 860 οὕτω
889 834 992 870 σφόδρα

204 871 323 906 ἧμδλυνε
335 873 384 908 τὴν
392 874 442 909 τῆς
451 874 567 910 ὀρέξεως
580 876 725 912 ἀμετρίαν,
738 878 776 910 ὠς
784 879 825 910 είς
839 879 885 906 τὴν
896 879 991 907 ἔπειτα

1051 290 1163 319 faciam.

1084 381 1161 410 Uxor
1177 381 1270 410 divitis
1283 382 1429 418 cujusdam
1445 382 1588 410 edacitatis
1604 384 1700 411 morbo
1724 384 1834 412 labora-

1048 427 1115 456 bat:
1129 432 1156 456 et
1171 429 1295 456 morbum
1313 430 1386 456 hunc
1409 429 1522 464 quidam
1550 428 1683 457 daemonis
1711 437 1833 465 operam,

1047 473 1095 501 alii
1112 474 1238 509 corporis
1256 473 1443 502 inﬁrmitatem
1467 473 1684 501 arbitrabantur.
1702 474 1766 502 Sive
1781 475 1833 502 hoc

1046 522 1149 552 autem,
1175 520 1233 548 sive
1249 519 1320 548 illud
1336 520 1399 552 fuit,
1423 519 1560 555 ejusmodi
1577 524 1653 553 erat,
1665 524 1694 548 ut
1721 521 1833 556 triginta

1046 565 1164 600 singulis
1193 565 1290 594 diebus
1316 566 1435 602 gallinas
1463 574 1527 594 cum
1543 566 1646 596 ederet.
1672 566 1831 594 aviditatem

1045 618 1100 638 non
1112 611 1245 646 expleret,
1259 612 1308 640 sed
1323 612 1394 639 alias
1423 619 1506 647 porro
1531 616 1680 647 appeteret.
1703 611 1771 639 Cum
1791 613 1832 639 sic

1044 664 1111 691 opes
1125 665 1191 685 suas
1211 661 1398 690 consumeret,
1419 658 1524 686 miserti
1540 658 1601 692 ejus
1618 658 1762 693 propinqui
1790 658 1832 684 di-

1044 703 1102 730 vini
1128 703 1203 731 illius
1234 704 1354 732 hominis
1380 711 1459 739 opem
1490 703 1651 739 implorant.
1678 703 1759 731 Venit
1775 704 1829 736 ille,

1044 748 1186 785 Deumque
1205 753 1344 784 precatus,
1363 753 1392 777 et
1417 750 1559 778 dexteram
1574 757 1651 785 aquae
1670 750 1829 784 imponens,

1043 801 1075 822 ac
1090 795 1199 829 signum
1215 796 1307 823 crucis
1329 795 1473 831 eﬂ‘tngens,
1494 795 1587 823 bibere
1599 796 1693 830 jussit,
1716 800 1743 823 et
1758 803 1830 823 mor-

1042 840 1108 868 bum
1123 841 1244 872 sanavit.
1259 846 1340 876 atque
1358 842 1568 870 immoderatam
1586 841 1769 877 appetenliam
1792 841 1830 868 ita

1042 887 1186 921 repressit,
1202 892 1232 914 ut
1259 887 1298 914 illi
1321 887 1453 922 deinceps
1468 887 1502 914 ad
1519 887 1624 914 victum
1656 887 1684 914 in
1707 886 1829 921 singulos

204 917 298 968 χρόνον
309 918 433 968 βραχύητι
449 920 542 968 μόριον
557 921 663 957 δρνιθος
674 923 735 950 καθ’
752 924 870 960 ἑκάστην
881 925 989 961 ἡμέραν

1040 917 1101 961 dies
1120 917 1220 968 exigua
1251 933 1361 967 gallina:
1390 917 1526 967 particula
1554 931 1701 959 suﬁiceret.
1735 917 1830 958 Etltic

203 963 253 999 τὴν
262 964 312 999 τῆς
324 967 427 1001 τροφῆς
443 967 510 1002 αὐτῇ
521 967 616 1002 χρείαν
633 969 762 1004 πληροῦν.
782 970 867 997 Τοῦτο
890 971 941 1006 μὲν
960 971 991 998 τὺ

204 1009 290 1042 πάθος
311 1011 440 1047 τοιαύτην
463 1013 743 1049 θεραπείανὲδέξατο.
759 1016 850 1052 Κόρης
869 1017 897 1043 δέ
918 1025 991 1049 τινος

203 1053 243 1081 ἔτι
257 1054 490 1093 θαλάμευομένης,
500 1059 547 1087 καὶ
560 1060 678 1095 πονηροῦ
692 1060 990 1096 δαίμονοςὲξαπιναίως

201 1099 352 1137 δεξαμένης
366 1102 515 1138 ἐνέργειαν,
525 1104 642 1140 ἔδραμεν
652 1105 666 1131 ό
681 1106 772 1141 πατὴρ
785 1107 852 1142 πρὸς
862 1106 908 1134 τὸν
919 1107 990 1134 θεῖον

202 1145 353 1182 ἄνθρωπον,
368 1148 513 1176 ἀντιῦολῶν
537 1150 584 1177 καὶ
609 1150 805 1185 ποτνιώμενος,
827 1152 874 1179 καὶ
897 1154 989 1188 τυχεῖν

203 1191 300 1224 ἰάσεως
314 1194 479 1229 παρακαλῶν
494 1195 524 1222 τὸ
542 1195 696 1232 θυγάτριον.
712 1197 742 1223 Ὁ
758 1197 787 1223 δὲ
802 1198 989 1233 προσευξάμεο

200 1246 245 1277 νος
261 1238 402 1266 ἐκέλευσεν
417 1240 608 1277 ἀπαλλαγῆναι
622 1243 778 1278 παραυτίκα
789 1243 839 1278 τῆς
848 1244 933 1280 κόρης
943 1245 988 1271 τὸν

199 1283 325 1320 δαίμονα.
345 1285 375 1312 '0
391 1286 419 1313 δὲ
441 1286 555 1322 ἔφασκε,
572 1288 609 1324 μὴ
630 1288 702 1315 ἑκὼν
729 1289 905 1322 ὑπεισδύναι,
920 1290 989 1318 ἀλλὰ

201 1331 357 1367 μαγγανεία
375 1331 519 1367 βιασθῆναι
535 1336 696 1370 γοητευτικῇ
710 1343 716 1349 ·
731 1335 807 1369 ἔλεγε
826 1335 855 1362 δὲ
876 1336 923 1363 καὶ
938 1336 988 1372 τὴν

198 1375 246 1402 τοῦ
260 1376 424 1412 βιασαμένου
451 1380 636 1415 προσηγορίαν
647 1401 655 1412 ,
670 1381 717 1408 καὶ¹
741 1381 830 1417 ἔρωτα
848 1379 918 1409 εἶναι
939 1383 988 1417 τὴν

197 1420 248 1456 τῆς
267 1422 394 1457 γοητείας
416 1424 515 1452 αἰτίαν.
545 1424 627 1452 Ἀλλὰ
652 1425 755 1452 τούτων
780 1426 916 1458 ἀκούσας,
938 1427 988 1454 οὐκ

197 1465 312 1502 ἤνεγκεν
337 1468 351 1494 ὁ
370 1468 460 1504 πατὴρ
475 1469 524 1505 τὴν
553 1470 600 1497 τοῦ
631 1471 718 1507 θυμοῦ
741 1471 912 1508 προσϐολὴν,
928 1472 988 1499 οὐδὲ

197 1512 247 1548 τὴν
259 1513 308 1548 τῆς
327 1514 422 1546 παιδὸς
445 1514 595 1550 θεραπείαν
611 1517 753 1552 ἀνέμεινεν
765 1526 772 1534 ·
787 1518 854 1544 ἀλλὰ
866 1518 911 1544 τὸν
932 1518 986 1545 τῶν

200 1557 332 1592 μειζόνων
349 1559 487 1594 ἀρχόντων
502 1561 666 1588 καταλαϐὼν
679 1561 807 1598 ἄρχοντα,
827 1563 881 1590 τῶν
895 1563 987 1590 πλειό-

198 1612 250 1631 νων
272 1604 356 1632 ἑθνῶν
378 1606 608 1641 προστατεύοντα,
622 1597 758 1644 γράφεται
774 1609 819 1636 τὸν
831 1609 984 1645 ἄνθρωπον,
1000 1597 1022 1627 C

196 1650 245 1678 καὶ
265 1650 398 1686 διηγεῖται
419 1652 450 1678 τὸ
473 1652 576 1689 δρᾶμα.
597 1654 626 1681 '0
650 1655 678 1681 δὲ
705 1653 847 1690 ἀγώγιμος
866 1654 986 1690 γεγονὼς

197 1695 316 1732 ἠρνεῖτο,
334 1697 381 1725 καὶ
406 1700 588 1733 συκοφαντίαν
607 1699 733 1736 ὠνόμαζε
754 1700 803 1736 τὴν
821 1701 941 1737 γραφήν.
955 1700 986 1728 '0

196 1742 225 1769 δὲ
241 1743 367 1780 μάρτυρα
381 1745 473 1772 ἐκάλει
488 1746 538 1781 οὐχ
554 1745 657 1782 ἕτερον,
679 1746 747 1773 ἀλλὰ
760 1747 807 1773 τὸν
824 1748 858 1782 τῇ
873 1747 986 1783 γοητείᾳ

197 1788 394 1825 διακονήσαντα
412 1791 537 1826 δαίμονα,
563 1792 611 1819 καὶ
639 1792 685 1819 τὸν
711 1792 842 1828 δικαστὴν
869 1792 984 1826 ἱκέτευε,

198 1835 273 1870 παρὰ
285 1835 331 1862 τὸν
346 1835 418 1862 θεῖον
430 1837 532 1863 ἐκεῖνον
550 1836 673 1872 δραμεῖν,
691 1838 738 1864 καὶ
754 1837 803 1873 τὴν
819 1837 866 1865 τοῦ
891 1839 986 1874 δαίμο-

198 1888 242 1912 νος
253 1880 380 1913 δέξασθαι
394 1882 558 1918 μαρτυρίαν.
568 1882 621 1909 Τοῦ
634 1883 661 1909 δὲ
677 1882 867 1917 λέγοντος,οὑκ
874 1884 985 1919 ἔννομον

197 1923 277 1958 εἶναι,
295 1927 355 1954 οὐδὲ
371 1927 424 1963 μὴν
436 1928 520 1961 ὅσιον,
547 1928 576 1955 ὲν
595 1928 737 1964 ἀσκητικῷ
754 1929 846 1964 χωρίῳ
859 1930 985 1964 γενέσθαι

197 1973 246 2008 τὴν
261 1973 387 2008 βάσανον,
405 1973 479 2006 ἄξειν
502 1974 541 2006 εἰς
565 1974 596 2001 τὸ
617 1974 792 2010 δικαστήριον
811 1975 887 2011 ὁτῆς
900 1975 985 2011 κόρης

197 2019 289 2055 πατὴρ
299 2019 343 2045 τὸν
359 2018 430 2046 θεῖον
455 2019 590 2055 ὑπέσχετο
601 2019 768 2048 Μακεδόνων
783 2027 790 2034 ·
807 2020 854 2047 καὶ
873 2021 985 2056 δραμὼν

197 2064 289 2092 ἔπεισέ
298 2074 327 2092 τε
337 2066 384 2092 καὶ
398 2065 638 2101 ἧγαγεν.Ἒξωθεν
650 2066 678 2093 δὲ
691 2066 740 2093 τοῦ
748 2066 859 2102 ἀρχείου
872 2067 986 2099 καθίσας

197 2112 211 2137 ὀ
222 2111 359 2147 δικαστὴς,
375 2111 435 2147 οὐχὶ
454 2111 583 2147 δικαστὴς
597 2111 716 2146 ἐγένετο,
732 2112 801 2139 ἀλλὰ
820 2111 920 2147 θεατής
930 2122 936 2128 ·
951 2112 986 2139 τὰ

197 2155 328 2183 δικαστῶν
340 2156 395 2192 γὰρ
409 2157 422 2183 δ
437 2157 523 2192 μέγας
531 2157 698 2188 Μακεδόνιος
707 2157 782 2192 ἔδρα,
792 2159 825 2194 τῇ
840 2158 985 2196 ὲνοικούσῃ

196 2201 309 2237 δυνάμει
326 2201 476 2238 χρώμενος,
494 2203 541 2231 καὶ
564 2203 605 2239 τῷ
628 2203 735 2238 δαίμονι
761 2204 985 2240 παρακελευόμε-

197 2256 252 2282 νος,
265 2248 296 2274 τὸ
315 2248 364 2283 μὲν
379 2248 493 2283 σύνηθες
514 2248 611 2283 ψεῦδος
626 2249 683 2284 ὲᾷν,
697 2248 746 2275 σὺν
757 2248 872 2284 ἀληθείᾳ
887 2249 914 2276 δὲ
931 2250 986 2277 πᾶ·
1001 2262 1025 2292 D

199 2300 247 2319 σαν
263 2291 310 2319 τοῦ
329 2292 466 2328 δράματος
490 2292 642 2328 διηγεῖσθαι
661 2294 711 2328 τὴν
730 2294 894 2329 τραγῳδίαν.
915 2295 944 2321 '0
955 2295 984 2322 δὲ

198 2337 251 2365 ὑπὸ
261 2339 310 2373 τῆς
328 2339 460 2374 μεγίστης
469 2339 593 2375 ἀνάγκης
604 2339 770 2375 ὠθούμενος,
788 2341 835 2370 καὶ¹
848 2340 893 2368 τὸν
900 2341 987 2377 ἄνδρα

198 2383 343 2410 ὑπεδείκνυ
366 2383 411 2410 τὸν
429 2385 488 2415 ταῖς
502 2386 688 2419 γοητευτικαίς
699 2385 782 2420 ᾠδαῖς
804 2385 981 2421 βιασάμενον,

192 2429 244 2456 καὶ
258 2429 306 2465 τὴν
324 2430 484 2464 παιδίσκην,
508 2430 541 2458 δι’
554 2427 588 2466 ἧς
606 2431 620 2457 ὁ
641 2431 748 2458 κυκεὼν
772 2432 875 2463 ἐκεῖνος
899 2441 984 2467 ’προσ-

199 2475 299 2510 ηνέχθη
321 2476 354 2511 τῇ
373 2475 456 2511 κόρῃ·
475 2475 513 2507 ὡς
526 2475 556 2502 δὲ
582 2476 630 2502 καὶ
644 2476 725 2511 ἕτερα
742 2477 983 2513 λέγεινμὴπείγετο,

198 2520 275 2547 ﬁbri
287 2519 374 2547 ἄλλων
392 2520 473 2547 τινῶν
490 2520 610 2556 βιασθεὶς
627 2521 766 2557 ἑδεδράκει
779 2543 787 2555 ,
805 2522 852 2549 τοῦ
869 2523 919 2558 μὲν
935 2523 985 2558 ἑμ-

200 2566 307 2601 πρήσας
319 2565 368 2601 τὴν
383 2565 482 2598 οἰκίαν,
502 2566 548 2592 τοῦ
562 2565 590 2592 δὲ
604 2566 639 2593 τὰ
654 2567 738 2602 κτήνη
752 2567 919 2604 διαφθείρας,
937 2568 991 2596 τοῦμ

239 2611 301 2659 ἄλλο
312 2620 338 2659 τι
348 2611 549 2647 λυμηνάμενος,
567 2612 646 2648 σιγὴν
660 2613 737 2648 ἄγειν
751 2614 894 2644 ἐκέλευσεν
911 2616 925 2642 ὁ
936 2616 983 2642 τοῦ

199 2656 266 2683 Θεοῦ
283 2657 435 2693 ἄνθρωπος,
454 2658 501 2687 καὶ
521 2658 683 2693 παραυτίκα
695 2660 855 2696 πόῤῥωπου
869 2662 917 2688 καὶ
935 2661 985 2696 τῆς

201 2702 283 2738 κόρης
295 2702 396 2729 καὶτοῦ
409 2703 512 2734 ἄστεοςΔ
522 2703 655 2737 γίνεσθαι.
678 2703 706 2730 '0
723 2705 763 2737 δὲ,
776 2705 814 2738 ὡς
828 2707 984 2743 Δεσποτικῷ

201 2747 359 2782 πειθόμενος
383 2748 467 2784 νόμῳ,
482 2749 512 2775 τὸ
537 2748 681 2776 κελευσθὲν
707 2750 812 2784 ἐποίει,
831 2752 878 2779 καὶ
903 2753 984 2785 εὐθὺς

200 2793 390 2828 ὲδραπέτευεν.
403 2794 480 2821 Οὕτω
491 2794 518 2821 δὲ
529 2794 630 2830 ταύτην
645 2797 658 2822 ὁ
671 2795 741 2828 θεῖος
760 2798 861 2830 ἐκεῖνος
876 2799 983 2834 ἄνθρω-

201 2847 252 2870 πος
265 2840 315 2874 τῆς
333 2839 430 2874 μανίας
444 2839 638 2876 ἐλευθερώσας,
658 2841 759 2869 καὶτὸν
775 2843 892 2871 δείλαιον
913 2845 979 2872 ἐκεῖ·

202 2893 246 2912 νθν
269 2884 406 2921 ἐξήρπασε
427 2886 475 2921 τῆς
497 2886 623 2921 γραφῆς.
651 2888 696 2914 καὶ
713 2889 758 2916 τοῦ
782 2890 906 2918 δικαστοῦ
936 2892 982 2919 τ’λν

1041 978 1150 1013 quidem
1168 978 1280 1005 morbus
1297 977 1349 1005 hoc
1365 977 1447 1004 modo
1462 980 1578 1004 curatus
1591 980 1643 1004 est.
1655 976 1761 1003 'Puellze
1777 983 1830 1002 att—

1040 1027 1106 1057 tem,
1121 1032 1183 1059 quae
1201 1024 1315 1050 thalami
1333 1023 1487 1058 parietibus
1503 1022 1594 1049 adhuc
1623 1021 1828 1052 continebatur,

1040 1073 1068 1098 et
1083 1077 1098 1096 a
1117 1069 1190 1097 malo
1205 1069 1329 1096 daemone
1343 1072 1472 1103 correpta
1486 1067 1580 1095 subito
1605 1066 1705 1099 fuerat,
1728 1073 1828 1093 curetur-

1039 1115 1076 1143 rit
1089 1119 1167 1150 pater
1183 1114 1215 1142 ad
1232 1114 1369 1142 hominem
1386 1113 1522 1145 divinum,
1532 1119 1616 1140 orans
1630 1115 1659 1140 et
1672 1111 1826 1143 obtestans,

1039 1166 1069 1189 et
1084 1161 1229 1189 sanitatem
1257 1160 1321 1188 ﬁliae
1343 1159 1420 1187 reddi
1453 1159 1557 1194 1211
1589 1158 1742 1194 postulans.
1756 1156 1827 1189 Qui‘

1039 1214 1101 1235 cum
1119 1207 1187 1235 fusis
1211 1206 1340 1241 precibus
1356 1206 1508 1233 dremonem
1537 1212 1552 1231 a
1568 1205 1658 1240 puella
1682 1203 1826 1231 confestim

1039 1251 1188 1279 abscedere
1199 1251 1319 1286 juberet,
1334 1251 1379 1277 ille
1395 1257 1425 1277 se
1440 1258 1496 1277 non
1519 1256 1569 1277 sua
1586 1251 1684 1283 sponte
1708 1247 1827 1273 intrasse

1038 1297 1121 1330 dixit,
1134 1297 1180 1324 sed
1196 1296 1309 1331 magicis
1323 1295 1472 1331 przestigiis
1496 1297 1636 1326 coactum,
1662 1292 1824 1326 addiditque

1038 1347 1066 1371 et
1081 1349 1181 1370 nomen
1197 1341 1258 1376 ejus
1277 1341 1324 1376 qui
1338 1344 1476 1376 coegerat,
1493 1344 1521 1367 et
1539 1339 1738 1375 praestigiarum
1761 1344 1828 1365 cau-

1038 1395 1097 1416 sam
1116 1395 1237 1415 atuorem
1256 1387 1410 1414 exstitisse.
1425 1386 1486 1420 Quo
1499 1386 1608 1418 audito,
1625 1385 1673 1412 irae
1694 1385 1827 1419 impetum

1038 1441 1118 1469 pater
1134 1441 1190 1461 non
1210 1433 1284 1465 tulit,
1301 1441 1391 1468 neque
1409 1433 1471 1459 tilia)
1488 1432 1658 1459 curationem
1680 1433 1828 1465 exspecta-

1036 1480 1076 1508 vit
1090 1492 1096 1508 ;
1113 1480 1162 1508 sed
1177 1479 1312 1514 majorum
1329 1478 1479 1514 praesidum
1493 1478 1637 1512 praesidem
1663 1477 1768 1508 adiens,
1780 1475 1826 1511 qui

1037 1526 1132 1561 plures
1152 1525 1311 1560 provincias
1331 1524 1451 1560 regebat,
1485 1523 1623 1550 hominem
1653 1527 1775 1554 accusat,
1799 1525 1829 1548 et

1037 1570 1146 1599 facinus
1162 1571 1284 1605 exponit.
1303 1569 1354 1597 llic
1369 1573 1461 1602 autem
1483 1568 1510 1595 in
1529 1568 1664 1603 judicium
1687 1567 1823 1594 adductus

1038 1616 1224 1648 inliciabatur,
1243 1620 1270 1643 et
1286 1615 1490 1643 accusationem
1514 1613 1681 1641 calumniam
1706 1612 1829 1647 appella-

1037 1663 1095 1691 bat.
1114 1661 1162 1690 llle
1176 1669 1242 1689 vero
1257 1664 1355 1688 testem
1369 1660 1451 1687 alium
1467 1667 1521 1687 non
1544 1659 1656 1691 citabat,
1671 1665 1752 1693 quam
1772 1657 1827 1684 daa-

1038 1714 1145 1734 monem
1161 1706 1262 1741 ipsum,
1279 1705 1326 1740 qui
1341 1705 1470 1732 minister
1497 1703 1588 1731 fuerat
1615 1703 1827 1735 incantationis,

1034 1751 1211 1787 judicemque
1224 1751 1333 1783 orabat,
1351 1754 1380 1777 ut
1394 1749 1426 1777 ad
1444 1749 1568 1777 divinum
1589 1749 1678 1775 virum
1705 1748 1766 1778 iret,
1783 1751 1825 1774 te-

1036 1797 1250 1831 stimoniumque
1276 1796 1419 1830 reciperet.
1433 1794 1485 1827 Qui
1501 1801 1564 1821 cum
1579 1793 1620 1821 fas
1640 1801 1693 1820 non
1708 1800 1769 1819 esse
1784 1791 1827 1818 di-

1036 1847 1121 1874 ceret,
1137 1850 1189 1870 nec
1203 1842 1323 1877 justum,
1339 1846 1369 1868 ut
1387 1841 1413 1868 in
1427 1839 1598 1867 monasterio
1612 1838 1727 1873 qtmstio
1741 1837 1831 1864 habe‘

1035 1891 1123 1920 retur,
1138 1886 1325 1914 adducturum
1350 1893 1381 1913 se
1411 1884 1439 1912 in
1467 1884 1604 1919 judicium
1631 1887 1709 1918 pater
1729 1882 1828 1917 puella

1036 1932 1226 1960 Macedonium
1249 1931 1363 1966 recepit,
1379 1935 1406 1958 et
1428 1937 1595 1961 accurrens,
1613 1929 1748 1964 persuasit
1774 1928 1824 1960 illi,

1035 1982 1062 2006 et
1090 1979 1219 2006 adduxit.
1240 1977 1344 2006 Sedens
1364 1980 1455 2004 autem
1477 1981 1553 2003 extra
1570 1974 1705 2010 judicium
1731 1974 1828 2010 iudex,

1035 2031 1091 2051 non
1108 2023 1191 2058 judex
1209 2023 1257 2051 sed
1271 2026 1410 2058 spectator
1425 2021 1515 2048 factus
1531 2024 1584 2048 est.
1602 2019 1729 2047 Iudicum
1751 2019 1830 2047 enim.

1036 2073 1128 2105 partes
1137 2069 1235 2104 agebat
1249 2075 1365 2102 magnus
1383 2066 1574 2098 Macedonius,
1587 2065 1733 2093 insitasibi
1746 2068 1822 2091 utens

1036 2118 1183 2150 potestate,
1200 2114 1374 2148 daemonique
1386 2111 1559 2147 praecipiens,
1571 2115 1610 2142 ut,
1626 2111 1727 2145 rejecto
1743 2109 1826 2137 fami.

1036 2161 1097 2189 liari
1112 2160 1162 2188 sibi
1182 2159 1336 2189 mendacio,
1350 2162 1433 2186 totam
1449 2158 1488 2185 rei
1507 2157 1667 2192 tragatdiam
1683 2164 1746 2183 vera
1761 2163 1826 2182 nar-

1038 2207 1146 2236 ratione
1159 2209 1320 2240 exponeret.
1330 2203 1398 2231 Tum
1413 2204 1469 2236 ille,
1478 2210 1585 2231 summa
1599 2202 1762 2230 necessitate
1776 2200 1825 2228 ad-

1038 2257 1127 2286 actus,
1144 2256 1174 2280 et
1189 2252 1279 2278 virum
1295 2249 1426 2282 ostendit,
1451 2249 1499 2283 qui
1526 2248 1640 2283 magicis
1656 2247 1826 2275 carminibus

1036 2300 1091 2326 vim
1109 2299 1250 2330 attulerat,
1265 2300 1291 2324 et
1308 2295 1448 2327 ancillam,
1463 2302 1512 2330 per
1536 2301 1618 2329 quam
1639 2293 1715 2329 potio
1729 2293 1826 2327 puclla:

1035 2346 1106 2373 data.
1126 2345 1226 2372 fuerat.
1244 2343 1369 2378 Cumque
1395 2343 1448 2369 alia
1473 2341 1556 2369 etiam
1585 2340 1678 2368 dicere
1704 2343 1824 2375 pararet,

1035 2399 1096 2427 quae
1109 2391 1143 2418 ab
1169 2390 1231 2417 aliis
1259 2387 1426 2424 quibusdam
1454 2387 1590 2422 impulsus
1614 2389 1747 2422 patrarat,
1762 2383 1827 2412 huic

1035 2438 1148 2465 domum
1181 2435 1351 2467 incendens,
1369 2434 1446 2462 illius
1476 2433 1601 2468 jumenta
1637 2431 1798 2459 interimens
1816 2451 1825 2465 ,

1035 2484 1119 2512 alium
1134 2483 1189 2510 alio
1212 2482 1342 2517 quopiam
1365 2481 1470 2508 damno
1489 2479 1617 2511 alliciens.
1645 2479 1726 2506 silere
1748 2478 1826 2505 illum

1033 2530 1118 2565 jussit
1131 2529 1174 2556 vir
1206 2527 1272 2561 Dei,
1289 2527 1440 2562 proculque
1456 2534 1470 2553 a
1487 2525 1579 2561 puella
1606 2529 1634 2553 et
1661 2524 1696 2552 ab
1717 2524 1824 2559 1212

1036 2576 1106 2604 urbe
1125 2574 1218 2603 statim
1246 2573 1395 2601 abscedere
1410 2581 1417 2600 :
1434 2575 1462 2599 et
1487 2571 1541 2604 ille,
1564 2575 1693 2605 tanquam
1716 2569 1823 2596 Domini

1035 2623 1086 2658 legi
1101 2621 1267 2655 obsequens,
1284 2618 1349 2647 fecit
1365 2618 1507 2653 imperata,
1534 2616 1658 2652 fugitque
1677 2614 1822 2649 evestigio.

1036 2666 1075 2695 lta
1089 2668 1199 2695 divinus
1209 2666 1251 2694 vir
1278 2665 1352 2692 hanc
1380 2664 1502 2692 liberans
1526 2670 1541 2690 a
1565 2662 1668 2694 furore,
1692 2661 1823 2689 miserum

1035 2721 1143 2748 quoque
1158 2713 1234 2740 illum
1259 2710 1360 2746 eripuit
1377 2709 1560 2741 accusationi,
1581 2708 1776 2744 prohibuitqne
1788 2713 1824 2734 ne

1033 2759 1117 2794 judcx
1135 2758 1234 2794 capitis
1258 2756 1422 2784 sententiam
1453 2755 1553 2786 ferret,
1569 2758 1695 2781 sanctum
1718 2759 1823 2788 negans

1035 2811 1106 2835 esse,
1118 2807 1147 2830 ut
1157 2803 1181 2830 is
1197 2801 1243 2837 qui
1263 2801 1351 2836 ipsius
1367 2807 1452 2835 opera
1469 2799 1619 2826 convictus
1634 2798 1824 2825 fueratmorte

1035 2849 1209 2884 plecteretur,
1222 2852 1250 2874 et
1264 2853 1319 2873 non
1337 2845 1412 2872 salus
1424 2844 1447 2872 ei
1460 2844 1553 2879 potius
1572 2851 1619 2878 per
1631 2842 1829 2878 paenitentiam.

1035 2895 1192 2922 donaretur.
1214 2884 1285 2920 Satis
1305 2898 1369 2928 ergo
1385 2897 1522 2927 superque
1535 2893 1613 2917 erant
1633 2889 1695 2922 ista,
1709 2892 1738 2916 ut
1750 2895 1829 2916 ϐοαθ-
