2036 3122
244 191 310 222 11ῦῖ

738 164 985 221 mocosam
1004 187 1167 219 EPISCUP]
1186 185 1374 218 CYRENSIS

1809 189 1879 221 ἷίῦδ

243 254 330 274 resse
342 247 379 273 illi
394 246 493 274 divina:
507 247 603 283 grati:
617 247 824 275 exuberantiam
841 248 1028 279 ostenderent,

1083 244 1271 280 θανατηφόρον
1293 243 1412 271 ἐκώλυσε
1432 244 1533 280 ψῆφον,
1550 244 1600 280 οὔχ
1618 244 1691 271 ὅσιον
1705 241 1775 270 εἶναι
1789 246 1876 278 seu,

242 300 293 327 ego
306 297 398 320 tamen
413 293 494 320 etiam
512 294 566 321 alia
589 294 823 322 commemorabo.

1087 292 1142 323 τοῖς
1156 291 1190 317 δι’
1206 290 1289 317 αὑτοῦ
1304 290 1460 326 γενομένοις
1481 290 1603 326 ἐλέγχοις
1629 289 1789 325 ιπιτεθῆναι
1810 297 1878 323 σφα-

243 339 304 375 γὴν,
320 339 388 365 ἀλλὰ
404 340 504 375 μᾶλλον
522 341 571 376 τὴν
583 341 628 368 διὰ
646 341 790 377 μετανοίας
806 341 880 377 αὐτῷ
892 341 1030 377 σωτηρίαν
1049 337 1248 376 χορηγηθῆναι.
1266 337 1387 374 ’Δπόχρη
1409 337 1459 373 μὲν
1472 335 1518 365 οὖν
1532 338 1578 364 καὶ
1594 336 1680 364 ταῦτα
1704 337 1755 372 τῆς
1786 345 1877 372 παραο

244 383 386 420 σχεθιίσης
398 384 472 420 αὐτῷ
496 386 570 418 θείας
594 386 735 422 δυνάμεως
753 387 837 419 δεῖξαι
861 386 1030 422 περιουσίαν.
1058 384 1129 419 Ἐγὼ
1143 383 1171 409 δὲ
1182 384 1256 419 ὅμως
1272 383 1319 410 καὶ
1331 383 1413 419 ἔτερα
1436 383 1611 420 διηγήσομαι.

277 430 383 460 Nobilis
409 433 534 468 quaedam
559 441 591 461 ac
611 434 744 468 praedives
768 434 888 468 femina,
903 435 1028 462 Astrium

243 478 362 510 nomine,
379 479 478 506 mentis
501 479 590 513 impos
606 478 689 513 facta,
704 480 744 508 sic
759 484 788 506 ut
809 487 921 507 suorum
941 479 1030 507 nemi-

244 530 306 550 nem
326 529 499 558 agnosceret.
521 525 670 560 cibumque
691 532 723 552 ac
743 530 837 560 potum
862 532 972 552 omnem
991 533 1031 553 re-

243 573 366 603 spueret,
381 568 464 604 longo
476 569 532 603 jam
548 574 672 604 tempore
685 570 711 596 in
727 570 779 597 hoc
789 569 888 598 delirio
900 577 1028 605 perseve-

243 613 322 641 rabat
333 615 423 649 :quod
435 616 544 650 quidem
561 615 605 642 alii
618 616 749 643 daemonis
762 623 851 650 operte
861 616 1029 648 tribuebant,

244 658 344 687 medici
370 667 436 688 vero
460 661 569 688 cerebri
587 663 713 689 morbum
739 661 921 697 appellabant.
940 661 1031 694 Quare

243 705 318 732 omni
335 711 393 733 arte
420 712 593 741 consumpta.
607 714 669 733 cum
688 707 820 734 auxilium
847 707 911 734 inde
925 707 1030 734 nullum

243 753 398 785 exsisteret,
413 753 453 780 vir
466 753 527 787 ejus
542 754 708 785 Avodianus,
720 754 881 788 magistratu
897 759 926 781 et
938 753 1031 789 digni-

244 801 301 825 tate
323 799 425 830 clarus.
440 800 472 826 ad
494 799 618 827 divinum
639 801 705 828 illud
733 804 814 835 caput
840 799 991 835 profectus,
1004 803 1032 827 et

244 844 371 880 conjugis
390 845 575 873 calamitatem
598 845 737 880 exposuit,
761 849 787 872 et
813 845 965 872 remedium
981 852 1032 872 ex-

244 890 332 925 petiit.
350 891 442 918 Cessit
459 891 540 919 homo
560 891 618 921 Dei.
641 891 756 926 ejusque
769 891 879 918 domum
897 891 982 923 venit,
1002 896 1030 918 et

245 935 328 962 Deum
358 944 456 971 magna
483 937 661 964 contentione
688 942 814 972 precatus
837 942 888 964 est.
915 936 1030 964 Peracta

243 981 377 1013 oratione,
393 989 494 1017 aquam
521 981 612 1009 ali'erri
632 990 694 1009 cum
724 982 865 1016 jussisset,
880 982 960 1017 eique
987 989 1031 1009 sa-

243 1026 332 1054 lutare
362 1027 470 1065 signum
495 1027 807 1062 itnpressisset,bibere
835 1028 911 1054 illam
935 1027 1029 1061 jussit.

242 1070 467 1100 Reclamantibus
493 1073 609 1100 medicis
625 1094 632 1106 ,
651 1073 729 1108 quasi
761 1073 860 1108 frigido
887 1077 952 1108 potu
986 1073 1031 1100 hic

242 1118 356 1146 morbus
373 1123 530 1154 augeretur,
547 1120 675 1151 maritus,
695 1124 750 1147 tota
766 1120 874 1147 illorum
888 1121 967 1147 turba
983 1127 1030 1146 ex-

242 1164 332 1198 pulsa,
356 1165 434 1192 uxori
454 1165 596 1200 potionem
625 1165 751 1200 prmbuit,
767 1169 793 1193 et
821 1166 866 1193 illa
886 1170 916 1192 ut
934 1164 1029 1197 ebibit,

241 1209 275 1236 ad
288 1217 317 1237 se
333 1217 396 1238 mox
412 1211 505 1244 rediit,
526 1211 632 1246 1213
648 1212 802 1247 mentisque
816 1219 928 1246 compos
947 1210 1029 1243 facta,

1115 431 1176 458 Τῶν
1189 431 1360 467 εὐπατριδῶν
1376 440 1418 463 τις
1431 432 1510 467 γυνὴ,
1527 432 1574 459 καὶ
1591 431 1651 458 λίαν
1677 429 1878 466 εὐπορωτάτων

1079 477 1221 513 (Ἂστριον
1230 477 1286 504 ηδὲ
1293 478 1379 511 αὐτὴν
1386 477 1669 514 προσηγόρευον),ἔξω
1681 477 1729 512 μὲν
1743 477 1797 503 τῶν
1812 484 1878 512 φρει

1078 522 1132 549 νῶν
1155 522 1276 557 ἐγεγόνει
1298 543 1305 555 ,
1322 522 1489 557 ὲπεγίνωσκε
1508 522 1536 549 δὲ
1560 522 1614 549 τῶν
1643 522 1751 549 οίκείων
1769 521 1876 553 οὐδένα.

1080 567 1210 594 σιτίωνδὲ
1227 567 1243 604 ἢ
1268 567 1359 594 ποτῶν
1377 568 1542 604 μεταλαϐεῖν
1561 569 1612 595 οὐκ
1625 568 1773 603 ἠνέσχετο·
1786 575 1879 603 παραυ

1080 614 1198 641 παίουσα
1213 614 1241 640 δὲ
1269 613 1443 640 ὲπιπλεῖστον
1458 614 1592 640 διετέλεσε
1605 614 1712 649 χρόνον,
1738 613 1787 639 καὶ
1799 612 1881 641 τοῦτο

1080 660 1105 686 οί
1124 660 1174 695 μὲν
1190 659 1264 687 ἄλλοι
1278 659 1406 694 δαίμονος
1421 659 1536 687 ἐκάλουν
1551 659 1733 695 ὲνὲργειαν,οί
1748 659 1777 685 δὲ
1791 657 1880 693 ἰατροὶ

1079 705 1126 733 τοῦ
1149 705 1302 740 ἐγκεφάλου
1320 705 1523 742 προσηγόρευον
1540 705 1656 740 νόσημα.
1677 704 1774 739 Πάσης
1789 703 1879 729 τοίνυν

1081 752 1280 787 δαπανηθείσης
1290 752 1340 787 τῆς
1353 752 1463 787 τέχνης,
1480 753 1527 779 καὶ
1544 751 1682 787 μηδεμιᾶς
1699 750 1806 777 ἐκεῖθεν
1819 751 1881 786 ἐπι-ξ

1079 797 1193 832 κουρίας
1210 797 1442 833 προσγενομένης,
1452 798 1466 824 ὁ
1478 798 1580 832 ταύτης
1594 797 1664 832 ἀνὴρ
1688 795 1848 828 (amoma;
1855 794 1882 812 ³⁸

1079 842 1107 869 δὲ
1118 839 1195 874 οὗτος
1211 841 1268 879 ἦν),
1285 843 1355 879 ἀνὴρ
1371 843 1426 870 τῶν
1440 844 1469 870 ἐν
1479 843 1552 870 τέλει
1572 843 1620 870 καὶ
1638 843 1789 878 ἀξιώματι,
1801 841 1881 884 παρὰ.

1045 903 1068 934 Β
1081 888 1130 924 τὴν
1144 889 1216 916 θείαν
1237 890 1344 925 ἐκείνην
1366 889 1478 925 δραμὼν
1499 890 1635 925 κεφαλὴν,
1651 890 1698 917 καὶ
1714 889 1764 924 τῆς
1776 888 1878 924 ὁμοζύ-

1082 943 1131 969 γου
1160 934 1280 970 διηγεῖτο
1299 935 1329 961 τὸ
1353 934 1449 967 πάθος,
1468 936 1514 962 καὶ
1534 937 1627 971 τυχεῖν
1652 934 1703 970 τῆς
1728 933 1880 969 Θεραπείας

1083 981 1214 1008 ικέτευεν.
1240 978 1319 1013 Εῐξεν
1339 982 1352 1007 ὁ
1371 981 1515 1014 θεσπέσιος
1538 981 1699 1018 ἄνθρωπος,
1715 981 1763 1007 καὶ
1776 979 1826 1014 τὴν
1838 979 1878 1005 οι-

1082 1027 1146 1054 κίαν
1174 1027 1319 1059 κατέλαὸε,
1335 1028 1383 1054 καὶ
1400 1027 1548 1054 σπουδαίαν
1561 1026 1600 1062 τῷ
1623 1026 1683 1062 θεῷ
1701 1026 1753 1061 τὴν
1771 1024 1883 1052 ἱκεσίαν

1082 1073 1266 1108 προσήνεγκε.
1293 1073 1350 1108 Τὴν
1375 1072 1403 1099 δὲ
1427 1073 1582 1108 προσευχὴν
1612 1071 1813 1107 συμπεράνας,
1830 1071 1878 1096 καὶ

1083 1118 1155 1154 ὕδωρ
1175 1118 1338 1154 κομισθῆναι
1358 1118 1501 1150 κελεύσας,
1529 1118 1578 1144 καὶ
1604 1118 1654 1154 τὴν
1678 1118 1815 1153 σωτήριον
1835 1117 1879 1142 tv—

1079 1164 1210 1196 τυπώσας
1241 1164 1390 1200 σφραγῖδα,
1412 1166 1485 1191 πιεῖν
1509 1164 1578 1200 αὐτῇ
1604 1163 1799 1200 παρηγγύησε.
1815 1161 1878 1189 Τῶν

1078 1211 1107 1237 δὲ
1126 1211 1237 1245 ιίατρῶν
1268 1210 1507 1246 ἀπαγορευόντων,
1520 1210 1558 1242 ὡς
1584 1211 1616 1245 τῇ
1642 1209 1817 1246 ψυχροποσία
1830 1207 1878 1234 αὖ·

239 1260 267 1281 et
282 1262 298 1282 a
312 1256 407 1283 morbo
421 1264 536 1291 prorsus
551 1258 647 1288 libera.
661 1262 785 1285 sanctum
805 1258 892 1284 virum
907 1257 1028 1292 agnovit,

1080 1256 1156 1292 ξησιν
1177 1257 1323 1292 δεχομένου
1351 1256 1398 1284 τοῦ
1425 1257 1538 1290 πάθους,
1569 1258 1660 1283 πᾶσαν
1690 1255 1804 1282 ἐκείνων
1829 1255 1878 1289 τὴν

240 1299 357 1335 ejusque
370 1301 494 1328 dextram
505 1303 620 1337 supplex
630 1303 848 1338 apprehendens,
866 1302 954 1330 oculis
971 1301 1028 1329 suis

1080 1302 1236 1338 συμμορίαν
1251 1303 1265 1328 ὁ
1281 1302 1350 1338 ἀνὴρ
1367 1303 1549 1343 ᾲπωσάμενος
1560 1323 1566 1334 ,
1579 1303 1613 1338 τῇ
1627 1301 1738 1337 γυναικὶ
1755 1301 1786 1327 τὸ
1803 1300 1878 1334 πόμα

240 1344 382 1379 imposuit,
393 1351 417 1373 et
431 1347 470 1374 ori
486 1347 616 1380 admovit,
627 1352 653 1375 et
668 1356 734 1376 sana
749 1353 838 1376 mente
848 1348 875 1375 in
887 1351 1027 1384 posterqu

1081 1348 1260 1384 προσέφερεν.
1289 1349 1322 1375 'H
1337 1348 1365 1375 δὲ
1390 1349 1465 1375 ἔπινέ
1486 1358 1516 1376 τε
1544 1349 1613 1384 ἅμα,
1639 1349 1686 1375 καὶ
1711 1349 1752 1380 είς
1779 1347 1878 1381 ἑαυτὴν

240 1392 327 1425 potita
341 1399 390 1420 est.
1082 1392 1195 1428 ἐπανῄει
1221 1393 1267 1419 καὶ
1292 1395 1431 1430 φρενήρης
1453 1395 1572 1428 ἐγίνετο·
1590 1395 1637 1421 καὶ
1654 1394 1773 1430 πάμπαν
1791 1392 1877 1420 ἀπαλ-

239 1436 392 1474 λαττομένη
404 1440 449 1467 τοῦ
466 1442 633 1476 nmo-ags?”
648 1442 718 1469 θεῖον
735 1442 919 1475 ὲπεγίνωσκεν
932 1439 1027 1474 ἄνδρα,
1045 1439 1093 1465 καὶ
1115 1439 1165 1474 τὴν
1182 1439 1272 1471 δεξιὰν
1291 1439 1384 1466 λαϐεῖν
1411 1439 1515 1466 ίκέτευε
1526 1460 1534 1472 ,
1564 1440 1610 1466 καὶ
1641 1441 1698 1472 τοῖς
1725 1438 1876 1474 ὀφθαλμοῖς

239 1483 369 1517 ὲπετίθει,
397 1486 444 1512 καὶ
468 1487 507 1522 τῷ
534 1489 648 1524 στόματι
666 1489 837 1524 προσέφερε·
853 1487 898 1514 καὶ
940 1486 981 1518 εἰς
1001 1485 1047 1512 τὸν
1082 1485 1177 1512 ἔπειτα
1202 1485 1321 1521 διέμεινε
1355 1486 1451 1521 χρόνον
1477 1487 1571 1522 φρεσὶν
1599 1487 1770 1523 ἐρρωμέναις
1802 1495 1875 1522 χρω-

241 1530 320 1566 μένη.

276 1577 344 1605 Cum
373 1583 463 1607 autem
480 1580 562 1607 vitam
588 1587 679 1616 ageret
691 1582 719 1609 in
736 1586 838 1614 monte,
859 1585 953 1616 pastor
967 1579 1030 1614 qui-
1045 1579 1066 1609 C

239 1622 313 1655 dant,
328 1625 450 1658 palantes
467 1634 592 1661 quaerens
605 1635 679 1661 oves,
698 1629 730 1656 ad
747 1628 834 1656 locum
851 1629 983 1664 pervenit,
999 1628 1028 1656 in

239 1677 294 1704 quo
311 1675 369 1698 erat
385 1672 428 1698 vir
452 1672 510 1700 Dei.
526 1673 653 1702 Obscura
669 1683 750 1710 porro
775 1683 828 1703 nox
846 1679 917 1708 erat,
930 1679 957 1703 et
981 1675 1028 1703 nix

239 1716 325 1743 multa
350 1716 532 1746 descenderat
547 1728 553 1746 :
569 1720 703 1756 viditque,
719 1726 748 1749 ut
763 1721 909 1754 referebat,
932 1729 1027 1757 pyram

238 1761 312 1789 circa
325 1762 414 1798 ipsum
432 1771 588 1798 accensam,
603 1771 631 1794 et
647 1766 716 1795 duos
738 1767 798 1795 alba
813 1772 889 1795 veste
904 1767 1026 1802 indutos,

238 1810 285 1844 qui
303 1810 445 1838 materiam
470 1811 527 1846 igni
555 1812 808 1840 subministrarem.
822 1813 927 1849 Quippe
943 1814 1026 1841 animi

239 1854 409 1883 alacritatem
420 1855 547 1890 aﬂ'erens,
569 1857 663 1885 divina
678 1865 730 1893 ope
750 1859 903 1887 fruebatur.
921 1859 974 1888 Sed
1000 1865 1027 1889 et

240 1901 392 1936 prophetici
416 1910 525 1938 quoque
540 1903 605 1930 doni
623 1904 763 1940 particeps
782 1904 844 1931 fuit.
862 1905 930 1932 Cum
953 1906 1025 1934 enim

240 1946 273 1973 ad
284 1955 346 1974 eum
358 1948 478 1976 venisset
489 1949 618 1985 magister
629 1950 757 1983 militum,
769 1951 902 1986 religione
913 1952 1026 1981 illustris

204 1991 210 1998 ’
239 1992 376 2029 (Lupicini
392 1994 466 2022 enim
489 1995 617 2023 virtutem
633 1997 697 2031 quis
712 1998 801 2024 nescit
812 1998 845 2034 ἓ),
862 1998 1026 2027 sollicitum-

238 2046 292 2071 que
318 2047 348 2066 se
366 2047 427 2067 esse
455 2040 559 2069 diceret
576 2041 609 2069 de
634 2042 810 2077 quibusdam,
827 2044 873 2079 qui
900 2045 934 2072 ab
958 2045 1027 2073 urbe

238 2085 313 2121 regia
325 2093 370 2114 res
383 2086 435 2114 sibi
456 2089 628 2117 necessarias
643 2089 711 2116 mari
735 2089 926 2124 advehebant;
944 2092 1026 2126 quin-

236 2131 368 2167 quaginta
383 2140 502 2169 namque
511 2134 601 2162 aiebat
617 2135 727 2171 elapsos
744 2136 803 2164 dies
820 2144 892 2170 esse,
913 2145 975 2165 cum
993 2145 1026 2166 ex

236 2181 317 2212 portu
330 2178 488 2213 solvissent,
500 2188 550 2208 nec
561 2181 595 2210 de
605 2182 659 2210 illis
671 2182 704 2210 ad
719 2190 748 2210 se
759 2181 860 2210 famam
872 2183 955 2212 ullam
965 2192 1027 2219 per-

235 2223 353 2256 venisse.
367 2225 412 2253 ille
428 2225 497 2253 nihil
510 2230 672 2255 cunctatus:
684 2237 694 2254 (
707 2227 799 2261 Navis,
814 2228 913 2264 inquit,
927 2230 1024 2264 amice,

236 2277 291 2297 una
308 2271 401 2306 periit,
416 2272 502 2300 altera
519 2272 652 2301 Seleuciae
671 2278 781 2309 portum
803 2283 864 2303 cras
878 2276 1021 2304 intrabit.)

235 2314 268 2342 Et
283 2315 340 2343 haec
355 2316 467 2352 quidem
482 2317 575 2344 divino
590 2318 638 2344 illo
648 2325 681 2345 ex
693 2326 740 2346 ore
756 2320 1025 2355 audivit,verborum

235 2366 327 2392 autem
340 2364 483 2392 veritatem
496 2364 665 2399 experientia
691 2365 846 2401 perdidicit.

273 2427 289 2440 Ι

270 2495 371 2524 Verum
397 2500 437 2528 ut,
451 2496 513 2524 aliis
531 2497 654 2531 omissis,
670 2506 702 2526 ea
715 2507 822 2528 narrem
838 2509 899 2537 qua:
914 2502 948 2530 ad
966 2511 1023 2532 me~

235 2543 324 2578 ipsum
354 2547 490 2578 spectant,
508 2545 637 2573 tredecim
655 2554 743 2575 annos
773 2556 833 2575 cum
861 2553 939 2585 patre
961 2559 1022 2578 meo

234 2593 322 2616 mater
338 2597 398 2616 cum
416 2590 691 2624 habitasset,libcros
703 2594 823 2622 nondum
841 2601 1020 2632 susceperat:

232 2635 337 2663 sterilis
366 2635 438 2663 enim
466 2641 534 2670 erat,
550 2643 576 2666 et
603 2647 638 2667 ne
669 2639 790 2668 fructum
811 2641 895 2670 ferret
922 2648 1022 2671 natura

232 2681 405 2717 prohibebat.
422 2682 487 2717 Qua:
504 2692 546 2711 res
561 2685 650 2720 ipsam
666 2687 775 2721 quidem
788 2689 860 2717 male
873 2690 1021 2718 admodum

232 2734 288 2754 non
305 2727 418 2755 habebat
433 2737 439 2762 ;
457 2730 484 2756 in
510 2730 610 2759 divinis
631 2733 704 2760 enim
725 2729 832 2761 erudita
852 2734 878 2762 id
894 2735 1022 2770 expedire

231 2774 378 2802 credebat:
397 2781 499 2811 patrem
517 2784 580 2804 vero
612 2785 702 2806 meum
721 2779 826 2808 orbitas
845 2781 1019 2810 vehementer

1123 1576 1219 1603 Ἦνίκα
1230 1577 1257 1603 δὲ
1275 1577 1323 1612 τὴν
1342 1578 1429 1612 δρειον
1453 1577 1590 1605 πολιτείαν
1606 1577 1755 1613 ἠσπάζετο,
1773 1579 1876 1614 ποιμήν

1078 1633 1120 1656 τις
1137 1625 1279 1659 μαστεύων
1296 1625 1424 1660 ἀλώμενοι
1433 1626 1567 1661 πρόϐατα,
1579 1626 1618 1658 είς
1629 1627 1717 1653 ἐκεῖνο
1731 1626 1760 1653 τὸ
1775 1628 1874 1663 χωρίον

1078 1670 1200 1704 ἀφίκετο,
1217 1670 1282 1698 ἔνθα
1298 1671 1312 1697 ὁ
1326 1671 1373 1698 τοῦ
1391 1671 1457 1698 Θεοῦ
1473 1672 1617 1708 ἅνθρωπος
1641 1670 1687 1708 ἦν,
1716 1672 1775 1705 Νὺξ
1795 1673 1823 1699 δὲ
1840 1671 1874 1705 ἦν

1079 1715 1184 1751 βαθεῖα,
1213 1717 1260 1743 καὶ
1287 1717 1395 1752 νιφετὸς
1419 1718 1513 1754 κατῄει
1546 1719 1640 1752 πολὺς,
1663 1719 1710 1745 καὶ
1731 1716 1812 1749 εἶδεν,
1837 1719 1873 1751 ὡς

1078 1763 1174 1798 ἔφησε,
1191 1763 1282 1799 πυρὰν
1296 1764 1361 1800 περὶ
1375 1764 1456 1791 αὐτὸν
1477 1764 1646 1800 ἁπτομένην,
1668 1764 1716 1791 καὶ
1735 1764 1783 1791 δύο
1800 1765 1874 1797 τινας

1078 1809 1334 1844 λευχειμονοῦντας,
1363 1808 1429 1845 ὓλην
1446 1810 1484 1845 τῷ
1505 1810 1573 1846 πυρὶ
1597 1810 1794 1846 χορηγοῦντας.
1819 1810 1875 1846 Τὴν

1077 1855 1132 1890 γὰρ
1146 1855 1300 1892 προθυμίαν
1315 1857 1460 1892 εἰσφέρων,
1477 1857 1526 1892 τῆς
1543 1857 1619 1889 θείας
1648 1858 1812 1893 ἐπικουρίας
1825 1859 1873 1885 ἁπ-

1078 1900 1172 1936 ήλαυε.
1197 1901 1252 1928 Καὶ
1267 1902 1434 1938 προφητικοῦ
1459 1903 1488 1929 δὲ
1514 1903 1672 1939 μετειλήφει
1693 1905 1871 1940 χαρίσματος,

1077 1947 1133 1973 Καί
1158 1955 1224 1974 ποτε
1242 1948 1311 1983 πρὸς
1329 1948 1411 1976 αὑτὸν
1426 1948 1593 1984 ἀφικόμενος
1609 1949 1771 1985 στρατηγὸς,
1798 1951 1872 1976 εὐσε-

1078 1993 1140 2029 ϐείᾳ
1154 1993 1380 2030 λαμπρυνόμενος
1398 1995 1452 2029 (τίς
1465 1995 1493 2022 δὲ
1512 1995 1606 2029 ἀγνοεῖ
1616 1996 1780 2023 Λουπικίνου
1796 1997 1817 2012 "
1825 1997 1873 2032 τὴν

1077 2039 1188 2075 ἀρετήν)
1199 2061 1207 2074 ,
1225 2040 1377 2075 φροντίζειν
1389 2041 1476 2076 ἔλεγε,
1492 2041 1555 2076 περι
1572 2050 1652 2069 τινων
1663 2042 1716 2069 ἀπὺ
1729 2043 1780 2077 τῆς
1797 2042 1873 2077 βασι-

1076 2084 1209 2121 λευούσης
1228 2086 1331 2119 πόλεως
1351 2087 1395 2114 διὰ
1414 2087 1463 2123 τῆς
1480 2087 1617 2123 θαλάσσης
1632 2088 1706 2123 αὐτῷ
1721 2089 1756 2116 τὰ
1774 2089 1871 2124 ὲπιτήυ

1076 2130 1133 2158 δεια
1163 2131 1340 2167 κομιζόντων,
1362 2133 1537 2169 Πεντήκοντα
1561 2133 1615 2169 γὰρ
1635 2134 1736 2168 ἔφασκε
1751 2134 1872 2170 διεληλυ-

1074 2175 1151 2203 θέναι
1175 2178 1294 2213 ἡμέρας,
1316 2178 1345 2211 ἐξ
1364 2175 1394 2206 οὗ
1415 2178 1462 2206 τοῦ
1485 2179 1594 2214 λιμένος
1613 2180 1781 2216 ἀνήχθησαν,
1799 2181 1871 2208 οὐδεο

1079 2223 1142 2258 μίαν
1165 2223 1194 2250 δὲ
1219 2225 1283 2260 περὶ
1306 2225 1396 2251 αὐτῶν
1422 2224 1550 2257 δέξασθαι
1567 2226 1673 2262 φήμην.
1702 2227 1730 2254 ’0
1745 2227 1774 2254 δὲ
1790 2227 1871 2263 μηδὲν

1079 2270 1216 2306 μελλήσας
1229 2291 1237 2302 ,
1257 2280 1266 2296 ι
1278 2271 1314 2297 Τὸ
1332 2271 1373 2304 ἓν,
1389 2272 1452 2307 ἔφη,
1470 2272 1583 2306 σκάφος,
1597 2271 1620 2300 ὧ
1636 2273 1723 2308 φίλος,
1737 2274 1869 2300 ἀπόλωλε*

1078 2315 1109 2342 τὸ
1126 2316 1218 2352 ἕτερον
1236 2317 1265 2344 δὲ
1288 2319 1322 2354 τῇ
1347 2318 1478 2354 ὑστεραίᾳ
1499 2319 1544 2346 τὸν
1567 2319 1730 2351 Σελευκείας
1754 2320 1870 2355 καταλή-

1077 2361 1278 2397 ψεταιλιμένα.
1294 2373 1303 2389 ›
1332 2364 1386 2390 Καὶ
1416 2364 1496 2391 τοῦτο
1516 2365 1616 2400 ἢκουσε
1641 2365 1692 2400 μὲν
1716 2365 1767 2400 τῆς
1797 2365 1869 2397 θείας

1078 2407 1185 2444 ἐκείνης
1197 2409 1437 2446 ὲπιφθεγξαμένης
1449 2410 1583 2446 γλώττης,
1600 2410 1688 2447 ἔμαθε
1700 2411 1729 2438 δὲ
1741 2413 1774 2447 τῇ
1791 2412 1869 2447 πείρᾳ

1076 2453 1126 2489 τὴν
1142 2454 1196 2481 τῶν
1209 2455 1295 2490 λόγων
1307 2456 1446 2492 ἀλήθειαν.

1114 2499 1172 2528 Ἵνα
1185 2500 1212 2527 δὲ
1231 2501 1266 2528 τὰ
1282 2501 1350 2528 ἄλλα
1371 2502 1522 2537 καταλίπω,
1545 2503 1576 2530 τὸ
1595 2503 1657 2531 καθ’
1679 2504 1754 2539 ἡμᾶς
1773 2504 1868 2535 αὐτοὺς

1075 2545 1250 2583 διηγήσομαι.
1275 2547 1460 2583 Τριακαίδεκα
1475 2548 1522 2584 ἔτη
1555 2550 1743 2585 συνοικήσασα
1757 2549 1797 2585 τῷ
1812 2549 1867 2585 ἐμῷ

1076 2592 1160 2626 πατρὶ
1177 2593 1192 2628 ή
1208 2594 1299 2630 μήτηρ
1313 2594 1416 2621 παίδων
1431 2595 1481 2622 οὐκ
1495 2595 1604 2629 ἐγένετο
1619 2596 1729 2631 μήτηρ·
1756 2597 1867 2631 στεριφὴ

1075 2638 1129 2673 γὰρ
1147 2636 1191 2675 ἦν,
1206 2639 1299 2676 φέρειν
1312 2640 1417 2676 καρπὸν
1430 2641 1482 2668 ὑπὸ
1506 2642 1555 2677 τῆς
1573 2642 1682 2676 φύσεως
1699 2642 1846 2678 εἰργομένη
1858 2651 1864 2658 ⁸

1076 2685 1123 2710 καὶ
1136 2684 1215 2712 τοῦτο
1228 2686 1276 2720 τὴν
1290 2686 1340 2722 μὲν
1356 2687 1386 2713 οὐ
1406 2687 1465 2714 λίαν
1477 2688 1553 2722 ἠνία·
1573 2688 1607 2714 τὰ
1622 2688 1676 2723 γὰρ
1692 2688 1753 2715 θεῖα
1770 2697 1865 2715 πεπαι-

1074 2730 1190 2768 δευμένη
1208 2732 1287 2760 τοῦτο
1309 2734 1448 2770 συμφέρον
1470 2735 1631 2761 ἐπίστευεν·
1657 2735 1753 2763 ἐλύπει
1773 2736 1803 2762 δὲ
1822 2736 1863 2762 τῐιν

1073 2777 1179 2812 πατέρα
1204 2777 1294 2814 λίανὴ
1316 2779 1440 2813 ἀπαιδία,
1465 2780 1511 2806 καὶ
1542 2780 1659 2806 πάντοσε
1687 2780 1861 2816 περινοστῶν,

879 2839 994 2868 ῩΑΚΙΑΞ
1013 2841 1214 2872 LECTIONES.

271 2903 294 2920 "
315 2904 457 2943 ‘Aaau'pzov
471 2909 578 2937 Vldclllr
599 2911 625 2938 in
640 2910 748 2939 Herreti
768 2911 838 2940 libro
851 2911 946 2942 fuisse.
987 2915 1007 2931 ἰ
1028 2915 1210 2952 ’Δϐροδῑανός.
1230 2917 1336 2947 Herveti
1353 2919 1430 2948 liber.
1471 2921 1492 2936 ”
1509 2920 1702 2947 Λουπικιάνον.
1717 2918 1822 2949 Hervet.
