2036 3122
189 185 259 218 1409

800 184 1002 214 RELIGIOSA
1022 185 1214 216 HISTORIA.

1747 185 1813 218 1410

189 241 306 273 ἱκέτευε,
333 240 395 272 τοὺς
419 239 507 272 θείους
535 239 702 276 θεράποντας
729 239 839 273 αἱτῆσαί
860 240 883 265 οἱ
903 239 977 274 παρὰ

1031 240 1158 274 angebat,
1173 244 1200 266 et
1212 246 1432 275 quoquoversum
1445 239 1576 267 oberrans
1588 239 1633 267 Dei
1647 247 1741 267 servos
1752 247 1814 267 ora-

189 286 238 314 τοῦ
252 286 319 313 Θεοῦ
333 287 438 318 παῖδας.
455 287 488 313 οι
504 285 553 321 μὲν
569 284 615 312 οὗν
629 285 703 312 ἄλλοι
717 286 764 311 καὶ
779 284 977 320 προσεύχεσθαι

1028 284 1084 318 bat,
1099 284 1206 320 1215
1224 289 1252 312 ut
1269 285 1322 312 sibi
1338 285 1438 312 liberos
1454 292 1468 310 a
1485 284 1540 312 Deo
1563 286 1743 319 postularent.
1759 287 1812 313 Alii

188 332 379 367 ὑπισχνοῦντο,
400 331 447 358 καὶ
469 331 593 366 στέργειν
615 330 695 357 αὑτὸν
714 330 746 357 τὸ
767 330 836 357 θεῖον
854 330 977 366 βούλημα

191 377 371 414 παρηγγύων.
394 377 424 403 '0
435 377 462 403 δὲ
473 377 542 408 θεῖος
556 373 633 408 οὗτος
650 375 802 412 ἄνθρωπος,
829 377 977 413 διαρῥήδην

190 423 297 458 αἴτησιν
313 421 502 457 ἐπηγγείλετο,
527 422 573 448 καὶ
602 421 659 448 υἱὸν
682 422 730 448 Eva.
754 423 830 457 παρὰ
853 423 901 450 τοῦ
923 423 977 450 τῶν

190 467 260 494 δλων
277 467 448 503 Δημιουργοῦ
466 467 599 503 λήψεσθαι
609 468 777 503 ὑπισχνεῖτο.
788 468 878 504 Τριῶν
889 469 977 496 τοίνυν

188 513 349 540 διελθόντων
372 513 515 547 ἐνιαυτῶν,
539 515 584 541 καὶ
608 514 657 549 τῆς
678 514 844 548 ἐπαγγελίας
859 514 889 541 τὸ
903 515 978 547 τέλος

189 560 221 587 οὗ
234 560 393 596 δεξαμένης,
411 560 491 587 πάλιν
507 560 616 595 ἔτρεχεν
630 561 644 587 ὁ
658 560 749 596 πατὴρ
766 561 815 596 τὴν
832 561 977 597 ὑπόσχεσιν

190 607 326 634 ἁπαιτῶν.
356 607 384 633 '0
407 607 436 634 δὲ
460 607 619 642 πεμφθῆναι
643 606 716 641 αὐτῷ
740 606 906 642 προσέταττε
927 606 977 643 τὴν

186 653 323 688 όμόζυγον
333 662 341 669 ·
357 654 524 689 ἀφικομένης
535 653 563 679 δέ
577 653 626 687 τῆς
643 652 756 688 μητρὸς,
770 652 863 687 ἔλεγεν
875 653 890 678 ό
906 652 977 684 θεῖος

190 699 271 734 ἀνὴρ,
287 699 324 731 ὡς
338 699 384 726 καὶ
401 700 516 734 αἰτήσει,
541 699 588 725 καὶ
608 697 722 734 λήψεται
739 698 769 725 τὺ
792 697 907 730 παιδίον,
931 699 977 725 καὶ

190 744 228 776 ῶς
243 745 377 780 προσήκει
392 745 471 771 τοῦτο
486 745 524 780 τῷ
537 745 664 772 δεδωκότι
679 744 860 780 ἀντιδοθῆναι.
880 745 935 779 Τῆς
948 744 976 771 δὲ

192 790 295 826 μητρὸς
312 791 447 826 σωτηρίαν
463 791 552 827 ψυχῆς
571 791 653 827 μόνην
670 791 862 826 ἀντιϐολούσης
872 791 974 824 λαϐεῖν,

190 837 238 863 καὶ
250 837 300 871 τὴν
313 837 364 872 τῆς
375 838 486 872 γεέννης
502 838 675 873 ἀπαλλαγήν·
693 846 701 863 ι
714 838 786 873 Πρὸς
802 837 899 872 τούτῳ,
910 837 974 872 ἐφη,

190 882 239 909 καὶ
249 882 295 909 τὸν
309 883 365 910 υίδν
385 883 399 910 ό
419 883 608 919 μεγαλόδωρος
622 882 712 910 δώσει.
723 884 785 916 Τοῖς
795 883 849 918 γὰρ
863 883 976 919 εἰλικρι-

190 927 243 959 νῶς
256 927 360 954 αἰτοῦσι
377 927 474 960 διπλᾶς
486 927 535 960 τὰς
550 929 671 963 αἰτήσεις
689 928 843 964 χαρίζεται.
854 937 863 954 ι
876 928 974 954 Ἐπαν-

188 972 257 1007 ἢκεν
272 972 376 999 ἐκεῖθεν
392 973 408 1008 ή
426 973 527 1008 μήτηρ,
542 973 591 1008 τὴν
604 973 653 1008 τῆς
670 973 833 1007 ἐπαγγελίας
851 973 974 1007 εὐλογίαν

189 1017 340 1053 κομίζουσα
352 1026 357 1032 ·
375 1019 422 1045 καὶ
430 1018 468 1054 τῷ
478 1018 600 1054 τετάρτῳ
611 1019 661 1054 τῆς
678 1018 849 1054 ὑποσχέσεως
860 1019 975 1054 ἐνιαυτῷ

190 1062 262 1095 κύει,
288 1063 335 1090 καὶ
358 1063 407 1098 τὴν
431 1064 552 1100 γαστέρα
581 1063 754 1100 φορτίζεται,
779 1065 825 1091 καὶ.
842 1064 909 1100 πρὸς
929 1065 974 1092 τὸν

173 1107 260 1135 ’θεῖον
272 1109 414 1144 ἄνθρωπον
429 1109 618 1145 παραγίνεται,
633 1110 687 1136 τῶν
697 1110 745 1145 τῆς
757 1110 881 1144 εὐλογίας
893 1119 975 1148 σπερ-

193 1155 285 1190 μάτων
309 1155 491 1182 ὑποδεικνῦσα
508 1155 542 1182 τὰ
558 1155 712 1192 δράγματα.
739 1155 785 1191 Τῷ
808 1156 837 1182 δέ
858 1156 974 1192 πέμπτῳ

189 1202 257 1237 μηνὶ
271 1201 321 1237 τῆς
342 1202 466 1238 κυήσεως
489 1200 657 1237 ἀμῦλώσεως
674 1202 818 1236 ἐπεγένετο
841 1202 974 1235 κίνδυνος.

196 1246 229 1273 Ἡ
244 1247 272 1274 δέ
286 1247 367 1274 πάλιν
383 1248 451 1283 πρὸς
480 1247 526 1274 τὸν
550 1247 609 1274 νέον
634 1248 719 1282 αὐτῆς
747 1248 899 1274 Ἐλισσαῖον
921 1249 974 1274 άπ-

189 1292 293 1319 έστειλε
307 1293 428 1329 (δραμεῖν
443 1292 498 1329 γὰρ
510 1292 593 1329 αὐτὴν
604 1292 634 1319 τὸ
647 1293 730 1324 πάθος
740 1292 863 1328 ἐκώλυε),
880 1293 925 1320 καὶ
937 1293 974 1325 ὡς

190 1339 240 1365 οὐκ
258 1337 382 1364 ἐϐούλετο
395 1338 498 1364 παίδων
513 1336 640 1371 γενέσθαι
656 1337 747 1372 μήτηρ
763 1337 910 1373 ἀνέμνησε,
926 1337 974 1363 καὶ

191 1383 241 1414 τὰς
258 1382 340 1410 αὺτοῦ
356 1383 518 1418 ὑποσχέσεις
533 1383 572 1414 είς
599 1383 680 1418 μέσον
704 1383 875 1418 παρήγαγεν.
899 1382 927 1408 '0
945 1382 974 1409 δὲ

192 1429 333 1466 πόρρωθεν
354 1430 399 1457 τὸν
420 1430 584 1465 ἀφικόμενον
610 1429 777 1465 θεασάμενος
804 1430 911 1464 ἐπέγνω
933 1439 973 1462 τε,

192 1476 239 1503 καὶ
253 1477 301 1511 τὴν
313 1475 402 1502 αίτίαν
417 1475 549 1511 ἐγνώρισε
562 1484 569 1492 ·
587 1476 693 1513 νύκτωρ
712 1476 766 1512 γὰρ
785 1476 859 1512 αὐτῷ
879 1476 925 1502 καὶ
945 1476 975 1502 τὸ

192 1521 287 1555 πάθος,
316 1522 363 1548 καὶ
387 1522 437 1557 τὴν
463 1522 599 1557 σωτηρίαν
622 1522 637 1548 ὸ
664 1523 801 1557 Δεσπότης
829 1522 972 1557 δεδήλωκε.

1027 337 1104 364 ergo,
1121 335 1147 367 et
1162 335 1289 357 Oraturos
1300 338 1330 357 sc
1341 331 1544 364 pt‘muittei'anl,
1559 335 1584 357 et
1598 335 1622 358 ut
1637 332 1664 358 in
1681 331 1727 358 Dei
1744 337 1812 359 nutu

1028 376 1215 410 arquit'si'erct
1243 376 1432 404 hortabantur.
1448 376 1482 403 At
1500 376 1539 403 rir
1555 376 1673 409 divinus,
1692 383 1718 404 et
1743 379 1811 412 peti-

1027 422 1094 449 tioni
1120 422 1223 457 liquido
1249 422 1357 452 annuit,
1372 427 1397 448 et
1413 421 1496 449 tilitnn
1520 430 1603 448 unum
1620 423 1654 449 ab
1671 424 1813 451 universo-

1028 477 1089 496 rum
1108 469 1227 496 Auctore
1250 473 1427 503 accepturum
1451 468 1589 504 pollicitus
1605 473 1655 495 est.
1678 469 1741 496 Post
1757 475 1812 497 tre:

1025 522 1114 543 annos
1127 535 1134 548 ,
1150 523 1211 543 cum
1229 515 1333 542 exitum
1358 515 1506 549 promissio
1531 514 1630 541 sortita
1655 522 1709 541 non
1727 519 1810 547 esset,

1027 560 1108 588 rediit
1134 561 1232 588 iterum
1256 564 1333 596 pater
1347 560 1484 594 promissa
1509 567 1667 594 reposcens.
1687 559 1733 587 Ille
1749 568 1812 588 vero

1027 607 1096 634 mitti
1112 607 1146 634 ad
1162 614 1192 634 se
1219 607 1363 641 eonjugem
1380 606 1476 640 jussit.
1499 606 1531 633 Et
1550 613 1611 633 cum
1626 606 1737 634 adesset
1754 615 1812 634 ma-

1027 656 1078 685 ter,
1093 653 1164 679 dixit
1177 653 1201 680 ci
1221 653 1262 680 vir
1287 653 1408 685 divinus,
1426 657 1452 680 et
1468 653 1614 688 petiturum
1643 661 1682 685 se,
1694 657 1721 680 et
1736 653 1811 680 illam

1027 697 1111 725 ﬁliuni
1127 705 1302 733 accepturam
1321 707 1326 724 :
1342 700 1389 726 sed
1416 699 1487 726 hunc
1501 699 1626 726 donatori
1641 698 1716 726 reddi
1730 707 1812 734 opor-

1027 747 1093 771 tere.
1106 744 1228 779 Cumque
1245 753 1324 772 unam
1342 745 1394 773 sibi
1412 745 1509 772 anima?
1529 746 1656 777 salutem,
1669 745 1811 780 gehennae-

1025 798 1078 826 que
1094 791 1283 819 liberationem
1305 791 1331 818 in
1345 792 1416 819 votis
1428 799 1489 819 esse
1509 796 1595 818 mater
1609 792 1788 825 responderet
1801 799 1809 818 :

1030 847 1039 863 ι
1055 837 1178 872 Insuper,
1191 838 1289 872 inquit,
1300 841 1327 865 et
1339 838 1421 865 lilium
1434 837 1509 865 dabit
1519 837 1664 865 muniﬁcus
1674 837 1809 873 Largitor.

1027 883 1063 910 lis
1075 883 1147 910 enim
1157 883 1204 917 qui
1218 883 1325 910 sincere
1336 887 1432 917 pctunt
1450 883 1478 909 in
1493 883 1606 918 duplutn
1621 888 1716 918 erogat
1727 883 1811 910 bene-

1026 930 1097 957 ﬁcia.
1109 939 1118 956 ι
1130 930 1248 957 Beversa
1261 931 1325 957 hinc
1334 935 1430 962 mater,
1440 930 1635 965 promissionis
1644 930 1812 957 benedictio-

1027 982 1087 1002 nem
1098 974 1231 1008 referens,
1245 979 1343 1010 quarto
1360 980 1422 1010 post
1440 983 1533 1002 mense
1546 983 1628 1010 qualn
1648 976 1812 1010 promiserat

1026 1020 1160 1055 Concipit,
1169 1024 1196 1047 et
1206 1025 1313 1048 uterum
1327 1021 1407 1055 gerit,
1416 1021 1542 1056 reditque
1552 1021 1585 1048 ad
1596 1022 1686 1048 virum
1696 1021 1752 1052 Dei.
1761 1021 1810 1048 be-

1025 1066 1189 1094 nedictionis
1204 1067 1337 1094 seminum
1356 1067 1512 1102 manipulos
1533 1067 1693 1094 ostendens.
1709 1066 1811 1098 Quinto

1025 1116 1114 1140 autem
1126 1115 1186 1147 post
1199 1111 1405 1146 conceptionem
1419 1119 1515 1139 mense
1527 1111 1554 1138 in
1568 1111 1716 1139 discrimen
1728 1112 1812 1138 abor-

1025 1159 1108 1186 tionis
1123 1159 1208 1190 venit,
1222 1162 1249 1186 et
1259 1158 1357 1185 iterum
1368 1158 1451 1189 misit,
1468 1157 1533 1193 quia
1544 1158 1582 1186 ire
1596 1158 1682 1193 ipsam
1698 1158 1811 1185 morbus

1024 1205 1145 1237 vetabat,
1156 1205 1188 1232 ad
1210 1212 1309 1232 novmn
1330 1211 1410 1231 suum
1424 1203 1564 1235 Elisatum,
1587 1204 1763 1239 suggeritque
1782 1211 1811 1232 so

1026 1254 1141 1278 matrem
1160 1249 1216 1277 ﬁeri
1226 1257 1280 1276 non
1293 1254 1416 1284 optasse,
1437 1249 1572 1284 simulque
1583 1249 1617 1277 ab
1626 1257 1659 1276 eo
1674 1250 1811 1284 promissa

1025 1299 1136 1322 revocat
1147 1296 1174 1322 in
1183 1295 1354 1322 memoriam.
1365 1295 1412 1322 Ille
1422 1302 1487 1322 vero
1499 1295 1652 1322 venientem
1669 1295 1762 1329 procul
1774 1295 1812 1321 in-

1026 1341 1124 1372 tuitus,
1135 1341 1243 1368 etillum
1256 1341 1374 1375 agnovit,
1383 1344 1410 1367 et
1419 1348 1531 1368 causam
1540 1341 1713 1375 signiﬁcavit.
1721 1339 1810 1367 Noctu

1025 1386 1098 1414 enim
1117 1386 1248 1414 Dominus
1259 1387 1297 1413 illi
1309 1390 1336 1413 et
1356 1386 1481 1413 morbum
1493 1390 1520 1413 et
1529 1387 1644 1414 salutem
1665 1385 1809 1413 indicarat.

1026 1432 1174 1466 Assumpto
1193 1431 1277 1466 igitur
1294 1431 1392 1458 baculo
1416 1431 1527 1458 innixus
1554 1431 1632 1463 abiit,
1645 1431 1812 1466 domumque

1026 1478 1167 1513 ingressus
1181 1498 1189 1510 ,
1203 1481 1230 1504 et
1245 1477 1332 1512 pacis,
1356 1481 1384 1504 ut
1401 1477 1524 1508 solebat,
1540 1477 1707 1504 salutatione
1723 1476 1785 1504 data
1802 1485 1809 1503 :

1030 1533 1039 1550 ι
1056 1524 1142 1554 Bono,
1164 1523 1265 1558 inquit,
1276 1523 1315 1550 sis
1332 1523 1434 1555 animo,
1451 1531 1501 1549 nec.
1515 1523 1624 1550 timeas.
1634 1521 1727 1556 Neque
1738 1522 1811 1550 enim

191 1567 288 1594 Λαϐὼν
296 1568 386 1595 τοίνυν
396 1568 445 1603 τὴν
455 1567 615 1603 βακτηρίαν,
623 1568 735 1603 ἀφίκετο
748 1568 973 1604 σκηριπτόμενος,

1028 1569 1129 1597 donum
1146 1568 1252 1596 auferet
1270 1568 1376 1603 1215
1394 1569 1441 1602 qui
1456 1568 1542 1599 dedit,
1557 1567 1621 1595 nisi’
1637 1571 1664 1594 tu
1681 1567 1746 1594 inita
1765 1574 1812 1602 pa-

191 1615 239 1641 καὶ
251 1614 299 1649 τῆς
312 1614 399 1644 οἰκίας
412 1614 478 1640 είσω
494 1614 649 1649 γενόμενος,
672 1615 719 1641 καὶ
737 1614 786 1649 τῆς
802 1614 922 1649 είρήνης,
936 1614 974 1644 ὼς

191 1658 291 1687 είώθει.
317 1658 346 1685 τί)
371 1658 520 1694 πρόσρημα
534 1658 673 1691 δεδωκὼς,
692 1657 823 1693 «Θάρσει,
843 1658 905 1693 ἔφη,
929 1658 975 1684 καὶ

194 1702 231 1737 μὴ
247 1701 353 1738 δείσῃς·
371 1702 401 1728 οὐ
414 1703 468 1738 γὰρ
475 1703 657 1738 ἀφαιρήσεται
671 1702 702 1729 τὸ
715 1702 800 1738 δῶρον
816 1704 829 1729 ὁ
840 1701 973 1735 δεδωκὼς,

190 1749 216 1775 εί
241 1749 277 1784 μὴ
300 1749 332 1775 σὺ
358 1749 406 1780 τὰς
432 1749 618 1784 γεγενημένας
639 1749 796 1785 παραϐαίης
824 1749 972 1785 συνθήκας.

198 1794 331 1830 Ύπέσχου
344 1794 372 1821 δὲ
386 1795 540 1822 ἀντιδώσειν
555 1795 585 1822 τὸ
602 1795 792 1831 δοθησόμενον,
811 1795 858 1821 καὶ
872 1796 911 1826 είς
926 1794 976 1830 τὴν

193 1839 267 1866 θείαν
292 1840 357 1867 αὐτὸ
382 1840 529 1876 θεραπείαν
555 1841 740 1868 καθοσιώσειν.
758 1855 791 1861 -
809 1840 911 1874 Οὕτως,
923 1841 974 1877 ἔφη

193 1886 210 1921 ὴ
227 1886 327 1922 μήτηρ,
341 1886 388 1912 καὶ
401 1886 456 1921 ἐγὼ
471 1888 559 1912 τεκεῖν
573 1886 702 1922 βούλομαί
724 1896 753 1914 τε
779 1889 826 1914 καὶ
846 1887 972 1923 εὔχομαι.

193 1932 248 1967 Τῆς
271 1932 325 1968 γὰρ
344 1931 452 1963 ἀλλοίας
478 1931 524 1958 τοῦ
549 1933 654 1959 παιδίου
680 1934 782 1969 τροφῆς
797 1934 975 1970 αἱρετώτερον

193 1979 312 2015 ἠγοῦμαι
337 1979 382 2006 τὴν
406 1979 547 2006 ἀτέλεστον
570 1979 658 2006 τόκον.
676 1994 709 2000 -τ
723 1980 772 2006 Πίε
801 1980 900 2014 τοίνυν,
923 1981 975 2017 ἔφη

192 2026 208 2052 ὁ
225 2025 296 2057 θεῖος
307 2025 459 2061 ἄνθρωπος,
474 2025 532 2052 τόδε
546 2025 576 2052 τὸ
596 2025 677 2061 ὕδωρ,
694 2025 740 2052 καὶ
754 2026 803 2061 τῆς
822 2026 896 2058 θείας
917 2027 977 2053 ἑπι-

194 2072 306 2106 κουρίας
322 2072 449 2108 αἰσθήσῃ.
465 2081 474 2098 ι
495 2071 574 2098 "Eme
591 2071 735 2106 τοιγαροῦν
759 2072 796 2104 ὡς
816 2073 976 2108 προσέταξε,

194 2117 241 2144 καὶ
251 2117 265 2144 ὁ
275 2117 324 2153 τῆς
337 2117 502 2152 ἀμϐλώσεως
516 2116 697 2152 ὲδραπέτευσε
706 2117 835 2148 κίνδυνος.
853 2116 977 2144 Τοσαῦτα

195 2162 242 2189 τοῦ
255 2163 390 2199 ἡμετέρου
409 2163 560 2190 Ἐλισσαίου
572 2163 606 2189 τὰ
618 2163 752 2198 θαύματα.
767 2163 823 2199 Τῆς
840 2163 933 2190 τούτου
949 2163 977 2190 δὲ

193 2208 320 2243 εὐλογίας
336 2208 466 2241 πολλάκις
485 2208 541 2243 ἐγὼ
560 2209 606 2236 καὶ
624 2209 795 2242 διδασκαλίας
821 2209 975 2244 ἀπήλαυσα.

193 2254 340 2288 Παραινῶν
355 2254 408 2290 γάρ
422 2263 466 2295 μοι
483 2254 612 2286 πολλάκις
630 2254 723 2288 ἐλεγε’
745 2264 754 2280 ι
766 2255 844 2282 Μετὰ
859 2255 974 2288 πολλῶν,
992 2250 1015 2279 D

194 2297 218 2328 ὦ
239 2300 354 2332 παιδίον,
392 2300 554 2336 γεγέννησαι
581 2300 669 2327 πόνων
683 2308 689 2316 ·
713 2301 814 2333 πολλὰς
841 2301 977 2328 διετέλεσα

195 2346 309 2378 νύκτας.
324 2345 402 2373 τοῦτο
425 2346 503 2381 μόνον
528 2346 574 2373 τὸν
597 2345 664 2373 Θεὸν
678 2346 816 2379 ἱκετεύων,
839 2346 909 2373 ὥστε
931 2355 977 2374 σου

195 2391 258 2424 τοὺς
285 2391 380 2426 γονέας
403 2392 482 2419 τοῦτο
506 2392 641 2427 γενέσθαι,
664 2392 679 2418 δ
696 2392 765 2428 μετὰ
782 2392 830 2428 τὴν
852 2393 979 2428 γέννησιν

196 2437 405 2473 ὠνομάσθησαν.
430 2437 525 2470 ’Δξίως
539 2438 627 2465 τοίς-ιν
645 2438 785 2465 πολιτεύου
804 2438 857 2465 τῶν
879 2439 977 2465 πόνων.

199 2484 253 2519 Πρὸ
269 2484 371 2510 ὠδίνων
390 2484 521 2519 ἀνετέθης
543 2485 602 2516 ταῖς
623 2484 803 2519 ὑποσχέσεσι·
827 2484 862 2511 τὰ
880 2484 908 2511 δέ
933 2483 980 2511 τοῦ

198 2530 265 2557 Θεοῦ
277 2529 433 2565 ἀναθέματα
450 2529 587 2565 σεϐάσμια
603 2529 683 2557 πᾶσίν
697 2531 780 2562 ἐστιν,
796 2530 843 2556 καὶ
855 2530 981 2565 ἄψαυστα

199 2577 254 2607 τοῖς
265 2575 380 2607 πολλοῖς.
399 2576 535 2612 Προσήκει
549 2575 637 2602 τοίνυν
661 2577 707 2603 καὶ
722 2577 762 2608 at,
777 2576 811 2603 τὰ
828 2576 877 2611 μὲν
892 2575 982 2610 φαῦλα

199 2621 250 2655 τῆς
265 2621 352 2656 ψυχῆς
373 2621 511 2656 κινήματα
538 2620 575 2656 μὴ
600 2620 811 2656 προσδέχεσθαι·
839 2620 930 2646 ἐκεῖνα
953 2619 982 2646 δὲ

201 2667 270 2701 μόνα
283 2667 329 2692 καὶ
341 2666 407 2702 δρᾷν
424 2666 471 2693 καὶ
482 2666 570 2700 λέγειν
586 2666 633 2692 καὶ
645 2665 829 2700 ἐνθυμεῖσθαι,
844 2665 863 2692 ἃ
876 2665 922 2691 τὸν
933 2665 984 2700 τῆς

201 2712 302 2748 ἀρετῆς
325 2712 472 2747 νομοθέτην
497 2711 643 2748 θεραπεύει
666 2711 742 2738 Θεόν.
756 2720 765 2737 ι
798 2710 916 2737 Τοιαῦτά
937 2719 983 2745 μοι

202 2756 341 2792 παραινῶν
357 2756 400 2783 ἀεὶ
412 2756 561 2783 διετέλεσεν
574 2757 588 2783 ὁ
600 2756 647 2783 τοῦ
659 2755 726 2782 Θεοῦ
739 2755 891 2791 ἄνθρωπος.
912 2753 984 2788 Ἐγὼ

201 2803 229 2829 δὲ
242 2803 289 2829 καὶ
301 2802 354 2830 τῶν
367 2802 454 2837 λόγων
466 2799 620 2838 μέμνημαι,
632 2804 678 2830 καὶ
688 2803 737 2838 τὴν
745 2803 818 2829 θείαν
826 2802 984 2836 δεδίδαγμαι

200 2849 316 2885 ἣωρεάν.
344 2851 453 2886 Ἔργοις
481 2850 510 2876 δέ
540 2850 577 2885 μὴ
602 2850 707 2881 δεικνὺς
733 2849 783 2885 τὴν
813 2848 984 2885 παραίνεσιν,

200 2896 313 2922 laetatio)
330 2896 380 2930 τῆς
406 2895 480 2926 θείας
502 2896 587 2930 ῥοπῆς
616 2896 659 2922 διὰ
686 2896 735 2931 τῆς
759 2896 861 2922 ἐκείνου
891 2896 982 2930 τυχεῖν

1027 1619 1071 1642 cta
1086 1614 1208 1641 violaris.
1226 1613 1377 1640 l’romisisti
1398 1620 1495 1648 nempe
1516 1613 1681 1640 reddituram
1701 1616 1727 1639 te
1739 1612 1811 1647 quod

1026 1661 1152 1694 dabitur,
1179 1661 1325 1694 divinoque
1354 1659 1487 1694 obsequio
1515 1663 1750 1686 consecratur-am.
1777 1673 1811 1678 —

1028 1707 1073 1735 Sic
1099 1711 1125 1735 et
1151 1714 1212 1742 ego.
1235 1707 1273 1733 ait
1299 1710 1397 1736 mater,
1423 1712 1517 1739 parere
1543 1705 1614 1737 volo,
1630 1709 1656 1731 et
1668 1710 1742 1739 opto.
1760 1703 1812 1730 Po-

1027 1754 1123 1781 tiorem
1153 1753 1224 1780 enim
1252 1751 1406 1778 abortivum
1432 1755 1538 1785 partum
1567 1750 1704 1781 duxerim,
1729 1757 1811 1784 quam

1026 1800 1142 1826 alienam
1171 1798 1218 1825 lilii
1243 1797 1443 1824 educationem.
1462 1795 1577 1822 —Bihe
1603 1795 1696 1830 igitur,
1723 1795 1813 1830 inquit

1027 1845 1069 1872 vir
1079 1844 1199 1875 divinus,
1217 1843 1287 1870 hanc
1304 1850 1414 1877 aquam,
1430 1846 1456 1868 et
1473 1841 1574 1868 senties
1591 1840 1715 1867 divinum
1735 1840 1813 1866 auxi-

1026 1891 1105 1918 lium.
1125 1899 1134 1914 ι
1151 1890 1223 1917 Bibit
1240 1889 1286 1916 illa
1304 1889 1475 1923 ntjusserat,
1487 1892 1515 1916 et
1530 1888 1645 1915 abortus
1658 1887 1812 1922 periculum

1027 1937 1170 1964 abscessit.
1195 1935 1283 1962 Tanta
1319 1935 1408 1962 Elisaci
1442 1934 1528 1962 nostri
1561 1933 1637 1960 fuere
1669 1933 1810 1960 miracula.

1027 1983 1116 2017 llnjus
1136 1990 1187 2016 ego
1203 1981 1407 2008 benedictionis
1423 1984 1449 2008 et
1460 1980 1594 2007 doctrinae
1606 1987 1678 2014 swpe
1693 1978 1812 2006 fructum

1027 2029 1098 2064 cepi.
1113 2028 1190 2062 Smpc
1213 2028 1287 2054 enim
1315 2035 1358 2054 me
1379 2026 1529 2053 adhortans
1549 2025 1669 2057 dicebat,
1688 2034 1698 2051 ε
1721 2025 1813 2052 Multis

1027 2082 1089 2102 cum
1106 2073 1258 2104 laboribus,
1269 2075 1277 2084 ‘
1294 2073 1342 2104 illi,
1355 2077 1437 2099 natus
1452 2080 1481 2100 es
1502 2081 1510 2099 :
1525 2072 1626 2099 multas
1645 2076 1671 2098 et
1687 2072 1745 2106 ipse
1761 2078 1813 2098 no-

1028 2125 1096 2153 ctes,
1122 2119 1187 2146 duxi
1206 2119 1258 2146 hoc
1272 2126 1354 2145 unum
1386 2125 1504 2152 poscens
1519 2125 1534 2143 a
1550 2117 1605 2144 Deo
1618 2136 1625 2148 ,
1640 2122 1669 2143 ut
1685 2121 1813 2151 parentes

1028 2162 1066 2194 tui
1083 2167 1134 2194 hoc
1147 2167 1253 2196 tierent,
1266 2164 1338 2199 quod
1353 2167 1380 2191 te
1392 2169 1456 2190 nato
1471 2163 1598 2197 appellati
1617 2167 1691 2190 sunt.
1700 2162 1813 2197 Dignam

1029 2212 1114 2247 igitur
1136 2210 1278 2238 laboribus
1299 2210 1382 2237 vitam
1398 2217 1458 2244 age.
1475 2209 1545 2236 Ante
1567 2215 1672 2243 partum
1695 2209 1813 2243 promis-

1029 2256 1156 2285 sionibus
1175 2259 1355 2284 consecratus
1374 2263 1404 2282 cs
1424 2263 1430 2281 :
1447 2254 1503 2281 Deo
1526 2259 1616 2282 autem
1634 2261 1695 2288 quae
1723 2253 1814 2281 oblata

1028 2307 1108 2335 sunt,
1123 2301 1278 2329 veneranda
1308 2303 1373 2328 sunt
1401 2299 1540 2332 omnibus,
1556 2307 1607 2326 nec
1622 2307 1637 2325 a
1653 2299 1733 2333 vulgo
1749 2306 1815 2325 con-

1029 2348 1183 2376 trectanda.
1202 2347 1294 2380 Quare
1312 2351 1422 2382 oportet
1447 2350 1473 2373 te
1497 2352 1596 2380 pravos
1612 2345 1696 2371 animi
1725 2349 1815 2371 motus

1029 2401 1084 2422 non
1097 2394 1243 2420 admittere
1257 2402 1264 2420 ι
1279 2393 1325 2420 sed
1342 2393 1387 2420 illa
1403 2396 1507 2419 tantum
1523 2395 1549 2418 et
1565 2390 1665 2422 facere,
1686 2394 1711 2417 et
1727 2390 1814 2424 loqui,

1030 2444 1057 2467 et
1073 2439 1205 2474 cogitare,
1223 2447 1283 2473 quae
1297 2438 1408 2465 virtutis
1425 2436 1571 2472 legislatori
1596 2435 1650 2463 Deo
1665 2436 1785 2470 placent;
1803 2443 1813 2461 ι

1031 2484 1109 2512 Talia
1125 2484 1191 2511 mihi
1208 2490 1355 2519 suggerere
1368 2483 1408 2509 vir
1422 2482 1467 2509 Dei
1479 2489 1532 2509 non
1545 2479 1737 2515 cessabat.Ego
1752 2487 1817 2507 vero

1031 2535 1059 2558 et
1074 2532 1220 2558 verborum
1246 2529 1368 2561 utemini,
1386 2533 1412 2556 et
1436 2528 1559 2554 divinutn
1573 2527 1675 2554 donum
1703 2526 1817 2553 edoctus

1033 2584 1103 2604 sum.
1119 2576 1172 2604 Sed
1190 2577 1254 2611 quia
1273 2576 1386 2603 m0nitis
1400 2575 1460 2609 ejus
1475 2575 1545 2601 facta
1572 2582 1626 2601 non
1641 2573 1817 2607 respondent.

1033 2629 1082 2649 oro
1097 2625 1127 2648 ut
1142 2621 1265 2648 divinam
1289 2628 1367 2655 opem
1390 2620 1452 2655 ejus
1471 2620 1600 2654 precibus
1616 2625 1780 2654 consequar,
1792 2621 1820 2646 et

1033 2666 1106 2703 quod
1128 2667 1263 2702 reliquum
1277 2670 1319 2694 est
1336 2666 1401 2693 vitae
1418 2665 1496 2700 juxta
1510 2665 1598 2700 ipsius
1610 2669 1746 2700 praecepta
1763 2671 1820 2699 per-

1035 2721 1123 2748 agam.
1140 2712 1248 2746 Qualis.
1261 2720 1327 2747 ergo
1348 2711 1373 2739 is
1401 2711 1492 2744 fuerit,
1509 2716 1536 2738 et
1551 2711 1652 2746 quibus
1679 2711 1820 2738 laboribus

1036 2759 1152 2793 gratiam
1170 2758 1290 2785 divinam
1317 2757 1472 2788 attraxerit,
1489 2757 1558 2784 satis
1572 2756 1671 2784 dueere
1688 2757 1738 2784 ista
1756 2763 1820 2791 pos—

1036 2809 1110 2831 sunt.
1131 2803 1184 2831 Sed
1205 2807 1231 2831 et
1247 2804 1359 2838 dignum
1389 2803 1530 2830 laboribus
1549 2803 1678 2829 honorent
1694 2802 1776 2830 etiam
1794 2802 1821 2829 in

1037 2849 1090 2876 hoc
1111 2849 1214 2876 saeculo
1233 2856 1307 2876 mors
1330 2847 1391 2881 ejus
1410 2851 1557 2876 Consecuta
1569 2846 1733 2875 est.0mncs
1748 2847 1821 2874 enim

1039 2900 1096 2924 tum
1109 2897 1194 2930 cives,
1207 2899 1264 2923 tum
1283 2895 1431 2930 peregrini,
1447 2899 1471 2922 et
1484 2893 1529 2929 qui
1546 2893 1698 2929 praecipuos
1715 2892 1823 2928 1216
