2036 3122
251 167 313 201 ιιι]

741 168 986 199 TIIEODORETI
1006 168 1174 198 EPISCOPI
1188 155 1372 199 CYRENSIS

1819 162 1884 197 lli!

251 228 381 264 gerebant
397 227 584 262 magistratus,
598 235 708 255 sacrum
722 227 788 254 illud
803 227 932 254 feretrum
947 227 1041 254 Imme-

1096 229 1260 262 προσευχῆς,
1288 228 1337 254 καὶ
1352 227 1382 254 τὸ
1397 226 1556 261 λειπόμενον
1572 226 1620 262 τῆς
1638 222 1712 260 ζωῆς
1740 224 1816 251 κατὰ
1839 223 1886 255 τὰς

251 274 291 301 ris
307 274 366 300 suis
395 277 556 308 gestantes,
574 274 600 300 in
631 273 863 308 triumphantium
889 277 1040 308 marlyrtun

250 319 382 354 templum
409 318 601 353 deportarunt,
616 323 642 346 et
661 325 724 345 cum
748 318 849 345 divinis
879 317 932 345 illis
961 318 1041 351 viris,

248 365 388 400 Aphraate
411 372 443 392 ac
459 364 616 392 Theodosio
627 384 635 396 ,
651 368 778 392 sanctum
800 364 909 399 Deoque
926 364 1040 391 charum

249 411 311 445 ejus
319 418 423 445 carpus
436 411 636 445 deposuerunt.
650 409 742 437 Gloria
763 415 854 437 autem
865 413 968 440 mterua
985 417 1042 437 ma-

250 461 307 489 net,
323 463 406 490 quam
420 455 512 483 delere
528 456 601 482 nulla
615 460 683 483 aetas
696 455 796 490 possit.
812 455 868 482 Nos
887 462 962 487 vero,
976 463 1042 482 nar-

250 503 353 530 rationi
365 503 419 530 line
433 502 574 537 imposito,
583 510 694 530 suavem
708 509 741 530 ex
756 501 915 529 narratione
928 501 1041 529 odorem

250 549 437 584 percepimus.

1097 273 1238 308 ὑποθήκας
1260 273 1310 305 τὰς
1335 274 1440 300 ἐκείνου
1460 274 1613 300 ἐπιϐιῶναι.
1646 272 1755 302 Ὀποῖος
1775 270 1826 306 μὲν
1844 267 1888 295 (ὧν

1095 320 1199 350 ἐκεῖνος
1222 317 1268 355 ἧν,
1289 320 1336 346 καὶ
1356 320 1423 352 οἵοις
1449 320 1621 356 χρησάμενος
1638 319 1730 349 πόνοις
1747 317 1798 350 τὴν
1815 315 1887 342 θείαν

1095 365 1270 392 ἐπεσπάσατο
1279 367 1370 401 χάριν,
1382 366 1462 393 litavi
1478 367 1525 393 καὶ
1539 365 1626 393 ταῦτα
1635 364 1751 396 διδάξαι.
1767 361 1888 393 Ἐδέεατο

1095 409 1124 436 δὲ
1149 410 1224 445 ὅμως
1250 411 1298 437 καὶ
1320 412 1392 438 κατὰ
1415 411 1491 438 τόνδε
1511 411 1556 438 τίαν
1573 411 1631 446 βίον
1652 412 1669 445 ἡ
1694 407 1811 442 τελευτὴ
1837 406 1889 433 τῶν

1097 455 1186 482 πόνων
1199 456 1277 488 ἀξίαν
1293 457 1543 492 τιμήν.”⁷Απαντες
1565 457 1619 492 γὰρ
1642 456 1690 482 καὶ
1706 454 1827 484 πολῖται,
1846 452 1890 478 καὶ

1097 501 1178 535 ξένοι.
1199 504 1246 530 καὶ
1261 503 1286 530 οἱ
1311 504 1361 535 τὰς
1386 504 1509 540 μεγάλας
1534 503 1621 538 άρχάς
1635 501 1792 535 οἰκονομεῖν
1809 505 1889 524 nam-

1098 549 1252 584 στευμινοι,
1266 549 1315 585 τὴν
1329 551 1406 586 ἱερὰν
1423 551 1532 586 ἐκείνην
1547 550 1593 576 ἐπὶ
1619 549 1673 576 τῶν
1691 547 1776 582 ὤμων
1793 544 1890 580 φέρ⁰ν“

249 604 296 628 τες
308 596 412 631 κλίνην,
426 597 466 628 είς
482 596 528 622 τὸν
544 596 599 623 τῶν
616 596 774 631 νικηφόρων
791 595 939 630 μαρτύρων
956 593 1040 630 σηκὸν
1077 595 1261 632 ἀπεκόμισεν,
1283 599 1331 624 καὶ
1366 598 1435 634 μετὰ
1457 598 1512 625 τῶν
1535 596 1614 624 θείων
1635 595 1750 623 ἐκείνων
1775 590 1890 626 ἀνδριῖινο

257 642 411 677 Ἀφραάτου
425 641 630 676 καὶθεοδοσίου,
650 641 680 668 τὺ
696 642 773 676 ἆγιον
794 641 883 668 ἐκεῖνο
903 640 951 667 καὶ
966 639 1086 673 θεοφιλὲς
1103 641 1256 677 κατέθηκαν
1272 643 1362 678 σῶμα.
1397 643 1434 670 Τὸ
1452 643 1481 670 δὲ
1497 643 1575 674 κλέος
1603 642 1711 677 ἔμεινεν
1748 638 1891 668 ἄσϐεστον,

251 688 396 719 uate-5651;
418 687 495 714 τοῦτο
514 687 608 722 χρόνος
623 687 755 722 ἀφανίσαι
770 687 925 722 δυνήσεται.
943 685 1037 721 Ἡμεῖς
1058 685 1087 712 δὲ
1099 686 1176 720 τέλος
1186 688 1327 720 ἐπιθέντες
1362 688 1401 725 τῷ
1421 689 1584 725 διηγήματι,
1618 688 1668 723 τὴν
1704 686 1760 714 άπδ
1781 684 1834 719 τῆς
1855 683 1892 710 δι-

251 735 377 771 ηγήσεως
393 733 504 761 εὐωδίαν
529 732 761 769 ὲκαρπωσάμεθα.

479 780 548 808 XIV.
566 794 601 800 —
618 780 808 808 MAISYMAS.

288 827 349 854 Non
360 834 421 854 sum
439 827 561 859 nescius,
576 827 648 862 apud
663 826 863 854 Autioehcnam
878 826 974 854 urbem
989 824 1042 852 alia

1342 781 1392 808 Μ’.
1403 797 1437 802 -
1448 780 1640 808 ΜΛῚΣΥΜᾹΣ.

1131 824 1197 856 οἶδα
1223 827 1274 864 μὲν
1293 828 1331 860 ὡς
1357 828 1432 855 ἄλλοι
1459 828 1552 855 πολλοὶ
1576 828 1652 863 παρὰ
1671 827 1723 861 τὴν
1753 823 1892 860 ’Δντιόκου

251 881 362 908 quoque
379 873 464 900 multa
481 873 594 908 pietatis
612 872 717 900 lumina
735 872 893 902 emicuisse.
912 876 1041 906 magnum

1096 879 1172 908 πόλιν
1197 875 1350 912 διέλαμψαν
1370 874 1512 906 εὐσεϐείας
1541 874 1696 909 φωστῆρες,
1716 871 1840 906 Σεὸῗῳός
1862 878 1891 896 τε

253 919 396 950 Severum,
417 923 445 946 et
462 919 574 946 Petrum
593 916 764 954 A‘Igyptium,
783 922 811 946 et
827 916 1002 952 Eutychium,
1015 919 1044 944 et

251 966 394 1001 Cyrillum.
419 965 528 998 Mosen,
549 964 703 998 Malchum,
728 968 756 992 et
778 964 848 991 alius
871 963 1042 998 complures,

251 1012 300 1046 qui
322 1011 449 1038 eamdem
470 1010 542 1037 viam
563 1015 629 1038 sunt
657 1009 786 1045 ingressi.
808 1008 862 1036 Sed
880 1009 903 1036 si
920 1009 1043 1036 omnium

251 1064 300 1084 res
323 1061 417 1092 gestas
446 1056 579 1083 mandare
608 1055 710 1083 litteris
734 1062 913 1088 conaremur,
936 1054 1044 1082 nullum

252 1103 333 1130 nobis
349 1107 458 1137 tempus
480 1101 628 1134 sudiceret,
649 1105 833 1137 praeterquam
850 1101 924 1137 quod
941 1100 1044 1128 multo-

252 1156 314 1176 rum
339 1148 420 1175 lectio
444 1148 600 1176 satietatem
622 1147 720 1175 aiIerre
744 1147 826 1183 vulgo
849 1146 932 1175 solet.
951 1145 989 1173 Ex
1010 1146 1044 1173 iis

250 1203 319 1230 ergo
330 1195 377 1230 qui
395 1194 491 1230 scripti
511 1199 587 1227 sunt,
603 1194 637 1221 de
648 1194 816 1222 omissurum
832 1194 887 1220 vita
900 1192 1045 1227 conjectu-

251 1250 310 1270 ram
321 1242 414 1268 cuncti
428 1241 575 1273 facientes,
590 1240 719 1268 laudibus
727 1240 854 1273 eﬁ‘erant,
868 1240 1043 1272 aemulentur,

252 1292 280 1316 et
302 1287 422 1315 fructum
447 1288 590 1322 colligant.
609 1287 665 1322 Ego
683 1296 748 1315 vero
766 1287 800 1314 ad
820 1287 884 1323 Cyri
905 1291 983 1322 prata
1001 1293 1045 1314 me

251 1334 405 1365 conferam,
423 1338 450 1361 et
468 1341 620 1370 paucorum
645 1334 827 1368 ﬂagrantium
840 1333 1044 1361 formosorum-

251 1388 306 1414 que
317 1380 344 1406 in
356 1380 399 1407 his
411 1380 508 1407 ﬂorum
523 1379 756 1414 pulchritudinem
769 1387 819 1415 pro
834 1379 940 1408 viribus
955 1386 1042 1415 expo-

252 1433 327 1453 ωιιι.

289 1519 298 1529 ⁸
319 1516 383 1544 Fuit
401 1520 466 1544 ante
483 1520 608 1544 nostram
629 1520 736 1544 atatem
755 1515 903 1552 Haisymas
919 1515 1042 1551 quidam,

1095 929 1110 955 ὁ
1130 926 1227 963 μέγας,
1242 922 1318 950 καὶ-ό
1331 920 1482 955 Δίγύτιτιος
1503 919 1617 955 Πέτρος,
1642 918 1688 945 καὶ
1707 917 1843 951 Εὑτύχιος
1859 916 1890 947 ³⁸,

1094 962 1145 999 xui.
1167 969 1314 1005 Κύριλλος,
1331 965 1454 1001 Μωῦσῆς
1467 974 1507 998 τε,
1522 965 1569 992 καὶ
1592 963 1714 999 Μάλχος,
1741 963 1789 990 καὶ
1803 962 1890 996 ἕτεροι

1095 1018 1219 1045 πλεῖστοι
1233 1015 1283 1051 τὴν
1295 1013 1379 1048 αὐτὴν
1392 1011 1506 1048 πορείαν
1518 1010 1687 1042 ὁδεύσαντες.
1714 1008 1787 1036 Ἀλλ’
1801 1009 1827 1034 εἰ
1845 1007 1893 1041 τὴν

1099 1063 1231 1090 ἁπάντων
1247 1059 1388 1088 πολιτείαν
1409 1057 1568 1093 συγγράψαι
1591 1055 1804 1092 πειραθεῐημεν,
1822 1054 1891 1085 ἄπας

1095 1110 1162 1145 ἡμῖν
1182 1108 1232 1135 οὒκ
1257 1105 1402 1142 ἀρκέσειεν
1423 1106 1438 1132 ό
1463 1105 1577 1140 χρόνος·
1603 1103 1692 1134 άλλως
1716 1110 1747 1129 τε
1780 1102 1822 1135 δὲ,
1846 1102 1894 1128 καὶ

1095 1154 1251 1192 προσκορὴς
1265 1153 1322 1185 τοῖς
1337 1151 1445 1183 πολλοῖς
1467 1151 1484 1186 ἠ
1497 1151 1551 1177 τῶν
1567 1150 1700 1177 πλειόνων
1727 1149 1891 1182 ἀνάγνωσις.

1101 1201 1149 1228 Ἐκ
1164 1199 1219 1227 τῶν
1242 1197 1457 1234 συγγραφέντων
1475 1196 1565 1223 τοίνυν
1587 1195 1636 1222 καὶ
1658 1194 1705 1222 τὸν
1728 1194 1783 1221 τῶν
1805 1202 1893 1228 παρα-

1095 1245 1261 1280 λειφθέντων
1275 1242 1489 1278 τεκμαιρόμενοι
1509 1240 1578 1276 βίον,
1597 1240 1812 1275 εὐφημεὴωσαν
1826 1238 1893 1264 πάν-

1095 1301 1151 1325 τες,
1182 1289 1231 1318 καὶ
1258 1288 1443 1324 ζηλούτωσαν,
1466 1287 1513 1314 καὶ
1534 1287 1584 1322 τὴν
1606 1285 1742 1321 ὠφέλειαν
1770 1285 1892 1321 καρπού-

1097 1337 1215 1365 σθωσαν.
1249 1335 1321 1371 Ἐγὼ
1345 1335 1374 1362 δέ
1396 1334 1444 1362 ἐπὶ
1466 1334 1528 1366 τοὺς
1552 1334 1602 1368 τῆς
1629 1333 1722 1368 Κύρου
1755 1332 1893 1367 λειμῶνας

1095 1384 1273 1419 διαδήσομαι,
1303 1381 1351 1408 καὶ
1375 1381 1430 1408 τῶν
1458 1381 1488 1407 ἐν
1505 1374 1619 1411 ’τούτοις
1649 1378 1758 1406 εὐωδῶν
1789 1386 1820 1404 τε
1847 1376 1892 1404 καὶ

1095 1429 1208 1457 εὐειδῶν
1227 1429 1332 1456 ἀνθέων
1342 1427 1440 1462 ὀλίγων
1450 1427 1488 1459 ὡς
1505 1426 1545 1453 ἔνι
1561 1426 1682 1461 μάλιστα
1700 1424 1891 1460 παραδηλὼσω

1095 1477 1144 1512 τὴν
1161 1476 1245 1512 ὥραν.

1143 1521 1269 1556 Ἐγένετό
1281 1529 1322 1552 τις
1333 1520 1482 1553 Μαισυμίς
1496 1520 1525 1546 ἐν
1539 1521 1596 1551 τοῖς
1612 1517 1666 1554 πρὸ
1682 1518 1761 1554 ἡμῶν
1774 1518 1890 1554 χρόνοις,

253 1562 340 1598 Syrus
360 1562 472 1598 quidem
493 1563 605 1598 lingua,
625 1563 739 1598 rurique
760 1562 912 1594 educatus,
930 1561 978 1590 sed
994 1561 1042 1596 qui

1098 1567 1184 1604 Σύρος
1206 1567 1256 1602 μὶν
1267 1566 1315 1602 τὴν
1329 1565 1432 1601 φωνὴν,
1449 1566 1478 1592 ἐν
1494 1565 1624 1600 ἀγροικίᾳ
1643 1563 1672 1591 δὲ
1689 1563 1890 1598 τεθραμμένος,

253 1609 385 1636 virtutum
406 1609 530 1636 omnium
551 1610 690 1644 specimen
709 1608 847 1637 exhibuit.
864 1608 915 1636 Cui
937 1615 999 1635 cum
1017 1608 1045 1634 in

253 1656 358 1690 privata
381 1655 436 1682 vita
456 1655 614 1687 claruisset,
635 1655 689 1682 vici
712 1654 860 1689 cujusdam
881 1661 947 1681 cura
967 1661 1045 1680 com-

252 1701 339 1728 missa
357 1705 412 1729 est.
434 1700 517 1727 Sacra
539 1708 604 1736 ergo
623 1700 835 1732 administrans,
857 1699 961 1734 Deique
980 1706 1046 1726 oves

253 1754 386 1782 pascens,
410 1754 442 1774 ea
467 1746 577 1774 dicebat
603 1752 631 1774 et
654 1746 771 1782 agebat,
796 1753 858 1781 qua:
884 1745 978 1772 divina
1003 1745 1045 1772 lex

253 1792 388 1827 prmripil.
412 1792 516 1820 Ferunt
540 1797 630 1819 autem
655 1792 731 1818 illum
753 1799 804 1818 nec
829 1791 971 1824 tunicam,
994 1799 1046 1819 nec

254 1837 368 1872 pallium
384 1841 446 1872 post
466 1837 573 1871 1217
592 1836 704 1871 longum
720 1839 829 1870 tempus
843 1840 977 1868 mutasse,
996 1836 1046 1863 sed

253 1893 317 1913 cum
339 1885 430 1912 lacera
443 1888 534 1917 erant,
549 1884 618 1912 alios
634 1891 740 1919 pannos
751 1884 884 1916 assuisse,
900 1887 982 1918 atque
993 1883 1046 1911 hoc

253 1931 337 1959 modo
365 1930 500 1958 senectuti
528 1929 704 1957 subvenisse.
732 1927 875 1963 liospitum
907 1937 972 1956 vero
1002 1929 1046 1956 in-

252 1981 392 2009 npumque
419 1977 474 2000 tam
503 1973 587 2000 alacri
613 1973 707 2000 animo
735 1980 831 2001 curam
859 1973 987 2008 gerebat,
1016 1977 1046 2000 ut

254 2019 466 2047 transeuntibus
477 2019 606 2047 omnibus
618 2018 693 2047 iores
703 2019 835 2055 aperiret.
847 2018 924 2047 Delia
935 2027 1046 2055 quoque

253 2066 309 2093 duo
333 2065 465 2093 habuisse
493 2065 614 2098 dicitur,
642 2073 729 2093 unum
754 2065 903 2098 lrumenti,
929 2066 1045 2094 alterum

253 2112 318 2144 olei,
337 2119 370 2139 ex
387 2111 487 2147 quibus
502 2119 566 2139 cum
586 2112 681 2147 egenis
698 2112 828 2140 omnibus
850 2120 963 2148 semper
982 2121 1046 2141 cro-

251 2161 340 2193 garet,
352 2157 432 2192 plena
447 2161 539 2184 tamen
552 2165 662 2193 semper
677 2161 769 2189 erant,
785 2157 946 2192 Sareptana:
957 2158 1046 2186 vidua:

252 2212 386 2233 concessa
408 2205 600 2233 benedictione
621 2205 665 2232 his
687 2206 771 2232 etiam
793 2205 878 2233 doliis
900 2206 1043 2233 attributa.

253 2250 325 2279 Idem
350 2252 451 2287 quippe
471 2251 597 2278 omnium
620 2251 773 2282 Dominus,
794 2251 870 2280 dives
895 2252 922 2279 in
948 2259 1044 2280 omnes

252 2297 299 2333 qui
323 2298 453 2325 invocant
474 2297 553 2324 illum
580 2305 588 2324 :
613 2301 641 2324 et
663 2296 893 2331 quemadmodum
919 2298 1044 2334 hydriam

253 2345 327 2372 illam
347 2349 374 2372 et
391 2350 564 2378 campsacem
586 2342 723 2370 scaturire
740 2342 834 2378 jussit,
848 2344 1046 2380 hospitalitatis

253 2390 390 2418 seminum
411 2389 569 2424 manipulos
587 2387 716 2420 reddens,
739 2389 780 2416 sic
796 2389 960 2418 admirando
981 2391 1045 2418 huic

251 2444 346 2472 parem
373 2436 513 2463 alacritati
541 2434 649 2469 copiam
679 2435 816 2463 retribuit.
843 2436 882 2463 Ad
910 2437 1044 2472 patranda

252 2489 363 2517 quoque
392 2480 526 2508 miracula
555 2486 682 2515 magnam
711 2481 746 2508 ab
771 2481 964 2509 universorum
987 2481 1042 2508 Deo

253 2527 370 2562 adeptus
383 2530 425 2553 est
439 2525 556 2560 gratiam
574 2532 581 2551 :
597 2533 715 2560 quorum
735 2534 820 2553 unum
838 2526 918 2554 modo
936 2531 964 2554 et
978 2527 1042 2554 alte-

252 2580 313 2600 rum
330 2570 479 2606 proferant,
491 2573 591 2597 caztera
607 2569 671 2598 dum
687 2570 722 2598 ad
742 2571 810 2599 alios
825 2578 943 2606 propero
958 2571 1041 2599 missa

253 2618 368 2646 faciens.

287 2717 385 2746 Mulier
398 2717 522 2753 quaedam
537 2721 565 2745 et
580 2724 682 2753 genere
694 2722 721 2745 et
740 2717 793 2746 ﬁde
809 2717 935 2750 illustris,
958 2717 1042 2744 lilium

251 2762 358 2791 tenella:
381 2761 469 2789 adhuc
491 2761 580 2789 aetatis
606 2762 704 2790 morbo
732 2761 922 2790 conﬂictatum
949 2762 1044 2789 multis

1097 1615 1152 1642 πᾶν
1165 1614 1195 1641 δέ
1217 1611 1285 1644 εἶδος
1305 1612 1407 1647 ἀρετῆς
1427 1611 1657 1646 ἐπιδεδειγμένος.
1682 1610 1845 1644 Διαλάμψας
1864 1609 1890 1636 δὲ

1097 1661 1126 1688 ἐν
1139 1659 1178 1695 τῷ
1190 1660 1252 1686 κατ’
1266 1659 1347 1686 αὑτὸν
1363 1657 1423 1694 βίῳ,
1439 1657 1536 1693 κώμης
1558 1656 1631 1688 τινὸς
1647 1656 1819 1692 ἐνεχειρίσθη
1844 1656 1890 1690 τὴν

1098 1706 1268 1742 ἐπιμέλειαν.
1299 1703 1459 1740 Ἱερονργῶν
1487 1703 1526 1736 δὲ,
1552 1704 1600 1730 καὶ
1622 1703 1657 1729 τὰ
1681 1702 1742 1729 θεῖα
1767 1701 1890 1737 πρόϐατα

1096 1753 1199 1789 νέμων,
1217 1753 1310 1779 ἐκεῖνα
1325 1751 1402 1785 ἔλεγέ
1417 1758 1447 1777 τε
1464 1750 1513 1777 καὶ
1534 1749 1681 1785 ἔπραττεν,
1705 1749 1779 1784 ἅπερ
1791 1750 1806 1776 ό
1822 1749 1890 1780 Θεῖος

1096 1799 1256 1835 διηγόρευσε
1268 1798 1360 1833 νόμος.
1379 1797 1448 1823 Φασὶ
1462 1797 1491 1823 δὲ
1509 1796 1591 1823 αὐτὸν
1608 1797 1678 1831 μήτε
1696 1795 1810 1832 χιτῶνα,
1824 1796 1889 1831 μήτε

1096 1846 1146 1880 τὴν
1161 1844 1275 1880 σισύραν
1286 1844 1333 1870 ἐπὶ
1344 1843 1469 1870 πλεῖστον
1476 1843 1603 1878 ἀμεῖψαι,
1615 1842 1683 1869 ἀλλά
1694 1843 1751 1873 τοῖς
1763 1843 1792 1869 ἐν
1803 1842 1890 1873 αὐτοῖς

1096 1890 1252 1926 γενομένοις
1287 1890 1425 1924 ρήγμασιν
1452 1888 1535 1923 ἕτερα
1563 1888 1647 1923 ῥάκια
1687 1888 1888 1923 συρράπτοντα,

1096 1937 1191 1964 τοῦτον
1204 1935 1284 1962 αὑτὸν
1297 1935 1343 1961 τὸν
1358 1934 1458 1969 τρόπον
1478 1933 1641 1969 θεραπεύειν
1662 1933 1692 1960 τὸ
1715 1933 1817 1967 γῆρας.
1837 1933 1890 1967 Τῆς

1096 1983 1125 2010 δὲ
1137 1983 1191 2010 τῶν
1206 1982 1290 2014 ξένων
1302 1981 1349 2008 καὶ
1366 1981 1488 2017 πενήτων
1506 1980 1668 2015 ἐπιμελείας
1686 1979 1776 2011 οὕτως
1790 1981 1889 2015 ἐπεμε-

1097 2029 1170 2056 λεῖτο
1181 2027 1340 2063 προθύμως,
1362 2027 1400 2059 ὡς
1418 2028 1474 2059 τοῖς
1497 2025 1643 2062 παριοῦσιν
1667 2026 1772 2052 ἅπασιν
1790 2027 1889 2052 ἀναπε-

1098 2074 1228 2102 ταννύναι
1242 2073 1291 2105 τὰς
1305 2073 1399 2109 θύρας.
1417 2072 1469 2099 Δύο
1487 2072 1515 2099 δὲ
1539 2071 1636 2104 πίθους
1652 2072 1802 2107 ἐσχηκέναι
1817 2072 1890 2106 λέγει

1099 2129 1156 2153 ται,
1172 2120 1218 2147 τὸν
1235 2120 1284 2154 μὲν
1299 2119 1385 2151 σίτου,
1397 2119 1442 2145 τὸν
1455 2118 1483 2145 δὲ
1497 2118 1598 2145 ἐλαίου.
1621 2118 1669 2144 Ἐκ
1687 2118 1792 2144 τούτων
1801 2119 1891 2154 ἐχορή-

1096 2174 1140 2199 γει
1156 2165 1206 2200 μὲν
1224 2165 1309 2191 ἅπασι
1323 2165 1379 2195 τοῖς
1401 2162 1537 2198 δεομένοις
1555 2162 1610 2195 ἀεὶ,
1633 2162 1750 2198 πλήρεις
1770 2162 1800 2189 δὲ
1820 2160 1891 2198 εἶχεν

1097 2212 1151 2244 άεὶ,
1174 2211 1224 2246 τῆς
1240 2212 1272 2246 τῇ
1291 2209 1435 2246 Σαρσφθία
1455 2210 1529 2245 χήρα
1550 2209 1674 2244 δοθείσης
1697 2209 1823 2244 εὐλογίας
1846 2210 1891 2236 καὶ

1097 2259 1144 2285 ἐπὶ
1157 2257 1269 2288 τούτους
1293 2256 1448 2292 ἐνεχθείσης
1467 2255 1531 2287 τοὺς
1551 2255 1657 2287 πίθους.
1680 2256 1710 2281 ‘0
1739 2255 1794 2291 γὰρ
1812 2255 1891 2286 αὐτὸς

1096 2303 1199 2339 Κύριος
1213 2303 1331 2334 πάντων,
1347 2300 1472 2328 πλουτῶν
1490 2301 1530 2332 είς
1543 2301 1647 2332 πάντας
1661 2301 1726 2332 τοὺς
1744 2301 1889 2328 ὲπικαλουι

1099 2348 1198 2382 μένους
1218 2347 1317 2374 αὐτόν’
1331 2347 1379 2373 καὶ
1394 2346 1488 2382 ὥσπερ
1510 2346 1559 2382 τὴν
1585 2346 1680 2382 ὑδρίαν
1700 2347 1821 2382 ἐκείνην,
1845 2349 1890 2373 κα.

1097 2393 1143 2421 τὸν
1154 2393 1306 2429 καμψάκην
1319 2391 1480 2424 ἀναϐλύζειν
1493 2392 1631 2424 ἐκέλευσε,
1646 2392 1701 2418 τῶν
1718 2392 1770 2427 τῆς
1785 2392 1890 2427 φιλοξεμ

1096 2440 1157 2472 νίας
1178 2439 1345 2475 σπερμάτων
1368 2439 1496 2474 παρέχων
1521 2438 1555 2465 τὰ
1570 2438 1734 2474 δράγματα·
1761 2438 1832 2465 οὕτω
1845 2441 1887 2465 καὶ

1094 2486 1163 2521 τῷδε
1179 2485 1218 2520 τῷ
1232 2485 1375 2520 θαυμασίῳ
1390 2483 1490 2512 δέδωκε
1500 2484 1551 2519 τῆς
1579 2484 1736 2520 προθυμίας
1755 2486 1889 2521 τὴνίχορ-

1096 2532 1178 2567 ηγίαν
1195 2531 1348 2567 ἰσόμετρον.
1375 2531 1478 2565 Πολλὴν
1497 2531 1525 2557 δὲ
1544 2531 1590 2557 καὶ
1603 2531 1643 2562 εἰς
1667 2531 1888 2566 θαυματουργίαν

1097 2577 1172 2614 παρὰ
1186 2577 1233 2604 τοῦ
1248 2577 1316 2604 Θεοῦ
1331 2575 1386 2603 τῶν
1400 2576 1468 2603 ὅλων
1483 2576 1592 2610 ἐδέξατο
1613 2577 1705 2612 χάριν.
1734 2577 1809 2608 Ένὸς
1830 2577 1857 2603 δὲ
1872 2577 1887 2611 ἢ

1096 2622 1144 2650 δύο
1168 2622 1315 2658 θαυμάτων
1343 2622 1542 2657 μνησθήσομαι,
1559 2623 1594 2649 τὰ
1612 2622 1639 2649 δὲ
1659 2622 1741 2650 λοιπὰ
1766 2624 1886 2658 παρήσω,

1098 2670 1144 2696 ἐπὶ
1157 2670 1220 2700 τοὺς
1235 2668 1332 2701 ἄλλους
1347 2668 1435 2696 ἐλθεῖν
1451 2668 1638 2705 ἐτιειγόμενος.

1135 2716 1206 2751 Γυνή
1215 2724 1266 2748 τις,
1277 2716 1325 2742 καὶ
1335 2715 1410 2750 γένει
1423 2715 1470 2742 καὶ
1483 2715 1572 2742 πίστει
1583 2715 1772 2752 κοσμουμένη,
1781 2716 1826 2742 τὸν
1833 2715 1886 2742 υἱὸν

1098 2762 1238 2798 ἀρρωστίᾳ
1256 2761 1438 2797 περιπεσόντα
1458 2761 1567 2798 (κομιδῇ
1584 2760 1661 2798 δὲλιῆν
1682 2762 1756 2797 νέος)
1784 2762 1886 2793 πολλοῖς

887 2854 1005 2883 ΫΛΒΙΔΞ
1025 2854 1230 2884 LECTIONES.

288 2901 310 2918 "
323 2901 455 2937 Εὑτύχης.
470 2901 578 2929 Hervet.
