2036 3122
180 193 249 228 1413

793 197 1002 227 RELIGIOSA
1020 197 1212 227 HISTORIA.

1744 192 1812 225 Ill-'t

179 251 338 288 προῦθηκεν
356 252 468 287 ἰατροῖς.
489 252 668 287 Ἠττηθείσης
684 251 712 278 δὲ
730 252 779 286 τῆς
796 252 905 287 τέχνης,
923 252 970 279 καὶ

1024 252 1138 279 medicis
1152 251 1305 279 curantium
1320 250 1457 278 obtulcrat
1473 260 1479 277 :
1499 258 1614 286 cumque
1623 259 1667 278 ars
1683 258 1811 278 succum-

177 297 233 325 τῶν
252 297 352 332 ἰατρῶν
378 297 638 332 ἀπειρηκότων,κα“ι
660 297 837 332 τεθνήξεσθαι
854 298 883 324 τὸ
905 306 969 323 παι-

177 343 233 369 δίον
247 342 397 378 διαρρήδην
413 342 554 374 εἰπόντων,
573 342 622 368 οὐκ
639 342 793 378 ἀπὲρῤιψεν
807 343 823 378 ἡ
840 342 909 378 γυνὴ
922 342 971 373 τὰς

179 388 364 424 χρηστοτέρας
381 388 492 419 ἐλπίδας
503 397 510 404 -
530 388 596 414 ἁλλά
613 387 662 423 τήν
688 389 849 424 Σουμανῖτιν
863 389 970 424 εκείνην

179 434 337 470 ζηλώσασα,
362 434 501 469 ἐπιτίθησι
524 435 585 466 ταῖς
607 435 731 469 ἡμιόνοις
754 435 802 470 τὴν
828 435 969 471 καμάραν.

179 480 272 515 Ταύτῃ
283 480 310 506 δὲ
328 480 427 515 ἑαυτὴν
444 480 491 506 καὶ
510 480 540 506 τὺ
559 480 666 507 παιδίον
688 482 806 512 ἐνθεῖσα,
827 481 874 508 τὸν
899 482 971 508 θεῖον

179 527 282 552 ἐκεῖνον
298 525 447 553 κατέλαϐεν
470 525 624 560 ἄνθρωπον,
643 526 691 553 καὶ
709 526 909 562 ὀλοφυρομένη,
925 528 971 554 καὶ

178 572 229 607 τῆς
245 572 354 607 φύσεως
373 572 582 599 ἐπιδεικνύουσα
593 572 623 598 τὸ
643 572 739 604 πάθος,
758 573 897 607 ἐπαμῦναι
913 574 970 599 ἱκέ-

179 626 267 645 τευεν.
284 618 313 645 '0
326 618 354 644 δὲ
369 617 457 644 λαϐὼν
468 617 498 644 τὸ
510 618 617 644 παιδίον
633 619 694 644 ταῖν
705 619 862 653 χεροῖν,καὶ
876 620 910 654 τῇ
923 619 972 646 τοῦ

181 664 375 699 θυσιαστηρίου
404 665 515 699 κρηπῖδι
535 664 667 696 πελάσας,
688 664 777 691 ἔκειτο
792 665 899 700 πρηνὴς
925 665 971 692 τὸν

180 710 234 737 τῶν
249 710 345 746 ψυχῶν
363 710 411 737 καὶ
427 711 561 745 σωμάτων
579 710 727 737 ἀντιϐολῶν
742 710 834 745 ίατρόν
844 719 851 726 ·
863 711 909 737 καὶ
921 710 969 737 λα-

181 755 235 781 ϐὼν
255 755 304 790 τὴν
317 755 435 790 αἴτησιν,
451 755 592 781 ἀπέδωκεν
608 755 764 791 ἐρρωμένον
779 757 812 792 τῇ
828 756 911 791 μητρί
926 757 971 783 τὸν

181 801 249 828 υἱὸν.
269 800 341 835 Ἐγὼ
349 801 377 827 δὲ
391 801 470 827 τοῦτο
483 802 546 836 παρ’
556 800 642 836 αὐτῆς
653 801 760 835 ἀκήκοα
771 802 820 836 τῆς
835 801 866 827 τὺ
880 801 972 836 θαῦμα

182 846 364 881 θεασαμένης,
393 847 440 873 καὶ
456 846 502 873 τοῦ
522 847 618 878 παιδὸς
640 846 790 882 δεξαμένης
809 847 859 881 τὴν
883 855 971 882 σωτη-

182 893 254 928 ρίαν.
271 894 340 919 Φασὶ
354 893 382 919 δὲ
400 894 445 920 καὶ
459 893 505 919 τὸν
528 893 578 927 τῆς
596 892 693 928 κώμης
716 894 823 929 ἐκείνης
839 894 971 929 δεσπότην

1025 298 1113 329 heret,
1132 297 1367 333 desperarentque
1388 297 1495 329 medici,
1515 301 1540 324 et
1562 297 1724 324 moriturum
1746 304 1813 331 pue-

1026 351 1086 370 rum
1104 344 1174 370 haud
1196 343 1278 370 dubie
1291 343 1466 374 allirmarent,
1482 351 1544 378 spes
1564 343 1692 370 meliores
1714 343 1812 369 mulier

1026 398 1079 417 non
1104 390 1216 424 abjecit,
1228 390 1275 417 sed
1293 389 1483 416 Sunanitidem
1498 389 1620 420 imitans,
1639 389 1734 416 lectica
1754 397 1813 415 nm-

1024 435 1104 463 iabns
1129 435 1270 470 imposita,
1296 435 1322 461 in
1348 442 1406 461 eam
1433 434 1585 462 ascendens
1610 442 1671 461 cum
1698 435 1753 461 tilio
1776 434 1810 461 ad

1025 482 1150 509 divinum
1169 481 1258 508 virum
1279 482 1420 517 pervenit,
1441 481 1591 516 ingensque
1613 485 1639 508 et
1658 485 1810 508 maternum

1031 529 1158 556 affectum
1178 528 1337 563 przel‘crens,
1368 528 1428 563 ejus
1454 535 1533 561 opem
1564 527 1740 561 implorabat.
1766 526 1813 554 llle

1026 574 1137 602 sublato
1153 574 1281 600 manibus
1298 580 1398 608 puero.
1415 577 1442 599 et
1461 571 1495 599 ad
1510 571 1597 599 basim
1613 571 1709 598 altaris
1728 570 1813 605 depo-

1026 620 1091 653 sito,
1107 620 1184 647 hutni
1199 625 1353 655 prostratus
1368 619 1522 646 animarum
1538 625 1740 653 corporumque
1755 625 1813 644 nte-

1026 665 1116 693 dicum
1130 670 1201 699 orat,
1220 666 1331 700 votique
1348 673 1460 700 compos
1472 665 1558 691 ﬁlium
1575 664 1654 690 matri
1672 663 1812 690 restituit:

1026 717 1108 747 atque
1132 713 1184 740 hoc
1206 720 1256 748 ego
1278 711 1385 747 1218
1411 713 1444 739 ab
1469 712 1514 738 illa
1541 711 1599 745 ipsa
1624 710 1728 741 audivi,
1752 718 1814 744 qua:

1026 758 1189 785 miraculum
1217 757 1333 789 viderat,
1362 758 1464 791 filiique
1495 757 1611 784 salutem
1642 757 1812 790 impetrarat.

1025 804 1130 831 Ferunt
1153 803 1247 836 etiam,
1272 810 1333 830 cum
1353 804 1474 830 venisset
1499 802 1646 837 aliquando
1667 802 1720 829 vici
1740 802 1813 829 illius

1027 850 1156 877 dominus
1187 849 1311 884 (Letoins
1336 849 1381 876 hic
1404 853 1472 881 erat,
1501 848 1679 875 Antiochenze
1702 847 1812 882 quidem

1027 896 1109 923 curia:
1122 896 1261 930 princeps.
1279 894 1325 922 sed
1338 896 1384 929 qui
1394 895 1536 930 gentilium
1552 894 1670 929 caligine
1682 894 1813 921 obsessus

181 939 347 973 ἀφικόμενόν
369 947 444 966 ποτε.
465 938 587 974 Λητὼῖος
601 939 622 955 ¹⁷
639 939 669 965 δὲ
692 937 727 975 ἦν
741 936 818 971 οὗτος
841 940 902 975 (τῆς
923 940 971 974 μὲν

1025 942 1195 976 tenebatur),
1212 942 1306 969 acrius
1320 948 1402 976 quam
1418 949 1468 976 par
1485 946 1544 968 erat
1562 940 1669 968 fructus
1683 948 1812 975 agrorum

187 984 350 1019 ’Λντιοχέων
375 984 471 1020 βουλῆς
495 984 530 1011 τὰ
563 979 684 1020 πρωτεῖα
707 986 788 1020 ἔχων,
812 986 971 1018 δυσσεϐείας

181 1030 209 1057 δὲ
224 1031 406 1066 κατεχόμενος
420 1030 524 1066 ζόφῳ),
541 1032 717 1067 σφοδρότερον
737 1032 753 1068 ἢ
771 1032 824 1059 εδει
841 1033 905 1064 τοὺς
923 1041 972 1068 γη-

181 1077 280 1109 πὸνους
307 1077 522 1112 εἰσπράττεσθαι
541 1078 604 1109 τοὺς
629 1077 769 1113 καρπούς·
785 1078 834 1105 τὸν
849 1078 878 1105 δὲ
900 1078 971 1105 θεῖον

181 1123 285 1149 ἐκεῖνον
301 1123 444 1158 ἄνθρωπον
460 1123 524 1158 περὶ
535 1123 740 1158 φιλανθρωπίαν
758 1124 929 1158 εἰσηγεῖσθαί
941 1133 971 1151 τε

181 1169 229 1196 καὶ
243 1170 398 1204 παραινεῖν,
424 1170 471 1196 καὶ
485 1169 549 1201 τοὺς
566 1169 630 1205 περὶ
647 1170 738 1202 ἐλέους
765 1171 811 1197 καὶ
826 1171 916 1197 οἴκτου
931 1171 972 1197 δι-

181 1213 283 1246 εξιέναι
308 1214 423 1249 λόγοι-ις’
444 1215 490 1241 τὸν
512 1215 541 1241 δὲ
564 1216 653 1250 μεῖναι
675 1215 725 1251 μὲν
745 1216 915 1250 ἀμείλικτον,
938 1217 971 1252 τῇ

181 1261 265 1296 πείρᾳ
281 1261 309 1287 δὲ
325 1262 426 1295 γνῶναι
442 1263 490 1296 τῆς
512 1261 640 1293 ἀπειθίας
658 1262 709 1294 τὴν
725 1262 836 1297 βλάϐην.
861 1262 971 1298 Ἐπειδὴ

181 1305 236 1340 γὰρ
251 1306 380 1341 ἀπαίρειν
397 1306 462 1338 ἔδει,
478 1306 526 1333 καὶ
551 1305 582 1333 τὸ
601 1305 697 1340 ζεῦγος
714 1303 748 1342 ἦν
765 1307 907 1342 εὑτρεπὲς,
925 1307 973 1333 καὶ

182 1351 298 1382 καθίσας
318 1351 428 1377 ἐκέλευε
454 1351 493 1387 τῷ
520 1352 621 1387 ἡνιόχῳ
636 1352 806 1388 παροτρῦναι
830 1353 878 1384 τὰς
893 1353 973 1388 ἡμιό-

181 1404 254 1429 νους,
280 1397 308 1423 αἱ
332 1397 380 1431 μὲν
401 1394 493 1424 εἷλκον
521 1398 603 1424 παντὶ
621 1397 708 1425 σθένει
732 1398 901 1433 βιαζόμεναι,
927 1398 973 1425 καὶ

181 1442 273 1470 ἕλκειν
287 1443 333 1469 τὸν
353 1443 440 1478 ῥυμὸν
459 1443 648 1478 ἐπειγόμεναι,
671 1444 696 1469 οἱ
719 1443 746 1469 δὲ
762 1444 855 1479 τροχοὶ
872 1443 972 1479 σιδήρῳ

181 1490 229 1516 καὶ
256 1489 373 1524 μολίϐδῳ
391 1490 616 1525 προσδεδεμένοις
640 1489 782 1524 ὲῴκεισαν.
815 1489 923 1524 Ἐπειδὴ
943 1489 972 1516 δὲ

181 1535 229 1561 καὶ
245 1535 299 1561 τῶν
318 1535 456 1571 ἀγροίκων
473 1536 503 1561 τὸ
529 1535 630 1570 πλῆθος
649 1534 755 1570 μοχλοῖς
781 1536 844 1566 τοὺς
859 1536 973 1571 τροχοὺς

182 1580 334 1612 ἀνεκίνουν,
356 1578 435 1607 οῦδὲν
453 1581 534 1606 πλέον
555 1581 695 1615 ἐπέραινε,
712 1581 768 1607 τῶν
786 1581 972 1617 εὐνουστέρων

180 1635 224 1658 τις
241 1626 280 1662 τῷ
296 1627 411 1661 Δητωΐῳ
424 1627 591 1662 παρεῦεύων,
608 1627 655 1662 τὴν
668 1627 759 1654 αἰτίαν
773 1628 910 1662 σημαίνει,
923 1627 970 1654 τὸν

182 1673 258 1707 ίερέα
295 1672 340 1699 τὸν
368 1673 524 1709 πρεσδύτην
547 1673 702 1708 ἐπαρᾶσθαι
727 1673 830 1708 λέγων,
860 1675 907 1700 καὶ
932 1674 970 1706 ὼς

181 1720 318 1755 προσήκει
343 1719 439 1747 τοῦτον
474 1720 577 1755 εὐμενῆ
607 1721 790 1756 καταστῆσαι.
817 1721 969 1756 Τοιγαροῦν

181 1766 307 1801 πηδήσας
322 1765 377 1792 ἀπὸ
392 1765 439 1792 τοῦ
455 1766 581 1800 ζεύγους,
597 1766 700 1792 ίκέτευε
719 1766 749 1792 ὃν
762 1766 889 1792 διέπτυσε
900 1774 906 1781 ·
923 1767 970 1793 καὶ

180 1811 235 1838 τῶν
255 1808 345 1838 ποδῶν
361 1812 636 1847 προκαλινδούμενος,
653 1811 701 1838 καὶ
717 1812 752 1838 τὰ
769 1812 872 1848 πιναρά
888 1812 971 1846 ῥάκια

182 1858 435 1893 περιπτυσσόμενος
450 1877 457 1889 ,
476 1857 592 1892 χαλάσαι
607 1858 658 1893 τὴν
675 1857 759 1893 ὀργὴν
778 1858 923 1893 ἠντιϐόλει.
943 1859 972 1886 ’0

182 1903 211 1930 δὲ
227 1904 276 1939 τὴν
296 1904 416 1931 ἱκετείαν
428 1903 585 1939 δεξάμενος,
605 1905 652 1931 καὶ
669 1904 771 1940 ταύτην
793 1905 832 1940 τῷ
849 1906 973 1943 Δεσπότῃ

183 1949 388 1985 προσενεγκὼν,
403 1949 482 1976 ἔλυσε
496 1950 551 1976 τῶν
571 1950 677 1985 τροχῶν
694 1951 756 1982 τοὺς
781 1952 914 1985 ἀοράτους
929 1952 973 1978 δε-

183 1997 279 2031 σμοὺς,
296 1996 346 2022 καὶ
358 1995 490 2031 φέρεσθαι
506 1995 630 2031 συνήθως
643 1996 673 2022 τὸ
689 1995 782 2031 δχημα
798 1997 973 2032 παρεσκεύα-

183 2051 224 2070 σε.
240 2042 329 2069 Πολλὰ
340 2042 369 2069 δὲ
383 2043 429 2069 καὶ
443 2042 510 2069 ἄλλα
526 2042 638 2069 τοιαῦτα
658 2043 722 2078 περ).
741 2044 789 2078 τῆς
807 2043 882 2075 θείας
898 2044 971 2070 ὲκεί-

182 2097 230 2124 νης
255 2089 376 2124 κεφαλῆς
391 2088 559 2124 διηγοῦνται.
581 2089 658 2115 Ἔστι
683 2089 712 2115 δὲ
735 2090 783 2116 καὶ
810 2090 843 2116 ὲκ
870 2089 973 2116 τούτων

183 2135 369 2170 καταμαθεῖν,
395 2134 433 2166 ὡς
454 2135 556 2170 ἥκιστα
583 2134 704 2161 λωϐᾶται
732 2136 789 2166 τοῖς
818 2135 973 2169 φιλοσοφεῖν

183 2181 410 2216 προαιρουμένοις
431 2182 447 2216 ἡ
474 2182 502 2207 ὲν
526 2181 621 2208 ἄστεσι
637 2181 684 2207 καὶ
712 2180 821 2216 κώμαις
835 2182 969 2218 διατριϐή.

183 2228 289 2260 Ἐδειλξε
302 2228 357 2263 γὰρ
371 2225 458 2259 οὗτός-
465 2235 494 2254 τε
510 2227 557 2254 καὶ
570 2227 593 2253 οί
607 2226 669 2253 κατ’
681 2227 763 2253 αὐτὸν
774 2227 824 2262 τῆς
840 2227 886 2254 τοῦ
904 2228 971 2255 Θεοῦ

1024 989 1150 1023 exegisse
1167 996 1181 1015 a
1201 987 1321 1018 colonis,
1337 987 1518 1020 divinumque
1532 986 1619 1012 virum
1637 986 1669 1012 ad
1687 985 1816 1013 Immani-

1023 1038 1106 1062 tatem
1122 1036 1131 1046 '
1146 1034 1222 1061 illum
1240 1032 1414 1065 informasse,
1429 1032 1626 1066 bortatumqne
1643 1039 1715 1065 esse,
1733 1039 1764 1058 ac
1779 1031 1815 1059 de

1024 1080 1215 1108 misericordia
1244 1084 1271 1107 et
1296 1078 1465 1112 benignitate
1485 1078 1568 1104 verba
1590 1076 1689 1104 fecisse
1712 1086 1718 1104 :
1737 1077 1814 1103 illmn

1024 1135 1089 1155 vero
1113 1126 1316 1162 implacabilem
1340 1124 1512 1160 perstitisse,
1542 1123 1591 1150 sed
1616 1122 1813 1150 obstinationis

1024 1174 1153 1201 damnum
1176 1171 1347 1206 experientia
1369 1169 1511 1197 didicisse.
1534 1168 1603 1196 Nam
1624 1175 1686 1195 cum
1708 1168 1814 1194 abeun—

1024 1218 1087 1245 dum
1111 1221 1194 1248 esset,
1210 1216 1350 1251 rhcdaque
1364 1219 1471 1250 parata,
1496 1214 1595 1242 sedens
1616 1214 1674 1248 ipse
1692 1213 1814 1248 aurigam

1024 1264 1114 1291 mulas
1136 1264 1253 1290 incitare
1273 1262 1447 1297 praeciperet,
1466 1261 1659 1288 eluclahantur
1678 1260 1731 1286 illa:
1751 1259 1814 1294 qni-

1024 1311 1084 1337 dem
1104 1310 1171 1336 totis
1192 1309 1307 1340 viribus,
1330 1311 1357 1335 et
1378 1307 1490 1334 rhedam
1510 1306 1619 1333 trahere
1642 1305 1814 1335 nitebantur,

1025 1356 1072 1384 sed
1090 1360 1156 1383 rota:
1172 1355 1244 1383 ferro
1262 1354 1429 1390 plmnboqne
1445 1352 1567 1380 astrictze
1586 1351 1761 1379 videbantur.
1782 1349 1815 1377 Et

1023 1410 1086 1429 cum
1103 1401 1270 1428 rusticorum
1293 1406 1403 1434 quoque
1423 1397 1570 1425 multitudo
1593 1401 1670 1424 rotas
1691 1396 1815 1424 vectibus

1024 1443 1169 1479 impellens
1186 1442 1254 1469 nihil
1267 1442 1426 1476 proliceret.
1439 1439 1615 1466 familiarium
1630 1446 1702 1465 unus
1718 1438 1813 1465 Letoio

1023 1489 1150 1517 assidens
1162 1495 1275 1515 causam
1290 1486 1437 1522 suggessit,
1451 1485 1649 1520 imprecatione
1661 1491 1740 1511 nsum
1753 1491 1814 1511 esse

1024 1534 1121 1562 dicens
1133 1541 1226 1561 senem
1238 1532 1418 1563 sacerdotem,
1432 1538 1550 1565 eumque
1561 1529 1662 1565 placari
1674 1532 1813 1564 oportere.

1025 1581 1116 1614 Quare
1137 1580 1269 1607 desiliens
1288 1578 1321 1605 de
1342 1577 1426 1605 rheda
1446 1577 1561 1612 supplex
1583 1576 1621 1602 illi
1647 1575 1735 1603 factus
1759 1579 1812 1606 est,

1024 1635 1104 1662 quem
1123 1629 1275 1661 spreverat,
1291 1624 1406 1659 ejusque
1425 1623 1541 1658 pedibus
1556 1622 1713 1653 advolutus,
1731 1625 1757 1649 et
1771 1622 1813 1648 lae

1023 1680 1103 1701 ceros
1119 1680 1226 1708 pannos
1245 1671 1422 1706 amplectcm,
1443 1669 1549 1704 rogavit
1565 1673 1594 1696 ιιι
1616 1669 1683 1695 iram
1702 1675 1814 1702 compc-

1024 1723 1124 1747 sceret.
1136 1719 1222 1753 Cujus
1237 1718 1282 1745 ille
1296 1724 1392 1752 preces
1409 1716 1568 1747 exaudiens,
1581 1719 1606 1742 et
1621 1714 1735 1741 Domino
1748 1721 1814 1741 snas

1024 1764 1152 1795 offerens,
1164 1763 1274 1791 occulta
1286 1767 1409 1789 rotarum
1424 1761 1534 1788 vincula
1550 1760 1674 1791 resolvit,
1686 1767 1814 1787 currum-

1024 1817 1079 1845 que
1097 1809 1130 1836 de
1148 1816 1223 1835 more
1238 1807 1303 1835 ferri
1319 1806 1455 1842 permisit.
1474 1806 1534 1832 Alia
1550 1805 1709 1839 hujnsmodi
1729 1804 1814 1831 Inulta
1860 1813 1864 1815 ⁴

1022 1853 1056 1881 de
1068 1853 1162 1880 divino
1182 1853 1228 1879 illo
1250 1852 1340 1887 capite
1364 1854 1565 1878 memorantur.
1589 1849 1627 1876 Ex
1651 1849 1695 1876 bis
1721 1853 1813 1876 autem

1023 1899 1131 1927 discere
1147 1899 1220 1931 licet,
1238 1898 1354 1925 minime
1369 1897 1477 1925 ollicere
1492 1895 1682 1931 philosophari
1698 1895 1814 1923 volenti—

1022 1947 1085 1979 bus,
1107 1947 1129 1974 si
1149 1946 1177 1973 in
1196 1946 1312 1973 urbibus
1329 1945 1371 1972 vel
1395 1945 1423 1971 in
1445 1944 1514 1971 vicis
1535 1944 1670 1971 habitent.
1687 1942 1815 1971 Ostendit

1022 1993 1095 2020 enim
1112 1997 1138 2020 et
1154 1993 1199 2020 hic
1216 1993 1285 2027 ipse,
1304 1996 1332 2019 et
1355 1991 1402 2026 qui
1424 1991 1486 2025 ejus
1507 1990 1613 2018 similes
1641 1990 1685 2017 Dei
1709 1990 1814 2017 cultum

1023 2038 1100 2066 cordi
1113 2038 1224 2069 habent,
1236 2037 1293 2064 fieri
1309 2044 1402 2072 posse,
1417 2036 1526 2071 1219
1540 2036 1607 2063 utin
1622 2036 1712 2063 media
1724 2035 1814 2063 homi-

1024 2091 1090 2110 nmn
1104 2082 1259 2117 frequentia
1276 2082 1324 2116 qui
1341 2085 1500 2114 versantur,
1520 2080 1553 2107 ad
1571 2082 1661 2115 ipsum
1680 2080 1814 2107 virtutum

1024 2139 1130 2174 apicem
1148 2138 1319 2172 perveniant.
1339 2137 1404 2164 Mihi
1426 2144 1504 2169 vero,
1524 2140 1553 2163 ut
1569 2136 1610 2163 vel
1631 2135 1712 2171 paulo
1729 2142 1814 2170 supra

1024 2182 1106 2210 imam
1121 2181 1224 2208 montis
1244 2185 1349 2216 partem
1361 2180 1507 2215 provehar,
1525 2180 1630 2207 utinam
1645 2187 1741 2207 eorum
1754 2186 1815 2214 pre-

1026 2230 1106 2256 cibus
1121 2228 1274 2263 contingat.

183 2275 341 2311 φροντισταὶ
355 2273 514 2310 θεραπείας,
531 2273 568 2304 ὡς
583 2272 695 2299 δυνατὸν
728 2272 776 2299 καὶ
792 2274 820 2299 ὲν
836 2273 912 2309 μέσῳ
924 2274 1030 2301 πολλῶν
1054 2273 1264 2309 στρεφομένους,
1297 2272 1381 2308 αὐτῆς
1409 2271 1553 2306 ἐφικέσθαι
1571 2270 1620 2306 τῆς
1639 2271 1693 2298 τῶν
1710 2271 1816 2306 ἀρετῶν

183 2322 317 2360 κορυφῆς.
329 2318 383 2353 Ἧς
407 2321 462 2355 ἐγὼ
478 2322 527 2356 τῆς
547 2320 612 2353 γοῦν
639 2320 778 2355 ὑπωρείας
799 2320 897 2356 μικρὸν
912 2321 968 2348 ἀνω
988 2321 1120 2358 γενοίμην
1135 2322 1195 2353 ταῖς
1210 2320 1313 2348 τούτων
1327 2320 1494 2355 προσευχαῖς
1509 2318 1701 2354 βοηθούμενος.

403 2367 454 2394 IE'.
469 2381 504 2386 —-
519 2365 703 2393 ΛΚΕΨΙΜΑΣ
716 2366 747 2393 ¹⁸.

225 2414 373 2449 Ἀκεψιμᾶς
386 2413 457 2440 κατά
470 2412 515 2439 τὸν
528 2412 609 2439 αὑτὸν
621 2412 718 2446 γέγονε
733 2412 839 2448 χρόνον,
850 2409 880 2440 οὗ
894 2413 972 2445 κλέος

157 2455 162 2477 Ῐ
182 2461 247 2496 εὐρὺ
263 2460 335 2487 κατά
349 2460 440 2486 πᾶσαν
451 2459 500 2494 τὴν
512 2459 580 2485 Ἕω.
595 2455 680 2490 Οὗτος
695 2458 723 2484 ὲν
738 2459 851 2493 οἰκίσκῳ
862 2459 972 2494 καθείρ-

183 2509 232 2540 ξας
246 2506 352 2538 ἑαυτὸν,
362 2505 493 2540 ἐξήκοντα
505 2504 655 2531 διετέλεσεν
667 2504 725 2539 ἔτη,
742 2505 812 2540 μήτε
822 2504 969 2540 ὁρώμενος,

185 2554 253 2588 μήτε
264 2552 458 2587 φθεγγόμενος,
466 2551 522 2577 ἀλλ’
532 2551 572 2582 εἰς
582 2550 678 2577 ἑαυτὸν
687 2551 782 2582 νεύων,
796 2550 896 2577 καὶτὸν
905 2550 971 2577 Θεδν

183 2599 397 2634 φανταζόμενος,
423 2599 516 2624 πᾶσαν
530 2597 640 2623 ¹ἐκεῖθεν
658 2597 837 2632 ψυχαγωγίαν
853 2597 970 2632 ἐδέχετο,

183 2646 254 2673 κατά
269 2646 318 2681 τὴν
330 2644 498 2680 προφητείαν
507 2644 556 2679 τὴν
570 2644 712 2678 λέγουσαν·
728 2653 737 2669 ι
753 2643 972 2679 Κατατρύφησον

182 2692 231 2719 τοῦ
237 2691 350 2726 Κυρίου,
357 2691 404 2718 καὶ
410 2690 465 2726 δῴη
475 2690 557 2725 σοιτὰ
568 2691 706 2726 αἰτήματα
718 2690 768 2725 τῆς
775 2690 888 2726 καρδίας
896 2699 953 2718 σου.
960 2701 970 2717 ι

184 2738 235 2766 Διά
252 2746 325 2769 τινος
338 2737 366 2764 δὲ
387 2733 503 2773 βραχέος
517 2736 675 2772 ὀρύγματος
690 2736 739 2771 τὴν
758 2737 837 2773 χεῖρα
860 2737 970 2772 προτεί-

223 2793 314 2822 lI’sal.
332 2802 422 2825 “xvi,
441 2794 465 2820 ι.

1250 2365 1310 2394 XV.
1330 2381 1365 2386 —
1384 2364 1592 2393 ACEl’SlMAS.

1060 2412 1113 2441 Per
1125 2412 1197 2440 idem
1216 2416 1324 2447 tempus
1335 2411 1497 2446 Acepsimas
1510 2410 1571 2442 fuit,
1584 2409 1664 2445 cujus
1676 2409 1747 2437 fama
1763 2410 1815 2439 late

1025 2468 1123 2496 sparsa
1151 2463 1194 2487 est
1222 2466 1270 2493 per
1291 2458 1443 2486 Orientem.
1467 2458 1491 2484 is
1510 2464 1572 2484 cum
1597 2457 1624 2483 in
1648 2456 1814 2483 domuncula

1025 2507 1146 2541 scipsum
1175 2503 1353 2536 inclusisset,
1381 2510 1469 2529 annos
1493 2501 1627 2536 transegit
1653 2501 1813 2536 sexaginta,

1028 2559 1077 2579 nec
1096 2551 1144 2578 ulli
1160 2549 1237 2577 visus
1251 2569 1258 2581 ,
1275 2556 1326 2576 nec
1348 2548 1432 2574 ullum
1449 2547 1593 2581 alloquens
1609 2554 1615 2572 :
1647 2545 1695 2574 sed
1714 2547 1741 2573 in
1768 2553 1814 2573 see

1027 2598 1117 2633 ipsum
1132 2597 1253 2627 intuens,
1265 2594 1404 2629 Deumque
1412 2593 1613 2627 contemplans,
1629 2599 1735 2618 omnem
1752 2592 1816 2619 inde

1027 2644 1153 2678 capiebat
1165 2640 1393 2671 consolationem,
1405 2640 1483 2674 juxta
1494 2638 1684 2674 propheticum
1699 2638 1813 2666 dictum:

1030 2700 1038 2716 ι
1066 2690 1208 2717 Delectare
1230 2688 1257 2715 in
1279 2686 1414 2717 Domino,
1442 2690 1469 2713 et
1495 2685 1571 2712 dabit
1599 2685 1646 2712 tibi
1672 2684 1814 2719 petitiones

1027 2736 1119 2764 cordis
1133 2735 1172 2762 lui
1186 2735 1205 2761 ι.
1228 2743 1237 2760 ι
1255 2733 1307 2760 Per
1323 2736 1470 2768 angustum
1484 2739 1548 2759 vero
1564 2731 1687 2759 foramen
1704 2739 1815 2758 manum

804 2834 918 2863 VARle
939 2833 1141 2864 LECTIONES.

221 2887 242 2903 "
262 2887 392 2917 Αατώῖος.
406 2886 513 2913 llcrvet.
526 2886 570 2913 Sic
589 2886 668 2912 etiam
681 2885 762 2916 paulo
774 2887 834 2919 post

186 2922 258 2950 Hist.
275 2923 338 2949 acri.
358 2922 401 2954 lii,
417 2922 461 2948 ‘25.

886 2882 908 2898 ’⁸
931 2881 1087 2917 Ἀκεψεμᾶς
1104 2883 1202 2909 eratin
1221 2882 1328 2911 llerveti
1350 2883 1437 2915 libro,
1462 2881 1580 2917 itemque
1599 2882 1669 2918 apud
1689 2886 1814 2909 uestrum
