2036 3122
235 179 304 212 1H5

744 175 987 207 THEODORETI
1003 175 1171 216 EPISCOPI
1190 175 1374 207 CYRENSIS

1799 170 1863 207 ιιιι

234 237 403 270 extendens,
431 235 545 263 allatum
570 235 660 262 cibum
691 234 855 269 accipiebat.
882 232 1019 260 Foramen

1084 242 1143 266 νων,
1169 233 1219 269 τὴν
1245 233 1430 270 κομιζομένην
1457 234 1562 270 τροφὴν
1590 234 1754 270 είσεδέχετο.
1779 234 1816 261 τὸ
1838 235 1864 260 δὲ

235 290 319 320 porro
340 290 393 310 non
415 286 491 309 recta
513 280 668 317 perfossum
693 285 764 313 erat,
780 288 816 308 ne
838 279 1023 314 introspicere

236 329 394 357 volentibus
423 329 537 361 liceret,
567 327 616 355 sed
647 327 757 362 oblique
789 325 1021 353 circumductum.

235 376 320 404 Cibus
339 379 432 402 autem
449 374 486 401 illi
502 374 669 401 efferebatur
683 373 741 400 lens
759 379 830 407 aqua
846 371 1000 398 madefacta
1015 379 1022 399 :

236 423 376 457 semelque
400 421 428 448 in
455 420 626 449 hcbdomada
645 420 654 431 ‘
676 423 759 447 noctu
783 415 924 454 egressu’s,
947 425 1026 453 aqua:

236 473 371 503 quantum
401 467 470 495 satis
499 471 558 494 erat
587 475 620 494 ex
649 466 742 494 vicino
768 465 844 492 fonte
870 464 1025 492 hauriebat.

236 513 332 548 Itaque
351 518 444 548 pastor
453 512 564 546 quidam
580 519 646 539 oves
660 518 788 546 pascens,
804 517 867 537 cum
887 509 964 536 illum
978 516 1027 544 per

237 559 367 587 tenebras
389 562 544 586 moventem
571 565 602 585 se
626 558 721 593 procul
743 557 892 592 aliquando
917 557 1028 592 conspi-

236 610 317 633 catus
337 605 431 640 lupum
451 612 513 632 esse
528 604 688 639 conjiceret,
699 604 764 639 quia
777 604 864 630 multo
878 602 944 630 ferri
957 610 1027 629 onn-

237 655 298 678 stus
312 650 435 685 pondere
448 649 580 677 incurvus
594 649 739 676 incedebat
749 669 756 680 ,
774 648 887 676 fundam
901 648 932 674 ad
949 647 1029 682 jacu-

237 695 350 722 landum
363 695 499 730 agitabat.
523 693 577 721 Sed
599 701 660 721 ctuu
682 701 783 721 manus
806 693 957 720 immobilis
979 692 1026 719 diu

238 746 373 774 maneret,
396 741 569 775 lapidemque
588 741 714 768 emittere
737 747 791 767 non
812 745 916 774 posset,
937 739 1027 774 quoad

236 787 348 814 divinus
366 787 410 814 ille
426 787 467 814 vir
482 787 580 814 hausta
596 793 666 821 aqua
682 793 813 813 reversus
833 791 885 816 est,
898 785 1027 812 ’errorem

238 833 367 868 agnovit,
389 839 553 866 summoque
574 839 654 858 mane
672 831 706 858 ad
729 831 839 859 virtutis
856 831 1028 867 gymnasium

236 878 386 914 profectus,
396 878 468 913 quod
479 876 620 904 acciderat
631 878 763 909 narravit,
772 881 798 905 et
806 878 893 913 petita
902 878 980 905 venia
991 885 1030 904 rc-

236 925 396 952 missionem
414 923 582 959 impetravit,
595 931 648 950 non
660 924 751 958 aliqua
770 924 877 958 1220
892 924 1029 958 loquentis

236 979 304 998 voce
315 970 419 1001 audita,
429 970 476 997 Sed
485 978 517 997 ex
527 977 625 997 manus
635 969 802 997 motionibus
812 969 1028 997 benevolentiam

235 1017 406 1051 intelligens.
425 1016 505 1043 Alius
522 1015 646 1051 quidam,
662 1016 784 1050 perversi
803 1017 888 1044 moris
907 1015 1029 1044 curiosi-

237 1067 294 1090 tate
308 1063 418 1093 ductus,
435 1062 507 1089 seire
527 1069 612 1089 avens
626 1065 685 1089 toto
700 1066 826 1097 tempore
839 1062 906 1097 quid
924 1065 1027 1097 ageret,

237 1110 378 1145 platanum
394 1108 519 1136 maceriae
532 1108 691 1143 contiguam
706 1115 791 1135 ausus
805 1113 850 1136 est
866 1108 1029 1141 ascendere.

237 1156 286 1184 sed
313 1155 436 1182 audaciae
458 1155 578 1182 fructum
603 1162 666 1182 mox
690 1155 793 1182 retulit.
812 1153 931 1181 Dimidia
954 1155 1028 1182 enim

237 1205 316 1236 parte
337 1200 463 1235 corporis
478 1200 633 1227 labefactus
646 1220 655 1232 ,
675 1200 789 1235 supplex
805 1200 942 1233 accessit,
961 1200 1030 1227 deli-

237 1251 369 1281 ciumque
383 1246 529 1274 confessus
540 1250 593 1274 est.
608 1246 643 1273 At
658 1246 703 1273 ille
722 1246 814 1274 excisa
827 1246 938 1281 platano
953 1246 1030 1274 sani-

237 1298 321 1321 tatem
340 1297 516 1328 recepturum
533 1292 668 1328 praedixit.
686 1291 725 1319 Ne
737 1291 800 1326 quis
814 1292 886 1319 enim
902 1299 937 1320 ex
948 1292 1029 1320 simi—

237 1340 312 1367 libus
321 1340 396 1367 ausis
405 1339 463 1374 pari
474 1346 554 1373 poena
566 1339 742 1372 plecteretur,
749 1338 875 1365 arborem
884 1337 1030 1366 confestim

237 1385 365 1412 exscindi
388 1383 473 1419 jussit
491 1393 498 1410 :
520 1383 682 1417 arborisque
701 1383 851 1410 sectionem
870 1386 965 1410 secula
988 1386 1030 1410 est

238 1430 369 1466 supplicii
394 1430 538 1457 relaxatio.
563 1429 650 1456 Tanta
676 1435 744 1463 ergo
769 1428 820 1456 fuit
841 1429 930 1456 sancti
949 1429 1031 1463 hujus

237 1477 398 1510 tolerantia,
414 1480 574 1511 tantamque
589 1475 624 1502 ab
645 1475 808 1511 agonotltela
826 1475 942 1510 gratiam
962 1475 1028 1503 ade—

237 1529 300 1558 ptus
313 1527 368 1550 est,

1075 280 1185 316 δρυγμα
1196 280 1227 306 οὐ
1243 280 1394 315 διαμπερὲς
1408 277 1443 316 ἦν
1465 279 1586 306 κατευθὺ
1609 280 1809 316 διωρυγμένον,
1823 280 1865 306 ἵνα

1077 327 1116 363 μὴ
1133 327 1279 362 πρόκειται
1295 319 1351 358 τοῖς
1365 327 1431 362 ὁρᾷν
1447 325 1630 361 βουλομένοις,
1647 326 1705 353 ἀλλ’
1719 326 1865 361 ὲγκάρσιον

1075 373 1110 411 ἦν
1139 373 1292 405 ἐλικοειδῶς
1314 373 1578 409 κατεσκευασμένον.
1605 372 1700 408 Τροφὴ
1729 373 1759 399 δὲ
1794 373 1865 407 αὐτῷ

1077 420 1222 456 ἐκομίζετο
1240 419 1325 454 φακὸς
1336 419 1478 455 διάϐροχος
1493 419 1571 446 ὕδατι
1582 427 1590 436 ·
1603 419 1676 452 ἅπαξ
1689 419 1718 445 δὲ
1729 418 1782 453 τῆς
1796 419 1867 446 £660-

1079 467 1163 503 μάδος
1177 466 1286 502 νύκτωρ
1299 465 1391 499 ἐξιὼν,
1401 464 1433 492 τὸ
1448 465 1551 500 ἀρκοῦν
1563 465 1635 500 ὕδωρ
1649 465 1704 491 ἀπὸ
1715 464 1770 498 τῆς
1785 465 1867 491 πελα»

1077 513 1178 548 ζοὺσης
1191 513 1309 547 ἀνιμᾶτο
1325 511 1428 547 πηγῆς.
1443 511 1498 538 Καί
1513 511 1579 538 ποτέ
1590 520 1633 542 τις
1648 510 1793 547 πόρρωθεν
1805 519 1869 545 προ-

1077 560 1177 591 ϐατεὺς
1192 559 1339 595 θρέμματα
1357 557 1458 593 νέμων,
1477 558 1590 589 σκότους
1602 557 1690 591 ὄντος,
1710 557 1869 592 κινούμενον

1078 606 1264 641 θεασάμενος,
1290 605 1340 632 καὶ
1370 603 1452 632 λύκον
1475 603 1662 635 ὑποτοπάσας.
1689 602 1870 637 συγκεκυφὼς

1078 652 1132 687 γὰρ
1146 651 1253 684 ἐϐάδιζε
1273 651 1376 686 σιδήρῳ
1399 650 1491 686 πολλῷ
1512 650 1704 686 βαρυνόμενος,
1723 649 1775 684 τὴν
1792 657 1871 684 σφεν-

1077 697 1158 732 δόνην
1170 697 1209 729 ὼς
1225 696 1299 724 λίθον
1312 696 1463 723 ἀκοντίσων
1477 695 1598 731 ἐκίνησε.
1612 695 1710 730 Τῆςδὲ
1723 695 1816 730 χειρὸς
1827 695 1872 720 ἐπὶ

1079 743 1204 769 πλεῖστον
1219 743 1350 778 ἀκινήτου
1373 741 1519 777 μενούσης,
1533 741 1580 768 καὶ
1603 741 1716 775 ἀφιέναι
1734 740 1782 766 τὸν
1798 740 1872 766 λίθον

1078 787 1109 814 οὐ
1122 786 1285 822 δυναμένης,
1298 786 1351 818 ἕως
1366 787 1468 818 ἐκεῖνος
1478 787 1492 813 ὁ
1505 787 1577 818 θεῖος
1589 785 1658 821 ἀνὴρ
1671 786 1704 812 τὸ
1716 785 1789 820 ὕδωρ
1803 785 1872 820 ἀρυ-

1080 833 1196 867 σάμενος
1216 831 1372 867 ἐπανῆκεν,
1389 831 1518 867 αἴσθησιν
1539 831 1590 866 τῆς
1613 831 1726 865 ἀγνοίας
1751 830 1871 862 ἐδέξατο,

1080 878 1126 904 καὶ
1137 876 1208 913 μετὰ
1220 876 1270 913 τὴν
1285 877 1324 903 ἕω
1341 876 1550 912 καταλαμϐάνει
1561 876 1594 903 ἰδ
1611 877 1661 911 τῆς
1673 876 1778 912 ἀρετῆς
1790 885 1873 911 φρον-

1080 923 1229 958 τιστήριον,
1247 922 1296 949 καὶ
1312 922 1448 958 διηγεῖται
1464 922 1493 948 τὺ
1507 922 1629 957 γεγονὸς,
1642 923 1690 950 καὶ
1707 921 1874 958 συγγνώμην

1080 970 1161 1002 αἰτεῖ,
1176 969 1223 995 καὶ
1233 968 1367 1004 λαμϐάνει
1382 968 1432 1003 τῆς
1449 967 1638 1004 πλημμελείας
1654 968 1704 1004 τὴν
1717 968 1827 1003 ἄφεσιν,
1845 968 1874 994 οὐ

1080 1015 1174 1050 φωνῆς
1189 1013 1382 1049 φθεγξαμένης
1393 1013 1524 1047 ἀκούσας,
1544 1014 1612 1040 ἀλλὰ
1625 1013 1671 1040 διὰ
1683 1013 1740 1040 τῶν
1751 1014 1801 1048 τῆς
1819 1022 1876 1049 χει-

1082 1062 1127 1097 ρὸς
1142 1061 1302 1096 κινημάτων
1319 1059 1485 1096 καταμαθὼν
1495 1060 1546 1095 τὴν
1559 1060 1714 1095 εὐμένειαν.
1731 1060 1831 1092 Ἄλλος
1848 1060 1876 1086 δέ

1080 1117 1142 1140 τις,
1165 1107 1298 1143 κακοήθει
1324 1106 1577 1143 πολυπραγμοσύνῃ
1604 1107 1789 1142 χρησάμενος,
1830 1107 1877 1133 καὶ

1081 1154 1183 1189 γνῶναι
1197 1154 1320 1189 ποθήσας
1337 1153 1363 1180 τί
1377 1153 1449 1190 δρῶν
1463 1153 1572 1180 ἅπαντα
1583 1153 1628 1180 τὸν
1637 1153 1735 1188 χρόνον
1749 1153 1875 1184 διετέλει,

1083 1202 1123 1233 εἰς
1142 1201 1192 1237 τὴν
1210 1200 1286 1237 παρὰ
1311 1200 1352 1235 τῷ
1378 1200 1496 1236 θριγκίῳ
1513 1199 1724 1235 πεφυτευμένην
1739 1199 1878 1226 πλάτανον

1082 1247 1218 1282 ἀναϐῆναι
1233 1246 1419 1282 τετόλμηκεν
1439 1245 1507 1272 ἀλλὰ
1532 1244 1690 1281 παραυτίκα
1703 1245 1754 1279 τῆς
1774 1245 1877 1280 τόλμης

1082 1293 1213 1330 ἔδρέψατο
1229 1293 1293 1324 τοὺς
1309 1291 1443 1328 καρπούς.
1457 1291 1494 1318 Τὸ
1511 1291 1565 1326 γὰρ
1578 1291 1665 1326 ἣμισυ
1686 1290 1734 1317 τοῦ
1750 1289 1877 1326 σώματος

1083 1339 1132 1366 ἀπ’
1161 1339 1249 1375 ἄκρας
1271 1338 1396 1374 κορυφῆς
1422 1337 1502 1373 μέχρι
1525 1337 1579 1364 τῶν
1605 1337 1694 1364 ποδῶν
1718 1338 1876 1372 λυμανθεὶς,

1086 1385 1179 1418 ἱκέτης
1194 1384 1303 1418 ἐγένετο
1319 1383 1368 1418 τῆς
1389 1381 1545 1418 ἀμαρτάδος
1559 1381 1732 1417 κατηγορῶν.
1751 1381 1782 1408 '0
1799 1381 1828 1407 δὲ
1844 1383 1877 1415 τῇ

1083 1431 1154 1465 τομῇ
1167 1430 1216 1464 τῆς
1229 1429 1365 1455 πλατάνου
1378 1427 1427 1463 τὴν
1439 1426 1532 1461 ὑγείαν
1548 1426 1658 1454 ἔσεσθαι
1674 1428 1876 1462 προεμήνυσεν.

1085 1476 1145 1502 Ἰνα
1158 1476 1212 1510 γὰρ
1229 1475 1268 1510 μὴ
1287 1475 1333 1501 καὶ
1353 1474 1448 1509 ἓτερος
1463 1473 1498 1500 τά
1512 1474 1558 1500 ῐσα
1573 1473 1675 1509 δράσας
1690 1473 1830 1509 ὺέτομείνῃ
1845 1474 1878 1499 τά

1084 1523 1142 1554 tua,
1158 1520 1296 1556 τμηθῆναι
1311 1520 1470 1556 παραυτίκα
1489 1519 1519 1545 τὸ
1534 1518 1642 1554 δένδρον
1658 1518 1812 1545 ἐκέλευσεν.
1833 1518 1878 1544 Εἰ-

238 1577 305 1595 πετο
323 1569 351 1595 δὲ
361 1570 395 1604 τῇ
407 1570 477 1604 τομῇ
493 1567 603 1604 καὶτῆς
617 1568 752 1603 τιμωρίας
770 1567 886 1602 ἡλύσις.
903 1568 1030 1604 Τοσαύτη
1051 1568 1100 1604 μὲν
1132 1566 1179 1595 οὖν
1199 1565 1276 1599 οὗτος
1296 1569 1310 1594 ό
1335 1567 1477 1598 Θεσπέσιος
1500 1567 1636 1602 ἐχρήσατο
1661 1567 1694 1601 τῇ
1711 1577 1713 1579 ·
1734 1566 1877 1601 καρτερίᾳ,

236 1614 371 1650 τοσαύτην
387 1615 416 1641 δὲ
443 1614 519 1649 παρὰ
533 1613 580 1640 τοῦ
606 1613 775 1647 ἀγωνοθέτου
791 1613 840 1649 τὴν
865 1614 948 1648 χάριν
968 1613 1095 1655 ἐδέξατο,

272 1663 340 1690 Cum
359 1668 425 1688 vero
441 1662 474 1688 ad
486 1661 642 1688 discessum
657 1668 690 1688 ex
706 1660 758 1687 hac
775 1660 831 1687 vita
856 1668 886 1688 se
901 1660 1029 1694 accinge-
1044 1665 1065 1693 (ζ

237 1713 290 1740 ret.
312 1707 444 1744 postdics
461 1707 660 1742 quinquaginta
686 1707 849 1733 moriturum
870 1714 899 1734 se
926 1706 1033 1742 signiﬁ-

238 1756 320 1784 cavit.
340 1758 367 1780 et
386 1753 515 1779 omnibus
544 1753 591 1786 qtti
611 1752 711 1779 vellent
727 1752 833 1779 visendi
865 1751 908 1779 sui
922 1752 1031 1785 copiam

239 1797 313 1824 fecit.
331 1796 440 1822 Etcum
464 1795 596 1822 Ecclesiae
615 1803 724 1830 quoque
746 1795 870 1830 pontifex
901 1797 1032 1829 venisset,

238 1843 425 1879 urgebatenm
446 1846 476 1868 ut
494 1842 646 1876 presbyteri
659 1842 754 1876 jugum
775 1842 894 1875 subiret,
914 1852 923 1868 ι
947 1842 1028 1877 Novi,

239 1889 344 1920 dieens,
360 1896 376 1916 ο
388 1887 481 1919 Pater,
495 1891 522 1914 et
545 1887 723 1922 philosophia:
752 1893 805 1916 tute
824 1888 1032 1921 sublimitatem,

238 1941 265 1963 et
284 1935 382 1969 inopia:
402 1941 468 1960 mea:
495 1933 726 1968 magnitudinem.
753 1933 948 1962 Verumtamen
964 1942 1033 1970 pon-

239 1981 360 2008 tiﬁcatus
381 1987 494 2007 tnuncre
506 1979 635 2014 fungens,
655 1987 703 2016 per
721 1980 772 2007 hoc
786 1988 836 2016 ego
850 1988 960 2013 munus,
978 1989 1033 2008 non

239 2036 288 2064 per
298 2028 372 2054 illam
386 2026 574 2067 ordinationes
585 2033 697 2060 perago.
714 2026 805 2059 Quare
819 2028 923 2061 accipe,
934 2027 1033 2062 inquit,

239 2075 342 2102 donum
354 2073 512 2104 sacerdotii,
524 2073 697 2100 ministrante
707 2072 818 2107 quidem
829 2073 942 2100 dextera
963 2081 1034 2105 utea,

240 2120 287 2148 sed
300 2123 445 2155 prtestante
460 2118 580 2153 Spiritus
593 2119 682 2147 sancti
700 2119 801 2154 gratia.
823 2129 832 2145 ι
849 2119 890 2146 Ad
916 2120 974 2147 luec
999 2120 1035 2147 ita

240 2167 417 2201 respondisse
449 2165 578 2192 dicitur:
610 2174 619 2190 ι
652 2164 788 2196 Quoniam
812 2166 908 2200 paucis
937 2166 1036 2193 abhinc

241 2214 337 2241 diebus
353 2220 368 2239 e
385 2213 438 2238 vita
453 2212 628 2239 discessurus
640 2220 712 2243 sum,
732 2211 766 2238 de
781 2212 823 2239 his
842 2211 954 2239 minime
967 2219 1032 2239 con-

242 2259 361 2287 tendam.
379 2257 524 2285 Enimvero
536 2257 559 2284 si
574 2257 679 2284 diutius
693 2257 816 2284 victurus
840 2265 939 2290 essent,
955 2264 1037 2293 grave

242 2310 270 2332 et
290 2304 462 2332 tremendum
491 2303 641 2330 sacerdotii
670 2311 741 2330 onus
759 2303 839 2338 plane
858 2303 1011 2339 rcfttgerem
1026 2325 1033 2337 ,

243 2351 410 2380 reddendam
458 2349 575 2384 depositi

245 2399 351 2433 1221
367 2396 419 2424 Sed
435 2396 499 2431 quia
517 2394 591 2422 brevi
608 2395 650 2422 llis
660 2396 788 2424 omnibus
815 2397 919 2425 relictis
945 2397 1037 2424 abitu-

244 2453 292 2472 rus
308 2452 379 2476 smn,
395 2443 481 2477 jussis
496 2442 597 2477 parebo
619 2449 672 2469 non
697 2443 810 2470 invitus.
826 2452 834 2468 ι
864 2442 924 2470 Mox
944 2443 1038 2478 igitur,

244 2490 361 2517 ducente
375 2488 494 2520 nemine,
511 2488 553 2516 ltic
569 2488 684 2524 genibus
700 2487 778 2516 ﬂexis
799 2489 916 2523 gratiam
943 2496 1041 2524 exspe-

244 2536 346 2565 ctabat,
358 2535 403 2562 ille
418 2542 527 2561 manum
539 2537 548 2545 ‘
561 2536 705 2570 imponens
720 2534 833 2570 Spiritui
848 2535 1042 2563 famttlabatur.

245 2579 407 2606 Sacertlotio
421 2582 512 2605 autem
539 2580 634 2613 paucis
657 2580 755 2606 diebus
775 2584 926 2615 superstes,
955 2581 1039 2608 vitam

213 2632 235 2640 β
247 2632 310 2652 tum
324 2625 379 2651 rita
394 2626 584 2659 commutavit,
597 2630 792 2661 expertemque
809 2627 880 2654 senii
894 2632 921 2655 et
934 2627 1040 2655 doloris

245 2679 296 2708 pro
318 2671 412 2698 multis
426 2671 502 2699 curis
514 2672 632 2699 obnoxia
655 2673 771 2700 sortitus
785 2678 838 2700 est.
854 2672 962 2708 Corpus
978 2681 1042 2700 vero

246 2726 309 2746 cum
327 2725 423 2752 rapere
434 2726 532 2746 omnes
548 2718 657 2750 vellent,
676 2726 708 2745 ac
727 2726 806 2746 sumn
819 2719 938 2754 quisque
958 2719 984 2747 in
1002 2721 1042 2746 vi—

246 2772 308 2792 cum
331 2764 481 2791 transferre
514 2764 648 2796 studeret,
676 2763 788 2799 quidam
808 2765 929 2791 revelato
952 2765 1042 2793 sancti

246 2810 425 2846 iureiurando
436 2811 510 2838 litem
528 2810 839 2838 diremit.Sacramento
851 2811 923 2838 enim
939 2811 1042 2838 astrin-

246 2858 320 2886 xisse
335 2858 410 2885 illttm
425 2858 503 2890 dixit,
520 2862 550 2884 ut
579 2858 668 2892 ipsum
686 2857 737 2884 ltoc
759 2857 787 2884 in
812 2857 872 2885 loco
902 2858 1040 2893 sepeliret.

251 2903 340 2940 Usque
369 2904 436 2932 adeo
466 2904 527 2932 (celi
561 2904 668 2932 civibus
700 2911 774 2931 cura:
799 2903 847 2932 fuit
871 2904 953 2932 etiam
982 2909 1042 2941 post

1124 1661 1220 1687 Ἡνίκα
1232 1661 1260 1687 δὲ
1273 1660 1324 1696 τὴν
1338 1660 1463 1687 ἐντεῦθεν
1478 1660 1633 1695 ἀπώημίαν
1649 1659 1802 1691 ἐστέλλετο,
1816 1665 1880 1694 προ’

1084 1708 1223 1743 εσήμανεν
1241 1708 1279 1739 ὠς
1303 1708 1375 1742 μετὰ
1390 1707 1560 1741 πεντήκοντα
1578 1707 1685 1742 ἡμέρας
1703 1706 1812 1738 δέξεται
1832 1705 1878 1732 τοῦ

1086 1754 1143 1788 βίου
1159 1754 1190 1780 τὸ
1208 1754 1283 1786 τέλος
1294 1761 1302 1769 ·
1321 1753 1468 1787 ὑπεδέξατο
1484 1753 1512 1779 δὲ
1537 1753 1660 1785 ἅπαντας
1679 1753 1744 1784 τοὺς
1759 1753 1824 1779 ἰδεῖν
1837 1752 1879 1779 θε-

1084 1799 1233 1836 λήσαντας.
1254 1799 1364 1835 Ἐπειδὴ
1379 1799 1408 1826 δὲ
1426 1799 1473 1826 καὶ
1489 1801 1503 1825 ὁ
1517 1800 1565 1833 τῆς
1585 1796 1750 1834 Ἐκκλησίαξ
1766 1799 1880 1833 ἀφίκετο

1086 1845 1230 1881 πρόεδρος,
1247 1845 1361 1880 ἤπειγεν
1386 1844 1468 1871 αὑτὸν
1496 1843 1678 1877 ὑποδέξασθαι
1695 1843 1742 1869 τοῦ
1759 1843 1879 1879 πρεσϐυ-

1085 1891 1164 1928 τέρου
1177 1891 1226 1927 τὴν
1253 1891 1389 1926 ζεύγλην,
1411 1900 1420 1916 ι
1439 1888 1517 1921 Οίόα,
1544 1890 1641 1924 λέγων,
1665 1887 1688 1916 ὦ
1706 1889 1810 1925 Πάτερ,
1833 1889 1879 1915 καὶ

1085 1939 1135 1972 τῆς
1150 1938 1200 1972 σῆς
1224 1937 1388 1972 φιλοσοφίας
1402 1937 1432 1964 τὸ
1453 1936 1530 1971 ὕψος,
1551 1936 1598 1964 καὶ
1619 1937 1668 1972 τῆς
1690 1935 1762 1971 ἐμῆς
1785 1936 1880 1966 πενίας

1085 1983 1135 2019 τὴν
1164 1983 1330 2019 ὑπερϐολήν.
1347 1983 1428 2009 ’Δλλὰ
1443 1983 1493 2016 τῆς
1512 1983 1721 2019 ἀρχιερωσύνης
1740 1982 1790 2017 τὴν
1811 1983 1880 2008 οἱκο-

1087 2030 1183 2065 νομίαν
1199 2029 1426 2064 πεπιστευμένος,
1445 2029 1532 2065 ταύτῃ
1547 2030 1596 2061 τὰς
1619 2029 1799 2065 χειροτονίας,
1824 2028 1880 2054 ἀΰ·

1086 2077 1138 2104 οὐκ
1166 2077 1259 2113 ἐκείνῃ
1279 2076 1481 2112 προϐάλλομαι.
1502 2076 1583 2109 Δέξαι
1607 2076 1718 2107 τοίνυν,
1745 2075 1810 2110 ἔφη,
1833 2075 1880 2110 τῆς

1088 2123 1240 2159 ἱερωσύνης
1253 2123 1283 2150 τὸ
1296 2123 1393 2158 δῶρον,
1412 2123 1461 2158 τῆς
1477 2123 1528 2158 μὲν
1540 2122 1611 2158 ἐμῆς
1621 2122 1713 2154 δεξιᾶς
1730 2121 1882 2156 ὑπουργού-

1089 2177 1149 2204 σης,
1166 2169 1217 2204 τῆς
1231 2169 1260 2196 δὲ
1279 2169 1327 2196 τοῦ
1350 2169 1483 2203 παναγίου
1504 2167 1663 2203 Πνεὺματος
1678 2167 1760 2194 τοῦτο
1772 2168 1881 2203 χάριτος

1087 2214 1270 2251 χορηγούσης.
1290 2225 1299 2241 ι
1328 2215 1400 2250 Πρὸς
1423 2214 1509 2241 ταῦτα
1535 2216 1618 2249 φάναι
1647 2214 1776 2248 λέγεται·
1796 2224 1806 2240 ι
1822 2214 1881 2240 Ὀτι

1090 2262 1150 2296 μετ’
1177 2261 1272 2295 ὀλίγας
1306 2260 1433 2288 ἐντεῦθεν
1457 2261 1607 2296 ἐκδημήσω
1634 2261 1760 2296 ἡμέρας,
1784 2261 1881 2295 ἥκιστα

1089 2306 1154 2342 περὶ
1175 2306 1279 2332 τούτων
1295 2305 1482 2342 ζυγομαχήσω
1493 2314 1500 2321 ’
1525 2307 1548 2333 εί
1567 2306 1617 2341 μὲν
1635 2305 1691 2342 γὰρ
1709 2306 1824 2341 ἔμελλον
1838 2306 1882 2331 ἐπὶ

632 2350 766 2377 rationem
813 2351 1032 2386 perhorrescens.

1090 2339 1217 2379 πλεῖστον
1234 2339 1393 2387 βιώσεσθαι,
1406 2339 1531 2387 πάμπαν
1550 2339 1652 2386 ειρυγον
1669 2339 1701 2378 τὸ
1720 2339 1789 2388 βαρὺ
1806 2351 1882 2378 τοῦτο

1091 2398 1139 2424 καὶ
1153 2398 1271 2434 φοϐερὸν
1288 2399 1338 2434 τῆς
1351 2397 1502 2434 ἱερωσύνης
1523 2397 1644 2433 φορτίον,
1660 2397 1710 2433 τῆς
1723 2406 1882 2433 παρακατα-

1093 2443 1181 2479 θήκης
1193 2444 1322 2480 ὀῤῥωδῶν
1336 2444 1386 2476 τὰς
1398 2443 1524 2475 εὐθύνας.
1545 2443 1655 2478 Ἐπειδὴ
1669 2444 1698 2470 δὲ
1712 2444 1764 2470 οὒκ
1780 2445 1820 2475 είς
1835 2453 1881 2479 μα-

1094 2490 1164 2526 κρὰν
1177 2490 1365 2525 ἀπελεύσομαι
1381 2490 1538 2518 καταλιπὼν
1555 2490 1590 2517 τὰ
1612 2491 1688 2526 τῇδε,
1706 2490 1839 2523 εὐπειθῶς
1856 2492 1883 2517 τὸ

1096 2536 1276 2571 κελευόμενον
1290 2536 1412 2571 δέξομαι.
1429 2545 1439 2561 ι
1456 2536 1560 2562 Αὐτίκα
1573 2535 1674 2569 τοίνυν,
1688 2536 1797 2568 οὐδενὸς
1809 2537 1883 2570 ἄγον-

1093 2590 1148 2614 τος,
1165 2584 1179 2610 ὁ
1192 2583 1243 2618 μὲν
1254 2583 1288 2610 τὰ
1298 2583 1400 2617 γόνατα
1419 2583 1554 2617 κάμπτων
1572 2582 1621 2618 τὴν
1636 2583 1719 2618 χάριν
1745 2583 1881 2618 ἀνέμενεν,

1094 2631 1109 2657 ὁ
1134 2629 1226 2664 δὲτὴν
1250 2630 1330 2665 χεῖρα
1352 2628 1485 2660 ἐπιτιθεὶς
1512 2627 1645 2664 ὗπούργει
1672 2628 1712 2664 τῷ
1736 2629 1880 2664 Πνεῦματι.

1094 2676 1134 2712 Τῇ
1147 2675 1176 2702 δὲ
1195 2675 1330 2711 ἱερωσύνῃ
1339 2675 1433 2709 ὀλίγας
1452 2674 1603 2706 ἐπιϐιώσας
1618 2675 1736 2710 ἡμέρας.
1756 2675 1815 2710 βίου
1831 2675 1883 2710 βίον

1095 2721 1239 2757 ἠλλάξατο,
1255 2722 1302 2748 καὶ
1320 2721 1367 2748 τὸν
1380 2722 1478 2757 ἀγήρω
1492 2722 1539 2748 καὶ
1550 2720 1653 2749 ἄλυπον
1667 2721 1729 2748 ἀντὶ
1742 2721 1791 2748 τοῦ
1805 2721 1880 2748 πολυ-

1097 2768 1237 2804 φρόντιδος
1252 2768 1360 2795 ἔλαϐεν.
1375 2767 1522 2802 Ἀρπάςειν
1535 2767 1562 2794 δὲ
1577 2767 1687 2794 πάντων
1704 2767 1884 2802 βουληθέντων

1096 2814 1128 2841 τὸ
1145 2814 1236 2849 σῶμα,
1250 2814 1297 2841 καὶ
1308 2815 1349 2846 εἰς
1364 2814 1414 2849 τὴν
1427 2813 1532 2841 οἰκείαν
1549 2814 1657 2849 ἑκάστῳ
1672 2813 1771 2849 κώμην
1787 2815 1882 2841 ἀποκο-

1098 2859 1188 2895 μίζειν
1207 2860 1443 2896 προαιρουμένων,
1461 2860 1585 2896 μηνύσας
1603 2869 1646 2891 τις
1665 2861 1714 2887 τοῦ
1727 2861 1807 2895 ἁγίου
1825 2862 1883 2892 τοὺς

1097 2907 1214 2942 ὅρκους,
1243 2906 1292 2942 τὴν
1314 2906 1372 2942 εριν
1395 2907 1524 2934 διέλυσεν.
1558 2907 1695 2942 Ὀξικῶςαι
1728 2908 1783 2942 γάρ
1809 2906 1882 2934 αὐτᾶν
