2036 3122
262 206 326 239 1421

855 213 1055 246 RELlGIOSA
1094 218 1286 250 HISTORIA.

1822 231 1887 263 1422

258 264 395 292 ἐκέλευον.
426 265 506 292 Ἀλλὰ
526 267 588 293 κατ’
605 267 685 294 αὐτὸν
711 269 755 295 τὸν
772 269 868 306 καιρὸν
893 272 1030 308 πράκτορε

1081 297 1084 304 ,
1099 282 1193 302 eorum
1213 284 1273 310 quae
1291 277 1317 304 in
1337 277 1424 312 ipsum
1440 284 1500 307 acta
1527 281 1655 317 fuerant,
1678 285 1725 313 sed
1743 286 1886 317 Dominum

257 309 397 344 ἀφίκοντο,
413 310 462 342 τὰς
473 312 602 348 εἰσφορὰς
615 313 764 341 ὲκτιννύειν
781 317 1044 351 καταναγκάζοντες·

229 356 235 361 ⁸
257 356 304 382 καὶ
316 357 379 387 τοὺς
391 356 440 391 μὲν
451 356 590 393 ὲόἐσμυυν,
602 360 666 391 τοὺς
675 359 702 386 δὲ
716 361 852 396 ᾐκίζοντο.
870 362 941 397 Ἀλλ’
951 363 965 389 ὁ
975 363 1046 395 θεῖος

256 402 358 433 ἐκεῖνος
373 403 452 438 ἀνὴρ,
470 403 575 434 οὐδενὸς
594 404 706 431 ἐκείνων
728 406 782 433 τῶν
805 409 846 439 εἰς
865 409 946 435 αὺτδν
962 418 1043 444 γεγε-

256 447 380 482 νημένων
402 448 595 483 ἀναμνησθεὶς,
613 449 658 475 τὸν
670 451 697 477 δὲ
712 452 850 487 Δεσπότην
866 454 1052 489 μιμούμενοςν

254 492 283 523 ὃς
298 492 336 527 τῷ
353 493 462 528 σταυρῷ
477 494 688 530 προσηλωμένος
701 497 754 523 τῶν
774 497 853 524 τοῦτο
873 498 1042 534 δεδρακότων

254 539 374 573 ὲκήδετο,
395 540 464 574 τοὺς,
475 541 632 576 πράκτορας
650 543 771 575 ἐκείνους
795 544 916 572 ἱκέτευεν
932 546 1043 581 ἡμέρως

253 585 390 612 ποιεῖσθαι
410 585 459 620 τὴν
471 586 624 622 εἴσπραξιν.
650 589 725 615 Ἐπεὶ
737 589 766 615 δὲ
780 590 826 616 καιί
838 591 976 626 ἐγγυητὰς
994 593 1044 619 ἐπ-

253 629 400 664 εζήτησαν,
421 631 541 658 ἐθελοντὶ
558 633 607 668 τὴν
626 633 793 669 πρόσκλησιν
814 635 971 670 ὑπεδέξατο,
996 638 1043 664 καὶ

251 676 394 709 χρυσίνους
409 676 506 704 ἑκατὸν
522 679 581 712 μετ’
594 678 686 713 ὀλίγας
700 679 795 706 δώσειν
808 681 915 717 ἡμέρας
925 682 1043 718 ὑπέσχε-

251 727 290 745 το.
314 719 566 755 ’Υπεραγασθέντες
574 723 602 749 δὲ
616 724 639 749 οἱ
649 723 682 750 τὰ
693 724 767 751 δεινὰ
777 726 867 752 ἐκεῖνοι
883 727 1041 762 ἐργασάμε-

251 772 290 790 νοι
305 764 354 798 τῆς
376 766 581 801 φιλανθρωπίας
606 768 651 795 τὸν
666 769 759 805 ἄνδρα,
774 770 879 797 αἰτοῦσι
906 771 955 806 μὲν
971 772 1041 808 ὑπὲρ

251 809 303 835 τῶν
316 811 522 846 τετολμημένων
535 813 697 849 συγγνώμην
707 833 715 846 ,
740 816 891 851 προστάτην
912 816 940 842 δὲ
959 817 1040 860 αὐτὸν

249 856 375 889 γενέσθαι
394 857 608 892 παρακαλοῦσιν.
621 860 658 885 Οὐ
673 859 727 895 γὰρ
739 859 836 896 εἶχενή
853 860 932 897 κώμη
946 856 1040 889 δεσπό-

249 909 299 934 την
309 909 315 915 ·
335 901 410 927 αὐτοὶ
426 902 453 928 δὲ
469 900 537 938 ἦσαν
550 903 596 928 καὶ
614 904 742 938 γεωργοὶ,
756 905 802 931 καὶ⁴
814 905 951 933 δεσπόται.
971 907 1040 938 Τοὺς

250 947 299 980 μὲν
317 945 363 973 οὖν
379 947 475 973 ἑκατὸν
488 948 632 983 χρυσίνους
651 949 815 985 ἀφικόμενος
829 951 868 982 εἰς
883 951 932 986 τὴν
951 952 1037 979 πόλιν·
1055 947 1076 975 Β

249 993 351 1026 Ἐμισκ
361 991 429 1028 δὲ’ἧν
443 994 510 1029 αὕτη
522 1002 529 1009 ⁵
541 995 586 1020 καὶ
594 995 748 1030 γνωρίμους
756 996 831 1028 τινὰς
844 997 942 1032 εὑρὼν,
957 1000 1040 1024 ποιεῖ-

247 1044 292 1064 ται
305 1037 445 1073 δάνεισμα.
464 1036 528 1065 Εἶτα
542 1039 590 1075 τὴν
611 1040 706 1075 κώμην
719 1041 892 1075 καταλαϐὼν,
905 1043 976 1070 κατὰ
990 1043 1039 1079 τὴν

247 1083 344 1119 κυρίαν
372 1084 468 1119 πληροῖ
489 1086 537 1120 τὴν
566 1086 721 1120 ὑπόσχεσιν.
747 1086 855 1122 Ταύτην
882 1088 963 1114 αὑτοῦ
990 1090 1038 1125 τὴν

248 1130 366 1164 σπουδὴν
388 1129 572 1165 θεασάμενοι,
601 1132 812 1168 σπουδαιοτέραν
838 1134 1038 1170 προσφέρουσιν

245 1174 320 1209 αὐτῷ
333 1175 380 1210 τὴν
402 1176 583 1212 παράκλησιν.
598 1178 692 1204 Τοῦδὲ
706 1178 784 1205 τοῦτο
801 1180 866 1215 δρᾷν
884 1180 1037 1215 ὑποσχομέ-

245 1228 303 1251 νου,
326 1221 350 1246 εί
368 1221 518 1256 ἐκκλησίαν
537 1223 689 1258 οἰκοδομεῖν
705 1225 913 1259 ἐπαγγείλαιντο
925 1246 932 1259 ,
957 1228 1037 1260 εὐθὺς

245 1265 394 1302 ἐπιχειρεῖν
411 1267 551 1306 ίκέτευον;
569 1269 615 1295 καὶ¹
635 1270 766 1305 περιῆγον
781 1270 827 1297 τὸν
840 1273 974 1308 μακάριον
990 1274 1044 1300 ἄνευ

246 1311 304 1347 δραι,
323 1313 384 1344 τοὺς
396 1313 629 1349 ἐπιτηδειοτέρους
642 1316 740 1348 τόπους
755 1317 965 1351 ἐπιδεικνύντες.
982 1320 1036 1346 Καὶ

245 1358 259 1382 ὀ
278 1358 326 1391 μὲν
340 1358 442 1391 τοῦτον,
467 1359 480 1383 ὁ
505 1359 533 1385 δὲ
547 1360 650 1386 ἐκεῖνον
668 1361 778 1396 ἐπῄνει·
802 1363 983 1399 προελόμενος
1006 1365 1034 1391 δὲ

243 1402 288 1429 τὸν
309 1404 412 1438 ἀμείνω
425 1424 432 1436 ,
459 1405 506 1431 καὶ
527 1405 560 1431 τὰ
583 1405 695 1440 θεμέλια
719 1409 890 1443 καταπήξας,
908 1411 936 1436 ἑν
951 1410 1034 1447 ὀλίγῳ

244 1449 331 1485 χρόνῳ
348 1451 393 1477 τὸν
409 1451 505 1486 ὄροφον
532 1453 697 1487 ὲπιτέθεικε.
727 1455 783 1481 Καὶ
808 1456 858 1490 τῆς
875 1457 1032 1492 οἰκοδομίας

242 1497 390 1532 δεξαμένης
400 1498 430 1524 τὸ
444 1499 540 1534 πέρας,
555 1499 628 1535 ἱερέα
639 1500 766 1533 δέξασθαι
777 1503 937 1538 παρηγγύα.
954 1505 1032 1531 Ἐπεὶ

242 1541 271 1567 δὲ
295 1542 386 1575 ἔλεγον
410 1544 446 1575 ὡς
474 1544 566 1580 ἕτερον
594 1545 644 1572 οὐκ
657 1546 690 1572 ἂν
713 1546 826 1579 ἕλοιντο,
844 1548 968 1576 αὑτὸνδὲ
985 1551 1032 1577 καὶ

243 1587 347 1622 πατέρα
370 1588 417 1614 καὶ
443 1590 561 1624 ποιμένα
588 1587 680 1618 λαϐεῖν
700 1592 828 1624 ἱκέτευον,
853 1594 960 1629 δέχεται
980 1596 1030 1631 τῆς

243 1633 391 1669 ἱερωσύνης
407 1634 456 1669 τὴν
472 1635 561 1670 χάριν.
579 1637 633 1662 Καὶ
649 1637 712 1672 τρία
730 1639 928 1674 συγγενόμενος
938 1640 1029 1672 αὐτοῖς

241 1679 299 1713 ἐτη,
315 1678 361 1705 καὶ
375 1680 443 1714 πρὸς
458 1680 492 1707 τὰ
504 1681 563 1707 θεῖα
579 1682 735 1718 ποδηγήσας
747 1684 847 1717 καλῶς,
863 1685 956 1722 ἕτερον
971 1686 1030 1712 ἀντ’

241 1724 323 1751 αὑτοῦ
344 1725 398 1751 τῶν
412 1726 560 1753 -συνόντων
592 1728 778 1765 προϐληθῆναι
804 1732 1030 1766 παρασκευάσας,

241 1769 322 1796 πάλιν
337 1770 366 1796 τὸ
382 1772 527 1805 μοναχικὸν
551 1773 684 1800 κατέλαῦε
713 1775 895 1810 καταγώγιονῖ
915 1777 969 1802 Καὶ
988 1777 1030 1803 ἵνα

243 1817 280 1851 μὴ
295 1817 382 1842 πάντα
392 1817 426 1844 τὰ
443 1817 546 1845 ἐκείνου
557 1819 733 1855 διηγούμενος
748 1821 853 1856 μακρὸν
868 1821 1029 1861 ὲργάσωμαι

240 1862 269 1888 τὺ
280 1862 411 1898 διήγημα,
424 1865 452 1890 ἐν
466 1865 573 1896 τούτοις
586 1866 739 1901 διαλάμψας
751 1888 757 1898 ,
773 1868 822 1903 τὴν
844 1868 943 1903 Κάρων
961 1869 1027 1895 ὑπο-

239 1909 344 1944 δέχεται
372 1898 526 1944 Ιπροεδρίαν.
555 1911 633 1942 Πόλις
648 1898 675 1937 ai
693 1898 769 1948 ἀὕτη
792 1914 840 1948 τῆς
867 1913 1026 1946 δυσσεϐείας

239 1955 419 1990 περικειμένη
435 1955 482 1990 τὴν
498 1955 592 1991 μέθην,
609 1958 655 1982 κοιλ¹
668 1959 699 1992 τῇ
714 1958 766 1984 τῶν
780 1958 914 1993 δαιμόνων
926 1960 1025 1994 ἑαυτὴν

240 2000 402 2027 ὲκδεδωκυῖα
429 2001 553 2037 βακχείᾳ.
580 2002 659 2028 Ἀλλὰ
687 2003 737 2038 τῆς
765 2004 859 2030 τούτου
886 2005 1023 2040 γεωργίας
1042 2007 1199 2043 ἀξιωθεῖσα,
1232 2015 1280 2041 καὶ
1314 2016 1365 2051 τῆς
1387 2018 1470 2045 αὐτοῦ
1494 2021 1666 2058 διδασκαλίας

241 2046 293 2058 -ΪΑ
320 2047 352 2058 -ν”
409 2048 417 2058 \
483 2057 487 2058 ν
529 2050 534 2058 1
626 2051 630 2058 I
691 2050 724 2058 12-
761 2051 781 2058 o\
823 2051 834 2058 Α
845 2051 850 2058 ι
919 2052 930 2058 ι.
948 2053 954 2058 ι

240 2046 305 2082 πῦρ,
318 2047 371 2073 τῶν
387 2048 436 2083 μὲν
454 2050 592 2085 προτέρων
619 2050 749 2077 ἀκανθῶν
759 2051 890 2087 ἐλευθέρα
917 2052 1043 2087 διέμεινε,
1062 2058 1134 2093 κομᾷ
1151 2059 1179 2086 δὲ
1195 2060 1243 2087 νῦν
1268 2064 1324 2096 τοῖς

239 2092 351 2128 ὼρίμων
364 2093 402 2128 τῷ
419 2094 477 2129 Θεῷ
490 2095 682 2130 προσφέρουσα
691 2096 845 2132 δράγματα.

287 2141 349 2167 Λλλ’
365 2142 414 2168 οὐκ
426 2143 533 2175 ἀπόνως
546 2145 560 2170 ὁ
579 2144 649 2176 θεῖος
675 2146 744 2181 ἀνὴρ
765 2147 813 2183 τὴν
829 2147 903 2174 θείαν
922 2147 1025 2182 ταύτην

238 2188 373 2222 γεωργίαν
389 2189 550 2223 εἰργάσατο·
568 2191 659 2222 πόνοις
673 2192 700 2218 δὲ
713 2193 820 2228 μυρίοις
840 2195 1022 2229 χρησάμενος,

238 2233 284 2258 καὶ
300 2232 353 2259 τῶν
367 2233 400 2259 τα
416 2233 529 2268 σώματα
551 2235 712 2270 θεραπεύειν
733 2239 958 2273 πεπιστευμένων
973 2239 1024 2275 τὴν

236 2277 333 2314 τέχνην
347 2279 524 2315 μιμούμενος,
547 2281 581 2308 τὰ
598 2282 645 2317 μὲν
663 2283 834 2320 παρακλήσει
856 2285 1020 2319 γλυκαίνων,

236 2324 270 2351 τὰ
286 2324 313 2350 δὲ
325 2327 381 2356 τοῖς
392 2326 602 2362 αὐστηροτέροις
612 2328 767 2363 emunitam
779 2330 946 2366 φαρμάκοις,
964 2331 1021 2357 ἐστι

235 2370 262 2397 δὲ
279 2371 344 2397 ὅπου
368 2372 415 2397 καὶ
431 2372 547 2407 τέμνων,
564 2375 611 2400 καὶ
635 2375 730 2408 καίων,
746 2377 795 2412 τὴν
817 2377 911 2411 ὑγείαν
928 2378 1022 2413 είργά-

236 2425 311 2444 σατο.
327 2418 366 2453 Τῇ
380 2418 409 2444 δὲ
424 2418 591 2454 διδασκαλίᾳ,
613 2422 660 2447 καὶ
676 2423 708 2456 τῇ
727 2422 792 2457 ἄλλῃ
806 2423 959 2458 ἐπιμελείᾳ,
976 2424 1022 2451 καὶ

236 2464 264 2490 αἱ
279 2462 324 2490 τοῦ
341 2463 400 2498 βίου
417 2464 588 2499 λαμπηδόνες
609 2467 786 2503 συνηγόρουν.
810 2469 943 2501 Ἐκείναις
966 2471 1021 2506 γὰρ

236 2510 425 2545 φωτιζόμενοι,
437 2511 549 2537 καὶτῶν
557 2511 709 2547 λεγομένων
721 2514 868 2548 ὑπήκουον,
878 2517 925 2542 καὶ
937 2517 971 2543 ἄσ
977 2525 1021 2551 με-

234 2562 275 2580 νοι
289 2554 323 2581 τὰ
336 2554 462 2590 δρώμενα
481 2556 664 2591 κατεδέχοντο.
689 2558 779 2584 Πάντα
803 2559 857 2594 γὰρ
879 2561 928 2594 τῆς
953 2570 1020 2596 προ-

236 2600 328 2636 εδρίας
344 2601 390 2626 τὸν
413 2602 509 2636 χρόνον
520 2623 527 2635 ,
544 2603 669 2637 περιττὸς
686 2604 733 2639 μὲν
750 2603 782 2640 ἦν
801 2605 875 2641 αὐτῷ
896 2607 910 2633 ὁ
926 2607 1017 2642 ἄρτος,

233 2647 360 2681 περιττὸν
375 2647 404 2673 δὲ
417 2647 447 2674 τὸ
465 2647 536 2684 ὕδωρ
546 2669 553 2681 ,
574 2648 709 2684 ἄχρηστος
723 2650 777 2686 δὲὴ
794 2650 882 2687 κλίνη,
905 2653 1018 2689 περιττὴ

233 2691 260 2728 δὲ
274 2693 290 2727 ή
306 2692 352 2719 τοῦ
364 2693 448 2728 πυρὸς
459 2694 546 2730 χρεία.
562 2694 771 2731 ’τεσσαράκοντα
781 2697 830 2731 μὲν
841 2698 894 2733 γὰρ
911 2698 1018 2735 νύκτωρ

233 2738 283 2770 τὰς
308 2739 557 2776 ἀντιφθεγγομένας
583 2741 718 2777 ὑμνῳδίαις
744 2743 873 2779 ἐπλήρου,
894 2745 949 2772 τῶν
974 2746 1018 2772 διὰ

235 2784 480 2820 μέσου’γινομένων
496 2787 654 2823 προσευχῶν
668 2788 850 2822 διπλασιάζων
864 2791 893 2818 τὸ
908 2792 1016 2827 μέτρον·

231 2829 262 2856 τὸ
279 2829 307 2856 δὲ
333 2830 493 2865 λειπόμενον
515 2834 565 2868 τῆς
582 2834 679 2866 νυκτὸς
700 2835 746 2862 ἐπὶ
769 2836 864 2871 θρόνου
885 2839 1016 2874 καθῆστο,

233 2874 318 2910 βραχύ
329 2884 355 2901 τι
368 2875 581 2905 διαναπαύεσθαι
596 2881 769 2916 παραχωρῶν
787 2883 842 2913 τοῖς
859 2883 1014 2919 βλεφάροις.

234 2921 294 2947 Ὀτι
307 2921 356 2956 μὲν
369 2920 415 2948 οὖν
431 2922 480 2948 οὐκ
493 2924 535 2949 ἐπ’
548 2924 622 2960 ἄρτῳ
644 2927 716 2962 μόνῳ
732 2927 842 2964 ζήσεται
862 2930 1016 2965 ἄνθρωπος,

1097 320 1209 349 imitans
1220 341 1228 354 ,
1246 322 1293 357 qui
1308 324 1384 351 cruci
1399 325 1496 355 afﬁxus
1510 329 1622 358 sceleris
1635 337 1778 362 auctorum
1792 343 1886 363 curam

1096 366 1201 400 gessit,
1221 372 1366 397 exactores
1384 371 1446 399 illos
1461 374 1560 401 orabat
1577 380 1605 402 ut
1626 377 1774 407 illationem
1792 382 1888 410 Imma-

1096 412 1160 440 nius
1183 414 1335 449 exigerent.
1361 416 1393 453 Et
1419 425 1482 446 curn
1507 420 1545 447 illi
1572 421 1749 457 fidejussnres
1765 427 1887 463 ﬂagitas—

1097 462 1159 485 sent
1173 478 1180 491 ,
1197 459 1407 490 advocationem
1429 465 1503 491 ultro
1516 469 1651 502 suscepit,
1668 476 1693 497 et
1709 479 1806 501 aureos
1821 482 1887 503 cen-

1095 507 1151 531 tum
1169 506 1240 533 intra
1257 514 1361 542 paucos
1383 509 1442 537 dies
1457 511 1584 540 daturum
1598 522 1628 542 se
1641 518 1776 550 promisit.
1792 521 1886 549 Admi-

1095 553 1188 577 rantes
1202 555 1293 583 autem
1307 561 1390 588 supra
1404 555 1527 588 tnodum,
1548 558 1594 592 qui
1605 559 1666 587 dira
1680 561 1726 588 illa
1745 570 1886 599 perpetra-

1067 623 1070 626 ,
1094 599 1169 628 rant,
1189 597 1240 624 viri
1255 597 1465 632 humanitatem,
1481 603 1588 631 veniam
1598 605 1631 632 de
1639 606 1767 636 admissis
1778 616 1884 646 petunt,

1094 645 1231 676 orantque
1254 647 1283 670 ut
1303 644 1370 678 ipsis
1385 645 1523 675 dominari
1542 656 1574 676 ac
1591 658 1709 684 praeesse
1731 655 1804 689 velit.
1830 656 1884 684 Do—

1093 686 1197 714 minum
1215 689 1288 716 enim
1303 690 1380 719 vicus
1396 693 1499 720 nullum
1516 694 1651 729 habebat,
1667 699 1714 726 sed
1735 700 1815 728 iidem
1833 702 1883 737 ipsi

1092 730 1120 757 e't
1132 732 1262 766 agricola:
1279 740 1379 769 erant,
1399 741 1426 764 et
1450 738 1567 768 domini.
1587 738 1703 770 Centum
1729 745 1811 780 igitur
1834 757 1883 775 au-

1092 783 1154 804 reos
1174 777 1299 807 Entesam
1329 781 1356 808 in
1378 783 1473 811 urbem
1498 787 1653 822 profectus,
1681 797 1695 816 a
1717 789 1902 826 quibusdam-

1091 818 1160 857 quos
1192 831 1330 859 repererat
1360 829 1545 860 familiaribus
1580 839 1692 864 mutuos
1718 839 1727 849 ‘
1754 841 1879 880 accepit.

1092 871 1115 880 ι..
1139 868 1171 880 ,ιρι
1203 870 1264 880 -.εην
1500 877 1515 880 υ

1090 871 1118 895 et
1139 868 1171 896 ad
1203 870 1296 899 vicum
1328 881 1456 904 reversus
1489 877 1534 905 die
1565 880 1675 914 pratfixa
1704 869 1880 918 promissioni

1091 915 1232 943 satisfecit.
1248 917 1334 950 Quam
1351 921 1410 955 ejus
1427 922 1596 958 diligentiam
1617 915 1754 958 intuentes
1769 930 1880 968 (vicani)

1771 959 1778 966 ι
1872 959 1879 968 ι

1092 959 1253 993 petitionem
1271 971 1349 991 suam
1370 966 1600 998 iteranlenixius.
1618 972 1651 1000 Et
1667 981 1728 1001 cum
1746 975 1880 1005 facturum

1091 1012 1121 1031 sc
1144 1007 1313 1042 recepisset,
1337 1011 1359 1037 si
1376 1013 1524 1041 ecclesiam
1548 1016 1732 1049 aediﬁcaturus
1753 1030 1782 1049 se
1797 1031 1881 1058 spon-

1090 1049 1188 1078 derent
1203 1072 1210 1084 ,
1225 1061 1358 1089 rogarunt
1383 1063 1413 1085 ut
1430 1060 1522 1087 statim
1540 1062 1673 1098 inciperet
1688 1088 1695 1099 ,
1718 1049 1881 1104 beatumque

1089 1097 1179 1124 virum
1196 1106 1245 1134 per
1267 1101 1444 1138 circutnjecta
1459 1105 1517 1133 loca
1533 1097 1664 1139 ducentes
1676 1131 1683 1142 .
1702 1121 1762 1147 qua:
1774 1116 1878 1150 aptiora

1089 1141 1178 1170 forent
1200 1145 1369 1176 indicabant.
1398 1150 1430 1177 Et
1451 1159 1513 1180 cum
1535 1154 1579 1182 hic
1595 1156 1670 1185 illum
1713 1160 1781 1188 alter
1791 1141 1878 1190 alium

1089 1189 1234 1226 laudaret,
1254 1193 1299 1221 ille
1321 1197 1455 1230 optimum
1481 1200 1625 1237 deligens,
1652 1209 1679 1231 et
1703 1205 1878 1236 fundamenta

1085 1233 1192 1268 jaciens
1208 1256 1215 1269 ,
1242 1237 1319 1266 breri
1348 1243 1480 1277 temporis
1511 1233 1599 1280 spatio
1619 1233 1720 1276 tectum
1736 1251 1876 1286 imposuit.

1087 1279 1214 1309 Perfecto
1236 1284 1369 1318 aedilicio,
1391 1288 1533 1317 admonuit
1554 1297 1584 1319 ut
1608 1295 1778 1324 sacerdotem
1799 1305 1877 1326 crea-

1087 1332 1158 1353 rent.
1177 1329 1210 1355 Et
1226 1337 1287 1356 cum
1303 1332 1386 1359 alium
1405 1342 1435 1361 se
1451 1343 1592 1364 creaturos
1607 1346 1755 1374 negarent,
1775 1343 1877 1377 ipsum-

1070 1380 1139 1407 .quc
1150 1379 1176 1401 et
1189 1379 1294 1409 patrem
1312 1382 1338 1404 et
1356 1384 1491 1412 pastorem
1507 1383 1609 1411 habere.
1623 1391 1768 1420 optarent,
1783 1396 1877 1417 sacer-

1085 1417 1152 1445 dotii
1187 1421 1303 1454 gratiam
1327 1426 1457 1460 percepit.
1473 1426 1541 1455 Tres
1553 1437 1614 1456 cum
1632 1430 1686 1458 illis
1706 1439 1793 1461 annos
1815 1442 1875 1462 cum

1083 1463 1206 1497 egisset,
1225 1473 1328 1501 eosque
1341 1468 1366 1495 in
1383 1470 1465 1498 rebus
1481 1472 1582 1501 divinis
1595 1477 1725 1509 praeclare
1740 1478 1877 1508 instituis-

1084 1511 1140 1541 set,
1156 1513 1239 1544 atque
1255 1511 1374 1539 alterum
1391 1522 1424 1541 ex
1441 1517 1524 1544 sociis
1539 1525 1589 1545 suo
1601 1519 1662 1547 loco
1677 1521 1875 1558 designandum

1083 1560 1223 1589 curasset,
1256 1558 1289 1584 ad
1316 1561 1500 1589 monasticum
1521 1563 1705 1594 diversorium
1729 1569 1827 1596 iterum
1847 1579 1876 1598 se

1083 1601 1221 1634 contulit,
1246 1610 1282 1638 lac
1299 1612 1334 1632 ne
1361 1606 1477 1641 singulis
1502 1609 1562 1644 ejus
1587 1612 1671 1640 rebus
1699 1617 1875 1644 recensendis

1082 1643 1234 1680 longiorem
1257 1650 1445 1679 narrationem
1472 1643 1606 1688 efficiam,
1631 1657 1673 1685 Itis
1692 1651 1782 1693 gestis
1813 1662 1873 1688 illu-

1080 1691 1162 1723 stris,
1194 1693 1302 1730 1226
1317 1695 1466 1725 Carrarum
1493 1700 1523 1726 tit
1549 1702 1680 1744 potitife}.
1699 1691 1873 1733 VErataulcm

1083 1735 1181 1764 civitas
1209 1738 1255 1765 illa
1282 1740 1433 1776 impietatis
1450 1745 1526 1772 ebria
1545 1735 1703 1781 erroribus,
1728 1758 1759 1777 ac
1776 1751 1876 1780 dwmo-

1080 1787 1145 1807 num
1159 1781 1251 1809 dedita
1269 1784 1365 1813 furori.
1385 1787 1437 1815 Sed
1455 1794 1598 1824 postquam
1617 1792 1700 1826 hujus
1721 1796 1870 1830 agricultu-

1084 1832 1142 1852 ram
1170 1831 1322 1862 promeruit
1345 1832 1533 1870 doctrina‘que
1553 1837 1626 1865 illius
1647 1839 1783 1868 flammam
1806 1849 1874 1870 con-

1081 1871 1171 1905 ccpit,
1197 1878 1223 1900 et
1239 1876 1367 1909 pristinis
1383 1881 1510 1909 sentibus
1535 1883 1620 1911 libera
1633 1888 1748 1921 mansit,
1769 1893 1796 1916 et
1811 1889 1873 1925 Spi-

1081 1916 1151 1944 ritus
1178 1922 1318 1955 segetibus
1333 1932 1407 1951 nunc
1424 1927 1564 1962 abundat,
1594 1935 1718 1961 maturos
1733 1935 1870 1969 spicarum

1081 1963 1135 1991 Deo
1151 1965 1274 1996 referens
1290 1971 1454 2005 manipulos.

1689 2027 1821 2064 δεξαμένη
1841 2029 1870 2055 τὸ

1344 2064 1428 2101 ληΐοις
1453 2068 1499 2094 τοῦ
1523 2071 1703 2108 ’Πνεύματος,
1728 2076 1869 2112 ἀσταχύων

1113 2149 1147 2176 At
1175 2159 1228 2179 non
1250 2155 1309 2183 sine
1333 2157 1426 2186 labore
1451 2160 1492 2187 vir
1515 2168 1628 2192 sanctus
1655 2166 1775 2196 divinam
1798 2171 1867 2200 hanc

1055 2219 1057 2222 .
1078 2197 1274 2230 agriculturam
1287 2205 1411 2231 exercuit
1424 2215 1430 2232 :
1442 2207 1488 2234 sed
1505 2208 1614 2238 labores
1631 2213 1773 2246 perferens
1785 2216 1866 2244 innu—

1078 2250 1178 2277 meros,
1199 2254 1352 2283 eorumque
1368 2256 1453 2279 artem
1470 2253 1592 2289 imitans,
1606 2258 1706 2292 quibus
1720 2268 1864 2296 corporutn

1038 2308 1060 2335 Β
1077 2289 1180 2317 credita
1193 2297 1234 2319 est
1247 2296 1364 2329 curatio,
1378 2305 1451 2325 nunc
1462 2300 1541 2327 exlio:
1551 2303 1653 2331 talione
1663 2305 1778 2339 leniens,
1791 2317 1864 2336 nunc

1075 2337 1187 2364 acribus
1211 2340 1365 2376 astrin‘gens
1385 2344 1553 2380 pharmacis,
1578 2349 1714 2378 interdum
1733 2360 1816 2381 urens
1831 2363 1864 2381 ac

1074 2389 1183 2415 secans,
1198 2384 1231 2410 ad
1251 2385 1320 2413 hanc
1334 2388 1477 2416 sanitatem
1491 2392 1628 2425 perduxit.
1647 2394 1782 2425 Doctrina:
1799 2407 1864 2427 vero

1073 2431 1099 2454 ct
1117 2432 1222 2457 cetera:
1238 2429 1384 2467 diligentiae
1403 2435 1462 2462 vitae
1479 2444 1587 2472 quoque
1605 2440 1707 2468 lumina
1727 2443 1858 2480 suifraga-

1073 2473 1184 2502 bantur.
1208 2475 1256 2504 ilis
1276 2478 1347 2505 enirn
1372 2480 1517 2509 illuminati
1542 2489 1569 2511 et
1591 2488 1778 2521 sequebantur
1802 2500 1863 2526 qua:

1072 2520 1143 2548 dicta
1161 2521 1269 2550 fuerant
1280 2544 1286 2554 ,
1303 2528 1330 2551 et
1343 2534 1403 2560 qum
1419 2527 1521 2556 fiebant
1537 2530 1654 2560 libenter
1676 2520 1860 2571 accipiebant.

1072 2565 1199 2598 Quandiu
1216 2569 1287 2596 enim
1305 2571 1420 2600 antistes
1438 2573 1499 2606 fuit,
1517 2583 1740 2611 supervacaneus
1758 2583 1797 2609 illi
1813 2591 1860 2618 pa-

1072 2612 1114 2638 nis
1128 2612 1190 2644 fuit,
1209 2621 1412 2649 supervacanea
1426 2618 1491 2647 item
1512 2629 1593 2656 aqua,
1618 2625 1723 2654 inutilis
1749 2636 1859 2657 rursum

1071 2656 1168 2690 lectus,
1185 2665 1211 2687 et
1222 2661 1380 2691 redundans
1394 2673 1461 2693 usus
1475 2666 1556 2701 ignisl
1575 2668 1762 2707 Quadraginta
1777 2680 1860 2702 noctu

1071 2704 1191 2733 alternas
1205 2706 1369 2742 bymnodias
1378 2712 1515 2746 explebat,
1529 2714 1736 2750 intt-rjeclarum
1749 2728 1859 2754 precum

1071 2759 1228 2779 mensuram
1251 2756 1465 2790 congeminans,
1492 2760 1597 2795 reliquo
1618 2755 1706 2792 noctis
1725 2767 1814 2800 spatio
1832 2768 1859 2795 in

1071 2797 1136 2823 sella
1155 2800 1301 2828 considens
1315 2801 1422 2829 brevem
1440 2804 1558 2839 quietem
1575 2807 1713 2842 palpebris
1725 2812 1858 2839 concede-

1069 2843 1125 2871 bat.
1145 2843 1224 2877 Quod
1247 2846 1330 2881 igitur
1354 2848 1381 2876 in
1407 2850 1465 2877 solo
1487 2858 1556 2885 pane
1583 2861 1637 2881 non
1661 2855 1734 2883 vivat
1759 2857 1856 2889 homo,

1069 2888 1137 2916 dixit
1154 2889 1219 2917 olim
1237 2890 1327 2919 Moses
1343 2893 1493 2928 legislator,
1511 2895 1633 2932 dictique
1645 2897 1727 2934 hujus
1737 2901 1857 2928 mentio-

1069 2942 1131 2962 nem
1155 2935 1219 2964 fecit
1240 2936 1406 2972 Dominus.‘
1429 2949 1491 2969 cum
1510 2942 1611 2970 diaboli
1632 2946 1855 2978 provocationem
