  <div class='ocr_page' id='page_1' title='image "/cluster/home/n/w/nwhite01/storage/ocr_20150623/82/njp.32101077772802/775.png"; bbox 0 0 2064 3120; ppageno 0'>
   <div class='ocr_carea' id='block_1_1' title="bbox 196 206 262 240">
    <p class='ocr_par' dir='ltr' id='par_1_1' title="bbox 196 206 262 240">
     <span class='ocr_line' id='line_1_1' title="bbox 196 206 262 240; baseline 0.03 -2"><span class='ocrx_word' id='word_1_1' title='bbox 196 206 262 240; x_wconf 76' lang='grc'><strong>1427</strong></span> 
     </span>
    </p>
   </div>
   <div class='ocr_carea' id='block_1_2' title="bbox 696 201 1333 240">
    <p class='ocr_par' dir='ltr' id='par_1_2' title="bbox 696 201 1333 240">
     <span class='ocr_line' id='line_1_2' title="bbox 696 201 1333 240; baseline -0.008 1"><span class='ocrx_word' id='word_1_2' title='bbox 696 201 944 240; x_wconf 77' lang='grc' dir='ltr'><strong>ΤΗΕΟΒΟΒΕΤΪ</strong></span> <span class='ocrx_word' id='word_1_3' title='bbox 961 208 1131 239; x_wconf 85' lang='lat' dir='ltr'><strong>EPISCOPI</strong></span> <span class='ocrx_word' id='word_1_4' title='bbox 1149 207 1333 239; x_wconf 76' lang='lat' dir='ltr'><strong>CYBENSIS</strong></span> 
     </span>
    </p>
   </div>
   <div class='ocr_carea' id='block_1_3' title="bbox 1750 200 1816 232">
    <p class='ocr_par' dir='ltr' id='par_1_3' title="bbox 1750 200 1816 232">
     <span class='ocr_line' id='line_1_3' title="bbox 1750 200 1816 232; baseline 0 0"><span class='ocrx_word' id='word_1_5' title='bbox 1750 200 1816 232; x_wconf 76' lang='grc'><strong>1428</strong></span> 
     </span>
    </p>
   </div>
   <div class='ocr_carea' id='block_1_4' title="bbox 196 258 984 299">
    <p class='ocr_par' dir='ltr' id='par_1_4' title="bbox 196 264 981 299">
     <span class='ocr_line' id='line_1_4' title="bbox 196 264 981 299; baseline -0.001 -6"><span class='ocrx_word' id='word_1_6' title='bbox 196 266 276 293; x_wconf 85' lang='lat' dir='ltr'><strong>batur</strong></span> <span class='ocrx_word' id='word_1_7' title='bbox 287 264 408 299; x_wconf 81' lang='lat' dir='ltr'><strong>quidem,</strong></span> <span class='ocrx_word' id='word_1_8' title='bbox 425 266 471 293; x_wconf 83' lang='lat' dir='ltr'><strong>sed</strong></span> <span class='ocrx_word' id='word_1_9' title='bbox 485 264 518 293; x_wconf 78' lang='lat' dir='ltr'><strong>ab</strong></span> <span class='ocrx_word' id='word_1_10' title='bbox 536 266 577 294; x_wconf 80' lang='lat' dir='ltr'><strong>eis</strong></span> <span class='ocrx_word' id='word_1_11' title='bbox 590 273 644 293; x_wconf 92' lang='lat' dir='ltr'><strong>non</strong></span> <span class='ocrx_word' id='word_1_12' title='bbox 660 266 837 294; x_wconf 82' lang='lat' dir='ltr'><strong>cernebatur.</strong></span> <span class='ocrx_word' id='word_1_13' title='bbox 852 265 898 293; x_wconf 89' lang='lat' dir='ltr'><strong>Sic</strong></span> <span class='ocrx_word' id='word_1_14' title='bbox 910 265 981 292; x_wconf 89' lang='lat' dir='ltr'><strong>enim</strong></span> 
     </span>
    </p>
   </div>
   <div class='ocr_carea' id='block_1_5' title="bbox 1035 258 1817 299">
    <p class='ocr_par' dir='ltr' id='par_1_5' title="bbox 1035 258 1817 296">
     <span class='ocr_line' id='line_1_5' title="bbox 1035 258 1817 296; baseline -0.01 -5"><span class='ocrx_word' id='word_1_15' title='bbox 1035 264 1087 291; x_wconf 77' lang='grc' dir='ltr'><strong>ἀπὸ</strong></span> <span class='ocrx_word' id='word_1_16' title='bbox 1117 264 1170 290; x_wconf 86' lang='grc' dir='ltr'>τῶν</span> <span class='ocrx_word' id='word_1_17' title='bbox 1203 263 1282 290; x_wconf 89' lang='grc' dir='ltr'>θείων</span> <span class='ocrx_word' id='word_1_18' title='bbox 1309 261 1409 296; x_wconf 86' lang='grc' dir='ltr'>λογίων</span> <span class='ocrx_word' id='word_1_19' title='bbox 1442 259 1614 287; x_wconf 67' lang='grc' dir='ltr'><strong>διδασκαλίαν</strong></span> <span class='ocrx_word' id='word_1_20' title='bbox 1647 258 1817 294; x_wconf 69' lang='grc' dir='ltr'>προσφέρων,</span> 
     </span>
    </p>
   </div>
   <div class='ocr_carea' id='block_1_6' title="bbox 195 313 983 350">
    <p class='ocr_par' dir='ltr' id='par_1_6' title="bbox 195 313 983 350">
     <span class='ocr_line' id='line_1_6' title="bbox 195 313 983 350; baseline 0.001 -11"><span class='ocrx_word' id='word_1_21' title='bbox 195 317 369 348; x_wconf 76' lang='lat' dir='ltr'><strong>prospexerat</strong></span> <span class='ocrx_word' id='word_1_22' title='bbox 387 313 581 349; x_wconf 80' lang='lat' dir='ltr'><strong>:indideinquc</strong></span> <span class='ocrx_word' id='word_1_23' title='bbox 593 315 722 350; x_wconf 75' lang='lat' dir='ltr'><strong>exiguum</strong></span> <span class='ocrx_word' id='word_1_24' title='bbox 738 314 813 341; x_wconf 93' lang='lat' dir='ltr'><strong>illum</strong></span> <span class='ocrx_word' id='word_1_25' title='bbox 829 314 920 341; x_wconf 87' lang='lat' dir='ltr'><strong>cibum</strong></span> <span class='ocrx_word' id='word_1_26' title='bbox 939 322 983 341; x_wconf 90' lang='lat' dir='ltr'><strong>ac-</strong></span> 
     </span>
    </p>
   </div>
   <div class='ocr_carea' id='block_1_7' title="bbox 197 358 983 395">
    <p class='ocr_par' dir='ltr' id='par_1_7' title="bbox 197 358 983 395">
     <span class='ocr_line' id='line_1_7' title="bbox 197 358 983 395; baseline 0.003 -10"><span class='ocrx_word' id='word_1_27' title='bbox 197 359 326 393; x_wconf 84' lang='lat' dir='ltr'><strong>cipiebat.</strong></span> <span class='ocrx_word' id='word_1_28' title='bbox 343 358 462 386; x_wconf 81' lang='lat' dir='ltr'><strong>Rursum</strong></span> <span class='ocrx_word' id='word_1_29' title='bbox 479 368 543 387; x_wconf 81' lang='lat' dir='ltr'><strong>vero</strong></span> <span class='ocrx_word' id='word_1_30' title='bbox 559 361 676 388; x_wconf 90' lang='lat' dir='ltr'><strong>aliorum</strong></span> <span class='ocrx_word' id='word_1_31' title='bbox 693 361 817 388; x_wconf 90' lang='lat' dir='ltr'><strong>omnium</strong></span> <span class='ocrx_word' id='word_1_32' title='bbox 835 360 983 395; x_wconf 84' lang='lat' dir='ltr'><strong>colloquiis</strong></span> 
     </span>
    </p>
   </div>
   <div class='ocr_carea' id='block_1_8' title="bbox 194 404 984 441">
    <p class='ocr_par' dir='ltr' id='par_1_8' title="bbox 194 404 984 441">
     <span class='ocr_line' id='line_1_8' title="bbox 194 404 984 441; baseline 0.004 -11"><span class='ocrx_word' id='word_1_33' title='bbox 194 404 326 435; x_wconf 75' lang='lat' dir='ltr'><strong>exclusis,</strong></span> <span class='ocrx_word' id='word_1_34' title='bbox 349 412 393 432; x_wconf 90' lang='lat' dir='ltr'><strong>me</strong></span> <span class='ocrx_word' id='word_1_35' title='bbox 419 413 502 432; x_wconf 91' lang='lat' dir='ltr'><strong>unum</strong></span> <span class='ocrx_word' id='word_1_36' title='bbox 519 406 564 433; x_wconf 85' lang='lat' dir='ltr'><strong>illa</strong></span> <span class='ocrx_word' id='word_1_37' title='bbox 585 406 659 433; x_wconf 91' lang='lat' dir='ltr'><strong>dulci</strong></span> <span class='ocrx_word' id='word_1_38' title='bbox 684 405 796 441; x_wconf 87' lang='lat' dir='ltr'><strong>Deoque</strong></span> <span class='ocrx_word' id='word_1_39' title='bbox 821 410 899 440; x_wconf 72' lang='lat' dir='ltr'><strong>grata</strong></span> <span class='ocrx_word' id='word_1_40' title='bbox 915 413 984 433; x_wconf 86' lang='lat' dir='ltr'><strong>voce</strong></span> 
     </span>
    </p>
   </div>
   <div class='ocr_carea' id='block_1_9' title="bbox 194 449 984 484">
    <p class='ocr_par' dir='ltr' id='par_1_9' title="bbox 194 449 984 484">
     <span class='ocr_line' id='line_1_9' title="bbox 194 449 984 484; baseline 0.006 -10"><span class='ocrx_word' id='word_1_41' title='bbox 194 449 365 484; x_wconf 78' lang='lat' dir='ltr'><strong>dignabatur,</strong></span> <span class='ocrx_word' id='word_1_42' title='bbox 381 454 407 477; x_wconf 88' lang='lat' dir='ltr'><strong>et</strong></span> <span class='ocrx_word' id='word_1_43' title='bbox 421 451 498 478; x_wconf 82' lang='lat' dir='ltr'><strong>abire</strong></span> <span class='ocrx_word' id='word_1_44' title='bbox 515 452 650 479; x_wconf 87' lang='lat' dir='ltr'><strong>volentem</strong></span> <span class='ocrx_word' id='word_1_45' title='bbox 666 452 822 479; x_wconf 77' lang='lat' dir='ltr'><strong>diutissime</strong></span> <span class='ocrx_word' id='word_1_46' title='bbox 851 452 884 479; x_wconf 90' lang='lat' dir='ltr'><strong>de</strong></span> <span class='ocrx_word' id='word_1_47' title='bbox 901 451 984 479; x_wconf 70' lang='lat' dir='ltr'><strong>coale-</strong></span> 
     </span>
    </p>
   </div>
   <div class='ocr_carea' id='block_1_10' title="bbox 195 495 983 525">
    <p class='ocr_par' dir='ltr' id='par_1_10' title="bbox 195 495 983 525">
     <span class='ocr_line' id='line_1_10' title="bbox 195 495 983 525; baseline 0.005 -4"><span class='ocrx_word' id='word_1_48' title='bbox 195 495 287 522; x_wconf 72' lang='lat' dir='ltr'><strong>stibus</strong></span> <span class='ocrx_word' id='word_1_49' title='bbox 302 496 385 523; x_wconf 84' lang='lat' dir='ltr'><strong>rebus</strong></span> <span class='ocrx_word' id='word_1_50' title='bbox 401 497 542 524; x_wconf 78' lang='lat' dir='ltr'><strong>disserens</strong></span> <span class='ocrx_word' id='word_1_51' title='bbox 559 498 708 525; x_wconf 70' lang='lat' dir='ltr'><strong>detinebat.</strong></span> <span class='ocrx_word' id='word_1_52' title='bbox 726 497 778 525; x_wconf 85' lang='lat' dir='ltr'><strong>Sed</strong></span> <span class='ocrx_word' id='word_1_53' title='bbox 797 505 858 525; x_wconf 92' lang='lat' dir='ltr'><strong>cum</strong></span> <span class='ocrx_word' id='word_1_54' title='bbox 869 497 902 524; x_wconf 86' lang='lat' dir='ltr'><strong>ad</strong></span> <span class='ocrx_word' id='word_1_55' title='bbox 921 505 983 525; x_wconf 91' lang='lat' dir='ltr'><strong>eum</strong></span> 
     </span>
    </p>
   </div>
   <div class='ocr_carea' id='block_1_11' title="bbox 195 535 984 578">
    <p class='ocr_par' dir='ltr' id='par_1_11' title="bbox 195 535 984 578">
     <span class='ocr_line' id='line_1_11' title="bbox 195 535 984 578; baseline 0.005 -12"><span class='ocrx_word' id='word_1_56' title='bbox 195 539 365 568; x_wconf 78' lang='lat' dir='ltr'><strong>cmiﬂilerent</strong></span> <span class='ocrx_word' id='word_1_57' title='bbox 379 543 468 575; x_wconf 90' lang='lat' dir='ltr'><strong>multi,</strong></span> <span class='ocrx_word' id='word_1_58' title='bbox 485 551 516 570; x_wconf 77' lang='lat' dir='ltr'><strong>ac</strong></span> <span class='ocrx_word' id='word_1_59' title='bbox 524 535 722 571; x_wconf 72' lang='lat' dir='ltr'><strong>benedictionis</strong></span> <span class='ocrx_word' id='word_1_60' title='bbox 737 543 839 570; x_wconf 87' lang='lat' dir='ltr'><strong>donum</strong></span> <span class='ocrx_word' id='word_1_61' title='bbox 850 550 984 578; x_wconf 76' lang='lat' dir='ltr'><strong>exposce-</strong></span> 
     </span>
    </p>
   </div>
   <div class='ocr_carea' id='block_1_12' title="bbox 196 587 983 620">
    <p class='ocr_par' dir='ltr' id='par_1_12' title="bbox 196 587 983 620">
     <span class='ocr_line' id='line_1_12' title="bbox 196 587 983 620; baseline 0.006 -9"><span class='ocrx_word' id='word_1_62' title='bbox 196 589 268 618; x_wconf 89' lang='lat' dir='ltr'><strong>rent,</strong></span> <span class='ocrx_word' id='word_1_63' title='bbox 284 587 429 614; x_wconf 90' lang='lat' dir='ltr'><strong>tumultum</strong></span> <span class='ocrx_word' id='word_1_64' title='bbox 458 588 530 615; x_wconf 89' lang='lat' dir='ltr'><strong>hunc</strong></span> <span class='ocrx_word' id='word_1_65' title='bbox 545 590 659 616; x_wconf 86' lang='lat' dir='ltr'><strong>moleste</strong></span> <span class='ocrx_word' id='word_1_66' title='bbox 675 591 682 599; x_wconf 91' lang='lat'><strong>&#39;</strong></span> <span class='ocrx_word' id='word_1_67' title='bbox 697 589 798 620; x_wconf 86' lang='lat' dir='ltr'><strong>ferens,</strong></span> <span class='ocrx_word' id='word_1_68' title='bbox 825 589 900 616; x_wconf 85' lang='lat' dir='ltr'><strong>nulla‘</strong></span> <span class='ocrx_word' id='word_1_69' title='bbox 914 589 983 616; x_wconf 87' lang='lat' dir='ltr'><strong>senii</strong></span> 
     </span>
    </p>
   </div>
   <div class='ocr_carea' id='block_1_13' title="bbox 196 630 982 670">
    <p class='ocr_par' dir='ltr' id='par_1_13' title="bbox 196 630 982 670">
     <span class='ocr_line' id='line_1_13' title="bbox 196 630 982 670; baseline 0.005 -14"><span class='ocrx_word' id='word_1_70' title='bbox 196 630 239 657; x_wconf 87' lang='lat' dir='ltr'><strong>sui</strong></span> <span class='ocrx_word' id='word_1_71' title='bbox 269 631 360 659; x_wconf 83' lang='lat' dir='ltr'><strong>habita</strong></span> <span class='ocrx_word' id='word_1_72' title='bbox 386 634 503 666; x_wconf 85' lang='lat' dir='ltr'><strong>ratione,</strong></span> <span class='ocrx_word' id='word_1_73' title='bbox 523 642 573 661; x_wconf 90' lang='lat' dir='ltr'><strong>nec</strong></span> <span class='ocrx_word' id='word_1_74' title='bbox 596 639 740 670; x_wconf 77' lang='lat' dir='ltr'><strong>urgentem</strong></span> <span class='ocrx_word' id='word_1_75' title='bbox 769 634 982 662; x_wconf 82' lang='lat' dir='ltr'><strong>imbecillitatem</strong></span> 
     </span>
    </p>
   </div>
   <div class='ocr_carea' id='block_1_14' title="bbox 196 677 983 715">
    <p class='ocr_par' dir='ltr' id='par_1_14' title="bbox 196 677 983 715">
     <span class='ocr_line' id='line_1_14' title="bbox 196 677 983 715; baseline 0.008 -13"><span class='ocrx_word' id='word_1_76' title='bbox 196 677 385 711; x_wconf 85' lang='lat' dir='ltr'><strong>considerans,</strong></span> <span class='ocrx_word' id='word_1_77' title='bbox 404 681 552 707; x_wconf 83' lang='lat' dir='ltr'><strong>maceriam</strong></span> <span class='ocrx_word' id='word_1_78' title='bbox 573 681 704 712; x_wconf 86' lang='lat' dir='ltr'><strong>transilit,</strong></span> <span class='ocrx_word' id='word_1_79' title='bbox 725 689 758 708; x_wconf 87' lang='lat' dir='ltr'><strong>ne</strong></span> <span class='ocrx_word' id='word_1_80' title='bbox 789 681 892 715; x_wconf 82' lang='lat' dir='ltr'><strong>vegetis</strong></span> <span class='ocrx_word' id='word_1_81' title='bbox 922 680 983 714; x_wconf 87' lang='lat' dir='ltr'><strong>qui-</strong></span> 
     </span>
    </p>
   </div>
   <div class='ocr_carea' id='block_1_15' title="bbox 196 720 982 758">
    <p class='ocr_par' dir='ltr' id='par_1_15' title="bbox 196 720 982 758">
     <span class='ocr_line' id='line_1_15' title="bbox 196 720 982 758; baseline 0.003 -11"><span class='ocrx_word' id='word_1_82' title='bbox 196 720 257 748; x_wconf 85' lang='lat' dir='ltr'><strong>dem</strong></span> <span class='ocrx_word' id='word_1_83' title='bbox 273 726 301 749; x_wconf 88' lang='lat' dir='ltr'><strong>ct</strong></span> <span class='ocrx_word' id='word_1_84' title='bbox 317 723 437 750; x_wconf 77' lang='lat' dir='ltr'><strong>robustis</strong></span> <span class='ocrx_word' id='word_1_85' title='bbox 458 731 575 751; x_wconf 81' lang='lat' dir='ltr'><strong>ascensu</strong></span> <span class='ocrx_word' id='word_1_86' title='bbox 600 724 708 752; x_wconf 80' lang='lat' dir='ltr'><strong>facilem</strong></span> <span class='ocrx_word' id='word_1_87' title='bbox 726 729 752 752; x_wconf 87' lang='lat' dir='ltr'><strong>et</strong></span> <span class='ocrx_word' id='word_1_88' title='bbox 767 723 799 750; x_wconf 83' lang='lat' dir='ltr'><strong>ad</strong></span> <span class='ocrx_word' id='word_1_89' title='bbox 827 723 982 758; x_wconf 82' lang='lat' dir='ltr'><strong>proximum</strong></span> 
     </span>
    </p>
   </div>
   <div class='ocr_carea' id='block_1_16' title="bbox 196 769 982 805">
    <p class='ocr_par' dir='ltr' id='par_1_16' title="bbox 196 769 982 805">
     <span class='ocr_line' id='line_1_16' title="bbox 196 769 982 805; baseline 0.001 -11"><span class='ocrx_word' id='word_1_90' title='bbox 196 772 348 795; x_wconf 82' lang='lat' dir='ltr'><strong>ascelarum</strong></span> <span class='ocrx_word' id='word_1_91' title='bbox 366 769 468 804; x_wconf 77' lang='lat'><strong>1231</strong></span> <span class='ocrx_word' id='word_1_92' title='bbox 483 775 582 799; x_wconf 67' lang='lat' dir='ltr'><strong>coetum</strong></span> <span class='ocrx_word' id='word_1_93' title='bbox 598 769 748 805; x_wconf 85' lang='lat' dir='ltr'><strong>profectus,</strong></span> <span class='ocrx_word' id='word_1_94' title='bbox 764 777 904 804; x_wconf 87' lang='lat' dir='ltr'><strong>parvaque</strong></span> <span class='ocrx_word' id='word_1_95' title='bbox 921 776 982 795; x_wconf 89' lang='lat' dir='ltr'><strong>rur-</strong></span> 
     </span>
    </p>
   </div>
   <div class='ocr_carea' id='block_1_17' title="bbox 197 815 982 850">
    <p class='ocr_par' dir='ltr' id='par_1_17' title="bbox 197 815 982 850">
     <span class='ocr_line' id='line_1_17' title="bbox 197 815 982 850; baseline 0 -10"><span class='ocrx_word' id='word_1_96' title='bbox 197 821 259 840; x_wconf 80' lang='lat' dir='ltr'><strong>sum</strong></span> <span class='ocrx_word' id='word_1_97' title='bbox 278 815 398 842; x_wconf 83' lang='lat' dir='ltr'><strong>maceria</strong></span> <span class='ocrx_word' id='word_1_98' title='bbox 419 815 496 849; x_wconf 82' lang='lat' dir='ltr'><strong>juxta</strong></span> <span class='ocrx_word' id='word_1_99' title='bbox 513 815 583 842; x_wconf 88' lang='lat' dir='ltr'><strong>muri</strong></span> <span class='ocrx_word' id='word_1_100' title='bbox 603 815 731 850; x_wconf 83' lang='lat' dir='ltr'><strong>angulum</strong></span> <span class='ocrx_word' id='word_1_101' title='bbox 747 818 898 846; x_wconf 78' lang='lat' dir='ltr'><strong>exstructa,</strong></span> <span class='ocrx_word' id='word_1_102' title='bbox 915 821 982 840; x_wconf 90' lang='lat' dir='ltr'><strong>con-</strong></span> 
     </span>
    </p>
   </div>
   <div class='ocr_carea' id='block_1_18' title="bbox 196 859 983 894">
    <p class='ocr_par' dir='ltr' id='par_1_18' title="bbox 196 859 983 894">
     <span class='ocr_line' id='line_1_18' title="bbox 196 859 983 894; baseline 0.003 -10"><span class='ocrx_word' id='word_1_103' title='bbox 196 859 283 886; x_wconf 76' lang='lat' dir='ltr'><strong>suetis</strong></span> <span class='ocrx_word' id='word_1_104' title='bbox 313 860 453 888; x_wconf 86' lang='lat' dir='ltr'><strong>laboribus</strong></span> <span class='ocrx_word' id='word_1_105' title='bbox 469 860 631 888; x_wconf 67' lang='lat' dir='ltr'><strong>decertavit.</strong></span> <span class='ocrx_word' id='word_1_106' title='bbox 662 861 759 887; x_wconf 80' lang='lat' dir='ltr'><strong>Aiebat</strong></span> <span class='ocrx_word' id='word_1_107' title='bbox 775 864 864 888; x_wconf 87' lang='lat' dir='ltr'><strong>autem</strong></span> <span class='ocrx_word' id='word_1_108' title='bbox 893 860 983 894; x_wconf 76' lang='lat' dir='ltr'><strong>gregis</strong></span> 
     </span>
    </p>
   </div>
   <div class='ocr_carea' id='block_1_19' title="bbox 195 900 981 939">
    <p class='ocr_par' dir='ltr' id='par_1_19' title="bbox 195 900 981 939">
     <span class='ocr_line' id='line_1_19' title="bbox 195 900 981 939; baseline 0.004 -10"><span class='ocrx_word' id='word_1_109' title='bbox 195 902 277 938; x_wconf 87' lang='lat' dir='ltr'><strong>hujus</strong></span> <span class='ocrx_word' id='word_1_110' title='bbox 304 905 485 939; x_wconf 66' lang='lat' dir='ltr'><strong>praepositus,</strong></span> <span class='ocrx_word' id='word_1_111' title='bbox 515 906 556 932; x_wconf 89' lang='lat' dir='ltr'><strong>vir</strong></span> <span class='ocrx_word' id='word_1_112' title='bbox 583 906 656 933; x_wconf 90' lang='lat' dir='ltr'><strong>omni</strong></span> <span class='ocrx_word' id='word_1_113' title='bbox 682 900 784 932; x_wconf 60' lang='lat' dir='ltr'><strong>&#39;virtute</strong></span> <span class='ocrx_word' id='word_1_114' title='bbox 813 905 981 935; x_wconf 78' lang='lat' dir='ltr'><strong>cumulatus.</strong></span> 
     </span>
    </p>
   </div>
   <div class='ocr_carea' id='block_1_20' title="bbox 195 940 1019 986">
    <p class='ocr_par' dir='ltr' id='par_1_20' title="bbox 195 940 1019 986">
     <span class='ocr_line' id='line_1_20' title="bbox 195 940 1019 986; baseline 0.002 -11"><span class='ocrx_word' id='word_1_115' title='bbox 195 949 351 983; x_wconf 78' lang='lat' dir='ltr'><strong>quindecim</strong></span> <span class='ocrx_word' id='word_1_116' title='bbox 368 951 443 977; x_wconf 91' lang='lat' dir='ltr'><strong>illum</strong></span> <span class='ocrx_word' id='word_1_117' title='bbox 460 959 522 978; x_wconf 92' lang='lat' dir='ltr'><strong>cum</strong></span> <span class='ocrx_word' id='word_1_118' title='bbox 548 951 648 979; x_wconf 84' lang='lat' dir='ltr'><strong>caricis</strong></span> <span class='ocrx_word' id='word_1_119' title='bbox 673 957 776 986; x_wconf 84' lang='lat' dir='ltr'><strong>septem</strong></span> <span class='ocrx_word' id='word_1_120' title='bbox 802 951 872 978; x_wconf 83' lang='lat' dir='ltr'><strong>sacri</strong></span> <span class='ocrx_word' id='word_1_121' title='bbox 884 950 983 984; x_wconf 83' lang='lat' dir='ltr'><strong>jejunii</strong></span> <span class='ocrx_word' id='word_1_122' title='bbox 1000 940 1019 968; x_wconf 74' lang='grc' dir='ltr'><strong><em>Β</em></strong></span> 
     </span>
    </p>
   </div>
   <div class='ocr_carea' id='block_1_21' title="bbox 195 994 982 1031">
    <p class='ocr_par' dir='ltr' id='par_1_21' title="bbox 195 994 982 1031">
     <span class='ocr_line' id='line_1_21' title="bbox 195 994 982 1031; baseline 0.003 -11"><span class='ocrx_word' id='word_1_123' title='bbox 195 994 385 1022; x_wconf 85' lang='lat' dir='ltr'><strong>hebdomadas</strong></span> <span class='ocrx_word' id='word_1_124' title='bbox 402 996 583 1031; x_wconf 78' lang='lat' dir='ltr'><strong>transegisse.</strong></span> <span class='ocrx_word' id='word_1_125' title='bbox 600 995 688 1030; x_wconf 81' lang='lat' dir='ltr'><strong>Atque</strong></span> <span class='ocrx_word' id='word_1_126' title='bbox 703 997 756 1023; x_wconf 87' lang='lat' dir='ltr'><strong>hoc</strong></span> <span class='ocrx_word' id='word_1_127' title='bbox 772 996 816 1023; x_wconf 87' lang='lat' dir='ltr'><strong>ille</strong></span> <span class='ocrx_word' id='word_1_128' title='bbox 831 997 982 1023; x_wconf 78' lang='lat' dir='ltr'><strong>certamine</strong></span> 
     </span>
    </p>
   </div>
   <div class='ocr_carea' id='block_1_22' title="bbox 194 1039 980 1077">
    <p class='ocr_par' dir='ltr' id='par_1_22' title="bbox 194 1039 980 1077">
     <span class='ocr_line' id='line_1_22' title="bbox 194 1039 980 1077; baseline 0.001 -11"><span class='ocrx_word' id='word_1_129' title='bbox 194 1039 342 1068; x_wconf 83' lang='lat' dir='ltr'><strong>defunctus</strong></span> <span class='ocrx_word' id='word_1_130' title='bbox 355 1045 408 1072; x_wconf 89' lang='lat' dir='ltr'><strong>est,</strong></span> <span class='ocrx_word' id='word_1_131' title='bbox 427 1049 490 1068; x_wconf 92' lang='lat' dir='ltr'><strong>cum</strong></span> <span class='ocrx_word' id='word_1_132' title='bbox 506 1049 595 1069; x_wconf 91' lang='lat' dir='ltr'><strong>annos</strong></span> <span class='ocrx_word' id='word_1_133' title='bbox 611 1047 704 1077; x_wconf 80' lang='lat' dir='ltr'><strong>ageret</strong></span> <span class='ocrx_word' id='word_1_134' title='bbox 719 1049 804 1077; x_wconf 85' lang='lat' dir='ltr'><strong>supra</strong></span> <span class='ocrx_word' id='word_1_135' title='bbox 820 1042 980 1076; x_wconf 77' lang='lat' dir='ltr'><strong>nonaginta,</strong></span> 
     </span>
    </p>
   </div>
   <div class='ocr_carea' id='block_1_23' title="bbox 194 1085 981 1122">
    <p class='ocr_par' dir='ltr' id='par_1_23' title="bbox 194 1085 981 1122">
     <span class='ocr_line' id='line_1_23' title="bbox 194 1085 981 1122; baseline 0.003 -10"><span class='ocrx_word' id='word_1_136' title='bbox 194 1089 222 1112; x_wconf 83' lang='lat' dir='ltr'><strong>et</strong></span> <span class='ocrx_word' id='word_1_137' title='bbox 237 1085 377 1114; x_wconf 89' lang='lat' dir='ltr'><strong>debilitate</strong></span> <span class='ocrx_word' id='word_1_138' title='bbox 400 1087 586 1122; x_wconf 76' lang='lat' dir='ltr'><strong>inexplicabili</strong></span> <span class='ocrx_word' id='word_1_139' title='bbox 614 1092 762 1116; x_wconf 88' lang='lat' dir='ltr'><strong>teneretur.</strong></span> <span class='ocrx_word' id='word_1_140' title='bbox 780 1087 833 1116; x_wconf 91' lang='lat' dir='ltr'><strong>Sed</strong></span> <span class='ocrx_word' id='word_1_141' title='bbox 851 1087 981 1115; x_wconf 80' lang='lat' dir='ltr'><strong>debilita-</strong></span> 
     </span>
    </p>
   </div>
   <div class='ocr_carea' id='block_1_24' title="bbox 194 1133 981 1168">
    <p class='ocr_par' dir='ltr' id='par_1_24' title="bbox 194 1133 981 1168">
     <span class='ocr_line' id='line_1_24' title="bbox 194 1133 981 1168; baseline 0.003 -9"><span class='ocrx_word' id='word_1_142' title='bbox 194 1137 248 1160; x_wconf 93' lang='lat' dir='ltr'><strong>tem</strong></span> <span class='ocrx_word' id='word_1_143' title='bbox 267 1133 392 1160; x_wconf 80' lang='lat' dir='ltr'><strong>vincebat</strong></span> <span class='ocrx_word' id='word_1_144' title='bbox 407 1134 492 1161; x_wconf 88' lang='lat' dir='ltr'><strong>animi</strong></span> <span class='ocrx_word' id='word_1_145' title='bbox 523 1135 666 1168; x_wconf 83' lang='lat' dir='ltr'><strong>alacritas,</strong></span> <span class='ocrx_word' id='word_1_146' title='bbox 694 1140 721 1163; x_wconf 86' lang='lat' dir='ltr'><strong>et</strong></span> <span class='ocrx_word' id='word_1_147' title='bbox 734 1135 780 1162; x_wconf 87' lang='lat' dir='ltr'><strong>Dei</strong></span> <span class='ocrx_word' id='word_1_148' title='bbox 798 1142 876 1162; x_wconf 90' lang='lat' dir='ltr'><strong>amor</strong></span> <span class='ocrx_word' id='word_1_149' title='bbox 891 1134 981 1162; x_wconf 81' lang='lat' dir='ltr'><strong>facilia</strong></span> 
     </span>
    </p>
   </div>
   <div class='ocr_carea' id='block_1_25' title="bbox 193 1179 980 1216">
    <p class='ocr_par' dir='ltr' id='par_1_25' title="bbox 193 1179 980 1216">
     <span class='ocr_line' id='line_1_25' title="bbox 193 1179 980 1216; baseline 0.003 -12"><span class='ocrx_word' id='word_1_150' title='bbox 193 1179 285 1206; x_wconf 89' lang='lat' dir='ltr'><strong>omnia</strong></span> <span class='ocrx_word' id='word_1_151' title='bbox 302 1179 434 1207; x_wconf 85' lang='lat' dir='ltr'><strong>reddebat</strong></span> <span class='ocrx_word' id='word_1_152' title='bbox 463 1186 489 1208; x_wconf 90' lang='lat' dir='ltr'><strong>et</strong></span> <span class='ocrx_word' id='word_1_153' title='bbox 514 1180 652 1216; x_wconf 84' lang='lat' dir='ltr'><strong>expedita.</strong></span> <span class='ocrx_word' id='word_1_154' title='bbox 670 1180 718 1208; x_wconf 77' lang='lat' dir='ltr'><strong>His</strong></span> <span class='ocrx_word' id='word_1_155' title='bbox 742 1188 806 1214; x_wconf 76' lang='lat' dir='ltr'><strong>ergo</strong></span> <span class='ocrx_word' id='word_1_156' title='bbox 833 1180 980 1207; x_wconf 82' lang='lat' dir='ltr'><strong>sudoribus</strong></span> 
     </span>
    </p>
   </div>
   <div class='ocr_carea' id='block_1_26' title="bbox 196 1225 983 1262">
    <p class='ocr_par' dir='ltr' id='par_1_26' title="bbox 196 1225 983 1262">
     <span class='ocr_line' id='line_1_26' title="bbox 196 1225 983 1262; baseline 0.004 -11"><span class='ocrx_word' id='word_1_157' title='bbox 196 1225 324 1258; x_wconf 88' lang='lat' dir='ltr'><strong>perfusus</strong></span> <span class='ocrx_word' id='word_1_158' title='bbox 350 1225 383 1252; x_wconf 88' lang='lat' dir='ltr'><strong>ad</strong></span> <span class='ocrx_word' id='word_1_159' title='bbox 400 1233 500 1254; x_wconf 89' lang='lat' dir='ltr'><strong>cursus</strong></span> <span class='ocrx_word' id='word_1_160' title='bbox 515 1230 613 1254; x_wconf 83' lang='lat' dir='ltr'><strong>metam</strong></span> <span class='ocrx_word' id='word_1_161' title='bbox 629 1226 763 1262; x_wconf 81' lang='lat' dir='ltr'><strong>pervenit,</strong></span> <span class='ocrx_word' id='word_1_162' title='bbox 790 1233 816 1254; x_wconf 90' lang='lat' dir='ltr'><strong>et</strong></span> <span class='ocrx_word' id='word_1_163' title='bbox 833 1226 983 1261; x_wconf 84' lang='lat' dir='ltr'><strong>agonotbc-</strong></span> 
     </span>
    </p>
   </div>
   <div class='ocr_carea' id='block_1_27' title="bbox 194 1272 981 1308">
    <p class='ocr_par' dir='ltr' id='par_1_27' title="bbox 194 1272 981 1308">
     <span class='ocr_line' id='line_1_27' title="bbox 194 1272 981 1308; baseline 0.004 -12"><span class='ocrx_word' id='word_1_164' title='bbox 194 1275 250 1297; x_wconf 84' lang='lat' dir='ltr'><strong>tam</strong></span> <span class='ocrx_word' id='word_1_165' title='bbox 270 1279 399 1303; x_wconf 70' lang='lat' dir='ltr'><strong>cernens,</strong></span> <span class='ocrx_word' id='word_1_166' title='bbox 413 1276 440 1300; x_wconf 90' lang='lat' dir='ltr'><strong>et</strong></span> <span class='ocrx_word' id='word_1_167' title='bbox 457 1280 576 1300; x_wconf 84' lang='lat' dir='ltr'><strong>coronas</strong></span> <span class='ocrx_word' id='word_1_168' title='bbox 598 1272 772 1300; x_wconf 88' lang='lat' dir='ltr'><strong>desiderans.</strong></span> <span class='ocrx_word' id='word_1_169' title='bbox 788 1272 843 1308; x_wconf 72' lang='lat' dir='ltr'><strong>Ego</strong></span> <span class='ocrx_word' id='word_1_170' title='bbox 859 1280 923 1300; x_wconf 78' lang='lat' dir='ltr'><strong>vero</strong></span> <span class='ocrx_word' id='word_1_171' title='bbox 938 1272 981 1299; x_wconf 85' lang='lat' dir='ltr'><strong>in-</strong></span> 
     </span>
    </p>
   </div>
   <div class='ocr_carea' id='block_1_28' title="bbox 161 1317 981 1353">
    <p class='ocr_par' dir='ltr' id='par_1_28' title="bbox 161 1317 981 1353">
     <span class='ocr_line' id='line_1_28' title="bbox 161 1317 981 1353; baseline 0.005 -12"><span class='ocrx_word' id='word_1_172' title='bbox 161 1339 169 1350; x_wconf 61' lang='lat'><strong>,</strong></span> <span class='ocrx_word' id='word_1_173' title='bbox 195 1317 362 1344; x_wconf 79' lang='lat' dir='ltr'><strong>tercrssione</strong></span> <span class='ocrx_word' id='word_1_174' title='bbox 376 1318 420 1344; x_wconf 85' lang='lat' dir='ltr'><strong>illa</strong></span> <span class='ocrx_word' id='word_1_175' title='bbox 437 1318 489 1345; x_wconf 85' lang='lat' dir='ltr'><strong>frui</strong></span> <span class='ocrx_word' id='word_1_176' title='bbox 515 1319 608 1353; x_wconf 89' lang='lat' dir='ltr'><strong>cupio,</strong></span> <span class='ocrx_word' id='word_1_177' title='bbox 641 1326 694 1353; x_wconf 89' lang='lat' dir='ltr'><strong>qua</strong></span> <span class='ocrx_word' id='word_1_178' title='bbox 713 1317 822 1345; x_wconf 89' lang='lat' dir='ltr'><strong>fruebar</strong></span> <span class='ocrx_word' id='word_1_179' title='bbox 845 1326 906 1345; x_wconf 92' lang='lat' dir='ltr'><strong>cum</strong></span> <span class='ocrx_word' id='word_1_180' title='bbox 935 1326 981 1345; x_wconf 90' lang='lat' dir='ltr'><strong>su-</strong></span> 
     </span>
    </p>
   </div>
   <div class='ocr_carea' id='block_1_29' title="bbox 195 1362 979 1402">
    <p class='ocr_par' dir='ltr' id='par_1_29' title="bbox 195 1362 979 1402">
     <span class='ocr_line' id='line_1_29' title="bbox 195 1362 979 1402; baseline 0.005 -15"><span class='ocrx_word' id='word_1_181' title='bbox 195 1364 300 1393; x_wconf 74' lang='lat' dir='ltr'><strong>perstes</strong></span> <span class='ocrx_word' id='word_1_182' title='bbox 312 1366 395 1389; x_wconf 87' lang='lat' dir='ltr'><strong>esset.</strong></span> <span class='ocrx_word' id='word_1_183' title='bbox 407 1362 503 1402; x_wconf 83' lang='lat' dir='ltr'><strong>Vivere</strong></span> <span class='ocrx_word' id='word_1_184' title='bbox 514 1363 586 1390; x_wconf 87' lang='lat' dir='ltr'><strong>enim</strong></span> <span class='ocrx_word' id='word_1_185' title='bbox 599 1363 688 1398; x_wconf 87' lang='lat' dir='ltr'><strong>ipsutn</strong></span> <span class='ocrx_word' id='word_1_186' title='bbox 699 1363 792 1396; x_wconf 86' lang='lat' dir='ltr'><strong>credo,</strong></span> <span class='ocrx_word' id='word_1_187' title='bbox 804 1368 829 1390; x_wconf 92' lang='lat' dir='ltr'><strong>et</strong></span> <span class='ocrx_word' id='word_1_188' title='bbox 842 1363 979 1398; x_wconf 80' lang='lat' dir='ltr'><strong>puriorem</strong></span> 
     </span>
    </p>
   </div>
   <div class='ocr_carea' id='block_1_30' title="bbox 195 1406 598 1438">
    <p class='ocr_par' dir='ltr' id='par_1_30' title="bbox 195 1406 598 1438">
     <span class='ocr_line' id='line_1_30' title="bbox 195 1406 598 1438; baseline 0.015 -6"><span class='ocrx_word' id='word_1_189' title='bbox 195 1406 229 1433; x_wconf 83' lang='lat' dir='ltr'><strong>ad</strong></span> <span class='ocrx_word' id='word_1_190' title='bbox 244 1406 326 1434; x_wconf 81' lang='lat' dir='ltr'><strong>Deum</strong></span> <span class='ocrx_word' id='word_1_191' title='bbox 342 1408 442 1436; x_wconf 85' lang='lat' dir='ltr'><strong>habere</strong></span> <span class='ocrx_word' id='word_1_192' title='bbox 459 1409 598 1438; x_wconf 83' lang='lat' dir='ltr'><strong>fiduciam.</strong></span> 
     </span>
    </p>
   </div>
   <div class='ocr_carea' id='block_1_31' title="bbox 1035 304 1821 342">
    <p class='ocr_par' dir='ltr' id='par_1_31' title="bbox 1035 304 1821 342">
     <span class='ocr_line' id='line_1_31' title="bbox 1035 304 1821 342; baseline -0.01 -5"><span class='ocrx_word' id='word_1_193' title='bbox 1035 310 1114 338; x_wconf 81' lang='grc' dir='ltr'>πάλιν</span> <span class='ocrx_word' id='word_1_194' title='bbox 1129 309 1260 340; x_wconf 79' lang='grc' dir='ltr'><strong>ἀπιόντας</strong></span> <span class='ocrx_word' id='word_1_195' title='bbox 1284 307 1392 335; x_wconf 81' lang='grc' dir='ltr'>ἐκέλευε</span> <span class='ocrx_word' id='word_1_196' title='bbox 1407 308 1439 342; x_wconf 87' lang='grc' dir='ltr'>τῇ</span> <span class='ocrx_word' id='word_1_197' title='bbox 1463 306 1530 342; x_wconf 72' lang='grc' dir='ltr'>θύρα</span> <span class='ocrx_word' id='word_1_198' title='bbox 1546 305 1592 332; x_wconf 79' lang='grc' dir='ltr'><strong>τὸν</strong></span> <span class='ocrx_word' id='word_1_199' title='bbox 1607 305 1692 340; x_wconf 76' lang='grc' dir='ltr'>πηλὸν</span> <span class='ocrx_word' id='word_1_200' title='bbox 1715 304 1821 330; x_wconf 81' lang='grc' dir='ltr'>ὲπιθεῐ-</span> 
     </span>
    </p>
   </div>
   <div class='ocr_carea' id='block_1_32' title="bbox 1034 350 1819 390">
    <p class='ocr_par' dir='ltr' id='par_1_32' title="bbox 1034 350 1819 390">
     <span class='ocr_line' id='line_1_32' title="bbox 1034 350 1819 390; baseline -0.01 -7"><span class='ocrx_word' id='word_1_201' title='bbox 1034 365 1087 383; x_wconf 89' lang='grc' dir='ltr'>ναι.</span> <span class='ocrx_word' id='word_1_202' title='bbox 1113 356 1168 383; x_wconf 73' lang='grc' dir='ltr'><strong>Καὶ</strong></span> <span class='ocrx_word' id='word_1_203' title='bbox 1193 355 1241 390; x_wconf 85' lang='grc' dir='ltr'>τὴν</span> <span class='ocrx_word' id='word_1_204' title='bbox 1267 354 1334 390; x_wconf 83' lang='grc' dir='ltr'>πρὸς</span> <span class='ocrx_word' id='word_1_205' title='bbox 1349 354 1412 384; x_wconf 77' lang='grc' dir='ltr'>τοὺς</span> <span class='ocrx_word' id='word_1_206' title='bbox 1432 353 1536 387; x_wconf 76' lang='grc' dir='ltr'><strong>ὀλίγους</strong></span> <span class='ocrx_word' id='word_1_207' title='bbox 1561 352 1589 378; x_wconf 83' lang='grc' dir='ltr'>δὲ</span> <span class='ocrx_word' id='word_1_208' title='bbox 1612 350 1756 385; x_wconf 85' lang='grc' dir='ltr'>συντυχίαν</span> <span class='ocrx_word' id='word_1_209' title='bbox 1771 359 1819 384; x_wconf 72' lang='grc' dir='ltr'>φυ-</span> 
     </span>
    </p>
   </div>
   <div class='ocr_carea' id='block_1_33' title="bbox 1033 397 1821 437">
    <p class='ocr_par' dir='ltr' id='par_1_33' title="bbox 1033 397 1821 437">
     <span class='ocr_line' id='line_1_33' title="bbox 1033 397 1821 437; baseline -0.01 -8"><span class='ocrx_word' id='word_1_210' title='bbox 1033 403 1091 437; x_wconf 79' lang='grc' dir='ltr'>γεῖν</span> <span class='ocrx_word' id='word_1_211' title='bbox 1103 402 1212 437; x_wconf 75' lang='grc' dir='ltr'>ἄμεινον</span> <span class='ocrx_word' id='word_1_212' title='bbox 1225 401 1407 437; x_wconf 80' lang='grc' dir='ltr'><strong>ἡγησάμενος,</strong></span> <span class='ocrx_word' id='word_1_213' title='bbox 1419 398 1627 434; x_wconf 81' lang='grc' dir='ltr'>άπετείχισετὴν</span> <span class='ocrx_word' id='word_1_214' title='bbox 1638 397 1740 423; x_wconf 71' lang='grc' dir='ltr'>εἴσοδον</span> <span class='ocrx_word' id='word_1_215' title='bbox 1752 404 1821 422; x_wconf 85' lang='grc' dir='ltr'>παν-</span> 
     </span>
    </p>
   </div>
   <div class='ocr_carea' id='block_1_34' title="bbox 1034 443 1820 483">
    <p class='ocr_par' dir='ltr' id='par_1_34' title="bbox 1034 443 1820 483">
     <span class='ocr_line' id='line_1_34' title="bbox 1034 443 1820 483; baseline -0.008 -9"><span class='ocrx_word' id='word_1_216' title='bbox 1034 448 1128 480; x_wconf 82' lang='grc' dir='ltr'>τελῶς,</span> <span class='ocrx_word' id='word_1_217' title='bbox 1153 449 1186 483; x_wconf 83' lang='grc' dir='ltr'>τῇ</span> <span class='ocrx_word' id='word_1_218' title='bbox 1212 447 1281 483; x_wconf 74' lang='grc' dir='ltr'>θύρᾳ</span> <span class='ocrx_word' id='word_1_219' title='bbox 1299 446 1389 481; x_wconf 76' lang='grc' dir='ltr'>ἐκείνῃ</span> <span class='ocrx_word' id='word_1_220' title='bbox 1403 445 1476 472; x_wconf 87' lang='grc' dir='ltr'>λίθον</span> <span class='ocrx_word' id='word_1_221' title='bbox 1491 445 1617 480; x_wconf 86' lang='grc' dir='ltr'>μέγιστον</span> <span class='ocrx_word' id='word_1_222' title='bbox 1639 443 1820 478; x_wconf 79' lang='grc' dir='ltr'><strong>συναρμόσας.</strong></span> 
     </span>
    </p>
   </div>
   <div class='ocr_carea' id='block_1_35' title="bbox 1035 488 1820 528">
    <p class='ocr_par' dir='ltr' id='par_1_35' title="bbox 1035 488 1820 528">
     <span class='ocr_line' id='line_1_35' title="bbox 1035 488 1820 528; baseline -0.009 -7"><span class='ocrx_word' id='word_1_223' title='bbox 1035 495 1084 521; x_wconf 76' lang='grc' dir='ltr'><strong>Διά</strong></span> <span class='ocrx_word' id='word_1_224' title='bbox 1105 503 1176 525; x_wconf 87' lang='grc' dir='ltr'>τινος</span> <span class='ocrx_word' id='word_1_225' title='bbox 1197 494 1225 520; x_wconf 76' lang='grc' dir='ltr'>δὲ</span> <span class='ocrx_word' id='word_1_226' title='bbox 1247 493 1403 528; x_wconf 76' lang='grc' dir='ltr'><strong>ὀρύγματος</strong></span> <span class='ocrx_word' id='word_1_227' title='bbox 1418 491 1517 526; x_wconf 83' lang='grc' dir='ltr'><strong>ὀλίγοις</strong></span> <span class='ocrx_word' id='word_1_228' title='bbox 1542 490 1596 517; x_wconf 80' lang='grc' dir='ltr'>τῶν</span> <span class='ocrx_word' id='word_1_229' title='bbox 1606 489 1729 524; x_wconf 86' lang='grc' dir='ltr'>συνήθων</span> <span class='ocrx_word' id='word_1_230' title='bbox 1743 488 1820 515; x_wconf 85' lang='grc' dir='ltr'>διελέ-</span> 
     </span>
    </p>
   </div>
   <div class='ocr_carea' id='block_1_36' title="bbox 1034 535 1821 575">
    <p class='ocr_par' dir='ltr' id='par_1_36' title="bbox 1034 535 1821 575">
     <span class='ocr_line' id='line_1_36' title="bbox 1034 535 1821 575; baseline -0.009 -9"><span class='ocrx_word' id='word_1_231' title='bbox 1034 548 1098 574; x_wconf 88' lang='grc' dir='ltr'>γετο</span> <span class='ocrx_word' id='word_1_232' title='bbox 1113 540 1172 575; x_wconf 78' lang='grc' dir='ltr'>μὲν,</span> <span class='ocrx_word' id='word_1_233' title='bbox 1188 539 1237 574; x_wconf 80' lang='grc' dir='ltr'>οὺχ</span> <span class='ocrx_word' id='word_1_234' title='bbox 1258 539 1362 573; x_wconf 78' lang='grc' dir='ltr'>ἑωρᾶτο</span> <span class='ocrx_word' id='word_1_235' title='bbox 1384 537 1412 564; x_wconf 84' lang='grc' dir='ltr'><strong>δέ</strong></span> <span class='ocrx_word' id='word_1_236' title='bbox 1429 545 1436 552; x_wconf 85' lang='lat'><strong>&#39;</strong></span> <span class='ocrx_word' id='word_1_237' title='bbox 1452 537 1523 564; x_wconf 76' lang='grc' dir='ltr'>οὕτω</span> <span class='ocrx_word' id='word_1_238' title='bbox 1538 536 1591 570; x_wconf 79' lang='grc' dir='ltr'><strong>γάρ</strong></span> <span class='ocrx_word' id='word_1_239' title='bbox 1607 535 1799 569; x_wconf 78' lang='grc' dir='ltr'><strong>ἐμεμηχάνητο</strong></span> <span class='ocrx_word' id='word_1_240' title='bbox 1813 542 1821 549; x_wconf 89' lang='grc'><strong>·</strong></span> 
     </span>
    </p>
   </div>
   <div class='ocr_carea' id='block_1_37' title="bbox 1034 580 1822 621">
    <p class='ocr_par' dir='ltr' id='par_1_37' title="bbox 1034 580 1822 621">
     <span class='ocr_line' id='line_1_37' title="bbox 1034 580 1822 621; baseline -0.005 -10"><span class='ocrx_word' id='word_1_241' title='bbox 1034 585 1138 612; x_wconf 79' lang='grc' dir='ltr'>ἐκεῖθεν</span> <span class='ocrx_word' id='word_1_242' title='bbox 1164 584 1192 611; x_wconf 81' lang='grc' dir='ltr'>δὲ</span> <span class='ocrx_word' id='word_1_243' title='bbox 1216 584 1369 619; x_wconf 76' lang='grc' dir='ltr'>εἰσεδέχετο</span> <span class='ocrx_word' id='word_1_244' title='bbox 1389 583 1437 610; x_wconf 74' lang='grc' dir='ltr'>καὶ</span> <span class='ocrx_word' id='word_1_245' title='bbox 1461 583 1512 618; x_wconf 82' lang='grc' dir='ltr'>τὴν</span> <span class='ocrx_word' id='word_1_246' title='bbox 1529 582 1621 621; x_wconf 77' lang='grc' dir='ltr'>ὀλίγην</span> <span class='ocrx_word' id='word_1_247' title='bbox 1643 580 1750 615; x_wconf 75' lang='grc' dir='ltr'>ἐκείνην</span> <span class='ocrx_word' id='word_1_248' title='bbox 1760 588 1822 615; x_wconf 71' lang='grc' dir='ltr'>τρο-</span> 
     </span>
    </p>
   </div>
   <div class='ocr_carea' id='block_1_38' title="bbox 1035 626 1823 665">
    <p class='ocr_par' dir='ltr' id='par_1_38' title="bbox 1035 626 1823 665">
     <span class='ocr_line' id='line_1_38' title="bbox 1035 626 1823 665; baseline -0.008 -8"><span class='ocrx_word' id='word_1_249' title='bbox 1035 632 1097 665; x_wconf 78' lang='grc' dir='ltr'>φήν.</span> <span class='ocrx_word' id='word_1_250' title='bbox 1120 630 1204 657; x_wconf 81' lang='grc' dir='ltr'>Πάλιν</span> <span class='ocrx_word' id='word_1_251' title='bbox 1219 630 1307 665; x_wconf 79' lang='grc' dir='ltr'>δὲτὴν</span> <span class='ocrx_word' id='word_1_252' title='bbox 1324 629 1393 665; x_wconf 73' lang='grc' dir='ltr'>πρὸς</span> <span class='ocrx_word' id='word_1_253' title='bbox 1409 630 1533 660; x_wconf 71' lang='grc' dir='ltr'>ἅπαντας</span> <span class='ocrx_word' id='word_1_254' title='bbox 1553 627 1748 661; x_wconf 79' lang='grc' dir='ltr'><strong>ἀπαγορεύσας</strong></span> <span class='ocrx_word' id='word_1_255' title='bbox 1765 626 1823 652; x_wconf 56' lang='grc' dir='ltr'>διάη</span> 
     </span>
    </p>
   </div>
   <div class='ocr_carea' id='block_1_39' title="bbox 1033 671 1822 711">
    <p class='ocr_par' dir='ltr' id='par_1_39' title="bbox 1033 671 1822 711">
     <span class='ocr_line' id='line_1_39' title="bbox 1033 671 1822 711; baseline -0.008 -8"><span class='ocrx_word' id='word_1_256' title='bbox 1033 675 1116 709; x_wconf 82' lang='grc' dir='ltr'>λεξιν,</span> <span class='ocrx_word' id='word_1_257' title='bbox 1142 677 1192 711; x_wconf 77' lang='grc' dir='ltr'><strong>ἐμὲ</strong></span> <span class='ocrx_word' id='word_1_258' title='bbox 1220 676 1300 711; x_wconf 71' lang='grc' dir='ltr'>μόνον</span> <span class='ocrx_word' id='word_1_259' title='bbox 1324 676 1373 711; x_wconf 82' lang='grc' dir='ltr'>τῆς</span> <span class='ocrx_word' id='word_1_260' title='bbox 1398 675 1527 710; x_wconf 72' lang='grc' dir='ltr'>γλυκείας</span> <span class='ocrx_word' id='word_1_261' title='bbox 1555 674 1662 707; x_wconf 78' lang='grc' dir='ltr'><strong>ἐκείνης</strong></span> <span class='ocrx_word' id='word_1_262' title='bbox 1692 673 1738 699; x_wconf 72' lang='grc' dir='ltr'>καὶ</span> <span class='ocrx_word' id='word_1_263' title='bbox 1762 671 1822 706; x_wconf 85' lang='grc' dir='ltr'>Θεῷ</span> 
     </span>
    </p>
   </div>
   <div class='ocr_carea' id='block_1_40' title="bbox 1035 718 1822 757">
    <p class='ocr_par' dir='ltr' id='par_1_40' title="bbox 1035 718 1822 757">
     <span class='ocr_line' id='line_1_40' title="bbox 1035 718 1822 757; baseline -0.008 -9"><span class='ocrx_word' id='word_1_264' title='bbox 1035 722 1115 757; x_wconf 78' lang='grc' dir='ltr'>φίλης</span> <span class='ocrx_word' id='word_1_265' title='bbox 1136 721 1212 757; x_wconf 69' lang='grc' dir='ltr'>ἠξίου</span> <span class='ocrx_word' id='word_1_266' title='bbox 1236 723 1347 756; x_wconf 73' lang='grc' dir='ltr'>φωνῆς·</span> <span class='ocrx_word' id='word_1_267' title='bbox 1377 721 1423 747; x_wconf 69' lang='grc' dir='ltr'>καὶ</span> <span class='ocrx_word' id='word_1_268' title='bbox 1447 720 1556 747; x_wconf 79' lang='grc' dir='ltr'>ἀπιέναι</span> <span class='ocrx_word' id='word_1_269' title='bbox 1578 718 1739 754; x_wconf 84' lang='grc' dir='ltr'>βουλόμενον</span> <span class='ocrx_word' id='word_1_270' title='bbox 1763 719 1822 743; x_wconf 81' lang='grc' dir='ltr'>ἐπι-</span> 
     </span>
    </p>
   </div>
   <div class='ocr_carea' id='block_1_41' title="bbox 1033 763 1822 802">
    <p class='ocr_par' dir='ltr' id='par_1_41' title="bbox 1033 763 1822 802">
     <span class='ocr_line' id='line_1_41' title="bbox 1033 763 1822 802; baseline -0.008 -8"><span class='ocrx_word' id='word_1_271' title='bbox 1033 768 1159 794; x_wconf 85' lang='grc' dir='ltr'>πλεῖστον</span> <span class='ocrx_word' id='word_1_272' title='bbox 1186 769 1295 802; x_wconf 80' lang='grc' dir='ltr'>κατεῖχε</span> <span class='ocrx_word' id='word_1_273' title='bbox 1325 766 1388 802; x_wconf 60' lang='grc' dir='ltr'><strong>περδ¹</strong></span> <span class='ocrx_word' id='word_1_274' title='bbox 1412 766 1467 793; x_wconf 83' lang='grc' dir='ltr'>τῶν</span> <span class='ocrx_word' id='word_1_275' title='bbox 1494 765 1626 801; x_wconf 74' lang='grc' dir='ltr'>οὐρανίων</span> <span class='ocrx_word' id='word_1_276' title='bbox 1653 763 1822 799; x_wconf 74' lang='grc' dir='ltr'><strong>πραγμάτων</strong></span> 
     </span>
    </p>
   </div>
   <div class='ocr_carea' id='block_1_42' title="bbox 1034 811 1821 848">
    <p class='ocr_par' dir='ltr' id='par_1_42' title="bbox 1034 811 1821 848">
     <span class='ocr_line' id='line_1_42' title="bbox 1034 811 1821 848; baseline -0.006 -8"><span class='ocrx_word' id='word_1_277' title='bbox 1034 813 1234 848; x_wconf 79' lang='grc' dir='ltr'>διαλεγόμενος.</span> <span class='ocrx_word' id='word_1_278' title='bbox 1263 813 1370 839; x_wconf 78' lang='grc' dir='ltr'>Πολλῶν</span> <span class='ocrx_word' id='word_1_279' title='bbox 1385 812 1413 838; x_wconf 77' lang='grc' dir='ltr'>δὲ</span> <span class='ocrx_word' id='word_1_280' title='bbox 1429 811 1492 848; x_wconf 71' lang='grc' dir='ltr'>πρὸς</span> <span class='ocrx_word' id='word_1_281' title='bbox 1509 811 1589 838; x_wconf 65' lang='grc' dir='ltr'>αὐτὸν</span> <span class='ocrx_word' id='word_1_282' title='bbox 1605 811 1821 845; x_wconf 69' lang='grc' dir='ltr'>ἀφικνουμένων,</span> 
     </span>
    </p>
   </div>
   <div class='ocr_carea' id='block_1_43' title="bbox 1036 855 1822 894">
    <p class='ocr_par' dir='ltr' id='par_1_43' title="bbox 1036 855 1822 894">
     <span class='ocr_line' id='line_1_43' title="bbox 1036 855 1822 894; baseline -0.006 -9"><span class='ocrx_word' id='word_1_283' title='bbox 1036 860 1082 885; x_wconf 68' lang='grc' dir='ltr'>καὶ</span> <span class='ocrx_word' id='word_1_284' title='bbox 1105 859 1155 894; x_wconf 85' lang='grc' dir='ltr'>τῆς</span> <span class='ocrx_word' id='word_1_285' title='bbox 1175 858 1300 890; x_wconf 79' lang='grc' dir='ltr'><strong>εὐλογίας</strong></span> <span class='ocrx_word' id='word_1_286' title='bbox 1332 857 1518 884; x_wconf 73' lang='grc' dir='ltr'>ἀπαιτούντων</span> <span class='ocrx_word' id='word_1_287' title='bbox 1540 856 1569 883; x_wconf 88' lang='grc' dir='ltr'><strong>τὺ</strong></span> <span class='ocrx_word' id='word_1_288' title='bbox 1594 856 1693 891; x_wconf 84' lang='grc' dir='ltr'>δῶρον,</span> <span class='ocrx_word' id='word_1_289' title='bbox 1720 855 1822 889; x_wconf 69' lang='grc' dir='ltr'>σφόδρα</span> 
     </span>
    </p>
   </div>
   <div class='ocr_carea' id='block_1_44' title="bbox 1035 895 1834 940">
    <p class='ocr_par' dir='ltr' id='par_1_44' title="bbox 1035 895 1834 940">
     <span class='ocr_line' id='line_1_44' title="bbox 1035 895 1834 940; baseline -0.006 -9"><span class='ocrx_word' id='word_1_290' title='bbox 1035 905 1128 931; x_wconf 82' lang='grc' dir='ltr'>τοῦτον</span> <span class='ocrx_word' id='word_1_291' title='bbox 1154 903 1322 939; x_wconf 81' lang='grc' dir='ltr'>δυσχεράνας</span> <span class='ocrx_word' id='word_1_292' title='bbox 1339 903 1385 940; x_wconf 67' lang='grc' dir='ltr'><strong>τὸν</strong></span> <span class='ocrx_word' id='word_1_293' title='bbox 1410 902 1532 938; x_wconf 75' lang='grc' dir='ltr'>θόρυϐον,</span> <span class='ocrx_word' id='word_1_294' title='bbox 1557 902 1618 928; x_wconf 81' lang='grc' dir='ltr'>οὕτε</span> <span class='ocrx_word' id='word_1_295' title='bbox 1630 902 1660 928; x_wconf 82' lang='grc' dir='ltr'>τὸ</span> <span class='ocrx_word' id='word_1_296' title='bbox 1681 903 1769 936; x_wconf 83' lang='grc' dir='ltr'>γῆρας</span> <span class='ocrx_word' id='word_1_297' title='bbox 1783 895 1834 932; x_wconf 68' lang='grc' dir='ltr'>εἰς’</span> 
     </span>
    </p>
   </div>
   <div class='ocr_carea' id='block_1_45' title="bbox 1034 947 1837 985">
    <p class='ocr_par' dir='ltr' id='par_1_45' title="bbox 1034 947 1837 985">
     <span class='ocr_line' id='line_1_45' title="bbox 1034 947 1837 985; baseline -0.006 -8"><span class='ocrx_word' id='word_1_298' title='bbox 1034 950 1096 977; x_wconf 78' lang='grc' dir='ltr'>νοῦν</span> <span class='ocrx_word' id='word_1_299' title='bbox 1124 949 1223 982; x_wconf 74' lang='grc' dir='ltr'>λασὼν,</span> <span class='ocrx_word' id='word_1_300' title='bbox 1245 949 1307 976; x_wconf 72' lang='grc' dir='ltr'>οὔτε</span> <span class='ocrx_word' id='word_1_301' title='bbox 1327 950 1376 985; x_wconf 75' lang='grc' dir='ltr'>τὴν</span> <span class='ocrx_word' id='word_1_302' title='bbox 1399 949 1576 984; x_wconf 78' lang='grc' dir='ltr'>ἐπικειμένην</span> <span class='ocrx_word' id='word_1_303' title='bbox 1591 948 1734 974; x_wconf 80' lang='grc' dir='ltr'>ἀσθένεια-ι</span> <span class='ocrx_word' id='word_1_304' title='bbox 1751 947 1837 980; x_wconf 83' lang='grc' dir='ltr'>λογι-·</span> 
     </span>
    </p>
   </div>
   <div class='ocr_carea' id='block_1_46' title="bbox 1036 993 1822 1031">
    <p class='ocr_par' dir='ltr' id='par_1_46' title="bbox 1036 993 1822 1031">
     <span class='ocr_line' id='line_1_46' title="bbox 1036 993 1822 1031; baseline -0.006 -8"><span class='ocrx_word' id='word_1_305' title='bbox 1036 997 1162 1031; x_wconf 84' lang='grc' dir='ltr'>σάμενος,</span> <span class='ocrx_word' id='word_1_306' title='bbox 1184 995 1343 1031; x_wconf 74' lang='grc' dir='ltr'>ὑπερϐαίνει</span> <span class='ocrx_word' id='word_1_307' title='bbox 1358 995 1388 1022; x_wconf 73' lang='grc' dir='ltr'><strong>τὸ</strong></span> <span class='ocrx_word' id='word_1_308' title='bbox 1406 995 1539 1030; x_wconf 74' lang='grc' dir='ltr'>θριγκίον,</span> <span class='ocrx_word' id='word_1_309' title='bbox 1557 995 1607 1021; x_wconf 80' lang='grc' dir='ltr'>οὑκ</span> <span class='ocrx_word' id='word_1_310' title='bbox 1621 993 1781 1020; x_wconf 77' lang='grc' dir='ltr'>εὐεπίϐατον</span> <span class='ocrx_word' id='word_1_311' title='bbox 1793 993 1822 1019; x_wconf 78' lang='grc' dir='ltr'>ὃν</span> 
     </span>
    </p>
   </div>
   <div class='ocr_carea' id='block_1_47' title="bbox 1035 1039 1822 1077">
    <p class='ocr_par' dir='ltr' id='par_1_47' title="bbox 1035 1039 1822 1077">
     <span class='ocr_line' id='line_1_47' title="bbox 1035 1039 1822 1077; baseline -0.006 -8"><span class='ocrx_word' id='word_1_312' title='bbox 1035 1042 1095 1069; x_wconf 73' lang='grc' dir='ltr'>οὐδὲ</span> <span class='ocrx_word' id='word_1_313' title='bbox 1115 1043 1170 1074; x_wconf 82' lang='grc' dir='ltr'>τοῖς</span> <span class='ocrx_word' id='word_1_314' title='bbox 1187 1042 1258 1077; x_wconf 86' lang='grc' dir='ltr'>μάλα</span> <span class='ocrx_word' id='word_1_315' title='bbox 1277 1041 1413 1077; x_wconf 78' lang='grc' dir='ltr'>σφριγῶσι</span> <span class='ocrx_word' id='word_1_316' title='bbox 1428 1050 1434 1056; x_wconf 89' lang='grc'>·</span> <span class='ocrx_word' id='word_1_317' title='bbox 1453 1041 1500 1067; x_wconf 74' lang='grc' dir='ltr'>καὶ</span> <span class='ocrx_word' id='word_1_318' title='bbox 1517 1041 1566 1076; x_wconf 78' lang='grc' dir='ltr'>τὴν</span> <span class='ocrx_word' id='word_1_319' title='bbox 1582 1039 1754 1070; x_wconf 81' lang='grc' dir='ltr'>πελάζουσαν</span> <span class='ocrx_word' id='word_1_320' title='bbox 1768 1039 1822 1065; x_wconf 83' lang='grc' dir='ltr'>τῶν</span> 
     </span>
    </p>
   </div>
   <div class='ocr_carea' id='block_1_48' title="bbox 1035 1086 1822 1122">
    <p class='ocr_par' dir='ltr' id='par_1_48' title="bbox 1035 1086 1822 1122">
     <span class='ocr_line' id='line_1_48' title="bbox 1035 1086 1822 1122; baseline -0.004 -7"><span class='ocrx_word' id='word_1_321' title='bbox 1035 1088 1163 1122; x_wconf 75' lang='grc' dir='ltr'><strong>ἀσκητῶν</strong></span> <span class='ocrx_word' id='word_1_322' title='bbox 1179 1086 1339 1114; x_wconf 74' lang='grc' dir='ltr'>καταλαϐὼν</span> <span class='ocrx_word' id='word_1_323' title='bbox 1353 1086 1518 1122; x_wconf 81' lang='grc' dir='ltr'>συμμορίαν,</span> <span class='ocrx_word' id='word_1_324' title='bbox 1534 1086 1649 1122; x_wconf 79' lang='grc' dir='ltr'>θριγκίῳ</span> <span class='ocrx_word' id='word_1_325' title='bbox 1666 1086 1746 1113; x_wconf 74' lang='grc' dir='ltr'>πάλιν</span> <span class='ocrx_word' id='word_1_326' title='bbox 1760 1095 1822 1120; x_wconf 87' lang='grc' dir='ltr'>σμι-</span> 
     </span>
    </p>
   </div>
   <div class='ocr_carea' id='block_1_49' title="bbox 1035 1130 1822 1168">
    <p class='ocr_par' dir='ltr' id='par_1_49' title="bbox 1035 1130 1822 1168">
     <span class='ocr_line' id='line_1_49' title="bbox 1035 1130 1822 1168; baseline -0.003 -9"><span class='ocrx_word' id='word_1_327' title='bbox 1035 1132 1093 1168; x_wconf 85' lang='grc' dir='ltr'>κρῷ</span> <span class='ocrx_word' id='word_1_328' title='bbox 1108 1131 1182 1167; x_wconf 73' lang='grc' dir='ltr'>παρὰ</span> <span class='ocrx_word' id='word_1_329' title='bbox 1196 1131 1244 1167; x_wconf 81' lang='grc' dir='ltr'>τὴν</span> <span class='ocrx_word' id='word_1_330' title='bbox 1258 1130 1305 1158; x_wconf 76' lang='grc' dir='ltr'>τοῦ</span> <span class='ocrx_word' id='word_1_331' title='bbox 1322 1131 1412 1166; x_wconf 80' lang='grc' dir='ltr'>τοίχου</span> <span class='ocrx_word' id='word_1_332' title='bbox 1431 1131 1532 1165; x_wconf 82' lang='grc' dir='ltr'>γωνίαν</span> <span class='ocrx_word' id='word_1_333' title='bbox 1544 1131 1728 1166; x_wconf 82' lang='grc' dir='ltr'>χρησάμενος,</span> <span class='ocrx_word' id='word_1_334' title='bbox 1752 1130 1822 1166; x_wconf 77' lang='grc' dir='ltr'>μετὰ</span> 
     </span>
    </p>
   </div>
   <div class='ocr_carea' id='block_1_50' title="bbox 1035 1176 1821 1213">
    <p class='ocr_par' dir='ltr' id='par_1_50' title="bbox 1035 1176 1821 1213">
     <span class='ocr_line' id='line_1_50' title="bbox 1035 1176 1821 1213; baseline -0.003 -9"><span class='ocrx_word' id='word_1_335' title='bbox 1035 1177 1089 1204; x_wconf 87' lang='grc' dir='ltr'><strong>τῶν</strong></span> <span class='ocrx_word' id='word_1_336' title='bbox 1115 1179 1236 1213; x_wconf 86' lang='grc' dir='ltr'>συνήθων</span> <span class='ocrx_word' id='word_1_337' title='bbox 1254 1177 1401 1212; x_wconf 72' lang='grc' dir='ltr'>ἠγωνίζετο</span> <span class='ocrx_word' id='word_1_338' title='bbox 1420 1177 1518 1204; x_wconf 77' lang='grc' dir='ltr'>πόνων.</span> <span class='ocrx_word' id='word_1_339' title='bbox 1539 1177 1568 1203; x_wconf 83' lang='lat'><strong>&#39;0</strong></span> <span class='ocrx_word' id='word_1_340' title='bbox 1587 1177 1614 1204; x_wconf 77' lang='grc' dir='ltr'>δὲ</span> <span class='ocrx_word' id='word_1_341' title='bbox 1632 1176 1733 1212; x_wconf 72' lang='grc' dir='ltr'>ταύτης</span> <span class='ocrx_word' id='word_1_342' title='bbox 1754 1185 1821 1212; x_wconf 83' lang='grc' dir='ltr'>προ-</span> 
     </span>
    </p>
   </div>
   <div class='ocr_carea' id='block_1_51' title="bbox 1035 1222 1829 1259">
    <p class='ocr_par' dir='ltr' id='par_1_51' title="bbox 1035 1222 1829 1259">
     <span class='ocr_line' id='line_1_51' title="bbox 1035 1222 1829 1259; baseline -0.003 -8"><span class='ocrx_word' id='word_1_343' title='bbox 1035 1224 1170 1251; x_wconf 83' lang='grc' dir='ltr'>στατεύων</span> <span class='ocrx_word' id='word_1_344' title='bbox 1181 1224 1230 1259; x_wconf 87' lang='grc' dir='ltr'><strong>τῆς</strong></span> <span class='ocrx_word' id='word_1_345' title='bbox 1238 1225 1366 1259; x_wconf 80' lang='grc' dir='ltr'>ποίμνης,</span> <span class='ocrx_word' id='word_1_346' title='bbox 1377 1223 1445 1259; x_wconf 76' lang='grc' dir='ltr'>ἀνὴρ</span> <span class='ocrx_word' id='word_1_347' title='bbox 1459 1224 1547 1258; x_wconf 85' lang='grc' dir='ltr'>πάσης</span> <span class='ocrx_word' id='word_1_348' title='bbox 1557 1222 1654 1259; x_wconf 78' lang='grc' dir='ltr'>μεστὸς</span> <span class='ocrx_word' id='word_1_349' title='bbox 1662 1222 1699 1250; x_wconf 81' lang='grc' dir='ltr'>ὢν</span> <span class='ocrx_word' id='word_1_350' title='bbox 1711 1223 1829 1258; x_wconf 81' lang='grc' dir='ltr'>ἀρετῆς,“</span> 
     </span>
    </p>
   </div>
   <div class='ocr_carea' id='block_1_52' title="bbox 1036 1269 1820 1305">
    <p class='ocr_par' dir='ltr' id='par_1_52' title="bbox 1036 1269 1820 1305">
     <span class='ocr_line' id='line_1_52' title="bbox 1036 1269 1820 1305; baseline -0.001 -9"><span class='ocrx_word' id='word_1_351' title='bbox 1036 1270 1141 1304; x_wconf 76' lang='grc' dir='ltr'><strong>ἰσχάσιν</strong></span> <span class='ocrx_word' id='word_1_352' title='bbox 1162 1270 1242 1296; x_wconf 69' lang='grc' dir='ltr'>αὑτὸν</span> <span class='ocrx_word' id='word_1_353' title='bbox 1265 1270 1316 1304; x_wconf 79' lang='grc' dir='ltr'>ἔφη</span> <span class='ocrx_word' id='word_1_354' title='bbox 1342 1269 1534 1296; x_wconf 78' lang='grc' dir='ltr'>πεντεκαίδεκα</span> <span class='ocrx_word' id='word_1_355' title='bbox 1565 1270 1748 1305; x_wconf 78' lang='grc' dir='ltr'>χρησάμενον.</span> <span class='ocrx_word' id='word_1_356' title='bbox 1771 1269 1820 1300; x_wconf 76' lang='grc' dir='ltr'><strong>τὰς</strong></span> 
     </span>
    </p>
   </div>
   <div class='ocr_carea' id='block_1_53' title="bbox 1035 1314 1823 1351">
    <p class='ocr_par' dir='ltr' id='par_1_53' title="bbox 1035 1314 1823 1351">
     <span class='ocr_line' id='line_1_53' title="bbox 1035 1314 1823 1351; baseline 0 -10"><span class='ocrx_word' id='word_1_357' title='bbox 1035 1315 1104 1342; x_wconf 79' lang='grc' dir='ltr'>ἑπτὰ</span> <span class='ocrx_word' id='word_1_358' title='bbox 1115 1315 1163 1350; x_wconf 80' lang='grc' dir='ltr'>τῆς</span> <span class='ocrx_word' id='word_1_359' title='bbox 1174 1315 1252 1349; x_wconf 80' lang='grc' dir='ltr'>ἁγίας</span> <span class='ocrx_word' id='word_1_360' title='bbox 1264 1315 1388 1351; x_wconf 73' lang='grc' dir='ltr'>νηστείας</span> <span class='ocrx_word' id='word_1_361' title='bbox 1401 1316 1511 1342; x_wconf 74' lang='grc' dir='ltr'>διελθεῖν</span> <span class='ocrx_word' id='word_1_362' title='bbox 1525 1315 1685 1350; x_wconf 76' lang='grc' dir='ltr'>ἑϐδομάδας.</span> <span class='ocrx_word' id='word_1_363' title='bbox 1698 1315 1753 1342; x_wconf 76' lang='grc' dir='ltr'><strong>Καὶ</strong></span> <span class='ocrx_word' id='word_1_364' title='bbox 1761 1314 1823 1341; x_wconf 77' lang='grc' dir='ltr'><strong>τοῦ-</strong></span> 
     </span>
    </p>
   </div>
   <div class='ocr_carea' id='block_1_54' title="bbox 1034 1362 1823 1396">
    <p class='ocr_par' dir='ltr' id='par_1_54' title="bbox 1034 1362 1823 1396">
     <span class='ocr_line' id='line_1_54' title="bbox 1034 1362 1823 1396; baseline -0.001 -8"><span class='ocrx_word' id='word_1_365' title='bbox 1034 1371 1078 1388; x_wconf 86' lang='grc' dir='ltr'><strong>τον</strong></span> <span class='ocrx_word' id='word_1_366' title='bbox 1093 1362 1244 1396; x_wconf 70' lang='grc' dir='ltr'>ἠγωνίσατο</span> <span class='ocrx_word' id='word_1_367' title='bbox 1258 1362 1303 1389; x_wconf 77' lang='grc' dir='ltr'><strong>τὸν</strong></span> <span class='ocrx_word' id='word_1_368' title='bbox 1319 1362 1410 1396; x_wconf 75' lang='grc' dir='ltr'>ἀγῶνα</span> <span class='ocrx_word' id='word_1_369' title='bbox 1426 1362 1538 1389; x_wconf 82' lang='grc' dir='ltr'>πλείονα</span> <span class='ocrx_word' id='word_1_370' title='bbox 1557 1362 1605 1396; x_wconf 74' lang='grc' dir='ltr'>μὲν</span> <span class='ocrx_word' id='word_1_371' title='bbox 1616 1362 1632 1396; x_wconf 72' lang='grc' dir='ltr'><strong>ἢ</strong></span> <span class='ocrx_word' id='word_1_372' title='bbox 1645 1362 1823 1395; x_wconf 72' lang='grc' dir='ltr'>ἐννενήκοντα</span> 
     </span>
    </p>
   </div>
   <div class='ocr_carea' id='block_1_55' title="bbox 1027 1407 1822 1444">
    <p class='ocr_par' dir='ltr' id='par_1_55' title="bbox 1027 1407 1822 1444">
     <span class='ocr_line' id='line_1_55' title="bbox 1027 1407 1822 1444; baseline -0.003 -10"><span class='ocrx_word' id='word_1_373' title='bbox 1027 1407 1081 1442; x_wconf 67' lang='grc' dir='ltr'>«ἔτη</span> <span class='ocrx_word' id='word_1_374' title='bbox 1095 1407 1243 1440; x_wconf 69' lang='grc' dir='ltr'>βεϐιωκὼς,</span> <span class='ocrx_word' id='word_1_375' title='bbox 1255 1408 1380 1444; x_wconf 77' lang='grc' dir='ltr'>ἀσθενείᾳ</span> <span class='ocrx_word' id='word_1_376' title='bbox 1390 1409 1418 1435; x_wconf 79' lang='grc' dir='ltr'>δὲ</span> <span class='ocrx_word' id='word_1_377' title='bbox 1430 1408 1599 1442; x_wconf 82' lang='grc' dir='ltr'>δυσδιηγήτῳ</span> <span class='ocrx_word' id='word_1_378' title='bbox 1607 1407 1822 1442; x_wconf 81' lang='grc' dir='ltr'>τετρυχωμένος,</span> 
     </span>
    </p>
   </div>
   <div class='ocr_carea' id='block_1_56' title="bbox 194 1452 1826 1490">
    <p class='ocr_par' dir='ltr' id='par_1_56' title="bbox 194 1452 1826 1490">
     <span class='ocr_line' id='line_1_56' title="bbox 194 1452 1826 1490; baseline 0 -12"><span class='ocrx_word' id='word_1_379' title='bbox 194 1452 262 1479; x_wconf 79' lang='grc' dir='ltr'>ἀλλὰ</span> <span class='ocrx_word' id='word_1_380' title='bbox 277 1453 328 1488; x_wconf 81' lang='grc' dir='ltr'>τῆς</span> <span class='ocrx_word' id='word_1_381' title='bbox 351 1454 491 1486; x_wconf 71' lang='grc' dir='ltr'>ἀσθενείας</span> <span class='ocrx_word' id='word_1_382' title='bbox 507 1452 541 1490; x_wconf 82' lang='grc' dir='ltr'>ἦν</span> <span class='ocrx_word' id='word_1_383' title='bbox 554 1455 685 1490; x_wconf 84' lang='grc' dir='ltr'>κρείττων</span> <span class='ocrx_word' id='word_1_384' title='bbox 704 1456 720 1490; x_wconf 84' lang='grc' dir='ltr'>ἡ</span> <span class='ocrx_word' id='word_1_385' title='bbox 739 1453 888 1490; x_wconf 82' lang='grc' dir='ltr'>προθυμία,</span> <span class='ocrx_word' id='word_1_386' title='bbox 909 1453 956 1480; x_wconf 77' lang='grc' dir='ltr'>καὶ</span> <span class='ocrx_word' id='word_1_387' title='bbox 974 1453 988 1479; x_wconf 83' lang='grc' dir='ltr'>ὁ</span> <span class='ocrx_word' id='word_1_388' title='bbox 1009 1452 1079 1483; x_wconf 80' lang='grc' dir='ltr'>θεῖος</span> <span class='ocrx_word' id='word_1_389' title='bbox 1101 1453 1182 1483; x_wconf 76' lang='grc' dir='ltr'>πόθος</span> <span class='ocrx_word' id='word_1_390' title='bbox 1207 1453 1314 1488; x_wconf 73' lang='grc' dir='ltr'>εὐμαρῆ</span> <span class='ocrx_word' id='word_1_391' title='bbox 1331 1454 1418 1480; x_wconf 76' lang='grc' dir='ltr'>πάντα</span> <span class='ocrx_word' id='word_1_392' title='bbox 1435 1453 1566 1479; x_wconf 80' lang='grc' dir='ltr'>διεδείκνυ</span> <span class='ocrx_word' id='word_1_393' title='bbox 1580 1454 1625 1479; x_wconf 70' lang='grc' dir='ltr'>καὶ</span> <span class='ocrx_word' id='word_1_394' title='bbox 1645 1453 1735 1488; x_wconf 76' lang='grc' dir='ltr'>ῥᾴδια.</span> <span class='ocrx_word' id='word_1_395' title='bbox 1748 1452 1826 1478; x_wconf 75' lang='grc' dir='ltr'>Τού-</span> 
     </span>
    </p>
   </div>
   <div class='ocr_carea' id='block_1_57' title="bbox 194 1496 1822 1537">
    <p class='ocr_par' dir='ltr' id='par_1_57' title="bbox 194 1496 1822 1537">
     <span class='ocr_line' id='line_1_57' title="bbox 194 1496 1822 1537; baseline -0.001 -12"><span class='ocrx_word' id='word_1_396' title='bbox 194 1507 252 1530; x_wconf 88' lang='grc' dir='ltr'>τοις</span> <span class='ocrx_word' id='word_1_397' title='bbox 271 1500 318 1526; x_wconf 72' lang='grc' dir='ltr'><strong>καὶ</strong></span> <span class='ocrx_word' id='word_1_398' title='bbox 335 1496 411 1532; x_wconf 74' lang='grc' dir='ltr'>οὗτος</span> <span class='ocrx_word' id='word_1_399' title='bbox 427 1502 481 1532; x_wconf 87' lang='grc' dir='ltr'>τοῖς</span> <span class='ocrx_word' id='word_1_400' title='bbox 498 1501 590 1536; x_wconf 77' lang='grc' dir='ltr'>ἱδρῶσι</span> <span class='ocrx_word' id='word_1_401' title='bbox 608 1501 829 1537; x_wconf 73' lang='grc' dir='ltr'>περιρῤεόμενος,</span> <span class='ocrx_word' id='word_1_402' title='bbox 847 1500 978 1527; x_wconf 75' lang='grc' dir='ltr'>κατέλαϐε</span> <span class='ocrx_word' id='word_1_403' title='bbox 998 1498 1045 1525; x_wconf 81' lang='grc' dir='ltr'>τοῦ</span> <span class='ocrx_word' id='word_1_404' title='bbox 1061 1499 1162 1534; x_wconf 71' lang='grc' dir='ltr'>δρόμου</span> <span class='ocrx_word' id='word_1_405' title='bbox 1186 1499 1234 1535; x_wconf 79' lang='grc' dir='ltr'>τὴν</span> <span class='ocrx_word' id='word_1_406' title='bbox 1257 1499 1369 1531; x_wconf 79' lang='grc' dir='ltr'>νύσσαν,</span> <span class='ocrx_word' id='word_1_407' title='bbox 1393 1499 1439 1526; x_wconf 78' lang='grc' dir='ltr'>καὶ</span> <span class='ocrx_word' id='word_1_408' title='bbox 1455 1499 1499 1525; x_wconf 68' lang='grc' dir='ltr'><strong>τὸν</strong></span> <span class='ocrx_word' id='word_1_409' title='bbox 1534 1498 1706 1534; x_wconf 80' lang='grc' dir='ltr'>ἀγωνοθέτην</span> <span class='ocrx_word' id='word_1_410' title='bbox 1741 1498 1822 1533; x_wconf 74' lang='grc' dir='ltr'>ὀρῶν,</span> 
     </span>
    </p>
   </div>
   <div class='ocr_carea' id='block_1_58' title="bbox 195 1545 1824 1583">
    <p class='ocr_par' dir='ltr' id='par_1_58' title="bbox 195 1545 1824 1583">
     <span class='ocr_line' id='line_1_58' title="bbox 195 1545 1824 1583; baseline -0.001 -11"><span class='ocrx_word' id='word_1_411' title='bbox 195 1547 321 1578; x_wconf 73' lang='grc' dir='ltr'>καὶτοὺς</span> <span class='ocrx_word' id='word_1_412' title='bbox 356 1548 504 1583; x_wconf 78' lang='grc' dir='ltr'>στεφάνους</span> <span class='ocrx_word' id='word_1_413' title='bbox 525 1549 628 1576; x_wconf 84' lang='grc' dir='ltr'>ποθῶν.</span> <span class='ocrx_word' id='word_1_414' title='bbox 656 1549 727 1583; x_wconf 82' lang='grc' dir='ltr'><strong>Ἐγὼ</strong></span> <span class='ocrx_word' id='word_1_415' title='bbox 749 1550 776 1575; x_wconf 82' lang='grc' dir='ltr'>δὲ</span> <span class='ocrx_word' id='word_1_416' title='bbox 804 1549 853 1583; x_wconf 75' lang='grc' dir='ltr'>τῆς</span> <span class='ocrx_word' id='word_1_417' title='bbox 873 1547 1021 1583; x_wconf 76' lang='grc' dir='ltr'>πρεσϐείας</span> <span class='ocrx_word' id='word_1_418' title='bbox 1039 1547 1146 1582; x_wconf 78' lang='grc' dir='ltr'>ἐκείνης</span> <span class='ocrx_word' id='word_1_419' title='bbox 1173 1549 1265 1582; x_wconf 83' lang='grc' dir='ltr'>τυχεῖν</span> <span class='ocrx_word' id='word_1_420' title='bbox 1287 1547 1365 1580; x_wconf 79' lang='grc' dir='ltr'>ἀξιῶ,</span> <span class='ocrx_word' id='word_1_421' title='bbox 1391 1545 1424 1583; x_wconf 85' lang='grc' dir='ltr'>ἧς</span> <span class='ocrx_word' id='word_1_422' title='bbox 1444 1548 1483 1574; x_wconf 73' lang='grc' dir='ltr'>ἔτι</span> <span class='ocrx_word' id='word_1_423' title='bbox 1506 1547 1646 1582; x_wconf 80' lang='grc' dir='ltr'>περιόντος</span> <span class='ocrx_word' id='word_1_424' title='bbox 1674 1546 1824 1581; x_wconf 78' lang='grc' dir='ltr'>ἁπήλαυον.</span> 
     </span>
    </p>
   </div>
   <div class='ocr_carea' id='block_1_59' title="bbox 196 1593 1396 1630">
    <p class='ocr_par' dir='ltr' id='par_1_59' title="bbox 196 1593 1396 1630">
     <span class='ocr_line' id='line_1_59' title="bbox 196 1593 1396 1630; baseline 0.001 -11"><span class='ocrx_word' id='word_1_425' title='bbox 196 1594 259 1628; x_wconf 69' lang='grc' dir='ltr'><strong>Ζῇν.</strong></span> <span class='ocrx_word' id='word_1_426' title='bbox 277 1593 331 1630; x_wconf 76' lang='grc' dir='ltr'><strong>γὰρ</strong></span> <span class='ocrx_word' id='word_1_427' title='bbox 352 1594 433 1620; x_wconf 77' lang='grc' dir='ltr'>αὐτὸν</span> <span class='ocrx_word' id='word_1_428' title='bbox 453 1595 584 1627; x_wconf 81' lang='grc' dir='ltr'>πιστεύω,</span> <span class='ocrx_word' id='word_1_429' title='bbox 612 1596 658 1622; x_wconf 86' lang='grc' dir='ltr'>καὶ</span> <span class='ocrx_word' id='word_1_430' title='bbox 686 1595 878 1630; x_wconf 71' lang='grc' dir='ltr'>καθαρωτέραν</span> <span class='ocrx_word' id='word_1_431' title='bbox 905 1594 976 1629; x_wconf 77' lang='grc' dir='ltr'>ἔχειν</span> <span class='ocrx_word' id='word_1_432' title='bbox 995 1593 1064 1628; x_wconf 76' lang='grc' dir='ltr'>πρὸς</span> <span class='ocrx_word' id='word_1_433' title='bbox 1079 1594 1125 1620; x_wconf 71' lang='grc' dir='ltr'><strong>τὸν</strong></span> <span class='ocrx_word' id='word_1_434' title='bbox 1143 1593 1208 1620; x_wconf 68' lang='grc' dir='ltr'>Θεὸν</span> <span class='ocrx_word' id='word_1_435' title='bbox 1228 1594 1396 1629; x_wconf 75' lang='grc' dir='ltr'>παρῤησίαν.</span> 
     </span>
    </p>
   </div>
   <div class='ocr_carea' id='block_1_60' title="bbox 425 1660 773 1688">
    <p class='ocr_par' dir='ltr' id='par_1_60' title="bbox 425 1660 773 1688">
     <span class='ocr_line' id='line_1_60' title="bbox 425 1660 773 1688; baseline 0 0"><span class='ocrx_word' id='word_1_436' title='bbox 425 1660 495 1688; x_wconf 77' lang='lat' dir='ltr'><strong>XIX.</strong></span> <span class='ocrx_word' id='word_1_437' title='bbox 510 1676 545 1681; x_wconf 95' lang='lat'><strong><em>—</em></strong></span> <span class='ocrx_word' id='word_1_438' title='bbox 557 1661 773 1688; x_wconf 75' lang='lat' dir='ltr'><strong>SALAMANES.</strong></span> 
     </span>
    </p>
   </div>
   <div class='ocr_carea' id='block_1_61' title="bbox 233 1726 983 1765">
    <p class='ocr_par' dir='ltr' id='par_1_61' title="bbox 233 1726 983 1765">
     <span class='ocr_line' id='line_1_61' title="bbox 233 1726 983 1765; baseline 0.005 -13"><span class='ocrx_word' id='word_1_439' title='bbox 233 1726 362 1761; x_wconf 87' lang='lat' dir='ltr'><strong>lnjuriam</strong></span> <span class='ocrx_word' id='word_1_440' title='bbox 371 1727 465 1755; x_wconf 83' lang='lat' dir='ltr'><strong>virtuti</strong></span> <span class='ocrx_word' id='word_1_441' title='bbox 476 1728 611 1756; x_wconf 86' lang='lat' dir='ltr'><strong>facturum</strong></span> <span class='ocrx_word' id='word_1_442' title='bbox 622 1737 664 1757; x_wconf 89' lang='lat' dir='ltr'><strong>me</strong></span> <span class='ocrx_word' id='word_1_443' title='bbox 674 1733 786 1765; x_wconf 87' lang='lat' dir='ltr'><strong>putans,</strong></span> <span class='ocrx_word' id='word_1_444' title='bbox 797 1730 819 1757; x_wconf 85' lang='lat' dir='ltr'><strong>si</strong></span> <span class='ocrx_word' id='word_1_445' title='bbox 832 1728 983 1756; x_wconf 87' lang='lat' dir='ltr'><strong>admirandi</strong></span> 
     </span>
    </p>
   </div>
   <div class='ocr_carea' id='block_1_62' title="bbox 198 1773 983 1809">
    <p class='ocr_par' dir='ltr' id='par_1_62' title="bbox 198 1773 983 1809">
     <span class='ocr_line' id='line_1_62' title="bbox 198 1773 983 1809; baseline 0.005 -10"><span class='ocrx_word' id='word_1_446' title='bbox 198 1773 353 1800; x_wconf 83' lang='lat' dir='ltr'><strong>Salamanis</strong></span> <span class='ocrx_word' id='word_1_447' title='bbox 370 1774 453 1800; x_wconf 90' lang='lat' dir='ltr'><strong>vitam</strong></span> <span class='ocrx_word' id='word_1_448' title='bbox 471 1775 694 1803; x_wconf 88' lang='lat' dir='ltr'><strong>desiderantibus</strong></span> <span class='ocrx_word' id='word_1_449' title='bbox 713 1783 768 1803; x_wconf 91' lang='lat' dir='ltr'><strong>non</strong></span> <span class='ocrx_word' id='word_1_450' title='bbox 784 1775 914 1809; x_wconf 87' lang='lat' dir='ltr'><strong>indicem,</strong></span> <span class='ocrx_word' id='word_1_451' title='bbox 935 1776 983 1804; x_wconf 89' lang='lat' dir='ltr'><strong>sed</strong></span> 
     </span>
    </p>
   </div>
   <div class='ocr_carea' id='block_1_63' title="bbox 197 1819 983 1856">
    <p class='ocr_par' dir='ltr' id='par_1_63' title="bbox 197 1819 983 1856">
     <span class='ocr_line' id='line_1_63' title="bbox 197 1819 983 1856; baseline 0.003 -9"><span class='ocrx_word' id='word_1_452' title='bbox 197 1819 335 1847; x_wconf 89' lang='lat' dir='ltr'><strong>oblivione</strong></span> <span class='ocrx_word' id='word_1_453' title='bbox 348 1819 428 1847; x_wconf 89' lang='lat' dir='ltr'><strong>obrui</strong></span> <span class='ocrx_word' id='word_1_454' title='bbox 443 1821 544 1853; x_wconf 80' lang='lat' dir='ltr'><strong>sinam,</strong></span> <span class='ocrx_word' id='word_1_455' title='bbox 556 1821 617 1856; x_wconf 90' lang='lat' dir='ltr'><strong>ejus</strong></span> <span class='ocrx_word' id='word_1_456' title='bbox 626 1822 784 1849; x_wconf 88' lang='lat' dir='ltr'><strong>summatim</strong></span> <span class='ocrx_word' id='word_1_457' title='bbox 797 1822 983 1849; x_wconf 82' lang='lat' dir='ltr'><strong>narrationem</strong></span> 
     </span>
    </p>
   </div>
   <div class='ocr_carea' id='block_1_64' title="bbox 196 1863 984 1902">
    <p class='ocr_par' dir='ltr' id='par_1_64' title="bbox 196 1863 984 1902">
     <span class='ocr_line' id='line_1_64' title="bbox 196 1863 984 1902; baseline 0.004 -11"><span class='ocrx_word' id='word_1_458' title='bbox 196 1864 350 1900; x_wconf 73' lang='lat' dir='ltr'><strong>aggrediar.</strong></span> <span class='ocrx_word' id='word_1_459' title='bbox 368 1863 452 1893; x_wconf 86' lang='lat' dir='ltr'><strong>Vicus</strong></span> <span class='ocrx_word' id='word_1_460' title='bbox 468 1870 510 1894; x_wconf 88' lang='lat' dir='ltr'><strong>est</strong></span> <span class='ocrx_word' id='word_1_461' title='bbox 527 1867 560 1894; x_wconf 87' lang='lat' dir='ltr'><strong>ad</strong></span> <span class='ocrx_word' id='word_1_462' title='bbox 574 1867 746 1895; x_wconf 84' lang='lat' dir='ltr'><strong>Occidentem</strong></span> <span class='ocrx_word' id='word_1_463' title='bbox 763 1867 837 1894; x_wconf 75' lang='lat' dir='ltr'><strong>ﬂurii</strong></span> <span class='ocrx_word' id='word_1_464' title='bbox 859 1867 984 1902; x_wconf 81' lang='lat' dir='ltr'><strong>Euphra-</strong></span> 
     </span>
    </p>
   </div>
   <div class='ocr_carea' id='block_1_65' title="bbox 196 1912 985 1949">
    <p class='ocr_par' dir='ltr' id='par_1_65' title="bbox 196 1912 985 1949">
     <span class='ocr_line' id='line_1_65' title="bbox 196 1912 985 1949; baseline 0.004 -11"><span class='ocrx_word' id='word_1_465' title='bbox 196 1913 243 1944; x_wconf 88' lang='lat' dir='ltr'><strong>tis,</strong></span> <span class='ocrx_word' id='word_1_466' title='bbox 265 1912 316 1947; x_wconf 87' lang='lat' dir='ltr'><strong>ipsi</strong></span> <span class='ocrx_word' id='word_1_467' title='bbox 333 1914 400 1949; x_wconf 67' lang='lat' dir='ltr'><strong>ripa:</strong></span> <span class='ocrx_word' id='word_1_468' title='bbox 424 1913 582 1944; x_wconf 86' lang='lat' dir='ltr'><strong>imminens,</strong></span> <span class='ocrx_word' id='word_1_469' title='bbox 598 1913 756 1948; x_wconf 86' lang='lat' dir='ltr'><strong>Capersana</strong></span> <span class='ocrx_word' id='word_1_470' title='bbox 772 1914 893 1941; x_wconf 88' lang='lat' dir='ltr'><strong>nomine.</strong></span> <span class='ocrx_word' id='word_1_471' title='bbox 918 1913 985 1942; x_wconf 88' lang='lat' dir='ltr'><strong>llinc</strong></span> 
     </span>
    </p>
   </div>
   <div class='ocr_carea' id='block_1_66' title="bbox 196 1958 983 1993">
    <p class='ocr_par' dir='ltr' id='par_1_66' title="bbox 196 1958 983 1993">
     <span class='ocr_line' id='line_1_66' title="bbox 196 1958 983 1993; baseline 0.003 -9"><span class='ocrx_word' id='word_1_472' title='bbox 196 1962 277 1985; x_wconf 86' lang='lat' dir='ltr'><strong>ortus</strong></span> <span class='ocrx_word' id='word_1_473' title='bbox 293 1959 349 1991; x_wconf 86' lang='lat' dir='ltr'><strong>ille,</strong></span> <span class='ocrx_word' id='word_1_474' title='bbox 365 1966 426 1986; x_wconf 91' lang='lat' dir='ltr'><strong>cum</strong></span> <span class='ocrx_word' id='word_1_475' title='bbox 444 1958 477 1985; x_wconf 87' lang='lat' dir='ltr'><strong>ad</strong></span> <span class='ocrx_word' id='word_1_476' title='bbox 490 1958 610 1993; x_wconf 80' lang='lat' dir='ltr'><strong>quietam</strong></span> <span class='ocrx_word' id='word_1_477' title='bbox 624 1958 707 1985; x_wconf 86' lang='lat' dir='ltr'><strong>vitam</strong></span> <span class='ocrx_word' id='word_1_478' title='bbox 726 1959 847 1986; x_wconf 91' lang='lat' dir='ltr'><strong>animum</strong></span> <span class='ocrx_word' id='word_1_479' title='bbox 869 1959 983 1993; x_wconf 85' lang='lat' dir='ltr'><strong>adjecis-</strong></span> 
     </span>
    </p>
   </div>
   <div class='ocr_carea' id='block_1_67' title="bbox 197 2003 984 2036">
    <p class='ocr_par' dir='ltr' id='par_1_67' title="bbox 197 2003 984 2036">
     <span class='ocr_line' id='line_1_67' title="bbox 197 2003 984 2036; baseline 0.003 -7"><span class='ocrx_word' id='word_1_480' title='bbox 197 2007 250 2033; x_wconf 86' lang='lat' dir='ltr'><strong>set.</strong></span> <span class='ocrx_word' id='word_1_481' title='bbox 272 2003 467 2030; x_wconf 90' lang='lat' dir='ltr'><strong>domunculam</strong></span> <span class='ocrx_word' id='word_1_482' title='bbox 485 2003 512 2030; x_wconf 93' lang='lat' dir='ltr'><strong>in</strong></span> <span class='ocrx_word' id='word_1_483' title='bbox 529 2003 658 2031; x_wconf 86' lang='lat' dir='ltr'><strong>ulteriore</strong></span> <span class='ocrx_word' id='word_1_484' title='bbox 673 2004 735 2031; x_wconf 87' lang='lat' dir='ltr'><strong>vico</strong></span> <span class='ocrx_word' id='word_1_485' title='bbox 757 2008 865 2036; x_wconf 86' lang='lat' dir='ltr'><strong>nactus,</strong></span> <span class='ocrx_word' id='word_1_486' title='bbox 883 2004 909 2031; x_wconf 87' lang='lat' dir='ltr'><strong>i&#39;n</strong></span> <span class='ocrx_word' id='word_1_487' title='bbox 924 2012 984 2031; x_wconf 92' lang='lat' dir='ltr'><strong>eam</strong></span> 
     </span>
    </p>
   </div>
   <div class='ocr_carea' id='block_1_68' title="bbox 198 2048 984 2082">
    <p class='ocr_par' dir='ltr' id='par_1_68' title="bbox 198 2048 984 2082">
     <span class='ocr_line' id='line_1_68' title="bbox 198 2048 984 2082; baseline 0.001 -7"><span class='ocrx_word' id='word_1_488' title='bbox 198 2048 365 2082; x_wconf 83' lang='lat' dir='ltr'><strong>seinciusit,</strong></span> <span class='ocrx_word' id='word_1_489' title='bbox 385 2057 436 2077; x_wconf 84' lang='lat' dir='ltr'><strong>nec</strong></span> <span class='ocrx_word' id='word_1_490' title='bbox 453 2049 526 2076; x_wconf 86' lang='lat' dir='ltr'><strong>ostio</strong></span> <span class='ocrx_word' id='word_1_491' title='bbox 542 2050 651 2081; x_wconf 88' lang='lat' dir='ltr'><strong>relicto,</strong></span> <span class='ocrx_word' id='word_1_492' title='bbox 667 2057 718 2077; x_wconf 90' lang='lat' dir='ltr'><strong>ncc</strong></span> <span class='ocrx_word' id='word_1_493' title='bbox 745 2049 876 2077; x_wconf 76' lang='lat' dir='ltr'><strong>fenestra.</strong></span> <span class='ocrx_word' id='word_1_494' title='bbox 895 2049 984 2078; x_wconf 88' lang='lat' dir='ltr'><strong>Semel</strong></span> 
     </span>
    </p>
   </div>
   <div class='ocr_carea' id='block_1_69' title="bbox 197 2095 983 2130">
    <p class='ocr_par' dir='ltr' id='par_1_69' title="bbox 197 2095 983 2130">
     <span class='ocr_line' id='line_1_69' title="bbox 197 2095 983 2130; baseline -0.001 -7"><span class='ocrx_word' id='word_1_495' title='bbox 197 2099 288 2123; x_wconf 72' lang='lat' dir='ltr'><strong>n‘ttem</strong></span> <span class='ocrx_word' id='word_1_496' title='bbox 318 2096 469 2130; x_wconf 88' lang='lat' dir='ltr'><strong>quotannis</strong></span> <span class='ocrx_word' id='word_1_497' title='bbox 495 2099 597 2123; x_wconf 82' lang='lat' dir='ltr'><strong>terram</strong></span> <span class='ocrx_word' id='word_1_498' title='bbox 624 2095 786 2127; x_wconf 83' lang='lat' dir='ltr'><strong>suffodiens.</strong></span> <span class='ocrx_word' id='word_1_499' title='bbox 805 2096 890 2124; x_wconf 88' lang='lat' dir='ltr'><strong>totius</strong></span> <span class='ocrx_word' id='word_1_500' title='bbox 919 2096 983 2122; x_wconf 88' lang='lat' dir='ltr'><strong>anni</strong></span> 
     </span>
    </p>
   </div>
   <div class='ocr_carea' id='block_1_70' title="bbox 197 2139 986 2174">
    <p class='ocr_par' dir='ltr' id='par_1_70' title="bbox 197 2139 986 2174">
     <span class='ocr_line' id='line_1_70' title="bbox 197 2139 986 2174; baseline 0.003 -10"><span class='ocrx_word' id='word_1_501' title='bbox 197 2139 357 2167; x_wconf 77' lang='lat' dir='ltr'><strong>alimentum</strong></span> <span class='ocrx_word' id='word_1_502' title='bbox 388 2139 550 2174; x_wconf 87' lang='lat' dir='ltr'><strong>accipiebat,</strong></span> <span class='ocrx_word' id='word_1_503' title='bbox 566 2147 627 2166; x_wconf 90' lang='lat' dir='ltr'><strong>eum</strong></span> <span class='ocrx_word' id='word_1_504' title='bbox 648 2139 723 2166; x_wconf 92' lang='lat' dir='ltr'><strong>nullo</strong></span> <span class='ocrx_word' id='word_1_505' title='bbox 737 2147 857 2174; x_wconf 88' lang='lat' dir='ltr'><strong>unquam</strong></span> <span class='ocrx_word' id='word_1_506' title='bbox 876 2140 986 2167; x_wconf 86' lang='lat' dir='ltr'><strong>homine</strong></span> 
     </span>
    </p>
   </div>
   <div class='ocr_carea' id='block_1_71' title="bbox 197 2180 984 2220">
    <p class='ocr_par' dir='ltr' id='par_1_71' title="bbox 197 2180 984 2220">
     <span class='ocr_line' id='line_1_71' title="bbox 197 2180 984 2220; baseline 0.003 -10"><span class='ocrx_word' id='word_1_507' title='bbox 197 2185 323 2220; x_wconf 82' lang='lat' dir='ltr'><strong>loquens.</strong></span> <span class='ocrx_word' id='word_1_508' title='bbox 342 2185 374 2213; x_wconf 86' lang='lat' dir='ltr'><strong>Et</strong></span> <span class='ocrx_word' id='word_1_509' title='bbox 399 2185 472 2212; x_wconf 91' lang='lat' dir='ltr'><strong>bunc</strong></span> <span class='ocrx_word' id='word_1_510' title='bbox 498 2185 524 2212; x_wconf 96' lang='lat' dir='ltr'><strong>in</strong></span> <span class='ocrx_word' id='word_1_511' title='bbox 541 2185 652 2212; x_wconf 92' lang='lat' dir='ltr'><strong>modum</strong></span> <span class='ocrx_word' id='word_1_512' title='bbox 683 2193 737 2212; x_wconf 88' lang='lat' dir='ltr'><strong>non</strong></span> <span class='ocrx_word' id='word_1_513' title='bbox 756 2180 843 2217; x_wconf 78' lang='lat' dir='ltr'><strong>brevi,</strong></span> <span class='ocrx_word' id='word_1_514' title='bbox 863 2185 909 2212; x_wconf 90' lang='lat' dir='ltr'><strong>sed</strong></span> <span class='ocrx_word' id='word_1_515' title='bbox 927 2185 984 2212; x_wconf 93' lang='lat' dir='ltr'><strong>lon-</strong></span> 
     </span>
    </p>
   </div>
   <div class='ocr_carea' id='block_1_72' title="bbox 196 2231 985 2267">
    <p class='ocr_par' dir='ltr' id='par_1_72' title="bbox 196 2231 985 2267">
     <span class='ocr_line' id='line_1_72' title="bbox 196 2231 985 2267; baseline 0 -9"><span class='ocrx_word' id='word_1_516' title='bbox 196 2231 309 2265; x_wconf 76' lang='lat' dir='ltr'><strong>gissimo</strong></span> <span class='ocrx_word' id='word_1_517' title='bbox 327 2235 449 2267; x_wconf 87' lang='lat' dir='ltr'><strong>tempore</strong></span> <span class='ocrx_word' id='word_1_518' title='bbox 479 2231 677 2267; x_wconf 80' lang='lat' dir='ltr'><strong>perseveravit.</strong></span> <span class='ocrx_word' id='word_1_519' title='bbox 693 2231 818 2259; x_wconf 72' lang='lat' dir='ltr'><strong>Civitatis</strong></span> <span class='ocrx_word' id='word_1_520' title='bbox 835 2239 911 2262; x_wconf 75' lang='lat' dir='ltr'><strong>vero.</strong></span> <span class='ocrx_word' id='word_1_521' title='bbox 941 2231 985 2258; x_wconf 83' lang='lat' dir='ltr'><strong>cui</strong></span> 
     </span>
    </p>
   </div>
   <div class='ocr_carea' id='block_1_73' title="bbox 195 2277 986 2313">
    <p class='ocr_par' dir='ltr' id='par_1_73' title="bbox 195 2277 986 2313">
     <span class='ocr_line' id='line_1_73' title="bbox 195 2277 986 2313; baseline 0 -9"><span class='ocrx_word' id='word_1_522' title='bbox 195 2278 273 2306; x_wconf 86' lang='lat' dir='ltr'><strong>vicus</strong></span> <span class='ocrx_word' id='word_1_523' title='bbox 301 2279 423 2310; x_wconf 81' lang='lat' dir='ltr'><strong>suberat.</strong></span> <span class='ocrx_word' id='word_1_524' title='bbox 453 2279 581 2310; x_wconf 79' lang='lat' dir='ltr'><strong>antistes,</strong></span> <span class='ocrx_word' id='word_1_525' title='bbox 597 2279 650 2305; x_wconf 88' lang='lat' dir='ltr'><strong>viri</strong></span> <span class='ocrx_word' id='word_1_526' title='bbox 679 2278 788 2313; x_wconf 81' lang='lat' dir='ltr'><strong>cognita</strong></span> <span class='ocrx_word' id='word_1_527' title='bbox 811 2277 920 2310; x_wconf 86' lang='lat' dir='ltr'><strong>virtute,</strong></span> <span class='ocrx_word' id='word_1_528' title='bbox 942 2285 986 2304; x_wconf 88' lang='lat' dir='ltr'><strong>sa-</strong></span> 
     </span>
    </p>
   </div>
   <div class='ocr_carea' id='block_1_74' title="bbox 195 2317 1022 2358">
    <p class='ocr_par' dir='ltr' id='par_1_74' title="bbox 195 2317 1022 2358">
     <span class='ocr_line' id='line_1_74' title="bbox 195 2317 1022 2358; baseline 0 -8"><span class='ocrx_word' id='word_1_529' title='bbox 195 2324 310 2351; x_wconf 76' lang='lat' dir='ltr'><strong>cerdotii</strong></span> <span class='ocrx_word' id='word_1_530' title='bbox 325 2324 428 2352; x_wconf 91' lang='lat' dir='ltr'><strong>donum</strong></span> <span class='ocrx_word' id='word_1_531' title='bbox 455 2324 560 2358; x_wconf 81' lang='lat'><strong>1232</strong></span> <span class='ocrx_word' id='word_1_532' title='bbox 590 2324 781 2358; x_wconf 80' lang='lat' dir='ltr'><strong>impartireilll</strong></span> <span class='ocrx_word' id='word_1_533' title='bbox 808 2324 933 2358; x_wconf 83' lang='lat' dir='ltr'><strong>cupiens,</strong></span> <span class='ocrx_word' id='word_1_534' title='bbox 949 2324 982 2351; x_wconf 89' lang='lat' dir='ltr'><strong>ad</strong></span> <span class='ocrx_word' id='word_1_535' title='bbox 1000 2317 1022 2344; x_wconf 74' lang='grc' dir='ltr'>ί)</span> 
     </span>
    </p>
   </div>
   <div class='ocr_carea' id='block_1_75' title="bbox 195 2369 982 2404">
    <p class='ocr_par' dir='ltr' id='par_1_75' title="bbox 195 2369 982 2404">
     <span class='ocr_line' id='line_1_75' title="bbox 195 2369 982 2404; baseline 0 -8"><span class='ocrx_word' id='word_1_536' title='bbox 195 2378 257 2397; x_wconf 90' lang='lat' dir='ltr'><strong>eum</strong></span> <span class='ocrx_word' id='word_1_537' title='bbox 276 2370 359 2402; x_wconf 89' lang='lat' dir='ltr'><strong>venit,</strong></span> <span class='ocrx_word' id='word_1_538' title='bbox 378 2374 405 2397; x_wconf 90' lang='lat' dir='ltr'><strong>et</strong></span> <span class='ocrx_word' id='word_1_539' title='bbox 422 2369 534 2396; x_wconf 69' lang='lat' dir='ltr'><strong>effracta</strong></span> <span class='ocrx_word' id='word_1_540' title='bbox 551 2369 723 2396; x_wconf 60' lang='lat' dir='ltr'><strong>domunculae</strong></span> <span class='ocrx_word' id='word_1_541' title='bbox 749 2375 825 2403; x_wconf 89' lang='lat' dir='ltr'><strong>parte</strong></span> <span class='ocrx_word' id='word_1_542' title='bbox 842 2370 982 2404; x_wconf 81' lang='lat' dir='ltr'><strong>ingressus</strong></span> 
     </span>
    </p>
   </div>
   <div class='ocr_carea' id='block_1_76' title="bbox 196 2415 982 2450">
    <p class='ocr_par' dir='ltr' id='par_1_76' title="bbox 196 2415 982 2450">
     <span class='ocr_line' id='line_1_76' title="bbox 196 2415 982 2450; baseline -0.003 -7"><span class='ocrx_word' id='word_1_543' title='bbox 196 2419 250 2448; x_wconf 75' lang='lat' dir='ltr'><strong>est,</strong></span> <span class='ocrx_word' id='word_1_544' title='bbox 267 2423 378 2442; x_wconf 89' lang='lat' dir='ltr'><strong>manum</strong></span> <span class='ocrx_word' id='word_1_545' title='bbox 391 2415 429 2442; x_wconf 91' lang='lat' dir='ltr'><strong>illi</strong></span> <span class='ocrx_word' id='word_1_546' title='bbox 445 2415 588 2449; x_wconf 80' lang='lat' dir='ltr'><strong>imposuit,</strong></span> <span class='ocrx_word' id='word_1_547' title='bbox 607 2416 850 2450; x_wconf 81' lang='lat' dir='ltr'><strong>precationemque</strong></span> <span class='ocrx_word' id='word_1_548' title='bbox 867 2415 982 2450; x_wconf 74' lang='lat' dir='ltr'><strong>peregit,</strong></span> 
     </span>
    </p>
   </div>
   <div class='ocr_carea' id='block_1_77' title="bbox 197 2459 982 2496">
    <p class='ocr_par' dir='ltr' id='par_1_77' title="bbox 197 2459 982 2496">
     <span class='ocr_line' id='line_1_77' title="bbox 197 2459 982 2496; baseline 0 -9"><span class='ocrx_word' id='word_1_549' title='bbox 197 2460 345 2496; x_wconf 85' lang='lat' dir='ltr'><strong>multisque</strong></span> <span class='ocrx_word' id='word_1_550' title='bbox 358 2461 435 2487; x_wconf 90' lang='lat' dir='ltr'><strong>illum</strong></span> <span class='ocrx_word' id='word_1_551' title='bbox 456 2459 550 2486; x_wconf 84' lang='lat' dir='ltr'><strong>verbis</strong></span> <span class='ocrx_word' id='word_1_552' title='bbox 569 2459 679 2491; x_wconf 77' lang='lat' dir='ltr'><strong>affatus,</strong></span> <span class='ocrx_word' id='word_1_553' title='bbox 694 2461 811 2495; x_wconf 80' lang='lat' dir='ltr'><strong>gratiam</strong></span> <span class='ocrx_word' id='word_1_554' title='bbox 826 2469 879 2496; x_wconf 84' lang='lat' dir='ltr'><strong>qua</strong></span> <span class='ocrx_word' id='word_1_555' title='bbox 894 2461 982 2488; x_wconf 85' lang='lat' dir='ltr'><strong>dona-</strong></span> 
     </span>
    </p>
   </div>
   <div class='ocr_carea' id='block_1_78' title="bbox 196 2505 983 2540">
    <p class='ocr_par' dir='ltr' id='par_1_78' title="bbox 196 2505 983 2540">
     <span class='ocr_line' id='line_1_78' title="bbox 196 2505 983 2540; baseline 0.003 -9"><span class='ocrx_word' id='word_1_556' title='bbox 196 2512 242 2534; x_wconf 82' lang='lat' dir='ltr'><strong>tus</strong></span> <span class='ocrx_word' id='word_1_557' title='bbox 253 2505 342 2533; x_wconf 88' lang='lat' dir='ltr'><strong>fuerat</strong></span> <span class='ocrx_word' id='word_1_558' title='bbox 358 2505 497 2537; x_wconf 84' lang='lat' dir='ltr'><strong>indicavit,</strong></span> <span class='ocrx_word' id='word_1_559' title='bbox 526 2505 656 2540; x_wconf 86' lang='lat' dir='ltr'><strong>nullaque</strong></span> <span class='ocrx_word' id='word_1_560' title='bbox 667 2506 701 2533; x_wconf 87' lang='lat' dir='ltr'><strong>ab</strong></span> <span class='ocrx_word' id='word_1_561' title='bbox 713 2514 745 2533; x_wconf 89' lang='lat' dir='ltr'><strong>eo</strong></span> <span class='ocrx_word' id='word_1_562' title='bbox 774 2514 903 2539; x_wconf 79' lang='lat' dir='ltr'><strong>expressa</strong></span> <span class='ocrx_word' id='word_1_563' title='bbox 917 2514 983 2534; x_wconf 89' lang='lat' dir='ltr'><strong>voce</strong></span> 
     </span>
    </p>
   </div>
   <div class='ocr_carea' id='block_1_79' title="bbox 196 2551 981 2586">
    <p class='ocr_par' dir='ltr' id='par_1_79' title="bbox 196 2551 981 2586">
     <span class='ocr_line' id='line_1_79' title="bbox 196 2551 981 2586; baseline 0.004 -9"><span class='ocrx_word' id='word_1_564' title='bbox 196 2552 336 2583; x_wconf 81' lang='lat' dir='ltr'><strong>discessit,</strong></span> <span class='ocrx_word' id='word_1_565' title='bbox 359 2555 386 2578; x_wconf 88' lang='lat' dir='ltr'><strong>et</strong></span> <span class='ocrx_word' id='word_1_566' title='bbox 400 2551 489 2578; x_wconf 92' lang='lat' dir='ltr'><strong>diruta</strong></span> <span class='ocrx_word' id='word_1_567' title='bbox 510 2553 661 2579; x_wconf 89' lang='lat' dir='ltr'><strong>restaurari</strong></span> <span class='ocrx_word' id='word_1_568' title='bbox 677 2552 771 2586; x_wconf 90' lang='lat' dir='ltr'><strong>jussit.</strong></span> <span class='ocrx_word' id='word_1_569' title='bbox 799 2553 859 2579; x_wconf 77' lang='lat' dir='ltr'><strong>Alio</strong></span> <span class='ocrx_word' id='word_1_570' title='bbox 883 2561 981 2581; x_wconf 88' lang='lat' dir='ltr'><strong>rursus</strong></span> 
     </span>
    </p>
   </div>
   <div class='ocr_carea' id='block_1_80' title="bbox 197 2596 984 2632">
    <p class='ocr_par' dir='ltr' id='par_1_80' title="bbox 197 2596 984 2632">
     <span class='ocr_line' id='line_1_80' title="bbox 197 2596 984 2632; baseline 0.003 -8"><span class='ocrx_word' id='word_1_571' title='bbox 197 2603 329 2632; x_wconf 81' lang='lat' dir='ltr'><strong>tempore,</strong></span> <span class='ocrx_word' id='word_1_572' title='bbox 340 2596 393 2624; x_wconf 84' lang='lat' dir='ltr'><strong>vici</strong></span> <span class='ocrx_word' id='word_1_573' title='bbox 406 2597 466 2631; x_wconf 88' lang='lat' dir='ltr'><strong>ejus</strong></span> <span class='ocrx_word' id='word_1_574' title='bbox 481 2597 580 2625; x_wconf 86' lang='lat' dir='ltr'><strong>natalis</strong></span> <span class='ocrx_word' id='word_1_575' title='bbox 591 2598 695 2630; x_wconf 63' lang='lat' dir='ltr'><strong>incolae,</strong></span> <span class='ocrx_word' id='word_1_576' title='bbox 706 2598 787 2625; x_wconf 90' lang='lat' dir='ltr'><strong>lluvio</strong></span> <span class='ocrx_word' id='word_1_577' title='bbox 801 2603 880 2626; x_wconf 82' lang='lat' dir='ltr'><strong>noctu</strong></span> <span class='ocrx_word' id='word_1_578' title='bbox 895 2603 984 2627; x_wconf 87' lang='lat' dir='ltr'><strong>trans-</strong></span> 
     </span>
    </p>
   </div>
   <div class='ocr_carea' id='block_1_81' title="bbox 197 2642 983 2678">
    <p class='ocr_par' dir='ltr' id='par_1_81' title="bbox 197 2642 983 2678">
     <span class='ocr_line' id='line_1_81' title="bbox 197 2642 983 2678; baseline 0.001 -9"><span class='ocrx_word' id='word_1_579' title='bbox 197 2643 293 2674; x_wconf 88' lang='lat' dir='ltr'><strong>misso,</strong></span> <span class='ocrx_word' id='word_1_580' title='bbox 322 2642 500 2678; x_wconf 86' lang='lat' dir='ltr'><strong>perfossaque</strong></span> <span class='ocrx_word' id='word_1_581' title='bbox 529 2642 706 2675; x_wconf 85' lang='lat' dir='ltr'><strong>domuncula,</strong></span> <span class='ocrx_word' id='word_1_582' title='bbox 735 2643 871 2670; x_wconf 87' lang='lat' dir='ltr'><strong>sublatum</strong></span> <span class='ocrx_word' id='word_1_583' title='bbox 890 2644 983 2676; x_wconf 77' lang='lat' dir='ltr'><strong>illuni,</strong></span> 
     </span>
    </p>
   </div>
   <div class='ocr_carea' id='block_1_82' title="bbox 198 2687 982 2720">
    <p class='ocr_par' dir='ltr' id='par_1_82' title="bbox 198 2687 982 2720">
     <span class='ocr_line' id='line_1_82' title="bbox 198 2687 982 2720; baseline 0.001 -5"><span class='ocrx_word' id='word_1_584' title='bbox 198 2695 249 2716; x_wconf 90' lang='lat' dir='ltr'><strong>nec</strong></span> <span class='ocrx_word' id='word_1_585' title='bbox 264 2687 441 2719; x_wconf 81' lang='lat' dir='ltr'><strong>renitentem.</strong></span> <span class='ocrx_word' id='word_1_586' title='bbox 454 2689 462 2698; x_wconf 85' lang='lat'><strong>&#39;</strong></span> <span class='ocrx_word' id='word_1_587' title='bbox 475 2696 524 2716; x_wconf 91' lang='lat' dir='ltr'><strong>nec</strong></span> <span class='ocrx_word' id='word_1_588' title='bbox 548 2693 723 2720; x_wconf 84' lang='lat' dir='ltr'><strong>annuentcm,</strong></span> <span class='ocrx_word' id='word_1_589' title='bbox 743 2688 770 2716; x_wconf 93' lang='lat' dir='ltr'><strong>in</strong></span> <span class='ocrx_word' id='word_1_590' title='bbox 787 2690 876 2716; x_wconf 83' lang='lat' dir='ltr'><strong>vicum</strong></span> <span class='ocrx_word' id='word_1_591' title='bbox 903 2697 982 2716; x_wconf 90' lang='lat' dir='ltr'><strong>suum</strong></span> 
     </span>
    </p>
   </div>
   <div class='ocr_carea' id='block_1_83' title="bbox 196 2734 984 2769">
    <p class='ocr_par' dir='ltr' id='par_1_83' title="bbox 196 2734 984 2769">
     <span class='ocr_line' id='line_1_83' title="bbox 196 2734 984 2769; baseline 0.003 -9"><span class='ocrx_word' id='word_1_592' title='bbox 196 2737 388 2769; x_wconf 79' lang='lat' dir='ltr'><strong>exportarunt,</strong></span> <span class='ocrx_word' id='word_1_593' title='bbox 405 2738 432 2761; x_wconf 86' lang='lat' dir='ltr'><strong>et</strong></span> <span class='ocrx_word' id='word_1_594' title='bbox 447 2734 565 2762; x_wconf 83' lang='lat' dir='ltr'><strong>similem</strong></span> <span class='ocrx_word' id='word_1_595' title='bbox 584 2742 664 2761; x_wconf 87' lang='lat' dir='ltr'><strong>mane</strong></span> <span class='ocrx_word' id='word_1_596' title='bbox 679 2734 790 2762; x_wconf 91' lang='lat' dir='ltr'><strong>domum</strong></span> <span class='ocrx_word' id='word_1_597' title='bbox 810 2739 984 2763; x_wconf 82' lang='lat' dir='ltr'><strong>exstruentes</strong></span> 
     </span>
    </p>
   </div>
   <div class='ocr_carea' id='block_1_84' title="bbox 197 2781 982 2812">
    <p class='ocr_par' dir='ltr' id='par_1_84' title="bbox 197 2781 982 2812">
     <span class='ocr_line' id='line_1_84' title="bbox 197 2781 982 2812; baseline 0 -5"><span class='ocrx_word' id='word_1_598' title='bbox 197 2781 341 2808; x_wconf 86' lang='lat' dir='ltr'><strong>confestim</strong></span> <span class='ocrx_word' id='word_1_599' title='bbox 353 2781 534 2808; x_wconf 85' lang='lat' dir='ltr'><strong>incluserunt.</strong></span> <span class='ocrx_word' id='word_1_600' title='bbox 550 2781 595 2808; x_wconf 83' lang='lat' dir='ltr'><strong>ille</strong></span> <span class='ocrx_word' id='word_1_601' title='bbox 611 2788 676 2808; x_wconf 88' lang='lat' dir='ltr'><strong>vero</strong></span> <span class='ocrx_word' id='word_1_602' title='bbox 693 2781 821 2808; x_wconf 85' lang='lat' dir='ltr'><strong>similiter</strong></span> <span class='ocrx_word' id='word_1_603' title='bbox 833 2781 982 2812; x_wconf 82' lang='lat' dir='ltr'><strong>obmutuit,</strong></span> 
     </span>
    </p>
   </div>
   <div class='ocr_carea' id='block_1_85' title="bbox 198 2826 984 2862">
    <p class='ocr_par' dir='ltr' id='par_1_85' title="bbox 198 2826 984 2862">
     <span class='ocr_line' id='line_1_85' title="bbox 198 2826 984 2862; baseline 0.003 -10"><span class='ocrx_word' id='word_1_604' title='bbox 198 2826 265 2853; x_wconf 81' lang='lat' dir='ltr'><strong>nulli</strong></span> <span class='ocrx_word' id='word_1_605' title='bbox 295 2834 407 2860; x_wconf 91' lang='lat' dir='ltr'><strong>prorsus</strong></span> <span class='ocrx_word' id='word_1_606' title='bbox 423 2827 571 2862; x_wconf 87' lang='lat' dir='ltr'><strong>quidquam</strong></span> <span class='ocrx_word' id='word_1_607' title='bbox 598 2827 725 2860; x_wconf 83' lang='lat' dir='ltr'><strong>loquens.</strong></span> <span class='ocrx_word' id='word_1_608' title='bbox 743 2826 840 2854; x_wconf 89' lang='lat' dir='ltr'><strong>Paucis</strong></span> <span class='ocrx_word' id='word_1_609' title='bbox 857 2827 984 2854; x_wconf 82' lang='lat' dir='ltr'><strong>vero‘ite-</strong></span> 
     </span>
    </p>
   </div>
   <div class='ocr_carea' id='block_1_86' title="bbox 198 2874 984 2908">
    <p class='ocr_par' dir='ltr' id='par_1_86' title="bbox 198 2874 984 2908">
     <span class='ocr_line' id='line_1_86' title="bbox 198 2874 984 2908; baseline 0.003 -8"><span class='ocrx_word' id='word_1_610' title='bbox 198 2881 259 2900; x_wconf 87' lang='lat' dir='ltr'><strong>rum</strong></span> <span class='ocrx_word' id='word_1_611' title='bbox 274 2879 334 2908; x_wconf 89' lang='lat' dir='ltr'><strong>post</strong></span> <span class='ocrx_word' id='word_1_612' title='bbox 358 2874 465 2907; x_wconf 87' lang='lat' dir='ltr'><strong>diebus,</strong></span> <span class='ocrx_word' id='word_1_613' title='bbox 483 2875 573 2902; x_wconf 82' lang='lat' dir='ltr'><strong>vicani</strong></span> <span class='ocrx_word' id='word_1_614' title='bbox 590 2874 642 2901; x_wconf 86' lang='lat' dir='ltr'><strong>vici</strong></span> <span class='ocrx_word' id='word_1_615' title='bbox 659 2874 810 2906; x_wconf 82' lang='lat' dir='ltr'><strong>ulterioris,</strong></span> <span class='ocrx_word' id='word_1_616' title='bbox 837 2879 918 2901; x_wconf 88' lang='lat' dir='ltr'><strong>noctu</strong></span> <span class='ocrx_word' id='word_1_617' title='bbox 937 2874 984 2902; x_wconf 87' lang='lat' dir='ltr'><strong>ad-</strong></span> 
     </span>
    </p>
   </div>
   <div class='ocr_carea' id='block_1_87' title="bbox 198 2919 982 2954">
    <p class='ocr_par' dir='ltr' id='par_1_87' title="bbox 198 2919 982 2954">
     <span class='ocr_line' id='line_1_87' title="bbox 198 2919 982 2954; baseline 0.001 -8"><span class='ocrx_word' id='word_1_618' title='bbox 198 2923 352 2953; x_wconf 79' lang='lat' dir='ltr'><strong>ventantes,</strong></span> <span class='ocrx_word' id='word_1_619' title='bbox 371 2920 453 2948; x_wconf 83' lang='lat' dir='ltr'><strong>domo</strong></span> <span class='ocrx_word' id='word_1_620' title='bbox 476 2919 597 2952; x_wconf 73' lang='lat' dir='ltr'><strong>etfracta,</strong></span> <span class='ocrx_word' id='word_1_621' title='bbox 612 2919 688 2947; x_wconf 87' lang='lat' dir='ltr'><strong>illum</strong></span> <span class='ocrx_word' id='word_1_622' title='bbox 706 2919 739 2946; x_wconf 91' lang='lat' dir='ltr'><strong>ad</strong></span> <span class='ocrx_word' id='word_1_623' title='bbox 758 2928 786 2947; x_wconf 82' lang='lat' dir='ltr'><strong>se</strong></span> <span class='ocrx_word' id='word_1_624' title='bbox 799 2920 982 2954; x_wconf 78' lang='lat' dir='ltr'><strong>abduxerunt,</strong></span> 
     </span>
    </p>
   </div>
   <div class='ocr_carea' id='block_1_88' title="bbox 1266 1659 1589 1688">
    <p class='ocr_par' dir='ltr' id='par_1_88' title="bbox 1266 1659 1589 1688">
     <span class='ocr_line' id='line_1_88' title="bbox 1266 1659 1589 1688; baseline 0 -1"><span class='ocrx_word' id='word_1_625' title='bbox 1266 1660 1316 1688; x_wconf 86' lang='grc' dir='ltr'><strong>1Θ’.</strong></span> <span class='ocrx_word' id='word_1_626' title='bbox 1326 1675 1361 1681; x_wconf 88' lang='lat'><strong>—-</strong></span> <span class='ocrx_word' id='word_1_627' title='bbox 1368 1659 1589 1687; x_wconf 76' lang='grc' dir='ltr'><strong>ΣΑᾹΑΜᾹΝΗΣ.</strong></span> 
     </span>
    </p>
   </div>
   <div class='ocr_carea' id='block_1_89' title="bbox 1042 1724 1824 1766">
    <p class='ocr_par' dir='ltr' id='par_1_89' title="bbox 1042 1724 1824 1766">
     <span class='ocr_line' id='line_1_89' title="bbox 1042 1724 1824 1766; baseline -0.008 -9"><span class='ocrx_word' id='word_1_628' title='bbox 1042 1731 1157 1757; x_wconf 81' lang='grc' dir='ltr'>Ἀδικεῖν</span> <span class='ocrx_word' id='word_1_629' title='bbox 1174 1731 1288 1766; x_wconf 81' lang='grc' dir='ltr'>νομίσας</span> <span class='ocrx_word' id='word_1_630' title='bbox 1302 1729 1351 1765; x_wconf 80' lang='grc' dir='ltr'>τὴν</span> <span class='ocrx_word' id='word_1_631' title='bbox 1364 1728 1474 1764; x_wconf 76' lang='grc' dir='ltr'>ἀρετὴν,</span> <span class='ocrx_word' id='word_1_632' title='bbox 1491 1729 1514 1754; x_wconf 81' lang='grc' dir='ltr'><strong>εί</strong></span> <span class='ocrx_word' id='word_1_633' title='bbox 1527 1727 1573 1754; x_wconf 71' lang='grc' dir='ltr'>καὶ</span> <span class='ocrx_word' id='word_1_634' title='bbox 1587 1725 1748 1761; x_wconf 78' lang='grc' dir='ltr'>Σαλαμάνου</span> <span class='ocrx_word' id='word_1_635' title='bbox 1775 1724 1824 1752; x_wconf 80' lang='grc' dir='ltr'>τοῦ</span> 
     </span>
    </p>
   </div>
   <div class='ocr_carea' id='block_1_90' title="bbox 1035 1771 1823 1811">
    <p class='ocr_par' dir='ltr' id='par_1_90' title="bbox 1035 1771 1823 1811">
     <span class='ocr_line' id='line_1_90' title="bbox 1035 1771 1823 1811; baseline -0.009 -8"><span class='ocrx_word' id='word_1_636' title='bbox 1035 1776 1187 1811; x_wconf 78' lang='grc' dir='ltr'>θαυμασίου</span> <span class='ocrx_word' id='word_1_637' title='bbox 1208 1776 1252 1803; x_wconf 77' lang='grc' dir='ltr'><strong>τὸν</strong></span> <span class='ocrx_word' id='word_1_638' title='bbox 1280 1776 1335 1811; x_wconf 85' lang='grc' dir='ltr'>βίον</span> <span class='ocrx_word' id='word_1_639' title='bbox 1359 1777 1414 1806; x_wconf 83' lang='grc' dir='ltr'>τοῖς</span> <span class='ocrx_word' id='word_1_640' title='bbox 1432 1774 1568 1810; x_wconf 78' lang='grc' dir='ltr'>δεομένοις</span> <span class='ocrx_word' id='word_1_641' title='bbox 1595 1772 1631 1807; x_wconf 83' lang='grc' dir='ltr'>μὴ</span> <span class='ocrx_word' id='word_1_642' title='bbox 1647 1771 1823 1807; x_wconf 75' lang='grc' dir='ltr'>γνωρίσαιμι,</span> 
     </span>
    </p>
   </div>
   <div class='ocr_carea' id='block_1_91' title="bbox 1035 1818 1825 1857">
    <p class='ocr_par' dir='ltr' id='par_1_91' title="bbox 1035 1818 1825 1857">
     <span class='ocr_line' id='line_1_91' title="bbox 1035 1818 1825 1857; baseline -0.008 -9"><span class='ocrx_word' id='word_1_643' title='bbox 1035 1822 1092 1848; x_wconf 82' lang='grc' dir='ltr'>ἀλλ’</span> <span class='ocrx_word' id='word_1_644' title='bbox 1110 1822 1162 1848; x_wconf 72' lang='grc' dir='ltr'><strong>ὑπὸ</strong></span> <span class='ocrx_word' id='word_1_645' title='bbox 1182 1822 1231 1857; x_wconf 85' lang='grc' dir='ltr'>τῆς</span> <span class='ocrx_word' id='word_1_646' title='bbox 1249 1822 1333 1857; x_wconf 83' lang='grc' dir='ltr'>λήθης</span> <span class='ocrx_word' id='word_1_647' title='bbox 1355 1820 1528 1857; x_wconf 80' lang='grc' dir='ltr'>χωννυμένην</span> <span class='ocrx_word' id='word_1_648' title='bbox 1553 1819 1712 1854; x_wconf 82' lang='grc' dir='ltr'>περιίδοιμι,</span> <span class='ocrx_word' id='word_1_649' title='bbox 1735 1818 1764 1843; x_wconf 83' lang='grc' dir='ltr'>ὲν</span> <span class='ocrx_word' id='word_1_650' title='bbox 1779 1825 1825 1843; x_wconf 89' lang='grc' dir='ltr'>κε-</span> 
     </span>
    </p>
   </div>
   <div class='ocr_carea' id='block_1_92' title="bbox 1036 1862 1820 1903">
    <p class='ocr_par' dir='ltr' id='par_1_92' title="bbox 1036 1862 1820 1903">
     <span class='ocr_line' id='line_1_92' title="bbox 1036 1862 1820 1903; baseline -0.009 -8"><span class='ocrx_word' id='word_1_651' title='bbox 1036 1869 1142 1903; x_wconf 83' lang='grc' dir='ltr'>φαλαίῳ</span> <span class='ocrx_word' id='word_1_652' title='bbox 1159 1868 1365 1903; x_wconf 83' lang='grc' dir='ltr'>ποιήσομαιτὴν</span> <span class='ocrx_word' id='word_1_653' title='bbox 1383 1867 1519 1902; x_wconf 83' lang='grc' dir='ltr'>διήγησιν.</span> <span class='ocrx_word' id='word_1_654' title='bbox 1534 1865 1621 1899; x_wconf 81' lang='grc' dir='ltr'>Κώμη</span> <span class='ocrx_word' id='word_1_655' title='bbox 1635 1864 1675 1894; x_wconf 83' lang='grc' dir='ltr'><strong>τίς</strong></span> <span class='ocrx_word' id='word_1_656' title='bbox 1692 1865 1748 1889; x_wconf 75' lang='grc' dir='ltr'>ἐστι</span> <span class='ocrx_word' id='word_1_657' title='bbox 1772 1862 1820 1888; x_wconf 72' lang='grc' dir='ltr'><strong>τοῦ</strong></span> 
     </span>
    </p>
   </div>
   <div class='ocr_carea' id='block_1_93' title="bbox 1035 1908 1822 1948">
    <p class='ocr_par' dir='ltr' id='par_1_93' title="bbox 1035 1908 1822 1948">
     <span class='ocr_line' id='line_1_93' title="bbox 1035 1908 1822 1948; baseline -0.009 -7"><span class='ocrx_word' id='word_1_658' title='bbox 1035 1914 1177 1948; x_wconf 61' lang='grc' dir='ltr'>Εὐφράτου</span> <span class='ocrx_word' id='word_1_659' title='bbox 1196 1913 1317 1948; x_wconf 74' lang='grc' dir='ltr'>ποταμοῦ</span> <span class='ocrx_word' id='word_1_660' title='bbox 1332 1913 1401 1948; x_wconf 80' lang='grc' dir='ltr'>προς</span> <span class='ocrx_word' id='word_1_661' title='bbox 1423 1911 1551 1945; x_wconf 78' lang='grc' dir='ltr'>ἑσπέραν,</span> <span class='ocrx_word' id='word_1_662' title='bbox 1569 1911 1637 1944; x_wconf 78' lang='grc' dir='ltr'>αὐτῇ</span> <span class='ocrx_word' id='word_1_663' title='bbox 1660 1908 1822 1941; x_wconf 71' lang='grc' dir='ltr'>ἐπικειμένη</span> 
     </span>
    </p>
   </div>
   <div class='ocr_carea' id='block_1_94' title="bbox 1034 1952 1824 1996">
    <p class='ocr_par' dir='ltr' id='par_1_94' title="bbox 1034 1952 1824 1996">
     <span class='ocr_line' id='line_1_94' title="bbox 1034 1952 1824 1996; baseline -0.009 -10"><span class='ocrx_word' id='word_1_664' title='bbox 1034 1962 1066 1996; x_wconf 85' lang='grc' dir='ltr'><strong>τῇ</strong></span> <span class='ocrx_word' id='word_1_665' title='bbox 1082 1960 1159 1996; x_wconf 77' lang='grc' dir='ltr'>ὕχθῃ,</span> <span class='ocrx_word' id='word_1_666' title='bbox 1177 1960 1346 1993; x_wconf 79' lang='grc' dir='ltr'>Καπερσανᾶ</span> <span class='ocrx_word' id='word_1_667' title='bbox 1369 1959 1532 1993; x_wconf 75' lang='grc' dir='ltr'>καλουμένη.</span> <span class='ocrx_word' id='word_1_668' title='bbox 1556 1957 1604 1982; x_wconf 81' lang='grc' dir='ltr'>Ἐκ</span> <span class='ocrx_word' id='word_1_669' title='bbox 1626 1955 1729 1989; x_wconf 74' lang='grc' dir='ltr'>ταύτης</span> <span class='ocrx_word' id='word_1_670' title='bbox 1745 1952 1824 1985; x_wconf 68' lang='grc' dir='ltr'>οὗτος</span> 
     </span>
    </p>
   </div>
   <div class='ocr_carea' id='block_1_95' title="bbox 1035 1999 1824 2042">
    <p class='ocr_par' dir='ltr' id='par_1_95' title="bbox 1035 1999 1824 2042">
     <span class='ocr_line' id='line_1_95' title="bbox 1035 1999 1824 2042; baseline -0.009 -10"><span class='ocrx_word' id='word_1_671' title='bbox 1035 2005 1202 2042; x_wconf 79' lang='grc' dir='ltr'>ὁρμώμενος,</span> <span class='ocrx_word' id='word_1_672' title='bbox 1224 2006 1270 2032; x_wconf 74' lang='grc' dir='ltr'><strong>καὶ</strong></span> <span class='ocrx_word' id='word_1_673' title='bbox 1296 2005 1341 2031; x_wconf 77' lang='grc' dir='ltr'>τὸν</span> <span class='ocrx_word' id='word_1_674' title='bbox 1364 2004 1474 2039; x_wconf 79' lang='grc' dir='ltr'>ἡσύχιον</span> <span class='ocrx_word' id='word_1_675' title='bbox 1495 2001 1685 2035; x_wconf 78' lang='grc' dir='ltr'>ἀσπαζόμενος</span> <span class='ocrx_word' id='word_1_676' title='bbox 1708 2000 1776 2034; x_wconf 84' lang='grc' dir='ltr'>βίον,</span> <span class='ocrx_word' id='word_1_677' title='bbox 1795 1999 1824 2025; x_wconf 84' lang='grc' dir='ltr'>ἐν</span> 
     </span>
    </p>
   </div>
   <div class='ocr_carea' id='block_1_96' title="bbox 1034 2045 1825 2087">
    <p class='ocr_par' dir='ltr' id='par_1_96' title="bbox 1034 2045 1825 2087">
     <span class='ocr_line' id='line_1_96' title="bbox 1034 2045 1825 2087; baseline -0.003 -9"><span class='ocrx_word' id='word_1_678' title='bbox 1034 2054 1067 2087; x_wconf 88' lang='grc' dir='ltr'>τῇ</span> <span class='ocrx_word' id='word_1_679' title='bbox 1085 2051 1170 2086; x_wconf 78' lang='grc' dir='ltr'>πέραν</span> <span class='ocrx_word' id='word_1_680' title='bbox 1187 2050 1268 2087; x_wconf 81' lang='grc' dir='ltr'>κώμῃ</span> <span class='ocrx_word' id='word_1_681' title='bbox 1290 2050 1406 2085; x_wconf 53' lang='grc' dir='ltr'>σμικρὴν</span> <span class='ocrx_word' id='word_1_682' title='bbox 1420 2049 1541 2076; x_wconf 83' lang='grc' dir='ltr'>οἰκίσκον</span> <span class='ocrx_word' id='word_1_683' title='bbox 1560 2047 1660 2082; x_wconf 82' lang='grc' dir='ltr'>εὑρὼν,</span> <span class='ocrx_word' id='word_1_684' title='bbox 1680 2045 1825 2079; x_wconf 77' lang='grc' dir='ltr'>καθεῖρξεν</span> 
     </span>
    </p>
   </div>
   <div class='ocr_carea' id='block_1_97' title="bbox 1035 2089 1825 2131">
    <p class='ocr_par' dir='ltr' id='par_1_97' title="bbox 1035 2089 1825 2131">
     <span class='ocr_line' id='line_1_97' title="bbox 1035 2089 1825 2131; baseline -0.01 -7"><span class='ocrx_word' id='word_1_685' title='bbox 1035 2097 1140 2128; x_wconf 77' lang='grc' dir='ltr'>ἑαυτὸν,</span> <span class='ocrx_word' id='word_1_686' title='bbox 1163 2097 1224 2123; x_wconf 71' lang='grc' dir='ltr'>οὔτε</span> <span class='ocrx_word' id='word_1_687' title='bbox 1252 2096 1347 2131; x_wconf 81' lang='grc' dir='ltr'>θύραν,</span> <span class='ocrx_word' id='word_1_688' title='bbox 1362 2095 1422 2122; x_wconf 67' lang='grc' dir='ltr'>οὔτε</span> <span class='ocrx_word' id='word_1_689' title='bbox 1438 2094 1535 2129; x_wconf 76' lang='grc' dir='ltr'>θυρίδα</span> <span class='ocrx_word' id='word_1_690' title='bbox 1550 2092 1719 2119; x_wconf 78' lang='grc' dir='ltr'>καταλιπὼν.</span> <span class='ocrx_word' id='word_1_691' title='bbox 1732 2089 1825 2122; x_wconf 72' lang='grc' dir='ltr'>’Ἂπαξ</span> 
     </span>
    </p>
   </div>
   <div class='ocr_carea' id='block_1_98' title="bbox 1035 2135 1824 2176">
    <p class='ocr_par' dir='ltr' id='par_1_98' title="bbox 1035 2135 1824 2176">
     <span class='ocr_line' id='line_1_98' title="bbox 1035 2135 1824 2176; baseline -0.011 -7"><span class='ocrx_word' id='word_1_692' title='bbox 1035 2143 1063 2169; x_wconf 79' lang='grc' dir='ltr'>δὲ</span> <span class='ocrx_word' id='word_1_693' title='bbox 1088 2142 1134 2169; x_wconf 81' lang='grc' dir='ltr'>τοῦ</span> <span class='ocrx_word' id='word_1_694' title='bbox 1164 2142 1240 2173; x_wconf 78' lang='grc' dir='ltr'>ἔτους</span> <span class='ocrx_word' id='word_1_695' title='bbox 1266 2142 1341 2176; x_wconf 77' lang='grc' dir='ltr'>παρὰ</span> <span class='ocrx_word' id='word_1_696' title='bbox 1366 2141 1414 2175; x_wconf 80' lang='grc' dir='ltr'>τὴν</span> <span class='ocrx_word' id='word_1_697' title='bbox 1437 2140 1488 2174; x_wconf 76' lang='grc' dir='ltr'>γῆν</span> <span class='ocrx_word' id='word_1_698' title='bbox 1510 2138 1641 2173; x_wconf 75' lang='grc' dir='ltr'>ὀρύττων,</span> <span class='ocrx_word' id='word_1_699' title='bbox 1660 2136 1761 2167; x_wconf 69' lang='grc' dir='ltr'>παντὶς</span> <span class='ocrx_word' id='word_1_700' title='bbox 1776 2135 1824 2161; x_wconf 72' lang='grc' dir='ltr'>τοῦ</span> 
     </span>
    </p>
   </div>
   <div class='ocr_carea' id='block_1_99' title="bbox 1036 2181 1825 2223">
    <p class='ocr_par' dir='ltr' id='par_1_99' title="bbox 1036 2181 1825 2223">
     <span class='ocr_line' id='line_1_99' title="bbox 1036 2181 1825 2223; baseline -0.011 -8"><span class='ocrx_word' id='word_1_701' title='bbox 1036 2189 1112 2220; x_wconf 74' lang='grc' dir='ltr'>ἔτους</span> <span class='ocrx_word' id='word_1_702' title='bbox 1138 2188 1282 2223; x_wconf 78' lang='grc' dir='ltr'>ὑπεδέχετο</span> <span class='ocrx_word' id='word_1_703' title='bbox 1307 2187 1355 2222; x_wconf 79' lang='grc' dir='ltr'>τὴν</span> <span class='ocrx_word' id='word_1_704' title='bbox 1369 2187 1482 2221; x_wconf 59' lang='grc' dir='ltr'>τροᾨὴν,</span> <span class='ocrx_word' id='word_1_705' title='bbox 1501 2184 1588 2212; x_wconf 68' lang='grc' dir='ltr'>οὐδενί</span> <span class='ocrx_word' id='word_1_706' title='bbox 1608 2192 1672 2210; x_wconf 77' lang='grc' dir='ltr'>ποτε</span> <span class='ocrx_word' id='word_1_707' title='bbox 1689 2181 1825 2216; x_wconf 75' lang='grc' dir='ltr'>ἀνθρώπῳ</span> 
     </span>
    </p>
   </div>
   <div class='ocr_carea' id='block_1_100' title="bbox 1035 2228 1823 2270">
    <p class='ocr_par' dir='ltr' id='par_1_100' title="bbox 1035 2228 1823 2270">
     <span class='ocr_line' id='line_1_100' title="bbox 1035 2228 1823 2270; baseline -0.013 -9"><span class='ocrx_word' id='word_1_708' title='bbox 1035 2235 1235 2270; x_wconf 70' lang='grc' dir='ltr'>διαλεγόμενος.</span> <span class='ocrx_word' id='word_1_709' title='bbox 1266 2233 1320 2260; x_wconf 71' lang='grc' dir='ltr'>Καὶ</span> <span class='ocrx_word' id='word_1_710' title='bbox 1346 2232 1440 2259; x_wconf 79' lang='grc' dir='ltr'>τοῦτον</span> <span class='ocrx_word' id='word_1_711' title='bbox 1464 2231 1509 2257; x_wconf 79' lang='grc' dir='ltr'>τὸν</span> <span class='ocrx_word' id='word_1_712' title='bbox 1524 2231 1623 2266; x_wconf 75' lang='grc' dir='ltr'>τρόπον</span> <span class='ocrx_word' id='word_1_713' title='bbox 1648 2229 1697 2255; x_wconf 74' lang='grc' dir='ltr'>οὒκ</span> <span class='ocrx_word' id='word_1_714' title='bbox 1723 2228 1823 2260; x_wconf 78' lang='grc' dir='ltr'>ὀλίγον,</span> 
     </span>
    </p>
   </div>
   <div class='ocr_carea' id='block_1_101' title="bbox 1039 2271 1825 2313">
    <p class='ocr_par' dir='ltr' id='par_1_101' title="bbox 1039 2271 1825 2313">
     <span class='ocr_line' id='line_1_101' title="bbox 1039 2271 1825 2313; baseline -0.011 -8"><span class='ocrx_word' id='word_1_715' title='bbox 1039 2279 1096 2304; x_wconf 71' lang='grc' dir='ltr'>ἀλλ’</span> <span class='ocrx_word' id='word_1_716' title='bbox 1113 2279 1152 2305; x_wconf 79' lang='grc' dir='ltr'>ὅτι</span> <span class='ocrx_word' id='word_1_717' title='bbox 1177 2278 1294 2313; x_wconf 83' lang='grc' dir='ltr'>μάλιστα</span> <span class='ocrx_word' id='word_1_718' title='bbox 1314 2277 1438 2303; x_wconf 82' lang='grc' dir='ltr'>πλεῖστον</span> <span class='ocrx_word' id='word_1_719' title='bbox 1463 2275 1595 2302; x_wconf 84' lang='grc' dir='ltr'>διετέλεσε</span> <span class='ocrx_word' id='word_1_720' title='bbox 1621 2273 1727 2308; x_wconf 68' lang='grc' dir='ltr'>χρόνον.</span> <span class='ocrx_word' id='word_1_721' title='bbox 1743 2271 1798 2298; x_wconf 70' lang='grc' dir='ltr'><strong>Καὶ</strong></span> <span class='ocrx_word' id='word_1_722' title='bbox 1811 2271 1825 2296; x_wconf 90' lang='grc' dir='ltr'><strong>ὀ</strong></span> 
     </span>
    </p>
   </div>
   <div class='ocr_carea' id='block_1_102' title="bbox 1035 2315 1824 2360">
    <p class='ocr_par' dir='ltr' id='par_1_102' title="bbox 1035 2315 1824 2360">
     <span class='ocr_line' id='line_1_102' title="bbox 1035 2315 1824 2360; baseline -0.006 -10"><span class='ocrx_word' id='word_1_723' title='bbox 1035 2324 1084 2360; x_wconf 74' lang='grc' dir='ltr'>τῆς</span> <span class='ocrx_word' id='word_1_724' title='bbox 1111 2324 1215 2355; x_wconf 82' lang='grc' dir='ltr'>πόλεως</span> <span class='ocrx_word' id='word_1_725' title='bbox 1238 2324 1266 2350; x_wconf 77' lang='grc' dir='ltr'>δὲ</span> <span class='ocrx_word' id='word_1_726' title='bbox 1281 2322 1437 2358; x_wconf 74' lang='grc' dir='ltr'>ἀρχιερεὺς,</span> <span class='ocrx_word' id='word_1_727' title='bbox 1460 2318 1492 2357; x_wconf 77' lang='grc' dir='ltr'>ἧς</span> <span class='ocrx_word' id='word_1_728' title='bbox 1509 2319 1542 2355; x_wconf 79' lang='grc' dir='ltr'>ἦν</span> <span class='ocrx_word' id='word_1_729' title='bbox 1563 2321 1579 2355; x_wconf 82' lang='grc' dir='ltr'>ἠ</span> <span class='ocrx_word' id='word_1_730' title='bbox 1604 2318 1696 2353; x_wconf 75' lang='grc' dir='ltr'>κώμη.</span> <span class='ocrx_word' id='word_1_731' title='bbox 1713 2317 1762 2352; x_wconf 72' lang='grc' dir='ltr'>τὴν</span> <span class='ocrx_word' id='word_1_732' title='bbox 1777 2315 1824 2342; x_wconf 74' lang='grc' dir='ltr'><strong>’τθῦ</strong></span> 
     </span>
    </p>
   </div>
   <div class='ocr_carea' id='block_1_103' title="bbox 1036 2361 1825 2404">
    <p class='ocr_par' dir='ltr' id='par_1_103' title="bbox 1036 2361 1825 2404">
     <span class='ocr_line' id='line_1_103' title="bbox 1036 2361 1825 2404; baseline -0.011 -8"><span class='ocrx_word' id='word_1_733' title='bbox 1036 2369 1132 2404; x_wconf 74' lang='grc' dir='ltr'>ἀνδρὸς</span> <span class='ocrx_word' id='word_1_734' title='bbox 1147 2368 1241 2404; x_wconf 85' lang='grc' dir='ltr'>μαθὼν</span> <span class='ocrx_word' id='word_1_735' title='bbox 1261 2369 1371 2404; x_wconf 81' lang='grc' dir='ltr'>ἀρετὴν,</span> <span class='ocrx_word' id='word_1_736' title='bbox 1396 2367 1510 2402; x_wconf 70' lang='grc' dir='ltr'>ἀφίκετο</span> <span class='ocrx_word' id='word_1_737' title='bbox 1525 2366 1573 2401; x_wconf 77' lang='grc' dir='ltr'>τῆς</span> <span class='ocrx_word' id='word_1_738' title='bbox 1591 2364 1739 2399; x_wconf 69' lang='grc' dir='ltr'>ἱερωσύνης</span> <span class='ocrx_word' id='word_1_739' title='bbox 1751 2361 1825 2395; x_wconf 75' lang='grc' dir='ltr'><strong>αὑτῷ</strong></span> 
     </span>
    </p>
   </div>
   <div class='ocr_carea' id='block_1_104' title="bbox 1036 2407 1829 2449">
    <p class='ocr_par' dir='ltr' id='par_1_104' title="bbox 1036 2407 1829 2449">
     <span class='ocr_line' id='line_1_104' title="bbox 1036 2407 1829 2449; baseline -0.011 -7"><span class='ocrx_word' id='word_1_740' title='bbox 1036 2415 1125 2442; x_wconf 77' lang='grc' dir='ltr'>δοῦναι</span> <span class='ocrx_word' id='word_1_741' title='bbox 1140 2415 1170 2441; x_wconf 75' lang='grc' dir='ltr'>τὸ</span> <span class='ocrx_word' id='word_1_742' title='bbox 1193 2414 1277 2449; x_wconf 82' lang='grc' dir='ltr'>δῶρον</span> <span class='ocrx_word' id='word_1_743' title='bbox 1302 2413 1473 2448; x_wconf 79' lang='grc' dir='ltr'>βουλόμενος·</span> <span class='ocrx_word' id='word_1_744' title='bbox 1499 2412 1543 2438; x_wconf 70' lang='grc' dir='ltr'>καὶ</span> <span class='ocrx_word' id='word_1_745' title='bbox 1562 2409 1711 2446; x_wconf 71' lang='grc' dir='ltr'>διαρρήξας</span> <span class='ocrx_word' id='word_1_746' title='bbox 1727 2407 1773 2434; x_wconf 77' lang='grc' dir='ltr'>τοῦ</span> <span class='ocrx_word' id='word_1_747' title='bbox 1786 2408 1829 2433; x_wconf 73' lang='lat' dir='ltr'><strong>oi-</strong></span> 
     </span>
    </p>
   </div>
   <div class='ocr_carea' id='block_1_105' title="bbox 1037 2454 1823 2495">
    <p class='ocr_par' dir='ltr' id='par_1_105' title="bbox 1037 2454 1823 2495">
     <span class='ocr_line' id='line_1_105' title="bbox 1037 2454 1823 2495; baseline -0.013 -7"><span class='ocrx_word' id='word_1_748' title='bbox 1037 2461 1132 2488; x_wconf 87' lang='grc' dir='ltr'>κίσκου</span> <span class='ocrx_word' id='word_1_749' title='bbox 1147 2469 1173 2486; x_wconf 90' lang='grc' dir='ltr'><strong>τι</strong></span> <span class='ocrx_word' id='word_1_750' title='bbox 1192 2461 1272 2495; x_wconf 74' lang='grc' dir='ltr'>μέρος</span> <span class='ocrx_word' id='word_1_751' title='bbox 1288 2459 1454 2495; x_wconf 71' lang='grc' dir='ltr'>εἰσελήλυθε·</span> <span class='ocrx_word' id='word_1_752' title='bbox 1472 2458 1518 2485; x_wconf 79' lang='grc' dir='ltr'>καὶ</span> <span class='ocrx_word' id='word_1_753' title='bbox 1537 2457 1586 2491; x_wconf 76' lang='grc' dir='ltr'>τὴν</span> <span class='ocrx_word' id='word_1_754' title='bbox 1599 2457 1678 2491; x_wconf 83' lang='grc' dir='ltr'>χεῖρα</span> <span class='ocrx_word' id='word_1_755' title='bbox 1693 2454 1823 2488; x_wconf 69' lang='grc' dir='ltr'>ἐπέθηκε,</span> 
     </span>
    </p>
   </div>
   <div class='ocr_carea' id='block_1_106' title="bbox 1037 2498 1823 2541">
    <p class='ocr_par' dir='ltr' id='par_1_106' title="bbox 1037 2498 1823 2541">
     <span class='ocr_line' id='line_1_106' title="bbox 1037 2498 1823 2541; baseline -0.013 -8"><span class='ocrx_word' id='word_1_756' title='bbox 1037 2507 1083 2533; x_wconf 75' lang='grc' dir='ltr'>καὶ</span> <span class='ocrx_word' id='word_1_757' title='bbox 1100 2506 1148 2541; x_wconf 78' lang='grc' dir='ltr'>τὴν</span> <span class='ocrx_word' id='word_1_758' title='bbox 1173 2505 1252 2540; x_wconf 73' lang='grc' dir='ltr'>εὐχὴν</span> <span class='ocrx_word' id='word_1_759' title='bbox 1276 2505 1427 2535; x_wconf 79' lang='grc' dir='ltr'>ἐπετέλεσε,</span> <span class='ocrx_word' id='word_1_760' title='bbox 1446 2504 1492 2530; x_wconf 73' lang='grc' dir='ltr'>καὶ</span> <span class='ocrx_word' id='word_1_761' title='bbox 1517 2501 1601 2528; x_wconf 75' lang='grc' dir='ltr'>πολλὰ</span> <span class='ocrx_word' id='word_1_762' title='bbox 1620 2502 1668 2535; x_wconf 70' lang='grc' dir='ltr'>μὲν</span> <span class='ocrx_word' id='word_1_763' title='bbox 1683 2499 1750 2534; x_wconf 73' lang='grc' dir='ltr'>πρὸς</span> <span class='ocrx_word' id='word_1_764' title='bbox 1775 2498 1823 2524; x_wconf 76' lang='grc' dir='ltr'><strong>αὖ-</strong></span> 
     </span>
    </p>
   </div>
   <div class='ocr_carea' id='block_1_107' title="bbox 1036 2545 1821 2587">
    <p class='ocr_par' dir='ltr' id='par_1_107' title="bbox 1036 2545 1821 2587">
     <span class='ocr_line' id='line_1_107' title="bbox 1036 2545 1821 2587; baseline -0.01 -9"><span class='ocrx_word' id='word_1_765' title='bbox 1036 2553 1081 2578; x_wconf 86' lang='grc' dir='ltr'><strong>τὺν</strong></span> <span class='ocrx_word' id='word_1_766' title='bbox 1107 2552 1169 2587; x_wconf 77' lang='grc' dir='ltr'>ἔφη,</span> <span class='ocrx_word' id='word_1_767' title='bbox 1186 2554 1233 2578; x_wconf 73' lang='grc' dir='ltr'>καὶ</span> <span class='ocrx_word' id='word_1_768' title='bbox 1246 2552 1295 2586; x_wconf 83' lang='grc' dir='ltr'>τὴν</span> <span class='ocrx_word' id='word_1_769' title='bbox 1311 2550 1506 2585; x_wconf 83' lang='grc' dir='ltr'>ἐπιγενομένην</span> <span class='ocrx_word' id='word_1_770' title='bbox 1522 2549 1640 2583; x_wconf 81' lang='grc' dir='ltr'>ἐμήνυσε</span> <span class='ocrx_word' id='word_1_771' title='bbox 1659 2547 1750 2581; x_wconf 77' lang='grc' dir='ltr'>χάριν.</span> <span class='ocrx_word' id='word_1_772' title='bbox 1768 2545 1821 2571; x_wconf 75' lang='grc' dir='ltr'><strong>Οὖ-</strong></span> 
     </span>
    </p>
   </div>
   <div class='ocr_carea' id='block_1_108' title="bbox 1035 2590 1824 2633">
    <p class='ocr_par' dir='ltr' id='par_1_108' title="bbox 1035 2590 1824 2633">
     <span class='ocr_line' id='line_1_108' title="bbox 1035 2590 1824 2633; baseline -0.011 -8"><span class='ocrx_word' id='word_1_773' title='bbox 1035 2598 1132 2633; x_wconf 82' lang='grc' dir='ltr'>δεμιᾶς</span> <span class='ocrx_word' id='word_1_774' title='bbox 1140 2598 1168 2624; x_wconf 72' lang='grc' dir='ltr'>δὲ</span> <span class='ocrx_word' id='word_1_775' title='bbox 1183 2597 1276 2632; x_wconf 82' lang='grc' dir='ltr'>φωνῆς</span> <span class='ocrx_word' id='word_1_776' title='bbox 1286 2596 1405 2627; x_wconf 82' lang='grc' dir='ltr'>ἀκούσας</span> <span class='ocrx_word' id='word_1_777' title='bbox 1416 2594 1596 2630; x_wconf 82' lang='grc' dir='ltr'>ἀπελήλυθεν,</span> <span class='ocrx_word' id='word_1_778' title='bbox 1610 2590 1824 2626; x_wconf 79' lang='grc' dir='ltr'>ἀνοικοδομηθῆ-</span> 
     </span>
    </p>
   </div>
   <div class='ocr_carea' id='block_1_109' title="bbox 1036 2636 1825 2677">
    <p class='ocr_par' dir='ltr' id='par_1_109' title="bbox 1036 2636 1825 2677">
     <span class='ocr_line' id='line_1_109' title="bbox 1036 2636 1825 2677; baseline -0.013 -6"><span class='ocrx_word' id='word_1_779' title='bbox 1036 2653 1080 2670; x_wconf 87' lang='grc' dir='ltr'><strong>ναι</strong></span> <span class='ocrx_word' id='word_1_780' title='bbox 1104 2643 1236 2675; x_wconf 77' lang='grc' dir='ltr'>κελεύσας</span> <span class='ocrx_word' id='word_1_781' title='bbox 1260 2643 1290 2669; x_wconf 77' lang='grc' dir='ltr'><strong>τὸ</strong></span> <span class='ocrx_word' id='word_1_782' title='bbox 1304 2643 1423 2677; x_wconf 73' lang='grc' dir='ltr'>ὄρυγμα.</span> <span class='ocrx_word' id='word_1_783' title='bbox 1451 2641 1561 2667; x_wconf 77' lang='grc' dir='ltr'>Ἀλλοτε</span> <span class='ocrx_word' id='word_1_784' title='bbox 1575 2640 1604 2666; x_wconf 79' lang='grc' dir='ltr'>δὲ</span> <span class='ocrx_word' id='word_1_785' title='bbox 1619 2638 1712 2669; x_wconf 84' lang='grc' dir='ltr'>πάλιν,</span> <span class='ocrx_word' id='word_1_786' title='bbox 1731 2638 1755 2662; x_wconf 80' lang='grc' dir='ltr'>οἱ</span> <span class='ocrx_word' id='word_1_787' title='bbox 1776 2636 1825 2669; x_wconf 83' lang='grc' dir='ltr'>τῆς</span> 
     </span>
    </p>
   </div>
   <div class='ocr_carea' id='block_1_110' title="bbox 1036 2681 1824 2724">
    <p class='ocr_par' dir='ltr' id='par_1_110' title="bbox 1036 2681 1824 2724">
     <span class='ocr_line' id='line_1_110' title="bbox 1036 2681 1824 2724; baseline -0.013 -9"><span class='ocrx_word' id='word_1_788' title='bbox 1036 2688 1131 2723; x_wconf 83' lang='grc' dir='ltr'>κώμης</span> <span class='ocrx_word' id='word_1_789' title='bbox 1159 2689 1276 2724; x_wconf 76' lang='grc' dir='ltr'>ἐκείνης,</span> <span class='ocrx_word' id='word_1_790' title='bbox 1293 2687 1338 2722; x_wconf 80' lang='grc' dir='ltr'><strong>ἀφ’</strong></span> <span class='ocrx_word' id='word_1_791' title='bbox 1352 2684 1385 2723; x_wconf 75' lang='grc' dir='ltr'>ἦς</span> <span class='ocrx_word' id='word_1_792' title='bbox 1406 2686 1518 2720; x_wconf 75' lang='grc' dir='ltr'>ὥρμητο</span> <span class='ocrx_word' id='word_1_793' title='bbox 1531 2705 1538 2717; x_wconf 90' lang='grc'><strong>,</strong></span> <span class='ocrx_word' id='word_1_794' title='bbox 1555 2684 1663 2718; x_wconf 79' lang='grc' dir='ltr'>νύκτωρ</span> <span class='ocrx_word' id='word_1_795' title='bbox 1679 2681 1726 2708; x_wconf 80' lang='grc' dir='ltr'>τοῦ</span> <span class='ocrx_word' id='word_1_796' title='bbox 1741 2689 1824 2707; x_wconf 83' lang='grc' dir='ltr'>ποτα-</span> 
     </span>
    </p>
   </div>
   <div class='ocr_carea' id='block_1_111' title="bbox 1039 2726 1826 2772">
    <p class='ocr_par' dir='ltr' id='par_1_111' title="bbox 1039 2726 1826 2772">
     <span class='ocr_line' id='line_1_111' title="bbox 1039 2726 1826 2772; baseline -0.015 -9"><span class='ocrx_word' id='word_1_797' title='bbox 1039 2736 1089 2772; x_wconf 74' lang='grc' dir='ltr'><strong>μοῦ</strong></span> <span class='ocrx_word' id='word_1_798' title='bbox 1112 2736 1157 2762; x_wconf 85' lang='grc' dir='ltr'>τὸν</span> <span class='ocrx_word' id='word_1_799' title='bbox 1176 2735 1258 2771; x_wconf 75' lang='grc' dir='ltr'>πόρον</span> <span class='ocrx_word' id='word_1_800' title='bbox 1278 2734 1500 2768; x_wconf 81' lang='grc' dir='ltr'>διαπεράσαντες,</span> <span class='ocrx_word' id='word_1_801' title='bbox 1515 2731 1561 2757; x_wconf 78' lang='grc' dir='ltr'>καὶ</span> <span class='ocrx_word' id='word_1_802' title='bbox 1580 2729 1611 2756; x_wconf 74' lang='grc' dir='ltr'><strong>τὸ</strong></span> <span class='ocrx_word' id='word_1_803' title='bbox 1626 2729 1730 2762; x_wconf 80' lang='grc' dir='ltr'>οἴκημα</span> <span class='ocrx_word' id='word_1_804' title='bbox 1752 2726 1826 2772; x_wconf 67' lang='grc' dir='ltr'>διαρ-</span> 
     </span>
    </p>
   </div>
   <div class='ocr_carea' id='block_1_112' title="bbox 1038 2770 1824 2818">
    <p class='ocr_par' dir='ltr' id='par_1_112' title="bbox 1038 2770 1824 2818">
     <span class='ocr_line' id='line_1_112' title="bbox 1038 2770 1824 2818; baseline -0.017 -9"><span class='ocrx_word' id='word_1_805' title='bbox 1038 2770 1179 2818; x_wconf 69' lang='grc' dir='ltr'>ρήξαντες,</span> <span class='ocrx_word' id='word_1_806' title='bbox 1198 2780 1326 2811; x_wconf 71' lang='grc' dir='ltr'>λαϐόντες</span> <span class='ocrx_word' id='word_1_807' title='bbox 1350 2779 1441 2809; x_wconf 78' lang='grc' dir='ltr'>αὐτὸν,</span> <span class='ocrx_word' id='word_1_808' title='bbox 1466 2775 1526 2803; x_wconf 80' lang='grc' dir='ltr'>οὔτε</span> <span class='ocrx_word' id='word_1_809' title='bbox 1549 2774 1742 2803; x_wconf 78' lang='grc' dir='ltr'>ἀντιτείνοντα,</span> <span class='ocrx_word' id='word_1_810' title='bbox 1764 2770 1824 2797; x_wconf 77' lang='grc' dir='ltr'>οὒτε</span> 
     </span>
    </p>
   </div>
   <div class='ocr_carea' id='block_1_113' title="bbox 1037 2818 1824 2861">
    <p class='ocr_par' dir='ltr' id='par_1_113' title="bbox 1037 2818 1824 2861">
     <span class='ocr_line' id='line_1_113' title="bbox 1037 2818 1824 2861; baseline -0.017 -6"><span class='ocrx_word' id='word_1_811' title='bbox 1037 2827 1191 2858; x_wconf 74' lang='grc' dir='ltr'>κελεύοντα,</span> <span class='ocrx_word' id='word_1_812' title='bbox 1209 2828 1248 2858; x_wconf 88' lang='grc' dir='ltr'><strong>εἰς</strong></span> <span class='ocrx_word' id='word_1_813' title='bbox 1260 2826 1307 2861; x_wconf 83' lang='grc' dir='ltr'>τὴν</span> <span class='ocrx_word' id='word_1_814' title='bbox 1317 2825 1420 2852; x_wconf 84' lang='grc' dir='ltr'>οἰκείαν</span> <span class='ocrx_word' id='word_1_815' title='bbox 1434 2823 1531 2857; x_wconf 87' lang='grc' dir='ltr'>κώμην</span> <span class='ocrx_word' id='word_1_816' title='bbox 1545 2821 1665 2856; x_wconf 72' lang='grc' dir='ltr'>φοράδην</span> <span class='ocrx_word' id='word_1_817' title='bbox 1676 2818 1805 2852; x_wconf 80' lang='grc' dir='ltr'>ἐκόμισαν</span> <span class='ocrx_word' id='word_1_818' title='bbox 1816 2824 1824 2832; x_wconf 84' lang='grc'><strong>·</strong></span> 
     </span>
    </p>
   </div>
   <div class='ocr_carea' id='block_1_114' title="bbox 1038 2863 1824 2903">
    <p class='ocr_par' dir='ltr' id='par_1_114' title="bbox 1038 2863 1824 2903">
     <span class='ocr_line' id='line_1_114' title="bbox 1038 2863 1824 2903; baseline -0.017 -3"><span class='ocrx_word' id='word_1_819' title='bbox 1038 2874 1085 2901; x_wconf 62' lang='grc' dir='ltr'><strong>καλ⁵</strong></span> <span class='ocrx_word' id='word_1_820' title='bbox 1108 2873 1227 2900; x_wconf 68' lang='grc' dir='ltr'>τοιοῦτον</span> <span class='ocrx_word' id='word_1_821' title='bbox 1251 2871 1334 2898; x_wconf 78' lang='grc' dir='ltr'>ἕωθεν</span> <span class='ocrx_word' id='word_1_822' title='bbox 1345 2870 1466 2897; x_wconf 75' lang='grc' dir='ltr'>οἰκίσκον</span> <span class='ocrx_word' id='word_1_823' title='bbox 1482 2868 1651 2903; x_wconf 78' lang='grc' dir='ltr'>δειμάμενοι,</span> <span class='ocrx_word' id='word_1_824' title='bbox 1669 2863 1824 2899; x_wconf 85' lang='grc' dir='ltr'>παραυτίκα</span> 
     </span>
    </p>
   </div>
   <div class='ocr_carea' id='block_1_115' title="bbox 1037 2906 1825 2954">
    <p class='ocr_par' dir='ltr' id='par_1_115' title="bbox 1037 2906 1825 2954">
     <span class='ocr_line' id='line_1_115' title="bbox 1037 2906 1825 2954; baseline -0.016 -8"><span class='ocrx_word' id='word_1_825' title='bbox 1037 2919 1191 2954; x_wconf 74' lang='grc' dir='ltr'>καθεῖρξαν.</span> <span class='ocrx_word' id='word_1_826' title='bbox 1213 2918 1241 2944; x_wconf 88' lang='grc'><strong>’0</strong></span> <span class='ocrx_word' id='word_1_827' title='bbox 1255 2917 1283 2944; x_wconf 72' lang='grc' dir='ltr'>δὲ</span> <span class='ocrx_word' id='word_1_828' title='bbox 1313 2915 1411 2951; x_wconf 78' lang='grc' dir='ltr'>ὁμοίως</span> <span class='ocrx_word' id='word_1_829' title='bbox 1437 2914 1551 2949; x_wconf 77' lang='grc' dir='ltr'>ἡσυχίαν</span> <span class='ocrx_word' id='word_1_830' title='bbox 1566 2909 1643 2947; x_wconf 75' lang='grc' dir='ltr'>ἦγεν,</span> <span class='ocrx_word' id='word_1_831' title='bbox 1662 2909 1737 2936; x_wconf 63' lang='grc' dir='ltr'>οὐδὲν</span> <span class='ocrx_word' id='word_1_832' title='bbox 1757 2906 1825 2942; x_wconf 73' lang='grc' dir='ltr'>πρὸς</span> 
     </span>
    </p>
   </div>
  </div>
