2064 3120
197 178 266 210 1429

787 175 900 206 RELIG
907 176 990 206 [OSA
1025 177 1216 208 HISTORIA.

1753 179 1819 212 “30

195 234 300 270 μηδένα
315 233 515 269 διαλεγόμενος.
537 233 603 260 Μετ’
620 233 711 268 ὀλίγας
725 233 753 260 δὲ
771 233 851 260 πάλιν
867 233 983 268 ἡμέρας,

1037 241 1087 261 nec
1114 227 1361 267 contradicentem,
1388 239 1435 262 aut
1450 243 1562 264 manere
1591 237 1818 270 contendentem,

194 282 218 307 oi
233 280 281 315 τῆς
298 279 432 314 ἀντιπέρα
448 278 555 314 κώμης,
576 279 684 314 νύκτωρ
700 279 869 311 ἐπελθόντες,
887 279 934 305 καὶ
951 279 981 305 τὸ

193 327 297 361 οἴκημα
321 325 528 361 διαρρήξαντες,
559 326 627 361 πρὸς
651 326 762 357 ἑαυτοὺς
786 325 901 360 ἀπῆγον,
931 325 981 351 οὐκ

193 372 380 406 ἀντιλέγοντα,
394 370 455 397 οὐδὲ
484 371 574 406 μένειν
592 370 763 405 βιαζόμενον,
779 371 833 397 οὐδ’
850 369 883 397 αὖ
900 371 980 398 πάλιν

194 417 343 452 προθύμως
366 417 528 452 ἀπαίροντα.
553 416 630 444 Οὕτω
652 416 749 451 νεκρὸν
768 416 863 443 ἑαυτὸν
880 425 984 442 παντε-.

194 463 248 495 λῶς
257 462 295 498 τῷ
312 462 362 498 βίῳ
378 463 538 498 κατέστησε,
552 463 598 489 καὶ
609 463 657 498 τῂν
673 462 856 497 ἀποστολικὴν
875 462 983 498 ἐκείνην

195 509 288 544 φωνὴν
302 509 441 544 ἀληθεύων
451 508 606 544 ἐφθέγξατο
619 518 625 525 ·
641 519 650 535 ι
669 509 779 545 Χριστῷ
797 508 983 543 συνεσταύρω-

196 563 256 589 μαι,
273 555 312 587 ζῶ
326 555 355 582 δὲ
367 555 417 581 οὐκ
431 554 550 590 ἔτι.ὲγὼ,
564 555 597 590 ζῇ
610 554 639 581 δὲ
657 555 685 581 ἐν
700 555 761 589 ἐμοὶ
775 553 890 589 Χριστὸς
905 561 910 568 ·
927 552 940 579 ὃ
954 553 990 585 δὲ,

195 599 242 626 νῦν
270 600 309 632 ζῶ
334 601 363 626 ἐν
389 598 482 634 σαρκὶ,
509 600 537 626 ὲν
565 600 654 626 πίστει
677 599 716 632 ζῶ
741 601 774 634 τῇ
790 598 837 625 τοῦ
855 597 920 624 Υίοῦ
935 597 981 624 τοῦ

193 646 263 672 Θεοῦ
291 646 337 673 τοῦ
359 646 554 681 ἀγαπήσαντός
578 654 622 681 με.
643 645 690 672 καὶ
702 644 790 676 δόντος
805 643 899 670 ἑαυτὸν
913 643 981 678 ὑπὲρ

195 692 273 727 tito-3.
290 702 299 718 ι
317 691 442 724 Τοιοῦτος
458 692 504 719 καὶ
523 689 598 723 οὗτος
625 691 741 726 ἐγένετο.
758 689 851 725 Ἀρκεῖ
867 689 920 724 γὰρ
937 689 983 715 καὶ

1036 287 1086 307 nec
1099 279 1219 306 libenter
1238 287 1336 308 rursus
1352 281 1557 308 abscedentem.
1576 281 1613 308 Ita
1628 289 1658 309 se
1678 286 1817 309 mortuum

1037 333 1151 360 prorsus
1180 324 1283 352 mundo
1313 326 1470 357 exhibebat,
1489 330 1516 352 et
1537 327 1716 361 apostolicam
1745 328 1818 354 illam

1034 377 1127 396 vocem
1143 377 1206 396 vere
1222 370 1336 404 loquens
1349 372 1499 405 usurpabat
1516 380 1522 397 ε
1544 381 1553 396 ι
1566 371 1675 399 Christo
1695 372 1819 399 confixus

1034 422 1094 443 sum
1113 415 1202 448 cruci,
1218 415 1282 442 vivo
1297 419 1386 442 autem
1402 415 1458 449 jam
1477 423 1532 443 non
1551 423 1612 451 ego.
1629 417 1696 443 vivit
1710 425 1776 444 vero
1792 418 1819 444 in

1032 468 1075 488 me
1089 460 1232 492 Christus;
1252 459 1325 495 quod
1347 465 1437 488 autem
1455 468 1530 488 nunc
1547 462 1609 488 viro
1633 462 1660 489 in
1684 471 1777 493 carne.
1792 464 1819 490 in

1033 505 1085 533 fide
1097 505 1158 533 vivo
1167 505 1228 532 Filii
1243 505 1300 539 Dei,
1314 506 1360 540 qui
1376 505 1474 533 dilexit
1489 514 1543 537 me,
1557 510 1585 533 et
1600 507 1711 534 tradidit
1723 513 1820 535 semct-

1032 552 1121 586 ipsum
1139 557 1188 587 pro
1211 559 1252 579 me
1268 557 1292 579 Ρ.
1319 561 1328 578 ι
1351 551 1426 579 Talis
1457 551 1502 579 hic
1525 560 1636 587 quoque
1665 552 1727 580 fuit.
1744 553 1821 580 Sulli-

1031 598 1108 625 ciunt
1126 597 1198 625 enim
1216 598 1273 625 haec
1298 598 1331 625 ad
1345 597 1539 625 declarandum
1564 602 1648 625 totum
1675 598 1734 633 ejus
1759 599 1821 625 vita:

1036 642 1202 670 institutum.
1223 641 1280 677 Ego
1296 650 1370 675 vero,
1385 646 1512 677 percepta
1539 642 1600 678 ejus
1617 643 1819 675 benedictione.

1036 687 1069 713 ad
1087 688 1156 715 alios
1173 688 1336 715 transferam
1362 688 1523 716 orationem.

195 738 280 766 ταῦτα
301 739 401 772 διδάξαι
417 739 465 774 τὴν
489 740 577 766 πᾶσαν
594 739 639 765 τοῦ
663 738 719 773 βίου
745 738 913 773 προαιρεσιν.
941 735 1010 770 Ἐγὼ
1029 735 1056 761 δὲ
1083 735 1129 762 καὶ
1154 736 1204 771 τὴν
1223 736 1354 777 ειιτεῦθεν
1380 736 1596 770 καρπωσάμενος
1622 736 1755 770 εὐλογίαν,
1776 736 1820 762 ἐπὶ

195 785 244 820 τὴν
268 785 322 812 τῶν
335 786 422 813 ἄλλων
435 786 560 821 διήγησιν
575 786 775 822 μεταϐήσομαι.

479 854 520 881 ις’.
535 868 569 873 --
583 853 699 880 ΜΛΡΙΣ.

238 916 366 955 Ὀμήρου
381 919 461 955 κώμη
488 920 529 952 τίς
546 922 604 948 ἐστι
626 921 692 956 παρ’
718 921 783 955 ἡμῖν
804 915 958 955 καλουμένη
973 928 980 935 ’

197 967 272 1002 παρὰ
290 967 392 1003 ταύτην
418 967 528 994 οἰκίδιον
552 967 730 1003 οἰκοδομήσας
757 967 843 1002 βραχὺ
864 967 954 1000 Μάρις
969 967 983 992 ὁ

197 1013 349 1045 θεσπέσιος,
371 1014 440 1040 ἑπτὰ
455 1014 502 1040 καὶ
523 1015 670 1050 τριάκοντα
685 1015 714 1040 ὲν
727 1013 801 1048 αὺτῷ
817 1013 982 1048 καθειργμέ-

197 1068 241 1092 vo;
257 1060 404 1086 διετέλεσεν
420 1060 478 1095 ἐτη.
501 1059 605 1095 Πολλὴν
617 1060 646 1086 δὲ
662 1060 694 1086 ὲκ
707 1059 753 1086 τοῦ
777 1059 982 1095 παρακειμένου

197 1106 275 1142 ὅρους
289 1105 433 1138 ὑπεδέξατο
444 1106 494 1141 τὴν
507 1106 608 1138 νοτίδα,
625 1106 673 1132 κα)⁵
695 1105 808 1137 λιϐάδας
825 1105 900 1136 τινὰς
920 1104 983 1131 ὑδά-

199 1160 252 1178 των
271 1151 426 1183 ἀνέϐλυζεν.
446 1151 514 1186 Ὄση
530 1151 558 1178 δὲ
571 1152 627 1182 τοῖς
645 1150 767 1186 σώμασιν
782 1149 906 1176 ἐντεῦθεν
924 1150 984 1175 ἐπι-

199 1197 303 1230 γίνεται
319 1197 404 1232 βλάϐη
415 1217 423 1229 ,
440 1196 513 1224 ἴσασι
539 1198 587 1223 καὶ
603 1197 680 1224 ἀστοὶ
696 1197 742 1223 καὶ
755 1195 902 1231 χωρητικοί
914 1204 920 1212 ι
937 1195 984 1222 καὶ

198 1243 253 1277 γὰρ
276 1244 332 1274 τοῖς
354 1243 495 1278 ἀγροίκοις
522 1243 589 1278 δῆλα
617 1243 652 1270 τὰ
682 1243 831 1278 παθήματα
861 1242 984 1268 ἐντεῦθεν

197 1287 330 1323 φυόμενα.
362 1288 432 1315 Ἀλλ’
455 1289 528 1323 ὅμως
545 1288 605 1315 οὐδὲ
620 1289 707 1316 ταῦτα
723 1289 816 1315 ἔπεισε
830 1288 880 1324 τὴν
906 1288 984 1323 ἱερὰν

197 1334 304 1368 ἐκείνην
315 1334 435 1369 κεφαλὴν
446 1334 491 1360 τὸν
504 1334 623 1361 οἰκίσκον
635 1334 751 1370 ἀμεῖψαι
766 1343 772 1350 ·
786 1334 854 1361 ἀλλὰ
864 1334 984 1369 διέμεινε

197 1379 338 1415 καρτερῶν
351 1379 403 1411 ἕως
417 1379 461 1406 τὸν
472 1379 571 1415 δρόμον
585 1379 705 1415 ἐξήνυσε.
725 1379 779 1406 Καὶ
792 1379 836 1405 τὸν
852 1379 984 1414 πρότερον

197 1425 226 1451 δὲ
240 1425 296 1460 βίον
313 1426 380 1460 μετὰ
391 1425 445 1452 τῶν
464 1426 513 1460 τῆς
527 1426 627 1460 ἀρετῆς
642 1424 768 1452 διώδευσε
784 1423 884 1451 πόνων.
904 1423 984 1450 Ὅθεν

198 1471 246 1496 καὶ
260 1470 298 1505 τῷ
316 1470 423 1504 σώματι
442 1470 492 1505 τὴν
508 1471 620 1504 ἁγνείαν
633 1470 680 1496 καὶ
694 1471 726 1504 τῇ
742 1470 814 1505 ψυχῇ
827 1469 982 1504 διετήρησε.

198 1516 253 1543 Καὶ
269 1515 345 1542 τοῦτό
365 1524 409 1551 μοι
428 1515 519 1550 σαφῶς
540 1516 622 1547 αὐτὸς
649 1515 847 1550 κατεμήνυσεν,
868 1514 985 1549 ἄφθορον

198 1562 274 1598 αὺτῷ
296 1562 432 1597 διαμεῖναι
448 1561 478 1587 τδ
496 1561 575 1596 σῶμα
596 1561 719 1593 διδάξας,
739 1561 786 1588 καὶ
799 1557 853 1586 οἷον
869 1560 922 1586 ἀπὸ
937 1560 985 1594 τῆς

200 1607 331 1644 μητρῴας
350 1607 494 1643 ἐξελήλυθε
510 1607 625 1642 μήτρας.
641 1606 695 1633 Καὶ
709 1605 796 1633 ταῦτα
821 1601 920 1644 πολλὰς
937 1605 985 1640 μὲν
999 1615 1020 1644 C

199 1652 348 1688 μαρτύρων
362 1653 531 1688 πανηγύρεις
546 1652 715 1690 ἐπιτελέσας,
732 1652 814 1688 ἡνίκα
830 1653 888 1684 νέος
909 1652 987 1685 ἐτύγ-

198 1703 290 1732 χανεν,
309 1699 428 1735 εὐφωνίᾳ
451 1699 479 1725 δὲ
504 1698 673 1730 καταϐέλξας
696 1699 759 1730 τοὺς
781 1699 892 1733 δήμους.
913 1697 986 1724 Ψάλ-

198 1745 253 1771 λων
280 1745 406 1780 γὰρ.ὲπὶ
432 1744 556 1771 πλεῖστον
581 1744 715 1771 διετέλεσε
742 1744 854 1779 χρόνον,
879 1743 938 1779 ὥρᾳ
956 1752 986 1770 τε

200 1790 326 1825 σώματος
341 1790 465 1825 λάμπων.
490 1790 559 1816 Ἀλλ’
574 1791 648 1826 ὅμως
666 1790 726 1817 οὔτε
741 1790 787 1817 τοῦ
807 1789 933 1825 σώματος
953 1789 984 1816 τὸ

199 1834 313 1867 κάλλος,
331 1834 392 1861 οὕτε
409 1835 459 1869 τῆς
484 1835 574 1870 φωνῆς
594 1836 610 1870 ὴ
629 1835 790 1870 λαμπρότης
804 1855 810 1867 ,
828 1835 877 1870 οὐχ
901 1835 918 1870 ὴ
933 1835 986 1862 τῶν

200 1881 306 1908 πολλῶν
321 1881 462 1915 ἐπιμιξία,
488 1881 518 1907 τὸ
532 1881 581 1916 τῆς
593 1881 683 1916 ψυχῆς
699 1881 852 1917 ἐλυμήνατο
868 1881 964 1913 κάλλος
977 1889 985 1898 ⁸

199 1927 268 1954 ἀλλὰ
291 1929 348 1958 τοῖς
373 1926 583 1962 καθειργμένοις
617 1927 816 1962 παραπλησίως
846 1927 985 1962 βιοτεύων,

199 1972 249 2006 τῆς
264 1971 368 2003 οἰκείας
383 1971 543 2006 ἐπεμελεῖτο
563 1970 652 2006 ψυχῆς
667 1979 674 1986 °
697 1970 798 2005 ηὔξησε
813 1971 840 1997 δὲ
856 1971 904 2006 τὴν
924 1972 987 2006 ἀρε-

200 2017 251 2052 τὴν
280 2018 335 2048 τοῖς
359 2017 409 2051 τῆς
433 2016 597 2052 καθείρξεως
612 2017 712 2048 πόνοις.
731 2016 830 2043 Τούτου
857 2017 986 2049 πολλάκις

200 2063 248 2099 τῆς
275 2063 418 2094 συνουσίας
446 2063 602 2098 ἀπήλαυσα.
634 2063 832 2098 Ἀποφράττειν
861 2063 913 2098 γάρ
942 2071 987 2098 μοι

201 2109 250 2144 τὴν
266 2108 350 2144 θύραν
369 2109 476 2135 ἐκέλευε
488 2117 495 2124 ο
514 2109 560 2135 καὶ
581 2109 700 2135 εἰσιόντα
716 2108 744 2134 δὲ
761 2108 986 2143 περιεπτύσσετο,

202 2156 248 2182 καὶ
283 2156 404 2190 μακροὺς
434 2155 498 2190 περὶ
530 2154 688 2189 φιλοσοφίας
725 2154 841 2186 ἐξέτεινε
882 2154 986 2188 λόγους.

207 2201 351 2236 Ἀπλὸτητι
365 2201 393 2227 δὲ
408 2201 453 2227 καὶ
472 2197 548 2232 οὗτος
567 2200 718 2236 διέλαμπε,
743 2200 790 2227 καὶ
813 2199 847 2226 τὰ
873 2199 984 2226 ποικίλα

201 2247 254 2282 ἢθη
273 2247 445 2274 παντάπασιν
471 2246 642 2273 ἐϐδελύττετο
655 2254 661 2261 ·
688 2246 737 2281 τὴν
758 2245 852 2272 πενίαν
874 2245 901 2271 δὲ
918 2244 987 2279 ὑπὲρ

202 2293 250 2328 τὴν
274 2292 362 2326 ἄκραν
385 2292 514 2327 εὐπορίαν
539 2293 691 2327 ἠγάπησεν.
722 2291 914 2325 Ἐννενήκοντα
939 2291 987 2324 ἐτη

189 2329 352 2371 ᾟξόιωκὼς,
365 2337 421 2368 τοῖς
436 2336 464 2368 ἐξ
478 2336 590 2370 αἰγείων
603 2335 703 2371 τριχῶν
724 2335 987 2370 κατεσκευασμένοις

204 2381 320 2416 ἱματίοις
348 2383 456 2417 ἐχρῆτο.
487 2383 586 2418 Ἀρτος
612 2383 644 2408 δὲ’
669 2382 714 2409 καὶ
748 2381 810 2413 ἂλες
832 2381 917 2415 ὀλίγοι
936 2380 987 2414 τῆς

203 2429 306 2463 τροφῆς
322 2429 396 2464 αὐτῷ
412 2430 461 2463 τὴν
481 2429 576 2464 χρείαν
592 2429 735 2464 ἐπλήρουν.
755 2428 878 2463 Ποϐήσας
893 2427 920 2453 δὲ
941 2427 985 2453 διὰ

204 2475 299 2510 χρόνου
319 2474 425 2510 μακροῦ
445 2475 495 2510 τὴν
515 2475 702 2509 πνευματικὴν
726 2475 773 2501 καὶ
791 2473 923 2509 μυστικὴν
941 2472 988 2498 θυ-

205 2521 266 2547 ϐίαν
289 2520 518 2557 προσφερομένην
543 2521 620 2553 ἰδεῖν,
647 2521 748 2556 ᾔτησεν
779 2520 837 2548 ἐκεῖ
861 2518 989 2553 γενέσθαι

204 2566 252 2601 τὴν
267 2566 314 2592 τοῦ
330 2566 402 2592 θείου
423 2565 510 2601 δώρου
524 2566 720 2601 προσκομιδήν.
742 2565 811 2599 Ἐγὼ
823 2564 850 2590 δὲ
863 2563 989 2599 ἁσμένως

196 2612 364 2646 ὑπήκουσα,
389 2612 437 2638 καὶ
463 2612 496 2638 τὰ
518 2612 578 2647 ἰερα
603 2612 685 2646 σκεύη
712 2610 876 2646 κομισοῆναι
899 2618 989 2645 παρα-

207 2657 352 2688 σκευάσας,
370 2656 400 2683 οὐ
418 2657 560 2692 πόρρωθεν
580 2657 633 2692 γὰρ
648 2655 681 2692 ἦν
694 2657 722 2683 τὸ
739 2656 836 2691 χωρίον
849 2675 856 2687 ,
872 2655 916 2682 καὶ
931 2655 990 2686 ταῖς

208 2703 260 2729 τῶν
270 2703 399 2729 διακόνων
416 2703 507 2737 χερσὶν
524 2703 584 2729 ἀντὶ
599 2704 792 2738 (θυσιαστηρίου
803 2701 985 2737 χρησάμενος,

243 2764 256 2783 Ρ
269 2758 357 2786 Galat.
373 2767 402 2790 ιι,
418 2760 460 2790 l9,
474 2758 519 2785 ﬁl.

1307 847 1363 875 XX.
1378 862 1411 868 —-
1424 847 1538 875 MARIS.

1070 917 1155 945 Vicus
1167 916 1188 933 ³⁸
1209 915 1281 951 apud
1305 923 1356 943 nos
1380 920 1433 948 est,
1456 916 1500 943 cui
1527 924 1624 943 nomen
1645 915 1763 943 Homeri.
1782 918 1820 944 Ad

1033 964 1105 991 hunc
1118 965 1260 998 angustam
1274 961 1466 989 domunculam
1489 969 1550 988 cum
1563 962 1743 1000 exstinxisset
1754 963 1822 989 divi-

1033 1017 1086 1036 nus
1103 1007 1197 1040 Maris,
1211 1006 1348 1039 'inelusus
1363 1006 1390 1033 in
1407 1014 1439 1033 ea
1466 1007 1567 1033 mansit
1595 1013 1684 1034 annos
1710 1006 1821 1042 triginta

1034 1057 1150 1089 septem.
1180 1051 1292 1079 Multum
1321 1055 1414 1078 autem
1439 1059 1470 1078 ex
1497 1051 1601 1086 1233
1619 1052 1710 1079 vicino
1731 1058 1822 1080 monte

1033 1097 1213 1126 contrahebat
1229 1096 1353 1124 humoris
1369 1095 1403 1128 ³¹,
1422 1096 1456 1122 ita
1471 1099 1500 1122 ut
1514 1093 1649 1130 'aqnarum
1663 1097 1745 1124 stillis
1761 1105 1822 1124 ma-

1034 1149 1122 1171 naret.
1134 1142 1270 1176 Quantum
1284 1148 1367 1177 p0rro
1383 1141 1474 1168 damni
1489 1141 1652 1176 corporibus
1676 1142 1702 1168 id
1728 1141 1822 1169 afferat

1034 1189 1147 1217 urbanis
1161 1188 1264 1223 pariter
1279 1194 1311 1214 ac
1328 1187 1440 1214 rusticis
1465 1191 1561 1214 notum
1576 1191 1628 1215 est.
1658 1187 1724 1215 Nam
1747 1189 1772 1215 in
1789 1189 1822 1215 iis

1034 1236 1081 1271 qui
1101 1242 1183 1270 agros
1198 1234 1322 1261 habitant
1348 1233 1486 1261 manifesti
1512 1239 1576 1261 sunt
1590 1235 1676 1261 morbi
1693 1235 1738 1270 qui
1758 1235 1822 1262 inde

1035 1285 1196 1309 nascuntur.
1216 1279 1268 1307 Sed
1298 1279 1355 1306 haec
1383 1283 1475 1306 tamen
1490 1287 1570 1306 sacro
1599 1279 1638 1306 illi
1653 1280 1737 1315 capiti
1767 1289 1821 1307 non

1035 1332 1232 1362 persuaserunt
1249 1325 1456 1353 utdomicilium
1474 1329 1608 1358 mutaret,
1631 1325 1678 1353 sed
1692 1331 1822 1354 constan-

1034 1378 1076 1402 ter
1101 1374 1222 1406 inhzesit,
1240 1372 1329 1407 quoad
1354 1379 1466 1400 cursum
1484 1373 1598 1407 peregit.
1614 1371 1684 1404 Quin
1702 1377 1729 1400 et
1745 1374 1821 1407 prio-

1035 1427 1092 1447 rem
1119 1426 1230 1454 quoque
1258 1418 1342 1445 vitam
1372 1417 1482 1444 virtutis
1511 1416 1650 1445 laboribus
1688 1419 1820 1445 exercuit.

1036 1464 1114 1492 Unde
1129 1469 1156 1491 et
1175 1463 1301 1498 corporis
1316 1466 1342 1491 et
1356 1463 1455 1490 anima:
1470 1463 1661 1491 castimoniam
1674 1471 1822 1491 conserva-

1035 1510 1073 1538 vit
1090 1519 1097 1537 :
1114 1509 1185 1544 quod
1205 1509 1272 1536 mihi
1297 1513 1389 1544 aperte
1408 1508 1523 1543 ipsemet
1552 1508 1652 1541 innuit,
1667 1517 1767 1545 corpus
1782 1512 1824 1538 in-

1036 1560 1194 1590 corruptum
1210 1555 1264 1584 sibi
1281 1559 1405 1591 perstare
1426 1555 1538 1587 docens,
1555 1560 1581 1583 et
1595 1556 1676 1590 quale
1699 1561 1823 1585 materno

1036 1610 1068 1629 ex
1095 1606 1173 1629 utero
1198 1601 1309 1637 prodiit.
1329 1602 1412 1637 quue
1430 1609 1492 1629 cum
1518 1602 1643 1637 publicas
1667 1607 1820 1639 martyrum

1037 1648 1225 1676 solemnitates
1246 1648 1354 1675 multas-
1370 1648 1528 1680 celebrarit,
1545 1656 1606 1676 cum
1628 1649 1724 1684 junior
1736 1654 1820 1681 esset,

1036 1694 1221 1729 populumque
1236 1694 1311 1721 vocis
1325 1694 1461 1722 suavitate
1487 1694 1665 1722 demulceret.
1684 1685 1822 1723 Ps'allendi

1036 1739 1109 1766 enim
1134 1747 1214 1767 usum
1229 1739 1383 1766 diutissime
1400 1738 1523 1771 retinnit,
1539 1743 1566 1767 et
1587 1740 1711 1774 corporis
1735 1739 1822 1768 forma

1036 1789 1096 1813 erat
1108 1785 1228 1820 egregia.
1247 1783 1301 1812 Sed
1320 1790 1408 1812 tamen
1437 1791 1526 1820 neque
1546 1785 1603 1812 oris
1617 1791 1758 1820 venustas,
1774 1795 1823 1814 ue-

1037 1838 1089 1865 que
1108 1830 1221 1858 claritas
1244 1830 1331 1861 vocis,
1350 1837 1439 1864 neque
1461 1830 1608 1858 multorum
1630 1830 1823 1866 frequentatio.

1037 1875 1135 1903 animae
1150 1874 1384 1910 pulchritudinem
1402 1874 1592 1902 deformarunt
1608 1886 1615 1903 :
1638 1877 1686 1904 sed
1701 1877 1822 1905 recluso-

1037 1929 1096 1949 rum
1108 1928 1184 1949 more
1193 1920 1274 1947 vitam
1290 1927 1384 1955 agens,
1402 1920 1499 1948 anima:
1513 1928 1569 1948 suae
1581 1929 1675 1948 curam
1689 1913 1819 1957 gerebat:

1037 1967 1199 1994 inclusionis
1215 1972 1282 2000 vero
1300 1967 1309 1977 '
1321 1965 1463 1993 laboribus
1480 1966 1607 1994 virtutem
1624 1967 1746 1994 adauxit.
1766 1967 1822 1995 llu-

1035 2011 1081 2046 jus
1093 2018 1143 2046 ego
1155 2010 1357 2038 consuetudine
1373 2018 1442 2037 usus
1457 2018 1517 2038 sum
1545 2019 1675 2046 poma-pe.
1704 2011 1820 2040 Obstru-

1037 2059 1108 2082 ctam
1123 2055 1195 2082 enim
1209 2055 1319 2089 ianuam
1339 2054 1493 2089 patefacere
1507 2063 1550 2083 me
1564 2056 1689 2090 jubebnt,
1713 2058 1820 2093 ingrcs-

1037 2108 1152 2135 sumque
1168 2096 1370 2134 amplexabatut
1386 2108 1392 2132 ;
1406 2105 1432 2127 et
1443 2101 1548 2136 prolixa
1558 2101 1682 2129 oratione
1691 2103 1724 2129 de
1736 2103 1823 2137 philo-

1038 2146 1133 2181 sophia
1148 2145 1312 2173 disserebat.
1324 2145 1475 2172 Prwstabat
1490 2146 1535 2173 hic
1550 2147 1633 2173 etiam
1647 2148 1822 2182 simplicitate

1038 2191 1184 2226 vafrosque
1201 2198 1291 2218 mores
1303 2191 1414 2225 penitus
1425 2191 1618 2224 aversabatur,
1630 2197 1819 2228 paupertatem

1037 2245 1102 2265 vero
1119 2236 1204 2272 pluris
1223 2235 1286 2263 fecit
1300 2243 1382 2271 quam
1398 2243 1519 2263 summas
1535 2236 1655 2264 divitias.
1669 2236 1821 2273 Nonaginta

1039 2287 1119 2310 natus
1144 2289 1231 2309 annos
1250 2281 1370 2309 cilicinis
1385 2281 1510 2309 vestibus
1536 2282 1664 2309 utebatur
1681 2292 1688 2310 :
1707 2291 1774 2318 pane
1790 2292 1822 2311 ac

1038 2330 1094 2357 sale
1107 2329 1214 2356 modico
1230 2327 1312 2354 vitam
1328 2327 1511 2354 sustentabat.
1527 2327 1595 2355 Cum
1608 2331 1698 2356 autem
1716 2330 1822 2366 1234

1039 2374 1172 2410 spiritalis
1201 2374 1368 2410 mysticique
1394 2373 1523 2401 sacrificii
1550 2375 1659 2402 videndi
1686 2375 1822 2403 desiderio

1038 2423 1169 2449 diuturno
1194 2424 1344 2452 teneretur.
1362 2421 1468 2455 rogavit
1481 2426 1509 2447 ut
1525 2420 1581 2448 illic
1598 2421 1684 2448 divini
1697 2422 1758 2449 doni
1774 2423 1824 2449 lic-

1038 2472 1077 2495 rel
1095 2467 1207 2495 oblatio.
1222 2465 1277 2502 Ego
1289 2473 1354 2493 vero
1366 2466 1482 2493 libenter
1492 2466 1691 2501 obtemperavi,
1703 2471 1730 2494 et
1743 2475 1821 2494 saera

1040 2522 1106 2541 vasa
1123 2513 1217 2540 afferri
1231 2512 1302 2547 jussi
1320 2512 1388 2548 (nec
1403 2512 1476 2539 enim
1488 2513 1585 2548 procul
1604 2514 1698 2540 aberat
1715 2514 1820 2546 locus),

1040 2559 1275 2592 diaconorumque
1299 2557 1426 2584 manibus
1444 2562 1524 2585 utens
1545 2565 1594 2593 pro
1611 2558 1700 2591 altari,
1726 2561 1822 2594 mysti—

1040 2613 1101 2632 cum
1117 2608 1144 2631 et
1168 2604 1290 2630 divinum
1311 2609 1342 2628 ac
1355 2601 1476 2629 salutare
1490 2603 1657 2630 sacrificium
1673 2604 1770 2630 obtuli.
1789 2603 1822 2630 ll-

1041 2653 1065 2679 le
1078 2657 1169 2678 autem
1186 2648 1304 2684 Spiritali
1317 2648 1439 2677 refertus
1455 2649 1603 2684 voluptate,
1617 2650 1715 2677 cmlnm
1733 2651 1821 2684 ipsmn

1042 2698 1134 2725 videre
1152 2705 1180 2724 se
1199 2695 1385 2727 existimabat,
1403 2702 1451 2722 nec
1466 2695 1513 2722 tali
1529 2703 1558 2722 se
1578 2703 1698 2730 unquam
1729 2697 1821 2723 Ιιυῑίιίςι

841 2787 956 2815 VARUS
975 2785 1180 2814 LECTIONES.

242 2838 264 2853 "’
285 2837 431 2866 llervctns:
444 2848 452 2863 ι
466 2838 516 2865 Est
531 2837 639 2864 Ilomcri
653 2837 762 2872 quidam
779 2836 864 2866 vicus,
878 2842 923 2869 qm
941 2841 955 2860 a
973 2833 1051 2872 nobis
1060 2836 1173 2860 vocatur
1185 2831 1271 2872 Notis.
1285 2841 1299 2872 ν»
1339 2833 1358 2848 ²¹
1379 2834 1406 2860 ln
1419 2832 1525 2860 llervcti
1539 2834 1662 2861 versione
1675 2839 1815 2867 sequitur:

211 2879 223 2898 τ
241 2871 373 2907 Tempore
382 2878 470 2900 autem
484 2873 581 2900 hiemis
600 2867 720 2906 qmedam
734 2879 840 2906 quoque
853 2867 935 2905 gutta:
953 2876 1028 2903 mpne
1042 2869 1108 2895 inea
1130 2867 1302 2894 emanabant.
1328 2876 1336 2893 ι
