2064 3120
252 190 300 225 143

729 178 974 235 ΤιΙΕοῡοΙιΕΉ
1005 199 1174 230 EPISCOPI
1204 200 1388 230 CYBENSIS

1816 200 1884 232 1432

249 249 387 286 perfusum
407 250 495 278 aiebat
512 250 607 278 fuisse.
630 251 662 277 At
673 260 733 286 ego,
750 261 832 287 quem
847 253 893 280 ille
908 253 1036 281 ardenter

1092 255 1136 290 τὴν
1161 255 1294 290 μυστικὴν
1316 256 1363 282 καὶ
1379 254 1454 281 θείαν
1469 255 1516 281 καὶ
1531 256 1663 291 σωτήριον
1677 256 1773 283 θυσίαν
1788 265 1876 292 προσο

249 295 408 324 ιιιίιηοιίιιιη⁴
426 296 568 331 diligebat,
587 296 720 331 injurium
738 305 780 324 me
811 299 837 325 in
866 299 954 334 ipsum
979 300 1038 327 fore

248 343 326 375 duxi,
351 339 404 369 nisi
437 343 519 370 etiam
547 348 686 370 mortttum
714 344 840 371 laudibus
867 353 1037 380 prosequar:

249 387 382 422 iujurium
417 391 444 414 et
471 389 498 414 in
517 387 598 420 alios,
614 388 668 416 nisi
694 380 949 423 prmstanlissimam
970 391 1040 418 hanc

251 434 452 469 philosophiam
479 435 640 462 imitandam
667 443 830 470 proponam.
862 436 953 469 Quare
980 438 1041 471 ejus

251 487 303 515 ope
319 488 392 508 nunc
418 481 500 508 etiam
518 481 662 516 implorata
690 482 770 509 finem
789 482 928 517 imponant
947 491 1041 510 narra-

250 525 328 553 tioni.

251 570 410 606 φιλοσοφίαν
433 571 561 607 προθείην
586 573 626 603 είς
646 572 772 608 μίμησιν.
801 574 855 599 Καὶ
884 573 931 600 νῦν
969 574 1057 600 τοίνυν

252 619 338 654 πέρας
355 620 478 654 ἐπιθήσω
496 620 533 656 τῷ
547 621 706 656 διηγήματι.

498 686 568 714 XXI.
584 702 615 707 ---
630 687 790 716 JACOBUS.

288 753 435 788 Postquam
453 753 617 781 athletarum
639 754 765 787 virtutis,
781 755 827 790 qui
845 755 900 789 jam
923 755 1037 782 victores

252 799 401 827 renuntiati
418 804 499 831 sunt,
515 807 616 834 agones
632 800 838 835 percensuimus
849 820 856 831 .
874 801 1041 835 illorumque

253 848 309 872 tum
326 845 354 872 in
370 846 568 873 exercitatione
584 846 711 879 labores,
728 850 785 873 tum
801 846 828 873 in
842 847 1040 874 certaminibus

1091 301 1204 335 ἡνεγκα.
1223 301 1251 327 '0
1260 295 1292 327 ’δὲ
1304 302 1393 336 πάσης
1402 301 1497 336 ἡδονῆς
1513 302 1666 336 ἐνεφορεῖτο
1679 303 1881 337 πνευματικῆς,

1090 346 1138 373 καὶ
1162 347 1241 373 αὑτὸν
1257 348 1322 382 όρᾷν
1342 347 1388 373 τὸν
1403 347 1518 382 οὖρανὺν
1541 348 1727 384 ὑπελάμϐανε,
1747 350 1795 376 καὶ
1815 350 1881 384 ἑφα-

1093 401 1156 419 σκεν
1173 393 1300 419 οὐδέποτε
1321 393 1492 429 εὐφροσύνης
1512 394 1726 421 ἀπολελαυκέναι
1742 395 1882 430 τοιαύτης.

1099 437 1169 472 Ἐγὼ
1188 438 1215 464 δὲ
1231 438 1340 474 θερμῶς
1349 438 1408 465 λίαν
1426 439 1472 466 ὑπ’
1490 440 1571 466 αὑτοῦ
1585 440 1724 475 φιληθεὶς,
1741 441 1882 476 ἀδικήσειν

1093 482 1198 518 ᾠήθην,
1216 485 1240 510 εί
1265 485 1303 519 μὴ
1327 485 1374 511 καὶ
1390 485 1581 520 τελευτήσαντι
1595 486 1790 522 εὐφημήσαιμι
1805 495 1812 501 ”
1830 487 1883 514 ἀδι-

1098 530 1192 564 κήσειν
1211 529 1238 556 δὲ
1253 531 1316 562 τοὺς
1331 531 1444 563 ἄλλους,
1468 531 1492 556 εἰ
1515 531 1553 566 μὴ
1574 531 1623 566 τὴν
1646 531 1761 567 ἀρίστην
1780 532 1882 565 mit-nu

1095 574 1143 608 τῆς
1178 577 1242 611 παρ’
1274 576 1355 603 αὐτοῦ
1384 578 1474 612 τυγεῖν
1502 577 1660 613 ἐπικουρίας
1691 578 1880 614 ἀντιϐολήσας,

1339 690 1402 717 KA’.
1422 705 1453 710 -—
1476 689 1632 718 ΙΑΚΩΒΟΣ.

1136 754 1242 790 Ἐπειδὴ
1263 755 1316 782 τῶν
1338 756 1546 792 ἀναρρηθέντων
1563 756 1611 791 τῆς
1632 755 1734 791 ἀρετῆς
1757 755 1882 790 ἀθλητῶν

1091 802 1156 833 τοὺς
1171 801 1279 836 ἀγῶνας
1289 801 1473 836 διεξήλθομεν,
1488 801 1517 828 ἐν
1529 801 1668 836 κεφαλαίῳ
1683 801 1881 837 διηγησάμενοι

1092 847 1139 874 καὶ
1158 848 1222 878 τοὺς
1245 848 1274 874 ὲν
1296 849 1329 882 τῇ
1357 847 1457 884 μελέτῃ
1483 847 1581 879 πόνους
1594 867 1601 879 ,
1620 847 1669 874 καὶ
1690 848 1754 879 τοὺς
1770 848 1799 874 ὲν
1823 849 1894 889 τοῖςΣ

252 891 387 924 sudores,
407 890 634 926 clarissimasque
653 895 680 918 et
700 891 887 918 nobilissimas
907 891 1039 918 victorias

1092 893 1195 927 ἀγῶσιν
1220 892 1349 927 ἱδρῶτας,
1374 893 1423 919 καὶ
1441 893 1490 924 τὰς
1505 893 1701 928 λαμπροτάτας
1719 894 1774 926 ,καὶ
1799 902 1880 929 περι-

253 936 411 963 summatim
428 936 637 968 enarravimus,
656 944 706 971 age
723 943 796 963 nunc
813 943 908 964 eorum
927 936 973 971 qui
993 943 1040 963 su—

253 981 382 1015 perstites
403 985 486 1013 sunt,
502 985 530 1009 et
549 982 696 1017 magnifice
712 977 870 1014 decertant,
889 986 970 1017 atque
990 989 1040 1009 an-

253 1027 369 1054 teriores
387 1027 536 1054 sudoribus
554 1027 667 1055 vincere
687 1028 816 1060 student,
831 1026 914 1055 vitain
936 1029 1040 1056 descri-

251 1073 366 1104 bamus,
392 1073 543 1107 utilemque
569 1073 689 1108 posteris
714 1073 874 1099 memoriam
899 1073 1041 1108 relinqua-

252 1125 323 1145 mus.
343 1117 423 1145 Sicut
437 1118 509 1144 enim
526 1123 686 1145 sanctorum
699 1139 706 1150 ,
719 1119 765 1153 qui
781 1119 846 1146 olim
862 1119 1038 1152 claruerunt,

252 1165 427 1192 conversatio
439 1165 586 1192 utilitatem
599 1164 633 1191 iis
645 1165 690 1200 qui
703 1170 764 1200 post
776 1165 864 1191 secuti
875 1169 939 1192 sunt
949 1165 1039 1192 attulit

253 1210 399 1237 maximam
414 1219 420 1237 :
437 1211 474 1237 ita
488 1211 522 1238 iis
540 1211 585 1246 qui
602 1215 663 1246 post
681 1219 731 1238 nos
747 1211 833 1238 futuri
850 1215 931 1244 sunt,
947 1219 1040 1239 exem-

252 1256 312 1290 plar
331 1259 413 1283 erunt
432 1256 549 1284 istorum
570 1257 754 1284 narrationes.
775 1256 878 1284 Horum
897 1264 962 1284 vero
986 1257 1040 1284 ini—

252 1301 319 1328 tium
337 1301 435 1328 ducam
455 1309 469 1328 a
490 1310 590 1336 magno
605 1301 718 1329 Jacobo.
738 1301 762 1329 Is
780 1302 852 1329 enim
871 1306 898 1329 et
917 1306 1040 1337 tempore

253 1351 279 1374 et
297 1347 392 1375 labore
411 1352 526 1375 exteros
544 1348 701 1381 antecedit,
722 1347 770 1382 qui
792 1347 882 1382 ipsum
903 1347 1039 1375 imitando

253 1393 323 1420 tnira
339 1397 366 1420 et
385 1394 519 1428 stupenda
539 1392 653 1420 faciunt.
673 1393 793 1430 Contigit
814 1398 905 1421 autem
919 1413 926 1424 .
946 1393 1040 1422 nescio

254 1445 308 1472 quo
323 1442 419 1472 pacto,
438 1438 543 1474 1235
561 1443 589 1466 ut
605 1443 632 1466 et
645 1439 701 1466 vita
719 1439 889 1472 functorum,
909 1443 936 1467 et
949 1440 1040 1467 adhuc

253 1484 450 1518 superstitum,
478 1492 577 1512 nomen
603 1485 654 1511 hoc
678 1485 795 1520 primum
822 1485 911 1512 locum
937 1489 1037 1513 teneat.

254 1530 262 1538 ‘
281 1527 479 1557 Defunctorum
508 1529 610 1565 quippe
635 1530 719 1556 vitam
744 1537 805 1557 eum
832 1530 1038 1563 describerem,

1091 940 1260 974 φανεστάτας
1280 939 1368 971 νίκας,
1388 939 1453 975 φέρε
1475 939 1522 966 καὶ
1535 940 1588 966 τῶν
1605 940 1645 966 ἔτι
1659 940 1818 975 περιόντων,
1834 941 1881 967 καὶ

1093 984 1311 1020 μεγαλοπρεπῶς
1332 984 1558 1020 ἀγωνιζομένων,
1586 984 1632 1010 καὶ
1655 983 1882 1017 φιλονεικούντων

1090 1031 1200 1066 νικῆσαι
1215 1030 1270 1061 τοῖς
1285 1029 1378 1065 ἱδρῶσι
1393 1030 1457 1060 τοὺς
1472 1027 1669 1065 προλαϐόντας,
1681 1029 1729 1064 τὴν
1743 1028 1882 1055 πολιτείαν

1092 1076 1312 1112 συγγράψωμεν,
1342 1075 1390 1102 καὶ
1417 1076 1474 1106 τοῖς
1498 1075 1638 1110 ἐσομένοις
1670 1074 1881 1110 καταλείζνωμεν

1090 1122 1251 1158 ὀνησιφόρον
1278 1122 1399 1158 μνήμην.
1419 1121 1524 1156 Ὠσπερ
1546 1120 1600 1155 γὰρ
1625 1120 1679 1147 τῶν
1702 1121 1786 1147 πάλαι
1816 1120 1880 1146 ποτὲ

1089 1170 1297 1205 διαπρεψαντων
1310 1168 1395 1202 ἁγίων
1408 1168 1424 1203 ἡ
1437 1167 1559 1194 πολιτεία
1572 1168 1628 1198 τοῖς
1637 1165 1734 1192 ἔπειτα
1747 1166 1880 1200 μεγίστην

1090 1216 1223 1250 ὠφέλειαν
1243 1215 1380 1250 ἐκόμισεν,
1397 1213 1482 1245 οὕτως
1498 1214 1640 1249 ἀρχέτυπα
1659 1214 1715 1244 τοῖς
1733 1212 1793 1247 μεθ’
1806 1212 1879 1247 ἡμᾶς

1089 1263 1124 1289 τὰ
1146 1262 1248 1289 τούτων
1275 1262 1420 1296 γενήσεται
1446 1260 1614 1295 διηγήματα.
1647 1258 1748 1294 ’Λρχὴν
1777 1258 1878 1284 τούτων

1091 1309 1240 1344 ποιήσομαι
1265 1308 1310 1334 τὸν
1343 1307 1428 1343 μέγαν
1463 1305 1611 1333 ’1ἀκω6ον’
1639 1303 1716 1336 οὗτος
1744 1303 1799 1338 γὰρ
1825 1303 1877 1330 τῶν

1090 1354 1178 1383 ἄλλων
1203 1355 1250 1382 καὶ
1269 1355 1308 1390 τῷ
1328 1354 1426 1390 χρόνῳ,
1452 1354 1499 1380 καὶ
1516 1352 1554 1388 τῷ
1576 1353 1650 1387 πόνῳ
1668 1351 1815 1388 πρωτεύει,
1831 1351 1876 1376 καὶ

1091 1401 1186 1428 τοῦτον
1211 1401 1402 1435 ζηλώσαντες,
1417 1400 1464 1426 ⁴τ5ι
1490 1398 1637 1434 Θαυμαστὰ
1667 1398 1714 1425 καὶ
1739 1396 1878 1432 πιράδοξα

1090 1447 1185 1484 δρῶσι.
1205 1447 1307 1482 Συνέϐη
1330 1447 1357 1473 δὲ
1379 1447 1428 1473 οὐκ
1446 1445 1494 1473 οἷδ’
1511 1447 1595 1478 ὅπως,
1619 1445 1733 1472 καὶτῶν
1747 1443 1878 1472 ἀπελῦόν-

1090 1501 1156 1526 των,
1173 1493 1221 1519 καὶ
1238 1492 1292 1518 τῶν
1313 1491 1352 1518 ἔτι
1370 1492 1518 1527 περιόντων
1532 1512 1538 1523 ,
1563 1490 1644 1517 τοῦτο
1666 1489 1824 1525 πρωτεῦσαι
1851 1489 1880 1515 sb

1091 1538 1186 1573 ὄνομα.
1200 1538 1255 1564 Καὶ
1267 1537 1321 1574 γὰρ
1335 1537 1381 1564 καὶ
1400 1537 1449 1574 τὴν
1465 1537 1576 1564 ἐκείνων
1590 1536 1727 1563 πολιτείαν
1749 1536 1879 1571 διηγησά-

253 1584 371 1604 exorsus
392 1583 452 1604 sum
474 1583 488 1602 a
510 1575 604 1603 divino
622 1576 669 1603 illo
686 1575 808 1609 Iacobo,
827 1577 873 1612 qui
893 1575 1037 1604 Persarum

1095 1591 1192 1618 μενος,
1218 1582 1305 1618 ἀρχὴν
1324 1582 1369 1609 τὸν
1387 1582 1457 1609 θεῖον
1473 1583 1576 1608 ἐκεῖνον
1594 1580 1766 1616 ἐποιησάμην
1788 1580 1880 1606 Ἰάκω-

253 1623 406 1651 exercitum
436 1624 562 1651 oratione
589 1631 639 1650 sua
668 1622 832 1659 dissipavit,
860 1622 1040 1659 disjectisque

252 1669 329 1696 urbis
344 1669 481 1696 mcenibus
495 1669 593 1696 urbem
606 1669 666 1704 capi
681 1664 735 1696 non
750 1668 891 1704 permisit,
905 1673 932 1696 et
948 1669 1041 1697 hostes

253 1714 348 1749 fugere
362 1714 470 1749 coegit,
483 1714 602 1741 culicum
615 1713 787 1749 cinifumque
801 1714 860 1742 acie
873 1714 900 1741 in
915 1714 977 1742 illos
991 1714 1041 1741 im-

254 1761 349 1788 missa.
368 1759 420 1792 Qui
438 1768 504 1795 ergo
521 1764 547 1787 et
564 1760 669 1787 honore
688 1762 715 1787 et
739 1760 863 1787 moribus
886 1760 964 1787 illum
993 1767 1041 1788 re-

254 1806 324 1838 fert,
344 1806 494 1833 viventium
522 1806 613 1832 adhuc
634 1805 802 1832 athletarum
823 1813 920 1841 agmen
940 1805 1040 1839 ducat,

255 1859 309 1879 non
328 1851 392 1886 quia
410 1851 479 1878 idem
496 1858 593 1878 nomen
609 1851 693 1886 gerit,
712 1851 759 1878 sed
775 1852 840 1886 quia
855 1851 915 1886 ejus
932 1860 1042 1887 quoque

254 1897 377 1925 imitatus
396 1901 439 1925 est
467 1897 615 1929 virtutem,
636 1897 831 1932 exemplarque
858 1897 1041 1933 philosophiae

255 1944 318 1972 nliis
342 1944 401 1979 ipse
424 1944 514 1971 factus
534 1947 585 1971 est.
607 1943 729 1970 Maronis
750 1944 822 1971 enim
845 1945 945 1972 summi
966 1945 1041 1974 illius

254 1989 282 2016 in
308 1989 537 2016 consuetudinem
560 1993 702 2023 receptus,
730 1989 963 2024 divinaque-ejus
991 1991 1041 2018 do-

254 2034 344 2062 ctrina
362 2034 526 2068 institutus,
547 2035 707 2070 magistrum
722 2035 817 2070 .ipsum
837 2035 963 2063 laborum
984 2045 1040 2064 ma-

254 2080 399 2115 gnitudine
425 2080 595 2108 obscuravit.
626 2079 729 2107 Habuit
758 2080 893 2115 siquidem
921 2082 966 2109 ille
991 2090 1042 2117 pro

255 2134 336 2153 muro
363 2125 464 2153 vetusti
493 2126 599 2153 erroris
627 2125 791 2157 delubrum,
820 2131 846 2154 et
864 2135 895 2154 ex
925 2128 1041 2163 pellibus

255 2171 374 2199 cilieinis
392 2171 597 2199 tabernaculum
608 2193 615 2205 ,
629 2171 711 2207 cujus
724 2179 775 2207 ope
796 2173 895 2207 pluvia:
915 2174 1041 2209 nivisque

254 2218 369 2253 injurias
388 2226 484 2246 omnes
499 2219 667 2253 declinabat.
687 2219 737 2247 llic
752 2228 835 2252 vero,
854 2219 896 2248 his
913 2221 1042 2248 omnibus

253 2266 344 2293 valere
354 2265 442 2301 jussis
452 2286 459 2298 ,
476 2271 504 2293 et
521 2260 711 2299 tabernaculo,
727 2272 753 2294 et
768 2266 892 2302 tugurio,
903 2271 930 2294 et
943 2275 1020 2294 muro
1031 2287 1038 2300 ,

253 2312 353 2338 CtL‘ittllI
369 2312 450 2339 habet
467 2319 517 2347 pro
531 2315 613 2343 tecto,
628 2313 775 2340 contrariis
791 2314 862 2340 aeris
876 2313 1038 2348 impressio-

253 2357 334 2385 nibus
352 2357 493 2385 universis
510 2357 652 2392 expositus
664 2378 670 2390 ,
687 2363 715 2386 et
731 2367 804 2387 nunc
827 2359 938 2394 quidem
964 2359 1039 2394 largo

254 2403 341 2431 imbre
354 2403 496 2439 difﬂuens,
515 2411 590 2430 nunc
607 2404 668 2438 gelu
684 2412 715 2431 ac
733 2405 794 2432 nive
814 2410 978 2437 concretus,
995 2406 1039 2432 iu»

253 2450 362 2477 terdum
381 2449 467 2477 radiis
484 2449 551 2476 solis
566 2454 654 2477 tostus
667 2454 693 2477 et
709 2455 841 2478 exustus:
857 2451 965 2478 fortiter
980 2459 1039 2478 om-

254 2496 298 2522 nia
317 2495 475 2530 perferens,
501 2499 528 2522 et
550 2499 679 2531 tanquam
697 2496 724 2523 in
743 2497 834 2524 alieno
858 2505 972 2531 corpore
996 2498 1039 2524 di-

255 2542 360 2569 micans
371 2562 378 2573 ,
395 2541 520 2576 corporis
536 2546 662 2569 naturam
677 2542 820 2570 alacritate
834 2543 916 2569 animi
931 2543 1039 2570 vincere

254 2587 408 2619 contendit,
421 2588 587 2622 mortalique
601 2588 652 2615 hoc
674 2593 699 2615 et
722 2589 825 2623 patibili
839 2589 1037 2620 circumdatus,

255 2634 296 2661 sic
312 2633 377 2660 vivit
395 2641 427 2661 ac
445 2633 467 2661 si
487 2634 515 2661 in
534 2635 680 2670 impatibili
693 2655 700 2666 ,
718 2639 744 2662 et
762 2635 846 2662 vitam
872 2634 898 2661 in
924 2644 1039 2670 corpore

254 2682 381 2716 corporis
397 2686 537 2716 expertem
562 2681 717 2711 meditans.
744 2689 805 2708 cum
833 2678 927 2710 divino
955 2683 1038 2709 Paulo

253 2726 355 2754 clamat
370 2736 376 2754 :
389 2726 437 2754 «In
451 2734 534 2754 carne
551 2727 724 2755 ambulantes
739 2735 794 2754 non
811 2728 962 2756 secundum
976 2737 1038 2755 car-

254 2780 316 2801 nem
338 2773 498 2800 militamus.
529 2773 635 2808 1236
659 2773 740 2800 Arma
768 2774 840 2800 enim
867 2778 958 2802 nostra
982 2783 1036 2802 non

254 2823 318 2846 sunt
336 2820 458 2847 carnalia
470 2839 477 2849 ,
494 2819 541 2846 sed
559 2819 681 2854 potentia
701 2819 755 2846 Deo
771 2819 803 2846 ad
821 2820 1036 2847 destructionem

256 2863 451 2892 munitionum.
470 2864 590 2891 Consilia
611 2863 800 2896 destruenles,
818 2858 845 2891 et
864 2865 1036 2893 altitudinem

256 2917 316 2944 truc
334 2919 362 2938 se
379 2911 484 2939 extollit
503 2911 635 2937 adversus
655 2910 797 2937 scientiam
819 2910 865 2938 Dei
878 2931 884 2943 ,
905 2916 931 2939 et
952 2914 1037 2948 capti-

1091 1627 1153 1659 δον,
1174 1627 1204 1659 ὃς
1225 1630 1273 1663 τὴν
1292 1627 1429 1663 Περσικὴν
1456 1628 1564 1663 ὲκεὶνην
1586 1627 1729 1662 στρατείαν
1751 1626 1880 1653 ἐσκέδασε

1091 1673 1242 1709 προσευχῇ,
1262 1674 1309 1700 καλ.
1327 1673 1381 1699 τῶν
1398 1673 1444 1700 τοῦ
1461 1674 1564 1704 ἄστεως
1587 1672 1739 1708 περιϐόλων
1766 1681 1869 1699 καταπε

1093 1719 1204 1752 σόντων,
1219 1719 1280 1746 οὔτε
1293 1719 1342 1754 τὴν
1356 1719 1431 1746 πόλιν
1443 1719 1545 1746 ἁλῶναι
1556 1718 1741 1754 συνεχώρησε,
1756 1719 1804 1744 καὶ
1819 1718 1878 1750 τοὺς

1093 1763 1237 1800 πολεμίους
1271 1766 1366 1799 φυγεῖν
1391 1765 1617 1801 κατηνάγκασεν,
1648 1764 1765 1800 ἐμπίδας
1789 1765 1879 1795 αὐτοῖς

1093 1810 1347 1846 καταστρατεύσας,
1363 1811 1411 1837 καὶ
1433 1811 1577 1842 κώνωπας.
1607 1810 1637 1838 ’0
1663 1809 1768 1837 ἐκείνου
1792 1810 1880 1836 τοίνυν

1092 1857 1222 1892 ὁμότιμος
1234 1877 1241 1888 ,
1258 1856 1305 1883 καὶ
1323 1857 1493 1892 ὁμότροπος,
1517 1857 1567 1892 τῆς
1586 1856 1640 1883 τῶν
1664 1856 1704 1882 ἔτι
1730 1856 1879 1890 περιόντων

1092 1903 1250 1938 ἀγωνιστῶν
1270 1905 1425 1938 προτευέτω
1447 1903 1604 1938 συμμορίας
1617 1910 1625 1918 ο
1651 1902 1701 1929 οὐκ
1722 1901 1817 1936 ἐπειδὴ
1833 1901 1879 1935 τῆς

1094 1949 1279 1985 προσηγορίας
1293 1950 1350 1975 ἐστὶ
1363 1948 1500 1981 κοινωνὸς,
1512 1947 1570 1974 ἀλλ’
1588 1949 1628 1974 ὅτι
1645 1947 1694 1974 καὶ
1711 1948 1761 1982 τὴν
1778 1946 1879 1973 ἐκείνω

1093 1994 1228 2030 ἐζήλωσεν
1243 1997 1353 2032 ἀρετὴν,
1367 1997 1414 2023 καὶ
1433 1996 1612 2031 παράδειγμα
1626 1995 1787 2030 φιλοσοφίας
1803 1993 1879 2024 αὐτὸς

1092 2043 1148 2073 τοῖς
1169 2041 1259 2073 ἄλλοις
1278 2041 1400 2076 ἐγένετο.
1418 2041 1531 2076 Μάρωνι
1556 2041 1611 2075 γὰρ
1631 2040 1728 2075 ἐκείνῳ
1754 2039 1792 2074 τῷ
1813 2039 1879 2065 πᾶν-ι

1094 2088 1314 2122 συγγενόμενος,
1341 2088 1388 2113 καὶ
1418 2088 1467 2122 τῆς
1493 2087 1568 2117 θείας
1595 2086 1677 2112 αὑτοῦ
1707 2085 1879 2115 διδασκαλίας

1095 2134 1264 2170 μεταλαχὼν,
1283 2136 1338 2166 τοῖς
1357 2133 1460 2168 μείζοσι
1476 2133 1567 2165 πόνοις
1586 2132 1730 2168 ἀπέκρυψε
1745 2133 1791 2158 τον
1812 2132 1878 2158 διδά-

1095 2179 1203 2207 σκαλον.
1226 2179 1255 2206 ὐ
1273 2180 1321 2214 μὲν
1337 2179 1391 2215 γὰρ
1405 2179 1452 2206 καὶ
1468 2178 1608 2214 περίϐολον
1623 2176 1679 2214 εἶχε
1693 2178 1744 2213 τῆς
1765 2178 1879 2209 παλαιᾶς

1094 2222 1198 2262 πλάνης
1215 2226 1245 2253 τὸ
1258 2226 1381 2262 τέμενος,
1395 2226 1441 2252 καὶ
1454 2225 1556 2261 σκηνὴν
1574 2227 1605 2252 ἐκ
1621 2225 1743 2261 δέρῤεων
1755 2225 1879 2260 τριχίνων

1095 2271 1224 2307 ἐπήξατο,
1251 2272 1298 2298 καὶ
1317 2272 1402 2307 ταύτῃ
1423 2271 1578 2306 χρώμενος,
1596 2271 1645 2302 τὰς
1667 2271 1714 2297 τοῦ
1733 2270 1812 2296 ὑετοῦ
1835 2269 1878 2296 καὶ

1093 2318 1202 2352 νιφετοῦ
1221 2317 1330 2351 διέφυγε
1352 2316 1515 2351 προσϐολάς.
1535 2313 1618 2347 Οὗτος
1639 2315 1667 2341 δὲ
1690 2316 1758 2342 πᾶσι
1778 2315 1879 2346 τούτοις

1094 2351 1230 2398 ἐρρῶσθαι
1243 2362 1361 2397 φράσας,
1379 2361 1426 2388 καὶ
1440 2362 1538 2396 σκηνῇ,
1553 2361 1600 2386 καὶ
1612 2359 1728 2396 καλύἢῃ,
1746 2360 1792 2386 καὶ
1810 2369 1878 2394 περι-

1095 2407 1182 2443 ϐόλῳ,
1208 2407 1305 2442 δροφον
1322 2407 1379 2441 ἔχει
1399 2406 1445 2432 τὸν
1462 2405 1577 2440 οὐρανὸν
1590 2425 1596 2435 ,
1613 2405 1704 2436 πάσας
1728 2405 1775 2430 τοῦ
1803 2405 1878 2439 ἀέρος

1094 2454 1142 2485 τὰς
1169 2453 1293 2484 ἐναντίας
1313 2453 1458 2488 δεχόμενος
1481 2451 1645 2487 προσϐολάς.
1671 2451 1727 2477 Καὶ
1755 2450 1804 2477 νῦν
1834 2450 1880 2485 μὲν

1094 2499 1163 2535 ὑετῷ
1190 2499 1283 2535 λαύρῳ
1301 2498 1557 2532 κατακλυζόμενθςι
1584 2496 1631 2523 νῦν
1653 2496 1681 2523 δὲ
1707 2495 1808 2531 κρυμῷ
1835 2495 1880 2521 καὶ

1093 2545 1192 2580 νιερετῷ
1217 2545 1403 2580 raw-Jama;
1425 2543 1517 2570 ἄλλοτε
1544 2541 1571 2569 δὲ
1595 2544 1652 2573 ταῖς
1671 2542 1764 2568 ἀκτῖσι
1786 2540 1879 2575 φλεγό-

1096 2591 1174 2626 μενὸς
1191 2600 1219 2617 τε
1234 2591 1280 2617 καὶ
1299 2589 1522 2625 ὲμπιπράμενος,
1536 2588 1583 2615 καὶ
1605 2587 1673 2623 πρὸς
1687 2587 1798 2614 ἅπαντα
1815 2595 1878 2621 καρ-

1092 2637 1179 2673 τερῶν
1220 2638 1265 2664 καὶ
1283 2637 1319 2668 ὼς
1336 2637 1364 2662 ὲν
1380 2635 1511 2672 ἀλλοτρίῳ
1534 2634 1737 2669 ἀγωνιζόμενος
1762 2633 1878 2668 σώματι,

1094 2684 1140 2711 καὶ
1156 2683 1315 2718 φιλονεικῶν
1328 2684 1360 2718 τῇ
1376 2681 1515 2717 προθυμίᾳ
1530 2681 1638 2716 νικῆσαι
1653 2681 1702 2715 τὴν
1718 2680 1767 2706 τοῦ
1788 2680 1877 2715 σώμα-

1092 2739 1136 2762 τος
1153 2730 1243 2764 φύσιν.
1261 2729 1362 2765 Θνητὸν
1378 2728 1432 2764 γὰρ
1447 2728 1527 2754 τοῦτο
1550 2727 1597 2754 καὶ
1614 2726 1736 2762 παθητὸν
1758 2726 1878 2762 περικεί-

1094 2785 1184 2811 μενος,
1200 2776 1237 2806 ὡς
1253 2776 1280 2801 ὲν
1294 2774 1396 2802 ἀπαθεῖ
1410 2773 1589 2806 πολιτεύεται,
1609 2773 1654 2799 καὶ
1668 2773 1717 2808 τὴν
1735 2773 1877 2808 ἀσώματον

1093 2822 1164 2857 ζωὴν
1182 2823 1209 2848 ὲν
1232 2820 1339 2855 σώματι
1357 2820 1485 2855 μελετῶν,
1502 2820 1569 2854 μετά
1590 2819 1635 2846 τοῦ
1653 2818 1799 2845 θεσπεσίου
1812 2818 1877 2845 [lati-

1091 2868 1136 2894 λου
1151 2867 1218 2902 βοᾷ·
1237 2877 1246 2892 ι
1269 2867 1312 2892 Ἐν
1329 2866 1409 2900 σαρκὶ
1428 2865 1639 2900 περιπατοῦντες
1657 2865 1686 2890 οὗ
1706 2865 1777 2891 21:3:
1791 2865 1876 2900 σάρκα

1093 2911 1316 2948 στρατευόμεθα·
1335 2913 1366 2938 τὰ
1381 2911 1433 2946 γὰρ
1451 2911 1520 2938 ὅπλα
1535 2911 1611 2944 ἡμῶν
1624 2911 1653 2936 οὐ
1670 2911 1797 2945 σαρκικὰ,
1811 2909 1875 2937 ἀλλὶ
