  <div class='ocr_page' id='page_1' title='image "/cluster/home/n/w/nwhite01/storage/ocr_20150623/82/njp.32101077772802/778.png"; bbox 0 0 2064 3120; ppageno 0'>
   <div class='ocr_carea' id='block_1_1' title="bbox 194 192 260 223">
    <p class='ocr_par' dir='ltr' id='par_1_1' title="bbox 194 192 260 223">
     <span class='ocr_line' id='line_1_1' title="bbox 194 192 260 223; baseline 0 0"><span class='ocrx_word' id='word_1_1' title='bbox 194 192 204 223; x_wconf 76' lang='lat'><strong><em>1</em></strong></span> <span class='ocrx_word' id='word_1_2' title='bbox 214 192 260 223; x_wconf 62' lang='lat'><strong>{3‘3</strong></span> 
     </span>
    </p>
   </div>
   <div class='ocr_carea' id='block_1_2' title="bbox 784 180 1215 215">
    <p class='ocr_par' dir='ltr' id='par_1_2' title="bbox 784 180 1215 215">
     <span class='ocr_line' id='line_1_2' title="bbox 784 180 1215 215; baseline -0.014 0"><span class='ocrx_word' id='word_1_3' title='bbox 784 184 990 215; x_wconf 81' lang='lat' dir='ltr'><strong>RELIGIOSA</strong></span> <span class='ocrx_word' id='word_1_4' title='bbox 1027 180 1215 212; x_wconf 78' lang='lat' dir='ltr'><strong>HISTORIA.</strong></span> 
     </span>
    </p>
   </div>
   <div class='ocr_carea' id='block_1_3' title="bbox 1747 167 1815 200">
    <p class='ocr_par' dir='ltr' id='par_1_3' title="bbox 1747 167 1815 200">
     <span class='ocr_line' id='line_1_3' title="bbox 1747 167 1815 200; baseline -0.015 0"><span class='ocrx_word' id='word_1_5' title='bbox 1747 167 1815 200; x_wconf 63' lang='grc'><strong>1434</strong></span> 
     </span>
    </p>
   </div>
   <div class='ocr_carea' id='block_1_4' title="bbox 191 211 997 281">
    <p class='ocr_par' dir='ltr' id='par_1_4' title="bbox 191 240 997 281">
     <span class='ocr_line' id='line_1_4' title="bbox 191 240 997 281; baseline -0.012 -6"><span class='ocrx_word' id='word_1_6' title='bbox 191 247 292 275; x_wconf 79' lang='grc' dir='ltr'>δυνατὰ</span> <span class='ocrx_word' id='word_1_7' title='bbox 305 245 343 281; x_wconf 81' lang='grc' dir='ltr'>τῷ</span> <span class='ocrx_word' id='word_1_8' title='bbox 355 245 415 280; x_wconf 84' lang='grc' dir='ltr'><strong>Θεῷ</strong></span> <span class='ocrx_word' id='word_1_9' title='bbox 430 243 497 278; x_wconf 72' lang='grc' dir='ltr'>πρὸς</span> <span class='ocrx_word' id='word_1_10' title='bbox 509 242 667 278; x_wconf 76' lang='grc' dir='ltr'><strong>καθαίρεσιν</strong></span> <span class='ocrx_word' id='word_1_11' title='bbox 681 240 868 276; x_wconf 73' lang='grc' dir='ltr'><strong>ὀχυρωμάτων</strong></span> <span class='ocrx_word' id='word_1_12' title='bbox 882 249 888 255; x_wconf 94' lang='grc'><strong>·</strong></span> <span class='ocrx_word' id='word_1_13' title='bbox 901 240 976 273; x_wconf 85' lang='grc' dir='ltr'>λογι-</span> <span class='ocrx_word' id='word_1_14' title='bbox 992 257 997 268; x_wconf 55' lang='grc' dir='ltr'><strong><em>λ</em></strong></span> 
     </span>
    </p>
   </div>
   <div class='ocr_carea' id='block_1_5' title="bbox 1049 211 1812 281">
    <p class='ocr_par' dir='ltr' id='par_1_5' title="bbox 1049 226 1812 264">
     <span class='ocr_line' id='line_1_5' title="bbox 1049 226 1812 264; baseline -0.016 0"><span class='ocrx_word' id='word_1_15' title='bbox 1049 241 1125 264; x_wconf 78' lang='lat' dir='ltr'><strong>antes</strong></span> <span class='ocrx_word' id='word_1_16' title='bbox 1139 242 1233 261; x_wconf 89' lang='lat' dir='ltr'><strong>omnes</strong></span> <span class='ocrx_word' id='word_1_17' title='bbox 1247 233 1414 260; x_wconf 86' lang='lat' dir='ltr'><strong>intellectum</strong></span> <span class='ocrx_word' id='word_1_18' title='bbox 1433 232 1459 257; x_wconf 85' lang='lat' dir='ltr'><strong>lu</strong></span> <span class='ocrx_word' id='word_1_19' title='bbox 1475 229 1638 264; x_wconf 83' lang='lat' dir='ltr'><strong>obsequium</strong></span> <span class='ocrx_word' id='word_1_20' title='bbox 1651 226 1755 255; x_wconf 76' lang='lat' dir='ltr'><strong>Christi</strong></span> <span class='ocrx_word' id='word_1_21' title='bbox 1765 231 1790 252; x_wconf 71' lang='grc' dir='ltr'>σι.</span> <span class='ocrx_word' id='word_1_22' title='bbox 1802 235 1812 252; x_wconf 69' lang='grc' dir='ltr'><strong>ι</strong></span> 
     </span>
    </p>
   </div>
   <div class='ocr_carea' id='block_1_6' title="bbox 194 285 978 329">
    <p class='ocr_par' dir='ltr' id='par_1_6' title="bbox 194 285 978 329">
     <span class='ocr_line' id='line_1_6' title="bbox 194 285 978 329; baseline -0.011 -9"><span class='ocrx_word' id='word_1_23' title='bbox 194 293 279 329; x_wconf 73' lang='grc' dir='ltr'>σμοὺς</span> <span class='ocrx_word' id='word_1_24' title='bbox 301 290 495 325; x_wconf 75' lang='grc' dir='ltr'><strong>καθαιροῦντες</strong></span> <span class='ocrx_word' id='word_1_25' title='bbox 508 311 515 321; x_wconf 84' lang='grc'><strong>,</strong></span> <span class='ocrx_word' id='word_1_26' title='bbox 541 288 588 314; x_wconf 81' lang='grc' dir='ltr'>καὶ</span> <span class='ocrx_word' id='word_1_27' title='bbox 610 288 664 314; x_wconf 79' lang='grc' dir='ltr'>πᾶν</span> <span class='ocrx_word' id='word_1_28' title='bbox 681 286 782 321; x_wconf 70' lang='grc' dir='ltr'>ὕψωμα</span> <span class='ocrx_word' id='word_1_29' title='bbox 799 285 978 321; x_wconf 78' lang='grc' dir='ltr'><strong>ἐπαιρόμενον</strong></span> 
     </span>
    </p>
   </div>
   <div class='ocr_carea' id='block_1_7' title="bbox 193 330 979 373">
    <p class='ocr_par' dir='ltr' id='par_1_7' title="bbox 193 330 979 373">
     <span class='ocr_line' id='line_1_7' title="bbox 193 330 979 373; baseline -0.014 -6"><span class='ocrx_word' id='word_1_30' title='bbox 193 339 264 367; x_wconf 75' lang='grc' dir='ltr'>κατὰ</span> <span class='ocrx_word' id='word_1_31' title='bbox 280 338 329 373; x_wconf 84' lang='grc' dir='ltr'>τῆς</span> <span class='ocrx_word' id='word_1_32' title='bbox 344 337 470 372; x_wconf 78' lang='grc' dir='ltr'>γνώσεως</span> <span class='ocrx_word' id='word_1_33' title='bbox 486 334 533 362; x_wconf 77' lang='grc' dir='ltr'>τοῦ</span> <span class='ocrx_word' id='word_1_34' title='bbox 549 333 616 360; x_wconf 83' lang='grc' dir='ltr'>Θεοῦ</span> <span class='ocrx_word' id='word_1_35' title='bbox 633 341 638 348; x_wconf 89' lang='grc'>·</span> <span class='ocrx_word' id='word_1_36' title='bbox 667 332 713 359; x_wconf 73' lang='grc' dir='ltr'><strong>καὶ</strong></span> <span class='ocrx_word' id='word_1_37' title='bbox 731 330 979 367; x_wconf 74' lang='grc' dir='ltr'><strong>αἰχμαλωτίζοντες</strong></span> 
     </span>
    </p>
   </div>
   <div class='ocr_carea' id='block_1_8' title="bbox 172 377 979 421">
    <p class='ocr_par' dir='ltr' id='par_1_8' title="bbox 172 377 979 421">
     <span class='ocr_line' id='line_1_8' title="bbox 172 377 979 421; baseline -0.014 -8"><span class='ocrx_word' id='word_1_38' title='bbox 172 407 177 413; x_wconf 87' lang='grc'><strong>.</strong></span> <span class='ocrx_word' id='word_1_39' title='bbox 194 387 248 413; x_wconf 75' lang='grc' dir='ltr'><strong>πᾶν</strong></span> <span class='ocrx_word' id='word_1_40' title='bbox 265 385 353 421; x_wconf 73' lang='grc' dir='ltr'>νόημα</span> <span class='ocrx_word' id='word_1_41' title='bbox 375 384 415 414; x_wconf 85' lang='grc' dir='ltr'><strong>εἰς</strong></span> <span class='ocrx_word' id='word_1_42' title='bbox 433 383 488 416; x_wconf 37' lang='grc' dir='ltr'>,τὴν</span> <span class='ocrx_word' id='word_1_43' title='bbox 511 380 633 414; x_wconf 80' lang='grc' dir='ltr'>ὑπακοὴν</span> <span class='ocrx_word' id='word_1_44' title='bbox 648 379 696 405; x_wconf 65' lang='lat' dir='ltr'><strong>soi</strong></span> <span class='ocrx_word' id='word_1_45' title='bbox 719 378 847 414; x_wconf 77' lang='grc' dir='ltr'>Χριστοῦ.</span> <span class='ocrx_word' id='word_1_46' title='bbox 867 387 876 403; x_wconf 76' lang='grc' dir='ltr'><strong>ι</strong></span> <span class='ocrx_word' id='word_1_47' title='bbox 899 377 979 403; x_wconf 74' lang='grc' dir='ltr'>Ἀλλὰ</span> 
     </span>
    </p>
   </div>
   <div class='ocr_carea' id='block_1_9' title="bbox 194 421 980 462">
    <p class='ocr_par' dir='ltr' id='par_1_9' title="bbox 194 421 980 462">
     <span class='ocr_line' id='line_1_9' title="bbox 194 421 980 462; baseline -0.015 -4"><span class='ocrx_word' id='word_1_48' title='bbox 194 431 303 461; x_wconf 83' lang='grc' dir='ltr'>τούτους</span> <span class='ocrx_word' id='word_1_49' title='bbox 316 430 378 461; x_wconf 72' lang='grc' dir='ltr'>τοὺς</span> <span class='ocrx_word' id='word_1_50' title='bbox 397 428 465 462; x_wconf 79' lang='grc' dir='ltr'>ὑπὲρ</span> <span class='ocrx_word' id='word_1_51' title='bbox 480 427 560 460; x_wconf 77' lang='grc' dir='ltr'>φύσιν</span> <span class='ocrx_word' id='word_1_52' title='bbox 583 424 692 459; x_wconf 82' lang='grc' dir='ltr'>ἀγῶνας</span> <span class='ocrx_word' id='word_1_53' title='bbox 714 425 742 450; x_wconf 78' lang='grc' dir='ltr'>ἐν</span> <span class='ocrx_word' id='word_1_54' title='bbox 765 423 867 457; x_wconf 78' lang='grc' dir='ltr'>μείοσιν</span> <span class='ocrx_word' id='word_1_55' title='bbox 884 421 980 456; x_wconf 75' lang='grc' dir='ltr'>ἐμελέ-</span> 
     </span>
    </p>
   </div>
   <div class='ocr_carea' id='block_1_10' title="bbox 194 466 980 510">
    <p class='ocr_par' dir='ltr' id='par_1_10' title="bbox 194 466 980 510">
     <span class='ocr_line' id='line_1_10' title="bbox 194 466 980 510; baseline -0.015 -8"><span class='ocrx_word' id='word_1_56' title='bbox 194 484 259 510; x_wconf 80' lang='grc' dir='ltr'>τησε</span> <span class='ocrx_word' id='word_1_57' title='bbox 279 475 379 504; x_wconf 84' lang='grc' dir='ltr'>πόνοις.</span> <span class='ocrx_word' id='word_1_58' title='bbox 401 473 445 498; x_wconf 87' lang='grc' dir='ltr'>Ἐν</span> <span class='ocrx_word' id='word_1_59' title='bbox 464 469 578 503; x_wconf 79' lang='grc' dir='ltr'>οἰκίσκῳ</span> <span class='ocrx_word' id='word_1_60' title='bbox 598 468 652 504; x_wconf 78' lang='grc' dir='ltr'>γάρ</span> <span class='ocrx_word' id='word_1_61' title='bbox 669 476 722 494; x_wconf 85' lang='grc' dir='ltr'>τινι</span> <span class='ocrx_word' id='word_1_62' title='bbox 739 467 834 502; x_wconf 76' lang='grc' dir='ltr'>βραχεῖ</span> <span class='ocrx_word' id='word_1_63' title='bbox 848 466 980 500; x_wconf 80' lang='grc' dir='ltr'>πρότερον</span> 
     </span>
    </p>
   </div>
   <div class='ocr_carea' id='block_1_11' title="bbox 195 510 981 553">
    <p class='ocr_par' dir='ltr' id='par_1_11' title="bbox 195 510 981 553">
     <span class='ocr_line' id='line_1_11' title="bbox 195 510 981 553; baseline -0.017 -5"><span class='ocrx_word' id='word_1_64' title='bbox 195 521 290 548; x_wconf 78' lang='grc' dir='ltr'>ἑαυτὸν</span> <span class='ocrx_word' id='word_1_65' title='bbox 305 518 452 553; x_wconf 74' lang='grc' dir='ltr'>καθείρξας</span> <span class='ocrx_word' id='word_1_66' title='bbox 465 536 472 547; x_wconf 93' lang='grc'><strong>,</strong></span> <span class='ocrx_word' id='word_1_67' title='bbox 495 516 542 542; x_wconf 73' lang='grc' dir='ltr'>καὶ</span> <span class='ocrx_word' id='word_1_68' title='bbox 558 514 611 545; x_wconf 81' lang='grc' dir='ltr'>τῶν</span> <span class='ocrx_word' id='word_1_69' title='bbox 627 513 724 546; x_wconf 74' lang='grc' dir='ltr'>ἔξωθεν</span> <span class='ocrx_word' id='word_1_70' title='bbox 740 511 863 547; x_wconf 75' lang='grc' dir='ltr'>θορύϐων</span> <span class='ocrx_word' id='word_1_71' title='bbox 876 510 981 536; x_wconf 79' lang='grc' dir='ltr'>ἐλευθε-</span> 
     </span>
    </p>
   </div>
   <div class='ocr_carea' id='block_1_12' title="bbox 197 555 982 602">
    <p class='ocr_par' dir='ltr' id='par_1_12' title="bbox 197 555 982 602">
     <span class='ocr_line' id='line_1_12' title="bbox 197 555 982 602; baseline -0.017 -9"><span class='ocrx_word' id='word_1_72' title='bbox 197 568 285 602; x_wconf 78' lang='grc' dir='ltr'>ρώσας</span> <span class='ocrx_word' id='word_1_73' title='bbox 299 586 307 598; x_wconf 97' lang='grc'><strong>,</strong></span> <span class='ocrx_word' id='word_1_74' title='bbox 323 565 369 591; x_wconf 71' lang='grc' dir='ltr'>καὶ</span> <span class='ocrx_word' id='word_1_75' title='bbox 392 565 426 598; x_wconf 84' lang='grc' dir='ltr'>τῇ</span> <span class='ocrx_word' id='word_1_76' title='bbox 450 562 497 588; x_wconf 74' lang='grc' dir='ltr'>τοῦ</span> <span class='ocrx_word' id='word_1_77' title='bbox 514 559 582 592; x_wconf 72' lang='grc' dir='ltr'>Θεοῦ</span> <span class='ocrx_word' id='word_1_78' title='bbox 613 559 707 594; x_wconf 84' lang='grc' dir='ltr'>μνήμῃ</span> <span class='ocrx_word' id='word_1_79' title='bbox 734 556 914 593; x_wconf 81' lang='grc' dir='ltr'>προσηλώσας</span> <span class='ocrx_word' id='word_1_80' title='bbox 936 555 982 581; x_wconf 85' lang='grc' dir='ltr'>τὸν</span> 
     </span>
    </p>
   </div>
   <div class='ocr_carea' id='block_1_13' title="bbox 195 600 979 643">
    <p class='ocr_par' dir='ltr' id='par_1_13' title="bbox 195 600 979 643">
     <span class='ocr_line' id='line_1_13' title="bbox 195 600 979 643; baseline -0.017 -5"><span class='ocrx_word' id='word_1_81' title='bbox 195 611 269 639; x_wconf 82' lang='grc' dir='ltr'>νοῦν,</span> <span class='ocrx_word' id='word_1_82' title='bbox 281 609 352 636; x_wconf 79' lang='grc' dir='ltr'>οὓτω</span> <span class='ocrx_word' id='word_1_83' title='bbox 363 608 412 643; x_wconf 82' lang='grc' dir='ltr'>τὴν</span> <span class='ocrx_word' id='word_1_84' title='bbox 422 607 470 642; x_wconf 83' lang='grc' dir='ltr'>τῆς</span> <span class='ocrx_word' id='word_1_85' title='bbox 483 605 605 636; x_wconf 72' lang='grc' dir='ltr'><strong>ἐντελοῦς</strong></span> <span class='ocrx_word' id='word_1_86' title='bbox 616 603 715 639; x_wconf 81' lang='grc' dir='ltr'>ἀρετῆς</span> <span class='ocrx_word' id='word_1_87' title='bbox 726 603 843 628; x_wconf 79' lang='grc' dir='ltr'>ἐποιεῖτο</span> <span class='ocrx_word' id='word_1_88' title='bbox 855 600 979 635; x_wconf 78' lang='grc' dir='ltr'><strong>μελέτην.</strong></span> 
     </span>
    </p>
   </div>
   <div class='ocr_carea' id='block_1_14' title="bbox 196 645 982 690">
    <p class='ocr_par' dir='ltr' id='par_1_14' title="bbox 196 645 982 690">
     <span class='ocr_line' id='line_1_14' title="bbox 196 645 982 690; baseline -0.017 -8"><span class='ocrx_word' id='word_1_89' title='bbox 196 655 408 690; x_wconf 79' lang='grc' dir='ltr'>Γυμνασάμενος</span> <span class='ocrx_word' id='word_1_90' title='bbox 427 652 454 678; x_wconf 81' lang='grc' dir='ltr'>δὲ</span> <span class='ocrx_word' id='word_1_91' title='bbox 482 651 580 685; x_wconf 84' lang='grc' dir='ltr'>ἄριστα</span> <span class='ocrx_word' id='word_1_92' title='bbox 592 670 599 681; x_wconf 84' lang='grc'><strong>,</strong></span> <span class='ocrx_word' id='word_1_93' title='bbox 619 648 666 675; x_wconf 75' lang='grc' dir='ltr'>καὶ</span> <span class='ocrx_word' id='word_1_94' title='bbox 682 647 735 673; x_wconf 82' lang='grc' dir='ltr'>τῶν</span> <span class='ocrx_word' id='word_1_95' title='bbox 762 645 873 679; x_wconf 85' lang='grc' dir='ltr'>ἀγαθῶν</span> <span class='ocrx_word' id='word_1_96' title='bbox 891 645 982 671; x_wconf 83' lang='grc' dir='ltr'>πόνων</span> 
     </span>
    </p>
   </div>
   <div class='ocr_carea' id='block_1_15' title="bbox 197 689 981 735">
    <p class='ocr_par' dir='ltr' id='par_1_15' title="bbox 197 689 981 735">
     <span class='ocr_line' id='line_1_15' title="bbox 197 689 981 735; baseline -0.019 -6"><span class='ocrx_word' id='word_1_97' title='bbox 197 702 279 729; x_wconf 74' lang='grc' dir='ltr'>ὲθάδα</span> <span class='ocrx_word' id='word_1_98' title='bbox 291 700 341 735; x_wconf 85' lang='grc' dir='ltr'>τὴν</span> <span class='ocrx_word' id='word_1_99' title='bbox 354 699 443 734; x_wconf 71' lang='grc' dir='ltr'>ψυχὴν</span> <span class='ocrx_word' id='word_1_100' title='bbox 463 696 616 731; x_wconf 68' lang='grc' dir='ltr'>ἀποφήνας,</span> <span class='ocrx_word' id='word_1_101' title='bbox 633 693 687 720; x_wconf 82' lang='grc' dir='ltr'>τῶν</span> <span class='ocrx_word' id='word_1_102' title='bbox 705 691 839 728; x_wconf 78' lang='grc' dir='ltr'><strong>μειζόνων</strong></span> <span class='ocrx_word' id='word_1_103' title='bbox 854 689 981 717; x_wconf 83' lang='grc' dir='ltr'>κατετόλ-</span> 
     </span>
    </p>
   </div>
   <div class='ocr_carea' id='block_1_16' title="bbox 199 735 982 784">
    <p class='ocr_par' dir='ltr' id='par_1_16' title="bbox 199 735 982 784">
     <span class='ocr_line' id='line_1_16' title="bbox 199 735 982 784; baseline -0.018 -9"><span class='ocrx_word' id='word_1_104' title='bbox 199 757 285 784; x_wconf 82' lang='grc' dir='ltr'><strong>μησεν</strong></span> <span class='ocrx_word' id='word_1_105' title='bbox 300 747 388 774; x_wconf 81' lang='grc' dir='ltr'>ἄθλων</span> <span class='ocrx_word' id='word_1_106' title='bbox 399 755 406 761; x_wconf 73' lang='grc' dir='ltr'><strong><em>ο</em></strong></span> <span class='ocrx_word' id='word_1_107' title='bbox 426 744 473 772; x_wconf 71' lang='grc' dir='ltr'>καὶ</span> <span class='ocrx_word' id='word_1_108' title='bbox 485 742 564 770; x_wconf 77' lang='grc' dir='ltr'>τοῦτο</span> <span class='ocrx_word' id='word_1_109' title='bbox 576 742 605 768; x_wconf 70' lang='grc' dir='ltr'><strong>τὸ</strong></span> <span class='ocrx_word' id='word_1_110' title='bbox 618 741 680 776; x_wconf 76' lang='grc' dir='ltr'>ὅρος</span> <span class='ocrx_word' id='word_1_111' title='bbox 695 736 866 769; x_wconf 75' lang='grc' dir='ltr'>καταλαϐὼν,</span> <span class='ocrx_word' id='word_1_112' title='bbox 877 737 891 763; x_wconf 78' lang='grc' dir='ltr'><strong>ὃ</strong></span> <span class='ocrx_word' id='word_1_113' title='bbox 905 735 982 762; x_wconf 78' lang='grc' dir='ltr'>τοῦδε</span> 
     </span>
    </p>
   </div>
   <div class='ocr_carea' id='block_1_17' title="bbox 197 782 983 826">
    <p class='ocr_par' dir='ltr' id='par_1_17' title="bbox 197 782 983 826">
     <span class='ocr_line' id='line_1_17' title="bbox 197 782 983 826; baseline -0.018 -5"><span class='ocrx_word' id='word_1_114' title='bbox 197 794 244 821; x_wconf 77' lang='grc' dir='ltr'>τοῦ</span> <span class='ocrx_word' id='word_1_115' title='bbox 260 793 362 823; x_wconf 79' lang='grc' dir='ltr'>ἄστεως</span> <span class='ocrx_word' id='word_1_116' title='bbox 376 791 523 826; x_wconf 67' lang='grc' dir='ltr'>τριάκοντα</span> <span class='ocrx_word' id='word_1_117' title='bbox 543 787 659 819; x_wconf 73' lang='grc' dir='ltr'><strong>σταδίοις</strong></span> <span class='ocrx_word' id='word_1_118' title='bbox 673 786 837 820; x_wconf 80' lang='grc' dir='ltr'><strong>ἀφέστηκεν,</strong></span> <span class='ocrx_word' id='word_1_119' title='bbox 851 782 983 817; x_wconf 74' lang='grc' dir='ltr'><strong>ἐπίσημον</strong></span> 
     </span>
    </p>
   </div>
   <div class='ocr_carea' id='block_1_18' title="bbox 199 828 984 874">
    <p class='ocr_par' dir='ltr' id='par_1_18' title="bbox 199 828 984 874">
     <span class='ocr_line' id='line_1_18' title="bbox 199 828 984 874; baseline -0.018 -7"><span class='ocrx_word' id='word_1_120' title='bbox 199 840 323 874; x_wconf 72' lang='grc' dir='ltr'>ἀπέφηνε</span> <span class='ocrx_word' id='word_1_121' title='bbox 337 838 384 865; x_wconf 75' lang='grc' dir='ltr'>καὶ</span> <span class='ocrx_word' id='word_1_122' title='bbox 403 836 560 870; x_wconf 71' lang='grc' dir='ltr'>σεϐάσμιον,</span> <span class='ocrx_word' id='word_1_123' title='bbox 575 834 681 868; x_wconf 78' lang='grc' dir='ltr'>ἄσημον</span> <span class='ocrx_word' id='word_1_124' title='bbox 695 832 725 858; x_wconf 81' lang='grc' dir='ltr'>ὃν</span> <span class='ocrx_word' id='word_1_125' title='bbox 737 830 820 857; x_wconf 85' lang='grc' dir='ltr'>πάλαι</span> <span class='ocrx_word' id='word_1_126' title='bbox 836 829 882 856; x_wconf 79' lang='grc' dir='ltr'>καὶ</span> <span class='ocrx_word' id='word_1_127' title='bbox 899 828 984 863; x_wconf 83' lang='grc' dir='ltr'>ἄκαρ-</span> 
     </span>
    </p>
   </div>
   <div class='ocr_carea' id='block_1_19' title="bbox 200 871 984 914">
    <p class='ocr_par' dir='ltr' id='par_1_19' title="bbox 200 871 984 914">
     <span class='ocr_line' id='line_1_19' title="bbox 200 871 984 914; baseline -0.018 -2"><span class='ocrx_word' id='word_1_128' title='bbox 200 894 249 912; x_wconf 88' lang='grc' dir='ltr'><strong>πον</strong></span> <span class='ocrx_word' id='word_1_129' title='bbox 263 883 410 912; x_wconf 86' lang='grc' dir='ltr'>παντελῶς.</span> <span class='ocrx_word' id='word_1_130' title='bbox 429 879 570 914; x_wconf 81' lang='grc' dir='ltr'>Τοσαύτην</span> <span class='ocrx_word' id='word_1_131' title='bbox 593 878 621 904; x_wconf 81' lang='grc' dir='ltr'>δὲ</span> <span class='ocrx_word' id='word_1_132' title='bbox 649 877 696 903; x_wconf 79' lang='grc' dir='ltr'><strong>νῦν</strong></span> <span class='ocrx_word' id='word_1_133' title='bbox 720 874 845 909; x_wconf 55' lang='grc' dir='ltr'>εὐλογία»</span> <span class='ocrx_word' id='word_1_134' title='bbox 861 871 984 907; x_wconf 79' lang='grc' dir='ltr'><strong>δεδέχθαι</strong></span> 
     </span>
    </p>
   </div>
   <div class='ocr_carea' id='block_1_20' title="bbox 199 918 984 961">
    <p class='ocr_par' dir='ltr' id='par_1_20' title="bbox 199 918 984 961">
     <span class='ocr_line' id='line_1_20' title="bbox 199 918 984 961; baseline -0.019 -3"><span class='ocrx_word' id='word_1_135' title='bbox 199 931 395 960; x_wconf 80' lang='grc' dir='ltr'>πεπίστευται,</span> <span class='ocrx_word' id='word_1_136' title='bbox 420 927 457 958; x_wconf 85' lang='grc' dir='ltr'>ὡς</span> <span class='ocrx_word' id='word_1_137' title='bbox 472 926 522 961; x_wconf 82' lang='grc' dir='ltr'>τὴν</span> <span class='ocrx_word' id='word_1_138' title='bbox 537 923 715 959; x_wconf 80' lang='grc' dir='ltr'>ἐπικειμένην</span> <span class='ocrx_word' id='word_1_139' title='bbox 735 919 907 948; x_wconf 77' lang='grc' dir='ltr'>δαπανᾶσθαι</span> <span class='ocrx_word' id='word_1_140' title='bbox 921 918 984 952; x_wconf 78' lang='grc' dir='ltr'><strong>γῆν¹</strong></span> 
     </span>
    </p>
   </div>
   <div class='ocr_carea' id='block_1_21' title="bbox 199 964 986 1007">
    <p class='ocr_par' dir='ltr' id='par_1_21' title="bbox 199 964 986 1007">
     <span class='ocr_line' id='line_1_21' title="bbox 199 964 986 1007; baseline -0.018 -3"><span class='ocrx_word' id='word_1_141' title='bbox 199 977 253 1004; x_wconf 81' lang='grc' dir='ltr'>τῶν</span> <span class='ocrx_word' id='word_1_142' title='bbox 274 974 405 1002; x_wconf 77' lang='grc' dir='ltr'>πάντοθεν</span> <span class='ocrx_word' id='word_1_143' title='bbox 427 971 635 1007; x_wconf 75' lang='grc' dir='ltr'>ἀφικνουμένων</span> <span class='ocrx_word' id='word_1_144' title='bbox 654 969 694 1000; x_wconf 86' lang='grc' dir='ltr'>εἰς</span> <span class='ocrx_word' id='word_1_145' title='bbox 722 967 855 1002; x_wconf 72' lang='grc' dir='ltr'>ὠφέλειαν</span> <span class='ocrx_word' id='word_1_146' title='bbox 884 964 986 999; x_wconf 87' lang='grc' dir='ltr'>ταύτην</span> 
     </span>
    </p>
   </div>
   <div class='ocr_carea' id='block_1_22' title="bbox 200 1010 986 1058">
    <p class='ocr_par' dir='ltr' id='par_1_22' title="bbox 200 1010 986 1058">
     <span class='ocr_line' id='line_1_22' title="bbox 200 1010 986 1058; baseline -0.018 -8"><span class='ocrx_word' id='word_1_147' title='bbox 200 1021 400 1058; x_wconf 72' lang='grc' dir='ltr'>κομιζομένων.</span> <span class='ocrx_word' id='word_1_148' title='bbox 438 1019 483 1045; x_wconf 83' lang='grc' dir='ltr'><strong>Ἐν</strong></span> <span class='ocrx_word' id='word_1_149' title='bbox 510 1015 598 1052; x_wconf 81' lang='grc' dir='ltr'>τούτῳ</span> <span class='ocrx_word' id='word_1_150' title='bbox 625 1013 824 1049; x_wconf 79' lang='grc' dir='ltr'>διαιτώμενος,</span> <span class='ocrx_word' id='word_1_151' title='bbox 854 1011 907 1038; x_wconf 79' lang='grc' dir='ltr'><strong>ὑπὸ</strong></span> <span class='ocrx_word' id='word_1_152' title='bbox 932 1010 986 1037; x_wconf 84' lang='grc' dir='ltr'><strong>τῶν</strong></span> 
     </span>
    </p>
   </div>
   <div class='ocr_carea' id='block_1_23' title="bbox 201 1059 987 1105">
    <p class='ocr_par' dir='ltr' id='par_1_23' title="bbox 201 1059 987 1105">
     <span class='ocr_line' id='line_1_23' title="bbox 201 1059 987 1105; baseline -0.013 -9"><span class='ocrx_word' id='word_1_153' title='bbox 201 1069 426 1105; x_wconf 78' lang='grc' dir='ltr'>παραγινομένων</span> <span class='ocrx_word' id='word_1_154' title='bbox 462 1066 589 1093; x_wconf 81' lang='grc' dir='ltr'>ἁπάντων</span> <span class='ocrx_word' id='word_1_155' title='bbox 621 1063 783 1098; x_wconf 82' lang='grc' dir='ltr'>θεωρεῖται·</span> <span class='ocrx_word' id='word_1_156' title='bbox 815 1060 864 1086; x_wconf 75' lang='grc' dir='ltr'>οὐκ</span> <span class='ocrx_word' id='word_1_157' title='bbox 890 1059 987 1094; x_wconf 72' lang='grc' dir='ltr'>ἄντρον</span> 
     </span>
    </p>
   </div>
   <div class='ocr_carea' id='block_1_24' title="bbox 202 1105 988 1152">
    <p class='ocr_par' dir='ltr' id='par_1_24' title="bbox 202 1105 988 1152">
     <span class='ocr_line' id='line_1_24' title="bbox 202 1105 988 1152; baseline -0.017 -8"><span class='ocrx_word' id='word_1_158' title='bbox 202 1117 281 1152; x_wconf 74' lang='grc' dir='ltr'>ἔχων,</span> <span class='ocrx_word' id='word_1_159' title='bbox 297 1116 334 1147; x_wconf 87' lang='grc' dir='ltr'>ὡς</span> <span class='ocrx_word' id='word_1_160' title='bbox 346 1115 422 1150; x_wconf 66' lang='grc' dir='ltr'>ἔφην,</span> <span class='ocrx_word' id='word_1_161' title='bbox 440 1114 469 1140; x_wconf 85' lang='grc' dir='ltr'>οὺ</span> <span class='ocrx_word' id='word_1_162' title='bbox 487 1111 600 1146; x_wconf 82' lang='grc' dir='ltr'>σκηνὴν,</span> <span class='ocrx_word' id='word_1_163' title='bbox 619 1110 649 1136; x_wconf 84' lang='grc' dir='ltr'>οὐ</span> <span class='ocrx_word' id='word_1_164' title='bbox 664 1108 796 1143; x_wconf 78' lang='grc' dir='ltr'>καλύόην,</span> <span class='ocrx_word' id='word_1_165' title='bbox 810 1107 840 1134; x_wconf 86' lang='grc' dir='ltr'>οὺ</span> <span class='ocrx_word' id='word_1_166' title='bbox 853 1105 988 1141; x_wconf 75' lang='grc' dir='ltr'>θριγκίον,</span> 
     </span>
    </p>
   </div>
   <div class='ocr_carea' id='block_1_25' title="bbox 202 1152 990 1199">
    <p class='ocr_par' dir='ltr' id='par_1_25' title="bbox 202 1152 990 1199">
     <span class='ocr_line' id='line_1_25' title="bbox 202 1152 990 1199; baseline -0.018 -8"><span class='ocrx_word' id='word_1_167' title='bbox 202 1165 252 1199; x_wconf 70' lang='grc' dir='ltr'>οὐχ</span> <span class='ocrx_word' id='word_1_168' title='bbox 265 1163 395 1198; x_wconf 71' lang='grc' dir='ltr'>αἱμασιὰν</span> <span class='ocrx_word' id='word_1_169' title='bbox 413 1159 666 1196; x_wconf 73' lang='grc' dir='ltr'>περιφράττουσαν·</span> <span class='ocrx_word' id='word_1_170' title='bbox 689 1155 758 1183; x_wconf 78' lang='grc' dir='ltr'>ἀλλὰ</span> <span class='ocrx_word' id='word_1_171' title='bbox 779 1154 827 1181; x_wconf 70' lang='grc' dir='ltr'>καὶ</span> <span class='ocrx_word' id='word_1_172' title='bbox 841 1152 990 1188; x_wconf 82' lang='grc' dir='ltr'>προσευχό-</span> 
     </span>
    </p>
   </div>
   <div class='ocr_carea' id='block_1_26' title="bbox 206 1199 991 1246">
    <p class='ocr_par' dir='ltr' id='par_1_26' title="bbox 206 1199 991 1246">
     <span class='ocr_line' id='line_1_26' title="bbox 206 1199 991 1246; baseline -0.017 -9"><span class='ocrx_word' id='word_1_173' title='bbox 206 1219 284 1246; x_wconf 83' lang='grc' dir='ltr'>μενος</span> <span class='ocrx_word' id='word_1_174' title='bbox 299 1210 406 1244; x_wconf 67' lang='lat' dir='ltr'><strong>epam,</strong></span> <span class='ocrx_word' id='word_1_175' title='bbox 423 1207 470 1234; x_wconf 75' lang='grc' dir='ltr'>καὶ</span> <span class='ocrx_word' id='word_1_176' title='bbox 492 1203 735 1238; x_wconf 80' lang='grc' dir='ltr'>διαναπαυόμενος.</span> <span class='ocrx_word' id='word_1_177' title='bbox 761 1201 808 1235; x_wconf 68' lang='grc' dir='ltr'>καὶ</span> <span class='ocrx_word' id='word_1_178' title='bbox 832 1199 928 1231; x_wconf 74' lang='grc' dir='ltr'>ἑστὼς,</span> <span class='ocrx_word' id='word_1_179' title='bbox 943 1199 991 1225; x_wconf 73' lang='grc' dir='ltr'>καὶ</span> 
     </span>
    </p>
   </div>
   <div class='ocr_carea' id='block_1_27' title="bbox 205 1247 992 1292">
    <p class='ocr_par' dir='ltr' id='par_1_27' title="bbox 205 1247 992 1292">
     <span class='ocr_line' id='line_1_27' title="bbox 205 1247 992 1292; baseline -0.015 -9"><span class='ocrx_word' id='word_1_180' title='bbox 205 1256 368 1292; x_wconf 77' lang='grc' dir='ltr'>καθήμενος,</span> <span class='ocrx_word' id='word_1_181' title='bbox 395 1255 442 1281; x_wconf 81' lang='grc' dir='ltr'>καὶ</span> <span class='ocrx_word' id='word_1_182' title='bbox 462 1252 602 1287; x_wconf 83' lang='grc' dir='ltr'>ὑγιαίνων,</span> <span class='ocrx_word' id='word_1_183' title='bbox 629 1251 676 1277; x_wconf 71' lang='grc' dir='ltr'>καὶ</span> <span class='ocrx_word' id='word_1_184' title='bbox 691 1247 832 1286; x_wconf 71' lang='grc' dir='ltr'>ἀρρωστίᾳ</span> <span class='ocrx_word' id='word_1_185' title='bbox 851 1247 904 1273; x_wconf 77' lang='grc' dir='ltr'>τινὶ</span> <span class='ocrx_word' id='word_1_186' title='bbox 927 1255 992 1273; x_wconf 85' lang='grc' dir='ltr'>κατ-</span> 
     </span>
    </p>
   </div>
   <div class='ocr_carea' id='block_1_28' title="bbox 206 1293 990 1339">
    <p class='ocr_par' dir='ltr' id='par_1_28' title="bbox 206 1293 990 1339">
     <span class='ocr_line' id='line_1_28' title="bbox 206 1293 990 1339; baseline -0.015 -9"><span class='ocrx_word' id='word_1_187' title='bbox 206 1303 348 1339; x_wconf 83' lang='grc' dir='ltr'>εχόμενος·</span> <span class='ocrx_word' id='word_1_188' title='bbox 374 1302 411 1333; x_wconf 85' lang='grc' dir='ltr'>ὡς</span> <span class='ocrx_word' id='word_1_189' title='bbox 436 1298 567 1335; x_wconf 81' lang='grc' dir='ltr'>διηνεκῶς</span> <span class='ocrx_word' id='word_1_190' title='bbox 594 1298 646 1325; x_wconf 77' lang='grc' dir='ltr'><strong>ὑπὸ</strong></span> <span class='ocrx_word' id='word_1_191' title='bbox 668 1297 777 1327; x_wconf 78' lang='grc' dir='ltr'>θεαταῖς</span> <span class='ocrx_word' id='word_1_192' title='bbox 801 1293 990 1329; x_wconf 82' lang='grc' dir='ltr'>ἀγωνίζεσθαι,</span> 
     </span>
    </p>
   </div>
   <div class='ocr_carea' id='block_1_29' title="bbox 206 1337 993 1381">
    <p class='ocr_par' dir='ltr' id='par_1_29' title="bbox 206 1337 993 1381">
     <span class='ocr_line' id='line_1_29' title="bbox 206 1337 993 1381; baseline -0.018 -4"><span class='ocrx_word' id='word_1_193' title='bbox 206 1337 261 1377; x_wconf 62' lang='grc' dir='ltr'><strong>καί</strong></span> <span class='ocrx_word' id='word_1_194' title='bbox 274 1350 325 1380; x_wconf 76' lang='grc' dir='ltr'><strong>τὰς</strong></span> <span class='ocrx_word' id='word_1_195' title='bbox 349 1348 471 1381; x_wconf 82' lang='grc' dir='ltr'>ἀνάγκας</span> <span class='ocrx_word' id='word_1_196' title='bbox 492 1346 541 1380; x_wconf 81' lang='grc' dir='ltr'>τῆς</span> <span class='ocrx_word' id='word_1_197' title='bbox 563 1344 671 1379; x_wconf 80' lang='grc' dir='ltr'>φύσεως</span> <span class='ocrx_word' id='word_1_198' title='bbox 690 1339 902 1375; x_wconf 83' lang='grc' dir='ltr'>ἀποκρούεσθαι.</span> <span class='ocrx_word' id='word_1_199' title='bbox 926 1337 993 1364; x_wconf 72' lang='grc' dir='ltr'>Οὐδὲ</span> 
     </span>
    </p>
   </div>
   <div class='ocr_carea' id='block_1_30' title="bbox 207 1383 995 1431">
    <p class='ocr_par' dir='ltr' id='par_1_30' title="bbox 207 1383 995 1431">
     <span class='ocr_line' id='line_1_30' title="bbox 207 1383 995 1431; baseline -0.018 -8"><span class='ocrx_word' id='word_1_200' title='bbox 207 1397 262 1431; x_wconf 69' lang='grc' dir='ltr'><strong>γὰρ</strong></span> <span class='ocrx_word' id='word_1_201' title='bbox 276 1397 332 1426; x_wconf 86' lang='grc' dir='ltr'>τοῖς</span> <span class='ocrx_word' id='word_1_202' title='bbox 354 1394 443 1425; x_wconf 72' lang='grc' dir='ltr'>ἄλλοις</span> <span class='ocrx_word' id='word_1_203' title='bbox 468 1390 639 1426; x_wconf 82' lang='grc' dir='ltr'>ἀνθρώποις,</span> <span class='ocrx_word' id='word_1_204' title='bbox 666 1389 695 1415; x_wconf 85' lang='grc' dir='ltr'>ὲν</span> <span class='ocrx_word' id='word_1_205' title='bbox 717 1386 858 1420; x_wconf 65' lang='grc' dir='ltr'>ἐλευθερίᾳ</span> <span class='ocrx_word' id='word_1_206' title='bbox 881 1383 995 1419; x_wconf 79' lang='grc' dir='ltr'>βραχείᾳ</span> 
     </span>
    </p>
   </div>
   <div class='ocr_carea' id='block_1_31' title="bbox 207 1417 1684 1477">
    <p class='ocr_par' dir='ltr' id='par_1_31' title="bbox 207 1417 1684 1477">
     <span class='ocr_line' id='line_1_31' title="bbox 214 1417 950 1431; baseline -0.005 -5"><span class='ocrx_word' id='word_1_207' title='bbox 214 1417 261 1431; x_wconf 53' lang='grc' dir='ltr'><strong>,ην</strong></span> <span class='ocrx_word' id='word_1_208' title='bbox 282 1417 331 1426; x_wconf 61' lang='grc' dir='ltr'><strong>-νη</strong></span> <span class='ocrx_word' id='word_1_209' title='bbox 354 1417 442 1425; x_wconf 55' lang='grc' dir='ltr'><strong>τως-π</strong></span> <span class='ocrx_word' id='word_1_210' title='bbox 471 1417 484 1418; x_wconf 57' lang='grc' dir='ltr'><strong>η</strong></span> <span class='ocrx_word' id='word_1_211' title='bbox 522 1417 528 1426; x_wconf 87' lang='lat'><strong>.</strong></span> <span class='ocrx_word' id='word_1_212' title='bbox 611 1417 638 1423; x_wconf 85' lang='lat'><strong>..</strong></span> <span class='ocrx_word' id='word_1_213' title='bbox 814 1417 905 1420; x_wconf 89' lang='lat'><strong>....</strong></span> <span class='ocrx_word' id='word_1_214' title='bbox 946 1417 950 1418; x_wconf 46' lang='grc' dir='ltr'><em>ν</em></span> 
     </span>
     <span class='ocr_line' id='line_1_32' title="bbox 207 1417 1684 1477; baseline -0.014 -12"><span class='ocrx_word' id='word_1_215' title='bbox 207 1441 423 1477; x_wconf 74' lang='grc' dir='ltr'>τεθραμμένοις,</span> <span class='ocrx_word' id='word_1_216' title='bbox 446 1438 530 1472; x_wconf 81' lang='grc' dir='ltr'>ξένων</span> <span class='ocrx_word' id='word_1_217' title='bbox 555 1436 714 1471; x_wconf 78' lang='grc' dir='ltr'>παρόντων,</span> <span class='ocrx_word' id='word_1_218' title='bbox 741 1432 854 1462; x_wconf 79' lang='grc' dir='ltr'>εὐπετὲς</span> <span class='ocrx_word' id='word_1_219' title='bbox 880 1417 939 1460; x_wconf 24' lang='grc' dir='ltr'>τὰς.</span> <span class='ocrx_word' id='word_1_220' title='bbox 964 1417 1019 1455; x_wconf 66' lang='grc' dir='ltr'>τῶν</span> <span class='ocrx_word' id='word_1_221' title='bbox 1050 1417 1264 1463; x_wconf 68' lang='grc' dir='ltr'>περιττωμάτων</span> <span class='ocrx_word' id='word_1_222' title='bbox 1284 1423 1422 1459; x_wconf 73' lang='grc' dir='ltr'>ἐκκρίσεις</span> <span class='ocrx_word' id='word_1_223' title='bbox 1447 1418 1600 1451; x_wconf 83' lang='grc' dir='ltr'>ποιεῖσθαι,</span> <span class='ocrx_word' id='word_1_224' title='bbox 1619 1417 1684 1452; x_wconf 84' lang='grc' dir='ltr'>μήτι</span> 
     </span>
    </p>
   </div>
   <div class='ocr_carea' id='block_1_32' title="bbox 208 1481 732 1524">
    <p class='ocr_par' dir='ltr' id='par_1_32' title="bbox 208 1481 732 1524">
     <span class='ocr_line' id='line_1_33' title="bbox 208 1481 732 1524; baseline -0.017 -9"><span class='ocrx_word' id='word_1_225' title='bbox 208 1489 258 1524; x_wconf 83' lang='grc' dir='ltr'>τὴν</span> <span class='ocrx_word' id='word_1_226' title='bbox 270 1488 357 1522; x_wconf 82' lang='grc' dir='ltr'>ἄκραν</span> <span class='ocrx_word' id='word_1_227' title='bbox 371 1484 528 1520; x_wconf 78' lang='grc' dir='ltr'>φιλοσοφίαν</span> <span class='ocrx_word' id='word_1_228' title='bbox 544 1481 732 1518; x_wconf 81' lang='grc' dir='ltr'>ὲξησκημένῳ.</span> 
     </span>
    </p>
   </div>
   <div class='ocr_carea' id='block_1_33' title="bbox 246 1522 995 1566">
    <p class='ocr_par' dir='ltr' id='par_1_33' title="bbox 246 1522 995 1566">
     <span class='ocr_line' id='line_1_34' title="bbox 246 1522 995 1566; baseline -0.019 -5"><span class='ocrx_word' id='word_1_229' title='bbox 246 1535 302 1561; x_wconf 77' lang='grc' dir='ltr'><strong>Καὶ</strong></span> <span class='ocrx_word' id='word_1_230' title='bbox 325 1533 411 1561; x_wconf 80' lang='grc' dir='ltr'>ταῦτα</span> <span class='ocrx_word' id='word_1_231' title='bbox 430 1532 512 1566; x_wconf 78' lang='grc' dir='ltr'>λέγω,</span> <span class='ocrx_word' id='word_1_232' title='bbox 535 1531 565 1557; x_wconf 84' lang='grc' dir='ltr'>οὐ</span> <span class='ocrx_word' id='word_1_233' title='bbox 593 1530 658 1564; x_wconf 86' lang='grc' dir='ltr'>παρ’</span> <span class='ocrx_word' id='word_1_234' title='bbox 675 1528 756 1555; x_wconf 76' lang='grc' dir='ltr'>ἄλλου</span> <span class='ocrx_word' id='word_1_235' title='bbox 784 1525 866 1552; x_wconf 79' lang='grc' dir='ltr'>τοῦτο</span> <span class='ocrx_word' id='word_1_236' title='bbox 890 1522 995 1559; x_wconf 85' lang='grc' dir='ltr'>μαθὼν,</span> 
     </span>
    </p>
   </div>
   <div class='ocr_carea' id='block_1_34' title="bbox 212 1569 996 1612">
    <p class='ocr_par' dir='ltr' id='par_1_34' title="bbox 212 1569 996 1612">
     <span class='ocr_line' id='line_1_35' title="bbox 212 1569 996 1612; baseline -0.018 -4"><span class='ocrx_word' id='word_1_237' title='bbox 212 1581 270 1608; x_wconf 75' lang='grc' dir='ltr'>ἀλλ’</span> <span class='ocrx_word' id='word_1_238' title='bbox 285 1580 366 1611; x_wconf 81' lang='grc' dir='ltr'>αὐτὸς</span> <span class='ocrx_word' id='word_1_239' title='bbox 389 1577 526 1612; x_wconf 80' lang='grc' dir='ltr'>αὐτόπτης</span> <span class='ocrx_word' id='word_1_240' title='bbox 552 1574 745 1611; x_wconf 81' lang='grc' dir='ltr'>γεγενημένος.</span> <span class='ocrx_word' id='word_1_241' title='bbox 770 1572 828 1607; x_wconf 75' lang='grc' dir='ltr'>Πρὸ</span> <span class='ocrx_word' id='word_1_242' title='bbox 855 1569 996 1605; x_wconf 81' lang='grc' dir='ltr'>τεσσάρων</span> 
     </span>
    </p>
   </div>
   <div class='ocr_carea' id='block_1_35' title="bbox 1029 274 1816 313">
    <p class='ocr_par' dir='ltr' id='par_1_35' title="bbox 1029 274 1816 313">
     <span class='ocr_line' id='line_1_36' title="bbox 1029 274 1816 313; baseline -0.017 -2"><span class='ocrx_word' id='word_1_243' title='bbox 1029 283 1130 311; x_wconf 79' lang='lat' dir='ltr'><strong>Verum</strong></span> <span class='ocrx_word' id='word_1_244' title='bbox 1147 281 1180 308; x_wconf 86' lang='lat' dir='ltr'><strong>ad</strong></span> <span class='ocrx_word' id='word_1_245' title='bbox 1205 278 1363 313; x_wconf 85' lang='lat' dir='ltr'><strong>hnjusmodi</strong></span> <span class='ocrx_word' id='word_1_246' title='bbox 1389 282 1521 304; x_wconf 82' lang='lat' dir='ltr'><strong>naturam</strong></span> <span class='ocrx_word' id='word_1_247' title='bbox 1541 274 1702 302; x_wconf 73' lang='lat' dir='ltr'><strong>excedentia</strong></span> <span class='ocrx_word' id='word_1_248' title='bbox 1726 276 1816 299; x_wconf 85' lang='lat' dir='ltr'><strong>certa-</strong></span> 
     </span>
    </p>
   </div>
   <div class='ocr_carea' id='block_1_36' title="bbox 1029 317 1815 362">
    <p class='ocr_par' dir='ltr' id='par_1_36' title="bbox 1029 317 1815 362">
     <span class='ocr_line' id='line_1_37' title="bbox 1029 317 1815 362; baseline -0.018 -6"><span class='ocrx_word' id='word_1_249' title='bbox 1029 329 1102 356; x_wconf 84' lang='lat' dir='ltr'><strong>mina</strong></span> <span class='ocrx_word' id='word_1_250' title='bbox 1128 335 1177 362; x_wconf 87' lang='lat' dir='ltr'><strong>per</strong></span> <span class='ocrx_word' id='word_1_251' title='bbox 1206 326 1327 353; x_wconf 78' lang='lat' dir='ltr'><strong>minores</strong></span> <span class='ocrx_word' id='word_1_252' title='bbox 1349 324 1459 350; x_wconf 85' lang='lat' dir='ltr'><strong>labores</strong></span> <span class='ocrx_word' id='word_1_253' title='bbox 1486 328 1515 347; x_wconf 88' lang='lat' dir='ltr'><strong>se</strong></span> <span class='ocrx_word' id='word_1_254' title='bbox 1540 319 1720 354; x_wconf 80' lang='lat' dir='ltr'><strong>comparavit.</strong></span> <span class='ocrx_word' id='word_1_255' title='bbox 1746 317 1815 343; x_wconf 85' lang='lat' dir='ltr'><strong>Cum</strong></span> 
     </span>
    </p>
   </div>
   <div class='ocr_carea' id='block_1_37' title="bbox 1030 364 1817 408">
    <p class='ocr_par' dir='ltr' id='par_1_37' title="bbox 1030 364 1817 408">
     <span class='ocr_line' id='line_1_38' title="bbox 1030 364 1817 408; baseline -0.018 -5"><span class='ocrx_word' id='word_1_256' title='bbox 1030 376 1102 404; x_wconf 90' lang='lat' dir='ltr'><strong>enim</strong></span> <span class='ocrx_word' id='word_1_257' title='bbox 1120 376 1237 408; x_wconf 79' lang='lat' dir='ltr'><strong>angusta</strong></span> <span class='ocrx_word' id='word_1_258' title='bbox 1256 379 1285 399; x_wconf 90' lang='lat' dir='ltr'><strong>se</strong></span> <span class='ocrx_word' id='word_1_259' title='bbox 1308 371 1392 397; x_wconf 91' lang='lat' dir='ltr'><strong>domo</strong></span> <span class='ocrx_word' id='word_1_260' title='bbox 1409 367 1569 395; x_wconf 87' lang='lat' dir='ltr'><strong>inclusisset</strong></span> <span class='ocrx_word' id='word_1_261' title='bbox 1582 386 1588 395; x_wconf 89' lang='lat'><strong>.</strong></span> <span class='ocrx_word' id='word_1_262' title='bbox 1607 364 1783 398; x_wconf 77' lang='lat' dir='ltr'><strong>externisque</strong></span> <span class='ocrx_word' id='word_1_263' title='bbox 1802 371 1817 390; x_wconf 86' lang='lat' dir='ltr'><strong>a</strong></span> 
     </span>
    </p>
   </div>
   <div class='ocr_carea' id='block_1_38' title="bbox 1031 408 1818 448">
    <p class='ocr_par' dir='ltr' id='par_1_38' title="bbox 1031 408 1818 448">
     <span class='ocr_line' id='line_1_39' title="bbox 1031 408 1818 448; baseline -0.019 0"><span class='ocrx_word' id='word_1_264' title='bbox 1031 420 1198 448; x_wconf 88' lang='lat' dir='ltr'><strong>tumultibus</strong></span> <span class='ocrx_word' id='word_1_265' title='bbox 1213 416 1391 445; x_wconf 81' lang='lat' dir='ltr'><strong>abduxisset,</strong></span> <span class='ocrx_word' id='word_1_266' title='bbox 1418 416 1539 440; x_wconf 78' lang='lat' dir='ltr'><strong>mentem</strong></span> <span class='ocrx_word' id='word_1_267' title='bbox 1563 411 1589 437; x_wconf 91' lang='lat' dir='ltr'><strong>in</strong></span> <span class='ocrx_word' id='word_1_268' title='bbox 1618 410 1663 436; x_wconf 84' lang='lat' dir='ltr'><strong>Dei</strong></span> <span class='ocrx_word' id='word_1_269' title='bbox 1687 408 1818 436; x_wconf 81' lang='lat' dir='ltr'><strong>recorda-</strong></span> 
     </span>
    </p>
   </div>
   <div class='ocr_carea' id='block_1_39' title="bbox 1031 457 1819 499">
    <p class='ocr_par' dir='ltr' id='par_1_39' title="bbox 1031 457 1819 499">
     <span class='ocr_line' id='line_1_40' title="bbox 1031 457 1819 499; baseline -0.02 -4"><span class='ocrx_word' id='word_1_270' title='bbox 1031 468 1106 494; x_wconf 85' lang='lat' dir='ltr'><strong>tione</strong></span> <span class='ocrx_word' id='word_1_271' title='bbox 1123 466 1246 499; x_wconf 74' lang='lat' dir='ltr'><strong>deligens</strong></span> <span class='ocrx_word' id='word_1_272' title='bbox 1257 484 1264 495; x_wconf 88' lang='lat'><strong>,</strong></span> <span class='ocrx_word' id='word_1_273' title='bbox 1282 463 1320 489; x_wconf 87' lang='lat' dir='ltr'><strong>ita</strong></span> <span class='ocrx_word' id='word_1_274' title='bbox 1338 469 1366 488; x_wconf 88' lang='lat' dir='ltr'><strong>se</strong></span> <span class='ocrx_word' id='word_1_275' title='bbox 1385 460 1418 487; x_wconf 87' lang='lat' dir='ltr'><strong>ad</strong></span> <span class='ocrx_word' id='word_1_276' title='bbox 1435 458 1584 494; x_wconf 74' lang='lat' dir='ltr'><strong>perfectam</strong></span> <span class='ocrx_word' id='word_1_277' title='bbox 1600 457 1727 482; x_wconf 83' lang='lat' dir='ltr'><strong>virtutem</strong></span> <span class='ocrx_word' id='word_1_278' title='bbox 1742 461 1819 481; x_wconf 81' lang='lat' dir='ltr'><strong>exer-</strong></span> 
     </span>
    </p>
   </div>
   <div class='ocr_carea' id='block_1_40' title="bbox 1031 499 1819 544">
    <p class='ocr_par' dir='ltr' id='par_1_40' title="bbox 1031 499 1819 544">
     <span class='ocr_line' id='line_1_41' title="bbox 1031 499 1819 544; baseline -0.023 -3"><span class='ocrx_word' id='word_1_279' title='bbox 1031 514 1123 541; x_wconf 86' lang='lat' dir='ltr'><strong>cebat.</strong></span> <span class='ocrx_word' id='word_1_280' title='bbox 1139 512 1289 544; x_wconf 75' lang='lat' dir='ltr'><strong>Postquam</strong></span> <span class='ocrx_word' id='word_1_281' title='bbox 1307 511 1397 535; x_wconf 85' lang='lat' dir='ltr'><strong>autem</strong></span> <span class='ocrx_word' id='word_1_282' title='bbox 1421 505 1523 540; x_wconf 86' lang='lat' dir='ltr'><strong>optime</strong></span> <span class='ocrx_word' id='word_1_283' title='bbox 1539 511 1569 529; x_wconf 85' lang='lat' dir='ltr'><strong>se</strong></span> <span class='ocrx_word' id='word_1_284' title='bbox 1593 501 1732 529; x_wconf 75' lang='lat' dir='ltr'><strong>exercuit,</strong></span> <span class='ocrx_word' id='word_1_285' title='bbox 1760 499 1819 524; x_wconf 87' lang='lat' dir='ltr'><strong>ani-</strong></span> 
     </span>
    </p>
   </div>
   <div class='ocr_carea' id='block_1_41' title="bbox 1032 544 1820 593">
    <p class='ocr_par' dir='ltr' id='par_1_41' title="bbox 1032 544 1820 593">
     <span class='ocr_line' id='line_1_42' title="bbox 1032 544 1820 593; baseline -0.023 -6"><span class='ocrx_word' id='word_1_286' title='bbox 1032 566 1161 593; x_wconf 87' lang='lat' dir='ltr'><strong>mamque</strong></span> <span class='ocrx_word' id='word_1_287' title='bbox 1178 557 1260 584; x_wconf 90' lang='lat' dir='ltr'><strong>bonis</strong></span> <span class='ocrx_word' id='word_1_288' title='bbox 1277 553 1421 593; x_wconf 76' lang='lat' dir='ltr'><strong>laboribus</strong></span> <span class='ocrx_word' id='word_1_289' title='bbox 1439 549 1588 578; x_wconf 78' lang='lat' dir='ltr'><strong>assuefecit</strong></span> <span class='ocrx_word' id='word_1_290' title='bbox 1603 567 1609 578; x_wconf 86' lang='lat'><strong>,</strong></span> <span class='ocrx_word' id='word_1_291' title='bbox 1635 551 1692 573; x_wconf 87' lang='lat' dir='ltr'><strong>tum</strong></span> <span class='ocrx_word' id='word_1_292' title='bbox 1717 544 1820 579; x_wconf 79' lang='lat' dir='ltr'><strong>majora</strong></span> 
     </span>
    </p>
   </div>
   <div class='ocr_carea' id='block_1_42' title="bbox 1033 588 1820 631">
    <p class='ocr_par' dir='ltr' id='par_1_42' title="bbox 1033 588 1820 631">
     <span class='ocr_line' id='line_1_43' title="bbox 1033 588 1820 631; baseline -0.023 1"><span class='ocrx_word' id='word_1_293' title='bbox 1033 612 1119 631; x_wconf 81' lang='lat' dir='ltr'><strong>ausus</strong></span> <span class='ocrx_word' id='word_1_294' title='bbox 1135 609 1177 630; x_wconf 85' lang='lat' dir='ltr'><strong>est</strong></span> <span class='ocrx_word' id='word_1_295' title='bbox 1191 588 1363 631; x_wconf 70' lang='lat' dir='ltr'><strong>certamina,</strong></span> <span class='ocrx_word' id='word_1_296' title='bbox 1380 602 1407 625; x_wconf 90' lang='lat' dir='ltr'><strong>et</strong></span> <span class='ocrx_word' id='word_1_297' title='bbox 1424 600 1544 623; x_wconf 88' lang='lat' dir='ltr'><strong>montem</strong></span> <span class='ocrx_word' id='word_1_298' title='bbox 1559 594 1633 620; x_wconf 90' lang='lat' dir='ltr'><strong>hunc</strong></span> <span class='ocrx_word' id='word_1_299' title='bbox 1650 595 1758 626; x_wconf 78' lang='lat' dir='ltr'><strong>petens,</strong></span> <span class='ocrx_word' id='word_1_300' title='bbox 1774 588 1820 623; x_wconf 90' lang='lat' dir='ltr'><strong>qui</strong></span> 
     </span>
    </p>
   </div>
   <div class='ocr_carea' id='block_1_43' title="bbox 1032 635 1820 685">
    <p class='ocr_par' dir='ltr' id='par_1_43' title="bbox 1032 635 1820 685">
     <span class='ocr_line' id='line_1_44' title="bbox 1032 635 1820 685; baseline -0.023 -8"><span class='ocrx_word' id='word_1_301' title='bbox 1032 651 1148 685; x_wconf 80' lang='lat' dir='ltr'><strong>triginta</strong></span> <span class='ocrx_word' id='word_1_302' title='bbox 1165 648 1263 675; x_wconf 81' lang='lat' dir='ltr'><strong>stadiis</strong></span> <span class='ocrx_word' id='word_1_303' title='bbox 1279 647 1313 672; x_wconf 83' lang='lat' dir='ltr'><strong>ab</strong></span> <span class='ocrx_word' id='word_1_304' title='bbox 1330 645 1381 672; x_wconf 89' lang='lat' dir='ltr'><strong>hac</strong></span> <span class='ocrx_word' id='word_1_305' title='bbox 1395 643 1462 670; x_wconf 84' lang='lat' dir='ltr'><strong>urbe</strong></span> <span class='ocrx_word' id='word_1_306' title='bbox 1489 641 1588 672; x_wconf 80' lang='lat' dir='ltr'><strong>distat,</strong></span> <span class='ocrx_word' id='word_1_307' title='bbox 1613 638 1717 665; x_wconf 89' lang='lat' dir='ltr'><strong>clarum</strong></span> <span class='ocrx_word' id='word_1_308' title='bbox 1744 635 1820 662; x_wconf 89' lang='lat' dir='ltr'><strong>illum</strong></span> 
     </span>
    </p>
   </div>
   <div class='ocr_carea' id='block_1_44' title="bbox 1032 682 1820 723">
    <p class='ocr_par' dir='ltr' id='par_1_44' title="bbox 1032 682 1820 723">
     <span class='ocr_line' id='line_1_45' title="bbox 1032 682 1820 723; baseline -0.023 0"><span class='ocrx_word' id='word_1_309' title='bbox 1032 694 1151 723; x_wconf 84' lang='lat' dir='ltr'><strong>reddidit</strong></span> <span class='ocrx_word' id='word_1_310' title='bbox 1164 701 1195 720; x_wconf 82' lang='lat' dir='ltr'><strong>ac</strong></span> <span class='ocrx_word' id='word_1_311' title='bbox 1211 690 1397 720; x_wconf 85' lang='lat' dir='ltr'><strong>venerandum</strong></span> <span class='ocrx_word' id='word_1_312' title='bbox 1408 695 1491 719; x_wconf 69' lang='lat' dir='ltr'><strong>,cum</strong></span> <span class='ocrx_word' id='word_1_313' title='bbox 1505 687 1643 713; x_wconf 86' lang='lat' dir='ltr'><strong>obscurus</strong></span> <span class='ocrx_word' id='word_1_314' title='bbox 1658 682 1722 709; x_wconf 90' lang='lat' dir='ltr'><strong>olim</strong></span> <span class='ocrx_word' id='word_1_315' title='bbox 1736 683 1820 711; x_wconf 83' lang='lat' dir='ltr'><strong>esset,</strong></span> 
     </span>
    </p>
   </div>
   <div class='ocr_carea' id='block_1_45' title="bbox 1033 733 1822 776">
    <p class='ocr_par' dir='ltr' id='par_1_45' title="bbox 1033 733 1822 776">
     <span class='ocr_line' id='line_1_46' title="bbox 1033 733 1822 776; baseline -0.02 -8"><span class='ocrx_word' id='word_1_316' title='bbox 1033 741 1169 776; x_wconf 83' lang='lat' dir='ltr'><strong>planeque</strong></span> <span class='ocrx_word' id='word_1_317' title='bbox 1190 739 1396 766; x_wconf 81' lang='lat' dir='ltr'><strong>infructuosus.</strong></span> <span class='ocrx_word' id='word_1_318' title='bbox 1414 734 1530 761; x_wconf 82' lang='lat' dir='ltr'><strong>Tantam</strong></span> <span class='ocrx_word' id='word_1_319' title='bbox 1544 738 1617 759; x_wconf 89' lang='lat' dir='ltr'><strong>nunc</strong></span> <span class='ocrx_word' id='word_1_320' title='bbox 1633 733 1723 756; x_wconf 87' lang='lat' dir='ltr'><strong>autem</strong></span> <span class='ocrx_word' id='word_1_321' title='bbox 1742 734 1822 754; x_wconf 83' lang='lat' dir='ltr'><strong>acce-</strong></span> 
     </span>
    </p>
   </div>
   <div class='ocr_carea' id='block_1_46' title="bbox 1034 773 1824 822">
    <p class='ocr_par' dir='ltr' id='par_1_46' title="bbox 1034 773 1824 822">
     <span class='ocr_line' id='line_1_47' title="bbox 1034 773 1824 822; baseline -0.022 -7"><span class='ocrx_word' id='word_1_322' title='bbox 1034 788 1108 822; x_wconf 81' lang='lat' dir='ltr'><strong>pisse</strong></span> <span class='ocrx_word' id='word_1_323' title='bbox 1126 785 1347 813; x_wconf 75' lang='lat' dir='ltr'><strong>benedictionem</strong></span> <span class='ocrx_word' id='word_1_324' title='bbox 1363 784 1372 793; x_wconf 76' lang='grc'><strong><em>⁶</em></strong></span> <span class='ocrx_word' id='word_1_325' title='bbox 1389 781 1525 810; x_wconf 89' lang='lat' dir='ltr'><strong>creditur,</strong></span> <span class='ocrx_word' id='word_1_326' title='bbox 1545 782 1573 805; x_wconf 91' lang='lat' dir='ltr'><strong>ut</strong></span> <span class='ocrx_word' id='word_1_327' title='bbox 1591 777 1632 804; x_wconf 90' lang='lat' dir='ltr'><strong>vel</strong></span> <span class='ocrx_word' id='word_1_328' title='bbox 1651 775 1676 803; x_wconf 90' lang='lat' dir='ltr'><strong>ei</strong></span> <span class='ocrx_word' id='word_1_329' title='bbox 1695 773 1824 808; x_wconf 90' lang='lat' dir='ltr'><strong>imposita</strong></span> 
     </span>
    </p>
   </div>
   <div class='ocr_carea' id='block_1_47' title="bbox 1036 818 1826 862">
    <p class='ocr_par' dir='ltr' id='par_1_47' title="bbox 1036 818 1826 862">
     <span class='ocr_line' id='line_1_48' title="bbox 1036 818 1826 862; baseline -0.022 -1"><span class='ocrx_word' id='word_1_330' title='bbox 1036 839 1109 861; x_wconf 87' lang='lat' dir='ltr'><strong>terra</strong></span> <span class='ocrx_word' id='word_1_331' title='bbox 1126 832 1301 862; x_wconf 81' lang='lat' dir='ltr'><strong>adhibeatur,</strong></span> <span class='ocrx_word' id='word_1_332' title='bbox 1319 837 1382 857; x_wconf 88' lang='lat' dir='ltr'><strong>cum</strong></span> <span class='ocrx_word' id='word_1_333' title='bbox 1399 827 1521 861; x_wconf 86' lang='lat' dir='ltr'><strong>undique</strong></span> <span class='ocrx_word' id='word_1_334' title='bbox 1539 823 1670 852; x_wconf 82' lang='lat' dir='ltr'><strong>accedant</strong></span> <span class='ocrx_word' id='word_1_335' title='bbox 1685 821 1731 856; x_wconf 87' lang='lat' dir='ltr'><strong>qui</strong></span> <span class='ocrx_word' id='word_1_336' title='bbox 1749 818 1826 846; x_wconf 91' lang='lat' dir='ltr'><strong>utili-</strong></span> 
     </span>
    </p>
   </div>
   <div class='ocr_carea' id='block_1_48' title="bbox 1036 866 1825 912">
    <p class='ocr_par' dir='ltr' id='par_1_48' title="bbox 1036 866 1825 912">
     <span class='ocr_line' id='line_1_49' title="bbox 1036 866 1825 912; baseline -0.016 -6"><span class='ocrx_word' id='word_1_337' title='bbox 1036 879 1101 906; x_wconf 89' lang='lat' dir='ltr'><strong>tatis</strong></span> <span class='ocrx_word' id='word_1_338' title='bbox 1119 885 1177 905; x_wconf 66' lang='lat' dir='ltr'><strong>suaa</strong></span> <span class='ocrx_word' id='word_1_339' title='bbox 1193 876 1281 912; x_wconf 74' lang='lat' dir='ltr'><strong>gratia</strong></span> <span class='ocrx_word' id='word_1_340' title='bbox 1298 875 1371 902; x_wconf 82' lang='lat' dir='ltr'><strong>illam</strong></span> <span class='ocrx_word' id='word_1_341' title='bbox 1388 875 1545 907; x_wconf 72' lang='lat' dir='ltr'><strong>exportant.</strong></span> <span class='ocrx_word' id='word_1_342' title='bbox 1571 871 1601 896; x_wconf 89' lang='lat' dir='ltr'><strong>lu</strong></span> <span class='ocrx_word' id='word_1_343' title='bbox 1630 868 1682 894; x_wconf 90' lang='lat' dir='ltr'><strong>hoc</strong></span> <span class='ocrx_word' id='word_1_344' title='bbox 1704 866 1825 898; x_wconf 67' lang='lat' dir='ltr'><strong>degens.</strong></span> 
     </span>
    </p>
   </div>
   <div class='ocr_carea' id='block_1_49' title="bbox 1039 912 1828 951">
    <p class='ocr_par' dir='ltr' id='par_1_49' title="bbox 1039 912 1828 951">
     <span class='ocr_line' id='line_1_50' title="bbox 1039 912 1828 951; baseline -0.02 0"><span class='ocrx_word' id='word_1_345' title='bbox 1039 923 1247 951; x_wconf 81' lang='lat' dir='ltr'><strong>adventantium</strong></span> <span class='ocrx_word' id='word_1_346' title='bbox 1264 920 1390 947; x_wconf 92' lang='lat' dir='ltr'><strong>omnium</strong></span> <span class='ocrx_word' id='word_1_347' title='bbox 1406 917 1496 946; x_wconf 88' lang='lat' dir='ltr'><strong>oculis</strong></span> <span class='ocrx_word' id='word_1_348' title='bbox 1510 920 1593 951; x_wconf 86' lang='lat' dir='ltr'><strong>patet,</strong></span> <span class='ocrx_word' id='word_1_349' title='bbox 1612 913 1782 948; x_wconf 86' lang='lat' dir='ltr'><strong>speluncam,</strong></span> <span class='ocrx_word' id='word_1_350' title='bbox 1797 912 1828 936; x_wconf 88' lang='lat' dir='ltr'><strong>ut</strong></span> 
     </span>
    </p>
   </div>
   <div class='ocr_carea' id='block_1_50' title="bbox 1040 961 1829 1003">
    <p class='ocr_par' dir='ltr' id='par_1_50' title="bbox 1040 961 1829 1003">
     <span class='ocr_line' id='line_1_51' title="bbox 1040 961 1829 1003; baseline -0.023 -5"><span class='ocrx_word' id='word_1_351' title='bbox 1040 971 1112 1003; x_wconf 82' lang='lat' dir='ltr'><strong>dixi,</strong></span> <span class='ocrx_word' id='word_1_352' title='bbox 1128 977 1184 996; x_wconf 89' lang='lat' dir='ltr'><strong>non</strong></span> <span class='ocrx_word' id='word_1_353' title='bbox 1204 968 1325 999; x_wconf 85' lang='lat' dir='ltr'><strong>habens,</strong></span> <span class='ocrx_word' id='word_1_354' title='bbox 1343 973 1398 993; x_wconf 91' lang='lat' dir='ltr'><strong>non</strong></span> <span class='ocrx_word' id='word_1_355' title='bbox 1417 961 1629 991; x_wconf 84' lang='lat' dir='ltr'><strong>tabernaculum</strong></span> <span class='ocrx_word' id='word_1_356' title='bbox 1642 979 1649 992; x_wconf 90' lang='lat'><strong>,</strong></span> <span class='ocrx_word' id='word_1_357' title='bbox 1673 965 1727 985; x_wconf 91' lang='lat' dir='ltr'><strong>non</strong></span> <span class='ocrx_word' id='word_1_358' title='bbox 1748 961 1829 989; x_wconf 82' lang='lat' dir='ltr'><strong>tugu-</strong></span> 
     </span>
    </p>
   </div>
   <div class='ocr_carea' id='block_1_51' title="bbox 1040 1001 1828 1048">
    <p class='ocr_par' dir='ltr' id='par_1_51' title="bbox 1040 1001 1828 1048">
     <span class='ocr_line' id='line_1_52' title="bbox 1040 1001 1828 1048; baseline -0.023 -4"><span class='ocrx_word' id='word_1_359' title='bbox 1040 1018 1128 1048; x_wconf 84' lang='lat' dir='ltr'><strong>rium,</strong></span> <span class='ocrx_word' id='word_1_360' title='bbox 1144 1023 1197 1042; x_wconf 92' lang='lat' dir='ltr'><strong>non</strong></span> <span class='ocrx_word' id='word_1_361' title='bbox 1216 1013 1361 1041; x_wconf 82' lang='lat' dir='ltr'><strong>maceriam</strong></span> <span class='ocrx_word' id='word_1_362' title='bbox 1373 1031 1380 1043; x_wconf 87' lang='lat'><strong>,</strong></span> <span class='ocrx_word' id='word_1_363' title='bbox 1400 1017 1454 1038; x_wconf 88' lang='lat' dir='ltr'><strong>non</strong></span> <span class='ocrx_word' id='word_1_364' title='bbox 1473 1016 1564 1043; x_wconf 86' lang='lat' dir='ltr'><strong>sepem</strong></span> <span class='ocrx_word' id='word_1_365' title='bbox 1582 1013 1641 1040; x_wconf 69' lang='lat' dir='ltr'><strong>qua:</strong></span> <span class='ocrx_word' id='word_1_366' title='bbox 1657 1001 1828 1032; x_wconf 84' lang='lat' dir='ltr'><strong>circumdet:</strong></span> 
     </span>
    </p>
   </div>
   <div class='ocr_carea' id='block_1_52' title="bbox 1042 1050 1830 1091">
    <p class='ocr_par' dir='ltr' id='par_1_52' title="bbox 1042 1050 1830 1091">
     <span class='ocr_line' id='line_1_53' title="bbox 1042 1050 1830 1091; baseline -0.023 -1"><span class='ocrx_word' id='word_1_367' title='bbox 1042 1061 1090 1091; x_wconf 87' lang='lat' dir='ltr'><strong>sed</strong></span> <span class='ocrx_word' id='word_1_368' title='bbox 1103 1065 1130 1088; x_wconf 82' lang='lat' dir='ltr'><strong>et</strong></span> <span class='ocrx_word' id='word_1_369' title='bbox 1145 1068 1230 1088; x_wconf 82' lang='lat' dir='ltr'><strong>orans</strong></span> <span class='ocrx_word' id='word_1_370' title='bbox 1245 1058 1378 1090; x_wconf 87' lang='lat' dir='ltr'><strong>cernitur,</strong></span> <span class='ocrx_word' id='word_1_371' title='bbox 1396 1060 1423 1084; x_wconf 86' lang='lat' dir='ltr'><strong>et</strong></span> <span class='ocrx_word' id='word_1_372' title='bbox 1448 1055 1611 1090; x_wconf 84' lang='lat' dir='ltr'><strong>quiescens,</strong></span> <span class='ocrx_word' id='word_1_373' title='bbox 1636 1054 1663 1077; x_wconf 82' lang='lat' dir='ltr'><strong>et</strong></span> <span class='ocrx_word' id='word_1_374' title='bbox 1691 1054 1768 1076; x_wconf 85' lang='lat' dir='ltr'><strong>stans</strong></span> <span class='ocrx_word' id='word_1_375' title='bbox 1779 1067 1786 1078; x_wconf 82' lang='lat'><strong>,</strong></span> <span class='ocrx_word' id='word_1_376' title='bbox 1803 1050 1830 1073; x_wconf 87' lang='lat' dir='ltr'><strong>et</strong></span> 
     </span>
    </p>
   </div>
   <div class='ocr_carea' id='block_1_53' title="bbox 1043 1096 1831 1139">
    <p class='ocr_par' dir='ltr' id='par_1_53' title="bbox 1043 1096 1831 1139">
     <span class='ocr_line' id='line_1_54' title="bbox 1043 1096 1831 1139; baseline -0.023 -3"><span class='ocrx_word' id='word_1_377' title='bbox 1043 1109 1143 1137; x_wconf 88' lang='lat' dir='ltr'><strong>sedens</strong></span> <span class='ocrx_word' id='word_1_378' title='bbox 1155 1128 1162 1139; x_wconf 89' lang='lat'><strong>,</strong></span> <span class='ocrx_word' id='word_1_379' title='bbox 1178 1110 1206 1134; x_wconf 90' lang='lat' dir='ltr'><strong>et</strong></span> <span class='ocrx_word' id='word_1_380' title='bbox 1221 1113 1284 1133; x_wconf 89' lang='lat' dir='ltr'><strong>cum</strong></span> <span class='ocrx_word' id='word_1_381' title='bbox 1300 1112 1384 1132; x_wconf 83' lang='lat' dir='ltr'><strong>sanus</strong></span> <span class='ocrx_word' id='word_1_382' title='bbox 1401 1105 1443 1130; x_wconf 87' lang='lat' dir='ltr'><strong>est</strong></span> <span class='ocrx_word' id='word_1_383' title='bbox 1454 1121 1461 1133; x_wconf 88' lang='lat'><strong>,</strong></span> <span class='ocrx_word' id='word_1_384' title='bbox 1477 1105 1505 1128; x_wconf 86' lang='lat' dir='ltr'><strong>et</strong></span> <span class='ocrx_word' id='word_1_385' title='bbox 1521 1106 1583 1126; x_wconf 87' lang='lat' dir='ltr'><strong>cum</strong></span> <span class='ocrx_word' id='word_1_386' title='bbox 1605 1097 1699 1131; x_wconf 89' lang='lat' dir='ltr'><strong>aliqua</strong></span> <span class='ocrx_word' id='word_1_387' title='bbox 1721 1096 1831 1121; x_wconf 87' lang='lat' dir='ltr'><strong>tenetur</strong></span> 
     </span>
    </p>
   </div>
   <div class='ocr_carea' id='block_1_54' title="bbox 1042 1139 1832 1189">
    <p class='ocr_par' dir='ltr' id='par_1_54' title="bbox 1042 1139 1832 1189">
     <span class='ocr_line' id='line_1_55' title="bbox 1042 1139 1832 1189; baseline -0.022 -8"><span class='ocrx_word' id='word_1_388' title='bbox 1042 1153 1205 1189; x_wconf 65' lang='lat' dir='ltr'><strong>aagritudine</strong></span> <span class='ocrx_word' id='word_1_389' title='bbox 1217 1172 1225 1185; x_wconf 88' lang='lat'><strong>,</strong></span> <span class='ocrx_word' id='word_1_390' title='bbox 1242 1151 1279 1177; x_wconf 85' lang='lat' dir='ltr'><strong>ita</strong></span> <span class='ocrx_word' id='word_1_391' title='bbox 1296 1155 1325 1180; x_wconf 85' lang='lat' dir='ltr'><strong>ut</strong></span> <span class='ocrx_word' id='word_1_392' title='bbox 1348 1153 1479 1184; x_wconf 86' lang='lat' dir='ltr'><strong>perpetuo</strong></span> <span class='ocrx_word' id='word_1_393' title='bbox 1508 1152 1601 1173; x_wconf 80' lang='lat' dir='ltr'><strong>coram</strong></span> <span class='ocrx_word' id='word_1_394' title='bbox 1629 1139 1832 1177; x_wconf 81' lang='lat' dir='ltr'><strong>spectatoribus</strong></span> 
     </span>
    </p>
   </div>
   <div class='ocr_carea' id='block_1_55' title="bbox 1043 1185 1834 1235">
    <p class='ocr_par' dir='ltr' id='par_1_55' title="bbox 1043 1185 1834 1235">
     <span class='ocr_line' id='line_1_56' title="bbox 1043 1185 1834 1235; baseline -0.021 -7"><span class='ocrx_word' id='word_1_395' title='bbox 1043 1202 1200 1235; x_wconf 77' lang='lat' dir='ltr'><strong>depugnet,</strong></span> <span class='ocrx_word' id='word_1_396' title='bbox 1217 1201 1380 1231; x_wconf 70' lang='lat' dir='ltr'><strong>natumque</strong></span> <span class='ocrx_word' id='word_1_397' title='bbox 1398 1193 1583 1222; x_wconf 82' lang='lat' dir='ltr'><strong>necessitates</strong></span> <span class='ocrx_word' id='word_1_398' title='bbox 1599 1189 1725 1224; x_wconf 86' lang='lat' dir='ltr'><strong>repellat.</strong></span> <span class='ocrx_word' id='word_1_399' title='bbox 1741 1185 1834 1219; x_wconf 78' lang='lat' dir='ltr'><strong>Neque</strong></span> 
     </span>
    </p>
   </div>
   <div class='ocr_carea' id='block_1_56' title="bbox 1043 1233 1834 1274">
    <p class='ocr_par' dir='ltr' id='par_1_56' title="bbox 1043 1233 1834 1274">
     <span class='ocr_line' id='line_1_57' title="bbox 1043 1233 1834 1274; baseline -0.021 0"><span class='ocrx_word' id='word_1_400' title='bbox 1043 1247 1116 1274; x_wconf 90' lang='lat' dir='ltr'><strong>enim</strong></span> <span class='ocrx_word' id='word_1_401' title='bbox 1133 1245 1292 1273; x_wconf 90' lang='lat' dir='ltr'><strong>hominibus</strong></span> <span class='ocrx_word' id='word_1_402' title='bbox 1308 1243 1371 1270; x_wconf 89' lang='lat' dir='ltr'><strong>aliis</strong></span> <span class='ocrx_word' id='word_1_403' title='bbox 1382 1261 1389 1274; x_wconf 87' lang='lat'><strong>,</strong></span> <span class='ocrx_word' id='word_1_404' title='bbox 1405 1240 1558 1268; x_wconf 85' lang='lat' dir='ltr'><strong>liberaliter</strong></span> <span class='ocrx_word' id='word_1_405' title='bbox 1574 1241 1718 1269; x_wconf 88' lang='lat' dir='ltr'><strong>utcunque</strong></span> <span class='ocrx_word' id='word_1_406' title='bbox 1731 1233 1834 1260; x_wconf 88' lang='lat' dir='ltr'><strong>educa-</strong></span> 
     </span>
    </p>
   </div>
   <div class='ocr_carea' id='block_1_57' title="bbox 1047 1283 1834 1323">
    <p class='ocr_par' dir='ltr' id='par_1_57' title="bbox 1047 1283 1834 1323">
     <span class='ocr_line' id='line_1_58' title="bbox 1047 1283 1834 1323; baseline -0.022 -5"><span class='ocrx_word' id='word_1_407' title='bbox 1047 1292 1082 1319; x_wconf 90' lang='lat' dir='ltr'><strong>tis</strong></span> <span class='ocrx_word' id='word_1_408' title='bbox 1093 1311 1099 1323; x_wconf 88' lang='lat'><strong>,</strong></span> <span class='ocrx_word' id='word_1_409' title='bbox 1111 1290 1192 1318; x_wconf 78' lang='lat' dir='ltr'><strong>facile</strong></span> <span class='ocrx_word' id='word_1_410' title='bbox 1207 1293 1248 1317; x_wconf 87' lang='lat' dir='ltr'><strong>est</strong></span> <span class='ocrx_word' id='word_1_411' title='bbox 1265 1289 1292 1315; x_wconf 92' lang='lat' dir='ltr'><strong>in</strong></span> <span class='ocrx_word' id='word_1_412' title='bbox 1309 1291 1467 1315; x_wconf 79' lang='lat' dir='ltr'><strong>exterarum</strong></span> <span class='ocrx_word' id='word_1_413' title='bbox 1481 1283 1571 1311; x_wconf 86' lang='lat' dir='ltr'><strong>oculis</strong></span> <span class='ocrx_word' id='word_1_414' title='bbox 1583 1283 1758 1309; x_wconf 78' lang='lat' dir='ltr'><strong>excrementa</strong></span> <span class='ocrx_word' id='word_1_415' title='bbox 1772 1283 1834 1311; x_wconf 73' lang='lat' dir='ltr'><strong>ege-</strong></span> 
     </span>
    </p>
   </div>
   <div class='ocr_carea' id='block_1_58' title="bbox 1048 1323 1835 1369">
    <p class='ocr_par' dir='ltr' id='par_1_58' title="bbox 1048 1323 1835 1369">
     <span class='ocr_line' id='line_1_59' title="bbox 1048 1323 1835 1369; baseline -0.023 -4"><span class='ocrx_word' id='word_1_416' title='bbox 1048 1345 1125 1369; x_wconf 84' lang='lat' dir='ltr'><strong>rere,</strong></span> <span class='ocrx_word' id='word_1_417' title='bbox 1143 1336 1242 1364; x_wconf 89' lang='lat' dir='ltr'><strong>nedum</strong></span> <span class='ocrx_word' id='word_1_418' title='bbox 1259 1335 1319 1362; x_wconf 88' lang='lat' dir='ltr'><strong>viro</strong></span> <span class='ocrx_word' id='word_1_419' title='bbox 1340 1333 1388 1369; x_wconf 91' lang='lat' dir='ltr'><strong>qui</strong></span> <span class='ocrx_word' id='word_1_420' title='bbox 1416 1332 1451 1360; x_wconf 87' lang='lat' dir='ltr'><strong>ad</strong></span> <span class='ocrx_word' id='word_1_421' title='bbox 1476 1336 1610 1358; x_wconf 86' lang='lat' dir='ltr'><strong>summam</strong></span> <span class='ocrx_word' id='word_1_422' title='bbox 1634 1323 1835 1362; x_wconf 83' lang='lat' dir='ltr'><strong>philosophiam</strong></span> 
     </span>
    </p>
   </div>
   <div class='ocr_carea' id='block_1_59' title="bbox 1048 1386 1220 1418">
    <p class='ocr_par' dir='ltr' id='par_1_59' title="bbox 1048 1386 1220 1418">
     <span class='ocr_line' id='line_1_60' title="bbox 1048 1386 1220 1418; baseline -0.006 -8"><span class='ocrx_word' id='word_1_423' title='bbox 1048 1386 1220 1418; x_wconf 82' lang='lat' dir='ltr'><strong>pervenerat.</strong></span> 
     </span>
    </p>
   </div>
   <div class='ocr_carea' id='block_1_60' title="bbox 1705 1407 1834 1448">
    <p class='ocr_par' dir='ltr' id='par_1_60' title="bbox 1705 1407 1834 1448">
     <span class='ocr_line' id='line_1_61' title="bbox 1705 1407 1834 1448; baseline -0.039 -7"><span class='ocrx_word' id='word_1_424' title='bbox 1705 1422 1738 1448; x_wconf 85' lang='grc' dir='ltr'><strong>γε</strong></span> <span class='ocrx_word' id='word_1_425' title='bbox 1756 1407 1834 1447; x_wconf 73' lang='grc' dir='ltr'>ἀνδρὶ</span> 
     </span>
    </p>
   </div>
   <div class='ocr_carea' id='block_1_61' title="bbox 1084 1500 1839 1546">
    <p class='ocr_par' dir='ltr' id='par_1_61' title="bbox 1084 1500 1839 1546">
     <span class='ocr_line' id='line_1_62' title="bbox 1084 1500 1839 1546; baseline -0.029 1"><span class='ocrx_word' id='word_1_426' title='bbox 1084 1518 1141 1546; x_wconf 89' lang='lat' dir='ltr'><strong>Nec</strong></span> <span class='ocrx_word' id='word_1_427' title='bbox 1151 1524 1216 1545; x_wconf 89' lang='lat' dir='ltr'><strong>vero</strong></span> <span class='ocrx_word' id='word_1_428' title='bbox 1229 1515 1263 1543; x_wconf 87' lang='lat' dir='ltr'><strong>ab</strong></span> <span class='ocrx_word' id='word_1_429' title='bbox 1277 1500 1338 1541; x_wconf 79' lang='lat' dir='ltr'><strong>aliis</strong></span> <span class='ocrx_word' id='word_1_430' title='bbox 1350 1513 1408 1540; x_wconf 83' lang='lat' dir='ltr'><strong>haec</strong></span> <span class='ocrx_word' id='word_1_431' title='bbox 1420 1510 1512 1538; x_wconf 89' lang='lat' dir='ltr'><strong>audita</strong></span> <span class='ocrx_word' id='word_1_432' title='bbox 1523 1506 1624 1537; x_wconf 78' lang='lat' dir='ltr'><strong>refero,</strong></span> <span class='ocrx_word' id='word_1_433' title='bbox 1638 1503 1686 1532; x_wconf 88' lang='lat' dir='ltr'><strong>sed</strong></span> <span class='ocrx_word' id='word_1_434' title='bbox 1700 1509 1761 1537; x_wconf 65' lang='lat' dir='ltr'><strong>quae</strong></span> <span class='ocrx_word' id='word_1_435' title='bbox 1773 1507 1839 1527; x_wconf 89' lang='lat' dir='ltr'><strong>ocu-</strong></span> 
     </span>
    </p>
   </div>
   <div class='ocr_carea' id='block_1_62' title="bbox 1051 1547 1839 1600">
    <p class='ocr_par' dir='ltr' id='par_1_62' title="bbox 1051 1547 1839 1600">
     <span class='ocr_line' id='line_1_63' title="bbox 1051 1547 1839 1600; baseline -0.027 -8"><span class='ocrx_word' id='word_1_436' title='bbox 1051 1565 1084 1592; x_wconf 85' lang='lat' dir='ltr'><strong>lis</strong></span> <span class='ocrx_word' id='word_1_437' title='bbox 1093 1566 1151 1600; x_wconf 87' lang='lat' dir='ltr'><strong>ipse</strong></span> <span class='ocrx_word' id='word_1_438' title='bbox 1161 1561 1302 1596; x_wconf 80' lang='lat' dir='ltr'><strong>conspexi.</strong></span> <span class='ocrx_word' id='word_1_439' title='bbox 1313 1558 1381 1586; x_wconf 79' lang='lat' dir='ltr'><strong>Nam</strong></span> <span class='ocrx_word' id='word_1_440' title='bbox 1390 1565 1452 1585; x_wconf 90' lang='lat' dir='ltr'><strong>cum</strong></span> <span class='ocrx_word' id='word_1_441' title='bbox 1464 1558 1526 1582; x_wconf 89' lang='lat' dir='ltr'><strong>ante</strong></span> <span class='ocrx_word' id='word_1_442' title='bbox 1538 1559 1625 1580; x_wconf 82' lang='lat' dir='ltr'><strong>annos</strong></span> <span class='ocrx_word' id='word_1_443' title='bbox 1631 1547 1839 1586; x_wconf 87' lang='lat' dir='ltr'><strong>quatuordccim</strong></span> 
     </span>
    </p>
   </div>
   <div class='ocr_carea' id='block_1_63' title="bbox 212 1594 997 1662">
    <p class='ocr_par' dir='ltr' id='par_1_63' title="bbox 212 1594 997 1662">
     <span class='ocr_line' id='line_1_64' title="bbox 212 1594 950 1612; baseline -0.016 -4"><span class='ocrx_word' id='word_1_444' title='bbox 212 1594 262 1608; x_wconf 83' lang='grc' dir='ltr'><strong>αΛΛ</strong></span> <span class='ocrx_word' id='word_1_445' title='bbox 285 1594 365 1611; x_wconf 59' lang='lat' dir='ltr'><strong>tit-I105</strong></span> <span class='ocrx_word' id='word_1_446' title='bbox 389 1594 525 1612; x_wconf 59' lang='lat' dir='ltr'><strong>uuwuulh</strong></span> <span class='ocrx_word' id='word_1_447' title='bbox 559 1594 745 1611; x_wconf 60' lang='grc' dir='ltr'>ιεμεγιηι-νννν.</span> <span class='ocrx_word' id='word_1_448' title='bbox 771 1594 826 1607; x_wconf 57' lang='lat' dir='ltr'><strong>ur-</strong></span> <span class='ocrx_word' id='word_1_449' title='bbox 861 1594 899 1597; x_wconf 43' lang='lat' dir='ltr'><strong>ﬂ.</strong></span> <span class='ocrx_word' id='word_1_450' title='bbox 909 1594 916 1596; x_wconf 74' lang='lat'><strong>.</strong></span> <span class='ocrx_word' id='word_1_451' title='bbox 926 1594 950 1605; x_wconf 53' lang='grc' dir='ltr'>ηπ</span> 
     </span>
     <span class='ocr_line' id='line_1_65' title="bbox 212 1617 997 1662; baseline -0.019 -7"><span class='ocrx_word' id='word_1_452' title='bbox 212 1628 268 1662; x_wconf 80' lang='grc' dir='ltr'><strong>γὰρ</strong></span> <span class='ocrx_word' id='word_1_453' title='bbox 280 1627 327 1654; x_wconf 77' lang='grc' dir='ltr'>καὶ</span> <span class='ocrx_word' id='word_1_454' title='bbox 341 1625 406 1652; x_wconf 81' lang='grc' dir='ltr'>δέκα</span> <span class='ocrx_word' id='word_1_455' title='bbox 426 1623 569 1653; x_wconf 76' lang='grc' dir='ltr'>ἐνιαυτῶν,</span> <span class='ocrx_word' id='word_1_456' title='bbox 583 1621 661 1652; x_wconf 80' lang='grc' dir='ltr'>νόσος</span> <span class='ocrx_word' id='word_1_457' title='bbox 673 1619 745 1654; x_wconf 80' lang='grc' dir='ltr'>αὐτῷ</span> <span class='ocrx_word' id='word_1_458' title='bbox 762 1617 867 1654; x_wconf 85' lang='grc' dir='ltr'>χαλεπὴ</span> <span class='ocrx_word' id='word_1_459' title='bbox 880 1623 997 1649; x_wconf 84' lang='grc' dir='ltr'>προσπε-</span> 
     </span>
    </p>
   </div>
   <div class='ocr_carea' id='block_1_64' title="bbox 1049 1594 1840 1662">
    <p class='ocr_par' dir='ltr' id='par_1_64' title="bbox 1051 1594 1840 1662">
     <span class='ocr_line' id='line_1_66' title="bbox 1051 1594 1840 1647; baseline -0.027 -8"><span class='ocrx_word' id='word_1_460' title='bbox 1051 1610 1142 1647; x_wconf 78' lang='lat' dir='ltr'><strong>gravis</strong></span> <span class='ocrx_word' id='word_1_461' title='bbox 1154 1609 1229 1636; x_wconf 93' lang='lat' dir='ltr'><strong>illum</strong></span> <span class='ocrx_word' id='word_1_462' title='bbox 1243 1606 1356 1634; x_wconf 87' lang='lat' dir='ltr'><strong>morbus</strong></span> <span class='ocrx_word' id='word_1_463' title='bbox 1376 1595 1536 1632; x_wconf 80' lang='lat' dir='ltr'><strong>invasisset,</strong></span> <span class='ocrx_word' id='word_1_464' title='bbox 1554 1599 1595 1627; x_wconf 87' lang='lat' dir='ltr'><strong>sic</strong></span> <span class='ocrx_word' id='word_1_465' title='bbox 1608 1597 1687 1625; x_wconf 91' lang='lat' dir='ltr'><strong>illum</strong></span> <span class='ocrx_word' id='word_1_466' title='bbox 1699 1594 1800 1625; x_wconf 77' lang='lat' dir='ltr'><strong>aﬂccit,</strong></span> <span class='ocrx_word' id='word_1_467' title='bbox 1810 1595 1840 1619; x_wconf 91' lang='lat' dir='ltr'><strong>ut</strong></span> 
     </span>
     <span class='ocr_line' id='line_1_67' title="bbox 1070 1641 1840 1662; baseline -0.008 6"><span class='ocrx_word' id='word_1_468' title='bbox 1070 1657 1091 1662; x_wconf 71' lang='grc' dir='ltr'>ηη</span> <span class='ocrx_word' id='word_1_469' title='bbox 1113 1657 1118 1662; x_wconf 93' lang='grc'><strong>-</strong></span> <span class='ocrx_word' id='word_1_470' title='bbox 1213 1661 1219 1662; x_wconf 64' lang='lat'><strong>.</strong></span> <span class='ocrx_word' id='word_1_471' title='bbox 1274 1655 1326 1662; x_wconf 44' lang='grc' dir='ltr'><strong>μ-.</strong></span> <span class='ocrx_word' id='word_1_472' title='bbox 1408 1646 1531 1662; x_wconf 54' lang='lat' dir='ltr'><strong>mnum...</strong></span> <span class='ocrx_word' id='word_1_473' title='bbox 1546 1643 1651 1662; x_wconf 68' lang='lat' dir='ltr'><strong>Ine!!!</strong></span> <span class='ocrx_word' id='word_1_474' title='bbox 1664 1644 1745 1662; x_wconf 69' lang='lat' dir='ltr'><strong>natus</strong></span> <span class='ocrx_word' id='word_1_475' title='bbox 1758 1641 1840 1662; x_wconf 74' lang='lat' dir='ltr'><strong>esset.</strong></span> 
     </span>
    </p>
   </div>
   <div class='ocr_carea' id='block_1_65' title="bbox 215 1661 1001 1705">
    <p class='ocr_par' dir='ltr' id='par_1_65' title="bbox 215 1661 1001 1705">
     <span class='ocr_line' id='line_1_68' title="bbox 215 1661 1001 1705; baseline -0.018 -5"><span class='ocrx_word' id='word_1_476' title='bbox 215 1661 298 1700; x_wconf 66' lang='grc' dir='ltr'>σοῧσα</span> <span class='ocrx_word' id='word_1_477' title='bbox 311 1691 318 1704; x_wconf 91' lang='grc'><strong>,</strong></span> <span class='ocrx_word' id='word_1_478' title='bbox 347 1670 472 1705; x_wconf 79' lang='grc' dir='ltr'>διέθηκεν</span> <span class='ocrx_word' id='word_1_479' title='bbox 494 1668 532 1700; x_wconf 86' lang='grc' dir='ltr'>ὡς</span> <span class='ocrx_word' id='word_1_480' title='bbox 553 1665 587 1703; x_wconf 83' lang='grc' dir='ltr'>ἦν</span> <span class='ocrx_word' id='word_1_481' title='bbox 609 1666 683 1697; x_wconf 80' lang='grc' dir='ltr'>είκδς</span> <span class='ocrx_word' id='word_1_482' title='bbox 708 1665 758 1700; x_wconf 81' lang='grc' dir='ltr'>τὴν</span> <span class='ocrx_word' id='word_1_483' title='bbox 778 1662 879 1698; x_wconf 85' lang='grc' dir='ltr'>θνητὴν</span> <span class='ocrx_word' id='word_1_484' title='bbox 905 1661 1001 1696; x_wconf 77' lang='grc' dir='ltr'>ἔχοντα</span> 
     </span>
    </p>
   </div>
   <div class='ocr_carea' id='block_1_66' title="bbox 216 1707 1001 1753">
    <p class='ocr_par' dir='ltr' id='par_1_66' title="bbox 216 1707 1001 1753">
     <span class='ocr_line' id='line_1_69' title="bbox 216 1707 1001 1753; baseline -0.017 -8"><span class='ocrx_word' id='word_1_485' title='bbox 216 1718 308 1753; x_wconf 80' lang='grc' dir='ltr'>φύσιν.</span> <span class='ocrx_word' id='word_1_486' title='bbox 334 1717 418 1752; x_wconf 82' lang='grc' dir='ltr'>Θέρος</span> <span class='ocrx_word' id='word_1_487' title='bbox 439 1715 492 1750; x_wconf 89' lang='grc' dir='ltr'>γὰρ</span> <span class='ocrx_word' id='word_1_488' title='bbox 518 1711 553 1750; x_wconf 83' lang='grc' dir='ltr'>ἦν</span> <span class='ocrx_word' id='word_1_489' title='bbox 579 1711 720 1748; x_wconf 82' lang='grc' dir='ltr'>ἀκμάζον,</span> <span class='ocrx_word' id='word_1_490' title='bbox 749 1710 796 1736; x_wconf 75' lang='grc' dir='ltr'>καὶ</span> <span class='ocrx_word' id='word_1_491' title='bbox 823 1707 1001 1743; x_wconf 69' lang='grc' dir='ltr'>σφοδρότερον</span> 
     </span>
    </p>
   </div>
   <div class='ocr_carea' id='block_1_67' title="bbox 216 1751 1002 1797">
    <p class='ocr_par' dir='ltr' id='par_1_67' title="bbox 216 1751 1002 1797">
     <span class='ocr_line' id='line_1_70' title="bbox 216 1751 1002 1797; baseline -0.017 -9"><span class='ocrx_word' id='word_1_492' title='bbox 216 1751 349 1797; x_wconf 59' lang='grc' dir='ltr'>ἐξήπτετο</span> <span class='ocrx_word' id='word_1_493' title='bbox 365 1751 415 1794; x_wconf 82' lang='grc' dir='ltr'>τῆς</span> <span class='ocrx_word' id='word_1_494' title='bbox 440 1759 548 1789; x_wconf 82' lang='grc' dir='ltr'>ἀκτῖνος</span> <span class='ocrx_word' id='word_1_495' title='bbox 560 1758 577 1792; x_wconf 81' lang='grc' dir='ltr'>ἡ</span> <span class='ocrx_word' id='word_1_496' title='bbox 600 1754 676 1791; x_wconf 78' lang='grc' dir='ltr'>φλὸξ,</span> <span class='ocrx_word' id='word_1_497' title='bbox 691 1754 745 1781; x_wconf 84' lang='grc' dir='ltr'>τῶν</span> <span class='ocrx_word' id='word_1_498' title='bbox 769 1753 817 1788; x_wconf 81' lang='grc' dir='ltr'>μὲν</span> <span class='ocrx_word' id='word_1_499' title='bbox 832 1751 940 1786; x_wconf 81' lang='grc' dir='ltr'>ἀνέμων</span> <span class='ocrx_word' id='word_1_500' title='bbox 955 1758 1002 1776; x_wconf 91' lang='grc' dir='ltr'>κε-</span> 
     </span>
    </p>
   </div>
   <div class='ocr_carea' id='block_1_68' title="bbox 217 1795 1003 1844">
    <p class='ocr_par' dir='ltr' id='par_1_68' title="bbox 217 1795 1003 1844">
     <span class='ocr_line' id='line_1_71' title="bbox 217 1795 1003 1844; baseline -0.02 -8"><span class='ocrx_word' id='word_1_501' title='bbox 217 1795 413 1844; x_wconf 82' lang='grc' dir='ltr'>κοιμημένων,</span> <span class='ocrx_word' id='word_1_502' title='bbox 442 1804 571 1839; x_wconf 84' lang='grc' dir='ltr'>ἀκινήτου</span> <span class='ocrx_word' id='word_1_503' title='bbox 592 1802 620 1829; x_wconf 82' lang='grc' dir='ltr'>δὲ</span> <span class='ocrx_word' id='word_1_504' title='bbox 647 1800 774 1836; x_wconf 77' lang='grc' dir='ltr'>μένοντος</span> <span class='ocrx_word' id='word_1_505' title='bbox 791 1797 839 1825; x_wconf 78' lang='grc' dir='ltr'>τοῦ</span> <span class='ocrx_word' id='word_1_506' title='bbox 859 1797 949 1832; x_wconf 78' lang='grc' dir='ltr'>ἀέρος.</span> <span class='ocrx_word' id='word_1_507' title='bbox 966 1795 1003 1821; x_wconf 80' lang='grc' dir='ltr'>Τὸ</span> 
     </span>
    </p>
   </div>
   <div class='ocr_carea' id='block_1_69' title="bbox 217 1840 1004 1887">
    <p class='ocr_par' dir='ltr' id='par_1_69' title="bbox 217 1840 1004 1887">
     <span class='ocr_line' id='line_1_72' title="bbox 217 1840 1004 1887; baseline -0.02 -5"><span class='ocrx_word' id='word_1_508' title='bbox 217 1855 247 1882; x_wconf 79' lang='grc' dir='ltr'>δὲ</span> <span class='ocrx_word' id='word_1_509' title='bbox 266 1840 358 1885; x_wconf 58' lang='grc' dir='ltr'><strong>⁷παθος</strong></span> <span class='ocrx_word' id='word_1_510' title='bbox 381 1850 415 1887; x_wconf 79' lang='grc' dir='ltr'>ἦν</span> <span class='ocrx_word' id='word_1_511' title='bbox 440 1849 592 1885; x_wconf 87' lang='grc' dir='ltr'>πλημμύρα</span> <span class='ocrx_word' id='word_1_512' title='bbox 618 1847 699 1883; x_wconf 84' lang='grc' dir='ltr'>χολῆς</span> <span class='ocrx_word' id='word_1_513' title='bbox 723 1843 878 1880; x_wconf 75' lang='grc' dir='ltr'>φερομένης</span> <span class='ocrx_word' id='word_1_514' title='bbox 901 1842 948 1868; x_wconf 73' lang='grc' dir='ltr'><strong>ἐπὶ</strong></span> <span class='ocrx_word' id='word_1_515' title='bbox 970 1840 1004 1866; x_wconf 81' lang='grc' dir='ltr'><strong>τὰ</strong></span> 
     </span>
    </p>
   </div>
   <div class='ocr_carea' id='block_1_70' title="bbox 219 1888 1004 1931">
    <p class='ocr_par' dir='ltr' id='par_1_70' title="bbox 219 1888 1004 1931">
     <span class='ocr_line' id='line_1_73' title="bbox 219 1888 1004 1931; baseline -0.019 -3"><span class='ocrx_word' id='word_1_516' title='bbox 219 1901 311 1931; x_wconf 74' lang='grc' dir='ltr'>κάτω,</span> <span class='ocrx_word' id='word_1_517' title='bbox 335 1899 381 1926; x_wconf 76' lang='grc' dir='ltr'>καὶ</span> <span class='ocrx_word' id='word_1_518' title='bbox 397 1896 548 1930; x_wconf 85' lang='grc' dir='ltr'>δακνούσης</span> <span class='ocrx_word' id='word_1_519' title='bbox 566 1896 596 1921; x_wconf 78' lang='grc' dir='ltr'>τὸ</span> <span class='ocrx_word' id='word_1_520' title='bbox 617 1894 739 1928; x_wconf 68' lang='grc' dir='ltr'>ἔντερον,</span> <span class='ocrx_word' id='word_1_521' title='bbox 758 1892 805 1918; x_wconf 74' lang='grc' dir='ltr'>καὶ</span> <span class='ocrx_word' id='word_1_522' title='bbox 820 1888 1004 1923; x_wconf 85' lang='grc' dir='ltr'>συνωθούσης,</span> 
     </span>
    </p>
   </div>
   <div class='ocr_carea' id='block_1_71' title="bbox 220 1934 1004 1981">
    <p class='ocr_par' dir='ltr' id='par_1_71' title="bbox 220 1934 1004 1981">
     <span class='ocr_line' id='line_1_74' title="bbox 220 1934 1004 1981; baseline -0.017 -8"><span class='ocrx_word' id='word_1_523' title='bbox 220 1947 268 1974; x_wconf 74' lang='grc' dir='ltr'>καὶ</span> <span class='ocrx_word' id='word_1_524' title='bbox 285 1946 393 1981; x_wconf 80' lang='grc' dir='ltr'>τρέχειν</span> <span class='ocrx_word' id='word_1_525' title='bbox 410 1944 456 1970; x_wconf 76' lang='grc' dir='ltr'><strong>ἐπὶ</strong></span> <span class='ocrx_word' id='word_1_526' title='bbox 470 1943 505 1970; x_wconf 88' lang='grc' dir='ltr'><strong>τὰ</strong></span> <span class='ocrx_word' id='word_1_527' title='bbox 519 1942 570 1974; x_wconf 72' lang='grc' dir='ltr'><strong>ἔξω</strong></span> <span class='ocrx_word' id='word_1_528' title='bbox 593 1939 769 1975; x_wconf 74' lang='grc' dir='ltr'>βιαζομένης.</span> <span class='ocrx_word' id='word_1_529' title='bbox 789 1937 856 1964; x_wconf 83' lang='grc' dir='ltr'>Τότε</span> <span class='ocrx_word' id='word_1_530' title='bbox 869 1935 918 1970; x_wconf 78' lang='grc' dir='ltr'>τὴν</span> <span class='ocrx_word' id='word_1_531' title='bbox 940 1934 1004 1961; x_wconf 89' lang='grc' dir='ltr'>πολ-</span> 
     </span>
    </p>
   </div>
   <div class='ocr_carea' id='block_1_72' title="bbox 220 1981 1006 2027">
    <p class='ocr_par' dir='ltr' id='par_1_72' title="bbox 220 1981 1006 2027">
     <span class='ocr_line' id='line_1_75' title="bbox 220 1981 1006 2027; baseline -0.017 -8"><span class='ocrx_word' id='word_1_532' title='bbox 220 1992 269 2027; x_wconf 85' lang='grc' dir='ltr'>λὴν</span> <span class='ocrx_word' id='word_1_533' title='bbox 290 1991 337 2018; x_wconf 81' lang='grc' dir='ltr'>τοῦ</span> <span class='ocrx_word' id='word_1_534' title='bbox 357 1990 452 2025; x_wconf 77' lang='grc' dir='ltr'>ἀνδρὸς</span> <span class='ocrx_word' id='word_1_535' title='bbox 473 1987 621 2023; x_wconf 78' lang='grc' dir='ltr'>καρτερίαν</span> <span class='ocrx_word' id='word_1_536' title='bbox 647 1985 811 2019; x_wconf 73' lang='grc' dir='ltr'>ἐθεασάμην.</span> <span class='ocrx_word' id='word_1_537' title='bbox 836 1981 1006 2017; x_wconf 85' lang='grc' dir='ltr'>Παμπόλλων</span> 
     </span>
    </p>
   </div>
   <div class='ocr_carea' id='block_1_73' title="bbox 222 2025 1008 2072">
    <p class='ocr_par' dir='ltr' id='par_1_73' title="bbox 222 2025 1008 2072">
     <span class='ocr_line' id='line_1_76' title="bbox 222 2025 1008 2072; baseline -0.017 -8"><span class='ocrx_word' id='word_1_538' title='bbox 222 2025 277 2072; x_wconf 66' lang='grc' dir='ltr'><strong>γαρ</strong></span> <span class='ocrx_word' id='word_1_539' title='bbox 288 2036 396 2072; x_wconf 87' lang='grc' dir='ltr'>χωρίων</span> <span class='ocrx_word' id='word_1_540' title='bbox 408 2032 666 2068; x_wconf 81' lang='grc' dir='ltr'>συναθροισθέντων,</span> <span class='ocrx_word' id='word_1_541' title='bbox 678 2028 876 2065; x_wconf 79' lang='grc' dir='ltr'>ἁρπασομένων</span> <span class='ocrx_word' id='word_1_542' title='bbox 887 2027 916 2053; x_wconf 74' lang='grc' dir='ltr'>τὸ</span> <span class='ocrx_word' id='word_1_543' title='bbox 929 2025 1008 2060; x_wconf 85' lang='grc' dir='ltr'>σῶμα</span> 
     </span>
    </p>
   </div>
   <div class='ocr_carea' id='block_1_74' title="bbox 222 2070 1009 2117">
    <p class='ocr_par' dir='ltr' id='par_1_74' title="bbox 222 2070 1009 2117">
     <span class='ocr_line' id='line_1_77' title="bbox 222 2070 1009 2117; baseline -0.017 -7"><span class='ocrx_word' id='word_1_544' title='bbox 222 2070 418 2117; x_wconf 16' lang='grc' dir='ltr'>τὺ-νικηγφόρον</span> <span class='ocrx_word' id='word_1_545' title='bbox 430 2101 438 2113; x_wconf 90' lang='grc'><strong>,</strong></span> <span class='ocrx_word' id='word_1_546' title='bbox 458 2079 577 2114; x_wconf 80' lang='grc' dir='ltr'>καθῆστο</span> <span class='ocrx_word' id='word_1_547' title='bbox 591 2076 695 2112; x_wconf 85' lang='grc' dir='ltr'>διχόθεν</span> <span class='ocrx_word' id='word_1_548' title='bbox 713 2074 886 2110; x_wconf 82' lang='grc' dir='ltr'>βαλλόμενος.</span> <span class='ocrx_word' id='word_1_549' title='bbox 907 2071 938 2098; x_wconf 87' lang='grc' dir='ltr'>Ἡ</span> <span class='ocrx_word' id='word_1_550' title='bbox 961 2070 1009 2106; x_wconf 80' lang='grc' dir='ltr'>μὲν</span> 
     </span>
    </p>
   </div>
   <div class='ocr_carea' id='block_1_75' title="bbox 223 2116 1008 2163">
    <p class='ocr_par' dir='ltr' id='par_1_75' title="bbox 223 2116 1008 2163">
     <span class='ocr_line' id='line_1_78' title="bbox 223 2116 1008 2163; baseline -0.018 -7"><span class='ocrx_word' id='word_1_551' title='bbox 223 2129 278 2163; x_wconf 70' lang='grc' dir='ltr'><strong>γὰρ</strong></span> <span class='ocrx_word' id='word_1_552' title='bbox 300 2127 380 2162; x_wconf 79' lang='grc' dir='ltr'>φύσις</span> <span class='ocrx_word' id='word_1_553' title='bbox 406 2126 473 2152; x_wconf 73' lang='grc' dir='ltr'>ἰέναι</span> <span class='ocrx_word' id='word_1_554' title='bbox 495 2125 542 2150; x_wconf 72' lang='grc' dir='ltr'><strong>ἐπὶ</strong></span> <span class='ocrx_word' id='word_1_555' title='bbox 564 2123 613 2158; x_wconf 84' lang='grc' dir='ltr'>τὴν</span> <span class='ocrx_word' id='word_1_556' title='bbox 638 2122 761 2157; x_wconf 72' lang='grc' dir='ltr'>ἔκκρισιν</span> <span class='ocrx_word' id='word_1_557' title='bbox 785 2116 1008 2153; x_wconf 77' lang='grc' dir='ltr'>κατηνάγκαζεν·</span> 
     </span>
    </p>
   </div>
   <div class='ocr_carea' id='block_1_76' title="bbox 224 2162 1011 2210">
    <p class='ocr_par' dir='ltr' id='par_1_76' title="bbox 224 2162 1011 2210">
     <span class='ocr_line' id='line_1_79' title="bbox 224 2162 1011 2210; baseline -0.018 -9"><span class='ocrx_word' id='word_1_558' title='bbox 224 2162 285 2210; x_wconf 69' lang='grc' dir='ltr'>ἡδὲ</span> <span class='ocrx_word' id='word_1_559' title='bbox 301 2174 349 2208; x_wconf 82' lang='grc' dir='ltr'>τῆς</span> <span class='ocrx_word' id='word_1_560' title='bbox 374 2170 580 2206; x_wconf 79' lang='grc' dir='ltr'>παρεστηκυίας</span> <span class='ocrx_word' id='word_1_561' title='bbox 604 2167 725 2203; x_wconf 84' lang='grc' dir='ltr'>πληθύος</span> <span class='ocrx_word' id='word_1_562' title='bbox 749 2165 830 2196; x_wconf 78' lang='grc' dir='ltr'>αἰδὼς</span> <span class='ocrx_word' id='word_1_563' title='bbox 852 2165 942 2199; x_wconf 84' lang='grc' dir='ltr'>μένειν</span> <span class='ocrx_word' id='word_1_564' title='bbox 964 2162 1011 2188; x_wconf 79' lang='grc' dir='ltr'><strong>ἐπὶ</strong></span> 
     </span>
    </p>
   </div>
   <div class='ocr_carea' id='block_1_77' title="bbox 227 2207 1012 2254">
    <p class='ocr_par' dir='ltr' id='par_1_77' title="bbox 227 2207 1012 2254">
     <span class='ocr_line' id='line_1_80' title="bbox 227 2207 1012 2254; baseline -0.015 -9"><span class='ocrx_word' id='word_1_565' title='bbox 227 2207 365 2254; x_wconf 80' lang='grc' dir='ltr'>σχήματος</span> <span class='ocrx_word' id='word_1_566' title='bbox 385 2216 518 2247; x_wconf 74' lang='grc' dir='ltr'>ἐϐιάζετο.</span> <span class='ocrx_word' id='word_1_567' title='bbox 541 2213 612 2247; x_wconf 85' lang='grc' dir='ltr'>Ἐγὼ</span> <span class='ocrx_word' id='word_1_568' title='bbox 626 2213 653 2239; x_wconf 75' lang='grc' dir='ltr'>δὲ</span> <span class='ocrx_word' id='word_1_569' title='bbox 675 2212 754 2238; x_wconf 83' lang='grc' dir='ltr'>τοῦτο</span> <span class='ocrx_word' id='word_1_570' title='bbox 774 2210 929 2245; x_wconf 82' lang='grc' dir='ltr'>γινώσκων,</span> <span class='ocrx_word' id='word_1_571' title='bbox 948 2207 1012 2234; x_wconf 85' lang='grc' dir='ltr'>πολ-</span> 
     </span>
    </p>
   </div>
   <div class='ocr_carea' id='block_1_78' title="bbox 226 2255 1010 2299">
    <p class='ocr_par' dir='ltr' id='par_1_78' title="bbox 226 2255 1010 2299">
     <span class='ocr_line' id='line_1_81' title="bbox 226 2255 1010 2299; baseline -0.017 -8"><span class='ocrx_word' id='word_1_572' title='bbox 226 2265 275 2296; x_wconf 77' lang='grc' dir='ltr'><strong>λὰς</strong></span> <span class='ocrx_word' id='word_1_573' title='bbox 295 2264 343 2299; x_wconf 78' lang='grc' dir='ltr'>μὲν</span> <span class='ocrx_word' id='word_1_574' title='bbox 367 2264 422 2293; x_wconf 84' lang='grc' dir='ltr'>τοῖς</span> <span class='ocrx_word' id='word_1_575' title='bbox 442 2260 599 2288; x_wconf 81' lang='grc' dir='ltr'>συνελθοῦσι</span> <span class='ocrx_word' id='word_1_576' title='bbox 621 2257 800 2293; x_wconf 80' lang='grc' dir='ltr'>παραινέσεις</span> <span class='ocrx_word' id='word_1_577' title='bbox 825 2255 1010 2290; x_wconf 76' lang='grc' dir='ltr'>προσήνεγκα,</span> 
     </span>
    </p>
   </div>
   <div class='ocr_carea' id='block_1_79' title="bbox 228 2301 1011 2342">
    <p class='ocr_par' dir='ltr' id='par_1_79' title="bbox 228 2301 1011 2342">
     <span class='ocr_line' id='line_1_82' title="bbox 228 2301 1011 2342; baseline -0.017 -4"><span class='ocrx_word' id='word_1_578' title='bbox 228 2311 327 2342; x_wconf 77' lang='grc' dir='ltr'>πολλὰς</span> <span class='ocrx_word' id='word_1_579' title='bbox 347 2310 373 2336; x_wconf 77' lang='grc' dir='ltr'>δὲ</span> <span class='ocrx_word' id='word_1_580' title='bbox 390 2309 436 2335; x_wconf 74' lang='grc' dir='ltr'>καὶ</span> <span class='ocrx_word' id='word_1_581' title='bbox 455 2306 569 2338; x_wconf 67' lang='grc' dir='ltr'>ἀπειλὰς</span> <span class='ocrx_word' id='word_1_582' title='bbox 580 2327 586 2338; x_wconf 86' lang='grc'><strong>,</strong></span> <span class='ocrx_word' id='word_1_583' title='bbox 606 2305 716 2331; x_wconf 80' lang='grc' dir='ltr'>ἀπιέναι</span> <span class='ocrx_word' id='word_1_584' title='bbox 733 2302 861 2330; x_wconf 81' lang='grc' dir='ltr'>κελεύων.</span> <span class='ocrx_word' id='word_1_585' title='bbox 879 2301 1011 2335; x_wconf 63' lang='grc' dir='ltr'>’Ὕστερον</span> 
     </span>
    </p>
   </div>
   <div class='ocr_carea' id='block_1_80' title="bbox 227 2346 1012 2389">
    <p class='ocr_par' dir='ltr' id='par_1_80' title="bbox 227 2346 1012 2389">
     <span class='ocr_line' id='line_1_83' title="bbox 227 2346 1012 2389; baseline -0.015 -6"><span class='ocrx_word' id='word_1_586' title='bbox 227 2357 255 2383; x_wconf 62' lang='grc' dir='ltr'><strong>δε</strong></span> <span class='ocrx_word' id='word_1_587' title='bbox 271 2357 317 2383; x_wconf 66' lang='grc' dir='ltr'>καὶ</span> <span class='ocrx_word' id='word_1_588' title='bbox 331 2355 364 2381; x_wconf 71' lang='grc' dir='ltr'>τὰ</span> <span class='ocrx_word' id='word_1_589' title='bbox 383 2356 431 2389; x_wconf 78' lang='grc' dir='ltr'>τῆς</span> <span class='ocrx_word' id='word_1_590' title='bbox 450 2352 599 2388; x_wconf 79' lang='grc' dir='ltr'>ἱερωσύνης</span> <span class='ocrx_word' id='word_1_591' title='bbox 615 2351 706 2381; x_wconf 79' lang='grc' dir='ltr'>αὐτοῖς</span> <span class='ocrx_word' id='word_1_592' title='bbox 722 2348 807 2383; x_wconf 80' lang='grc' dir='ltr'>δεσμὰ</span> <span class='ocrx_word' id='word_1_593' title='bbox 827 2346 1012 2382; x_wconf 78' lang='grc' dir='ltr'>περιτέθεικα,</span> 
     </span>
    </p>
   </div>
   <div class='ocr_carea' id='block_1_81' title="bbox 228 2392 1013 2435">
    <p class='ocr_par' dir='ltr' id='par_1_81' title="bbox 228 2392 1013 2435">
     <span class='ocr_line' id='line_1_84' title="bbox 228 2392 1013 2435; baseline -0.017 -6"><span class='ocrx_word' id='word_1_594' title='bbox 228 2404 275 2430; x_wconf 68' lang='grc' dir='ltr'>καὶ</span> <span class='ocrx_word' id='word_1_595' title='bbox 292 2402 340 2428; x_wconf 78' lang='grc' dir='ltr'>σὺν</span> <span class='ocrx_word' id='word_1_596' title='bbox 361 2400 434 2435; x_wconf 86' lang='grc' dir='ltr'>πόνῳ</span> <span class='ocrx_word' id='word_1_597' title='bbox 458 2398 549 2432; x_wconf 82' lang='grc' dir='ltr'>πολλῴ</span> <span class='ocrx_word' id='word_1_598' title='bbox 574 2397 664 2431; x_wconf 86' lang='grc' dir='ltr'>δείλης</span> <span class='ocrx_word' id='word_1_599' title='bbox 688 2395 768 2430; x_wconf 70' lang='grc' dir='ltr'>ὀψίας</span> <span class='ocrx_word' id='word_1_600' title='bbox 796 2392 1013 2427; x_wconf 71' lang='grc' dir='ltr'>ἀπεπεμψάμην.</span> 
     </span>
    </p>
   </div>
   <div class='ocr_carea' id='block_1_82' title="bbox 235 2437 1014 2480">
    <p class='ocr_par' dir='ltr' id='par_1_82' title="bbox 235 2437 1014 2480">
     <span class='ocr_line' id='line_1_85' title="bbox 235 2437 1014 2480; baseline -0.017 -4"><span class='ocrx_word' id='word_1_601' title='bbox 235 2449 264 2476; x_wconf 80' lang='grc' dir='ltr'><strong>Ὀ</strong></span> <span class='ocrx_word' id='word_1_602' title='bbox 277 2449 305 2475; x_wconf 80' lang='grc' dir='ltr'>δὲ</span> <span class='ocrx_word' id='word_1_603' title='bbox 323 2447 393 2478; x_wconf 87' lang='grc' dir='ltr'>θεῖος</span> <span class='ocrx_word' id='word_1_604' title='bbox 414 2446 494 2480; x_wconf 76' lang='grc' dir='ltr'>ἀνὴρ,</span> <span class='ocrx_word' id='word_1_605' title='bbox 513 2444 572 2471; x_wconf 78' lang='grc' dir='ltr'>οὐδὲ</span> <span class='ocrx_word' id='word_1_606' title='bbox 587 2443 689 2470; x_wconf 83' lang='grc' dir='ltr'>τούτων</span> <span class='ocrx_word' id='word_1_607' title='bbox 711 2441 893 2472; x_wconf 73' lang='grc' dir='ltr'>ἀπελθόντων,</span> <span class='ocrx_word' id='word_1_608' title='bbox 910 2437 1014 2474; x_wconf 82' lang='grc' dir='ltr'>ἡττήθη</span> 
     </span>
    </p>
   </div>
   <div class='ocr_carea' id='block_1_83' title="bbox 230 2485 1016 2531">
    <p class='ocr_par' dir='ltr' id='par_1_83' title="bbox 230 2485 1016 2531">
     <span class='ocr_line' id='line_1_86' title="bbox 230 2485 1016 2531; baseline -0.017 -9"><span class='ocrx_word' id='word_1_609' title='bbox 230 2497 279 2531; x_wconf 78' lang='grc' dir='ltr'>τῆς</span> <span class='ocrx_word' id='word_1_610' title='bbox 300 2494 426 2529; x_wconf 81' lang='grc' dir='ltr'>φύσεως·</span> <span class='ocrx_word' id='word_1_611' title='bbox 448 2492 505 2518; x_wconf 77' lang='grc' dir='ltr'>ἀλλ’</span> <span class='ocrx_word' id='word_1_612' title='bbox 527 2490 616 2526; x_wconf 75' lang='grc' dir='ltr'>ἔμεινε</span> <span class='ocrx_word' id='word_1_613' title='bbox 636 2488 778 2524; x_wconf 83' lang='grc' dir='ltr'>καρτερῶν</span> <span class='ocrx_word' id='word_1_614' title='bbox 791 2507 798 2518; x_wconf 90' lang='grc'><strong>,</strong></span> <span class='ocrx_word' id='word_1_615' title='bbox 821 2486 873 2517; x_wconf 79' lang='grc' dir='ltr'>ἓως</span> <span class='ocrx_word' id='word_1_616' title='bbox 892 2485 940 2517; x_wconf 69' lang='grc' dir='ltr'><strong>νὺξ</strong></span> <span class='ocrx_word' id='word_1_617' title='bbox 957 2485 1016 2509; x_wconf 75' lang='grc' dir='ltr'>ἑπι-</span> 
     </span>
    </p>
   </div>
   <div class='ocr_carea' id='block_1_84' title="bbox 231 2528 1016 2577">
    <p class='ocr_par' dir='ltr' id='par_1_84' title="bbox 231 2528 1016 2577">
     <span class='ocr_line' id='line_1_87' title="bbox 231 2528 1016 2577; baseline -0.018 -8"><span class='ocrx_word' id='word_1_618' title='bbox 231 2542 361 2577; x_wconf 81' lang='grc' dir='ltr'>γινομένη</span> <span class='ocrx_word' id='word_1_619' title='bbox 389 2539 485 2574; x_wconf 81' lang='grc' dir='ltr'>βαθεῖα</span> <span class='ocrx_word' id='word_1_620' title='bbox 501 2538 605 2568; x_wconf 75' lang='grc' dir='ltr'>πάντας</span> <span class='ocrx_word' id='word_1_621' title='bbox 623 2528 751 2561; x_wconf 80' lang='grc' dir='ltr'>ἀπελθεῖν</span> <span class='ocrx_word' id='word_1_622' title='bbox 775 2533 865 2560; x_wconf 76' lang='grc' dir='ltr'>οἴκαδε</span> <span class='ocrx_word' id='word_1_623' title='bbox 882 2530 1016 2565; x_wconf 82' lang='grc' dir='ltr'>κατηνάγ-</span> 
     </span>
    </p>
   </div>
   <div class='ocr_carea' id='block_1_85' title="bbox 232 2577 1015 2619">
    <p class='ocr_par' dir='ltr' id='par_1_85' title="bbox 232 2577 1015 2619">
     <span class='ocr_line' id='line_1_88' title="bbox 232 2577 1015 2619; baseline -0.019 -3"><span class='ocrx_word' id='word_1_624' title='bbox 232 2597 310 2616; x_wconf 80' lang='grc' dir='ltr'>κασε.</span> <span class='ocrx_word' id='word_1_625' title='bbox 326 2587 410 2614; x_wconf 80' lang='grc' dir='ltr'>Πάλιν</span> <span class='ocrx_word' id='word_1_626' title='bbox 423 2586 450 2612; x_wconf 80' lang='grc' dir='ltr'>δὲ</span> <span class='ocrx_word' id='word_1_627' title='bbox 466 2586 499 2619; x_wconf 84' lang='grc' dir='ltr'><strong>τῇ</strong></span> <span class='ocrx_word' id='word_1_628' title='bbox 517 2582 649 2616; x_wconf 61' lang='grc' dir='ltr'>ὑστεραίᾳ.</span> <span class='ocrx_word' id='word_1_629' title='bbox 661 2581 727 2616; x_wconf 62' lang='grc' dir='ltr'>προς</span> <span class='ocrx_word' id='word_1_630' title='bbox 746 2579 825 2606; x_wconf 67' lang='grc' dir='ltr'>αὑτὸν</span> <span class='ocrx_word' id='word_1_631' title='bbox 841 2577 1015 2612; x_wconf 80' lang='grc' dir='ltr'>ἀφικόμενος,</span> 
     </span>
    </p>
   </div>
   <div class='ocr_carea' id='block_1_86' title="bbox 234 2622 1019 2667">
    <p class='ocr_par' dir='ltr' id='par_1_86' title="bbox 234 2622 1019 2667">
     <span class='ocr_line' id='line_1_89' title="bbox 234 2622 1019 2667; baseline -0.018 -6"><span class='ocrx_word' id='word_1_632' title='bbox 234 2636 270 2666; x_wconf 80' lang='grc' dir='ltr'>ὡς</span> <span class='ocrx_word' id='word_1_633' title='bbox 300 2632 370 2660; x_wconf 74' lang='grc' dir='ltr'>εἶδον</span> <span class='ocrx_word' id='word_1_634' title='bbox 400 2631 522 2667; x_wconf 78' lang='grc' dir='ltr'>φλογμὸν</span> <span class='ocrx_word' id='word_1_635' title='bbox 548 2627 727 2664; x_wconf 70' lang='grc' dir='ltr'>σφοδρότερον</span> <span class='ocrx_word' id='word_1_636' title='bbox 750 2624 948 2659; x_wconf 78' lang='grc' dir='ltr'>γεγενημένον,</span> <span class='ocrx_word' id='word_1_637' title='bbox 972 2622 1019 2648; x_wconf 65' lang='grc' dir='ltr'>καὶ</span> 
     </span>
    </p>
   </div>
   <div class='ocr_carea' id='block_1_87' title="bbox 235 2669 1019 2714">
    <p class='ocr_par' dir='ltr' id='par_1_87' title="bbox 235 2669 1019 2714">
     <span class='ocr_line' id='line_1_90' title="bbox 235 2669 1019 2714; baseline -0.019 -6"><span class='ocrx_word' id='word_1_638' title='bbox 235 2681 280 2707; x_wconf 67' lang='grc' dir='ltr'><strong>τὸν</strong></span> <span class='ocrx_word' id='word_1_639' title='bbox 295 2680 466 2714; x_wconf 73' lang='grc' dir='ltr'>ἐπικείμενον</span> <span class='ocrx_word' id='word_1_640' title='bbox 481 2676 554 2711; x_wconf 73' lang='grc' dir='ltr'>αὐτῷ</span> <span class='ocrx_word' id='word_1_641' title='bbox 575 2673 692 2710; x_wconf 72' lang='grc' dir='ltr'>πυρετὸν</span> <span class='ocrx_word' id='word_1_642' title='bbox 709 2672 746 2707; x_wconf 79' lang='grc' dir='ltr'>τῷ</span> <span class='ocrx_word' id='word_1_643' title='bbox 759 2671 858 2703; x_wconf 72' lang='grc' dir='ltr'>ἔξωθεν</span> <span class='ocrx_word' id='word_1_644' title='bbox 875 2669 942 2703; x_wconf 68' lang='grc' dir='ltr'>πυρὶ</span> <span class='ocrx_word' id='word_1_645' title='bbox 958 2676 1019 2703; x_wconf 85' lang='grc' dir='ltr'>τρε-</span> 
     </span>
    </p>
   </div>
   <div class='ocr_carea' id='block_1_88' title="bbox 236 2713 1020 2762">
    <p class='ocr_par' dir='ltr' id='par_1_88' title="bbox 236 2713 1020 2762">
     <span class='ocr_line' id='line_1_91' title="bbox 236 2713 1020 2762; baseline -0.02 -8"><span class='ocrx_word' id='word_1_646' title='bbox 236 2726 353 2762; x_wconf 61' lang='grc' dir='ltr'>φόμενον</span> <span class='ocrx_word' id='word_1_647' title='bbox 374 2734 403 2751; x_wconf 84' lang='grc' dir='ltr'><strong>τε</strong></span> <span class='ocrx_word' id='word_1_648' title='bbox 426 2724 473 2750; x_wconf 79' lang='grc' dir='ltr'>καὶ</span> <span class='ocrx_word' id='word_1_649' title='bbox 489 2721 689 2756; x_wconf 77' lang='grc' dir='ltr'>αὐξανόμενον,</span> <span class='ocrx_word' id='word_1_650' title='bbox 712 2715 897 2751; x_wconf 67' lang='grc' dir='ltr'>κεφαλαλγίαν</span> <span class='ocrx_word' id='word_1_651' title='bbox 915 2713 1020 2748; x_wconf 70' lang='grc' dir='ltr'>σκηψά-</span> 
     </span>
    </p>
   </div>
   <div class='ocr_carea' id='block_1_89' title="bbox 238 2761 1021 2809">
    <p class='ocr_par' dir='ltr' id='par_1_89' title="bbox 238 2761 1021 2809">
     <span class='ocr_line' id='line_1_92' title="bbox 238 2761 1021 2809; baseline -0.02 -9"><span class='ocrx_word' id='word_1_652' title='bbox 238 2782 317 2809; x_wconf 83' lang='grc' dir='ltr'>μενος</span> <span class='ocrx_word' id='word_1_653' title='bbox 334 2771 517 2807; x_wconf 75' lang='grc' dir='ltr'>δυσχεραίνειν</span> <span class='ocrx_word' id='word_1_654' title='bbox 546 2769 638 2802; x_wconf 78' lang='grc' dir='ltr'>ἑλεγον</span> <span class='ocrx_word' id='word_1_655' title='bbox 665 2767 714 2800; x_wconf 79' lang='grc' dir='ltr'>τῆς</span> <span class='ocrx_word' id='word_1_656' title='bbox 738 2764 844 2791; x_wconf 70' lang='grc' dir='ltr'>ἀκτῖνος</span> <span class='ocrx_word' id='word_1_657' title='bbox 866 2761 915 2796; x_wconf 80' lang='grc' dir='ltr'>τὴν</span> <span class='ocrx_word' id='word_1_658' title='bbox 938 2768 1021 2795; x_wconf 82' lang='grc' dir='ltr'>προσ-</span> 
     </span>
    </p>
   </div>
   <div class='ocr_carea' id='block_1_90' title="bbox 237 2806 1017 2855">
    <p class='ocr_par' dir='ltr' id='par_1_90' title="bbox 237 2806 1017 2855">
     <span class='ocr_line' id='line_1_93' title="bbox 237 2806 1017 2855; baseline -0.019 -9"><span class='ocrx_word' id='word_1_659' title='bbox 237 2819 328 2855; x_wconf 71' lang='grc' dir='ltr'>ϐολὴν,</span> <span class='ocrx_word' id='word_1_660' title='bbox 344 2819 392 2845; x_wconf 70' lang='grc' dir='ltr'>καὶ</span> <span class='ocrx_word' id='word_1_661' title='bbox 404 2817 573 2853; x_wconf 73' lang='grc' dir='ltr'>παρεκάλουν</span> <span class='ocrx_word' id='word_1_662' title='bbox 586 2813 715 2850; x_wconf 64' lang='grc' dir='ltr'>βραχεῖάν</span> <span class='ocrx_word' id='word_1_663' title='bbox 732 2811 775 2847; x_wconf 81' lang='grc' dir='ltr'><strong>μοί</strong></span> <span class='ocrx_word' id='word_1_664' title='bbox 791 2819 851 2837; x_wconf 82' lang='grc' dir='ltr'>τινα</span> <span class='ocrx_word' id='word_1_665' title='bbox 867 2809 930 2843; x_wconf 80' lang='grc' dir='ltr'>παρ’</span> <span class='ocrx_word' id='word_1_666' title='bbox 944 2806 1017 2841; x_wconf 76' lang='grc' dir='ltr'><strong>αὑτῇ</strong></span> 
     </span>
    </p>
   </div>
   <div class='ocr_carea' id='block_1_91' title="bbox 276 2906 558 2939">
    <p class='ocr_par' dir='ltr' id='par_1_91' title="bbox 276 2906 558 2939">
     <span class='ocr_line' id='line_1_94' title="bbox 276 2906 558 2939; baseline -0.014 -4"><span class='ocrx_word' id='word_1_667' title='bbox 276 2915 290 2935; x_wconf 72' lang='grc' dir='ltr'><strong>ιι</strong></span> <span class='ocrx_word' id='word_1_668' title='bbox 310 2909 402 2936; x_wconf 64' lang='grc' dir='ltr'>Ιιίῖοιί.</span> <span class='ocrx_word' id='word_1_669' title='bbox 422 2915 448 2938; x_wconf 83' lang='lat' dir='ltr'><strong>x,</strong></span> <span class='ocrx_word' id='word_1_670' title='bbox 464 2906 478 2932; x_wconf 78' lang='lat'><strong>5</strong></span> <span class='ocrx_word' id='word_1_671' title='bbox 501 2913 558 2939; x_wconf 84' lang='lat' dir='ltr'><strong>seq.</strong></span> 
     </span>
    </p>
   </div>
   <div class='ocr_carea' id='block_1_92' title="bbox 1051 1641 1840 1689">
    <p class='ocr_par' dir='ltr' id='par_1_92' title="bbox 1051 1641 1840 1689">
     <span class='ocr_line' id='line_1_95' title="bbox 1051 1641 1840 1689; baseline -0.028 -4"><span class='ocrx_word' id='word_1_672' title='bbox 1051 1641 1120 1684; x_wconf 37' lang='lat' dir='ltr'><strong>atii-ci</strong></span> <span class='ocrx_word' id='word_1_673' title='bbox 1131 1662 1194 1683; x_wconf 90' lang='lat' dir='ltr'><strong>eum</strong></span> <span class='ocrx_word' id='word_1_674' title='bbox 1211 1661 1260 1689; x_wconf 86' lang='lat' dir='ltr'><strong>par</strong></span> <span class='ocrx_word' id='word_1_675' title='bbox 1271 1655 1330 1680; x_wconf 85' lang='lat' dir='ltr'><strong>erat</strong></span> <span class='ocrx_word' id='word_1_676' title='bbox 1344 1650 1391 1685; x_wconf 91' lang='lat' dir='ltr'><strong>qui</strong></span> <span class='ocrx_word' id='word_1_677' title='bbox 1407 1646 1533 1675; x_wconf 88' lang='lat' dir='ltr'><strong>mortalis</strong></span> <span class='ocrx_word' id='word_1_678' title='bbox 1546 1643 1651 1679; x_wconf 78' lang='lat'><strong>1237</strong></span> <span class='ocrx_word' id='word_1_679' title='bbox 1664 1644 1745 1668; x_wconf 88' lang='lat' dir='ltr'><strong>natus</strong></span> <span class='ocrx_word' id='word_1_680' title='bbox 1758 1641 1840 1666; x_wconf 82' lang='lat' dir='ltr'><strong>esset.</strong></span> 
     </span>
    </p>
   </div>
   <div class='ocr_carea' id='block_1_93' title="bbox 1051 1683 1844 1730">
    <p class='ocr_par' dir='ltr' id='par_1_93' title="bbox 1051 1683 1844 1730">
     <span class='ocr_line' id='line_1_96' title="bbox 1051 1683 1844 1730; baseline -0.025 0"><span class='ocrx_word' id='word_1_681' title='bbox 1051 1702 1143 1730; x_wconf 67' lang='lat' dir='ltr'><strong>Estas</strong></span> <span class='ocrx_word' id='word_1_682' title='bbox 1156 1699 1230 1728; x_wconf 88' lang='lat' dir='ltr'><strong>enim</strong></span> <span class='ocrx_word' id='word_1_683' title='bbox 1243 1701 1304 1725; x_wconf 81' lang='lat' dir='ltr'><strong>erat</strong></span> <span class='ocrx_word' id='word_1_684' title='bbox 1315 1702 1421 1724; x_wconf 84' lang='lat' dir='ltr'><strong>summa</strong></span> <span class='ocrx_word' id='word_1_685' title='bbox 1433 1713 1440 1725; x_wconf 95' lang='lat'><strong>,</strong></span> <span class='ocrx_word' id='word_1_686' title='bbox 1451 1696 1479 1720; x_wconf 87' lang='lat' dir='ltr'><strong>et</strong></span> <span class='ocrx_word' id='word_1_687' title='bbox 1492 1690 1631 1719; x_wconf 89' lang='lat' dir='ltr'><strong>radiorum</strong></span> <span class='ocrx_word' id='word_1_688' title='bbox 1642 1687 1751 1714; x_wconf 77' lang='lat' dir='ltr'><strong>ﬂamma</strong></span> <span class='ocrx_word' id='word_1_689' title='bbox 1762 1683 1844 1711; x_wconf 84' lang='lat' dir='ltr'><strong>vehe-</strong></span> 
     </span>
    </p>
   </div>
   <div class='ocr_carea' id='block_1_94' title="bbox 1051 1729 1842 1776">
    <p class='ocr_par' dir='ltr' id='par_1_94' title="bbox 1051 1729 1842 1776">
     <span class='ocr_line' id='line_1_97' title="bbox 1051 1729 1842 1776; baseline -0.028 0"><span class='ocrx_word' id='word_1_690' title='bbox 1051 1747 1172 1776; x_wconf 87' lang='lat' dir='ltr'><strong>mentius</strong></span> <span class='ocrx_word' id='word_1_691' title='bbox 1181 1744 1309 1776; x_wconf 73' lang='lat' dir='ltr'><strong>ardebat,</strong></span> <span class='ocrx_word' id='word_1_692' title='bbox 1322 1740 1468 1770; x_wconf 83' lang='lat' dir='ltr'><strong>silentibus</strong></span> <span class='ocrx_word' id='word_1_693' title='bbox 1479 1736 1567 1764; x_wconf 81' lang='lat' dir='ltr'><strong>ventis</strong></span> <span class='ocrx_word' id='word_1_694' title='bbox 1576 1740 1603 1762; x_wconf 87' lang='lat' dir='ltr'><strong>et</strong></span> <span class='ocrx_word' id='word_1_695' title='bbox 1611 1740 1674 1760; x_wconf 86' lang='lat' dir='ltr'><strong>aere</strong></span> <span class='ocrx_word' id='word_1_696' title='bbox 1683 1729 1842 1765; x_wconf 86' lang='lat' dir='ltr'><strong>tranquillo.</strong></span> 
     </span>
    </p>
   </div>
   <div class='ocr_carea' id='block_1_95' title="bbox 1054 1775 1844 1822">
    <p class='ocr_par' dir='ltr' id='par_1_95' title="bbox 1054 1775 1844 1822">
     <span class='ocr_line' id='line_1_98' title="bbox 1054 1775 1844 1822; baseline -0.03 1"><span class='ocrx_word' id='word_1_697' title='bbox 1054 1794 1165 1822; x_wconf 81' lang='lat' dir='ltr'><strong>Morbus</strong></span> <span class='ocrx_word' id='word_1_698' title='bbox 1181 1795 1272 1818; x_wconf 87' lang='lat' dir='ltr'><strong>autem</strong></span> <span class='ocrx_word' id='word_1_699' title='bbox 1287 1792 1347 1817; x_wconf 87' lang='lat' dir='ltr'><strong>erat</strong></span> <span class='ocrx_word' id='word_1_700' title='bbox 1367 1783 1551 1814; x_wconf 84' lang='lat' dir='ltr'><strong>redundantia</strong></span> <span class='ocrx_word' id='word_1_701' title='bbox 1568 1780 1633 1807; x_wconf 85' lang='lat' dir='ltr'><strong>bilis</strong></span> <span class='ocrx_word' id='word_1_702' title='bbox 1643 1798 1651 1810; x_wconf 86' lang='lat'><strong>,</strong></span> <span class='ocrx_word' id='word_1_703' title='bbox 1667 1784 1728 1812; x_wconf 56' lang='lat' dir='ltr'><strong>qua</strong></span> <span class='ocrx_word' id='word_1_704' title='bbox 1743 1775 1776 1802; x_wconf 88' lang='lat' dir='ltr'><strong>ad</strong></span> <span class='ocrx_word' id='word_1_705' title='bbox 1790 1775 1844 1801; x_wconf 82' lang='lat' dir='ltr'><strong>ima</strong></span> 
     </span>
    </p>
   </div>
   <div class='ocr_carea' id='block_1_96' title="bbox 1054 1820 1844 1868">
    <p class='ocr_par' dir='ltr' id='par_1_96' title="bbox 1054 1820 1844 1868">
     <span class='ocr_line' id='line_1_99' title="bbox 1054 1820 1844 1868; baseline -0.03 1"><span class='ocrx_word' id='word_1_706' title='bbox 1054 1840 1169 1868; x_wconf 88' lang='lat' dir='ltr'><strong>tendens</strong></span> <span class='ocrx_word' id='word_1_707' title='bbox 1177 1836 1319 1865; x_wconf 83' lang='lat' dir='ltr'><strong>mordebat</strong></span> <span class='ocrx_word' id='word_1_708' title='bbox 1327 1837 1354 1860; x_wconf 84' lang='lat' dir='ltr'><strong>et</strong></span> <span class='ocrx_word' id='word_1_709' title='bbox 1364 1829 1561 1866; x_wconf 87' lang='lat' dir='ltr'><strong>eomprimebat</strong></span> <span class='ocrx_word' id='word_1_710' title='bbox 1570 1825 1744 1854; x_wconf 77' lang='lat' dir='ltr'><strong>intestinum,</strong></span> <span class='ocrx_word' id='word_1_711' title='bbox 1756 1820 1844 1848; x_wconf 77' lang='lat' dir='ltr'><strong>foras-</strong></span> 
     </span>
    </p>
   </div>
   <div class='ocr_carea' id='block_1_97' title="bbox 1054 1869 1846 1924">
    <p class='ocr_par' dir='ltr' id='par_1_97' title="bbox 1054 1869 1846 1924">
     <span class='ocr_line' id='line_1_100' title="bbox 1054 1869 1846 1924; baseline -0.032 -8"><span class='ocrx_word' id='word_1_712' title='bbox 1054 1896 1108 1924; x_wconf 87' lang='lat' dir='ltr'><strong>que</strong></span> <span class='ocrx_word' id='word_1_713' title='bbox 1117 1890 1262 1920; x_wconf 87' lang='lat' dir='ltr'><strong>crumpere</strong></span> <span class='ocrx_word' id='word_1_714' title='bbox 1272 1875 1509 1909; x_wconf 84' lang='lat' dir='ltr'><strong>conabatur.Tum</strong></span> <span class='ocrx_word' id='word_1_715' title='bbox 1520 1869 1704 1908; x_wconf 76' lang='lat' dir='ltr'><strong>magnamviri</strong></span> <span class='ocrx_word' id='word_1_716' title='bbox 1714 1871 1846 1902; x_wconf 77' lang='lat' dir='ltr'><strong>constan-</strong></span> 
     </span>
     <span class='ocr_line' id='line_1_101' title="bbox 1529 1911 1829 1924; baseline -0.027 8"><span class='ocrx_word' id='word_1_717' title='bbox 1529 1921 1533 1924; x_wconf 82' lang='lat'><em>‘</em></span> <span class='ocrx_word' id='word_1_718' title='bbox 1573 1919 1579 1924; x_wconf 87' lang='lat'>&#39;</span> <span class='ocrx_word' id='word_1_719' title='bbox 1613 1918 1619 1923; x_wconf 86' lang='lat'>&#39;</span> <span class='ocrx_word' id='word_1_720' title='bbox 1677 1914 1726 1924; x_wconf 34' lang='lat'><strong>&#39;73-</strong></span> <span class='ocrx_word' id='word_1_721' title='bbox 1744 1911 1829 1924; x_wconf 52' lang='lat' dir='ltr'><strong>A-..II..</strong></span> 
     </span>
    </p>
   </div>
   <div class='ocr_carea' id='block_1_98' title="bbox 1055 1911 1847 1968">
    <p class='ocr_par' dir='ltr' id='par_1_98' title="bbox 1055 1911 1847 1968">
     <span class='ocr_line' id='line_1_102' title="bbox 1056 1911 1210 1924; baseline -0.026 0"><span class='ocrx_word' id='word_1_722' title='bbox 1056 1911 1108 1924; x_wconf 70' lang='grc' dir='ltr'><strong>ἰ’-’⁷</strong></span> <span class='ocrx_word' id='word_1_723' title='bbox 1119 1911 1142 1914; x_wconf 65' lang='grc'><strong>’⁷</strong></span> <span class='ocrx_word' id='word_1_724' title='bbox 1153 1911 1176 1913; x_wconf 60' lang='grc'><strong>⁷⁷</strong></span> <span class='ocrx_word' id='word_1_725' title='bbox 1198 1911 1210 1920; x_wconf 78' lang='lat' dir='ltr'>r</span> 
     </span>
     <span class='ocr_line' id='line_1_103' title="bbox 1055 1911 1847 1968; baseline -0.033 -6"><span class='ocrx_word' id='word_1_726' title='bbox 1055 1936 1121 1962; x_wconf 90' lang='lat' dir='ltr'><strong>tiam</strong></span> <span class='ocrx_word' id='word_1_727' title='bbox 1137 1929 1276 1968; x_wconf 80' lang='lat' dir='ltr'><strong>perspexi.</strong></span> <span class='ocrx_word' id='word_1_728' title='bbox 1291 1927 1360 1954; x_wconf 85' lang='lat' dir='ltr'><strong>Nam</strong></span> <span class='ocrx_word' id='word_1_729' title='bbox 1379 1932 1441 1952; x_wconf 89' lang='lat' dir='ltr'><strong>cum</strong></span> <span class='ocrx_word' id='word_1_730' title='bbox 1458 1930 1492 1950; x_wconf 81' lang='lat' dir='ltr'><strong>ex</strong></span> <span class='ocrx_word' id='word_1_731' title='bbox 1508 1918 1637 1955; x_wconf 82' lang='lat' dir='ltr'><strong>plurimis</strong></span> <span class='ocrx_word' id='word_1_732' title='bbox 1659 1914 1728 1942; x_wconf 83' lang='lat' dir='ltr'><strong>vicis</strong></span> <span class='ocrx_word' id='word_1_733' title='bbox 1742 1911 1847 1939; x_wconf 85' lang='lat' dir='ltr'><strong>conllu—</strong></span> 
     </span>
    </p>
   </div>
   <div class='ocr_carea' id='block_1_99' title="bbox 1056 1963 1847 2011">
    <p class='ocr_par' dir='ltr' id='par_1_99' title="bbox 1056 1963 1847 2011">
     <span class='ocr_line' id='line_1_104' title="bbox 1056 1963 1847 2011; baseline -0.033 -3"><span class='ocrx_word' id='word_1_734' title='bbox 1056 1981 1180 2011; x_wconf 83' lang='lat' dir='ltr'><strong>xissent,</strong></span> <span class='ocrx_word' id='word_1_735' title='bbox 1196 1975 1243 2011; x_wconf 90' lang='lat' dir='ltr'><strong>qui</strong></span> <span class='ocrx_word' id='word_1_736' title='bbox 1262 1972 1390 2002; x_wconf 85' lang='lat' dir='ltr'><strong>victoriis</strong></span> <span class='ocrx_word' id='word_1_737' title='bbox 1405 1968 1497 1997; x_wconf 89' lang='lat' dir='ltr'><strong>nobile</strong></span> <span class='ocrx_word' id='word_1_738' title='bbox 1513 1971 1615 2000; x_wconf 86' lang='lat' dir='ltr'><strong>corpus</strong></span> <span class='ocrx_word' id='word_1_739' title='bbox 1636 1963 1783 1995; x_wconf 88' lang='lat' dir='ltr'><strong>raperent,</strong></span> <span class='ocrx_word' id='word_1_740' title='bbox 1805 1965 1847 1983; x_wconf 86' lang='lat' dir='ltr'><strong>se-</strong></span> 
     </span>
    </p>
   </div>
   <div class='ocr_carea' id='block_1_100' title="bbox 1057 2004 1847 2054">
    <p class='ocr_par' dir='ltr' id='par_1_100' title="bbox 1057 2004 1847 2054">
     <span class='ocr_line' id='line_1_105' title="bbox 1057 2004 1847 2054; baseline -0.03 -1"><span class='ocrx_word' id='word_1_741' title='bbox 1057 2026 1139 2053; x_wconf 86' lang='lat' dir='ltr'><strong>debat</strong></span> <span class='ocrx_word' id='word_1_742' title='bbox 1156 2004 1225 2050; x_wconf 66' lang='lat' dir='ltr'><strong>duas</strong></span> <span class='ocrx_word' id='word_1_743' title='bbox 1245 2021 1272 2047; x_wconf 89' lang='lat' dir='ltr'><strong>in</strong></span> <span class='ocrx_word' id='word_1_744' title='bbox 1292 2024 1383 2054; x_wconf 85' lang='lat' dir='ltr'><strong>partes</strong></span> <span class='ocrx_word' id='word_1_745' title='bbox 1399 2016 1561 2043; x_wconf 84' lang='lat' dir='ltr'><strong>distractus.</strong></span> <span class='ocrx_word' id='word_1_746' title='bbox 1578 2010 1682 2037; x_wconf 80' lang='lat' dir='ltr'><strong>Natura</strong></span> <span class='ocrx_word' id='word_1_747' title='bbox 1701 2006 1774 2034; x_wconf 89' lang='lat' dir='ltr'><strong>enim</strong></span> <span class='ocrx_word' id='word_1_748' title='bbox 1793 2004 1847 2031; x_wconf 91' lang='lat' dir='ltr'><strong>vim</strong></span> 
     </span>
    </p>
   </div>
   <div class='ocr_carea' id='block_1_101' title="bbox 1059 2049 1849 2098">
    <p class='ocr_par' dir='ltr' id='par_1_101' title="bbox 1059 2049 1849 2098">
     <span class='ocr_line' id='line_1_106' title="bbox 1059 2049 1849 2098; baseline -0.03 0"><span class='ocrx_word' id='word_1_749' title='bbox 1059 2069 1204 2098; x_wconf 80' lang='lat' dir='ltr'><strong>aﬂerebat.</strong></span> <span class='ocrx_word' id='word_1_750' title='bbox 1221 2070 1251 2092; x_wconf 89' lang='lat' dir='ltr'><strong>ut</strong></span> <span class='ocrx_word' id='word_1_751' title='bbox 1268 2064 1301 2091; x_wconf 86' lang='lat' dir='ltr'><strong>ad</strong></span> <span class='ocrx_word' id='word_1_752' title='bbox 1318 2060 1521 2090; x_wconf 85' lang='lat' dir='ltr'><strong>excerneudum</strong></span> <span class='ocrx_word' id='word_1_753' title='bbox 1540 2056 1650 2084; x_wconf 77' lang='lat' dir='ltr'><strong>exiret:</strong></span> <span class='ocrx_word' id='word_1_754' title='bbox 1670 2049 1849 2080; x_wconf 53' lang='lat' dir='ltr'><strong>circumfusa</strong></span> 
     </span>
    </p>
   </div>
   <div class='ocr_carea' id='block_1_102' title="bbox 1061 2100 1850 2143">
    <p class='ocr_par' dir='ltr' id='par_1_102' title="bbox 1061 2100 1850 2143">
     <span class='ocr_line' id='line_1_107' title="bbox 1061 2100 1850 2143; baseline -0.028 0"><span class='ocrx_word' id='word_1_755' title='bbox 1061 2120 1151 2143; x_wconf 90' lang='lat' dir='ltr'><strong>autem</strong></span> <span class='ocrx_word' id='word_1_756' title='bbox 1170 2109 1354 2139; x_wconf 87' lang='lat' dir='ltr'><strong>multitudinis</strong></span> <span class='ocrx_word' id='word_1_757' title='bbox 1370 2104 1526 2141; x_wconf 64' lang='lat' dir='ltr'><strong>reverentia</strong></span> <span class='ocrx_word' id='word_1_758' title='bbox 1542 2101 1638 2129; x_wconf 87' lang='lat' dir='ltr'><strong>eodem</strong></span> <span class='ocrx_word' id='word_1_759' title='bbox 1656 2100 1683 2126; x_wconf 94' lang='lat' dir='ltr'><strong>in</strong></span> <span class='ocrx_word' id='word_1_760' title='bbox 1700 2100 1774 2126; x_wconf 88' lang='lat' dir='ltr'><strong>statu</strong></span> <span class='ocrx_word' id='word_1_761' title='bbox 1792 2102 1850 2122; x_wconf 90' lang='lat' dir='ltr'><strong>ma-</strong></span> 
     </span>
    </p>
   </div>
   <div class='ocr_carea' id='block_1_103' title="bbox 1061 2141 1851 2194">
    <p class='ocr_par' dir='ltr' id='par_1_103' title="bbox 1061 2141 1851 2194">
     <span class='ocr_line' id='line_1_108' title="bbox 1061 2141 1851 2194; baseline -0.03 -4"><span class='ocrx_word' id='word_1_762' title='bbox 1061 2169 1127 2190; x_wconf 88' lang='lat' dir='ltr'><strong>nere</strong></span> <span class='ocrx_word' id='word_1_763' title='bbox 1143 2158 1266 2194; x_wconf 74' lang='lat' dir='ltr'><strong>cogebat.</strong></span> <span class='ocrx_word' id='word_1_764' title='bbox 1292 2153 1371 2188; x_wconf 82' lang='lat' dir='ltr'><strong>Quod</strong></span> <span class='ocrx_word' id='word_1_765' title='bbox 1392 2159 1442 2187; x_wconf 79' lang='lat' dir='ltr'><strong>ego</strong></span> <span class='ocrx_word' id='word_1_766' title='bbox 1463 2147 1703 2177; x_wconf 82' lang='lat' dir='ltr'><strong>animadvertens,</strong></span> <span class='ocrx_word' id='word_1_767' title='bbox 1728 2151 1790 2170; x_wconf 87' lang='lat' dir='ltr'><strong>cum</strong></span> <span class='ocrx_word' id='word_1_768' title='bbox 1817 2141 1851 2167; x_wconf 89' lang='lat' dir='ltr'><strong>iis</strong></span> 
     </span>
    </p>
   </div>
   <div class='ocr_carea' id='block_1_104' title="bbox 1062 2188 1851 2244">
    <p class='ocr_par' dir='ltr' id='par_1_104' title="bbox 1062 2188 1851 2244">
     <span class='ocr_line' id='line_1_109' title="bbox 1062 2188 1851 2244; baseline -0.029 -9"><span class='ocrx_word' id='word_1_769' title='bbox 1062 2207 1110 2244; x_wconf 88' lang='lat' dir='ltr'><strong>qui</strong></span> <span class='ocrx_word' id='word_1_770' title='bbox 1124 2214 1156 2234; x_wconf 90' lang='lat' dir='ltr'><strong>eo</strong></span> <span class='ocrx_word' id='word_1_771' title='bbox 1173 2204 1360 2232; x_wconf 87' lang='lat' dir='ltr'><strong>convenerant</strong></span> <span class='ocrx_word' id='word_1_772' title='bbox 1376 2197 1473 2225; x_wconf 86' lang='lat' dir='ltr'><strong>multis</strong></span> <span class='ocrx_word' id='word_1_773' title='bbox 1490 2192 1684 2223; x_wconf 82' lang='lat' dir='ltr'><strong>suasionibus,</strong></span> <span class='ocrx_word' id='word_1_774' title='bbox 1703 2188 1851 2221; x_wconf 89' lang='lat' dir='ltr'><strong>multisque</strong></span> 
     </span>
    </p>
   </div>
   <div class='ocr_carea' id='block_1_105' title="bbox 1064 2236 1850 2285">
    <p class='ocr_par' dir='ltr' id='par_1_105' title="bbox 1064 2236 1850 2285">
     <span class='ocr_line' id='line_1_110' title="bbox 1064 2236 1850 2285; baseline -0.029 -4"><span class='ocrx_word' id='word_1_775' title='bbox 1064 2236 1147 2280; x_wconf 77' lang='lat' dir='ltr'><strong>minis</strong></span> <span class='ocrx_word' id='word_1_776' title='bbox 1162 2250 1223 2285; x_wconf 82' lang='lat' dir='ltr'><strong>egi,</strong></span> <span class='ocrx_word' id='word_1_777' title='bbox 1239 2247 1315 2275; x_wconf 84' lang='lat' dir='ltr'><strong>abire</strong></span> <span class='ocrx_word' id='word_1_778' title='bbox 1332 2245 1394 2271; x_wconf 88' lang='lat' dir='ltr'><strong>illos</strong></span> <span class='ocrx_word' id='word_1_779' title='bbox 1408 2243 1529 2277; x_wconf 86' lang='lat' dir='ltr'><strong>jubens:</strong></span> <span class='ocrx_word' id='word_1_780' title='bbox 1548 2242 1645 2274; x_wconf 87' lang='lat' dir='ltr'><strong>postea</strong></span> <span class='ocrx_word' id='word_1_781' title='bbox 1662 2236 1745 2263; x_wconf 86' lang='lat' dir='ltr'><strong>etiam</strong></span> <span class='ocrx_word' id='word_1_782' title='bbox 1761 2239 1850 2261; x_wconf 88' lang='lat' dir='ltr'><strong>sacer-</strong></span> 
     </span>
    </p>
   </div>
   <div class='ocr_carea' id='block_1_106' title="bbox 1029 2279 1852 2330">
    <p class='ocr_par' dir='ltr' id='par_1_106' title="bbox 1029 2279 1852 2330">
     <span class='ocr_line' id='line_1_111' title="bbox 1029 2279 1852 2330; baseline -0.03 -2"><span class='ocrx_word' id='word_1_783' title='bbox 1029 2304 1049 2330; x_wconf 89' lang='lat' dir='ltr'><strong>D</strong></span> <span class='ocrx_word' id='word_1_784' title='bbox 1062 2299 1129 2327; x_wconf 89' lang='lat' dir='ltr'><strong>dotii</strong></span> <span class='ocrx_word' id='word_1_785' title='bbox 1139 2295 1255 2324; x_wconf 88' lang='lat' dir='ltr'><strong>vinculis</strong></span> <span class='ocrx_word' id='word_1_786' title='bbox 1262 2300 1310 2320; x_wconf 80' lang='lat' dir='ltr'><strong>eos</strong></span> <span class='ocrx_word' id='word_1_787' title='bbox 1319 2288 1446 2318; x_wconf 79' lang='lat' dir='ltr'><strong>astrinxi,</strong></span> <span class='ocrx_word' id='word_1_788' title='bbox 1460 2290 1487 2314; x_wconf 90' lang='lat' dir='ltr'><strong>et</strong></span> <span class='ocrx_word' id='word_1_789' title='bbox 1497 2293 1549 2312; x_wconf 90' lang='lat' dir='ltr'><strong>non</strong></span> <span class='ocrx_word' id='word_1_790' title='bbox 1561 2284 1620 2311; x_wconf 88' lang='lat' dir='ltr'><strong>sine</strong></span> <span class='ocrx_word' id='word_1_791' title='bbox 1629 2282 1748 2309; x_wconf 84' lang='lat' dir='ltr'><strong>maximo</strong></span> <span class='ocrx_word' id='word_1_792' title='bbox 1758 2279 1852 2305; x_wconf 82' lang='lat' dir='ltr'><strong>labore</strong></span> 
     </span>
    </p>
   </div>
   <div class='ocr_carea' id='block_1_107' title="bbox 1063 2326 1850 2380">
    <p class='ocr_par' dir='ltr' id='par_1_107' title="bbox 1063 2326 1850 2380">
     <span class='ocr_line' id='line_1_112' title="bbox 1063 2326 1850 2380; baseline -0.03 -7"><span class='ocrx_word' id='word_1_793' title='bbox 1063 2351 1177 2380; x_wconf 88' lang='lat' dir='ltr'><strong>vespere</strong></span> <span class='ocrx_word' id='word_1_794' title='bbox 1191 2341 1301 2368; x_wconf 90' lang='lat' dir='ltr'><strong>tandem</strong></span> <span class='ocrx_word' id='word_1_795' title='bbox 1321 2328 1478 2364; x_wconf 80' lang='lat' dir='ltr'><strong>amandavi.</strong></span> <span class='ocrx_word' id='word_1_796' title='bbox 1497 2332 1546 2359; x_wconf 85' lang='lat' dir='ltr'><strong>Ille</strong></span> <span class='ocrx_word' id='word_1_797' title='bbox 1560 2333 1654 2357; x_wconf 86' lang='lat' dir='ltr'><strong>autem</strong></span> <span class='ocrx_word' id='word_1_798' title='bbox 1669 2327 1712 2354; x_wconf 89' lang='lat' dir='ltr'><strong>vir</strong></span> <span class='ocrx_word' id='word_1_799' title='bbox 1724 2326 1850 2354; x_wconf 86' lang='lat' dir='ltr'><strong>divinus,</strong></span> 
     </span>
    </p>
   </div>
   <div class='ocr_carea' id='block_1_108' title="bbox 1064 2376 1851 2425">
    <p class='ocr_par' dir='ltr' id='par_1_108' title="bbox 1064 2376 1851 2425">
     <span class='ocr_line' id='line_1_113' title="bbox 1064 2376 1851 2425; baseline -0.03 -5"><span class='ocrx_word' id='word_1_800' title='bbox 1064 2376 1122 2420; x_wconf 47' lang='lat' dir='ltr'><strong>nec-</strong></span> <span class='ocrx_word' id='word_1_801' title='bbox 1140 2393 1203 2425; x_wconf 85' lang='lat' dir='ltr'><strong>post</strong></span> <span class='ocrx_word' id='word_1_802' title='bbox 1229 2388 1326 2414; x_wconf 92' lang='lat' dir='ltr'><strong>horum</strong></span> <span class='ocrx_word' id='word_1_803' title='bbox 1351 2383 1506 2410; x_wconf 84' lang='lat' dir='ltr'><strong>discessum</strong></span> <span class='ocrx_word' id='word_1_804' title='bbox 1532 2378 1623 2405; x_wconf 91' lang='lat' dir='ltr'><strong>victus</strong></span> <span class='ocrx_word' id='word_1_805' title='bbox 1640 2378 1682 2402; x_wconf 86' lang='lat' dir='ltr'><strong>est</strong></span> <span class='ocrx_word' id='word_1_806' title='bbox 1697 2381 1712 2400; x_wconf 89' lang='lat' dir='ltr'><strong>a</strong></span> <span class='ocrx_word' id='word_1_807' title='bbox 1729 2376 1828 2399; x_wconf 85' lang='lat' dir='ltr'><strong>natura</strong></span> <span class='ocrx_word' id='word_1_808' title='bbox 1843 2378 1851 2396; x_wconf 91' lang='lat'><strong>:</strong></span> 
     </span>
    </p>
   </div>
   <div class='ocr_carea' id='block_1_109' title="bbox 1065 2417 1852 2471">
    <p class='ocr_par' dir='ltr' id='par_1_109' title="bbox 1065 2417 1852 2471">
     <span class='ocr_line' id='line_1_114' title="bbox 1065 2417 1852 2471; baseline -0.025 -7"><span class='ocrx_word' id='word_1_809' title='bbox 1065 2437 1113 2466; x_wconf 87' lang='lat' dir='ltr'><strong>sed</strong></span> <span class='ocrx_word' id='word_1_810' title='bbox 1129 2417 1252 2471; x_wconf 72' lang='lat' dir='ltr'><strong>perstitit</strong></span> <span class='ocrx_word' id='word_1_811' title='bbox 1269 2431 1407 2461; x_wconf 76' lang='lat' dir='ltr'><strong>tolerans,</strong></span> <span class='ocrx_word' id='word_1_812' title='bbox 1426 2427 1515 2454; x_wconf 87' lang='lat' dir='ltr'><strong>donec</strong></span> <span class='ocrx_word' id='word_1_813' title='bbox 1538 2421 1675 2457; x_wconf 82' lang='lat' dir='ltr'><strong>profunda</strong></span> <span class='ocrx_word' id='word_1_814' title='bbox 1698 2427 1752 2447; x_wconf 87' lang='lat' dir='ltr'><strong>nox</strong></span> <span class='ocrx_word' id='word_1_815' title='bbox 1770 2417 1852 2444; x_wconf 50' lang='lat' dir='ltr'><strong>adve‘</strong></span> 
     </span>
    </p>
   </div>
   <div class='ocr_carea' id='block_1_110' title="bbox 1066 2465 1855 2512">
    <p class='ocr_par' dir='ltr' id='par_1_110' title="bbox 1066 2465 1855 2512">
     <span class='ocr_line' id='line_1_115' title="bbox 1066 2465 1855 2512; baseline -0.028 0"><span class='ocrx_word' id='word_1_816' title='bbox 1066 2485 1144 2512; x_wconf 89' lang='lat' dir='ltr'><strong>nicns</strong></span> <span class='ocrx_word' id='word_1_817' title='bbox 1160 2482 1270 2509; x_wconf 90' lang='lat' dir='ltr'><strong>domum</strong></span> <span class='ocrx_word' id='word_1_818' title='bbox 1289 2477 1378 2504; x_wconf 85' lang='lat' dir='ltr'><strong>redire</strong></span> <span class='ocrx_word' id='word_1_819' title='bbox 1393 2481 1489 2501; x_wconf 85' lang='lat' dir='ltr'><strong>omnes</strong></span> <span class='ocrx_word' id='word_1_820' title='bbox 1505 2470 1605 2505; x_wconf 73' lang='lat' dir='ltr'><strong>coegit.</strong></span> <span class='ocrx_word' id='word_1_821' title='bbox 1628 2465 1766 2495; x_wconf 74' lang='lat' dir='ltr'><strong>Postridie</strong></span> <span class='ocrx_word' id='word_1_822' title='bbox 1791 2470 1855 2490; x_wconf 80' lang='lat' dir='ltr'><strong>vero</strong></span> 
     </span>
    </p>
   </div>
   <div class='ocr_carea' id='block_1_111' title="bbox 1069 2507 1856 2557">
    <p class='ocr_par' dir='ltr' id='par_1_111' title="bbox 1069 2507 1856 2557">
     <span class='ocr_line' id='line_1_116' title="bbox 1069 2507 1856 2557; baseline -0.029 0"><span class='ocrx_word' id='word_1_823' title='bbox 1069 2530 1103 2557; x_wconf 87' lang='lat' dir='ltr'><strong>ad</strong></span> <span class='ocrx_word' id='word_1_824' title='bbox 1119 2535 1180 2556; x_wconf 90' lang='lat' dir='ltr'><strong>eum</strong></span> <span class='ocrx_word' id='word_1_825' title='bbox 1195 2531 1338 2555; x_wconf 84' lang='lat' dir='ltr'><strong>reversus,</strong></span> <span class='ocrx_word' id='word_1_826' title='bbox 1355 2526 1385 2548; x_wconf 93' lang='lat' dir='ltr'><strong>ut</strong></span> <span class='ocrx_word' id='word_1_827' title='bbox 1399 2525 1498 2548; x_wconf 74' lang='lat' dir='ltr'><strong>aestum</strong></span> <span class='ocrx_word' id='word_1_828' title='bbox 1517 2514 1669 2544; x_wconf 86' lang='lat' dir='ltr'><strong>invaluisse</strong></span> <span class='ocrx_word' id='word_1_829' title='bbox 1685 2511 1758 2543; x_wconf 89' lang='lat' dir='ltr'><strong>vidi,</strong></span> <span class='ocrx_word' id='word_1_830' title='bbox 1774 2513 1801 2536; x_wconf 89' lang='lat' dir='ltr'><strong>et</strong></span> <span class='ocrx_word' id='word_1_831' title='bbox 1818 2507 1856 2535; x_wconf 81' lang='lat' dir='ltr'><strong>ie-</strong></span> 
     </span>
    </p>
   </div>
   <div class='ocr_carea' id='block_1_112' title="bbox 1070 2555 1856 2608">
    <p class='ocr_par' dir='ltr' id='par_1_112' title="bbox 1070 2555 1856 2608">
     <span class='ocr_line' id='line_1_117' title="bbox 1070 2555 1856 2608; baseline -0.031 -4"><span class='ocrx_word' id='word_1_832' title='bbox 1070 2577 1146 2604; x_wconf 86' lang='lat' dir='ltr'><strong>brem</strong></span> <span class='ocrx_word' id='word_1_833' title='bbox 1168 2580 1222 2608; x_wconf 87' lang='lat' dir='ltr'><strong>qua</strong></span> <span class='ocrx_word' id='word_1_834' title='bbox 1238 2570 1389 2598; x_wconf 79' lang='lat' dir='ltr'><strong>vexabatur</strong></span> <span class='ocrx_word' id='word_1_835' title='bbox 1405 2570 1521 2594; x_wconf 85' lang='lat' dir='ltr'><strong>externo</strong></span> <span class='ocrx_word' id='word_1_836' title='bbox 1545 2563 1607 2597; x_wconf 78' lang='lat' dir='ltr'><strong>igne</strong></span> <span class='ocrx_word' id='word_1_837' title='bbox 1626 2560 1662 2587; x_wconf 82' lang='lat' dir='ltr'><strong>ali</strong></span> <span class='ocrx_word' id='word_1_838' title='bbox 1687 2562 1715 2586; x_wconf 84' lang='lat' dir='ltr'><strong>et</strong></span> <span class='ocrx_word' id='word_1_839' title='bbox 1742 2555 1856 2590; x_wconf 81' lang='lat' dir='ltr'><strong>augeri,</strong></span> 
     </span>
    </p>
   </div>
   <div class='ocr_carea' id='block_1_113' title="bbox 1072 2601 1857 2652">
    <p class='ocr_par' dir='ltr' id='par_1_113' title="bbox 1072 2601 1857 2652">
     <span class='ocr_line' id='line_1_118' title="bbox 1072 2601 1857 2652; baseline -0.028 -3"><span class='ocrx_word' id='word_1_840' title='bbox 1072 2622 1196 2650; x_wconf 84' lang='lat' dir='ltr'><strong>dolorem</strong></span> <span class='ocrx_word' id='word_1_841' title='bbox 1211 2616 1312 2652; x_wconf 84' lang='lat' dir='ltr'><strong>capitis</strong></span> <span class='ocrx_word' id='word_1_842' title='bbox 1328 2618 1499 2650; x_wconf 81' lang='lat' dir='ltr'><strong>praetexens,</strong></span> <span class='ocrx_word' id='word_1_843' title='bbox 1524 2608 1581 2636; x_wconf 84' lang='lat' dir='ltr'><strong>dixi</strong></span> <span class='ocrx_word' id='word_1_844' title='bbox 1607 2614 1650 2633; x_wconf 88' lang='lat' dir='ltr'><strong>me</strong></span> <span class='ocrx_word' id='word_1_845' title='bbox 1674 2603 1741 2632; x_wconf 86' lang='lat' dir='ltr'><strong>solis</strong></span> <span class='ocrx_word' id='word_1_846' title='bbox 1765 2601 1857 2629; x_wconf 77' lang='lat' dir='ltr'><strong>radios</strong></span> 
     </span>
    </p>
   </div>
   <div class='ocr_carea' id='block_1_114' title="bbox 1074 2647 1860 2698">
    <p class='ocr_par' dir='ltr' id='par_1_114' title="bbox 1074 2647 1860 2698">
     <span class='ocr_line' id='line_1_119' title="bbox 1074 2647 1860 2698; baseline -0.029 -3"><span class='ocrx_word' id='word_1_847' title='bbox 1074 2668 1144 2695; x_wconf 81' lang='lat' dir='ltr'><strong>ferre</strong></span> <span class='ocrx_word' id='word_1_848' title='bbox 1159 2672 1215 2692; x_wconf 88' lang='lat' dir='ltr'><strong>non</strong></span> <span class='ocrx_word' id='word_1_849' title='bbox 1231 2669 1311 2698; x_wconf 86' lang='lat' dir='ltr'><strong>posse</strong></span> <span class='ocrx_word' id='word_1_850' title='bbox 1322 2682 1328 2694; x_wconf 92' lang='lat'><strong>,</strong></span> <span class='ocrx_word' id='word_1_851' title='bbox 1345 2665 1372 2687; x_wconf 91' lang='lat' dir='ltr'><strong>et</strong></span> <span class='ocrx_word' id='word_1_852' title='bbox 1387 2657 1498 2693; x_wconf 81' lang='lat' dir='ltr'><strong>rogavi,</strong></span> <span class='ocrx_word' id='word_1_853' title='bbox 1516 2659 1547 2682; x_wconf 91' lang='lat' dir='ltr'><strong>ut</strong></span> <span class='ocrx_word' id='word_1_854' title='bbox 1562 2653 1628 2680; x_wconf 91' lang='lat' dir='ltr'><strong>mihi</strong></span> <span class='ocrx_word' id='word_1_855' title='bbox 1650 2650 1784 2678; x_wconf 87' lang='lat' dir='ltr'><strong>modicam</strong></span> <span class='ocrx_word' id='word_1_856' title='bbox 1808 2647 1860 2673; x_wconf 83' lang='lat' dir='ltr'><strong>ali-</strong></span> 
     </span>
    </p>
   </div>
   <div class='ocr_carea' id='block_1_115' title="bbox 1072 2694 1859 2750">
    <p class='ocr_par' dir='ltr' id='par_1_115' title="bbox 1072 2694 1859 2750">
     <span class='ocr_line' id='line_1_120' title="bbox 1072 2694 1859 2750; baseline -0.029 -9"><span class='ocrx_word' id='word_1_857' title='bbox 1072 2720 1155 2750; x_wconf 86' lang='lat' dir='ltr'><strong>quam</strong></span> <span class='ocrx_word' id='word_1_858' title='bbox 1172 2694 1297 2738; x_wconf 82' lang='lat' dir='ltr'><strong>umbram</strong></span> <span class='ocrx_word' id='word_1_859' title='bbox 1316 2705 1387 2741; x_wconf 77' lang='lat' dir='ltr'><strong>apud</strong></span> <span class='ocrx_word' id='word_1_860' title='bbox 1403 2711 1433 2732; x_wconf 87' lang='lat' dir='ltr'><strong>se</strong></span> <span class='ocrx_word' id='word_1_861' title='bbox 1457 2702 1630 2738; x_wconf 86' lang='lat' dir='ltr'><strong>procuraret.</strong></span> <span class='ocrx_word' id='word_1_862' title='bbox 1654 2695 1734 2730; x_wconf 80' lang='lat' dir='ltr'><strong>Quod</strong></span> <span class='ocrx_word' id='word_1_863' title='bbox 1760 2694 1806 2721; x_wconf 88' lang='lat' dir='ltr'><strong>ille</strong></span> <span class='ocrx_word' id='word_1_864' title='bbox 1829 2695 1859 2719; x_wconf 91' lang='lat' dir='ltr'><strong>ut</strong></span> 
     </span>
     <span class='ocr_line' id='line_1_121' title="bbox 1496 2737 1842 2750; baseline -0.017 0"><span class='ocrx_word' id='word_1_865' title='bbox 1496 2748 1503 2750; x_wconf 84' lang='lat'>_</span> <span class='ocrx_word' id='word_1_866' title='bbox 1531 2745 1569 2750; x_wconf 71' lang='lat'><strong>_.</strong></span> <span class='ocrx_word' id='word_1_867' title='bbox 1630 2743 1637 2750; x_wconf 94' lang='lat'><strong>.</strong></span> <span class='ocrx_word' id='word_1_868' title='bbox 1680 2742 1686 2750; x_wconf 88' lang='lat'><strong>.</strong></span> <span class='ocrx_word' id='word_1_869' title='bbox 1724 2737 1842 2750; x_wconf 11' lang='grc' dir='ltr'>τίῆ-η,</span> 
     </span>
    </p>
   </div>
   <div class='ocr_carea' id='block_1_116' title="bbox 1071 2737 1861 2795">
    <p class='ocr_par' dir='ltr' id='par_1_116' title="bbox 1071 2737 1861 2795">
     <span class='ocr_line' id='line_1_122' title="bbox 1071 2737 1861 2795; baseline -0.032 -7"><span class='ocrx_word' id='word_1_870' title='bbox 1071 2737 1155 2795; x_wconf 55' lang='grc' dir='ltr'>ῖυεείι</span> <span class='ocrx_word' id='word_1_871' title='bbox 1165 2779 1172 2791; x_wconf 85' lang='grc'><strong>,</strong></span> <span class='ocrx_word' id='word_1_872' title='bbox 1186 2756 1275 2784; x_wconf 86' lang='lat' dir='ltr'><strong>tribus</strong></span> <span class='ocrx_word' id='word_1_873' title='bbox 1289 2737 1473 2780; x_wconf 75' lang='lat' dir='ltr'><strong>arundinibus</strong></span> <span class='ocrx_word' id='word_1_874' title='bbox 1488 2745 1588 2775; x_wconf 80' lang='lat' dir='ltr'><strong>deﬁxis</strong></span> <span class='ocrx_word' id='word_1_875' title='bbox 1599 2765 1607 2777; x_wconf 85' lang='lat'><strong>,</strong></span> <span class='ocrx_word' id='word_1_876' title='bbox 1622 2742 1788 2775; x_wconf 88' lang='lat' dir='ltr'><strong>duabusque</strong></span> <span class='ocrx_word' id='word_1_877' title='bbox 1801 2737 1861 2773; x_wconf 85' lang='lat' dir='ltr'><strong>pel-</strong></span> 
     </span>
    </p>
   </div>
   <div class='ocr_carea' id='block_1_117' title="bbox 1073 2790 1859 2838">
    <p class='ocr_par' dir='ltr' id='par_1_117' title="bbox 1073 2790 1859 2838">
     <span class='ocr_line' id='line_1_123' title="bbox 1073 2790 1859 2838; baseline -0.031 -4"><span class='ocrx_word' id='word_1_878' title='bbox 1073 2808 1146 2834; x_wconf 90' lang='lat' dir='ltr'><strong>libus</strong></span> <span class='ocrx_word' id='word_1_879' title='bbox 1173 2801 1310 2838; x_wconf 89' lang='lat' dir='ltr'><strong>impositis</strong></span> <span class='ocrx_word' id='word_1_880' title='bbox 1326 2820 1332 2832; x_wconf 86' lang='lat'><strong>,</strong></span> <span class='ocrx_word' id='word_1_881' title='bbox 1361 2797 1487 2825; x_wconf 77' lang='lat' dir='ltr'><strong>umbram</strong></span> <span class='ocrx_word' id='word_1_882' title='bbox 1514 2790 1726 2821; x_wconf 86' lang='lat' dir='ltr'><strong>adinvenimus:</strong></span> <span class='ocrx_word' id='word_1_883' title='bbox 1748 2790 1775 2814; x_wconf 85' lang='lat' dir='ltr'><strong>et</strong></span> <span class='ocrx_word' id='word_1_884' title='bbox 1796 2791 1859 2812; x_wconf 86' lang='lat' dir='ltr'><strong>cum</strong></span> 
     </span>
    </p>
   </div>
  </div>
