2064 3120
212 173 280 206 1435

698 175 939 207 THEODORETI
955 176 1125 208 EPISCOPI
1143 178 1324 208 CYRENSIS

1768 177 1838 210 1436

210 230 326 258 Introire
342 237 386 257 me
398 229 528 264 luberet:
544 240 554 257 ι
568 231 659 267 Turpe
678 234 686 244 ‘
703 236 757 266 est,
777 233 848 266 dixi,
876 241 892 260 ο
905 238 994 268 pater,

1055 235 1188 269 ιχεδιάσαι
1204 237 1284 263 σκιάν
1295 245 1301 251 ·
1324 235 1372 262 καὶ
1398 235 1491 271 ἐπειδὴ
1507 235 1656 272 προσέταξε
1666 257 1673 269 ,
1694 235 1839 270 καλάμους

210 284 254 303 me
273 275 320 310 qui
339 279 366 303 et
381 275 491 310 juvenis
511 284 571 304 sum
583 297 591 310 ,
611 282 639 305 et
658 278 763 306 viribus
783 279 917 314 integris,
946 279 999 307 hoc

211 322 409 350 frui-solatio:
435 327 461 350 te
480 330 546 351 vero
560 329 586 351 et
605 325 681 359 gravi
709 325 784 352 febre
807 325 978 353 laborantem
990 346 997 358 ,

211 372 238 394 ct
261 367 308 394 tali
332 371 458 402 egentem
483 369 601 400 solatio.
625 369 693 398 foris
715 370 811 398 sedere
836 372 999 400 ardentibus

212 414 280 442 solis
296 415 383 442 radiis
398 415 565 450 expositum.
586 416 694 452 1238
709 416 800 450 Quare
825 417 847 445 si
873 426 930 451 me,
956 419 998 445 in-

213 468 311 494 quam,
328 459 370 487 vis
396 460 494 488 umbra
516 461 568 488 frtri
580 483 587 495 ,
605 468 682 490 utere
708 470 815 490 mecum
832 463 884 490 hoc
901 464 1000 498 exiguo

213 507 402 534 tabernaculo.
417 506 518 534 Tecum
535 508 607 535 enim
623 516 735 537 manere
751 509 865 544 cupiens
881 509 915 537 ab
931 513 999 537 a‘slu

213 552 372 587 prohibeor.
390 562 400 578 ι
415 552 505 580 Cessit
523 553 614 587 itaque
632 553 676 581 his
693 554 810 591 auditis,
828 555 936 589 meique
951 562 1000 581 cu-

215 605 273 624 ram
290 598 426 632 potiorem
440 599 530 626 duxit.
541 598 690 634 Postquam
705 600 758 628 sub
770 600 868 627 umbra
884 600 1000 627 recreati

217 652 269 671 una
287 643 389 672 fuimus
401 664 408 675 .
430 645 514 672 alium
538 653 637 673 rursus
652 653 807 673 sermonem
824 654 906 674 orsus
920 653 980 673 sum
992 665 999 676 ,

215 694 243 718 et
260 690 478 718 decumbeudum
497 691 563 718 mihi
582 699 644 719 esse
659 692 714 719 dixi
726 712 733 724 ,
750 692 821 727 quod
839 692 926 720 femur
941 699 1000 720 ses—

215 738 321 764 sionem
339 736 410 764 ferre
427 737 488 765 sine
503 737 598 765 dolore
618 745 672 765 non
690 742 793 773 posset.
813 738 938 773 Cumque
955 746 1000 765 ro-

215 787 292 818 garet
322 783 420 810 iterum
448 788 479 811 ut
508 783 721 816 decumberem.
750 786 850 812 iterum
881 785 1001 818 audivit,

215 829 289 856 haud
316 829 486 856 tolerandum
511 830 577 857 mihi
602 838 680 862 esse,
706 834 736 858 ut
760 831 900 858 sedentem
926 831 1002 858 illum

216 875 310 903 videns
323 875 380 911 ipse
392 875 595 904 decumberem.
609 886 617 902 ι
630 876 753 904 Proinde.
764 878 786 904 si
802 885 861 908 me,
875 876 982 904 aiebam
993 896 1001 909 ,

216 919 267 945 hac
279 919 370 953 quiete
385 919 427 946 vis
443 919 513 952 frui,
529 927 583 947 una
595 920 808 952 decumbamus.
822 925 910 956 pater,
923 927 1003 955 atque

217 965 254 991 ita
279 965 355 992 solus
367 965 465 1000 jacens
482 973 537 993 non
552 966 726 994 erubescam.
743 977 752 993 ι
768 966 817 994 llis
839 975 888 1002 ego
910 967 1003 995 verbis

215 1018 277 1038 cum
295 1010 358 1045 ejus
375 1012 558 1039 c0nstantiam
576 1012 740 1040 delusissem
752 1033 760 1045 ,
779 1013 831 1041 feci
850 1018 880 1041 ut
895 1015 1004 1042 cuban-

215 1057 283 1083 tium
298 1056 398 1083 solatio
411 1056 558 1084 frueretur.
574 1057 655 1085 Humi
667 1066 734 1086 vero
744 1059 882 1093 jacentem
895 1059 1003 1088 blandis

216 1101 388 1130 sermonibus
399 1101 498 1130 affatus
508 1108 617 1136 sum,ut
628 1104 751 1132 animum
763 1105 823 1139 ejus
834 1105 867 1132 ad
881 1105 1003 1133 laetitiam

215 1156 374 1176 evocarem.
385 1149 464 1177 Manu
475 1157 539 1178 vero
549 1151 602 1178 sub
611 1154 714 1178 vestem
727 1151 861 1183 immissa,
873 1159 934 1178 cum
943 1151 1004 1186 ejus

215 1195 327 1222 dorsum
342 1195 441 1223 leniter
452 1195 587 1224 defricare
604 1197 700 1224 vellem
713 1217 720 1229 ,
739 1201 806 1225 tunc
822 1197 886 1225 ferri
899 1197 1005 1232 grande

216 1239 324 1272 pondus
335 1239 401 1271 vidi,
413 1241 486 1274 quod
500 1241 608 1269 lumbos
620 1241 778 1277 collumque
786 1242 925 1270 vinciebat
938 1253 944 1270 ε
959 1250 1005 1270 ca-

216 1288 340 1319 Iruzrque
354 1285 413 1313 alia:
429 1293 443 1312 a
457 1286 561 1313 circulo
574 1287 619 1320 qui
634 1287 708 1314 circa
723 1287 826 1315 collum
839 1292 917 1320 erat,
932 1288 1005 1316 bina:

216 1334 295 1363 ante,
312 1331 383 1358 bime
400 1339 485 1366 pone,
501 1332 535 1359 ad
552 1333 711 1360 inferiorem
734 1334 869 1361 circulum
894 1334 1004 1369 oblique

216 1376 232 1402 tl
252 1377 432 1410 scandentes,
450 1381 477 1405 et
493 1377 516 1404 Χ
537 1379 635 1406 litterae
661 1379 776 1419 figuram
803 1384 866 1407 ante
882 1388 913 1407 ac
929 1384 1005 1407 retro

215 1423 412 1457 exprimentes,
425 1423 495 1451 duos
513 1424 586 1452 inter
599 1433 629 1452 se
645 1425 766 1452 circulos
781 1426 1002 1453 connectebant:

215 1472 243 1494 ct
260 1476 359 1497 manus
387 1477 497 1504 quoque
524 1470 598 1497 circa
614 1471 724 1498 cubitos
748 1472 802 1499 alia
827 1472 902 1500 intus
920 1472 1005 1500 habe-

217 1514 281 1541 bant
295 1515 404 1542 vincula
427 1516 574 1550 ejusmodi.
591 1517 670 1544 Tanti
697 1525 764 1551 ergo
785 1518 914 1553 ponderis
934 1526 1005 1546 onus

216 1562 411 1596 conspicatus,
439 1562 534 1597 rogavi
563 1566 593 1590 ut
619 1564 764 1598 aegrotanti
788 1565 899 1599 corpori
923 1572 1003 1599 opem

218 1606 317 1639 ferret,
332 1608 404 1642 quod
420 1609 500 1636 simul
515 1609 589 1636 ferre
602 1616 657 1637 non
675 1614 769 1645 posset
784 1618 866 1638 onera
878 1610 1004 1638 volunta-

217 1653 257 1679 ria
269 1672 276 1684 ,
292 1657 319 1680 et
331 1651 522 1688 aegritudinem
538 1663 593 1682 non
611 1656 806 1683 voluntariam.
823 1665 832 1681 ι
849 1656 927 1684 Nunc
942 1657 1004 1692 qui.

217 1697 290 1730 dem,
316 1698 432 1731 aiebam,
454 1703 541 1734 pater,
560 1700 626 1727 ferri
648 1700 736 1728 officio
758 1701 879 1736 fungitur
901 1701 1005 1730 febris:

220 1752 280 1777 ιιιιιιε
306 1745 350 1772 ιιΙή
376 1747 507 1779 cessarit,
533 1751 591 1774 tum
607 1747 720 1782 corpori
735 1747 826 1776 denuo
849 1747 913 1775 ferri
935 1755 1006 1776 onus

221 1790 330 1824 1239
342 1791 639 1825 imponemus.)Cessit
649 1793 701 1820 hac
716 1793 796 1820 etiam
814 1794 840 1820 in
852 1798 927 1828 parte
937 1795 1007 1821 mul-

217 1835 255 1862 tis
270 1836 430 1869 huiusmodi
450 1839 621 1866 carminibus
632 1839 774 1867 delinitus.
797 1840 850 1868 Sed
867 1845 931 1868 tunc
945 1841 1006 1875 qui-

218 1881 279 1908 dem
295 1890 356 1909 cum
369 1884 463 1917 paucis
475 1883 571 1912 diebus
581 1889 753 1919 mgrotasset,
767 1885 848 1913 facile
857 1887 1006 1915 convaluit.

218 1925 316 1954 Postea
333 1935 397 1954 vero
411 1929 564 1962 graviorem
582 1930 609 1956 in
629 1930 754 1957 morbum
777 1930 882 1958 incidit.
896 1931 928 1958 Et
945 1939 1006 1959 cum

218 1974 296 2001 multi
306 1975 635 2009 nudiqueconvenissent,
645 1980 674 2003 ut
682 1977 741 2011 ejus
750 1984 850 2011 corpus
857 1978 1005 2012 auferrent,

218 2019 270 2047 hoc
283 2020 377 2047 audito
393 2025 573 2048 accurrerunt
589 2022 662 2049 cives
682 2023 814 2054 universi,
825 2027 880 2050 tum
895 2024 1006 2056 milites,

218 2068 276 2092 tum
290 2065 398 2100 privati.
416 2066 462 2092 alii
478 2066 585 2094 bellicis
601 2068 685 2094 armis
700 2067 839 2100 instructi,
858 2068 903 2095 alii
922 2069 1008 2096 armis

219 2113 329 2138 trientes
345 2111 516 2145 quibuslibet
531 2121 539 2139 :
555 2112 669 2148 acieque
683 2113 820 2147 disposita
838 2114 1006 2149 pugnabant,

217 2159 245 2183 et
258 2157 310 2183 tela
336 2157 528 2191 conjiciehant.
556 2166 611 2186 non
632 2163 663 2186 ut
682 2163 867 2193 percutereut,
886 2160 933 2188 sed
958 2164 982 2186 uI
999 2160 1008 2170 '

215 2205 361 2229 terrerent.
372 2202 517 2238 Pulsisque
530 2203 579 2231 hoc
596 2204 676 2231 modo
690 2204 907 2237 circumvicinis,
922 2205 1009 2231 victo-

217 2255 273 2275 rem
290 2249 420 2276 athletam
439 2249 511 2277 lecto
532 2250 716 2285 imponentes,
744 2250 812 2277 nihil
835 2258 929 2278 eorum
945 2259 1005 2285 qua:
1020 2269 1042 2296 Β

218 2294 319 2322 fiebant
339 2295 516 2327 sentientem,
534 2300 563 2322 ut
578 2296 625 2330 qui
643 2303 694 2323 nec
712 2299 779 2323 tunc
790 2301 927 2328 senserat.
942 2305 1004 2323 cum

217 2347 232 2366 a
253 2341 364 2368 rusticis
389 2340 468 2368 conia
485 2342 642 2372 velleretur,
663 2343 690 2369 in
717 2343 813 2370 urbem
846 2347 979 2370 venerunt
998 2352 1004 2370 :

216 2391 244 2414 ct
254 2394 316 2413 eum
337 2387 369 2413 ad
377 2387 462 2414 mdem
480 2388 668 2422 propheticum
680 2389 880 2423 pervenissent,
896 2389 924 2416 in
944 2397 1008 2423 pro-

218 2431 323 2466 pinquo
339 2431 404 2458 huic
427 2432 595 2460 monasterio
619 2433 719 2460 lectum
735 2434 937 2469 deposuerunt.
952 2434 1006 2462 Ve-

218 2476 259 2502 nit
274 2480 364 2503 autem
379 2476 492 2510 quidam
508 2475 666 2504 Berrhmam
685 2478 735 2514 (ibi
748 2479 820 2506 enim
836 2483 900 2506 tunc
916 2479 1006 2515 eram)

217 2529 280 2556 quae
295 2525 371 2556 gesta
389 2521 497 2549 fuerant
515 2522 686 2557 significans,
705 2527 732 2551 et
758 2525 855 2552 mortis
880 2525 1006 2552 nuntium

217 2567 347 2595 offerens.
375 2569 467 2600 Quare
483 2568 627 2596 confestim
649 2570 769 2603 accurri,
787 2575 899 2606 totaque
927 2577 1008 2598 nocte

218 2613 270 2640 iter
300 2613 404 2641 faciens
423 2614 454 2641 ad
471 2613 593 2642 divimun
626 2615 765 2643 heminem
796 2621 857 2650 post
880 2624 1006 2644 auroram

218 2659 340 2693 ρει-νυοί,
355 2659 400 2694 qui
423 2667 474 2686 nec
487 2660 664 2695 loquebatur,
680 2669 731 2688 nec
747 2662 896 2688 astantium
913 2670 1008 2697 quern-

217 2712 298 2739 quam
315 2709 420 2740 poterat
435 2714 593 2741 agnoscere.
611 2707 646 2735 Ut
660 2715 723 2736 vero
737 2716 799 2735 eum
827 2709 954 2741 salutavi,
981 2713 1008 2736 et

218 2751 334 2778 salutem
354 2753 378 2779 ei
395 2752 525 2781 mandare
543 2762 672 2788 maguum
689 2755 819 2782 Acacium
834 2755 889 2781 dixi
902 2775 908 2785 .
940 2762 1006 2781 ocu—

218 2795 259 2824 los
274 2798 364 2826 statim
383 2800 498 2834 aperuit.
517 2801 697 2835 qumsivitque
720 2801 857 2835 quomodo
875 2802 1005 2833 valerem,

218 2845 246 2867 et
263 2843 373 2876 quando
402 2844 537 2871 venissem
565 2845 756 2879 interrogavit.
772 2849 798 2872 ct
815 2853 877 2871 cum
899 2846 930 2872 ad
950 2846 1007 2872 siu-

220 2886 281 2922 gula
302 2890 517 2924 respondissem,
538 2890 635 2918 oculos
652 2890 750 2918 iterum
766 2890 875 2918 t'lzmsil.
892 2889 1005 2919 Tribus-

1049 282 1122 315 τρεῖς
1136 281 1281 316 πήξαντες,
1298 281 1345 308 καὶ
1360 281 1406 308 δύο
1417 281 1521 312 τούτοις
1535 280 1694 316 περιθέντες
1710 281 1837 317 σισύρας,

1049 327 1237 362 ὲσοφισάμεθα
1262 328 1312 362 τὴν
1339 328 1419 354 σκιάν
1435 336 1442 343 '
1468 327 1624 358 κελεύοντος
1645 327 1673 353 δέ
1700 336 1745 362 μοι
1772 327 1840 354 εἵσω

1050 374 1118 401 ἱέναι
1135 383 1142 390 ο
1158 384 1167 400 ‹
1186 375 1313 410 Αίσχρὶν,
1329 375 1409 409 Ezpqv,
1425 371 1447 401 ὦ
1463 374 1560 409 πάτερ,
1575 373 1625 409 ἐμὲ
1641 373 1700 409 μὲν,
1715 373 1763 400 καὶ
1779 373 1841 400 νέον
1880 391 1883 393 -

1048 420 1124 453 ὄντα,
1140 422 1186 448 καὶ
1199 421 1365 457 ἐρρωμένον,
1382 420 1462 456 τῆσδε
1477 422 1526 455 τῆς
1537 417 1714 455 ψυχαγωγίας
1728 420 1822 453 τυχεῖν
1832 426 1840 434 ·

1050 466 1081 492 σὲ
1097 467 1125 493 δὲ
1140 467 1250 502 πυρετῷ
1267 465 1451 501 κατεχόμενον
1467 465 1571 501 λαύρῳ,
1588 465 1697 500 καὶτῆς
1711 464 1842 498 totum;

1050 513 1215 548 παραψυχῆς
1237 513 1377 548 δεόμενον,
1407 512 1459 546 ἔξω
1480 512 1616 547 καθῆσθαι
1631 511 1778 546 δεχόμενον
1791 513 1842 546 τῆς

1050 558 1167 594 ἡλιακῆς
1187 558 1295 590 ἀκτῖνος
1316 558 1366 593 τὴν
1393 557 1557 592 προσϐολήν.
1583 556 1614 583 Ei
1633 556 1741 586 τοίνυν,
1761 556 1840 591 ἔφην,

1049 603 1153 634 ἐθέλεις
1169 611 1202 638 με
1215 603 1265 638 τῆς
1281 605 1360 634 σκιᾶς
1374 602 1536 633 ἀπολαῦσαι,
1551 600 1630 635 γενοῦ
1650 609 1694 635 μοι
1712 601 1843 632 κοινωνός

1050 649 1100 683 τῆς
1117 648 1247 684 βραχείας
1271 649 1373 683 ταύτης
1395 647 1506 683 σκηνῆς.
1532 641 1700 681 Προάμεῖναι
1720 646 1776 680 γάρ
1801 654 1843 672 σοι

1052 694 1181 730 βούλομαι
1209 694 1279 729 μὲν,
1308 693 1360 721 ὑπὸ
1385 693 1413 720 δὲ
1438 693 1486 728 τῆς
1509 693 1618 724 ἀκτῖνος
1648 691 1799 726 κωλύομαι.
1830 702 1840 716 ι

1051 737 1114 773 Εῐξε
1138 739 1228 766 τοίνυν
1244 740 1348 767 τούτων
1372 738 1491 769 ἀκούσας
1516 738 1570 764 τῶν
1595 738 1698 772 λόγων,
1725 737 1772 764 καὶ
1793 737 1843 770 τὴν

1052 787 1123 822 ἐμὴν
1137 786 1284 822 θεραπείαν
1299 785 1447 821 προείλετο.
1468 785 1545 811 Ἐπεὶ
1559 784 1587 810 δὲ
1602 785 1679 818 κοινῇ
1695 783 1746 818 τῆς
1762 783 1844 814 σκιᾶς

1053 832 1241 867 ἀπηλαύομεν,
1253 831 1382 867 ἠρξάμην
1396 831 1477 858 πάλιν
1492 830 1585 864 ἐτέρου
1602 830 1694 863 λόγου,
1711 831 1756 856 καὶ
1773 830 1842 864 ἔφην

1053 878 1095 905 ὅτι
1111 878 1152 904 δεῖ
1167 886 1213 913 μοι
1226 877 1440 908 κατακλίσεως.
1465 875 1513 902 τοῦ
1541 876 1626 910 ἰσχίου
1641 875 1690 910 τὴν
1706 875 1843 910 καθέδραν

1053 924 1165 956 ἀλύπως
1193 923 1230 959 μὴ
1255 923 1395 958 φέροντος.
1417 922 1498 948 Ἀλλὰ
1521 921 1603 948 πάλιν
1630 921 1705 956 ἠξίου
1731 921 1782 956 μέν
1808 929 1843 955 με

1055 969 1286 1002 κατακλίνεσθαι,
1303 969 1436 1004 ἀντήκουε
1459 967 1505 999 δὲ,
1534 967 1572 998 ὡς
1594 967 1624 993 οὐ
1639 967 1756 1002 φορητὸν
1780 967 1843 1001 ἐμοὶ

1055 1016 1208 1052 καθήμενον
1220 1015 1301 1042 αὐτὸν
1315 1014 1413 1050 ὁρῶντι
1429 1013 1651 1049 προτκλίνεσθαι.
1669 1022 1677 1038 ι
1694 1013 1725 1038 Ei
1739 1012 1841 1043 τοίνυν,

1055 1060 1135 1096 ἔφην,
1151 1060 1253 1092 ἐθέλεις
1273 1068 1307 1096 με
1325 1060 1371 1086 καὶ
1385 1059 1488 1094 ταύτης
1507 1058 1690 1087 ἐναπολαῦσαι
1706 1059 1756 1094 τῆς
1775 1059 1843 1085 ἀνα-

1055 1106 1161 1142 παύλης
1174 1126 1181 1138 ,
1207 1107 1283 1142 κοινῇ
1312 1105 1520 1141 προσκλιθῶμεν
1534 1125 1540 1137 ,
1558 1103 1581 1132 ὧ
1597 1107 1685 1140 πάτερ
1697 1114 1705 1121 ι
1732 1105 1762 1131 οὐ
1788 1104 1842 1140 γὰρ

1054 1152 1210 1188 ὲρυθριάσω
1223 1152 1303 1187 μόνος
1319 1151 1557 1186 κατακλινόμενος.
1577 1161 1586 1178 ι
1601 1151 1738 1182 Τοιούτοις
1752 1150 1852 1183 λόγοις-

1054 1197 1138 1224 αὺτοῦ
1164 1197 1213 1232 τὴν
1241 1197 1389 1232 καρτερίαν
1414 1196 1687 1232 κατασοφισάμενος,
1713 1196 1762 1231 τὴν
1787 1196 1841 1223 ἀπὸ

1053 1243 1103 1279 τῆς
1117 1244 1286 1275 ἀνακλίσεως
1313 1243 1387 1279 αὐτῷ
1412 1243 1576 1279 παραψυχὴν
1603 1243 1780 1278 εἰσενήνοχα·
1799 1243 1843 1269 ἐπὶ

1054 1289 1082 1316 δὲ
1095 1290 1143 1317 τοῦ
1167 1290 1282 1324 ἐδάφους
1303 1290 1462 1326 ἐρριμμένῳ
1483 1289 1653 1325 προσέφερον
1672 1289 1768 1323 λόγους
1794 1298 1843 1324 χα-

1057 1335 1179 1370 ρίεντας,
1208 1336 1254 1362 ἐπὶ
1280 1335 1312 1361 τὺ
1334 1334 1541 1370 θυμηρέστερον
1557 1334 1606 1370 τὴν
1620 1334 1710 1369 ψυχὴν
1729 1333 1843 1369 μεταφέ-

1056 1389 1120 1415 ρων.
1136 1381 1209 1407 Εῐσω
1228 1381 1256 1408 δὲ
1281 1380 1328 1407 τοῦ
1353 1380 1460 1416 ἱματίου
1476 1381 1526 1415 τὴν
1539 1381 1622 1415 χεῖρα
1641 1380 1746 1415 βαλὼν,
1771 1380 1843 1406 ἐπει-

1057 1426 1152 1461 ρώμην
1165 1426 1282 1462 μετρίως
1293 1427 1449 1462 ἀποτρίὸειν
1460 1426 1494 1453 τὰ
1503 1426 1586 1458 νῶτα,
1599 1426 1659 1452 τότε
1670 1426 1718 1452 τοῦ
1728 1426 1838 1461 σιδήρου

1055 1472 1085 1498 τὸ
1105 1472 1172 1498 πολὺ
1195 1472 1304 1508 φορτίον
1328 1472 1484 1507 ἐθεασάμην
1496 1493 1503 1504 ,
1520 1472 1535 1499 ὃ
1552 1473 1598 1499 καὶ
1613 1472 1664 1507 τὴν
1679 1472 1766 1505 orgia»;
1786 1472 1842 1498 tae-

1061 1526 1139 1552 σμει,
1161 1518 1208 1544 καὶ
1231 1517 1277 1544 τὸν
1303 1517 1413 1552 αὐχένα.
1430 1518 1485 1544 Καὶ
1500 1517 1591 1552 ἕτεραι
1605 1517 1641 1544 -δὲ
1663 1516 1775 1547 ἁλύσεις
1791 1516 1844 1543 ἀπο

1055 1562 1102 1589 τοῦ
1117 1562 1181 1598 περὶ
1201 1562 1248 1588 τὸν
1271 1562 1372 1597 αὐχένα
1393 1561 1492 1589 κύκλου
1505 1582 1513 1593 ,
1536 1561 1582 1587 δύο
1607 1561 1658 1596 μὲν
1676 1559 1842 1596 ἔμπροσθεν,

1055 1608 1102 1636 δύο
1117 1608 1145 1634 δὲ
1165 1608 1288 1639 ὄπισθεν,
1315 1609 1355 1640 είς
1375 1608 1420 1634 τὸν
1437 1608 1512 1634 κάτω
1532 1607 1630 1635 κύκλον
1645 1606 1793 1641 ἐγκάρσιαι
1806 1605 1844 1632 δι-

1057 1655 1192 1689 ήκουσαι,
1213 1654 1260 1681 καὶ
1281 1654 1330 1681 τοῦ
1350 1655 1372 1681 Χ
1391 1654 1523 1689 στοιχείου
1546 1652 1577 1680 τὸ
1597 1653 1691 1688 σχῆμα
1707 1651 1842 1682 ποιοῦσαι,

1057 1700 1213 1736 ἔμπροσθέν
1227 1709 1257 1727 τε
1272 1701 1321 1728 καὶ
1335 1700 1458 1732 ὄπισθεν,
1478 1700 1542 1732 τοὺς
1565 1699 1612 1726 δύο
1631 1699 1749 1730 κύκλους
1763 1697 1842 1733 ἀ).λὴ-

1056 1746 1113 1778 λοις
1130 1747 1270 1774 συνέδεονο
1290 1747 1336 1774 καὶ
1357 1747 1468 1782 ἐτέρους
1489 1746 1517 1773 δὲ
1532 1747 1560 1772 αι
1575 1746 1664 1781 χεῖρες
1686 1745 1759 1771 ἔνδον
1781 1743 1845 1779 περὶ

1056 1793 1119 1824 τοὺς
1135 1792 1262 1826 ἀγκῶνας
1285 1790 1357 1826 εἶχον
1376 1791 1513 1822 τοιούτους
1529 1790 1658 1825 δεσμούς.
1674 1790 1711 1816 Τδ
1726 1789 1844 1816 πολυτῶ

1056 1839 1151 1865 λαντον
1167 1837 1213 1866 οὖν
1228 1838 1307 1865 τοῦτο
1325 1837 1493 1873 Θεασάμενος
1512 1837 1631 1872 φορτίον,
1650 1836 1769 1862 ἱκέτευον
1788 1837 1844 1861 ὲπι-

1057 1883 1192 1918 κουρῆσαι
1206 1883 1245 1918 τῷ
1262 1882 1368 1918 σώματι
1390 1883 1522 1916 κάμνοντι
1536 1902 1544 1913 ,
1568 1882 1615 1908 καὶ
1637 1882 1731 1916 φέρειν
1751 1882 1780 1908 οὺ
1797 1882 1844 1908 δυ-

1057 1929 1167 1964 ναμένῳ
1186 1928 1256 1955 κατὰ
1272 1929 1381 1959 ταύτὸν,
1397 1929 1444 1955 καὶ
1457 1928 1491 1954 τὰ
1511 1927 1653 1954 ὲθελούσια
1675 1927 1783 1962 φορτία,
1798 1927 1845 1954 καὶ

1057 1974 1106 2010 τὴν
1132 1975 1260 2001 ἀκούσιον
1286 1974 1453 2010 ἀρρωστίαν.
1479 1983 1487 1999 ι
1509 1973 1566 2000 Νῦν
1594 1974 1643 2008 μὲν
1665 1974 1735 2008 γὰρ,
1764 1973 1843 2007 ἔφην,

1058 2017 1080 2046 ὦ
1094 2020 1197 2056 πάτερ,
1218 2021 1232 2047 ό
1254 2020 1368 2055 πυρετὸς
1391 2019 1425 2046 τὰ
1449 2019 1496 2047 τοῦ
1514 2019 1623 2054 σιδήρου
1649 2021 1726 2045 ποεῖν
1742 2020 1805 2046 ὅταν
1817 2019 1843 2045 δὲ

1057 2061 1137 2097 οὗτος
1151 2065 1273 2100 λωφήσῃ,
1286 2064 1436 2099 τηνικαῦτα
1451 2064 1491 2098 τῷ
1509 2063 1614 2096 σώματι
1625 2064 1674 2090 τὴν
1685 2064 1719 2090 ὲκ
1736 2063 1843 2098 σιδήρου

1059 2111 1139 2138 πάλιν
1158 2110 1324 2145 ἐπιθήσομεν
1341 2110 1449 2144 φόρτον.
1467 2118 1476 2134 ι
1494 2108 1556 2141 Εἷξε
1570 2109 1617 2135 καὶ
1631 2109 1671 2140 εἰς
1686 2108 1766 2134 τοῦτο
1781 2109 1845 2134 πολ-

1058 2156 1117 2187 λαῖς
1135 2155 1273 2186 τοιαύταις
1294 2154 1488 2188 καταϐελχθεὶς
1518 2152 1645 2188 ἐπῳδαῖς.
1680 2152 1762 2178 Ἀλλὰ
1786 2152 1844 2178 τότε

1060 2202 1110 2237 μὲν
1136 2201 1229 2235 ὀλίγας
1256 2201 1436 2237 ἀρρωστήσας
1455 2199 1562 2235 ἡμέρας
1576 2220 1583 2231 ,
1603 2199 1702 2234 ῥᾳδίως
1719 2199 1844 2234 ὲρῤεἱῑσε.

1060 2247 1155 2283 Χρόνῳ
1184 2247 1211 2273 δὲ
1240 2247 1353 2281 ὕστερον
1383 2245 1559 2281 χαλεπωτέρᾳ
1589 2245 1735 2279 περιέπῖσε
1766 2244 1844 2277 νότῳ.

1059 2294 1167 2321 Πολλῶν
1192 2294 1221 2320 δὲ
1244 2293 1408 2328 πολλαχόθεν
1435 2292 1666 2326 συνεληλυθότων,
1694 2291 1731 2322 ὡς
1755 2291 1845 2325 ἁρπα-

1059 2340 1169 2376 σόμενοι
1183 2339 1213 2366 τὺ
1230 2339 1321 2374 σῶμα,
1337 2338 1484 2373 πυθόμενοι
1500 2338 1525 2364 οἱ
1537 2337 1583 2364 τοῦ
1597 2337 1701 2368 ἄστεως
1715 2336 1846 2371 συνέδρα-

1060 2396 1111 2422 μον
1125 2387 1243 2417 ἂπαντες
1255 2405 1262 2418 ,
1289 2385 1335 2412 καὶ
1355 2384 1520 2420 στρατιῶται
1533 2404 1541 2416 ,
1555 2383 1602 2410 καὶ
1623 2382 1742 2413 ἰδιῶται,
1758 2383 1782 2408 οἱ
1798 2383 1846 2416 μὲν

1058 2434 1107 2469 τὴν
1131 2432 1284 2468 πολεμικὴν
1310 2431 1490 2462 ἀναλαῦόντες
1514 2429 1631 2465 σκευὴν,
1656 2429 1680 2455 οἱ
1699 2429 1728 2455 δὲ
1754 2428 1845 2459 ὅπλοις

1058 2482 1114 2512 τοῖς
1130 2479 1311 2515 προστυχοῦσι
1333 2478 1521 2514 χρησάμενον
1545 2477 1593 2503 καὶ
1616 2475 1846 2510 συσπειραθέντες

1058 2527 1193 2562 ἐμάχοντο
1205 2545 1212 2556 .
1229 2526 1276 2552 καὶ
1291 2525 1355 2561 βέλη
1373 2525 1499 2559 ἀφιέντες
1510 2545 1516 2555 ,
1549 2525 1597 2558 οὐχ
1624 2524 1662 2555 ὡς
1689 2522 1845 2557 πλήξοντες.

1058 2571 1117 2598 ἀλλ’
1133 2571 1171 2602 ὡς
1191 2570 1355 2606 φοϐήσοντες
1377 2570 1455 2604 μόνον
1470 2577 1476 2584 ·
1499 2569 1547 2595 καὶ
1568 2568 1638 2594 οὕτω
1653 2568 1714 2598 τοὺς
1742 2567 1846 2602 περιοί-

1059 2625 1121 2647 κους
1134 2615 1322 2648 ἐξελάσαντες,
1331 2616 1364 2649 τῇ
1378 2615 1456 2650 κλίνῃ
1472 2614 1516 2640 τὸν
1532 2613 1680 2639 πένταθλον
1693 2612 1845 2647 ἀγωνιστὴν

1059 2662 1215 2694 ἐπιθέντες,
1235 2661 1290 2688 τῶν
1318 2661 1468 2696 γινομένων
1494 2659 1618 2694 οὐδαμῶς
1640 2658 1846 2692 αίσθανόμενον,

1059 2708 1118 2735 οὐδὲ
1146 2707 1201 2743 γὰρ
1228 2707 1279 2742 τῆς
1303 2707 1391 2742 κόμης
1419 2706 1502 2732 αὑτοῦ
1531 2705 1692 2740 τιλλομένης
1715 2704 1769 2730 ὑπὸ
1796 2703 1848 2730 τῶν

1058 2754 1195 2790 ἀγροίκων
1210 2752 1355 2789 ἐπῄσθετο,
1372 2753 1418 2778 ἐπὶ
1428 2752 1477 2787 τὴν
1493 2751 1569 2779 πόλιν
1588 2751 1664 2778 ἴεσαν
1677 2759 1684 2766 ⁸
1701 2751 1742 2781 είς
1759 2750 1786 2776 δὲ
1802 2750 1847 2776 τὸν

1060 2800 1229 2836 προφητικὸν
1244 2798 1405 2834 ἀφικόμενοι
1417 2798 1510 2833 σηκὸν,
1527 2798 1566 2827 εἰς
1577 2797 1607 2823 τι
1625 2796 1711 2831 τονξῳ
1732 2795 1849 2827 πελάζον

1060 2845 1268 2880 φροντιστήριον
1291 2844 1340 2880 τὴν
1368 2844 1461 2878 κλίνην
1488 2843 1630 2870 ἀπέθεντο.
1659 2839 1730 2868 Ἠκε
1758 2841 1785 2868 δέ
1805 2849 1846 2872 τις

1060 2892 1098 2923 είς
1115 2891 1163 2927 τὴν
1185 2890 1329 2927 Ηέρῤοιαν,
1344 2891 1402 2917 ἐκεῖ
1417 2891 1469 2926 γὰρ
1484 2890 1520 2916 ὼν
1542 2888 1696 2924 ἐτύγχανον,
1716 2888 1749 2914 τὰ
1766 2895 1847 2921 γεγε-
