2064 3120
148 148 228 181 1437

755 152 959 183 RELIGIOSA
996 153 1191 185 HISTORIA.

1725 156 1794 189 1438

159 205 266 240 νημένα
283 204 426 241 σημαίνων
437 224 445 237 ,
467 205 514 232 καὶ
535 205 585 240 τῆς
609 206 738 242 τελευτῆς
750 208 883 244 -κομίζων
897 207 946 243 τὴν

1003 215 1052 243 que
1064 208 1166 244 elapsis
1181 209 1289 242 diebus,
1309 210 1421 245 rogabat
1432 211 1544 238 ubinam
1556 215 1640 240 esset.
1654 211 1732 244 Quod
1746 213 1792 240 ubi

159 251 302 286 ἀγγελίαν.
327 252 473 288 Τοιγάρτοι
498 253 653 288 παραυτίκα
676 254 807 290 δραμὼν,
828 255 874 281 καὶ
900 255 949 290 τὴν

161 299 249 325 νύκτα
276 299 366 326 πᾶσαν
397 299 437 330 είς
469 299 624 335 ὁδοιπορίαν
642 301 857 335 καταναλώσας,
882 310 949 328 κατ-

161 344 258 371 έλαϐον
290 345 358 380 μετᾶ
390 345 438 385 τὴν
461 345 500 372 ἔω
528 346 574 372 τὸν
598 346 668 373 θεῖον
693 347 854 382 ἄνθρωπον,
888 348 950 375 οὔτε

161 391 357 425 φθεγγόμενον,
374 390 436 418 οὔτε
455 388 515 419 τίνὰ
529 392 583 418 τῶν
598 392 740 428 παρόντων
755 395 951 428 ἐπιγινώσκειν

161 437 328 472 δυνάμενον·
351 438 388 469 ὼς
412 438 441 464 δέ
467 447 498 472 γε
526 440 692 474 προσεῖπον,
725 440 770 466 καὶ
792 440 838 466 τὸν
864 441 950 477 μέγαν

168 483 296 509 Ἀκάκιον
307 483 546 517 προσφθέγγεσθαι
560 484 640 511 αὑτὸν
655 484 733 520 ἔφην,
748 485 848 520 ἀνέῳξε
863 494 950 522 παρα-

161 529 257 564 χρῆμα
274 529 337 560 τοὺς
354 529 526 564 ὀφθαλμοὺς.
549 530 596 556 καὶ
615 530 688 561 ὅπως
706 529 760 565 ἔχω
782 531 880 566 ἤρετο,
903 533 951 559 καὶ

161 574 229 600 ’ποτε
241 574 299 608 εῐην
314 573 452 608 ἐληλυθὼς
467 574 632 600 ἐπυνθάνετο
644 583 649 590 ·
663 576 729 610 ἐμοῦ
741 575 769 602 δὲ
781 577 848 611 πρὸς
865 577 951 603 ταῦτα

162 619 395 654 ἀποκριναμένου,
411 619 490 646 πάλιν
505 620 567 651 τοὺς
581 620 737 654 ὀφθαλμοὺς
750 620 845 655 ἔμυσε.
861 621 952 657 Τριῶν

162 665 192 692 δὲ
208 665 369 691 διελθουσῶν
385 665 497 702 ἡμερῶν
508 685 515 696 ,
541 666 622 701 ἤρετο
648 667 708 694 ὅποι
735 667 778 701 εἰη
790 675 796 682 ·
817 667 910 702 μαθὼν
923 667 952 694 δὲ

162 710 225 737 λίαν
243 711 349 745 ἤχθετο,
368 711 414 737 καὶ
439 710 515 745 ἠξίου
533 711 690 745 παραυτίκα
707 713 747 744 εἰς
763 712 792 739 τὸ
808 713 870 748 ὅρος
887 713 954 740 ἀπο-

163 757 337 792 κομίζεσθαι.
357 757 525 793 Θεραπεύειν
542 758 570 785 δὲ
595 759 676 786 αὐτὸν
695 759 738 786 διὰ
764 760 872 786 πάντων
896 760 954 786 ἐθέ-

163 802 229 835 λων,
246 804 327 835 εὐθὺς
343 803 392 839 τὴν
407 804 502 839 κλίνην
522 805 707 840 παρηγγύησα
724 805 833 840 φέρειν,
852 806 899 833 καὶ
913 807 954 838 είς

163 848 194 875 τὸ
212 849 377 884 ποθούμενον
402 851 502 885 χωρίον
527 851 716 885 ἀποκομίζειν.
747 851 812 878 Τότε
835 851 883 887 τῆς
908 860 953 878 σε·

164 895 285 930 ϐασμίας
300 895 362 930 ἐμοὶ
386 896 506 931 κεφαλῆς
521 897 551 923 τὸ
569 897 729 932 ἀφιλότιμον
744 895 823 924 εἶδον.
844 899 883 933 Τῇ
899 897 953 933 γὰρ

164 941 296 976 ὑστεραίᾳ
311 942 444 977 πτισάνης
459 942 534 977 αὐτῷ
559 943 640 977 χυλὸν
664 944 853 979 προσενήνοχα
866 953 952 970 κατα-

163 988 251 1023 ψύξεις
265 997 270 1003 ·
288 989 390 1024 θερμοῦ
404 989 458 1024 γὰρ
471 989 575 1021 οὐδενὸς
592 989 806 1025 μεταλαγχάνειν
820 990 953 1025 ἠνείχετο,

164 1035 304 1066 παντελῶς
332 1035 379 1061 τοῦ
406 1036 492 1069 πυρὸς
515 1037 565 1070 τὴν
590 1037 686 1071 χρείαν
711 1037 952 1072 ἀπαρνησάμενος.

170 1081 247 1107 Ἐπεὶ
260 1081 287 1107 δὲ
307 1081 525 1116 μεταλαμϐάνειν
546 1082 596 1109 οὐκ
614 1082 693 1117 ἤθελε
706 1091 713 1098 ·
736 1093 745 1108 ι
763 1084 850 1110 Πᾶσιν
876 1085 952 1118 ἡμῖν,

163 1126 242 1161 ἔφην,
255 1123 277 1152 ὦ
291 1127 389 1162 πάτερ,
407 1127 521 1161 μετάδος
537 1127 644 1162 φειδοῦς
659 1137 666 1144 ·
687 1128 780 1164 κοινὴν
795 1129 850 1164 γὰρ
865 1138 953 1164 σωτη-

164 1173 227 1208 ρίαν
240 1173 289 1207 τὴν
303 1172 353 1208 σὴν
371 1173 477 1206 ὑγιείαν
496 1173 646 1209 ἡγούμεθα.
664 1175 768 1211 Οῢιγὰρ
784 1175 863 1210 μόνον
879 1175 953 1210 ὠφε-

162 1218 239 1250 λείας
253 1219 406 1255 ὰρχέτυπον
420 1219 574 1254 πρόκεισαι,
590 1220 658 1247 ἀλλά
673 1221 720 1247 καὶ
735 1222 954 1257 προσευχόμενος

162 1265 323 1299 ὲπαμύνεις,
341 1266 387 1292 καὶ
401 1267 450 1300 τὴν
463 1265 537 1292 θείαν
555 1267 619 1301 ἡμῖν
637 1267 782 1302 εὐμένειαν
799 1268 951 1302 προξενεῖς.

162 1311 195 1338 El
212 1311 241 1338 δέ
258 1320 286 1337 σε
303 1312 445 1338 ἀποκναίει
461 1313 491 1339 τὸ
513 1312 596 1348 ἄηθες
609 1332 615 1344 ,
641 1314 688 1340 καὶ
703 1313 781 1340 τοῦτο
794 1335 800 1346 ,
827 1314 894 1348 ἔφην
907 1335 914 1344 ,
930 1311 953 1341 ὦ

163 1358 262 1392 πάτερ,
281 1358 468 1393 καρτέρησον·
493 1357 562 1391 εἶδος
588 1359 643 1394 γὰρ
673 1361 718 1386 καὶ
740 1360 819 1386 τοῦτο
846 1360 954 1395 φιλοσο-

162 1404 238 1438 φίας.
252 1404 358 1440 ’Ὠσπερ
375 1405 428 1441 γὰρ
441 1405 569 1439 ὑγιαίνων
583 1406 685 1440 τροφῆς
702 1406 843 1441 ἐφιέμενος
860 1407 952 1438 ἐνίκας

152 1452 196 1486 ’τῇ
215 1451 345 1486 καρτερίᾳ
363 1451 411 1485 τὴν
435 1451 547 1485 ἑφεσιψ
571 1451 641 1478 οὕτω
672 1452 719 1478 νῦν
744 1453 843 1488 ἥκιστα
860 1452 954 1487 ὀρεγό-

164 1505 257 1531 μενος⁹
275 1497 323 1532 τὴν
347 1497 396 1531 τῆς
413 1497 591 1532 μεταλήψεως
613 1498 760 1533 καρτερίαν
777 1498 920 1530 ἐπίδειξαι.
941 1507 950 1524 ›

999 254 1138 289 cognovit,
1160 256 1302 290 aegerrime
1317 256 1392 291 tulit,
1414 257 1557 292 oravitque
1576 262 1604 285 ut
1622 258 1649 285 in
1669 262 1790 286 montem

1000 301 1201 335 quamprimum
1216 301 1371 329 referretur.
1384 301 1439 337 Ego
1448 310 1513 330 vero
1523 303 1548 330 in
1557 304 1684 332 onmibus
1693 304 1731 330 illi
1742 304 1792 331 ob-

1001 346 1077 381 sequi
1095 347 1222 382 cupiens,
1236 347 1335 374 lectum
1359 355 1422 374 mox
1443 349 1511 382 tolli,
1537 354 1564 376 et
1579 357 1658 384 quem
1682 350 1794 385 optabat

1001 391 1028 418 in
1046 391 1134 418 locum
1149 392 1248 419 deferri
1266 392 1348 427 jussi.
1365 392 1434 419 Tum
1451 395 1574 428 perspexi
1587 403 1667 429 quam
1682 396 1794 423 minime

1002 437 1129 472 cupidum
1148 438 1260 465 honoris
1276 442 1347 465 esset
1361 442 1443 473 caput
1458 439 1564 474 1240
1580 440 1645 466 mihi
1659 448 1792 467 veneran-

1002 483 1077 511 dum.
1088 483 1199 512 Postera
1206 484 1276 512 enim
1286 484 1329 512 die
1339 484 1452 519 ptisanae
1462 493 1574 512 succum
1586 486 1623 512 illi
1633 485 1731 517 obtuli,
1744 486 1791 513 sed

1002 529 1204 565 refrigeratum.
1213 530 1400 565 quiacalidum
1409 531 1557 566 quidquam
1570 535 1598 558 ut
1609 534 1738 562 sumeret,
1747 531 1795 558 ad.

1003 575 1065 603 duci
1076 583 1128 602 non
1139 580 1254 610 poterat,
1263 577 1332 612 ignis
1343 585 1392 604 usu
1401 577 1452 604 sibi
1464 577 1572 611 perlitus
1587 577 1742 604 interdicto.
1759 576 1794 604 Et

1003 628 1062 648 cum
1072 629 1181 649 sumere
1193 622 1342 649 abnueret:
1353 621 1462 654 «Nobis,
1475 622 1597 657 inquam,
1610 626 1695 656 pater,
1706 622 1796 648 omni-

1002 667 1054 695 bus
1064 668 1116 695 hoc
1131 668 1251 702 indulge.
1267 669 1484 696 lncolumitatetn
1497 676 1615 702 namque
1628 671 1701 694 tuam
1719 675 1796 694 cont-

1004 722 1112 741 munem
1123 722 1184 742 esse
1195 715 1310 742 salutem
1322 715 1501 742 arbitramur.
1515 714 1574 742 Non
1584 715 1656 742 enim
1668 714 1796 741 utilitatis

1004 763 1109 787 tantum
1125 761 1264 795 exemplar
1278 762 1436 796 propositus
1448 769 1489 794 es,
1502 761 1547 788 sed
1564 765 1591 787 ct
1611 760 1719 787 orando
1733 759 1789 787 fers

1005 813 1094 840 opem,
1111 809 1137 833 et
1154 806 1275 833 divinam
1302 806 1382 834 nobis
1406 806 1624 834 benevolentiam
1651 806 1794 833 concilias.

1005 851 1083 885 Quod
1101 852 1122 878 si
1135 852 1182 879 tibi
1199 854 1249 879 hoe
1268 859 1349 887 grave
1364 857 1417 885 est,
1441 853 1505 887 quia
1521 852 1677 883 insolitum,
1704 851 1796 886 perfer

1006 899 1056 925 hoc
1068 898 1162 931 etiam,
1178 902 1266 932 pater,
1288 898 1343 925 dixi
1364 907 1372 925 -.
1388 906 1450 925 nam
1466 902 1493 925 et
1507 898 1557 925 hoc
1574 905 1685 934 quoque
1709 905 1795 932 genus

1004 948 1046 972 est
1063 944 1251 979 philosophiae.
1268 943 1345 970 Sicut
1370 943 1442 970 enim
1458 951 1520 970 cum
1544 951 1629 971 sanus
1654 950 1740 974 esses,
1756 943 1796 969 ci-

1004 991 1124 1024 bumque
1165 993 1329 1024 appeteres,
1363 989 1509 1016 tolerantia
1537 989 1666 1016 vincebas
1692 989 1796 1024 appeti-

1003 1040 1060 1063 tum
1081 1044 1088 1063 :
1107 1036 1143 1063 ita
1158 1043 1232 1063 nunc
1247 1043 1308 1062 cuin
1325 1036 1437 1063 minime
1459 1036 1578 1070 appetis,
1597 1035 1732 1063 sumendo
1751 1039 1794 1062 to-

1005 1082 1147 1110 lerantiam
1179 1081 1309 1109 ostende.
1324 1090 1334 1107 »
1351 1081 1463 1114 Aderat,
1494 1089 1556 1109 cum
1580 1081 1637 1108 haec
1663 1081 1794 1114 dicerem,

1003 1128 1087 1154 homo
1102 1126 1149 1154 Dei
1166 1126 1378 1162 Polychronius,
1404 1127 1451 1162 qui
1480 1127 1597 1154 orationi
1619 1134 1686 1154 meas
1713 1126 1796 1154 obse-

1003 1173 1139 1206 cundans,
1155 1172 1271 1207 primum
1298 1172 1324 1199 id
1341 1180 1450 1200 sumere
1473 1180 1503 1200 se
1524 1173 1592 1199 velle
1617 1173 1695 1204 dixit,
1712 1172 1796 1208 idque

1003 1226 1084 1246 mane
1096 1226 1158 1246 cum
1172 1222 1255 1250 esset,
1271 1226 1304 1245 ac
1317 1226 1388 1253 saepe
1404 1223 1467 1254 post
1489 1218 1549 1246 dies
1566 1223 1670 1253 septem
1686 1226 1791 1253 corpus

1003 1265 1076 1292 alere
1091 1265 1202 1293 soleret.
1218 1265 1315 1293 Victus
1331 1273 1397 1300 ergo
1413 1265 1455 1293 his
1479 1265 1665 1296 sermonibus,
1693 1265 1795 1293 clausis

1002 1312 1102 1343 oculis,
1122 1311 1194 1346 quod
1213 1311 1240 1338 in
1259 1312 1360 1339 amaris
1377 1302 1536 1347 potionibus
1547 1311 1638 1337 facere
1656 1311 1787 1342 solemus,

1003 1359 1078 1385 succi
1091 1358 1224 1393 scyphum
1243 1366 1327 1385 unum
1341 1358 1436 1386 ebibit.
1448 1358 1583 1391 Quoniam
1600 1361 1691 1385 autem
1708 1357 1793 1392 pedes

1003 1405 1141 1439 ‘quoque,
1160 1404 1206 1438 qui
1231 1408 1339 1439 propter
1357 1404 1524 1431 debilitatem
1544 1403 1686 1431 incedendi
1708 1411 1786 1430 usum

1004 1451 1164 1482 amiserant,
1186 1455 1216 1477 ut
1236 1458 1307 1485 aqua
1338 1450 1443 1477 lavaret
1471 1450 1686 1485 persuasimus..
1704 1456 1794 1483 operae

1004 1497 1123 1531 pretium
1146 1496 1274 1523 existimo
1298 1491 1374 1523 hanc
1397 1496 1478 1523 etiam
1508 1495 1568 1529 ejus
1593 1495 1794 1530 philosophiam

163 1542 258 1569 Ταῦτά
272 1551 316 1577 μοι
329 1543 432 1576 λέγοντι
447 1543 597 1578 συμπαρῆν
613 1544 661 1570 καὶ
675 1545 688 1570 ὁ
703 1543 749 1570 τοῦ
763 1543 831 1570 ε)εοῦ
847 1544 952 1580 ἄνθρω-

1005 1542 1122 1577 aperire.
1153 1541 1182 1568 In
1202 1541 1343 1576 propatulo
1372 1541 1446 1568 enim
1468 1541 1549 1575 juxta
1574 1545 1632 1567 erat
1660 1540 1793 1575 scyphus.

163 1597 215 1619 πος
245 1589 442 1623 Πολυχρόνιος,
465 1588 494 1620 ὃς
518 1588 556 1623 τῷ
583 1589 655 1624 λόγῳ
690 1589 950 1624 συναγωνιζόμενος,

163 1633 245 1664 αὑτὸς
261 1633 369 1668 πρῶτος
384 1634 603 1669 μεταλαμϐάνειν
617 1634 695 1669 ἤθελε
710 1635 760 1670 τῆς
775 1636 889 1670 τροφῆς,
905 1635 952 1661 καὶ

162 1678 249 1704 ταῦτα
264 1673 362 1713 ὄρθρου
383 1678 477 1710 ὄντος,
496 1678 524 1710 ὃς
543 1679 674 1710 πολλάκις
697 1680 731 1706 δι’
749 1680 821 1705 ἑπτὰ
839 1680 951 1716 ἡμερῶν

162 1723 194 1749 τὸ
225 1722 304 1757 σῶμα
328 1723 477 1758 δέτρεφεν.
516 1724 657 1760 Ἠττηθεὶς
683 1725 774 1751 τοίνυν
797 1725 835 1760 τῷ
867 1725 950 1761 λόγῳ,

165 1769 231 1804 μίαν
249 1769 295 1795 τοῦ
313 1769 393 1804 χυλοῦ
414 1770 550 1804 μεμυκόσι
567 1772 624 1802 τοῖς
640 1770 789 1805 ὀφθαλμοῖς
805 1771 951 1806 παρεπέμ-

163 1815 233 1850 ψατο
247 1814 362 1846 κύλικα,
380 1816 447 1850 ὅπερ
469 1817 555 1842 ποιεῖν
570 1817 616 1842 ἐπὶ
635 1818 689 1843 τῶν
706 1817 811 1853 πικρῶν
828 1818 951 1852 ποτίμων

163 1860 310 1896 εἰώθαμεν.
333 1861 443 1896 Ἐπειδὴ
461 1861 488 1887 δὲ
505 1862 552 1888 καὶ
569 1862 632 1893 τοὺς
649 1862 732 1893 πόδας
745 1883 752 1893 ,
774 1862 804 1889 τὸ
830 1862 949 1897 βαδίζειν

164 1907 195 1939 ἐξ
210 1907 318 1938 ἀτονίας
340 1907 524 1938 ἀπολέσαντας
536 1927 543 1937 .
567 1907 643 1934 ὕδατι
659 1908 752 1942 βρέξαι
769 1908 950 1943 πεπείκαμεν,

163 1954 302 1989 προῦργον
317 1954 420 1988 νομίζω
442 1954 488 1980 καὶ
508 1953 608 1988 ταύτην
625 1953 706 1979 αὑτοῦ
722 1953 769 1988 τὴν
793 1954 951 1988 φιλοσοφίαν

163 2000 318 2035 γυμνῶσαι.
337 2000 488 2035 Παρὲκειτο
514 1999 562 2034 μὲν
581 1999 635 2035 γὰρ
658 1999 772 2034 πλησίον
794 2001 807 2026 ὁ
831 2000 950 2033 σκύφος’

164 2046 297 2082 ἐπειράθη
313 2045 341 2072 δέ
356 2054 395 2077 τις
410 2046 463 2071 τῶν
477 2045 672 2072 διακονούντων
685 2045 782 2080 φορμῷ
794 2055 846 2073 τινι
857 2046 952 2073 τοῦτον

165 2092 347 2127 συγκαλύψαι,
364 2091 401 2123 ὡς
425 2091 462 2127 μὴ
484 2091 562 2126 δῆλος
587 2092 629 2126 εἴη
649 2093 705 2123 τοῖς
726 2092 789 2127 παρ’
803 2091 884 2118 αὐτὸν
898 2091 951 2125 ἀφ-

167 2138 380 2173 ικνουμένοις.ὐ
391 2137 432 2163 δέ·
448 2147 456 2162 ι
468 2137 500 2163 Τί
509 2137 736 2173 καλύπτει;,ἐφη,
749 2137 794 2164 τὸν
805 2137 907 2171 σκύφον
919 2145 926 2169 ;
940 2146 948 2162 ι
972 2160 976 2164 .

165 2185 219 2212 Τοῦ
234 2186 261 2212 δὲ
278 2184 418 2220 εἰρηκότος
433 2192 439 2199 ·
455 2193 463 2209 ι
486 2184 528 2215 Ὠς
546 2183 583 2219 μὴ
598 2183 748 2218 ’παράκοιτο
758 2184 814 2215 τοῖς
826 2183 952 2217 ἀφικνου-

166 2232 257 2266 μένοις
270 2232 308 2261 at;
320 2230 446 2265 Θεωρίαν.
455 2240 463 2256 ι
474 2245 507 2250 —
517 2239 525 2255 ι
535 2231 651 2263 Ἄπαγε,
662 2226 754 2265 ἕφη,ὧ
766 2230 825 2261 παῖ,
840 2229 876 2265 μὴ
888 2228 951 2264 κρύ-
966 2228 988 2256 D

165 2286 216 2304 πτε
236 2275 391 2310 ἀνθρώποις
412 2275 445 2301 τὰ
465 2274 504 2310 τῷ
525 2274 592 2310 Θεῷ,
607 2275 661 2301 τῶν
683 2275 750 2302 ὅλων
769 2274 951 2309 δεδηλωμένα.

163 2323 277 2357 Ἐκείνῳ
293 2322 347 2357 γὰρ
370 2321 417 2356 ζῇν
435 2321 507 2357 μόνῳ
522 2321 693 2356 βουλόμενος,
717 2321 766 2356 τῆς
780 2321 953 2356 ἀνθρωπίνης

163 2368 194 2395 οὺ
211 2368 379 2402 πεφρόντικα
395 2367 484 2399 δόξης.
496 2366 528 2392 Τί
539 2366 593 2401 γὰρ
603 2366 709 2400 ὄφελος,
724 2367 747 2392 εἰ
760 2363 832 2393 οὗτοι
846 2367 896 2402 μέν
908 2375 953 2401 μοι

164 2413 276 2440 πλείονα
295 2413 436 2446 συγγνοῖεν
456 2412 581 2446 ἄσκησιν,
602 2413 616 2438 ὁ
636 2411 664 2438 δὲ
688 2412 753 2450 Θεὸς
774 2413 888 2447 μείονα;
906 2411 952 2438 τοῦ

128 2492 130 2494 _
165 2461 218 2495 γὰρ
232 2459 301 2493 ὑπὲρ
315 2459 369 2484 τῶν
390 2458 477 2484 πόνων
493 2457 588 2492 μισθοῦ
603 2458 650 2492 οὐχ
666 2456 737 2485 οὗτοι
750 2459 872 2494 δοτῆρες,
895 2458 952 2485 ἀλλ’

164 2507 179 2532 ὁ
197 2505 263 2536 Θεὸς
288 2505 415 2540 χορηγός.
430 2513 439 2528 ι
458 2503 505 2535 Τίς
528 2503 615 2530 τοίνυν
637 2504 686 2530 οὑκ
700 2505 733 2531 ἂν
749 2505 952 2540 ὑπεραγασθείη

165 2549 212 2575 καὶ
235 2550 298 2580 τοῦς
323 2549 428 2582 λόγους,
452 2548 500 2574 καὶ
524 2548 569 2574 τον
584 2549 647 2580 τοὺς
668 2549 764 2582 λόγους
785 2550 953 2585 γεννήσαντα

164 2594 237 2624 νοῦν,
245 2594 316 2621 οὕτω
325 2594 404 2628 δόξης
412 2593 586 2628 ἀνθρωπίνης
594 2593 777 2628 γεγενημένον
788 2595 838 2621 ὑπὲ
843 2604 887 2630 ρτε
892 2603 948 2631 ρον;

165 2639 291 2666 Τοιοῦτόν
323 2648 350 2666 τι
383 2639 430 2665 καὶ
457 2639 550 2665 ἄλλοτε
579 2639 761 2674 γεγενημένον
793 2640 950 2676 μεμάθηκα.

171 2686 293 2720 Ἐσπέρα
314 2682 359 2720 ἦν,
376 2685 423 2712 καὶ
443 2685 547 2720 ἑσπέρα
567 2684 672 2719 βαθεῖα,
692 2685 739 2711 καὶ
758 2686 808 2720 τῆς
824 2687 925 2721 τροφῆς
938 2687 952 2713 ὁ

167 2730 273 2766 καιρός,
299 2730 395 2756 Λαϐὼν
420 2731 509 2756 τοίνυν
525 2730 554 2756 τὸ
581 2730 783 2765 παρακείμενον
808 2731 951 2767 ὄστρακον,

167 2777 213 2804 τοῦ
228 2776 373 2811 βραχέντος
388 2777 475 2810 φα.κοῦ
493 2776 697 2811 μετελάμϐανε·
713 2776 813 2812 ταύτην
826 2778 880 2813 γὰρ
894 2775 961 2813 εἶχεν

168 2823 217 2858 τὴν
229 2823 340 2858 τροφήν.
358 2819 429 2848 Ἦκε
442 2822 471 2849 δέ
481 2831 521 2854 τις
533 2822 587 2849 ἀπὸ
603 2822 649 2849 τοῦ
667 2823 782 2855 ἄστεως,
810 2823 951 2858 εἴσπραξιν

165 2877 227 2895 τινα
252 2867 449 2902 στρατιωτικὴν
470 2868 732 2903 ἐμπεπιστευμένος.
748 2869 776 2895 Ὀ
784 2869 812 2895 δὲ
827 2869 873 2896 καὶ
886 2870 951 2906 πόρ-

1003 1589 1091 1622 Hunc,
1108 1597 1142 1616 ne
1161 1588 1367 1616 adventantium
1383 1587 1471 1614 oculis
1496 1590 1610 1621 pateret,
1639 1590 1733 1620 sporta
1751 1589 1793 1612 te-

1002 1643 1065 1671 gere
1095 1635 1205 1670 quidam
1232 1642 1246 1662 e
1266 1634 1535 1661 ministriscouatus
1551 1637 1603 1660 est.
1632 1631 1701 1659 Tum
1726 1631 1792 1659 ille:

1004 1690 1013 1706 ι
1029 1680 1098 1713 Quid
1113 1679 1247 1715 scyphum
1270 1678 1410 1706 occultas?
1423 1687 1432 1704 ι
1451 1678 1482 1705 Et
1497 1686 1559 1705 cum
1576 1677 1765 1712 respondisset
1781 1686 1788 1704 :

1005 1726 1059 1754 «Ne
1068 1727 1239 1760 conspicuus
1248 1725 1283 1753 sit
1296 1726 1330 1752 iis
1340 1725 1385 1759 qui
1397 1724 1430 1750 ad
1443 1728 1468 1751 te
1479 1723 1672 1750 venittttt.i—t
1687 1724 1792 1758 Apage,

1001 1773 1101 1807 inquit,
1127 1771 1163 1798 fili
1186 1792 1193 1804 ,
1227 1779 1261 1798 ne
1293 1771 1452 1798 hominibtts
1482 1769 1637 1797 abscondas
1670 1777 1701 1797 ea
1730 1777 1791 1804 qua:

1008 1819 1202 1846 universorum
1227 1817 1282 1845 Deo
1313 1816 1456 1844 manifesta
1483 1819 1558 1842 sunt.
1580 1815 1623 1842 llli
1652 1815 1724 1842 enim
1741 1816 1793 1843 soli

1001 1863 1100 1892 vivere'
1142 1863 1267 1898 cupiens,
1314 1863 1461 1890 humanam
1507 1861 1623 1896 gloriam
1671 1865 1794 1888 contem-

1001 1911 1054 1946 psi.
1096 1910 1173 1943 Quod
1202 1910 1274 1937 enim
1306 1913 1347 1936 est
1375 1909 1603 1940 emolumentum,
1637 1907 1659 1935 si
1697 1907 1793 1941 majori

1004 1956 1108 1992 1241
1139 1956 1336 1983 exercitatione
1365 1963 1445 1982 usuin
1474 1962 1516 1981 me
1532 1954 1622 1981 sciant
1647 1953 1703 1986 iSti,
1721 1952 1793 1979 Deus

1003 2008 1094 2030 autem
1111 2003 1217 2029 minore
1233 2001 1395 2028 ?Laborum
1413 2001 1550 2028 mercedis
1569 2000 1595 2027 hi
1611 2000 1722 2026 datores
1736 2007 1792 2025 non

1003 2054 1078 2081 sunt,
1093 2048 1140 2076 sed
1158 2048 1228 2075 Deus
1244 2048 1359 2083 largitor
1372 2052 1424 2075 est.
1444 2056 1453 2072 ›
1476 2047 1543 2079 Quis
1560 2054 1625 2081 ergo
1641 2053 1695 2072 non
1708 2052 1792 2079 supra

1003 2095 1113 2122 modum
1143 2094 1294 2121 admiretur
1313 2098 1370 2120 tum
1388 2094 1482 2125 verba,
1499 2098 1554 2119 tum
1583 2092 1730 2119 verborqu
1746 2098 1792 2126 pa-

1003 2145 1108 2168 rentem
1127 2140 1201 2167 illius
1231 2144 1361 2170 mentem,
1383 2143 1459 2166 tanto
1475 2139 1592 2165 humana
1610 2138 1696 2172 gloria
1710 2144 1792 2171 supe-

1003 2186 1124 2214 riorem?
1147 2185 1244 2212 Simile
1272 2184 1411 2222 quidpiam
1445 2185 1514 2212 alias
1553 2191 1662 2218 quoque
1690 2183 1790 2210 factum

1004 2233 1124 2261 memini.
1138 2232 1257 2267 Vespera
1269 2234 1375 2268 erat,ct
1388 2230 1497 2266 quidem
1507 2228 1652 2265 profunda,
1668 2232 1791 2263 tempus-

1003 2286 1055 2313 que
1071 2277 1180 2305 edendi.
1196 2277 1311 2311 Arrepta
1328 2283 1393 2309 ergo
1409 2279 1478 2302 testa
1505 2274 1642 2309 apposita,
1668 2273 1788 2300 madefa-

1003 2329 1074 2352 ctam
1085 2324 1185 2351 lentem
1199 2323 1333 2357 sumpsit:
1347 2322 1399 2349 hoc
1409 2321 1469 2349 cibo
1476 2320 1647 2348 vescebatur.
1659 2319 1791 2346 Veniebat

1004 2374 1093 2397 autem
1111 2373 1166 2395 tum
1182 2376 1214 2395 ex
1231 2369 1299 2395 urbe
1311 2367 1432 2402 quidam,
1455 2366 1500 2393 cui
1519 2365 1646 2392 militaris
1666 2364 1789 2399 qua-dam

1003 2415 1151 2444 commissa
1168 2415 1259 2441 fuerat
1285 2413 1404 2441 exactio.
1423 2412 1501 2439 Hunc
1517 2411 1710 2438 adventantem
1728 2417 1791 2445 pro-

1003 2462 1047 2490 cul
1066 2468 1195 2492 cernens,
1220 2460 1319 2487 lentem
1344 2466 1399 2486 non
1415 2457 1552 2493 deposuit.
1570 2457 1617 2484 sed
1648 2456 1739 2483 cibum
1757 2455 1791 2482 de

1003 2515 1078 2534 more
1086 2506 1222 2541 capiebat.
1235 2505 1267 2532 Et
1278 2512 1340 2532 eum
1353 2503 1483 2531 daemonis
1498 2508 1638 2537 spectrum
1647 2508 1710 2529 esse
1724 2508 1791 2527 con-

1001 2553 1105 2588 jiceret,
1122 2551 1213 2579 verbis
1228 2550 1417 2578 insectabatur
1439 2553 1469 2576 ut
1485 2549 1601 2579 hostem,
1617 2555 1649 2574 ac
1675 2547 1740 2574 nihil
1755 2548 1789 2573 li—

1003 2606 1077 2626 mere
1094 2606 1123 2625 se
1134 2597 1293 2627 ostendens,
1310 2597 1409 2624 lentem
1427 2596 1538 2622 interim
1552 2594 1593 2621 ori
1612 2594 1787 2621 admovebat.

1002 2643 1170 2672 Obsecrabat
1185 2648 1277 2670 autem
1295 2642 1340 2676 qui
1360 2633 1495 2681 conriciis
1509 2640 1699 2675 appetebatur,
1717 2644 1744 2666 et
1761 2647 1790 2667 se

1003 2690 1209 2717 hominemesse
1221 2687 1383 2721 afﬁrmabat,
1396 2687 1597 2720 astrictumque
1606 2686 1789 2721 jurejurando

1003 2736 1122 2770 quodex
1142 2735 1209 2762 urbe
1219 2739 1284 2761 ante
1303 2741 1444 2768 vesperam
1463 2732 1626 2764 discederet,
1651 2732 1703 2758 hoc
1719 2736 1786 2758 tom-

1004 2789 1070 2816 pore
1086 2780 1204 2808 venisse.
1224 2780 1285 2814 Ipse
1296 2787 1372 2811 vero,
1398 2790 1407 2804 ι
1424 2779 1498 2805 Bono
1513 2779 1551 2806 sis
1567 2779 1670 2810 animo,
1689 2777 1789 2812 inquit,

1004 2835 1055 2855 nec
1068 2827 1175 2859 timeas,
1190 2827 1237 2854 sed
1254 2835 1301 2854 ora
1319 2831 1346 2854 et
1359 2826 1414 2853 abi.
1441 2825 1546 2853 Mecum
1562 2828 1651 2852 autem
1665 2825 1787 2859 epulare.

1004 2877 1031 2900 et
1065 2872 1148 2908 dapes
1169 2872 1320 2908 participat
1348 2881 1356 2898 ι
1377 2876 1403 2899 et
1419 2872 1476 2899 haec
1501 2871 1594 2898 dicens
1616 2870 1716 2898 lentem
1749 2868 1787 2896 illi
