  <div class='ocr_page' id='page_1' title='image "/cluster/home/n/w/nwhite01/storage/ocr_20150623/82/njp.32101077772802/782.png"; bbox 0 0 2064 3120; ppageno 0'>
   <div class='ocr_carea' id='block_1_1' title="bbox 136 209 201 242">
    <p class='ocr_par' dir='ltr' id='par_1_1' title="bbox 136 209 201 242">
     <span class='ocr_line' id='line_1_1' title="bbox 136 209 201 242; baseline -0.031 0"><span class='ocrx_word' id='word_1_1' title='bbox 136 209 201 242; x_wconf 74' lang='grc'><strong>1441</strong></span> 
     </span>
    </p>
   </div>
   <div class='ocr_carea' id='block_1_2' title="bbox 731 210 1164 242">
    <p class='ocr_par' dir='ltr' id='par_1_2' title="bbox 731 210 1164 242">
     <span class='ocr_line' id='line_1_2' title="bbox 731 210 1164 242; baseline 0.007 -3"><span class='ocrx_word' id='word_1_2' title='bbox 731 210 937 241; x_wconf 74' lang='lat' dir='ltr'><strong>RELIGIOSA</strong></span> <span class='ocrx_word' id='word_1_3' title='bbox 969 213 1164 242; x_wconf 77' lang='lat' dir='ltr'><strong>HISTORIA.</strong></span> 
     </span>
    </p>
   </div>
   <div class='ocr_carea' id='block_1_3' title="bbox 1701 210 1768 242">
    <p class='ocr_par' dir='ltr' id='par_1_3' title="bbox 1701 210 1768 242">
     <span class='ocr_line' id='line_1_3' title="bbox 1701 210 1768 242; baseline 0.015 -1"><span class='ocrx_word' id='word_1_4' title='bbox 1701 210 1768 242; x_wconf 70' lang='grc' dir='ltr'><strong>1-Μὲ</strong></span> 
     </span>
    </p>
   </div>
   <div class='ocr_carea' id='block_1_4' title="bbox 137 263 930 306">
    <p class='ocr_par' dir='ltr' id='par_1_4' title="bbox 137 263 929 306">
     <span class='ocr_line' id='line_1_4' title="bbox 137 263 929 306; baseline -0.004 -14"><span class='ocrx_word' id='word_1_5' title='bbox 137 275 146 291; x_wconf 88' lang='lat'><strong>1</strong></span> <span class='ocrx_word' id='word_1_6' title='bbox 156 265 216 292; x_wconf 76' lang='grc' dir='ltr'>ἀντὶ</span> <span class='ocrx_word' id='word_1_7' title='bbox 240 264 286 292; x_wconf 81' lang='grc' dir='ltr'>τοῦ</span> <span class='ocrx_word' id='word_1_8' title='bbox 313 264 424 299; x_wconf 78' lang='grc' dir='ltr'><strong>ἀγαπᾷν</strong></span> <span class='ocrx_word' id='word_1_9' title='bbox 445 272 479 299; x_wconf 86' lang='grc' dir='ltr'><strong>με</strong></span> <span class='ocrx_word' id='word_1_10' title='bbox 489 285 495 297; x_wconf 89' lang='grc'><strong>,</strong></span> <span class='ocrx_word' id='word_1_11' title='bbox 510 273 518 289; x_wconf 83' lang='lat' dir='ltr'><strong>t</strong></span> <span class='ocrx_word' id='word_1_12' title='bbox 542 263 717 306; x_wconf 45' lang='grc' dir='ltr'>προᾳητίκῶς</span> <span class='ocrx_word' id='word_1_13' title='bbox 733 265 819 290; x_wconf 78' lang='grc' dir='ltr'>εἰπεῖν</span> <span class='ocrx_word' id='word_1_14' title='bbox 832 286 838 297; x_wconf 82' lang='lat'><strong>,</strong></span> <span class='ocrx_word' id='word_1_15' title='bbox 863 275 871 289; x_wconf 76' lang='grc' dir='ltr'><strong>σ</strong></span> <span class='ocrx_word' id='word_1_16' title='bbox 886 265 929 292; x_wconf 81' lang='grc' dir='ltr'>ἐν-</span> 
     </span>
    </p>
   </div>
   <div class='ocr_carea' id='block_1_5' title="bbox 981 263 1767 306">
    <p class='ocr_par' dir='ltr' id='par_1_5' title="bbox 983 267 1767 302">
     <span class='ocr_line' id='line_1_5' title="bbox 983 267 1767 302; baseline 0 -8"><span class='ocrx_word' id='word_1_17' title='bbox 983 267 1130 302; x_wconf 77' lang='lat' dir='ltr'><strong>diligerent</strong></span> <span class='ocrx_word' id='word_1_18' title='bbox 1146 272 1200 300; x_wconf 89' lang='lat' dir='ltr'><strong>me,</strong></span> <span class='ocrx_word' id='word_1_19' title='bbox 1226 276 1235 293; x_wconf 82' lang='lat' dir='ltr'><strong>t</strong></span> <span class='ocrx_word' id='word_1_20' title='bbox 1252 267 1392 302; x_wconf 68' lang='lat' dir='ltr'><strong>Propheta!</strong></span> <span class='ocrx_word' id='word_1_21' title='bbox 1410 271 1439 294; x_wconf 92' lang='lat' dir='ltr'><strong>ut</strong></span> <span class='ocrx_word' id='word_1_22' title='bbox 1455 267 1546 295; x_wconf 84' lang='lat' dir='ltr'><strong>verbis</strong></span> <span class='ocrx_word' id='word_1_23' title='bbox 1564 267 1671 302; x_wconf 86' lang='lat' dir='ltr'><strong>loquar,</strong></span> <span class='ocrx_word' id='word_1_24' title='bbox 1688 278 1700 294; x_wconf 85' lang='lat'><strong>1</strong></span> <span class='ocrx_word' id='word_1_25' title='bbox 1717 267 1767 294; x_wconf 75' lang='lat' dir='ltr'><strong>de—</strong></span> 
     </span>
    </p>
   </div>
   <div class='ocr_carea' id='block_1_6' title="bbox 133 310 927 346">
    <p class='ocr_par' dir='ltr' id='par_1_6' title="bbox 133 310 927 346">
     <span class='ocr_line' id='line_1_6' title="bbox 133 310 927 346; baseline -0.009 -8"><span class='ocrx_word' id='word_1_26' title='bbox 133 310 273 338; x_wconf 72' lang='grc' dir='ltr'>διὲϐαλλόν</span> <span class='ocrx_word' id='word_1_27' title='bbox 292 319 335 346; x_wconf 89' lang='grc' dir='ltr'><strong>με,</strong></span> <span class='ocrx_word' id='word_1_28' title='bbox 355 310 403 336; x_wconf 75' lang='grc' dir='ltr'>καὶ</span> <span class='ocrx_word' id='word_1_29' title='bbox 418 310 511 337; x_wconf 76' lang='grc' dir='ltr'>ἔθεντο</span> <span class='ocrx_word' id='word_1_30' title='bbox 527 311 587 337; x_wconf 82' lang='grc' dir='ltr'>κατ’</span> <span class='ocrx_word' id='word_1_31' title='bbox 608 310 674 344; x_wconf 68' lang='grc' dir='ltr'>ἐμοῦ</span> <span class='ocrx_word' id='word_1_32' title='bbox 691 310 764 336; x_wconf 74' lang='grc' dir='ltr'>κακὰ</span> <span class='ocrx_word' id='word_1_33' title='bbox 784 311 844 337; x_wconf 78' lang='grc' dir='ltr'>ἀντὶ</span> <span class='ocrx_word' id='word_1_34' title='bbox 857 312 927 345; x_wconf 64' lang='grc' dir='ltr'>ἀγαι-</span> 
     </span>
    </p>
   </div>
   <div class='ocr_carea' id='block_1_7' title="bbox 135 353 928 390">
    <p class='ocr_par' dir='ltr' id='par_1_7' title="bbox 135 353 928 390">
     <span class='ocr_line' id='line_1_7' title="bbox 135 353 928 390; baseline -0.001 -8"><span class='ocrx_word' id='word_1_35' title='bbox 135 355 200 388; x_wconf 76' lang='grc' dir='ltr'>θῶν,</span> <span class='ocrx_word' id='word_1_36' title='bbox 225 355 273 382; x_wconf 82' lang='grc' dir='ltr'>καὶ</span> <span class='ocrx_word' id='word_1_37' title='bbox 295 356 372 390; x_wconf 79' lang='grc' dir='ltr'>μῖσος</span> <span class='ocrx_word' id='word_1_38' title='bbox 397 355 457 381; x_wconf 69' lang='grc' dir='ltr'>ἀντὶ</span> <span class='ocrx_word' id='word_1_39' title='bbox 479 355 528 389; x_wconf 80' lang='grc' dir='ltr'>τῆς</span> <span class='ocrx_word' id='word_1_40' title='bbox 555 353 722 390; x_wconf 75' lang='grc' dir='ltr'>ἀγαπήσεως</span> <span class='ocrx_word' id='word_1_41' title='bbox 747 364 817 390; x_wconf 86' lang='grc' dir='ltr'>μου·</span> <span class='ocrx_word' id='word_1_42' title='bbox 846 365 854 380; x_wconf 83' lang='lat' dir='ltr'><strong>t</strong></span> <span class='ocrx_word' id='word_1_43' title='bbox 880 356 928 382; x_wconf 74' lang='grc' dir='ltr'>καὶ</span> 
     </span>
    </p>
   </div>
   <div class='ocr_carea' id='block_1_8' title="bbox 135 399 925 436">
    <p class='ocr_par' dir='ltr' id='par_1_8' title="bbox 135 399 925 436">
     <span class='ocr_line' id='line_1_8' title="bbox 135 399 925 436; baseline 0 -9"><span class='ocrx_word' id='word_1_44' title='bbox 135 402 278 436; x_wconf 81' lang='grc' dir='ltr'>γοητικαῐς</span> <span class='ocrx_word' id='word_1_45' title='bbox 289 399 425 436; x_wconf 84' lang='grc' dir='ltr'>χρώμενοι</span> <span class='ocrx_word' id='word_1_46' title='bbox 444 400 640 435; x_wconf 78' lang='grc' dir='ltr'><strong>μαγγανείαις,</strong></span> <span class='ocrx_word' id='word_1_47' title='bbox 655 400 702 426; x_wconf 74' lang='grc' dir='ltr'>καὶ</span> <span class='ocrx_word' id='word_1_48' title='bbox 712 400 819 435; x_wconf 83' lang='grc' dir='ltr'>δαίμοσι</span> <span class='ocrx_word' id='word_1_49' title='bbox 841 410 925 436; x_wconf 83' lang='grc' dir='ltr'>πονη-</span> 
     </span>
    </p>
   </div>
   <div class='ocr_carea' id='block_1_9' title="bbox 136 446 925 484">
    <p class='ocr_par' dir='ltr' id='par_1_9' title="bbox 136 446 925 484">
     <span class='ocr_line' id='line_1_9' title="bbox 136 446 925 484; baseline 0 -11"><span class='ocrx_word' id='word_1_50' title='bbox 136 448 192 484; x_wconf 86' lang='grc' dir='ltr'>ροῖς</span> <span class='ocrx_word' id='word_1_51' title='bbox 207 447 346 481; x_wconf 77' lang='grc' dir='ltr'>συνεργοῖς</span> <span class='ocrx_word' id='word_1_52' title='bbox 362 446 535 481; x_wconf 74' lang='grc' dir='ltr'><strong>κεχρημένοι,</strong></span> <span class='ocrx_word' id='word_1_53' title='bbox 560 446 688 481; x_wconf 78' lang='grc' dir='ltr'><strong>ἀοράτως</strong></span> <span class='ocrx_word' id='word_1_54' title='bbox 711 447 838 481; x_wconf 66' lang='grc' dir='ltr'>πολεμεῖν</span> <span class='ocrx_word' id='word_1_55' title='bbox 853 448 925 473; x_wconf 79' lang='grc' dir='ltr'>ἐπει-</span> 
     </span>
    </p>
   </div>
   <div class='ocr_carea' id='block_1_10' title="bbox 135 489 928 535">
    <p class='ocr_par' dir='ltr' id='par_1_10' title="bbox 135 489 928 535">
     <span class='ocr_line' id='line_1_10' title="bbox 135 489 928 535; baseline -0.001 -15"><span class='ocrx_word' id='word_1_56' title='bbox 135 494 241 535; x_wconf 55' lang='grc' dir='ltr'>ρῶντο..</span> <span class='ocrx_word' id='word_1_57' title='bbox 259 492 314 520; x_wconf 84' lang='grc' dir='ltr'>Καί</span> <span class='ocrx_word' id='word_1_58' title='bbox 334 501 399 518; x_wconf 87' lang='grc' dir='ltr'>ποτε</span> <span class='ocrx_word' id='word_1_59' title='bbox 421 492 529 527; x_wconf 82' lang='grc' dir='ltr'><strong>νύκτωρ</strong></span> <span class='ocrx_word' id='word_1_60' title='bbox 547 489 599 529; x_wconf 79' lang='grc' dir='ltr'><strong>ἧκέ</strong></span> <span class='ocrx_word' id='word_1_61' title='bbox 630 501 672 522; x_wconf 81' lang='grc' dir='ltr'><strong>τις</strong></span> <span class='ocrx_word' id='word_1_62' title='bbox 695 492 763 527; x_wconf 81' lang='grc' dir='ltr'>βοῶν</span> <span class='ocrx_word' id='word_1_63' title='bbox 789 493 928 527; x_wconf 84' lang='grc' dir='ltr'>ἀλιτήριος</span> 
     </span>
    </p>
   </div>
   <div class='ocr_carea' id='block_1_11' title="bbox 133 530 926 578">
    <p class='ocr_par' dir='ltr' id='par_1_11' title="bbox 133 538 926 578">
     <span class='ocr_line' id='line_1_11' title="bbox 133 538 926 578; baseline -0.009 -8"><span class='ocrx_word' id='word_1_64' title='bbox 133 543 248 578; x_wconf 82' lang='grc' dir='ltr'>δαίμων,</span> <span class='ocrx_word' id='word_1_65' title='bbox 258 542 304 569; x_wconf 68' lang='grc' dir='ltr'>καὶ</span> <span class='ocrx_word' id='word_1_66' title='bbox 315 543 347 577; x_wconf 86' lang='grc' dir='ltr'>τῇ</span> <span class='ocrx_word' id='word_1_67' title='bbox 359 542 433 576; x_wconf 73' lang='grc' dir='ltr'>Σύρᾳ.</span> <span class='ocrx_word' id='word_1_68' title='bbox 443 540 612 576; x_wconf 78' lang='grc' dir='ltr'><strong>κεχρημένος</strong></span> <span class='ocrx_word' id='word_1_69' title='bbox 621 539 711 574; x_wconf 78' lang='grc' dir='ltr'>φωνῇ·</span> <span class='ocrx_word' id='word_1_70' title='bbox 727 548 735 564; x_wconf 82' lang='lat'><strong>1</strong></span> <span class='ocrx_word' id='word_1_71' title='bbox 747 538 778 564; x_wconf 89' lang='grc' dir='ltr'>Τί</span> <span class='ocrx_word' id='word_1_72' title='bbox 790 538 926 573; x_wconf 82' lang='grc' dir='ltr'>πολεμεῖς,</span> 
     </span>
    </p>
   </div>
   <div class='ocr_carea' id='block_1_12' title="bbox 134 584 927 623">
    <p class='ocr_par' dir='ltr' id='par_1_12' title="bbox 134 584 927 623">
     <span class='ocr_line' id='line_1_12' title="bbox 134 584 927 623; baseline 0.009 -8"><span class='ocrx_word' id='word_1_73' title='bbox 134 589 240 620; x_wconf 73' lang='grc' dir='ltr'>ὸδεῖνα,</span> <span class='ocrx_word' id='word_1_74' title='bbox 269 588 431 623; x_wconf 77' lang='grc' dir='ltr'>Μαρκίωνι;</span> <span class='ocrx_word' id='word_1_75' title='bbox 456 587 481 623; x_wconf 59' lang='grc' dir='ltr'><strong>τί</strong></span> <span class='ocrx_word' id='word_1_76' title='bbox 495 587 595 622; x_wconf 77' lang='grc' dir='ltr'>δήποτε</span> <span class='ocrx_word' id='word_1_77' title='bbox 612 585 640 612; x_wconf 72' lang='grc' dir='ltr'>δὲ</span> <span class='ocrx_word' id='word_1_78' title='bbox 659 585 708 620; x_wconf 69' lang='grc' dir='ltr'><strong>τὴν</strong></span> <span class='ocrx_word' id='word_1_79' title='bbox 737 585 804 620; x_wconf 72' lang='grc' dir='ltr'><strong>πρδὲ</strong></span> <span class='ocrx_word' id='word_1_80' title='bbox 834 584 927 610; x_wconf 54' lang='grc' dir='ltr'><strong>τοῦτον</strong></span> 
     </span>
    </p>
   </div>
   <div class='ocr_carea' id='block_1_13' title="bbox 134 630 927 669">
    <p class='ocr_par' dir='ltr' id='par_1_13' title="bbox 134 630 927 669">
     <span class='ocr_line' id='line_1_13' title="bbox 134 630 927 669; baseline -0.009 -7"><span class='ocrx_word' id='word_1_81' title='bbox 134 635 288 668; x_wconf 78' lang='grc' dir='ltr'>ἀναδέδεξαι</span> <span class='ocrx_word' id='word_1_82' title='bbox 302 635 390 669; x_wconf 78' lang='grc' dir='ltr'>μάχην</span> <span class='ocrx_word' id='word_1_83' title='bbox 404 642 410 666; x_wconf 86' lang='grc'>;</span> <span class='ocrx_word' id='word_1_84' title='bbox 423 633 447 660; x_wconf 87' lang='grc' dir='ltr'><strong>τί</strong></span> <span class='ocrx_word' id='word_1_85' title='bbox 459 641 499 659; x_wconf 86' lang='grc' dir='ltr'><strong>σοι</strong></span> <span class='ocrx_word' id='word_1_86' title='bbox 511 631 632 668; x_wconf 67' lang='grc' dir='ltr'>λυπηρὸν</span> <span class='ocrx_word' id='word_1_87' title='bbox 643 631 789 667; x_wconf 76' lang='grc' dir='ltr'><strong>εἰργάσατο</strong></span> <span class='ocrx_word' id='word_1_88' title='bbox 801 630 927 663; x_wconf 60' lang='lat' dir='ltr'><strong>mitrata;</strong></span> 
     </span>
    </p>
   </div>
   <div class='ocr_carea' id='block_1_14' title="bbox 135 675 926 713">
    <p class='ocr_par' dir='ltr' id='par_1_14' title="bbox 135 675 926 713">
     <span class='ocr_line' id='line_1_14' title="bbox 135 675 926 713; baseline -0.005 -8"><span class='ocrx_word' id='word_1_89' title='bbox 135 680 223 706; x_wconf 79' lang='grc' dir='ltr'>Λῦσον</span> <span class='ocrx_word' id='word_1_90' title='bbox 243 680 287 705; x_wconf 62' lang='grc' dir='ltr'>τὸν</span> <span class='ocrx_word' id='word_1_91' title='bbox 307 679 437 713; x_wconf 79' lang='grc' dir='ltr'>πόλεμον,</span> <span class='ocrx_word' id='word_1_92' title='bbox 463 678 639 704; x_wconf 63' lang='grc' dir='ltr'>κατάπαυε-ον</span> <span class='ocrx_word' id='word_1_93' title='bbox 652 677 702 711; x_wconf 81' lang='grc' dir='ltr'><strong>τὴν</strong></span> <span class='ocrx_word' id='word_1_94' title='bbox 717 675 879 710; x_wconf 82' lang='grc' dir='ltr'>δυσμένειαν</span> <span class='ocrx_word' id='word_1_95' title='bbox 891 684 897 689; x_wconf 92' lang='grc'><strong>·</strong></span> <span class='ocrx_word' id='word_1_96' title='bbox 910 675 926 711; x_wconf 88' lang='grc' dir='ltr'>ἢ</span> 
     </span>
    </p>
   </div>
   <div class='ocr_carea' id='block_1_15' title="bbox 135 720 928 761">
    <p class='ocr_par' dir='ltr' id='par_1_15' title="bbox 135 720 928 761">
     <span class='ocr_line' id='line_1_15' title="bbox 135 720 928 761; baseline -0.005 -10"><span class='ocrx_word' id='word_1_97' title='bbox 135 726 167 760; x_wconf 85' lang='grc' dir='ltr'>τῇ</span> <span class='ocrx_word' id='word_1_98' title='bbox 185 725 267 761; x_wconf 74' lang='grc' dir='ltr'>πείρᾳ</span> <span class='ocrx_word' id='word_1_99' title='bbox 283 725 472 760; x_wconf 73' lang='grc' dir='ltr'>μαθήτειὸτον</span> <span class='ocrx_word' id='word_1_100' title='bbox 490 724 570 750; x_wconf 72' lang='grc' dir='ltr'>καλδν</span> <span class='ocrx_word' id='word_1_101' title='bbox 595 723 710 758; x_wconf 59' lang='grc' dir='ltr'>ἡσυχία.</span> <span class='ocrx_word' id='word_1_102' title='bbox 732 720 768 748; x_wconf 71' lang='grc' dir='ltr'><strong>Εὖ</strong></span> <span class='ocrx_word' id='word_1_103' title='bbox 784 722 840 748; x_wconf 76' lang='grc' dir='ltr'>ἴσθι</span> <span class='ocrx_word' id='word_1_104' title='bbox 863 722 928 756; x_wconf 81' lang='grc' dir='ltr'>γὰρ,</span> 
     </span>
    </p>
   </div>
   <div class='ocr_carea' id='block_1_16' title="bbox 135 768 929 805">
    <p class='ocr_par' dir='ltr' id='par_1_16' title="bbox 135 768 929 805">
     <span class='ocr_line' id='line_1_16' title="bbox 135 768 929 805; baseline -0.005 -8"><span class='ocrx_word' id='word_1_105' title='bbox 135 772 172 803; x_wconf 86' lang='grc' dir='ltr'>ὡς</span> <span class='ocrx_word' id='word_1_106' title='bbox 183 771 266 797; x_wconf 69' lang='grc' dir='ltr'>πάλαι</span> <span class='ocrx_word' id='word_1_107' title='bbox 281 771 313 798; x_wconf 76' lang='grc' dir='ltr'>ἄν</span> <span class='ocrx_word' id='word_1_108' title='bbox 328 780 356 796; x_wconf 86' lang='grc' dir='ltr'><strong>σε</strong></span> <span class='ocrx_word' id='word_1_109' title='bbox 371 770 566 805; x_wconf 39' lang='grc' dir='ltr'>καττικόντισα,</span> <span class='ocrx_word' id='word_1_110' title='bbox 581 771 604 795; x_wconf 81' lang='grc' dir='ltr'>εἰ</span> <span class='ocrx_word' id='word_1_111' title='bbox 623 769 659 804; x_wconf 87' lang='grc' dir='ltr'><strong>μὴ</strong></span> <span class='ocrx_word' id='word_1_112' title='bbox 681 768 727 794; x_wconf 77' lang='grc' dir='ltr'>τὸν</span> <span class='ocrx_word' id='word_1_113' title='bbox 743 768 796 794; x_wconf 88' lang='grc' dir='ltr'><strong>τῶν</strong></span> <span class='ocrx_word' id='word_1_114' title='bbox 827 768 929 803; x_wconf 84' lang='grc' dir='ltr'>μαρτύ-</span> 
     </span>
    </p>
   </div>
   <div class='ocr_carea' id='block_1_17' title="bbox 135 814 926 852">
    <p class='ocr_par' dir='ltr' id='par_1_17' title="bbox 135 814 926 852">
     <span class='ocr_line' id='line_1_17' title="bbox 135 814 926 852; baseline -0.004 -9"><span class='ocrx_word' id='word_1_115' title='bbox 135 826 191 852; x_wconf 85' lang='grc' dir='ltr'><strong>ρων</strong></span> <span class='ocrx_word' id='word_1_116' title='bbox 219 817 299 852; x_wconf 68' lang='grc' dir='ltr'>χορὸν</span> <span class='ocrx_word' id='word_1_117' title='bbox 327 817 376 842; x_wconf 79' lang='grc' dir='ltr'><strong>σὺν</strong></span> <span class='ocrx_word' id='word_1_118' title='bbox 396 815 518 850; x_wconf 75' lang='grc' dir='ltr'>Ἰακώϐῳ</span> <span class='ocrx_word' id='word_1_119' title='bbox 551 814 724 850; x_wconf 76' lang='grc' dir='ltr'>φρουροῦντα</span> <span class='ocrx_word' id='word_1_120' title='bbox 742 823 771 841; x_wconf 90' lang='grc' dir='ltr'><strong>σε</strong></span> <span class='ocrx_word' id='word_1_121' title='bbox 797 814 901 849; x_wconf 78' lang='grc' dir='ltr'>ἑώρων.</span> <span class='ocrx_word' id='word_1_122' title='bbox 917 823 926 839; x_wconf 79' lang='lat' dir='ltr'><strong>t</strong></span> 
     </span>
    </p>
   </div>
   <div class='ocr_carea' id='block_1_18' title="bbox 135 861 930 897">
    <p class='ocr_par' dir='ltr' id='par_1_18' title="bbox 135 861 930 897">
     <span class='ocr_line' id='line_1_18' title="bbox 135 861 930 897; baseline -0.005 -7"><span class='ocrx_word' id='word_1_123' title='bbox 135 864 260 890; x_wconf 79' lang='grc' dir='ltr'><strong>Ἤκουσα</strong></span> <span class='ocrx_word' id='word_1_124' title='bbox 279 862 381 889; x_wconf 83' lang='grc' dir='ltr'>τούτων</span> <span class='ocrx_word' id='word_1_125' title='bbox 397 862 461 897; x_wconf 79' lang='grc' dir='ltr'>ἐγὼ,</span> <span class='ocrx_word' id='word_1_126' title='bbox 482 861 529 888; x_wconf 84' lang='grc' dir='ltr'><strong>καί</strong></span> <span class='ocrx_word' id='word_1_127' title='bbox 544 870 598 888; x_wconf 88' lang='grc' dir='ltr'>τινι</span> <span class='ocrx_word' id='word_1_128' title='bbox 610 861 664 888; x_wconf 86' lang='grc' dir='ltr'><strong>τῶν</strong></span> <span class='ocrx_word' id='word_1_129' title='bbox 683 861 833 896; x_wconf 84' lang='grc' dir='ltr'>γνωρίμων</span> <span class='ocrx_word' id='word_1_130' title='bbox 861 861 930 896; x_wconf 79' lang='grc' dir='ltr'>πλη-</span> 
     </span>
    </p>
   </div>
   <div class='ocr_carea' id='block_1_19' title="bbox 134 906 931 943">
    <p class='ocr_par' dir='ltr' id='par_1_19' title="bbox 134 906 931 943">
     <span class='ocr_line' id='line_1_19' title="bbox 134 906 931 943; baseline -0.004 -7"><span class='ocrx_word' id='word_1_131' title='bbox 134 910 192 936; x_wconf 84' lang='grc' dir='ltr'>σίον</span> <span class='ocrx_word' id='word_1_132' title='bbox 207 909 363 936; x_wconf 87' lang='grc' dir='ltr'>καθεύδοντι</span> <span class='ocrx_word' id='word_1_133' title='bbox 379 917 385 924; x_wconf 94' lang='grc'><strong>·</strong></span> <span class='ocrx_word' id='word_1_134' title='bbox 406 919 414 935; x_wconf 97' lang='lat'><strong>1</strong></span> <span class='ocrx_word' id='word_1_135' title='bbox 434 908 567 941; x_wconf 78' lang='grc' dir='ltr'><strong>Ἀκούεις,</strong></span> <span class='ocrx_word' id='word_1_136' title='bbox 588 907 667 943; x_wconf 78' lang='grc' dir='ltr'>ἔφην,</span> <span class='ocrx_word' id='word_1_137' title='bbox 680 909 694 934; x_wconf 85' lang='grc' dir='ltr'>ὁ</span> <span class='ocrx_word' id='word_1_138' title='bbox 707 908 791 939; x_wconf 80' lang='grc' dir='ltr'>δεῖνα,</span> <span class='ocrx_word' id='word_1_139' title='bbox 816 906 873 934; x_wconf 84' lang='grc' dir='ltr'><strong>τῶν</strong></span> <span class='ocrx_word' id='word_1_140' title='bbox 885 907 931 933; x_wconf 91' lang='grc' dir='ltr'>λε-</span> 
     </span>
    </p>
   </div>
   <div class='ocr_carea' id='block_1_20' title="bbox 979 313 1767 348">
    <p class='ocr_par' dir='ltr' id='par_1_20' title="bbox 979 313 1767 348">
     <span class='ocr_line' id='line_1_20' title="bbox 979 313 1767 348; baseline 0.001 -8"><span class='ocrx_word' id='word_1_141' title='bbox 979 313 1124 343; x_wconf 87' lang='lat' dir='ltr'><strong>trahebant</strong></span> <span class='ocrx_word' id='word_1_142' title='bbox 1145 313 1222 344; x_wconf 86' lang='lat' dir='ltr'><strong>mibi,</strong></span> <span class='ocrx_word' id='word_1_143' title='bbox 1243 317 1271 340; x_wconf 82' lang='lat' dir='ltr'><strong>et</strong></span> <span class='ocrx_word' id='word_1_144' title='bbox 1287 318 1439 348; x_wconf 86' lang='lat' dir='ltr'><strong>posuerunt</strong></span> <span class='ocrx_word' id='word_1_145' title='bbox 1460 313 1607 347; x_wconf 83' lang='lat' dir='ltr'><strong>adversum</strong></span> <span class='ocrx_word' id='word_1_146' title='bbox 1629 321 1672 341; x_wconf 88' lang='lat' dir='ltr'><strong>me</strong></span> <span class='ocrx_word' id='word_1_147' title='bbox 1696 314 1767 341; x_wconf 87' lang='lat' dir='ltr'><strong>mala</strong></span> 
     </span>
    </p>
   </div>
   <div class='ocr_carea' id='block_1_21' title="bbox 980 358 1769 395">
    <p class='ocr_par' dir='ltr' id='par_1_21' title="bbox 980 358 1769 395">
     <span class='ocr_line' id='line_1_21' title="bbox 980 358 1769 395; baseline 0 -9"><span class='ocrx_word' id='word_1_148' title='bbox 980 366 1029 393; x_wconf 88' lang='lat' dir='ltr'><strong>pro</strong></span> <span class='ocrx_word' id='word_1_149' title='bbox 1046 359 1136 391; x_wconf 87' lang='lat' dir='ltr'><strong>bonis,</strong></span> <span class='ocrx_word' id='word_1_150' title='bbox 1150 359 1282 386; x_wconf 84' lang='lat' dir='ltr'><strong>etodium</strong></span> <span class='ocrx_word' id='word_1_151' title='bbox 1299 366 1348 394; x_wconf 85' lang='lat' dir='ltr'><strong>pro</strong></span> <span class='ocrx_word' id='word_1_152' title='bbox 1363 358 1510 386; x_wconf 76' lang='lat' dir='ltr'><strong>dilectione</strong></span> <span class='ocrx_word' id='word_1_153' title='bbox 1537 365 1636 391; x_wconf 66' lang='lat' dir='ltr'><strong>meas;</strong></span> <span class='ocrx_word' id='word_1_154' title='bbox 1655 369 1663 385; x_wconf 77' lang='grc' dir='ltr'><strong>ι</strong></span> <span class='ocrx_word' id='word_1_155' title='bbox 1683 361 1769 395; x_wconf 74' lang='lat' dir='ltr'><strong>magi~</strong></span> 
     </span>
    </p>
   </div>
   <div class='ocr_carea' id='block_1_22' title="bbox 978 404 1768 440">
    <p class='ocr_par' dir='ltr' id='par_1_22' title="bbox 978 404 1768 440">
     <span class='ocr_line' id='line_1_22' title="bbox 978 404 1768 440; baseline 0.003 -9"><span class='ocrx_word' id='word_1_156' title='bbox 978 405 1073 439; x_wconf 88' lang='lat' dir='ltr'><strong>eisque</strong></span> <span class='ocrx_word' id='word_1_157' title='bbox 1103 404 1251 440; x_wconf 73' lang='lat' dir='ltr'><strong>praestigiis</strong></span> <span class='ocrx_word' id='word_1_158' title='bbox 1278 404 1332 436; x_wconf 89' lang='lat' dir='ltr'><strong>usi,</strong></span> <span class='ocrx_word' id='word_1_159' title='bbox 1356 409 1383 432; x_wconf 86' lang='lat' dir='ltr'><strong>et</strong></span> <span class='ocrx_word' id='word_1_160' title='bbox 1406 405 1588 439; x_wconf 88' lang='lat' dir='ltr'><strong>pessimorum</strong></span> <span class='ocrx_word' id='word_1_161' title='bbox 1613 405 1768 432; x_wconf 64' lang='lat' dir='ltr'><strong>daemonum</strong></span> 
     </span>
    </p>
   </div>
   <div class='ocr_carea' id='block_1_23' title="bbox 978 450 1768 484">
    <p class='ocr_par' dir='ltr' id='par_1_23' title="bbox 978 450 1768 484">
     <span class='ocr_line' id='line_1_23' title="bbox 978 450 1768 484; baseline 0.001 -7"><span class='ocrx_word' id='word_1_162' title='bbox 978 451 1111 478; x_wconf 80' lang='lat' dir='ltr'><strong>auxilium</strong></span> <span class='ocrx_word' id='word_1_163' title='bbox 1125 451 1305 484; x_wconf 84' lang='lat' dir='ltr'><strong>asciseentes,</strong></span> <span class='ocrx_word' id='word_1_164' title='bbox 1321 451 1460 478; x_wconf 84' lang='lat' dir='ltr'><strong>invisibile</strong></span> <span class='ocrx_word' id='word_1_165' title='bbox 1471 451 1572 478; x_wconf 88' lang='lat' dir='ltr'><strong>bellum</strong></span> <span class='ocrx_word' id='word_1_166' title='bbox 1587 450 1688 478; x_wconf 87' lang='lat' dir='ltr'><strong>inferre</strong></span> <span class='ocrx_word' id='word_1_167' title='bbox 1700 458 1768 478; x_wconf 83' lang='lat' dir='ltr'><strong>eon-</strong></span> 
     </span>
    </p>
   </div>
   <div class='ocr_carea' id='block_1_24' title="bbox 980 495 1770 531">
    <p class='ocr_par' dir='ltr' id='par_1_24' title="bbox 980 495 1770 531">
     <span class='ocr_line' id='line_1_24' title="bbox 980 495 1770 531; baseline 0.003 -10"><span class='ocrx_word' id='word_1_168' title='bbox 980 496 1140 523; x_wconf 88' lang='lat' dir='ltr'><strong>tcttdebant.</strong></span> <span class='ocrx_word' id='word_1_169' title='bbox 1158 495 1294 531; x_wconf 83' lang='lat' dir='ltr'><strong>Venitque</strong></span> <span class='ocrx_word' id='word_1_170' title='bbox 1313 495 1464 531; x_wconf 81' lang='lat' dir='ltr'><strong>aliquando</strong></span> <span class='ocrx_word' id='word_1_171' title='bbox 1479 496 1488 505; x_wconf 62' lang='grc' dir='ltr'><strong>θ</strong></span> <span class='ocrx_word' id='word_1_172' title='bbox 1502 495 1536 522; x_wconf 87' lang='lat' dir='ltr'><strong>de</strong></span> <span class='ocrx_word' id='word_1_173' title='bbox 1551 500 1631 523; x_wconf 89' lang='lat' dir='ltr'><strong>ttocte</strong></span> <span class='ocrx_word' id='word_1_174' title='bbox 1651 496 1770 523; x_wconf 80' lang='lat' dir='ltr'><strong>exitialis</strong></span> 
     </span>
    </p>
   </div>
   <div class='ocr_carea' id='block_1_25' title="bbox 979 541 1767 577">
    <p class='ocr_par' dir='ltr' id='par_1_25' title="bbox 979 541 1767 577">
     <span class='ocr_line' id='line_1_25' title="bbox 979 541 1767 577; baseline 0 -9"><span class='ocrx_word' id='word_1_175' title='bbox 979 542 1090 576; x_wconf 84' lang='lat' dir='ltr'><strong>quidam</strong></span> <span class='ocrx_word' id='word_1_176' title='bbox 1113 542 1222 569; x_wconf 67' lang='lat' dir='ltr'><strong>daamon</strong></span> <span class='ocrx_word' id='word_1_177' title='bbox 1246 542 1382 573; x_wconf 86' lang='lat' dir='ltr'><strong>clamans,</strong></span> <span class='ocrx_word' id='word_1_178' title='bbox 1398 545 1425 569; x_wconf 89' lang='lat' dir='ltr'><strong>et</strong></span> <span class='ocrx_word' id='word_1_179' title='bbox 1447 541 1515 577; x_wconf 84' lang='lat' dir='ltr'><strong>Syra</strong></span> <span class='ocrx_word' id='word_1_180' title='bbox 1540 541 1656 576; x_wconf 90' lang='lat' dir='ltr'><strong>loquens</strong></span> <span class='ocrx_word' id='word_1_181' title='bbox 1682 549 1767 568; x_wconf 84' lang='lat' dir='ltr'><strong>voce:</strong></span> 
     </span>
    </p>
   </div>
   <div class='ocr_carea' id='block_1_26' title="bbox 983 586 1771 623">
    <p class='ocr_par' dir='ltr' id='par_1_26' title="bbox 983 586 1771 623">
     <span class='ocr_line' id='line_1_26' title="bbox 983 586 1771 623; baseline 0.001 -12"><span class='ocrx_word' id='word_1_182' title='bbox 983 595 991 611; x_wconf 83' lang='grc' dir='ltr'><strong>ι</strong></span> <span class='ocrx_word' id='word_1_183' title='bbox 1012 586 1084 619; x_wconf 86' lang='lat' dir='ltr'><strong>Quid</strong></span> <span class='ocrx_word' id='word_1_184' title='bbox 1108 589 1176 615; x_wconf 88' lang='lat' dir='ltr'><strong>heus</strong></span> <span class='ocrx_word' id='word_1_185' title='bbox 1200 593 1228 614; x_wconf 91' lang='lat' dir='ltr'><strong>tu</strong></span> <span class='ocrx_word' id='word_1_186' title='bbox 1253 588 1356 615; x_wconf 88' lang='lat' dir='ltr'><strong>bellutn</strong></span> <span class='ocrx_word' id='word_1_187' title='bbox 1375 587 1447 623; x_wconf 76' lang='lat' dir='ltr'><strong>geris</strong></span> <span class='ocrx_word' id='word_1_188' title='bbox 1465 595 1526 614; x_wconf 87' lang='lat' dir='ltr'><strong>eum</strong></span> <span class='ocrx_word' id='word_1_189' title='bbox 1545 586 1703 613; x_wconf 78' lang='lat' dir='ltr'><strong>Marcione?</strong></span> <span class='ocrx_word' id='word_1_190' title='bbox 1721 594 1771 613; x_wconf 89' lang='lat' dir='ltr'><strong>cur</strong></span> 
     </span>
    </p>
   </div>
   <div class='ocr_carea' id='block_1_27' title="bbox 980 632 1771 669">
    <p class='ocr_par' dir='ltr' id='par_1_27' title="bbox 980 632 1771 669">
     <span class='ocr_line' id='line_1_27' title="bbox 980 632 1771 669; baseline -0.001 -10"><span class='ocrx_word' id='word_1_191' title='bbox 980 632 1089 660; x_wconf 85' lang='lat' dir='ltr'><strong>tandem</strong></span> <span class='ocrx_word' id='word_1_192' title='bbox 1106 641 1168 661; x_wconf 88' lang='lat' dir='ltr'><strong>ettttt</strong></span> <span class='ocrx_word' id='word_1_193' title='bbox 1182 634 1229 660; x_wconf 89' lang='lat' dir='ltr'><strong>illo</strong></span> <span class='ocrx_word' id='word_1_194' title='bbox 1242 634 1314 662; x_wconf 85' lang='lat' dir='ltr'><strong>Itane</strong></span> <span class='ocrx_word' id='word_1_195' title='bbox 1333 641 1450 669; x_wconf 77' lang='lat' dir='ltr'><strong>pugnam</strong></span> <span class='ocrx_word' id='word_1_196' title='bbox 1465 633 1634 667; x_wconf 76' lang='lat' dir='ltr'><strong>suscepisti?</strong></span> <span class='ocrx_word' id='word_1_197' title='bbox 1647 632 1712 667; x_wconf 85' lang='lat' dir='ltr'><strong>quid</strong></span> <span class='ocrx_word' id='word_1_198' title='bbox 1726 632 1771 660; x_wconf 84' lang='lat' dir='ltr'><strong>ille</strong></span> 
     </span>
    </p>
   </div>
   <div class='ocr_carea' id='block_1_28' title="bbox 980 678 1771 714">
    <p class='ocr_par' dir='ltr' id='par_1_28' title="bbox 980 678 1771 714">
     <span class='ocr_line' id='line_1_28' title="bbox 980 678 1771 714; baseline 0 -10"><span class='ocrx_word' id='word_1_199' title='bbox 980 679 1030 705; x_wconf 79' lang='lat' dir='ltr'><strong>tibi</strong></span> <span class='ocrx_word' id='word_1_200' title='bbox 1047 679 1181 707; x_wconf 73' lang='lat' dir='ltr'><strong>molestia:</strong></span> <span class='ocrx_word' id='word_1_201' title='bbox 1196 682 1310 711; x_wconf 82' lang='lat' dir='ltr'><strong>creavit,</strong></span> <span class='ocrx_word' id='word_1_202' title='bbox 1331 680 1466 714; x_wconf 78' lang='lat' dir='ltr'><strong>inquam?</strong></span> <span class='ocrx_word' id='word_1_203' title='bbox 1480 679 1585 707; x_wconf 85' lang='lat' dir='ltr'><strong>Bcllare</strong></span> <span class='ocrx_word' id='word_1_204' title='bbox 1600 679 1704 710; x_wconf 86' lang='lat' dir='ltr'><strong>desine,</strong></span> <span class='ocrx_word' id='word_1_205' title='bbox 1719 678 1771 704; x_wconf 91' lang='lat' dir='ltr'><strong>ini-</strong></span> 
     </span>
    </p>
   </div>
   <div class='ocr_carea' id='block_1_29' title="bbox 981 722 1770 758">
    <p class='ocr_par' dir='ltr' id='par_1_29' title="bbox 981 722 1770 758">
     <span class='ocr_line' id='line_1_29' title="bbox 981 722 1770 758; baseline -0.001 -10"><span class='ocrx_word' id='word_1_206' title='bbox 981 722 1099 750; x_wconf 79' lang='lat' dir='ltr'><strong>micitias</strong></span> <span class='ocrx_word' id='word_1_207' title='bbox 1114 723 1233 758; x_wconf 85' lang='lat' dir='ltr'><strong>depone,</strong></span> <span class='ocrx_word' id='word_1_208' title='bbox 1257 729 1304 750; x_wconf 86' lang='lat' dir='ltr'><strong>aut</strong></span> <span class='ocrx_word' id='word_1_209' title='bbox 1330 724 1498 757; x_wconf 80' lang='lat' dir='ltr'><strong>experientia</strong></span> <span class='ocrx_word' id='word_1_210' title='bbox 1524 723 1615 750; x_wconf 80' lang='lat' dir='ltr'><strong>disces</strong></span> <span class='ocrx_word' id='word_1_211' title='bbox 1637 727 1770 758; x_wconf 86' lang='lat' dir='ltr'><strong>quantum</strong></span> 
     </span>
    </p>
   </div>
   <div class='ocr_carea' id='block_1_30' title="bbox 981 767 1771 804">
    <p class='ocr_par' dir='ltr' id='par_1_30' title="bbox 981 767 1771 804">
     <span class='ocr_line' id='line_1_30' title="bbox 981 767 1771 804; baseline -0.003 -9"><span class='ocrx_word' id='word_1_212' title='bbox 981 767 1083 795; x_wconf 88' lang='lat' dir='ltr'><strong>bonunt</strong></span> <span class='ocrx_word' id='word_1_213' title='bbox 1101 769 1137 795; x_wconf 89' lang='lat' dir='ltr'><strong>sit</strong></span> <span class='ocrx_word' id='word_1_214' title='bbox 1153 769 1243 803; x_wconf 80' lang='lat' dir='ltr'><strong>quies.</strong></span> <span class='ocrx_word' id='word_1_215' title='bbox 1264 767 1341 796; x_wconf 82' lang='lat' dir='ltr'><strong>Scito</strong></span> <span class='ocrx_word' id='word_1_216' title='bbox 1361 770 1433 796; x_wconf 86' lang='lat' dir='ltr'><strong>enim</strong></span> <span class='ocrx_word' id='word_1_217' title='bbox 1450 769 1534 804; x_wconf 87' lang='lat' dir='ltr'><strong>quod.</strong></span> <span class='ocrx_word' id='word_1_218' title='bbox 1549 775 1575 796; x_wconf 88' lang='lat' dir='ltr'><strong>te</strong></span> <span class='ocrx_word' id='word_1_219' title='bbox 1590 769 1646 803; x_wconf 88' lang='lat' dir='ltr'><strong>jam</strong></span> <span class='ocrx_word' id='word_1_220' title='bbox 1665 767 1771 803; x_wconf 84' lang='lat' dir='ltr'><strong>pridem</strong></span> 
     </span>
    </p>
   </div>
   <div class='ocr_carea' id='block_1_31' title="bbox 981 812 1772 849">
    <p class='ocr_par' dir='ltr' id='par_1_31' title="bbox 981 812 1772 849">
     <span class='ocr_line' id='line_1_31' title="bbox 981 812 1772 849; baseline -0.003 -9"><span class='ocrx_word' id='word_1_221' title='bbox 981 813 1180 846; x_wconf 82' lang='lat' dir='ltr'><strong>confodissem,</strong></span> <span class='ocrx_word' id='word_1_222' title='bbox 1194 814 1246 840; x_wconf 87' lang='lat' dir='ltr'><strong>nisi</strong></span> <span class='ocrx_word' id='word_1_223' title='bbox 1261 818 1410 849; x_wconf 82' lang='lat' dir='ltr'><strong>martyrum</strong></span> <span class='ocrx_word' id='word_1_224' title='bbox 1426 814 1540 841; x_wconf 78' lang='lat' dir='ltr'><strong>chorum</strong></span> <span class='ocrx_word' id='word_1_225' title='bbox 1557 821 1618 840; x_wconf 90' lang='lat' dir='ltr'><strong>eum</strong></span> <span class='ocrx_word' id='word_1_226' title='bbox 1631 812 1734 840; x_wconf 70' lang='lat' dir='ltr'><strong>Iacobo</strong></span> <span class='ocrx_word' id='word_1_227' title='bbox 1747 816 1772 838; x_wconf 89' lang='lat' dir='ltr'><strong>te</strong></span> 
     </span>
    </p>
   </div>
   <div class='ocr_carea' id='block_1_32' title="bbox 981 859 1773 895">
    <p class='ocr_par' dir='ltr' id='par_1_32' title="bbox 981 859 1773 895">
     <span class='ocr_line' id='line_1_32' title="bbox 981 859 1773 895; baseline -0.005 -6"><span class='ocrx_word' id='word_1_228' title='bbox 981 861 1171 889; x_wconf 84' lang='lat' dir='ltr'><strong>custodientes</strong></span> <span class='ocrx_word' id='word_1_229' title='bbox 1190 862 1334 889; x_wconf 87' lang='lat' dir='ltr'><strong>vidissem.</strong></span> <span class='ocrx_word' id='word_1_230' title='bbox 1357 871 1366 886; x_wconf 74' lang='grc' dir='ltr'><strong>ι</strong></span> <span class='ocrx_word' id='word_1_231' title='bbox 1386 861 1447 887; x_wconf 69' lang='grc' dir='ltr'><strong>ιίωρ</strong></span> <span class='ocrx_word' id='word_1_232' title='bbox 1472 868 1521 895; x_wconf 79' lang='lat' dir='ltr'><strong>ego</strong></span> <span class='ocrx_word' id='word_1_233' title='bbox 1541 860 1645 892; x_wconf 88' lang='lat' dir='ltr'><strong>audivi,</strong></span> <span class='ocrx_word' id='word_1_234' title='bbox 1667 863 1693 886; x_wconf 92' lang='lat' dir='ltr'><strong>et</strong></span> <span class='ocrx_word' id='word_1_235' title='bbox 1714 859 1773 887; x_wconf 91' lang='lat' dir='ltr'><strong>cui-</strong></span> 
     </span>
    </p>
   </div>
   <div class='ocr_carea' id='block_1_33' title="bbox 982 905 1773 941">
    <p class='ocr_par' dir='ltr' id='par_1_33' title="bbox 982 905 1773 941">
     <span class='ocr_line' id='line_1_33' title="bbox 982 905 1773 941; baseline -0.006 -6"><span class='ocrx_word' id='word_1_236' title='bbox 982 908 1044 935; x_wconf 85' lang='lat' dir='ltr'><strong>dam</strong></span> <span class='ocrx_word' id='word_1_237' title='bbox 1064 915 1079 935; x_wconf 87' lang='lat' dir='ltr'><strong>e</strong></span> <span class='ocrx_word' id='word_1_238' title='bbox 1099 907 1295 938; x_wconf 78' lang='lat' dir='ltr'><strong>familiaribus,</strong></span> <span class='ocrx_word' id='word_1_239' title='bbox 1319 906 1366 941; x_wconf 88' lang='lat' dir='ltr'><strong>qui</strong></span> <span class='ocrx_word' id='word_1_240' title='bbox 1392 906 1471 939; x_wconf 76' lang='lat' dir='ltr'><strong>juxta</strong></span> <span class='ocrx_word' id='word_1_241' title='bbox 1495 906 1650 933; x_wconf 84' lang='lat' dir='ltr'><strong>dormiebat</strong></span> <span class='ocrx_word' id='word_1_242' title='bbox 1664 913 1671 931; x_wconf 86' lang='lat'>:</span> <span class='ocrx_word' id='word_1_243' title='bbox 1685 913 1694 930; x_wconf 91' lang='lat'><strong>1</strong></span> <span class='ocrx_word' id='word_1_244' title='bbox 1717 905 1773 930; x_wconf 82' lang='lat' dir='ltr'><strong>Au—</strong></span> 
     </span>
    </p>
   </div>
   <div class='ocr_carea' id='block_1_34' title="bbox 132 945 930 991">
    <p class='ocr_par' dir='ltr' id='par_1_34' title="bbox 132 951 929 991">
     <span class='ocr_line' id='line_1_34' title="bbox 132 951 929 991; baseline -0.004 -9"><span class='ocrx_word' id='word_1_245' title='bbox 132 956 257 991; x_wconf 82' lang='grc' dir='ltr'>γομένων</span> <span class='ocrx_word' id='word_1_246' title='bbox 274 963 281 987; x_wconf 88' lang='lat'><strong>;</strong></span> <span class='ocrx_word' id='word_1_247' title='bbox 296 965 305 981; x_wconf 85' lang='grc'><strong>›</strong></span> <span class='ocrx_word' id='word_1_248' title='bbox 324 955 352 981; x_wconf 91' lang='lat'><strong>&#39;0</strong></span> <span class='ocrx_word' id='word_1_249' title='bbox 365 954 393 980; x_wconf 78' lang='grc' dir='ltr'>δέ</span> <span class='ocrx_word' id='word_1_250' title='bbox 407 964 413 969; x_wconf 73' lang='grc'><strong>’</strong></span> <span class='ocrx_word' id='word_1_251' title='bbox 432 963 440 980; x_wconf 84' lang='lat'><strong>1</strong></span> <span class='ocrx_word' id='word_1_252' title='bbox 456 954 578 986; x_wconf 79' lang='grc' dir='ltr'>Πάντων,</span> <span class='ocrx_word' id='word_1_253' title='bbox 605 951 692 986; x_wconf 75' lang='grc' dir='ltr'>εἶπεν,</span> <span class='ocrx_word' id='word_1_254' title='bbox 711 953 854 988; x_wconf 75' lang='grc' dir='ltr'>ἐπήκουσα</span> <span class='ocrx_word' id='word_1_255' title='bbox 865 961 872 967; x_wconf 89' lang='grc'>·</span> <span class='ocrx_word' id='word_1_256' title='bbox 883 953 929 979; x_wconf 69' lang='grc' dir='ltr'>καὶ</span> 
     </span>
    </p>
   </div>
   <div class='ocr_carea' id='block_1_35' title="bbox 981 945 1771 991">
    <p class='ocr_par' dir='ltr' id='par_1_35' title="bbox 981 950 1771 989">
     <span class='ocr_line' id='line_1_35' title="bbox 981 950 1771 989; baseline -0.006 -7"><span class='ocrx_word' id='word_1_257' title='bbox 981 955 1070 986; x_wconf 87' lang='lat' dir='ltr'><strong>disne,</strong></span> <span class='ocrx_word' id='word_1_258' title='bbox 1085 955 1208 989; x_wconf 84' lang='lat' dir='ltr'><strong>inquam,</strong></span> <span class='ocrx_word' id='word_1_259' title='bbox 1224 961 1286 987; x_wconf 69' lang='lat' dir='ltr'><strong>qua:</strong></span> <span class='ocrx_word' id='word_1_260' title='bbox 1307 953 1458 980; x_wconf 87' lang='lat' dir='ltr'><strong>dicuntur?</strong></span> <span class='ocrx_word' id='word_1_261' title='bbox 1477 962 1486 978; x_wconf 76' lang='grc' dir='ltr'><strong>ι</strong></span> <span class='ocrx_word' id='word_1_262' title='bbox 1503 957 1529 979; x_wconf 88' lang='lat' dir='ltr'><strong>et</strong></span> <span class='ocrx_word' id='word_1_263' title='bbox 1544 952 1590 979; x_wconf 87' lang='lat' dir='ltr'><strong>ille</strong></span> <span class='ocrx_word' id='word_1_264' title='bbox 1609 961 1615 978; x_wconf 90' lang='lat'>:</span> <span class='ocrx_word' id='word_1_265' title='bbox 1634 961 1642 978; x_wconf 90' lang='lat'><strong>1</strong></span> <span class='ocrx_word' id='word_1_266' title='bbox 1662 950 1771 982; x_wconf 79' lang='lat' dir='ltr'><strong>Omnia,</strong></span> 
     </span>
    </p>
   </div>
   <div class='ocr_carea' id='block_1_36' title="bbox 132 998 929 1037">
    <p class='ocr_par' dir='ltr' id='par_1_36' title="bbox 132 998 929 1037">
     <span class='ocr_line' id='line_1_36' title="bbox 132 998 929 1037; baseline -0.005 -9"><span class='ocrx_word' id='word_1_267' title='bbox 132 1001 308 1036; x_wconf 70' lang='grc' dir='ltr'>διαναστῆναι</span> <span class='ocrx_word' id='word_1_268' title='bbox 336 1000 509 1036; x_wconf 79' lang='grc' dir='ltr'>βουλόμενος,</span> <span class='ocrx_word' id='word_1_269' title='bbox 529 999 576 1026; x_wconf 76' lang='grc' dir='ltr'>καὶ</span> <span class='ocrx_word' id='word_1_270' title='bbox 594 999 736 1037; x_wconf 73' lang='grc' dir='ltr'>διακύψαι,</span> <span class='ocrx_word' id='word_1_271' title='bbox 763 999 810 1026; x_wconf 72' lang='grc' dir='ltr'><strong>καὶ</strong></span> <span class='ocrx_word' id='word_1_272' title='bbox 826 998 929 1033; x_wconf 75' lang='grc' dir='ltr'>γνῶναι</span> 
     </span>
    </p>
   </div>
   <div class='ocr_carea' id='block_1_37' title="bbox 132 1044 931 1083">
    <p class='ocr_par' dir='ltr' id='par_1_37' title="bbox 132 1044 931 1083">
     <span class='ocr_line' id='line_1_37' title="bbox 132 1044 931 1083; baseline -0.004 -8"><span class='ocrx_word' id='word_1_273' title='bbox 132 1049 173 1080; x_wconf 83' lang='grc' dir='ltr'><strong>τίς</strong></span> <span class='ocrx_word' id='word_1_274' title='bbox 185 1050 198 1075; x_wconf 89' lang='grc' dir='ltr'><strong>ὀ</strong></span> <span class='ocrx_word' id='word_1_275' title='bbox 215 1048 410 1083; x_wconf 79' lang='grc' dir='ltr'><strong>φθεγγόμενος,</strong></span> <span class='ocrx_word' id='word_1_276' title='bbox 427 1047 475 1074; x_wconf 81' lang='grc' dir='ltr'>σοῦ</span> <span class='ocrx_word' id='word_1_277' title='bbox 501 1047 581 1083; x_wconf 82' lang='grc' dir='ltr'>χάριν</span> <span class='ocrx_word' id='word_1_278' title='bbox 599 1046 715 1082; x_wconf 79' lang='grc' dir='ltr'>ἡσυχίαν</span> <span class='ocrx_word' id='word_1_279' title='bbox 729 1044 797 1082; x_wconf 83' lang='grc' dir='ltr'>ἦγον</span> <span class='ocrx_word' id='word_1_280' title='bbox 808 1066 815 1078; x_wconf 86' lang='grc'><strong>,</strong></span> <span class='ocrx_word' id='word_1_281' title='bbox 833 1045 931 1072; x_wconf 78' lang='grc' dir='ltr'>καθεύ-</span> 
     </span>
    </p>
   </div>
   <div class='ocr_carea' id='block_1_38' title="bbox 133 1092 929 1127">
    <p class='ocr_par' dir='ltr' id='par_1_38' title="bbox 133 1092 929 1127">
     <span class='ocr_line' id='line_1_38' title="bbox 133 1092 929 1127; baseline -0.004 -6"><span class='ocrx_word' id='word_1_282' title='bbox 133 1095 190 1122; x_wconf 84' lang='grc' dir='ltr'>δειν</span> <span class='ocrx_word' id='word_1_283' title='bbox 223 1104 252 1121; x_wconf 82' lang='grc' dir='ltr'><strong>σε</strong></span> <span class='ocrx_word' id='word_1_284' title='bbox 272 1095 404 1126; x_wconf 82' lang='grc' dir='ltr'>τοπάσας,</span> <span class='ocrx_word' id='word_1_285' title='bbox 420 1104 428 1119; x_wconf 92' lang='lat' dir='ltr'><strong>I</strong></span> <span class='ocrx_word' id='word_1_286' title='bbox 449 1093 627 1124; x_wconf 80' lang='grc' dir='ltr'>’Δναστάντες</span> <span class='ocrx_word' id='word_1_287' title='bbox 653 1092 761 1124; x_wconf 79' lang='grc' dir='ltr'>τοίνυν,</span> <span class='ocrx_word' id='word_1_288' title='bbox 792 1092 876 1127; x_wconf 75' lang='grc' dir='ltr'>ἄμφω</span> <span class='ocrx_word' id='word_1_289' title='bbox 900 1100 929 1118; x_wconf 91' lang='grc' dir='ltr'><strong>τε</strong></span> 
     </span>
    </p>
   </div>
   <div class='ocr_carea' id='block_1_39' title="bbox 132 1136 929 1175">
    <p class='ocr_par' dir='ltr' id='par_1_39' title="bbox 132 1136 929 1175">
     <span class='ocr_line' id='line_1_39' title="bbox 132 1136 929 1175; baseline -0.006 -8"><span class='ocrx_word' id='word_1_290' title='bbox 132 1140 325 1175; x_wconf 69' lang='grc' dir='ltr'>διεκύπτομεν,</span> <span class='ocrx_word' id='word_1_291' title='bbox 341 1140 388 1166; x_wconf 77' lang='grc' dir='ltr'><strong>καὶ</strong></span> <span class='ocrx_word' id='word_1_292' title='bbox 404 1139 500 1166; x_wconf 73' lang='grc' dir='ltr'>οὐδένα</span> <span class='ocrx_word' id='word_1_293' title='bbox 510 1138 571 1165; x_wconf 74' lang='grc' dir='ltr'>οὒτε</span> <span class='ocrx_word' id='word_1_294' title='bbox 585 1137 755 1174; x_wconf 86' lang='grc' dir='ltr'>κινούμενον,</span> <span class='ocrx_word' id='word_1_295' title='bbox 771 1136 833 1163; x_wconf 72' lang='grc' dir='ltr'>οὔτε</span> <span class='ocrx_word' id='word_1_296' title='bbox 848 1137 929 1171; x_wconf 82' lang='grc' dir='ltr'>φθεγ-</span> 
     </span>
    </p>
   </div>
   <div class='ocr_carea' id='block_1_40' title="bbox 133 1182 930 1220">
    <p class='ocr_par' dir='ltr' id='par_1_40' title="bbox 133 1182 930 1220">
     <span class='ocr_line' id='line_1_40' title="bbox 133 1182 930 1220; baseline -0.005 -8"><span class='ocrx_word' id='word_1_297' title='bbox 133 1186 249 1220; x_wconf 80' lang='grc' dir='ltr'>γόμενον</span> <span class='ocrx_word' id='word_1_298' title='bbox 264 1185 401 1220; x_wconf 72' lang='grc' dir='ltr'>ἠκούομεν</span> <span class='ocrx_word' id='word_1_299' title='bbox 412 1193 418 1199; x_wconf 94' lang='grc'><strong>·</strong></span> <span class='ocrx_word' id='word_1_300' title='bbox 437 1184 491 1210; x_wconf 82' lang='grc' dir='ltr'><strong>τῶν</strong></span> <span class='ocrx_word' id='word_1_301' title='bbox 508 1184 536 1210; x_wconf 76' lang='grc' dir='ltr'>δὲ</span> <span class='ocrx_word' id='word_1_302' title='bbox 553 1183 683 1219; x_wconf 78' lang='grc' dir='ltr'><strong>ῥημάτων</strong></span> <span class='ocrx_word' id='word_1_303' title='bbox 710 1183 822 1210; x_wconf 80' lang='grc' dir='ltr'>ἐκείνων</span> <span class='ocrx_word' id='word_1_304' title='bbox 843 1182 891 1209; x_wconf 71' lang='grc' dir='ltr'>καὶ</span> <span class='ocrx_word' id='word_1_305' title='bbox 905 1183 930 1208; x_wconf 84' lang='grc' dir='ltr'>οἱ</span> 
     </span>
    </p>
   </div>
   <div class='ocr_carea' id='block_1_41' title="bbox 133 1228 930 1267">
    <p class='ocr_par' dir='ltr' id='par_1_41' title="bbox 133 1228 930 1267">
     <span class='ocr_line' id='line_1_41' title="bbox 133 1228 930 1267; baseline -0.005 -9"><span class='ocrx_word' id='word_1_306' title='bbox 133 1231 209 1258; x_wconf 79' lang='grc' dir='ltr'>ἄλλοι</span> <span class='ocrx_word' id='word_1_307' title='bbox 224 1231 302 1267; x_wconf 82' lang='grc' dir='ltr'>ἡμῶν</span> <span class='ocrx_word' id='word_1_308' title='bbox 321 1231 477 1266; x_wconf 75' lang='grc' dir='ltr'>ἐπήκουσαν</span> <span class='ocrx_word' id='word_1_309' title='bbox 498 1229 625 1256; x_wconf 79' lang='grc' dir='ltr'>σύνοικοι.</span> <span class='ocrx_word' id='word_1_310' title='bbox 644 1229 753 1263; x_wconf 80' lang='grc' dir='ltr'>Συνῆκα</span> <span class='ocrx_word' id='word_1_311' title='bbox 768 1228 865 1258; x_wconf 76' lang='grc' dir='ltr'>τοίνυν,</span> <span class='ocrx_word' id='word_1_312' title='bbox 892 1228 930 1259; x_wconf 83' lang='grc' dir='ltr'>ὡς</span> 
     </span>
    </p>
   </div>
   <div class='ocr_carea' id='block_1_42' title="bbox 133 1274 927 1313">
    <p class='ocr_par' dir='ltr' id='par_1_42' title="bbox 133 1274 927 1313">
     <span class='ocr_line' id='line_1_42' title="bbox 133 1274 927 1313; baseline -0.005 -9"><span class='ocrx_word' id='word_1_313' title='bbox 133 1277 215 1313; x_wconf 70' lang='grc' dir='ltr'>χορὸν</span> <span class='ocrx_word' id='word_1_314' title='bbox 229 1277 277 1312; x_wconf 74' lang='grc' dir='ltr'>μὲν</span> <span class='ocrx_word' id='word_1_315' title='bbox 293 1276 439 1313; x_wconf 87' lang='grc' dir='ltr'>μαρτύρων</span> <span class='ocrx_word' id='word_1_316' title='bbox 452 1276 528 1309; x_wconf 78' lang='grc' dir='ltr'>ἔλεγε</span> <span class='ocrx_word' id='word_1_317' title='bbox 539 1275 570 1301; x_wconf 77' lang='grc' dir='ltr'>τὺ</span> <span class='ocrx_word' id='word_1_318' title='bbox 586 1275 631 1302; x_wconf 76' lang='grc' dir='ltr'>τοῦ</span> <span class='ocrx_word' id='word_1_319' title='bbox 647 1275 739 1302; x_wconf 79' lang='grc' dir='ltr'>ἐλαίου</span> <span class='ocrx_word' id='word_1_320' title='bbox 753 1274 806 1301; x_wconf 70' lang='grc' dir='ltr'><strong>τῶν</strong></span> <span class='ocrx_word' id='word_1_321' title='bbox 824 1274 927 1310; x_wconf 78' lang='grc' dir='ltr'>μαρτύ-</span> 
     </span>
    </p>
   </div>
   <div class='ocr_carea' id='block_1_43' title="bbox 135 1320 932 1358">
    <p class='ocr_par' dir='ltr' id='par_1_43' title="bbox 135 1320 932 1358">
     <span class='ocr_line' id='line_1_43' title="bbox 135 1320 932 1358; baseline -0.004 -9"><span class='ocrx_word' id='word_1_322' title='bbox 135 1331 190 1358; x_wconf 84' lang='grc' dir='ltr'><strong>ρων</strong></span> <span class='ocrx_word' id='word_1_323' title='bbox 199 1322 338 1357; x_wconf 81' lang='grc' dir='ltr'>ληκύθιον,</span> <span class='ocrx_word' id='word_1_324' title='bbox 352 1321 366 1348; x_wconf 82' lang='grc' dir='ltr'><strong>ὃ</strong></span> <span class='ocrx_word' id='word_1_325' title='bbox 383 1322 458 1357; x_wconf 81' lang='grc' dir='ltr'>παρὰ</span> <span class='ocrx_word' id='word_1_326' title='bbox 476 1321 581 1347; x_wconf 79' lang='grc' dir='ltr'>πολλῶν</span> <span class='ocrx_word' id='word_1_327' title='bbox 598 1320 743 1357; x_wconf 86' lang='grc' dir='ltr'>μαρτύρων</span> <span class='ocrx_word' id='word_1_328' title='bbox 760 1320 932 1355; x_wconf 80' lang='grc' dir='ltr'>συνειλεγμέ-</span> 
     </span>
    </p>
   </div>
   <div class='ocr_carea' id='block_1_44' title="bbox 133 1366 929 1403">
    <p class='ocr_par' dir='ltr' id='par_1_44' title="bbox 133 1366 929 1403">
     <span class='ocr_line' id='line_1_44' title="bbox 133 1366 929 1403; baseline -0.004 -9"><span class='ocrx_word' id='word_1_329' title='bbox 133 1376 184 1403; x_wconf 81' lang='grc' dir='ltr'><strong>νην</strong></span> <span class='ocrx_word' id='word_1_330' title='bbox 195 1368 254 1403; x_wconf 77' lang='grc' dir='ltr'>ἔχον</span> <span class='ocrx_word' id='word_1_331' title='bbox 266 1368 313 1403; x_wconf 87' lang='grc' dir='ltr'><strong>τὴν</strong></span> <span class='ocrx_word' id='word_1_332' title='bbox 325 1367 458 1402; x_wconf 79' lang='grc' dir='ltr'>εὐλογίαν,</span> <span class='ocrx_word' id='word_1_333' title='bbox 469 1366 598 1402; x_wconf 73' lang='grc' dir='ltr'>παρὰτὴν</span> <span class='ocrx_word' id='word_1_334' title='bbox 608 1368 676 1402; x_wconf 76' lang='grc' dir='ltr'>ἐμὴν</span> <span class='ocrx_word' id='word_1_335' title='bbox 686 1367 818 1402; x_wconf 76' lang='grc' dir='ltr'><strong>ἐξήρτητο</strong></span> <span class='ocrx_word' id='word_1_336' title='bbox 826 1366 929 1401; x_wconf 82' lang='grc' dir='ltr'>κλίνην·</span> 
     </span>
    </p>
   </div>
   <div class='ocr_carea' id='block_1_45' title="bbox 134 1411 931 1449">
    <p class='ocr_par' dir='ltr' id='par_1_45' title="bbox 134 1411 931 1449">
     <span class='ocr_line' id='line_1_45' title="bbox 134 1411 931 1449; baseline -0.004 -9"><span class='ocrx_word' id='word_1_337' title='bbox 134 1414 184 1441; x_wconf 77' lang='grc' dir='ltr'>καὶ</span> <span class='ocrx_word' id='word_1_338' title='bbox 196 1415 228 1449; x_wconf 82' lang='grc' dir='ltr'>τῇ</span> <span class='ocrx_word' id='word_1_339' title='bbox 244 1413 349 1449; x_wconf 73' lang='grc' dir='ltr'>κεφαλῇ</span> <span class='ocrx_word' id='word_1_340' title='bbox 358 1413 386 1439; x_wconf 74' lang='grc' dir='ltr'>δέ</span> <span class='ocrx_word' id='word_1_341' title='bbox 404 1421 455 1448; x_wconf 89' lang='grc' dir='ltr'><strong>μου</strong></span> <span class='ocrx_word' id='word_1_342' title='bbox 474 1412 602 1439; x_wconf 78' lang='grc' dir='ltr'>ὑπέκειτο</span> <span class='ocrx_word' id='word_1_343' title='bbox 615 1412 662 1439; x_wconf 77' lang='grc' dir='ltr'>τοῦ</span> <span class='ocrx_word' id='word_1_344' title='bbox 695 1412 814 1447; x_wconf 83' lang='grc' dir='ltr'>μεγάλου</span> <span class='ocrx_word' id='word_1_345' title='bbox 837 1411 931 1438; x_wconf 86' lang='grc' dir='ltr'>Ἰακώ-</span> 
     </span>
    </p>
   </div>
   <div class='ocr_carea' id='block_1_46' title="bbox 134 1458 931 1495">
    <p class='ocr_par' dir='ltr' id='par_1_46' title="bbox 134 1458 931 1495">
     <span class='ocr_line' id='line_1_46' title="bbox 134 1458 931 1495; baseline -0.003 -9"><span class='ocrx_word' id='word_1_346' title='bbox 134 1460 184 1487; x_wconf 76' lang='grc' dir='ltr'>ϐου</span> <span class='ocrx_word' id='word_1_347' title='bbox 200 1460 230 1486; x_wconf 76' lang='grc' dir='ltr'><strong>τὸ</strong></span> <span class='ocrx_word' id='word_1_348' title='bbox 246 1460 357 1486; x_wconf 79' lang='grc' dir='ltr'>παλαιὸν</span> <span class='ocrx_word' id='word_1_349' title='bbox 379 1459 563 1495; x_wconf 77' lang='grc' dir='ltr'>περιϐόλαιον,</span> <span class='ocrx_word' id='word_1_350' title='bbox 577 1459 676 1490; x_wconf 78' lang='grc' dir='ltr'>παντὸς</span> <span class='ocrx_word' id='word_1_351' title='bbox 691 1458 790 1494; x_wconf 68' lang='grc' dir='ltr'>ἕρκους</span> <span class='ocrx_word' id='word_1_352' title='bbox 808 1458 931 1492; x_wconf 83' lang='grc' dir='ltr'>ἀδαμαν-</span> 
     </span>
    </p>
   </div>
   <div class='ocr_carea' id='block_1_47' title="bbox 133 1504 930 1541">
    <p class='ocr_par' dir='ltr' id='par_1_47' title="bbox 133 1504 930 1541">
     <span class='ocr_line' id='line_1_47' title="bbox 133 1504 930 1541; baseline -0.005 -8"><span class='ocrx_word' id='word_1_353' title='bbox 133 1507 208 1533; x_wconf 76' lang='grc' dir='ltr'>τίνου</span> <span class='ocrx_word' id='word_1_354' title='bbox 226 1505 401 1541; x_wconf 72' lang='grc' dir='ltr'>ίσχυρύτερόν</span> <span class='ocrx_word' id='word_1_355' title='bbox 419 1514 463 1540; x_wconf 86' lang='grc' dir='ltr'><strong>μοι</strong></span> <span class='ocrx_word' id='word_1_356' title='bbox 479 1505 674 1539; x_wconf 71' lang='grc' dir='ltr'>γεγενημένον.</span> <span class='ocrx_word' id='word_1_357' title='bbox 691 1504 746 1530; x_wconf 76' lang='grc' dir='ltr'>Καὶ</span> <span class='ocrx_word' id='word_1_358' title='bbox 765 1504 845 1538; x_wconf 80' lang='grc' dir='ltr'>ἡνίκα</span> <span class='ocrx_word' id='word_1_359' title='bbox 859 1504 887 1530; x_wconf 81' lang='grc' dir='ltr'>δὲ</span> <span class='ocrx_word' id='word_1_360' title='bbox 897 1505 930 1539; x_wconf 82' lang='grc' dir='ltr'>τῇ</span> 
     </span>
    </p>
   </div>
   <div class='ocr_carea' id='block_1_48' title="bbox 135 1548 931 1588">
    <p class='ocr_par' dir='ltr' id='par_1_48' title="bbox 135 1548 931 1588">
     <span class='ocr_line' id='line_1_48' title="bbox 135 1548 931 1588; baseline -0.003 -10"><span class='ocrx_word' id='word_1_361' title='bbox 135 1552 255 1588; x_wconf 79' lang='grc' dir='ltr'>μεγίστῃ</span> <span class='ocrx_word' id='word_1_362' title='bbox 285 1552 387 1578; x_wconf 78' lang='grc' dir='ltr'>τούτων</span> <span class='ocrx_word' id='word_1_363' title='bbox 411 1551 492 1587; x_wconf 84' lang='grc' dir='ltr'><strong>κώμῃ</strong></span> <span class='ocrx_word' id='word_1_364' title='bbox 515 1550 694 1586; x_wconf 70' lang='grc' dir='ltr'>προσϐάλλειν</span> <span class='ocrx_word' id='word_1_365' title='bbox 719 1550 847 1585; x_wconf 71' lang='grc' dir='ltr'>ἔμελλον,</span> <span class='ocrx_word' id='word_1_366' title='bbox 872 1548 931 1576; x_wconf 79' lang='grc' dir='ltr'>εἶτα</span> 
     </span>
    </p>
   </div>
   <div class='ocr_carea' id='block_1_49' title="bbox 137 1595 929 1632">
    <p class='ocr_par' dir='ltr' id='par_1_49' title="bbox 137 1595 929 1632">
     <span class='ocr_line' id='line_1_49' title="bbox 137 1595 929 1632; baseline -0.005 -7"><span class='ocrx_word' id='word_1_367' title='bbox 137 1598 227 1625; x_wconf 77' lang='grc' dir='ltr'>πολλά</span> <span class='ocrx_word' id='word_1_368' title='bbox 243 1606 304 1624; x_wconf 86' lang='grc' dir='ltr'>τινα</span> <span class='ocrx_word' id='word_1_369' title='bbox 320 1599 348 1624; x_wconf 81' lang='grc' dir='ltr'>ὲν</span> <span class='ocrx_word' id='word_1_370' title='bbox 366 1597 443 1632; x_wconf 85' lang='grc' dir='ltr'>μέσῳ</span> <span class='ocrx_word' id='word_1_371' title='bbox 462 1597 592 1631; x_wconf 87' lang='grc' dir='ltr'>γινόμενα</span> <span class='ocrx_word' id='word_1_372' title='bbox 608 1596 655 1631; x_wconf 80' lang='grc' dir='ltr'>τὴν</span> <span class='ocrx_word' id='word_1_373' title='bbox 671 1596 759 1628; x_wconf 73' lang='grc' dir='ltr'>ἔξοδον</span> <span class='ocrx_word' id='word_1_374' title='bbox 776 1595 929 1627; x_wconf 74' lang='grc' dir='ltr'>διεκώλυεν,</span> 
     </span>
    </p>
   </div>
   <div class='ocr_carea' id='block_1_50' title="bbox 135 1638 929 1679">
    <p class='ocr_par' dir='ltr' id='par_1_50' title="bbox 135 1638 929 1679">
     <span class='ocr_line' id='line_1_50' title="bbox 135 1638 929 1679; baseline -0.004 -9"><span class='ocrx_word' id='word_1_375' title='bbox 135 1644 247 1679; x_wconf 74' lang='grc' dir='ltr'>ἔπεμψα</span> <span class='ocrx_word' id='word_1_376' title='bbox 258 1643 333 1679; x_wconf 75' lang='grc' dir='ltr'>παρὰ</span> <span class='ocrx_word' id='word_1_377' title='bbox 341 1644 386 1670; x_wconf 79' lang='grc' dir='ltr'><strong>τὸν</strong></span> <span class='ocrx_word' id='word_1_378' title='bbox 398 1638 462 1678; x_wconf 73' lang='grc' dir='ltr'>ὲμὺν</span> <span class='ocrx_word' id='word_1_379' title='bbox 479 1643 604 1674; x_wconf 78' lang='grc' dir='ltr'>Ἡσαΐαν,</span> <span class='ocrx_word' id='word_1_380' title='bbox 618 1642 666 1677; x_wconf 78' lang='grc' dir='ltr'><strong>τῆς</strong></span> <span class='ocrx_word' id='word_1_381' title='bbox 680 1641 754 1672; x_wconf 70' lang='grc' dir='ltr'>θείας</span> <span class='ocrx_word' id='word_1_382' title='bbox 770 1641 929 1676; x_wconf 76' lang='grc' dir='ltr'>συμμαχίας</span> 
     </span>
    </p>
   </div>
   <div class='ocr_carea' id='block_1_51' title="bbox 135 1687 932 1723">
    <p class='ocr_par' dir='ltr' id='par_1_51' title="bbox 135 1687 932 1723">
     <span class='ocr_line' id='line_1_51' title="bbox 135 1687 932 1723; baseline -0.004 -7"><span class='ocrx_word' id='word_1_383' title='bbox 135 1689 283 1717; x_wconf 78' lang='grc' dir='ltr'>ἀντιϐολῶν</span> <span class='ocrx_word' id='word_1_384' title='bbox 300 1689 463 1716; x_wconf 77' lang='grc' dir='ltr'>ἀπολαῦσαι.</span> <span class='ocrx_word' id='word_1_385' title='bbox 481 1688 509 1714; x_wconf 90' lang='lat'>&#39;0</span> <span class='ocrx_word' id='word_1_386' title='bbox 521 1688 550 1714; x_wconf 71' lang='grc' dir='ltr'><strong>δὲ</strong></span> <span class='ocrx_word' id='word_1_387' title='bbox 561 1697 568 1704; x_wconf 90' lang='grc'><strong>·</strong></span> <span class='ocrx_word' id='word_1_388' title='bbox 584 1698 593 1713; x_wconf 88' lang='lat'><strong>1</strong></span> <span class='ocrx_word' id='word_1_389' title='bbox 607 1688 718 1723; x_wconf 65' lang='grc' dir='ltr'>Θάρρει,</span> <span class='ocrx_word' id='word_1_390' title='bbox 734 1688 809 1721; x_wconf 80' lang='grc' dir='ltr'>ἔλεγε</span> <span class='ocrx_word' id='word_1_391' title='bbox 820 1695 826 1701; x_wconf 80' lang='lat'><strong>&#39;</strong></span> <span class='ocrx_word' id='word_1_392' title='bbox 843 1687 932 1713; x_wconf 71' lang='grc' dir='ltr'>πάντα</span> 
     </span>
    </p>
   </div>
   <div class='ocr_carea' id='block_1_52' title="bbox 134 1732 929 1769">
    <p class='ocr_par' dir='ltr' id='par_1_52' title="bbox 134 1732 929 1769">
     <span class='ocr_line' id='line_1_52' title="bbox 134 1732 929 1769; baseline -0.004 -8"><span class='ocrx_word' id='word_1_393' title='bbox 134 1736 191 1769; x_wconf 71' lang='grc' dir='ltr'>γὰρ</span> <span class='ocrx_word' id='word_1_394' title='bbox 202 1735 294 1761; x_wconf 71' lang='grc' dir='ltr'>ἐκεῖνα</span> <span class='ocrx_word' id='word_1_395' title='bbox 306 1734 383 1769; x_wconf 82' lang='grc' dir='ltr'>δίκην</span> <span class='ocrx_word' id='word_1_396' title='bbox 395 1733 520 1768; x_wconf 80' lang='grc' dir='ltr'>ἀραχνῶν</span> <span class='ocrx_word' id='word_1_397' title='bbox 532 1733 686 1759; x_wconf 75' lang='grc' dir='ltr'>διαλέλυται</span> <span class='ocrx_word' id='word_1_398' title='bbox 709 1733 743 1759; x_wconf 67' lang='grc' dir='ltr'>τὰ</span> <span class='ocrx_word' id='word_1_399' title='bbox 767 1732 929 1766; x_wconf 85' lang='grc' dir='ltr'>κωλύματα·</span> 
     </span>
    </p>
   </div>
   <div class='ocr_carea' id='block_1_53' title="bbox 135 1778 932 1815">
    <p class='ocr_par' dir='ltr' id='par_1_53' title="bbox 135 1778 932 1815">
     <span class='ocr_line' id='line_1_53' title="bbox 135 1778 932 1815; baseline -0.005 -8"><span class='ocrx_word' id='word_1_400' title='bbox 135 1781 185 1807; x_wconf 78' lang='grc' dir='ltr'><strong>καὶ</strong></span> <span class='ocrx_word' id='word_1_401' title='bbox 211 1780 289 1806; x_wconf 80' lang='grc' dir='ltr'><strong>τοῦτό</strong></span> <span class='ocrx_word' id='word_1_402' title='bbox 316 1788 349 1815; x_wconf 88' lang='grc' dir='ltr'><strong>με</strong></span> <span class='ocrx_word' id='word_1_403' title='bbox 381 1779 488 1814; x_wconf 80' lang='grc' dir='ltr'>νύκτωρ</span> <span class='ocrx_word' id='word_1_404' title='bbox 512 1778 629 1811; x_wconf 75' lang='grc' dir='ltr'>ἐδίδαξεν</span> <span class='ocrx_word' id='word_1_405' title='bbox 650 1779 663 1804; x_wconf 87' lang='grc' dir='ltr'><strong>ὀ</strong></span> <span class='ocrx_word' id='word_1_406' title='bbox 683 1778 758 1810; x_wconf 76' lang='grc' dir='ltr'>Θεὸς,</span> <span class='ocrx_word' id='word_1_407' title='bbox 789 1778 839 1804; x_wconf 67' lang='grc' dir='ltr'>οὐκ</span> <span class='ocrx_word' id='word_1_408' title='bbox 866 1778 932 1812; x_wconf 71' lang='grc' dir='ltr'>ὄναρ</span> 
     </span>
    </p>
   </div>
   <div class='ocr_carea' id='block_1_54' title="bbox 137 1823 930 1862">
    <p class='ocr_par' dir='ltr' id='par_1_54' title="bbox 137 1823 930 1862">
     <span class='ocr_line' id='line_1_54' title="bbox 137 1823 930 1862; baseline -0.004 -10"><span class='ocrx_word' id='word_1_409' title='bbox 137 1826 362 1862; x_wconf 80' lang='grc' dir='ltr'>σκιαγραφήσας,</span> <span class='ocrx_word' id='word_1_410' title='bbox 388 1825 445 1851; x_wconf 72' lang='grc' dir='ltr'>ἀλλ’</span> <span class='ocrx_word' id='word_1_411' title='bbox 475 1825 549 1860; x_wconf 83' lang='grc' dir='ltr'>ὕπαρ</span> <span class='ocrx_word' id='word_1_412' title='bbox 571 1824 718 1857; x_wconf 77' lang='grc' dir='ltr'>ἐπιδείξας.</span> <span class='ocrx_word' id='word_1_413' title='bbox 741 1823 852 1859; x_wconf 78' lang='grc' dir='ltr'>Ἐὡρων</span> <span class='ocrx_word' id='word_1_414' title='bbox 867 1824 930 1860; x_wconf 76' lang='grc' dir='ltr'>γὰρ,</span> 
     </span>
    </p>
   </div>
   <div class='ocr_carea' id='block_1_55' title="bbox 138 1869 930 1907">
    <p class='ocr_par' dir='ltr' id='par_1_55' title="bbox 138 1869 930 1907">
     <span class='ocr_line' id='line_1_55' title="bbox 138 1869 930 1907; baseline -0.004 -9"><span class='ocrx_word' id='word_1_415' title='bbox 138 1872 226 1906; x_wconf 74' lang='grc' dir='ltr'>ἔλεγε,</span> <span class='ocrx_word' id='word_1_416' title='bbox 238 1872 287 1907; x_wconf 84' lang='grc' dir='ltr'>τῆς</span> <span class='ocrx_word' id='word_1_417' title='bbox 300 1871 436 1906; x_wconf 80' lang='grc' dir='ltr'>ὑμνῳδίας</span> <span class='ocrx_word' id='word_1_418' title='bbox 446 1869 610 1905; x_wconf 80' lang='grc' dir='ltr'>ἀρξάμενος,</span> <span class='ocrx_word' id='word_1_419' title='bbox 628 1870 685 1896; x_wconf 64' lang='grc' dir='ltr'>κατ’</span> <span class='ocrx_word' id='word_1_420' title='bbox 696 1871 783 1896; x_wconf 78' lang='grc' dir='ltr'>ἐκεῖνο</span> <span class='ocrx_word' id='word_1_421' title='bbox 794 1870 824 1895; x_wconf 86' lang='grc' dir='ltr'>τὸ</span> <span class='ocrx_word' id='word_1_422' title='bbox 838 1869 930 1904; x_wconf 81' lang='grc' dir='ltr'>μέρος,</span> 
     </span>
    </p>
   </div>
   <div class='ocr_carea' id='block_1_56' title="bbox 139 1908 930 1952">
    <p class='ocr_par' dir='ltr' id='par_1_56' title="bbox 139 1908 930 1952">
     <span class='ocr_line' id='line_1_56' title="bbox 139 1908 930 1952; baseline -0.004 -9"><span class='ocrx_word' id='word_1_423' title='bbox 139 1918 169 1943; x_wconf 79' lang='grc' dir='ltr'>ἐν</span> <span class='ocrx_word' id='word_1_424' title='bbox 183 1915 204 1951; x_wconf 84' lang='grc' dir='ltr'>ᾧ</span> <span class='ocrx_word' id='word_1_425' title='bbox 217 1917 251 1943; x_wconf 76' lang='grc' dir='ltr'>τὰ</span> <span class='ocrx_word' id='word_1_426' title='bbox 265 1916 353 1952; x_wconf 84' lang='grc' dir='ltr'>χωρία</span> <span class='ocrx_word' id='word_1_427' title='bbox 368 1916 458 1942; x_wconf 73' lang='grc' dir='ltr'>ἐκεῖνα</span> <span class='ocrx_word' id='word_1_428' title='bbox 471 1908 615 1945; x_wconf 74' lang='grc' dir='ltr'>διάκειται.</span> <span class='ocrx_word' id='word_1_429' title='bbox 637 1914 697 1948; x_wconf 73' lang='grc' dir='ltr'>ὅφιν</span> <span class='ocrx_word' id='word_1_430' title='bbox 712 1915 772 1940; x_wconf 73' lang='grc' dir='ltr'>τινὰ</span> <span class='ocrx_word' id='word_1_431' title='bbox 792 1915 930 1950; x_wconf 78' lang='grc' dir='ltr'>πυροειδῆ,</span> 
     </span>
    </p>
   </div>
   <div class='ocr_carea' id='block_1_57' title="bbox 138 1959 931 1998">
    <p class='ocr_par' dir='ltr' id='par_1_57' title="bbox 138 1959 931 1998">
     <span class='ocr_line' id='line_1_57' title="bbox 138 1959 931 1998; baseline -0.006 -8"><span class='ocrx_word' id='word_1_432' title='bbox 138 1963 194 1990; x_wconf 74' lang='grc' dir='ltr'><strong>ἀπὸ</strong></span> <span class='ocrx_word' id='word_1_433' title='bbox 207 1963 253 1998; x_wconf 77' lang='grc' dir='ltr'>τῆς</span> <span class='ocrx_word' id='word_1_434' title='bbox 268 1962 386 1997; x_wconf 75' lang='grc' dir='ltr'>ἑσπέρας</span> <span class='ocrx_word' id='word_1_435' title='bbox 402 1962 447 1988; x_wconf 71' lang='grc' dir='ltr'><strong>ἐπὶ</strong></span> <span class='ocrx_word' id='word_1_436' title='bbox 464 1961 512 1996; x_wconf 81' lang='grc' dir='ltr'><strong>τὴν</strong></span> <span class='ocrx_word' id='word_1_437' title='bbox 525 1960 562 1986; x_wconf 61' lang='lat' dir='ltr'><strong>Em</strong></span> <span class='ocrx_word' id='word_1_438' title='bbox 580 1959 743 1995; x_wconf 80' lang='grc' dir='ltr'>ὲρπύζοντα,</span> <span class='ocrx_word' id='word_1_439' title='bbox 756 1961 802 1986; x_wconf 72' lang='grc' dir='ltr'>καὶ</span> <span class='ocrx_word' id='word_1_440' title='bbox 822 1960 866 1986; x_wconf 73' lang='grc' dir='ltr'><strong>διὰ</strong></span> <span class='ocrx_word' id='word_1_441' title='bbox 882 1961 931 1995; x_wconf 81' lang='grc' dir='ltr'><strong>μὲ-</strong></span> 
     </span>
    </p>
   </div>
   <div class='ocr_carea' id='block_1_58' title="bbox 139 2005 932 2042">
    <p class='ocr_par' dir='ltr' id='par_1_58' title="bbox 139 2005 932 2042">
     <span class='ocr_line' id='line_1_58' title="bbox 139 2005 932 2042; baseline -0.004 -8"><span class='ocrx_word' id='word_1_442' title='bbox 139 2017 187 2035; x_wconf 76' lang='lat' dir='ltr'><strong>aeu</strong></span> <span class='ocrx_word' id='word_1_443' title='bbox 203 2007 250 2034; x_wconf 74' lang='grc' dir='ltr'>τοῦ</span> <span class='ocrx_word' id='word_1_444' title='bbox 271 2007 351 2042; x_wconf 76' lang='grc' dir='ltr'>ἀέρος</span> <span class='ocrx_word' id='word_1_445' title='bbox 373 2007 532 2042; x_wconf 74' lang='grc' dir='ltr'>φερόμενον.</span> <span class='ocrx_word' id='word_1_446' title='bbox 549 2006 628 2041; x_wconf 82' lang='grc' dir='ltr'>Τρεῖς</span> <span class='ocrx_word' id='word_1_447' title='bbox 645 2005 672 2032; x_wconf 82' lang='grc' dir='ltr'><strong>δὲ</strong></span> <span class='ocrx_word' id='word_1_448' title='bbox 686 2006 767 2040; x_wconf 79' lang='grc' dir='ltr'>εὐχὰς</span> <span class='ocrx_word' id='word_1_449' title='bbox 790 2005 932 2037; x_wconf 80' lang='grc' dir='ltr'>ἐξανύσας,</span> 
     </span>
    </p>
   </div>
   <div class='ocr_carea' id='block_1_59' title="bbox 139 2051 933 2088">
    <p class='ocr_par' dir='ltr' id='par_1_59' title="bbox 139 2051 933 2088">
     <span class='ocr_line' id='line_1_59' title="bbox 139 2051 933 2088; baseline -0.005 -7"><span class='ocrx_word' id='word_1_450' title='bbox 139 2055 222 2081; x_wconf 74' lang='grc' dir='ltr'>πάλιν</span> <span class='ocrx_word' id='word_1_451' title='bbox 241 2054 398 2088; x_wconf 78' lang='grc' dir='ltr'>ἐθεασάμην</span> <span class='ocrx_word' id='word_1_452' title='bbox 423 2052 649 2087; x_wconf 72' lang='grc' dir='ltr'>ὲπικαμφθὲντα,</span> <span class='ocrx_word' id='word_1_453' title='bbox 665 2052 712 2079; x_wconf 79' lang='grc' dir='ltr'><strong>καὶ</strong></span> <span class='ocrx_word' id='word_1_454' title='bbox 728 2052 758 2078; x_wconf 85' lang='grc' dir='ltr'>τὸ</span> <span class='ocrx_word' id='word_1_455' title='bbox 770 2051 933 2087; x_wconf 71' lang='grc' dir='ltr'>κυκλοτερὲς</span> 
     </span>
    </p>
   </div>
   <div class='ocr_carea' id='block_1_60' title="bbox 139 2098 932 2135">
    <p class='ocr_par' dir='ltr' id='par_1_60' title="bbox 139 2098 932 2135">
     <span class='ocr_line' id='line_1_60' title="bbox 139 2098 932 2135; baseline -0.004 -8"><span class='ocrx_word' id='word_1_456' title='bbox 139 2101 310 2134; x_wconf 74' lang='grc' dir='ltr'>ἐπιδείξαντα</span> <span class='ocrx_word' id='word_1_457' title='bbox 326 2101 428 2135; x_wconf 85' lang='grc' dir='ltr'>σχῆμα,</span> <span class='ocrx_word' id='word_1_458' title='bbox 448 2100 495 2126; x_wconf 73' lang='grc' dir='ltr'><strong>κού¹</strong></span> <span class='ocrx_word' id='word_1_459' title='bbox 507 2101 538 2135; x_wconf 85' lang='grc' dir='ltr'>τῇ</span> <span class='ocrx_word' id='word_1_460' title='bbox 553 2099 659 2134; x_wconf 69' lang='grc' dir='ltr'>κεφαλῇ</span> <span class='ocrx_word' id='word_1_461' title='bbox 687 2098 872 2133; x_wconf 62' lang='grc' dir='ltr'>συναφθεῖσαν</span> <span class='ocrx_word' id='word_1_462' title='bbox 884 2098 932 2134; x_wconf 80' lang='grc' dir='ltr'>τὴν</span> 
     </span>
    </p>
   </div>
   <div class='ocr_carea' id='block_1_61' title="bbox 139 2145 930 2181">
    <p class='ocr_par' dir='ltr' id='par_1_61' title="bbox 139 2145 930 2181">
     <span class='ocr_line' id='line_1_61' title="bbox 139 2145 930 2181; baseline -0.003 -8"><span class='ocrx_word' id='word_1_463' title='bbox 139 2147 249 2181; x_wconf 78' lang='grc' dir='ltr'>κέρκον.</span> <span class='ocrx_word' id='word_1_464' title='bbox 274 2146 360 2172; x_wconf 80' lang='grc' dir='ltr'>Ὀκτὼ</span> <span class='ocrx_word' id='word_1_465' title='bbox 385 2146 413 2172; x_wconf 82' lang='grc' dir='ltr'>δὲ</span> <span class='ocrx_word' id='word_1_466' title='bbox 441 2146 521 2172; x_wconf 81' lang='grc' dir='ltr'>πάλιν</span> <span class='ocrx_word' id='word_1_467' title='bbox 553 2145 709 2181; x_wconf 84' lang='grc' dir='ltr'>προσευχὰς</span> <span class='ocrx_word' id='word_1_468' title='bbox 738 2146 930 2181; x_wconf 73' lang='grc' dir='ltr'>συμπεράνας,</span> 
     </span>
    </p>
   </div>
   <div class='ocr_carea' id='block_1_62' title="bbox 139 2187 932 2228">
    <p class='ocr_par' dir='ltr' id='par_1_62' title="bbox 139 2187 932 2228">
     <span class='ocr_line' id='line_1_62' title="bbox 139 2187 932 2228; baseline -0.003 -9"><span class='ocrx_word' id='word_1_469' title='bbox 139 2192 296 2228; x_wconf 76' lang='grc' dir='ltr'>ἐθεασάμην</span> <span class='ocrx_word' id='word_1_470' title='bbox 325 2192 385 2227; x_wconf 84' lang='grc' dir='ltr'>διχῇ</span> <span class='ocrx_word' id='word_1_471' title='bbox 414 2187 562 2226; x_wconf 64' lang='grc' dir='ltr'>τμηθέντα,</span> <span class='ocrx_word' id='word_1_472' title='bbox 579 2192 625 2218; x_wconf 81' lang='grc' dir='ltr'>καὶ</span> <span class='ocrx_word' id='word_1_473' title='bbox 648 2192 687 2223; x_wconf 83' lang='grc' dir='ltr'>εἰς</span> <span class='ocrx_word' id='word_1_474' title='bbox 711 2191 813 2218; x_wconf 69' lang='grc' dir='ltr'>καπνὸν</span> <span class='ocrx_word' id='word_1_475' title='bbox 841 2191 932 2218; x_wconf 85' lang='grc' dir='ltr'>διαλυ-</span> 
     </span>
    </p>
   </div>
   <div class='ocr_carea' id='block_1_63' title="bbox 141 2237 932 2273">
    <p class='ocr_par' dir='ltr' id='par_1_63' title="bbox 141 2237 932 2273">
     <span class='ocr_line' id='line_1_63' title="bbox 141 2237 932 2273; baseline -0.003 -8"><span class='ocrx_word' id='word_1_476' title='bbox 141 2240 233 2265; x_wconf 78' lang='grc' dir='ltr'>θέντα.</span> <span class='ocrx_word' id='word_1_477' title='bbox 247 2248 255 2264; x_wconf 85' lang='lat' dir='ltr'><strong>t</strong></span> <span class='ocrx_word' id='word_1_478' title='bbox 274 2238 365 2264; x_wconf 72' lang='grc' dir='ltr'>Ταῦτα</span> <span class='ocrx_word' id='word_1_479' title='bbox 389 2238 474 2269; x_wconf 70' lang='grc' dir='ltr'>αὐτὸς</span> <span class='ocrx_word' id='word_1_480' title='bbox 494 2238 543 2272; x_wconf 81' lang='grc' dir='ltr'><strong>μὲν</strong></span> <span class='ocrx_word' id='word_1_481' title='bbox 557 2237 628 2263; x_wconf 79' lang='grc' dir='ltr'>οὕτω</span> <span class='ocrx_word' id='word_1_482' title='bbox 657 2237 794 2273; x_wconf 81' lang='grc' dir='ltr'>προεῖδεν·</span> <span class='ocrx_word' id='word_1_483' title='bbox 814 2238 891 2272; x_wconf 77' lang='grc' dir='ltr'>ἡμεῖς</span> <span class='ocrx_word' id='word_1_484' title='bbox 905 2237 932 2263; x_wconf 79' lang='grc' dir='ltr'><strong>δὲ</strong></span> 
     </span>
    </p>
   </div>
   <div class='ocr_carea' id='block_1_64' title="bbox 982 997 1774 1036">
    <p class='ocr_par' dir='ltr' id='par_1_64' title="bbox 982 997 1774 1036">
     <span class='ocr_line' id='line_1_64' title="bbox 982 997 1774 1036; baseline -0.005 -8"><span class='ocrx_word' id='word_1_485' title='bbox 982 1001 1085 1036; x_wconf 84' lang='lat' dir='ltr'><strong>inquit,</strong></span> <span class='ocrx_word' id='word_1_486' title='bbox 1103 1000 1207 1031; x_wconf 87' lang='lat' dir='ltr'><strong>audivi,</strong></span> <span class='ocrx_word' id='word_1_487' title='bbox 1227 1003 1331 1027; x_wconf 85' lang='lat' dir='ltr'><strong>etcum</strong></span> <span class='ocrx_word' id='word_1_488' title='bbox 1349 1006 1462 1034; x_wconf 75' lang='lat' dir='ltr'><strong>surgere</strong></span> <span class='ocrx_word' id='word_1_489' title='bbox 1477 998 1584 1029; x_wconf 85' lang='lat' dir='ltr'><strong>liberet,</strong></span> <span class='ocrx_word' id='word_1_490' title='bbox 1606 1001 1635 1024; x_wconf 91' lang='lat' dir='ltr'><strong>ut</strong></span> <span class='ocrx_word' id='word_1_491' title='bbox 1653 997 1774 1031; x_wconf 81' lang='lat' dir='ltr'><strong>dispice-</strong></span> 
     </span>
    </p>
   </div>
   <div class='ocr_carea' id='block_1_65' title="bbox 982 1045 1773 1082">
    <p class='ocr_par' dir='ltr' id='par_1_65' title="bbox 982 1045 1773 1082">
     <span class='ocr_line' id='line_1_65' title="bbox 982 1045 1773 1082; baseline -0.004 -8"><span class='ocrx_word' id='word_1_492' title='bbox 982 1055 1039 1075; x_wconf 89' lang='lat' dir='ltr'><strong>retn</strong></span> <span class='ocrx_word' id='word_1_493' title='bbox 1061 1050 1089 1074; x_wconf 85' lang='lat' dir='ltr'><strong>et</strong></span> <span class='ocrx_word' id='word_1_494' title='bbox 1113 1053 1307 1082; x_wconf 79' lang='lat' dir='ltr'><strong>cognoscerent</strong></span> <span class='ocrx_word' id='word_1_495' title='bbox 1335 1045 1397 1080; x_wconf 89' lang='lat' dir='ltr'><strong>quis</strong></span> <span class='ocrx_word' id='word_1_496' title='bbox 1421 1045 1592 1079; x_wconf 81' lang='lat' dir='ltr'><strong>loqueretur,</strong></span> <span class='ocrx_word' id='word_1_497' title='bbox 1618 1048 1664 1071; x_wconf 87' lang='lat' dir='ltr'><strong>tua</strong></span> <span class='ocrx_word' id='word_1_498' title='bbox 1689 1051 1773 1071; x_wconf 84' lang='lat' dir='ltr'><strong>causa</strong></span> 
     </span>
    </p>
   </div>
   <div class='ocr_carea' id='block_1_66' title="bbox 980 1090 1772 1126">
    <p class='ocr_par' dir='ltr' id='par_1_66' title="bbox 980 1090 1772 1126">
     <span class='ocr_line' id='line_1_66' title="bbox 980 1090 1772 1126; baseline -0.004 -6"><span class='ocrx_word' id='word_1_499' title='bbox 980 1092 1084 1124; x_wconf 84' lang='lat' dir='ltr'><strong>destiti,</strong></span> <span class='ocrx_word' id='word_1_500' title='bbox 1104 1091 1176 1126; x_wconf 84' lang='lat' dir='ltr'><strong>quod</strong></span> <span class='ocrx_word' id='word_1_501' title='bbox 1201 1095 1227 1118; x_wconf 89' lang='lat' dir='ltr'><strong>te</strong></span> <span class='ocrx_word' id='word_1_502' title='bbox 1250 1091 1370 1118; x_wconf 82' lang='lat' dir='ltr'><strong>dormire</strong></span> <span class='ocrx_word' id='word_1_503' title='bbox 1393 1090 1562 1117; x_wconf 83' lang='lat' dir='ltr'><strong>arbitrabar.</strong></span> <span class='ocrx_word' id='word_1_504' title='bbox 1586 1099 1595 1116; x_wconf 71' lang='grc' dir='ltr'><strong>ι</strong></span> <span class='ocrx_word' id='word_1_505' title='bbox 1616 1090 1772 1125; x_wconf 81' lang='lat' dir='ltr'><strong>Surgentes</strong></span> 
     </span>
    </p>
   </div>
   <div class='ocr_carea' id='block_1_67' title="bbox 982 1136 1773 1174">
    <p class='ocr_par' dir='ltr' id='par_1_67' title="bbox 982 1136 1773 1174">
     <span class='ocr_line' id='line_1_67' title="bbox 982 1136 1773 1174; baseline -0.004 -9"><span class='ocrx_word' id='word_1_506' title='bbox 982 1139 1066 1174; x_wconf 75' lang='lat' dir='ltr'><strong>igitur</strong></span> <span class='ocrx_word' id='word_1_507' title='bbox 1078 1138 1169 1170; x_wconf 85' lang='lat' dir='ltr'><strong>ambo,</strong></span> <span class='ocrx_word' id='word_1_508' title='bbox 1182 1141 1209 1165; x_wconf 89' lang='lat' dir='ltr'><strong>et</strong></span> <span class='ocrx_word' id='word_1_509' title='bbox 1225 1136 1495 1171; x_wconf 84' lang='lat' dir='ltr'><strong>circumspicientes,</strong></span> <span class='ocrx_word' id='word_1_510' title='bbox 1510 1144 1559 1164; x_wconf 87' lang='lat' dir='ltr'><strong>nec</strong></span> <span class='ocrx_word' id='word_1_511' title='bbox 1574 1141 1677 1163; x_wconf 89' lang='lat' dir='ltr'><strong>motum</strong></span> <span class='ocrx_word' id='word_1_512' title='bbox 1692 1136 1773 1163; x_wconf 88' lang='lat' dir='ltr'><strong>ullius</strong></span> 
     </span>
    </p>
   </div>
   <div class='ocr_carea' id='block_1_68' title="bbox 982 1182 1773 1218">
    <p class='ocr_par' dir='ltr' id='par_1_68' title="bbox 982 1182 1773 1218">
     <span class='ocr_line' id='line_1_68' title="bbox 982 1182 1773 1218; baseline -0.004 -6"><span class='ocrx_word' id='word_1_513' title='bbox 982 1193 1033 1212; x_wconf 89' lang='lat' dir='ltr'><strong>nec</strong></span> <span class='ocrx_word' id='word_1_514' title='bbox 1051 1192 1144 1212; x_wconf 86' lang='lat' dir='ltr'><strong>vocem</strong></span> <span class='ocrx_word' id='word_1_515' title='bbox 1162 1184 1329 1211; x_wconf 82' lang='lat' dir='ltr'><strong>audivimus.</strong></span> <span class='ocrx_word' id='word_1_516' title='bbox 1351 1182 1440 1210; x_wconf 87' lang='lat' dir='ltr'><strong>Verba</strong></span> <span class='ocrx_word' id='word_1_517' title='bbox 1458 1190 1541 1218; x_wconf 87' lang='lat' dir='ltr'><strong>porro</strong></span> <span class='ocrx_word' id='word_1_518' title='bbox 1562 1183 1608 1209; x_wconf 86' lang='lat' dir='ltr'><strong>illa</strong></span> <span class='ocrx_word' id='word_1_519' title='bbox 1627 1183 1773 1210; x_wconf 89' lang='lat' dir='ltr'><strong>nobiscum</strong></span> 
     </span>
    </p>
   </div>
   <div class='ocr_carea' id='block_1_69' title="bbox 985 1229 1772 1267">
    <p class='ocr_par' dir='ltr' id='par_1_69' title="bbox 985 1229 1772 1267">
     <span class='ocr_line' id='line_1_69' title="bbox 985 1229 1772 1267; baseline -0.004 -9"><span class='ocrx_word' id='word_1_520' title='bbox 985 1230 1093 1267; x_wconf 67' lang='grc'><strong>1244</strong></span> <span class='ocrx_word' id='word_1_521' title='bbox 1110 1231 1257 1258; x_wconf 86' lang='lat' dir='ltr'><strong>audierant</strong></span> <span class='ocrx_word' id='word_1_522' title='bbox 1276 1230 1322 1257; x_wconf 88' lang='lat' dir='ltr'><strong>alii</strong></span> <span class='ocrx_word' id='word_1_523' title='bbox 1344 1237 1454 1265; x_wconf 85' lang='lat' dir='ltr'><strong>quoque</strong></span> <span class='ocrx_word' id='word_1_524' title='bbox 1475 1229 1629 1257; x_wconf 82' lang='lat' dir='ltr'><strong>domestici.</strong></span> <span class='ocrx_word' id='word_1_525' title='bbox 1649 1229 1772 1256; x_wconf 87' lang='lat' dir='ltr'><strong>Intellexi</strong></span> 
     </span>
    </p>
   </div>
   <div class='ocr_carea' id='block_1_70' title="bbox 984 1275 1774 1312">
    <p class='ocr_par' dir='ltr' id='par_1_70' title="bbox 984 1275 1774 1312">
     <span class='ocr_line' id='line_1_70' title="bbox 984 1275 1774 1312; baseline -0.003 -9"><span class='ocrx_word' id='word_1_526' title='bbox 984 1285 1061 1312; x_wconf 68' lang='lat' dir='ltr'><strong>ergo,</strong></span> <span class='ocrx_word' id='word_1_527' title='bbox 1078 1282 1230 1312; x_wconf 85' lang='lat' dir='ltr'><strong>martyrum</strong></span> <span class='ocrx_word' id='word_1_528' title='bbox 1248 1276 1363 1303; x_wconf 74' lang='lat' dir='ltr'><strong>cltorum</strong></span> <span class='ocrx_word' id='word_1_529' title='bbox 1383 1277 1418 1304; x_wconf 88' lang='lat' dir='ltr'><strong>ab</strong></span> <span class='ocrx_word' id='word_1_530' title='bbox 1432 1284 1465 1303; x_wconf 87' lang='lat' dir='ltr'><strong>eo</strong></span> <span class='ocrx_word' id='word_1_531' title='bbox 1482 1276 1540 1303; x_wconf 86' lang='lat' dir='ltr'><strong>dici</strong></span> <span class='ocrx_word' id='word_1_532' title='bbox 1566 1275 1703 1311; x_wconf 74' lang='lat' dir='ltr'><strong>Ieeytltum</strong></span> <span class='ocrx_word' id='word_1_533' title='bbox 1720 1275 1774 1302; x_wconf 89' lang='lat' dir='ltr'><strong>olei</strong></span> 
     </span>
    </p>
   </div>
   <div class='ocr_carea' id='block_1_71' title="bbox 984 1320 1774 1358">
    <p class='ocr_par' dir='ltr' id='par_1_71' title="bbox 984 1320 1774 1358">
     <span class='ocr_line' id='line_1_71' title="bbox 984 1320 1774 1358; baseline -0.004 -8"><span class='ocrx_word' id='word_1_534' title='bbox 984 1328 1150 1358; x_wconf 82' lang='lat' dir='ltr'><strong>martyrum,</strong></span> <span class='ocrx_word' id='word_1_535' title='bbox 1166 1322 1212 1357; x_wconf 90' lang='lat' dir='ltr'><strong>qtti</strong></span> <span class='ocrx_word' id='word_1_536' title='bbox 1229 1320 1371 1349; x_wconf 68' lang='lat' dir='ltr'><strong>eolle‘clant</strong></span> <span class='ocrx_word' id='word_1_537' title='bbox 1395 1330 1409 1349; x_wconf 82' lang='lat' dir='ltr'><strong>a</strong></span> <span class='ocrx_word' id='word_1_538' title='bbox 1431 1322 1523 1349; x_wconf 85' lang='lat' dir='ltr'><strong>multis</strong></span> <span class='ocrx_word' id='word_1_539' title='bbox 1542 1321 1708 1356; x_wconf 83' lang='lat' dir='ltr'><strong>martyribus</strong></span> <span class='ocrx_word' id='word_1_540' title='bbox 1731 1321 1774 1347; x_wconf 85' lang='lat' dir='ltr'><strong>be-</strong></span> 
     </span>
    </p>
   </div>
   <div class='ocr_carea' id='block_1_72' title="bbox 982 1368 1774 1401">
    <p class='ocr_par' dir='ltr' id='par_1_72' title="bbox 982 1368 1774 1401">
     <span class='ocr_line' id='line_1_72' title="bbox 982 1368 1774 1401; baseline -0.004 -5"><span class='ocrx_word' id='word_1_541' title='bbox 982 1369 1169 1396; x_wconf 79' lang='lat' dir='ltr'><strong>nedictionem</strong></span> <span class='ocrx_word' id='word_1_542' title='bbox 1181 1368 1329 1396; x_wconf 85' lang='lat' dir='ltr'><strong>continens</strong></span> <span class='ocrx_word' id='word_1_543' title='bbox 1343 1369 1375 1396; x_wconf 87' lang='lat' dir='ltr'><strong>ad</strong></span> <span class='ocrx_word' id='word_1_544' title='bbox 1394 1369 1492 1396; x_wconf 84' lang='lat' dir='ltr'><strong>lectum</strong></span> <span class='ocrx_word' id='word_1_545' title='bbox 1515 1375 1603 1394; x_wconf 88' lang='lat' dir='ltr'><strong>tneuttt</strong></span> <span class='ocrx_word' id='word_1_546' title='bbox 1621 1374 1774 1401; x_wconf 86' lang='lat' dir='ltr'><strong>suspensus</strong></span> 
     </span>
    </p>
   </div>
   <div class='ocr_carea' id='block_1_73' title="bbox 982 1412 1773 1450">
    <p class='ocr_par' dir='ltr' id='par_1_73' title="bbox 982 1412 1773 1450">
     <span class='ocr_line' id='line_1_73' title="bbox 982 1412 1773 1450; baseline -0.005 -8"><span class='ocrx_word' id='word_1_547' title='bbox 982 1419 1042 1442; x_wconf 88' lang='lat' dir='ltr'><strong>erat</strong></span> <span class='ocrx_word' id='word_1_548' title='bbox 1059 1425 1065 1442; x_wconf 88' lang='lat'><strong>:</strong></span> <span class='ocrx_word' id='word_1_549' title='bbox 1084 1414 1134 1442; x_wconf 87' lang='lat' dir='ltr'><strong>sub</strong></span> <span class='ocrx_word' id='word_1_550' title='bbox 1160 1415 1250 1450; x_wconf 85' lang='lat' dir='ltr'><strong>capite</strong></span> <span class='ocrx_word' id='word_1_551' title='bbox 1273 1419 1362 1442; x_wconf 84' lang='lat' dir='ltr'><strong>autem</strong></span> <span class='ocrx_word' id='word_1_552' title='bbox 1384 1423 1444 1441; x_wconf 87' lang='lat' dir='ltr'><strong>meo</strong></span> <span class='ocrx_word' id='word_1_553' title='bbox 1465 1414 1556 1449; x_wconf 79' lang='lat' dir='ltr'><strong>magni</strong></span> <span class='ocrx_word' id='word_1_554' title='bbox 1578 1412 1673 1444; x_wconf 79' lang='lat' dir='ltr'><strong>Jacobi</strong></span> <span class='ocrx_word' id='word_1_555' title='bbox 1695 1416 1773 1439; x_wconf 91' lang='lat' dir='ltr'><strong>vettts</strong></span> 
     </span>
    </p>
   </div>
   <div class='ocr_carea' id='block_1_74' title="bbox 983 1459 1773 1497">
    <p class='ocr_par' dir='ltr' id='par_1_74' title="bbox 983 1459 1773 1497">
     <span class='ocr_line' id='line_1_74' title="bbox 983 1459 1773 1497; baseline -0.005 -8"><span class='ocrx_word' id='word_1_556' title='bbox 983 1462 1034 1489; x_wconf 87' lang='lat' dir='ltr'><strong>fuit</strong></span> <span class='ocrx_word' id='word_1_557' title='bbox 1052 1461 1176 1497; x_wconf 83' lang='lat' dir='ltr'><strong>pallium,</strong></span> <span class='ocrx_word' id='word_1_558' title='bbox 1193 1461 1265 1496; x_wconf 88' lang='lat' dir='ltr'><strong>quod</strong></span> <span class='ocrx_word' id='word_1_559' title='bbox 1287 1461 1354 1488; x_wconf 90' lang='lat' dir='ltr'><strong>mihi</strong></span> <span class='ocrx_word' id='word_1_560' title='bbox 1376 1461 1493 1488; x_wconf 84' lang='lat' dir='ltr'><strong>validius</strong></span> <span class='ocrx_word' id='word_1_561' title='bbox 1507 1464 1566 1487; x_wconf 84' lang='lat' dir='ltr'><strong>erat</strong></span> <span class='ocrx_word' id='word_1_562' title='bbox 1583 1460 1655 1487; x_wconf 81' lang='lat' dir='ltr'><strong>vallo</strong></span> <span class='ocrx_word' id='word_1_563' title='bbox 1675 1459 1773 1494; x_wconf 87' lang='lat' dir='ltr'><strong>quovis</strong></span> 
     </span>
    </p>
   </div>
   <div class='ocr_carea' id='block_1_75' title="bbox 983 1505 1774 1535">
    <p class='ocr_par' dir='ltr' id='par_1_75' title="bbox 983 1505 1774 1535">
     <span class='ocr_line' id='line_1_75' title="bbox 983 1505 1774 1535; baseline -0.005 0"><span class='ocrx_word' id='word_1_564' title='bbox 983 1507 1170 1535; x_wconf 85' lang='lat' dir='ltr'><strong>adamantino.</strong></span> <span class='ocrx_word' id='word_1_565' title='bbox 1196 1507 1265 1534; x_wconf 91' lang='lat' dir='ltr'><strong>Cum</strong></span> <span class='ocrx_word' id='word_1_566' title='bbox 1288 1511 1378 1535; x_wconf 87' lang='lat' dir='ltr'><strong>autent</strong></span> <span class='ocrx_word' id='word_1_567' title='bbox 1402 1507 1524 1534; x_wconf 85' lang='lat' dir='ltr'><strong>vicorum</strong></span> <span class='ocrx_word' id='word_1_568' title='bbox 1546 1507 1662 1533; x_wconf 84' lang='lat' dir='ltr'><strong>istorum</strong></span> <span class='ocrx_word' id='word_1_569' title='bbox 1688 1505 1774 1532; x_wconf 73' lang='lat' dir='ltr'><strong>maxi-</strong></span> 
     </span>
    </p>
   </div>
   <div class='ocr_carea' id='block_1_76' title="bbox 984 1551 1774 1588">
    <p class='ocr_par' dir='ltr' id='par_1_76' title="bbox 984 1551 1774 1588">
     <span class='ocr_line' id='line_1_76' title="bbox 984 1551 1774 1588; baseline -0.005 -7"><span class='ocrx_word' id='word_1_570' title='bbox 984 1562 1058 1581; x_wconf 90' lang='lat' dir='ltr'><strong>ntum</strong></span> <span class='ocrx_word' id='word_1_571' title='bbox 1075 1561 1258 1588; x_wconf 75' lang='lat' dir='ltr'><strong>aggressurus</strong></span> <span class='ocrx_word' id='word_1_572' title='bbox 1272 1561 1374 1584; x_wconf 83' lang='lat' dir='ltr'><strong>essent,</strong></span> <span class='ocrx_word' id='word_1_573' title='bbox 1392 1561 1425 1580; x_wconf 90' lang='lat' dir='ltr'><strong>ac</strong></span> <span class='ocrx_word' id='word_1_574' title='bbox 1446 1553 1531 1580; x_wconf 85' lang='lat' dir='ltr'><strong>multa</strong></span> <span class='ocrx_word' id='word_1_575' title='bbox 1547 1551 1647 1579; x_wconf 87' lang='lat' dir='ltr'><strong>deinde</strong></span> <span class='ocrx_word' id='word_1_576' title='bbox 1662 1551 1774 1578; x_wconf 84' lang='lat' dir='ltr'><strong>incidis-</strong></span> 
     </span>
    </p>
   </div>
   <div class='ocr_carea' id='block_1_77' title="bbox 983 1597 1772 1635">
    <p class='ocr_par' dir='ltr' id='par_1_77' title="bbox 983 1597 1772 1635">
     <span class='ocr_line' id='line_1_77' title="bbox 983 1597 1772 1635; baseline -0.009 -6"><span class='ocrx_word' id='word_1_577' title='bbox 983 1605 1046 1629; x_wconf 88' lang='lat' dir='ltr'><strong>sent</strong></span> <span class='ocrx_word' id='word_1_578' title='bbox 1058 1608 1118 1635; x_wconf 74' lang='lat' dir='ltr'><strong>qua:</strong></span> <span class='ocrx_word' id='word_1_579' title='bbox 1131 1601 1235 1628; x_wconf 80' lang='lat' dir='ltr'><strong>exitum</strong></span> <span class='ocrx_word' id='word_1_580' title='bbox 1247 1599 1440 1635; x_wconf 81' lang='lat' dir='ltr'><strong>prohibebant,</strong></span> <span class='ocrx_word' id='word_1_581' title='bbox 1455 1599 1515 1626; x_wconf 84' lang='lat' dir='ltr'><strong>misi</strong></span> <span class='ocrx_word' id='word_1_582' title='bbox 1531 1598 1563 1625; x_wconf 92' lang='lat' dir='ltr'><strong>ad</strong></span> <span class='ocrx_word' id='word_1_583' title='bbox 1575 1597 1672 1626; x_wconf 86' lang='lat' dir='ltr'><strong>Isaiam</strong></span> <span class='ocrx_word' id='word_1_584' title='bbox 1685 1604 1772 1624; x_wconf 88' lang='lat' dir='ltr'><strong>nteuttt</strong></span> 
     </span>
    </p>
   </div>
   <div class='ocr_carea' id='block_1_78' title="bbox 982 1643 1773 1681">
    <p class='ocr_par' dir='ltr' id='par_1_78' title="bbox 982 1643 1773 1681">
     <span class='ocr_line' id='line_1_78' title="bbox 982 1643 1773 1681; baseline -0.008 -7"><span class='ocrx_word' id='word_1_585' title='bbox 982 1648 1101 1674; x_wconf 90' lang='lat' dir='ltr'><strong>divinam</strong></span> <span class='ocrx_word' id='word_1_586' title='bbox 1124 1654 1204 1681; x_wconf 86' lang='lat' dir='ltr'><strong>opem</strong></span> <span class='ocrx_word' id='word_1_587' title='bbox 1223 1646 1384 1680; x_wconf 86' lang='lat' dir='ltr'><strong>implorans.</strong></span> <span class='ocrx_word' id='word_1_588' title='bbox 1401 1645 1469 1672; x_wconf 89' lang='lat' dir='ltr'><strong>Tum</strong></span> <span class='ocrx_word' id='word_1_589' title='bbox 1494 1645 1549 1676; x_wconf 86' lang='lat' dir='ltr'><strong>ille,</strong></span> <span class='ocrx_word' id='word_1_590' title='bbox 1578 1653 1587 1669; x_wconf 84' lang='lat'><strong>1</strong></span> <span class='ocrx_word' id='word_1_591' title='bbox 1614 1643 1700 1674; x_wconf 83' lang='lat' dir='ltr'><strong>Bono,</strong></span> <span class='ocrx_word' id='word_1_592' title='bbox 1723 1643 1773 1672; x_wconf 85' lang='lat' dir='ltr'><strong>ait,</strong></span> 
     </span>
    </p>
   </div>
   <div class='ocr_carea' id='block_1_79' title="bbox 982 1691 1773 1727">
    <p class='ocr_par' dir='ltr' id='par_1_79' title="bbox 982 1691 1773 1727">
     <span class='ocr_line' id='line_1_79' title="bbox 982 1691 1773 1727; baseline -0.009 -6"><span class='ocrx_word' id='word_1_593' title='bbox 982 1693 1020 1721; x_wconf 88' lang='lat' dir='ltr'><strong>sis</strong></span> <span class='ocrx_word' id='word_1_594' title='bbox 1031 1693 1136 1720; x_wconf 90' lang='lat' dir='ltr'><strong>animo.</strong></span> <span class='ocrx_word' id='word_1_595' title='bbox 1152 1691 1348 1727; x_wconf 79' lang='lat' dir='ltr'><strong>Impedimenta</strong></span> <span class='ocrx_word' id='word_1_596' title='bbox 1361 1692 1432 1718; x_wconf 85' lang='lat' dir='ltr'><strong>enim</strong></span> <span class='ocrx_word' id='word_1_597' title='bbox 1447 1691 1491 1718; x_wconf 92' lang='lat' dir='ltr'><strong>illa</strong></span> <span class='ocrx_word' id='word_1_598' title='bbox 1504 1691 1595 1718; x_wconf 92' lang='lat' dir='ltr'><strong>omnia</strong></span> <span class='ocrx_word' id='word_1_599' title='bbox 1612 1696 1773 1716; x_wconf 90' lang='lat' dir='ltr'><strong>aranearum</strong></span> 
     </span>
    </p>
   </div>
   <div class='ocr_carea' id='block_1_80' title="bbox 982 1734 1774 1773">
    <p class='ocr_par' dir='ltr' id='par_1_80' title="bbox 982 1734 1774 1773">
     <span class='ocr_line' id='line_1_80' title="bbox 982 1734 1774 1773; baseline -0.006 -7"><span class='ocrx_word' id='word_1_600' title='bbox 982 1739 1069 1766; x_wconf 87' lang='lat' dir='ltr'><strong>ittstar</strong></span> <span class='ocrx_word' id='word_1_601' title='bbox 1085 1739 1217 1773; x_wconf 81' lang='lat' dir='ltr'><strong>dissipata</strong></span> <span class='ocrx_word' id='word_1_602' title='bbox 1239 1741 1315 1769; x_wconf 88' lang='lat' dir='ltr'><strong>sunt,</strong></span> <span class='ocrx_word' id='word_1_603' title='bbox 1339 1738 1421 1772; x_wconf 82' lang='lat' dir='ltr'><strong>idque</strong></span> <span class='ocrx_word' id='word_1_604' title='bbox 1447 1744 1489 1764; x_wconf 89' lang='lat' dir='ltr'><strong>me</strong></span> <span class='ocrx_word' id='word_1_605' title='bbox 1511 1744 1558 1771; x_wconf 85' lang='lat' dir='ltr'><strong>per</strong></span> <span class='ocrx_word' id='word_1_606' title='bbox 1577 1739 1684 1763; x_wconf 88' lang='lat' dir='ltr'><strong>noctem</strong></span> <span class='ocrx_word' id='word_1_607' title='bbox 1702 1734 1774 1762; x_wconf 81' lang='lat' dir='ltr'><strong>Deus</strong></span> 
     </span>
    </p>
   </div>
   <div class='ocr_carea' id='block_1_81' title="bbox 983 1781 1775 1815">
    <p class='ocr_par' dir='ltr' id='par_1_81' title="bbox 983 1781 1775 1815">
     <span class='ocr_line' id='line_1_81' title="bbox 983 1781 1775 1815; baseline -0.006 -4"><span class='ocrx_word' id='word_1_608' title='bbox 983 1784 1089 1815; x_wconf 81' lang='lat' dir='ltr'><strong>docuit.</strong></span> <span class='ocrx_word' id='word_1_609' title='bbox 1111 1792 1164 1810; x_wconf 87' lang='lat' dir='ltr'><strong>nttn</strong></span> <span class='ocrx_word' id='word_1_610' title='bbox 1187 1791 1288 1810; x_wconf 89' lang='lat' dir='ltr'><strong>vanttm</strong></span> <span class='ocrx_word' id='word_1_611' title='bbox 1310 1782 1448 1810; x_wconf 87' lang='lat' dir='ltr'><strong>somnium</strong></span> <span class='ocrx_word' id='word_1_612' title='bbox 1467 1781 1644 1813; x_wconf 80' lang='lat' dir='ltr'><strong>adumbrans,</strong></span> <span class='ocrx_word' id='word_1_613' title='bbox 1665 1782 1712 1808; x_wconf 85' lang='lat' dir='ltr'><strong>sed</strong></span> <span class='ocrx_word' id='word_1_614' title='bbox 1730 1788 1775 1807; x_wconf 82' lang='lat' dir='ltr'><strong>ve-</strong></span> 
     </span>
    </p>
   </div>
   <div class='ocr_carea' id='block_1_82' title="bbox 982 1827 1773 1859">
    <p class='ocr_par' dir='ltr' id='par_1_82' title="bbox 982 1827 1773 1859">
     <span class='ocr_line' id='line_1_82' title="bbox 982 1827 1773 1859; baseline -0.006 -2"><span class='ocrx_word' id='word_1_615' title='bbox 982 1838 1039 1857; x_wconf 87' lang='lat' dir='ltr'><strong>rant</strong></span> <span class='ocrx_word' id='word_1_616' title='bbox 1062 1829 1197 1857; x_wconf 81' lang='lat' dir='ltr'><strong>visionem</strong></span> <span class='ocrx_word' id='word_1_617' title='bbox 1224 1828 1369 1855; x_wconf 85' lang='lat' dir='ltr'><strong>exhibens.</strong></span> <span class='ocrx_word' id='word_1_618' title='bbox 1396 1827 1458 1854; x_wconf 80' lang='lat' dir='ltr'><strong>Vidi</strong></span> <span class='ocrx_word' id='word_1_619' title='bbox 1481 1827 1568 1858; x_wconf 85' lang='lat' dir='ltr'><strong>enim,</strong></span> <span class='ocrx_word' id='word_1_620' title='bbox 1588 1827 1691 1859; x_wconf 86' lang='lat' dir='ltr'><strong>aiebat,</strong></span> <span class='ocrx_word' id='word_1_621' title='bbox 1711 1834 1773 1853; x_wconf 89' lang='lat' dir='ltr'><strong>cum</strong></span> 
     </span>
    </p>
   </div>
   <div class='ocr_carea' id='block_1_83' title="bbox 982 1873 1773 1912">
    <p class='ocr_par' dir='ltr' id='par_1_83' title="bbox 982 1873 1773 1912">
     <span class='ocr_line' id='line_1_83' title="bbox 982 1873 1773 1912; baseline -0.005 -9"><span class='ocrx_word' id='word_1_622' title='bbox 982 1875 1157 1912; x_wconf 85' lang='lat' dir='ltr'><strong>hymnodiam</strong></span> <span class='ocrx_word' id='word_1_623' title='bbox 1180 1875 1366 1906; x_wconf 76' lang='lat' dir='ltr'><strong>inclinassent,</strong></span> <span class='ocrx_word' id='word_1_624' title='bbox 1390 1881 1489 1902; x_wconf 83' lang='lat' dir='ltr'><strong>versus</strong></span> <span class='ocrx_word' id='word_1_625' title='bbox 1517 1879 1620 1909; x_wconf 87' lang='lat' dir='ltr'><strong>partem</strong></span> <span class='ocrx_word' id='word_1_626' title='bbox 1649 1873 1721 1900; x_wconf 86' lang='lat' dir='ltr'><strong>illam</strong></span> <span class='ocrx_word' id='word_1_627' title='bbox 1746 1874 1773 1899; x_wconf 88' lang='lat' dir='ltr'><strong>itt</strong></span> 
     </span>
    </p>
   </div>
   <div class='ocr_carea' id='block_1_84' title="bbox 982 1919 1773 1957">
    <p class='ocr_par' dir='ltr' id='par_1_84' title="bbox 982 1919 1773 1957">
     <span class='ocr_line' id='line_1_84' title="bbox 982 1919 1773 1957; baseline -0.003 -9"><span class='ocrx_word' id='word_1_628' title='bbox 982 1930 1035 1957; x_wconf 88' lang='lat' dir='ltr'><strong>qtta</strong></span> <span class='ocrx_word' id='word_1_629' title='bbox 1060 1922 1111 1949; x_wconf 79' lang='lat' dir='ltr'><strong>vici</strong></span> <span class='ocrx_word' id='word_1_630' title='bbox 1134 1921 1216 1956; x_wconf 83' lang='lat' dir='ltr'><strong>positi</strong></span> <span class='ocrx_word' id='word_1_631' title='bbox 1242 1925 1316 1954; x_wconf 84' lang='lat' dir='ltr'><strong>sunt,</strong></span> <span class='ocrx_word' id='word_1_632' title='bbox 1339 1924 1494 1955; x_wconf 73' lang='lat' dir='ltr'><strong>serpentem</strong></span> <span class='ocrx_word' id='word_1_633' title='bbox 1522 1919 1668 1954; x_wconf 80' lang='lat' dir='ltr'><strong>quemdam</strong></span> <span class='ocrx_word' id='word_1_634' title='bbox 1696 1919 1773 1953; x_wconf 82' lang='lat' dir='ltr'><strong>ignea</strong></span> 
     </span>
    </p>
   </div>
   <div class='ocr_carea' id='block_1_85' title="bbox 982 1965 1774 2003">
    <p class='ocr_par' dir='ltr' id='par_1_85' title="bbox 982 1965 1774 2003">
     <span class='ocr_line' id='line_1_85' title="bbox 982 1965 1774 2003; baseline -0.004 -8"><span class='ocrx_word' id='word_1_635' title='bbox 982 1968 1084 2003; x_wconf 79' lang='lat' dir='ltr'><strong>specie,</strong></span> <span class='ocrx_word' id='word_1_636' title='bbox 1100 1968 1147 2002; x_wconf 88' lang='lat' dir='ltr'><strong>qui</strong></span> <span class='ocrx_word' id='word_1_637' title='bbox 1160 1967 1194 1994; x_wconf 86' lang='lat' dir='ltr'><strong>ab</strong></span> <span class='ocrx_word' id='word_1_638' title='bbox 1206 1975 1306 1995; x_wconf 87' lang='lat' dir='ltr'><strong>occasu</strong></span> <span class='ocrx_word' id='word_1_639' title='bbox 1321 1967 1452 1994; x_wconf 89' lang='lat' dir='ltr'><strong>in.ortunt</strong></span> <span class='ocrx_word' id='word_1_640' title='bbox 1469 1973 1580 2001; x_wconf 80' lang='lat' dir='ltr'><strong>reptans</strong></span> <span class='ocrx_word' id='word_1_641' title='bbox 1595 1974 1643 2000; x_wconf 90' lang='lat' dir='ltr'><strong>per</strong></span> <span class='ocrx_word' id='word_1_642' title='bbox 1655 1965 1774 1993; x_wconf 81' lang='lat' dir='ltr'><strong>medium</strong></span> 
     </span>
    </p>
   </div>
   <div class='ocr_carea' id='block_1_86' title="bbox 983 2012 1774 2048">
    <p class='ocr_par' dir='ltr' id='par_1_86' title="bbox 983 2012 1774 2048">
     <span class='ocr_line' id='line_1_86' title="bbox 983 2012 1774 2048; baseline -0.004 -7"><span class='ocrx_word' id='word_1_643' title='bbox 983 2022 1047 2041; x_wconf 88' lang='lat' dir='ltr'><strong>aera</strong></span> <span class='ocrx_word' id='word_1_644' title='bbox 1065 2014 1214 2041; x_wconf 80' lang='lat' dir='ltr'><strong>ferebatur.</strong></span> <span class='ocrx_word' id='word_1_645' title='bbox 1232 2013 1335 2041; x_wconf 87' lang='lat' dir='ltr'><strong>Tertiis</strong></span> <span class='ocrx_word' id='word_1_646' title='bbox 1350 2021 1414 2041; x_wconf 86' lang='lat' dir='ltr'><strong>vero</strong></span> <span class='ocrx_word' id='word_1_647' title='bbox 1428 2013 1557 2048; x_wconf 84' lang='lat' dir='ltr'><strong>precibus</strong></span> <span class='ocrx_word' id='word_1_648' title='bbox 1574 2013 1706 2047; x_wconf 77' lang='lat' dir='ltr'><strong>peractis,</strong></span> <span class='ocrx_word' id='word_1_649' title='bbox 1719 2012 1774 2039; x_wconf 80' lang='lat' dir='ltr'><strong>vidi</strong></span> 
     </span>
    </p>
   </div>
   <div class='ocr_carea' id='block_1_87' title="bbox 982 2058 1773 2094">
    <p class='ocr_par' dir='ltr' id='par_1_87' title="bbox 982 2058 1773 2094">
     <span class='ocr_line' id='line_1_87' title="bbox 982 2058 1773 2094; baseline -0.004 -7"><span class='ocrx_word' id='word_1_650' title='bbox 982 2068 1080 2088; x_wconf 89' lang='lat' dir='ltr'><strong>rursus</strong></span> <span class='ocrx_word' id='word_1_651' title='bbox 1106 2059 1248 2090; x_wconf 79' lang='lat' dir='ltr'><strong>inﬂexum,</strong></span> <span class='ocrx_word' id='word_1_652' title='bbox 1272 2059 1425 2094; x_wconf 88' lang='lat' dir='ltr'><strong>circulique</strong></span> <span class='ocrx_word' id='word_1_653' title='bbox 1451 2058 1567 2085; x_wconf 79' lang='lat' dir='ltr'><strong>fortnam</strong></span> <span class='ocrx_word' id='word_1_654' title='bbox 1598 2058 1773 2090; x_wconf 86' lang='lat' dir='ltr'><strong>referentem,</strong></span> 
     </span>
    </p>
   </div>
   <div class='ocr_carea' id='block_1_88' title="bbox 983 2105 1775 2140">
    <p class='ocr_par' dir='ltr' id='par_1_88' title="bbox 983 2105 1775 2140">
     <span class='ocr_line' id='line_1_88' title="bbox 983 2105 1775 2140; baseline -0.001 -8"><span class='ocrx_word' id='word_1_655' title='bbox 983 2105 1068 2133; x_wconf 89' lang='lat' dir='ltr'><strong>cauda</strong></span> <span class='ocrx_word' id='word_1_656' title='bbox 1084 2105 1166 2140; x_wconf 89' lang='lat' dir='ltr'><strong>capiti</strong></span> <span class='ocrx_word' id='word_1_657' title='bbox 1191 2105 1330 2139; x_wconf 87' lang='lat' dir='ltr'><strong>copulata.</strong></span> <span class='ocrx_word' id='word_1_658' title='bbox 1350 2105 1382 2131; x_wconf 84' lang='lat' dir='ltr'><strong>Et</strong></span> <span class='ocrx_word' id='word_1_659' title='bbox 1402 2113 1464 2132; x_wconf 90' lang='lat' dir='ltr'><strong>eum</strong></span> <span class='ocrx_word' id='word_1_660' title='bbox 1483 2108 1547 2132; x_wconf 86' lang='lat' dir='ltr'><strong>octo</strong></span> <span class='ocrx_word' id='word_1_661' title='bbox 1566 2113 1663 2132; x_wconf 89' lang='lat' dir='ltr'><strong>rursus</strong></span> <span class='ocrx_word' id='word_1_662' title='bbox 1679 2113 1775 2139; x_wconf 88' lang='lat' dir='ltr'><strong>preca-</strong></span> 
     </span>
    </p>
   </div>
   <div class='ocr_carea' id='block_1_89' title="bbox 984 2149 1773 2184">
    <p class='ocr_par' dir='ltr' id='par_1_89' title="bbox 984 2149 1773 2184">
     <span class='ocr_line' id='line_1_89' title="bbox 984 2149 1773 2184; baseline -0.004 -6"><span class='ocrx_word' id='word_1_663' title='bbox 984 2153 1072 2179; x_wconf 89' lang='lat' dir='ltr'><strong>tiones</strong></span> <span class='ocrx_word' id='word_1_664' title='bbox 1089 2151 1281 2183; x_wconf 80' lang='lat' dir='ltr'><strong>absolvissetn,</strong></span> <span class='ocrx_word' id='word_1_665' title='bbox 1300 2150 1368 2176; x_wconf 86' lang='lat' dir='ltr'><strong>duas</strong></span> <span class='ocrx_word' id='word_1_666' title='bbox 1387 2151 1413 2176; x_wconf 85' lang='lat' dir='ltr'><strong>in</strong></span> <span class='ocrx_word' id='word_1_667' title='bbox 1435 2155 1527 2184; x_wconf 85' lang='lat' dir='ltr'><strong>partes</strong></span> <span class='ocrx_word' id='word_1_668' title='bbox 1541 2150 1689 2177; x_wconf 84' lang='lat' dir='ltr'><strong>dissectum</strong></span> <span class='ocrx_word' id='word_1_669' title='bbox 1706 2149 1773 2181; x_wconf 84' lang='lat' dir='ltr'><strong>vidi,</strong></span> 
     </span>
    </p>
   </div>
   <div class='ocr_carea' id='block_1_90' title="bbox 983 2193 1772 2231">
    <p class='ocr_par' dir='ltr' id='par_1_90' title="bbox 983 2193 1772 2231">
     <span class='ocr_line' id='line_1_90' title="bbox 983 2193 1772 2231; baseline -0.006 -7"><span class='ocrx_word' id='word_1_670' title='bbox 983 2198 1158 2231; x_wconf 88' lang='lat' dir='ltr'><strong>solutttntqtte</strong></span> <span class='ocrx_word' id='word_1_671' title='bbox 1181 2196 1208 2222; x_wconf 90' lang='lat' dir='ltr'><strong>itt</strong></span> <span class='ocrx_word' id='word_1_672' title='bbox 1236 2194 1352 2221; x_wconf 82' lang='lat' dir='ltr'><strong>fumum.</strong></span> <span class='ocrx_word' id='word_1_673' title='bbox 1381 2203 1389 2220; x_wconf 86' lang='lat' dir='ltr'><strong>t</strong></span> <span class='ocrx_word' id='word_1_674' title='bbox 1410 2195 1501 2228; x_wconf 87' lang='lat' dir='ltr'><strong>Atque</strong></span> <span class='ocrx_word' id='word_1_675' title='bbox 1520 2194 1577 2220; x_wconf 73' lang='lat' dir='ltr'><strong>haec</strong></span> <span class='ocrx_word' id='word_1_676' title='bbox 1595 2193 1641 2220; x_wconf 88' lang='lat' dir='ltr'><strong>ille</strong></span> <span class='ocrx_word' id='word_1_677' title='bbox 1662 2193 1772 2227; x_wconf 88' lang='lat' dir='ltr'><strong>quidem</strong></span> 
     </span>
    </p>
   </div>
   <div class='ocr_carea' id='block_1_91' title="bbox 984 2240 1774 2278">
    <p class='ocr_par' dir='ltr' id='par_1_91' title="bbox 984 2240 1774 2278">
     <span class='ocr_line' id='line_1_91' title="bbox 984 2240 1774 2278; baseline -0.008 -7"><span class='ocrx_word' id='word_1_678' title='bbox 984 2245 1019 2271; x_wconf 76' lang='lat' dir='ltr'><strong>ita</strong></span> <span class='ocrx_word' id='word_1_679' title='bbox 1038 2243 1162 2278; x_wconf 71' lang='lat' dir='ltr'><strong>praevidit</strong></span> <span class='ocrx_word' id='word_1_680' title='bbox 1182 2250 1189 2269; x_wconf 90' lang='lat'><strong>:</strong></span> <span class='ocrx_word' id='word_1_681' title='bbox 1212 2249 1263 2268; x_wconf 89' lang='lat' dir='ltr'><strong>nos</strong></span> <span class='ocrx_word' id='word_1_682' title='bbox 1280 2248 1345 2268; x_wconf 86' lang='lat' dir='ltr'><strong>vero</strong></span> <span class='ocrx_word' id='word_1_683' title='bbox 1367 2241 1584 2268; x_wconf 84' lang='lat' dir='ltr'><strong>consentientem</strong></span> <span class='ocrx_word' id='word_1_684' title='bbox 1604 2240 1774 2274; x_wconf 67' lang='lat' dir='ltr'><strong>prmdictioni</strong></span> 
     </span>
    </p>
   </div>
   <div class='ocr_carea' id='block_1_92' title="bbox 140 2282 930 2324">
    <p class='ocr_par' dir='ltr' id='par_1_92' title="bbox 140 2282 930 2319">
     <span class='ocr_line' id='line_1_92' title="bbox 140 2282 930 2319; baseline -0.003 -8"><span class='ocrx_word' id='word_1_685' title='bbox 140 2285 313 2318; x_wconf 68' lang='grc' dir='ltr'>ἐθεασάμεθα</span> <span class='ocrx_word' id='word_1_686' title='bbox 327 2284 561 2319; x_wconf 80' lang='grc' dir='ltr'>συνομολογοῦσαν</span> <span class='ocrx_word' id='word_1_687' title='bbox 574 2285 605 2319; x_wconf 80' lang='grc' dir='ltr'>τῇ</span> <span class='ocrx_word' id='word_1_688' title='bbox 623 2284 774 2319; x_wconf 71' lang='grc' dir='ltr'>προρρήσει</span> <span class='ocrx_word' id='word_1_689' title='bbox 788 2282 836 2318; x_wconf 86' lang='grc' dir='ltr'>τὴν</span> <span class='ocrx_word' id='word_1_690' title='bbox 849 2283 930 2309; x_wconf 70' lang='grc' dir='ltr'>ἔκϐα-</span> 
     </span>
    </p>
   </div>
   <div class='ocr_carea' id='block_1_93' title="bbox 981 2282 1774 2324">
    <p class='ocr_par' dir='ltr' id='par_1_93' title="bbox 986 2284 1774 2320">
     <span class='ocr_line' id='line_1_93' title="bbox 986 2284 1774 2320; baseline -0.005 -6"><span class='ocrx_word' id='word_1_691' title='bbox 986 2288 1090 2314; x_wconf 77' lang='lat' dir='ltr'><strong>exitum</strong></span> <span class='ocrx_word' id='word_1_692' title='bbox 1106 2286 1233 2313; x_wconf 86' lang='lat' dir='ltr'><strong>vidimus.</strong></span> <span class='ocrx_word' id='word_1_693' title='bbox 1253 2285 1332 2312; x_wconf 81' lang='lat' dir='ltr'><strong>Mane</strong></span> <span class='ocrx_word' id='word_1_694' title='bbox 1348 2285 1463 2320; x_wconf 84' lang='lat' dir='ltr'><strong>quippe,</strong></span> <span class='ocrx_word' id='word_1_695' title='bbox 1481 2288 1622 2311; x_wconf 85' lang='lat' dir='ltr'><strong>auctorem</strong></span> <span class='ocrx_word' id='word_1_696' title='bbox 1638 2284 1702 2311; x_wconf 86' lang='lat' dir='ltr'><strong>mali</strong></span> <span class='ocrx_word' id='word_1_697' title='bbox 1717 2291 1774 2311; x_wconf 82' lang='lat' dir='ltr'><strong>ser-</strong></span> 
     </span>
    </p>
   </div>
   <div class='ocr_carea' id='block_1_94' title="bbox 143 2328 934 2365">
    <p class='ocr_par' dir='ltr' id='par_1_94' title="bbox 143 2328 934 2365">
     <span class='ocr_line' id='line_1_94' title="bbox 143 2328 934 2365; baseline -0.003 -8"><span class='ocrx_word' id='word_1_698' title='bbox 143 2339 196 2357; x_wconf 88' lang='grc' dir='ltr'>σιν.</span> <span class='ocrx_word' id='word_1_699' title='bbox 218 2330 321 2356; x_wconf 82' lang='grc' dir='ltr'>Ἕωθεν</span> <span class='ocrx_word' id='word_1_700' title='bbox 345 2330 393 2365; x_wconf 81' lang='grc' dir='ltr'><strong>μὲν</strong></span> <span class='ocrx_word' id='word_1_701' title='bbox 420 2330 489 2364; x_wconf 81' lang='grc' dir='ltr'>γὰρ,</span> <span class='ocrx_word' id='word_1_702' title='bbox 514 2330 567 2356; x_wconf 79' lang='grc' dir='ltr'>ὑπὸ</span> <span class='ocrx_word' id='word_1_703' title='bbox 586 2329 632 2356; x_wconf 82' lang='grc' dir='ltr'>τοῦ</span> <span class='ocrx_word' id='word_1_704' title='bbox 660 2329 813 2365; x_wconf 80' lang='grc' dir='ltr'>ἁρχεκάκου</span> <span class='ocrx_word' id='word_1_705' title='bbox 846 2328 934 2363; x_wconf 67' lang='grc' dir='ltr'>ὄφεως</span> 
     </span>
    </p>
   </div>
   <div class='ocr_carea' id='block_1_95' title="bbox 143 2366 935 2412">
    <p class='ocr_par' dir='ltr' id='par_1_95' title="bbox 143 2366 935 2412">
     <span class='ocr_line' id='line_1_95' title="bbox 143 2366 935 2412; baseline -0.001 -9"><span class='ocrx_word' id='word_1_706' title='bbox 143 2376 389 2412; x_wconf 68' lang='grc' dir='ltr'>στρατηγούμενοι,</span> <span class='ocrx_word' id='word_1_707' title='bbox 409 2376 432 2402; x_wconf 75' lang='grc' dir='ltr'>οἱ</span> <span class='ocrx_word' id='word_1_708' title='bbox 451 2376 535 2402; x_wconf 80' lang='grc' dir='ltr'>πάλαι</span> <span class='ocrx_word' id='word_1_709' title='bbox 548 2366 603 2411; x_wconf 69' lang='grc' dir='ltr'><strong>μὲν</strong></span> <span class='ocrx_word' id='word_1_710' title='bbox 614 2376 664 2410; x_wconf 83' lang='grc' dir='ltr'>τῆς</span> <span class='ocrx_word' id='word_1_711' title='bbox 690 2376 854 2411; x_wconf 79' lang='grc' dir='ltr'>Μαρκίωνος</span> <span class='ocrx_word' id='word_1_712' title='bbox 868 2384 935 2412; x_wconf 64' lang='grc' dir='ltr'>συμτ</span> 
     </span>
    </p>
   </div>
   <div class='ocr_carea' id='block_1_96' title="bbox 144 2411 935 2458">
    <p class='ocr_par' dir='ltr' id='par_1_96' title="bbox 144 2411 935 2458">
     <span class='ocr_line' id='line_1_96' title="bbox 144 2411 935 2458; baseline -0.003 -8"><span class='ocrx_word' id='word_1_713' title='bbox 144 2423 254 2458; x_wconf 82' lang='grc' dir='ltr'>μορίας,</span> <span class='ocrx_word' id='word_1_714' title='bbox 269 2423 316 2448; x_wconf 84' lang='grc' dir='ltr'>νῦν</span> <span class='ocrx_word' id='word_1_715' title='bbox 332 2421 359 2447; x_wconf 76' lang='grc' dir='ltr'>δὲ</span> <span class='ocrx_word' id='word_1_716' title='bbox 375 2422 424 2456; x_wconf 83' lang='grc' dir='ltr'><strong>τῆς</strong></span> <span class='ocrx_word' id='word_1_717' title='bbox 438 2422 622 2456; x_wconf 82' lang='grc' dir='ltr'>ἀποστολικῆς</span> <span class='ocrx_word' id='word_1_718' title='bbox 633 2422 773 2456; x_wconf 79' lang='grc' dir='ltr'>γενόμενοι</span> <span class='ocrx_word' id='word_1_719' title='bbox 785 2411 935 2455; x_wconf 69' lang='grc' dir='ltr'>φάλαγγος,</span> 
     </span>
    </p>
   </div>
   <div class='ocr_carea' id='block_1_97' title="bbox 142 2467 936 2504">
    <p class='ocr_par' dir='ltr' id='par_1_97' title="bbox 142 2467 936 2504">
     <span class='ocr_line' id='line_1_97' title="bbox 142 2467 936 2504; baseline -0.001 -10"><span class='ocrx_word' id='word_1_720' title='bbox 142 2468 236 2504; x_wconf 69' lang='grc' dir='ltr'>γυμνὰ</span> <span class='ocrx_word' id='word_1_721' title='bbox 251 2469 314 2503; x_wconf 81' lang='grc' dir='ltr'>ἡμῖν</span> <span class='ocrx_word' id='word_1_722' title='bbox 328 2467 381 2494; x_wconf 78' lang='grc' dir='ltr'>ἀπὸ</span> <span class='ocrx_word' id='word_1_723' title='bbox 393 2467 441 2501; x_wconf 84' lang='grc' dir='ltr'>τῆς</span> <span class='ocrx_word' id='word_1_724' title='bbox 458 2467 577 2502; x_wconf 78' lang='grc' dir='ltr'>ἑσπέρας</span> <span class='ocrx_word' id='word_1_725' title='bbox 592 2467 732 2502; x_wconf 82' lang='grc' dir='ltr'>ὁρμῶντες</span> <span class='ocrx_word' id='word_1_726' title='bbox 744 2468 776 2493; x_wconf 73' lang='grc' dir='ltr'><strong>τὰ</strong></span> <span class='ocrx_word' id='word_1_727' title='bbox 793 2467 857 2502; x_wconf 77' lang='grc' dir='ltr'>ξίφη</span> <span class='ocrx_word' id='word_1_728' title='bbox 871 2467 936 2493; x_wconf 79' lang='grc' dir='ltr'>ἐδεί-</span> 
     </span>
    </p>
   </div>
   <div class='ocr_carea' id='block_1_98' title="bbox 143 2511 936 2548">
    <p class='ocr_par' dir='ltr' id='par_1_98' title="bbox 143 2511 936 2548">
     <span class='ocr_line' id='line_1_98' title="bbox 143 2511 936 2548; baseline 0 -9"><span class='ocrx_word' id='word_1_729' title='bbox 143 2521 236 2539; x_wconf 83' lang='grc' dir='ltr'>κνυον.</span> <span class='ocrx_word' id='word_1_730' title='bbox 255 2512 322 2548; x_wconf 76' lang='grc' dir='ltr'>Περὶ</span> <span class='ocrx_word' id='word_1_731' title='bbox 336 2512 365 2538; x_wconf 80' lang='grc' dir='ltr'>δὲ</span> <span class='ocrx_word' id='word_1_732' title='bbox 384 2512 480 2546; x_wconf 78' lang='grc' dir='ltr'>τρίτην</span> <span class='ocrx_word' id='word_1_733' title='bbox 499 2511 574 2547; x_wconf 72' lang='grc' dir='ltr'>ὤραν</span> <span class='ocrx_word' id='word_1_734' title='bbox 587 2512 637 2546; x_wconf 82' lang='grc' dir='ltr'><strong>τῆς</strong></span> <span class='ocrx_word' id='word_1_735' title='bbox 663 2512 767 2546; x_wconf 79' lang='grc' dir='ltr'>ἡμέρας</span> <span class='ocrx_word' id='word_1_736' title='bbox 787 2520 936 2547; x_wconf 77' lang='grc' dir='ltr'>συσπειρα-</span> 
     </span>
    </p>
   </div>
   <div class='ocr_carea' id='block_1_99' title="bbox 143 2557 933 2592">
    <p class='ocr_par' dir='ltr' id='par_1_99' title="bbox 143 2557 933 2592">
     <span class='ocr_line' id='line_1_99' title="bbox 143 2557 933 2592; baseline -0.001 -8"><span class='ocrx_word' id='word_1_737' title='bbox 143 2558 248 2589; x_wconf 79' lang='grc' dir='ltr'>θέντες,</span> <span class='ocrx_word' id='word_1_738' title='bbox 263 2558 310 2592; x_wconf 81' lang='grc' dir='ltr'>τῆς</span> <span class='ocrx_word' id='word_1_739' title='bbox 324 2557 426 2588; x_wconf 73' lang='grc' dir='ltr'>οἰκείοις</span> <span class='ocrx_word' id='word_1_740' title='bbox 444 2557 603 2592; x_wconf 77' lang='grc' dir='ltr'>ἐφρόντιζον</span> <span class='ocrx_word' id='word_1_741' title='bbox 620 2557 751 2592; x_wconf 76' lang='grc' dir='ltr'>φυλακῆς,</span> <span class='ocrx_word' id='word_1_742' title='bbox 781 2558 906 2592; x_wconf 70' lang='grc' dir='ltr'>καθάπερ</span> <span class='ocrx_word' id='word_1_743' title='bbox 920 2559 933 2584; x_wconf 86' lang='grc' dir='ltr'><strong>ὁ</strong></span> 
     </span>
    </p>
   </div>
   <div class='ocr_carea' id='block_1_100' title="bbox 143 2603 933 2640">
    <p class='ocr_par' dir='ltr' id='par_1_100' title="bbox 143 2603 933 2640">
     <span class='ocr_line' id='line_1_100' title="bbox 143 2603 933 2640; baseline 0.003 -11"><span class='ocrx_word' id='word_1_744' title='bbox 143 2604 207 2638; x_wconf 70' lang='grc' dir='ltr'>ὄφις</span> <span class='ocrx_word' id='word_1_745' title='bbox 219 2605 252 2639; x_wconf 86' lang='grc' dir='ltr'>τῇ</span> <span class='ocrx_word' id='word_1_746' title='bbox 275 2603 366 2639; x_wconf 79' lang='grc' dir='ltr'>κέρκῳ</span> <span class='ocrx_word' id='word_1_747' title='bbox 386 2604 435 2638; x_wconf 76' lang='grc' dir='ltr'>τὴν</span> <span class='ocrx_word' id='word_1_748' title='bbox 453 2603 573 2638; x_wconf 77' lang='grc' dir='ltr'>κεφαλὴν</span> <span class='ocrx_word' id='word_1_749' title='bbox 599 2604 811 2631; x_wconf 83' lang='grc' dir='ltr'>συνεκάλυπτεν.</span> <span class='ocrx_word' id='word_1_750' title='bbox 838 2605 933 2640; x_wconf 77' lang='grc' dir='ltr'>Ὀγδόῃ</span> 
     </span>
    </p>
   </div>
   <div class='ocr_carea' id='block_1_101' title="bbox 144 2649 935 2686">
    <p class='ocr_par' dir='ltr' id='par_1_101' title="bbox 144 2649 935 2686">
     <span class='ocr_line' id='line_1_101' title="bbox 144 2649 935 2686; baseline 0 -10"><span class='ocrx_word' id='word_1_751' title='bbox 144 2650 173 2677; x_wconf 76' lang='grc' dir='ltr'><strong>δὲ</strong></span> <span class='ocrx_word' id='word_1_752' title='bbox 188 2649 248 2685; x_wconf 74' lang='grc' dir='ltr'><strong>ῶρᾳ</strong></span> <span class='ocrx_word' id='word_1_753' title='bbox 270 2650 472 2682; x_wconf 76' lang='grc' dir='ltr'>σκεδασθέντες,</span> <span class='ocrx_word' id='word_1_754' title='bbox 491 2649 582 2685; x_wconf 83' lang='grc' dir='ltr'>χώραν</span> <span class='ocrx_word' id='word_1_755' title='bbox 605 2651 671 2686; x_wconf 81' lang='grc' dir='ltr'>ἡμῖν</span> <span class='ocrx_word' id='word_1_756' title='bbox 700 2651 804 2678; x_wconf 75' lang='grc' dir='ltr'>ἔδωκαν</span> <span class='ocrx_word' id='word_1_757' title='bbox 831 2651 880 2686; x_wconf 81' lang='grc' dir='ltr'>τῆς</span> <span class='ocrx_word' id='word_1_758' title='bbox 895 2652 935 2682; x_wconf 84' lang='grc' dir='ltr'>εἰς</span> 
     </span>
    </p>
   </div>
   <div class='ocr_carea' id='block_1_102' title="bbox 143 2693 935 2731">
    <p class='ocr_par' dir='ltr' id='par_1_102' title="bbox 143 2693 935 2731">
     <span class='ocr_line' id='line_1_102' title="bbox 143 2693 935 2731; baseline 0.004 -12"><span class='ocrx_word' id='word_1_759' title='bbox 143 2694 194 2728; x_wconf 70' lang='grc' dir='ltr'>’τὴν</span> <span class='ocrx_word' id='word_1_760' title='bbox 207 2693 303 2728; x_wconf 80' lang='grc' dir='ltr'>κώμην</span> <span class='ocrx_word' id='word_1_761' title='bbox 320 2693 421 2720; x_wconf 72' lang='grc' dir='ltr'>εἰσόδου</span> <span class='ocrx_word' id='word_1_762' title='bbox 432 2703 439 2710; x_wconf 85' lang='grc'>·</span> <span class='ocrx_word' id='word_1_763' title='bbox 456 2696 502 2721; x_wconf 78' lang='grc' dir='ltr'><strong>καὶ</strong></span> <span class='ocrx_word' id='word_1_764' title='bbox 517 2695 675 2730; x_wconf 80' lang='grc' dir='ltr'>παραυτίκα</span> <span class='ocrx_word' id='word_1_765' title='bbox 691 2695 809 2731; x_wconf 70' lang='grc' dir='ltr'>εὕρομεν</span> <span class='ocrx_word' id='word_1_766' title='bbox 831 2696 892 2730; x_wconf 68' lang='grc' dir='ltr'>ὅφιν</span> <span class='ocrx_word' id='word_1_767' title='bbox 906 2696 935 2729; x_wconf 78' lang='grc' dir='ltr'>ἐξ</span> 
     </span>
    </p>
   </div>
   <div class='ocr_carea' id='block_1_103' title="bbox 144 2739 934 2777">
    <p class='ocr_par' dir='ltr' id='par_1_103' title="bbox 144 2739 934 2777">
     <span class='ocr_line' id='line_1_103' title="bbox 144 2739 934 2777; baseline 0.003 -11"><span class='ocrx_word' id='word_1_768' title='bbox 144 2739 212 2775; x_wconf 74' lang='grc' dir='ltr'>ὕλης</span> <span class='ocrx_word' id='word_1_769' title='bbox 237 2739 336 2774; x_wconf 77' lang='grc' dir='ltr'>χαλκοῦ</span> <span class='ocrx_word' id='word_1_770' title='bbox 361 2740 554 2776; x_wconf 78' lang='grc' dir='ltr'>πεποιημένον,</span> <span class='ocrx_word' id='word_1_771' title='bbox 577 2741 623 2768; x_wconf 74' lang='grc' dir='ltr'>καὶ</span> <span class='ocrx_word' id='word_1_772' title='bbox 648 2741 693 2767; x_wconf 81' lang='grc' dir='ltr'><strong>ὑπ’</strong></span> <span class='ocrx_word' id='word_1_773' title='bbox 714 2742 825 2768; x_wconf 84' lang='grc' dir='ltr'>ἐκείνων</span> <span class='ocrx_word' id='word_1_774' title='bbox 850 2751 934 2777; x_wconf 79' lang='grc' dir='ltr'>προσο</span> 
     </span>
    </p>
   </div>
   <div class='ocr_carea' id='block_1_104' title="bbox 144 2786 935 2824">
    <p class='ocr_par' dir='ltr' id='par_1_104' title="bbox 144 2786 935 2824">
     <span class='ocr_line' id='line_1_104' title="bbox 144 2786 935 2824; baseline 0.004 -13"><span class='ocrx_word' id='word_1_775' title='bbox 144 2786 321 2821; x_wconf 75' lang='grc' dir='ltr'>κυνούμενον.</span> <span class='ocrx_word' id='word_1_776' title='bbox 337 2786 387 2812; x_wconf 73' lang='grc' dir='ltr'><strong>Τὸν</strong></span> <span class='ocrx_word' id='word_1_777' title='bbox 397 2789 450 2822; x_wconf 75' lang='grc' dir='ltr'>γὰρ</span> <span class='ocrx_word' id='word_1_778' title='bbox 465 2787 537 2814; x_wconf 72' lang='grc' dir='ltr'>κατὰ</span> <span class='ocrx_word' id='word_1_779' title='bbox 548 2787 595 2813; x_wconf 80' lang='grc' dir='ltr'>τοῦ</span> <span class='ocrx_word' id='word_1_780' title='bbox 608 2788 779 2823; x_wconf 79' lang='grc' dir='ltr'>Δημιουργοῦ</span> <span class='ocrx_word' id='word_1_781' title='bbox 794 2787 841 2814; x_wconf 73' lang='grc' dir='ltr'><strong>καὶ</strong></span> <span class='ocrx_word' id='word_1_782' title='bbox 853 2788 935 2824; x_wconf 86' lang='grc' dir='ltr'>Ποιη-</span> 
     </span>
    </p>
   </div>
   <div class='ocr_carea' id='block_1_105' title="bbox 142 2830 935 2870">
    <p class='ocr_par' dir='ltr' id='par_1_105' title="bbox 142 2830 935 2870">
     <span class='ocr_line' id='line_1_105' title="bbox 142 2830 935 2870; baseline 0.004 -11"><span class='ocrx_word' id='word_1_783' title='bbox 142 2833 192 2859; x_wconf 59' lang='lat' dir='ltr'><strong>to?)</strong></span> <span class='ocrx_word' id='word_1_784' title='bbox 206 2830 258 2859; x_wconf 81' lang='grc' dir='ltr'><strong>τῶν</strong></span> <span class='ocrx_word' id='word_1_785' title='bbox 278 2832 345 2859; x_wconf 78' lang='grc' dir='ltr'>ὅλων</span> <span class='ocrx_word' id='word_1_786' title='bbox 363 2833 508 2868; x_wconf 71' lang='grc' dir='ltr'>προφανῶς</span> <span class='ocrx_word' id='word_1_787' title='bbox 525 2833 723 2869; x_wconf 69' lang='grc' dir='ltr'>ἀναδεξάμενον</span> <span class='ocrx_word' id='word_1_788' title='bbox 744 2835 873 2870; x_wconf 80' lang='grc' dir='ltr'>πόλεμον,</span> <span class='ocrx_word' id='word_1_789' title='bbox 890 2835 935 2862; x_wconf 70' lang='grc' dir='ltr'><strong>τὸν</strong></span> 
     </span>
    </p>
   </div>
   <div class='ocr_carea' id='block_1_106' title="bbox 181 2920 458 2953">
    <p class='ocr_par' dir='ltr' id='par_1_106' title="bbox 181 2920 458 2953">
     <span class='ocr_line' id='line_1_106' title="bbox 181 2920 458 2953; baseline -0.004 -4"><span class='ocrx_word' id='word_1_790' title='bbox 181 2921 193 2937; x_wconf 86' lang='grc'><strong><em>⁸</em></strong></span> <span class='ocrx_word' id='word_1_791' title='bbox 207 2920 279 2949; x_wconf 83' lang='lat' dir='ltr'><strong>Psal.</strong></span> <span class='ocrx_word' id='word_1_792' title='bbox 296 2927 372 2953; x_wconf 79' lang='lat' dir='ltr'><strong>cvm,</strong></span> <span class='ocrx_word' id='word_1_793' title='bbox 386 2920 416 2953; x_wconf 72' lang='grc'>4,</span> <span class='ocrx_word' id='word_1_794' title='bbox 429 2920 458 2948; x_wconf 79' lang='lat'><strong>5.</strong></span> 
     </span>
    </p>
   </div>
   <div class='ocr_carea' id='block_1_107' title="bbox 985 2328 1773 2366">
    <p class='ocr_par' dir='ltr' id='par_1_107' title="bbox 985 2328 1773 2366">
     <span class='ocr_line' id='line_1_107' title="bbox 985 2328 1773 2366; baseline -0.004 -8"><span class='ocrx_word' id='word_1_795' title='bbox 985 2335 1094 2366; x_wconf 84' lang='lat' dir='ltr'><strong>pctttem</strong></span> <span class='ocrx_word' id='word_1_796' title='bbox 1117 2334 1262 2365; x_wconf 79' lang='lat' dir='ltr'><strong>sequentes</strong></span> <span class='ocrx_word' id='word_1_797' title='bbox 1285 2330 1392 2362; x_wconf 80' lang='lat' dir='ltr'><strong>ducem,</strong></span> <span class='ocrx_word' id='word_1_798' title='bbox 1421 2329 1468 2364; x_wconf 91' lang='lat' dir='ltr'><strong>qui</strong></span> <span class='ocrx_word' id='word_1_799' title='bbox 1495 2328 1644 2356; x_wconf 83' lang='lat' dir='ltr'><strong>Marcionis</strong></span> <span class='ocrx_word' id='word_1_800' title='bbox 1671 2329 1773 2356; x_wconf 89' lang='lat' dir='ltr'><strong>dudttm</strong></span> 
     </span>
    </p>
   </div>
   <div class='ocr_carea' id='block_1_108' title="bbox 983 2375 1773 2412">
    <p class='ocr_par' dir='ltr' id='par_1_108' title="bbox 983 2375 1773 2412">
     <span class='ocr_line' id='line_1_108' title="bbox 983 2375 1773 2412; baseline -0.001 -9"><span class='ocrx_word' id='word_1_801' title='bbox 983 2378 1101 2412; x_wconf 86' lang='lat' dir='ltr'><strong>partium</strong></span> <span class='ocrx_word' id='word_1_802' title='bbox 1129 2380 1219 2409; x_wconf 87' lang='lat' dir='ltr'><strong>erant,</strong></span> <span class='ocrx_word' id='word_1_803' title='bbox 1244 2383 1320 2404; x_wconf 87' lang='lat' dir='ltr'><strong>nttnc</strong></span> <span class='ocrx_word' id='word_1_804' title='bbox 1348 2376 1492 2411; x_wconf 77' lang='lat' dir='ltr'><strong>phalangis</strong></span> <span class='ocrx_word' id='word_1_805' title='bbox 1515 2379 1581 2402; x_wconf 87' lang='lat' dir='ltr'><strong>sunt</strong></span> <span class='ocrx_word' id='word_1_806' title='bbox 1604 2375 1773 2410; x_wconf 51' lang='lat' dir='ltr'><strong>apostolica,</strong></span> 
     </span>
    </p>
   </div>
   <div class='ocr_carea' id='block_1_109' title="bbox 983 2421 1774 2456">
    <p class='ocr_par' dir='ltr' id='par_1_109' title="bbox 983 2421 1774 2456">
     <span class='ocr_line' id='line_1_109' title="bbox 983 2421 1774 2456; baseline -0.003 -6"><span class='ocrx_word' id='word_1_807' title='bbox 983 2423 1072 2450; x_wconf 89' lang='lat' dir='ltr'><strong>nudos</strong></span> <span class='ocrx_word' id='word_1_808' title='bbox 1087 2423 1166 2450; x_wconf 91' lang='lat' dir='ltr'><strong>nobis</strong></span> <span class='ocrx_word' id='word_1_809' title='bbox 1182 2423 1217 2450; x_wconf 88' lang='lat' dir='ltr'><strong>ab</strong></span> <span class='ocrx_word' id='word_1_810' title='bbox 1240 2430 1340 2450; x_wconf 84' lang='lat' dir='ltr'><strong>occasu</strong></span> <span class='ocrx_word' id='word_1_811' title='bbox 1361 2422 1496 2449; x_wconf 83' lang='lat' dir='ltr'><strong>irruentes</strong></span> <span class='ocrx_word' id='word_1_812' title='bbox 1519 2421 1626 2456; x_wconf 76' lang='lat' dir='ltr'><strong>gladios</strong></span> <span class='ocrx_word' id='word_1_813' title='bbox 1645 2421 1774 2449; x_wconf 79' lang='lat' dir='ltr'><strong>ostende-</strong></span> 
     </span>
    </p>
   </div>
   <div class='ocr_carea' id='block_1_110' title="bbox 984 2466 1775 2497">
    <p class='ocr_par' dir='ltr' id='par_1_110' title="bbox 984 2466 1775 2497">
     <span class='ocr_line' id='line_1_110' title="bbox 984 2466 1775 2497; baseline 0 -1"><span class='ocrx_word' id='word_1_814' title='bbox 984 2470 1059 2497; x_wconf 85' lang='lat' dir='ltr'><strong>bant.</strong></span> <span class='ocrx_word' id='word_1_815' title='bbox 1077 2468 1135 2496; x_wconf 89' lang='lat' dir='ltr'><strong>Sub</strong></span> <span class='ocrx_word' id='word_1_816' title='bbox 1151 2469 1246 2496; x_wconf 86' lang='lat' dir='ltr'><strong>horam</strong></span> <span class='ocrx_word' id='word_1_817' title='bbox 1263 2476 1330 2495; x_wconf 73' lang='lat' dir='ltr'><strong>vero</strong></span> <span class='ocrx_word' id='word_1_818' title='bbox 1341 2468 1454 2495; x_wconf 79' lang='lat' dir='ltr'><strong>&#39;tertiam</strong></span> <span class='ocrx_word' id='word_1_819' title='bbox 1468 2466 1521 2494; x_wconf 79' lang='lat' dir='ltr'><strong>diei</strong></span> <span class='ocrx_word' id='word_1_820' title='bbox 1537 2469 1542 2478; x_wconf 90' lang='lat'>‘</span> <span class='ocrx_word' id='word_1_821' title='bbox 1564 2467 1590 2493; x_wconf 90' lang='lat' dir='ltr'><strong>itt</strong></span> <span class='ocrx_word' id='word_1_822' title='bbox 1609 2467 1703 2494; x_wconf 89' lang='lat' dir='ltr'><strong>orbem</strong></span> <span class='ocrx_word' id='word_1_823' title='bbox 1717 2467 1775 2496; x_wconf 83' lang='lat' dir='ltr'><strong>eol-</strong></span> 
     </span>
    </p>
   </div>
   <div class='ocr_carea' id='block_1_111' title="bbox 981 2513 1775 2547">
    <p class='ocr_par' dir='ltr' id='par_1_111' title="bbox 981 2513 1775 2547">
     <span class='ocr_line' id='line_1_111' title="bbox 981 2513 1775 2547; baseline -0.004 -5"><span class='ocrx_word' id='word_1_824' title='bbox 981 2515 1044 2542; x_wconf 87' lang='lat' dir='ltr'><strong>lecti</strong></span> <span class='ocrx_word' id='word_1_825' title='bbox 1061 2515 1094 2542; x_wconf 88' lang='lat' dir='ltr'><strong>ad</strong></span> <span class='ocrx_word' id='word_1_826' title='bbox 1112 2514 1154 2542; x_wconf 87' lang='lat' dir='ltr'><strong>stti</strong></span> <span class='ocrx_word' id='word_1_827' title='bbox 1171 2514 1324 2541; x_wconf 83' lang='lat' dir='ltr'><strong>custodiam</strong></span> <span class='ocrx_word' id='word_1_828' title='bbox 1346 2513 1552 2546; x_wconf 84' lang='lat' dir='ltr'><strong>incumbebant,</strong></span> <span class='ocrx_word' id='word_1_829' title='bbox 1568 2513 1639 2540; x_wconf 81' lang='lat' dir='ltr'><strong>sicut</strong></span> <span class='ocrx_word' id='word_1_830' title='bbox 1659 2521 1775 2547; x_wconf 88' lang='lat' dir='ltr'><strong>serpens</strong></span> 
     </span>
    </p>
   </div>
   <div class='ocr_carea' id='block_1_112' title="bbox 983 2558 1774 2596">
    <p class='ocr_par' dir='ltr' id='par_1_112' title="bbox 983 2558 1774 2596">
     <span class='ocr_line' id='line_1_112' title="bbox 983 2558 1774 2596; baseline -0.004 -8"><span class='ocrx_word' id='word_1_831' title='bbox 983 2565 1066 2596; x_wconf 86' lang='lat' dir='ltr'><strong>caput</strong></span> <span class='ocrx_word' id='word_1_832' title='bbox 1092 2560 1265 2595; x_wconf 79' lang='lat' dir='ltr'><strong>contegebat.</strong></span> <span class='ocrx_word' id='word_1_833' title='bbox 1295 2559 1397 2587; x_wconf 85' lang='lat' dir='ltr'><strong>Octava</strong></span> <span class='ocrx_word' id='word_1_834' title='bbox 1425 2558 1534 2586; x_wconf 85' lang='lat' dir='ltr'><strong>demum</strong></span> <span class='ocrx_word' id='word_1_835' title='bbox 1564 2559 1630 2585; x_wconf 84' lang='lat' dir='ltr'><strong>hora</strong></span> <span class='ocrx_word' id='word_1_836' title='bbox 1657 2558 1774 2594; x_wconf 84' lang='lat' dir='ltr'><strong>dispersi</strong></span> 
     </span>
    </p>
   </div>
   <div class='ocr_carea' id='block_1_113' title="bbox 983 2605 1772 2642">
    <p class='ocr_par' dir='ltr' id='par_1_113' title="bbox 983 2605 1772 2642">
     <span class='ocr_line' id='line_1_113' title="bbox 983 2605 1772 2642; baseline -0.003 -7"><span class='ocrx_word' id='word_1_837' title='bbox 983 2608 1090 2635; x_wconf 82' lang='lat' dir='ltr'><strong>facilem</strong></span> <span class='ocrx_word' id='word_1_838' title='bbox 1104 2607 1183 2635; x_wconf 87' lang='lat' dir='ltr'><strong>nobis</strong></span> <span class='ocrx_word' id='word_1_839' title='bbox 1195 2607 1220 2634; x_wconf 95' lang='lat' dir='ltr'><strong>in</strong></span> <span class='ocrx_word' id='word_1_840' title='bbox 1239 2605 1344 2642; x_wconf 58' lang='lat'><strong>1255</strong></span> <span class='ocrx_word' id='word_1_841' title='bbox 1357 2606 1444 2632; x_wconf 87' lang='lat' dir='ltr'><strong>vicum</strong></span> <span class='ocrx_word' id='word_1_842' title='bbox 1458 2605 1560 2632; x_wconf 88' lang='lat' dir='ltr'><strong>aditunt</strong></span> <span class='ocrx_word' id='word_1_843' title='bbox 1575 2605 1748 2640; x_wconf 71' lang='lat' dir='ltr'><strong>praebuerunt</strong></span> <span class='ocrx_word' id='word_1_844' title='bbox 1767 2615 1772 2633; x_wconf 91' lang='lat'>:</span> 
     </span>
    </p>
   </div>
   <div class='ocr_carea' id='block_1_114' title="bbox 984 2650 1776 2687">
    <p class='ocr_par' dir='ltr' id='par_1_114' title="bbox 984 2650 1776 2687">
     <span class='ocr_line' id='line_1_114' title="bbox 984 2650 1776 2687; baseline -0.003 -8"><span class='ocrx_word' id='word_1_845' title='bbox 984 2654 1131 2687; x_wconf 85' lang='lat' dir='ltr'><strong>statimque</strong></span> <span class='ocrx_word' id='word_1_846' title='bbox 1153 2660 1258 2680; x_wconf 65' lang='lat' dir='ltr'><strong>aeneum</strong></span> <span class='ocrx_word' id='word_1_847' title='bbox 1282 2657 1436 2686; x_wconf 83' lang='lat' dir='ltr'><strong>serpentem</strong></span> <span class='ocrx_word' id='word_1_848' title='bbox 1464 2650 1646 2682; x_wconf 74' lang='lat' dir='ltr'><strong>offendimus,</strong></span> <span class='ocrx_word' id='word_1_849' title='bbox 1670 2650 1716 2686; x_wconf 92' lang='lat' dir='ltr'><strong>qui</strong></span> <span class='ocrx_word' id='word_1_850' title='bbox 1741 2651 1776 2681; x_wconf 81' lang='lat' dir='ltr'><strong>ab</strong></span> 
     </span>
    </p>
   </div>
   <div class='ocr_carea' id='block_1_115' title="bbox 985 2697 1771 2733">
    <p class='ocr_par' dir='ltr' id='par_1_115' title="bbox 985 2697 1771 2733">
     <span class='ocr_line' id='line_1_115' title="bbox 985 2697 1771 2733; baseline -0.004 -7"><span class='ocrx_word' id='word_1_851' title='bbox 985 2699 1053 2733; x_wconf 90' lang='lat' dir='ltr'><strong>ipsis</strong></span> <span class='ocrx_word' id='word_1_852' title='bbox 1074 2698 1250 2725; x_wconf 86' lang='lat' dir='ltr'><strong>adorabatur.</strong></span> <span class='ocrx_word' id='word_1_853' title='bbox 1269 2697 1345 2724; x_wconf 84' lang='lat' dir='ltr'><strong>Bello</strong></span> <span class='ocrx_word' id='word_1_854' title='bbox 1368 2697 1442 2725; x_wconf 84' lang='lat' dir='ltr'><strong>enim</strong></span> <span class='ocrx_word' id='word_1_855' title='bbox 1462 2697 1596 2724; x_wconf 87' lang='lat' dir='ltr'><strong>adversus</strong></span> <span class='ocrx_word' id='word_1_856' title='bbox 1612 2697 1771 2724; x_wconf 81' lang='lat' dir='ltr'><strong>Creatorem</strong></span> 
     </span>
    </p>
   </div>
   <div class='ocr_carea' id='block_1_116' title="bbox 960 2743 1775 2779">
    <p class='ocr_par' dir='ltr' id='par_1_116' title="bbox 960 2743 1775 2779">
     <span class='ocr_line' id='line_1_116' title="bbox 960 2743 1775 2779; baseline -0.002 -7"><span class='ocrx_word' id='word_1_857' title='bbox 960 2766 967 2773; x_wconf 90' lang='lat'><strong>.</strong></span> <span class='ocrx_word' id='word_1_858' title='bbox 988 2745 1188 2779; x_wconf 80' lang='lat' dir='ltr'><strong>Factoremque</strong></span> <span class='ocrx_word' id='word_1_859' title='bbox 1213 2743 1406 2770; x_wconf 88' lang='lat' dir='ltr'><strong>universorum</strong></span> <span class='ocrx_word' id='word_1_860' title='bbox 1422 2747 1516 2778; x_wconf 88' lang='lat' dir='ltr'><strong>aperte</strong></span> <span class='ocrx_word' id='word_1_861' title='bbox 1540 2747 1681 2778; x_wconf 79' lang='lat' dir='ltr'><strong>suscepto,</strong></span> <span class='ocrx_word' id='word_1_862' title='bbox 1695 2751 1775 2771; x_wconf 77' lang='lat' dir='ltr'><strong>exse-</strong></span> 
     </span>
    </p>
   </div>
   <div class='ocr_carea' id='block_1_117' title="bbox 988 2788 1776 2824">
    <p class='ocr_par' dir='ltr' id='par_1_117' title="bbox 988 2788 1776 2824">
     <span class='ocr_line' id='line_1_117' title="bbox 988 2788 1776 2824; baseline -0.003 -7"><span class='ocrx_word' id='word_1_863' title='bbox 988 2789 1121 2817; x_wconf 87' lang='lat' dir='ltr'><strong>crandum</strong></span> <span class='ocrx_word' id='word_1_864' title='bbox 1135 2793 1304 2824; x_wconf 85' lang='lat' dir='ltr'><strong>serpentem,</strong></span> <span class='ocrx_word' id='word_1_865' title='bbox 1326 2793 1458 2824; x_wconf 84' lang='lat' dir='ltr'><strong>tanquam</strong></span> <span class='ocrx_word' id='word_1_866' title='bbox 1477 2788 1536 2824; x_wconf 88' lang='lat' dir='ltr'><strong>ejus</strong></span> <span class='ocrx_word' id='word_1_867' title='bbox 1553 2788 1669 2820; x_wconf 85' lang='lat' dir='ltr'><strong>hostem,</strong></span> <span class='ocrx_word' id='word_1_868' title='bbox 1686 2788 1776 2816; x_wconf 84' lang='lat' dir='ltr'><strong>colere</strong></span> 
     </span>
    </p>
   </div>
   <div class='ocr_carea' id='block_1_118' title="bbox 988 2833 1774 2867">
    <p class='ocr_par' dir='ltr' id='par_1_118' title="bbox 988 2833 1774 2867">
     <span class='ocr_line' id='line_1_118' title="bbox 988 2833 1774 2867; baseline -0.006 -3"><span class='ocrx_word' id='word_1_869' title='bbox 988 2835 1147 2864; x_wconf 83' lang='lat' dir='ltr'><strong>studebant.</strong></span> <span class='ocrx_word' id='word_1_870' title='bbox 1168 2834 1304 2867; x_wconf 83' lang='lat' dir='ltr'><strong>Quoniam</strong></span> <span class='ocrx_word' id='word_1_871' title='bbox 1331 2838 1422 2862; x_wconf 84' lang='lat' dir='ltr'><strong>autent</strong></span> <span class='ocrx_word' id='word_1_872' title='bbox 1447 2833 1604 2862; x_wconf 86' lang='lat' dir='ltr'><strong>divinarum</strong></span> <span class='ocrx_word' id='word_1_873' title='bbox 1630 2833 1774 2861; x_wconf 78' lang='lat' dir='ltr'><strong>revelatio-</strong></span> 
     </span>
    </p>
   </div>
  </div>
