2064 3120
191 189 221 221 14
232 190 260 222 i5

783 195 992 226 RELIGIOSA
1029 198 1221 229 HISTORIA.

1747 206 1816 239 1446

189 245 271 277 πολὺς
288 245 340 280 γὰρ
355 246 387 273 ἂν
414 247 536 280 ἐγεγόνει
564 248 653 282 φόνος,
670 249 694 275 ιξ
719 248 755 284 μὴ
786 251 846 281 ταῖς
875 251 962 277 ἐκείνο

1011 268 1017 282 ι
1032 252 1102 286 apud
1118 261 1161 280 me
1179 261 1327 289 servarem,
1343 264 1393 284 nec
1410 265 1471 285 cum
1494 259 1554 286 aliis
1572 262 1814 292 communicarent.

188 291 345 326 πρεσϐείαις
361 292 476 328 ἐσϐέσθη
493 293 540 320 τοῦ
552 294 676 321 διαϐόλου
689 295 719 322 τὺ
734 295 840 331 θράσος.
859 306 867 322 ι
882 296 975 323 Ταῦτά

188 346 232 372 μοι
247 338 457 373 διηγησάμενος,
483 340 661 374 παρεγγύησε
691 341 772 376 μόνον
801 343 910 374 εἰδέναι,
927 343 974 369 καὶ

187 383 225 418 μὴ
253 383 346 410 λαϐεῖν
373 385 470 416 ἄλλους
494 386 666 422 συνίστορας.
688 388 758 422 Ἐγὼ
779 389 807 415 δὲ
840 389 974 424 ὠφελείας

185 427 292 460 ἕνεκεν,
311 429 341 455 οὑ
364 429 446 463 μόνον
471 430 577 462 πολλοῖς
602 434 779 467 προσήνεγκα
795 434 826 460 τὸ
839 434 971 470 διήγημα,

183 472 252 498 ἀλλὰ
264 474 311 499 καὶ
326 476 470 509 συγγραφῇ
488 476 672 512 παραδίδωμι.
699 478 753 504 Καὶ
775 479 872 514 Ἰωσὴφ
886 479 914 505 δὲ
928 480 973 506 τὸν

184 519 356 554 πατριάρχην
371 520 519 547 θεάσασθαι
537 521 599 558 ἔφη.
622 523 668 549 καὶ
680 523 729 558 τὴν
745 523 865 558 κεφαλὴν
880 524 972 552 πολιὸν

183 564 271 590 καὶτὸ
288 565 400 598 γένειον,
413 566 458 592 καὶ
471 567 499 593 ἐν
516 568 589 604 γήρᾳ
612 569 661 604 τῆς
686 568 759 604 ὧρας
782 569 897 603 ἀφιέντα
922 570 971 606 τὴν

182 609 289 645 αἴγλην,
301 610 348 636 καὶ
362 611 392 638 ἐν
405 611 505 647 ἀρετῆς
519 613 650 648 ἁκρότητι
670 608 784 648 ἔσχατον
798 614 892 641 ἑαυτὸν
917 615 971 642 τῶν

1027 297 1062 324 At
1077 306 1127 333 ego
1141 299 1269 328 utilitatis
1281 302 1369 336 gratia
1382 303 1487 339 1247
1504 312 1558 332 non
1572 307 1661 334 solum
1677 309 1771 337 nmltis
1783 317 1815 337 ea

1027 345 1134 371 narravi
1151 345 1198 373 sed
1218 354 1293 374 nunc
1310 348 1391 375 etiam
1408 349 1508 376 litteris
1529 352 1639 379 mando.
1659 352 1712 380 Sed
1728 359 1756 382 et
1770 354 1814 382 Jo-

1027 389 1141 423 sephum
1157 391 1344 425 patriarcham
1363 394 1454 420 aiebat
1468 402 1497 422 se
1512 396 1622 429 vidisse,
1639 405 1708 425 cauo
1726 400 1816 434 capite

1026 437 1108 468 alque
1132 434 1225 469 barba,
1249 442 1276 464 ct
1300 438 1326 464 in
1354 439 1432 466 senili
1453 444 1534 467 aetate
1555 441 1649 470 formae
1668 444 1815 478 splendore

1022 479 1187 514 radiantem,
1201 482 1249 517 qui
1266 483 1292 510 in
1310 483 1369 518 ipso
1384 485 1496 513 virtutis
1512 485 1623 522 fastigio
1643 493 1812 522 postremum

1023 532 1053 552 se
1071 530 1230 555 sanctorum
1250 531 1439 565 nuucupahat.
1458 541 1467 556 1
1486 531 1552 559 Nam
1576 541 1638 560 eum
1657 540 1707 570 ego
1723 536 1812 569 illum,

1022 570 1125 606 inquit,
1140 581 1234 601 eorum
1248 576 1294 610 qui
1308 576 1402 604 eodem
1425 577 1451 604 in
1477 577 1578 605 feretro
1595 584 1675 606 erant
1692 581 1811 615 primum

1023 617 1158 652 dicerem,
1176 620 1232 655 ipse
1244 622 1371 650 ultimum
1390 630 1420 651 se
1436 625 1601 659 appellabat.
1623 635 1632 651 ι

184 658 269 693 ἁγίων
281 658 458 694 ὀνομάζοντα.
476 669 484 685 1
507 660 589 695 Ἐμοΰ
625 660 687 697 γὰρ,
720 653 797 697 φτῑσι,
827 662 935 695 πρῶτον
966 662 1091 697 λένοντος
1117 667 1172 694 τῶν
1198 668 1247 704 τῆς
1268 668 1356 705 θήκης
1380 671 1454 706 αὐτῷ
1487 673 1695 708 κοινωνούντων,
1732 674 1812 706 αὐτὸς

181 706 275 732 ἑαυτὸν
286 706 398 741 ἔσχατον
412 707 549 743 ὠνόμαζε.
563 717 572 733 ι

214 754 368 788 Διηγὴσατο
384 753 416 793 δέ.
429 763 474 788 μοι
489 755 538 781 καὶ
554 755 602 787 τὰς
622 746 810 791 γεγενημένας
828 756 903 792 αὐτῷ
917 757 969 784 ὑπὸ

178 798 231 824 τῶν
258 799 382 833 πονηρῶν
422 799 557 835 δαιμόνων
599 801 772 833 παντοδαπὰς
808 802 968 838 προσϐολάς.

181 853 190 869 1
209 844 296 876 Εὐθὺς
313 846 362 879 μὲν
375 845 441 880 γὰρ.
470 846 556 881 ἔλεγε,
584 847 686 883 ταύτης
705 846 749 883 μοι
769 849 818 884 τῆς
834 848 971 880 πολιτείας

177 889 323 925 ἀρξαμένῳ
343 891 446 930 γυμνὸς
460 891 565 926 ἑωρᾶτό
589 901 642 925 τις,
664 892 793 924 Αἰθίοπος
808 893 876 928 ἔχων
887 894 916 920 τὸ
931 891 970 920 εῖ-

176 935 230 967 δος,
249 935 304 970 πῦρ
322 936 354 962 ὲκ
383 936 436 963 τῶν
463 937 610 972 ὀφθαλμῶν
635 938 735 972 ἀφιείς.
760 938 830 972 Ἐγὼ
844 939 871 966 δὲ
886 939 967 975 ὀρῶν,

175 982 250 1014 δέους
265 991 294 1008 τε
307 982 507 1018 ἐνεπιμλάμην,
521 984 566 1010 καὶ
583 984 622 1014 εἰς
641 983 722 1019 εὐχὴν
737 984 902 1020 ἐτρεπόμην,
921 986 967 1012 καὶ

179 1027 341 1062 μεταλαϐεῖν
361 1028 411 1055 οὔκ
431 1029 577 1063 ἠνειχόμην
592 1029 641 1064 τῆς
655 1029 758 1064 τροφῆς
770 1038 776 1044 ⁸
791 1031 851 1056 κατ’
864 1031 967 1057 ἐκεῖνον

177 1074 232 1109 γὰρ
241 1074 402 1108 ἐπεφαίνετο
415 1075 458 1101 τὸν
468 1075 571 1110 καιρόν.
582 1075 624 1107 Ὠς
639 1075 665 1101 δὲ
679 1076 758 1108 ἑπτὰ,
774 1076 820 1102 καὶ
827 1076 907 1110 ὀκτὼ,
921 1078 967 1104 καὶ

176 1119 242 1146 ἰέκα
254 1120 362 1154 διῆλθον
375 1115 486 1156 ἡμέραι,
499 1122 546 1147 καὶ
559 1121 650 1153 ἄσιτος
668 1121 811 1154 διετέλουν,
825 1122 901 1155 τέλος
917 1124 965 1158 τῆς
983 1146 986 1150 .

175 1165 296 1200 πονηρᾶς
316 1165 410 1198 ἐφόδου
428 1166 646 1202 καταφρονήσας,
670 1167 824 1202 καθήμενος
840 1168 889 1203 τῆς
905 1176 966 1203 τρο-

159 1211 228 1246 ⁴φῆς
247 1210 458 1246 μετελάμϐανον.
479 1211 507 1238 Ὀ
522 1211 550 1238 δὲ
575 1211 677 1247 ταύτην
705 1221 754 1247 μου
776 1213 825 1249 τὴν
849 1214 965 1249 μεγαλο-

174 1255 312 1292 φροσύνην
327 1257 375 1283 οὐκ
389 1257 521 1291 ἐνεγκὼν,
535 1257 625 1293 ῥάϐδῳ
640 1258 731 1285 παίειν
741 1259 874 1294 ἠπείλει.)
895 1260 965 1295 Ἐγὼ

174 1300 214 1333 δὲ,
227 1301 290 1336 ἔφη,
307 1302 399 1336 ἔλεγον
410 1311 416 1318 ·
433 1312 442 1328 1
456 1303 487 1329 Et
504 1302 553 1338 μὲν
566 1303 744 1339 ὲπιτέτραψαι
761 1306 836 1340 παρὰ
850 1305 896 1332 τοῦ
910 1307 964 1333 τῶν

173 1347 242 1374 ὅλων
256 1349 403 1382 Δεσπότου,
419 1350 492 1380 παῖε,
510 1349 557 1376 καὶ
574 1350 686 1385 δέξομαι
716 1351 776 1386 μεθ’
801 1352 895 1387 ἡδονῆς
914 1353 963 1388 τὴν

173 1393 291 1429 πληγὴν,
309 1395 346 1425 ὼς
379 1394 424 1421 ὑπ’
451 1395 556 1421 ἐκείνου
585 1396 731 1431 παιόμενος
744 1405 750 1411 ·
769 1398 792 1423 εί
813 1397 841 1424 δὲ
863 1398 900 1433 μὴ
913 1399 963 1425 ὲπ-

173 1440 305 1475 ετράπης,
322 1441 351 1467 οὐ
368 1441 486 1474 παίσεις,
500 1441 551 1467 κᾶν
567 1442 696 1477 μυριάκις
711 1443 856 1479 λυττήσῃς.
871 1453 881 1470 ›
893 1444 961 1471 Τού-

171 1493 226 1512 τιυν
243 1486 361 1518 ἀκούσας
375 1487 554 1522 ἐδραπέτευσε
568 1488 627 1514 τότε
638 1496 644 1502 ·
663 1489 730 1515 ἀλλὰ
749 1490 830 1516 πάλιν
842 1490 962 1526 κρύϐδην

171 1530 282 1558 διετέλει
297 1532 411 1560 λυττῶν.
430 1534 465 1560 Τὸ
482 1535 536 1570 γὰρ
548 1535 590 1566 δίς
607 1544 652 1571 μοι
671 1536 720 1571 τῆς
736 1536 882 1572 ἑϐδομάδος
896 1537 962 1564 κάτ-

171 1577 241 1604 ωθεν
257 1578 435 1613 κομιζόμενον
451 1579 533 1615 ὕδωρ,
550 1580 678 1607 ἀπαντῶν
697 1581 735 1615 τῷ
750 1581 898 1616 κομίζοντι,
914 1583 961 1610 καὶ

170 1623 201 1650 τὸ
213 1624 276 1659 ἐμὸν
292 1622 360 1655 εἶδος
377 1625 555 1660 μιμούμενος,
574 1625 722 1661 ἐλάμϐανε,
737 1627 781 1653 καὶ
791 1628 902 1655 ἀπιέναι
914 1637 960 1655 κε-
973 1639 995 1668 C

170 1669 258 1697 λεύων
274 1671 376 1699 ἐκεῖνον
391 1671 478 1706 ἐξέχει
489 1672 519 1698 τὸ
533 1673 615 1708 νᾶμα.
642 1673 696 1699 Καὶ
707 1672 786 1699 τοῦτο
804 1675 832 1700 οὺ
849 1674 892 1705 δὶς
918 1674 962 1709 μό·

170 1725 225 1748 νον,
240 1717 306 1743 ἀλλὰ
324 1718 370 1744 καὶ
389 1720 448 1753 τρὶς
477 1719 603 1754 ποιήσας,
616 1719 646 1745 τὸ
665 1720 712 1745 τοῦ
728 1720 821 1754 δίψους
851 1729 895 1756 μοι
910 1722 959 1747 ἐπ-

170 1763 333 1797 εστράτευσε
362 1764 456 1796 πάθος.
474 1765 579 1799 Σφόδρα
597 1765 625 1791 δὲ
640 1765 770 1797 ἀνιαθεὶς,
795 1766 902 1801 ἠρόμην
915 1766 960 1793 τὸν

170 1810 282 1836 εἰωθότα
308 1810 443 1844 κομίζειν”·
464 1820 473 1836 1
492 1811 524 1836 Τί
559 1811 590 1846 δή
625 1820 690 1838 ποτε
718 1812 797 1838 πέντε
825 1813 870 1839 καὶ
894 1813 959 1840 δέκα

169 1855 330 1882 διελθουσῶν
346 1856 456 1891 ἡμερῶν
473 1857 521 1882 οὐκ
536 1857 667 1892 ἐκόμισας
679 1857 766 1893 ὕδωρ;
790 1867 798 1883 ι
818 1859 847 1885 ’0
864 1858 891 1885 δὲ
900 1859 959 1894 τρὶς

169 1902 245 1936 ἑλεγε
261 1903 307 1928 καὶ
323 1903 452 1937 τετράκις
484 1903 672 1937 κεκομικέναι,
703 1903 750 1930 καί
774 1912 807 1938 με
827 1904 904 1930 τοῦτο
914 1905 958 1931 δε-

168 1947 271 1982 δέχθαι.
291 1957 299 1973 1
323 1949 377 1975 Καὶ
389 1948 440 1974 ποῦ
460 1948 549 1981 τοῦτο,
579 1948 658 1984 ἔφην,
685 1949 740 1983 ἐγὼ
762 1949 835 1984 παρὰ
849 1949 894 1976 σοῦ
910 1950 958 1984 φέ-

169 2003 262 2030 ροντος
275 1995 425 2030 έδεξάμην;
442 2005 451 2020 ι
474 1995 516 2026 Ὠς
525 1994 553 2021 δὲ
568 1995 613 2022 τὸν
628 1995 708 2021 τόπον
722 1995 844 2028 ὑπέδειξε
857 2004 864 2011 ·
880 2006 889 2021 1
899 1996 958 2025 Κᾶν

170 2041 310 2076 μυριάκις,
325 2041 404 2076 ἔφην,
423 2041 481 2067 ἐκεῖ
499 2049 531 2076 με
553 2040 638 2076 θεάσῃ
661 2042 890 2077 παραγινόμενον,
905 2042 957 2077 νμὴ

167 2087 220 2122 δῷς
235 2087 264 2113 τὸ
283 2088 402 2121 ἀγγεῖον,
419 2087 470 2118 ἕως
498 2088 537 2118 εὶς
559 2086 653 2113 τοῦτον
678 2087 764 2122 ἀφίκῃ
780 2087 823 2113 τὸν
837 2087 928 2114 τόπον.
945 2096 954 2113 ι

168 2132 247 2160 Οὕτω
267 2134 314 2159 καὶ
327 2134 429 2168 ταύτην
458 2133 540 2160 αὐτοῦ
567 2133 615 2168 τὴν
643 2132 790 2168 ἐπιϐουλὴν
816 2132 956 2166 διαλύσας,

167 2176 245 2210 αὖθις
259 2179 353 2214 ἑτέρας
369 2179 512 2214 ἐπειράθη.
526 2179 578 2214 Βοῇ
593 2179 647 2214 γὰρ
664 2178 770 2214 νύκτωρ
786 2179 957 2214 χρησάμενος

167 2224 230 2260 ἔφη,
242 2225 281 2251 ὅτι
295 2236 303 2251 1
318 2225 352 2252 Σὲ
360 2225 493 2261 τοσαύτης
508 2226 638 2257 δυσωδίας
650 2226 791 2261 ἐμπλήσω,
805 2226 851 2252 καὶ
860 2225 957 2252 τοσαύ-

165 2278 216 2306 την
234 2270 376 2298 δύσκλειαν
390 2272 598 2303 κατασκευάσω,
611 2272 649 2302 ὼς
670 2271 772 2307 μηδένα
789 2280 818 2297 σε
834 2271 956 2308 μηδαμό-

166 2316 212 2343 θεν
225 2317 372 2344 θεάσασθαι
383 2317 535 2353 ἄνθρωπον.
553 2327 561 2343 ›
580 2317 650 2351 Ἐγὼ
663 2317 700 2349 δὲ,
718 2317 780 2351 ἔφη,
792 2317 859 2353 πρὸς
871 2317 956 2344 ταῦτα

165 2362 357 2398 ἀπεκρινάμην
369 2385 375 2394 ,
390 2364 430 2390 ὃτι
447 2374 455 2389 1
468 2364 513 2390 Σοι
525 2363 604 2399 χάριν
620 2363 794 2398 ὁμολογήσω*
814 2363 888 2390 ἄκων
902 2363 956 2399 γὰρ

129 2419 131 2421 ι
165 2408 359 2442 εὐεργετήσεις
386 2408 431 2434 τὸν
452 2407 583 2443 δυσμενῆ,
601 2408 681 2434 πλέον
706 2409 839 2444 ἐντρυφᾷν
856 2410 888 2444 τῇ
911 2409 957 2436 τοῦ

165 2452 233 2479 Θεοῦ
246 2453 341 2488 μνήμῃ
361 2453 590 2488 παρασκευάζων.
623 2453 725 2488 Σχολῆς
756 2454 811 2489 γὰρ
835 2454 957 2485 πλείονος

163 2497 322 2528 ἀπολαύων,
339 2498 419 2533 ἔργον
439 2499 531 2533 σχήσω
551 2498 671 2533 διηνεκὲς
688 2498 734 2524 τοῦ
752 2498 824 2525 θείου
842 2499 957 2530 κάλλους

162 2544 213 2578 τὴν
227 2544 389 2577 φαντασίαν.
399 2541 403 2544 ”
412 2553 421 2569 ι
442 2544 553 2578 Ὀλίγων
564 2545 653 2570 τοίνυν
665 2544 824 2571 διελθουσῶν
833 2544 953 2580 ἡμερῶν,

164 2590 300 2625 μεσούσης
313 2591 419 2626 ἡμέρας
431 2591 480 2626 τὴν
492 2590 619 2617 εἰωθυῖαν
631 2590 800 2626 λειτουργῖαν
813 2591 953 2623 ἐπιτελῶν,

161 2636 229 2670 ὁρῶ,
246 2636 308 2671 iam,
338 2637 385 2663 δύο
415 2638 447 2664 ὲκ
471 2637 518 2663 τοῦ
533 2637 613 2672 ὅρους
636 2637 783 2668 κατιούσας
810 2637 952 2670 γυναῖκας.

168 2682 240 2716 Ἐγὼ
254 2682 282 2708 δὲ
298 2683 327 2708 τὺ
341 2683 422 2718 ἄηθες
437 2683 617 2719 δυσχεράνας,
632 2683 679 2709 καὶ
694 2683 778 2714 λίθοις
787 2683 876 2718 βαλεῖν
892 2683 953 2710 ἐπι-

160 2728 304 2763 χειρήσας,
335 2730 384 2764 τῆς
406 2729 454 2756 τοῦ
485 2730 638 2765 ἀλάστορος
664 2729 780 2765 ἀπειλῆς
801 2730 950 2765 ὲμνῄσθην,

162 2774 210 2800 καὶ
221 2773 322 2808 ταύτην
337 2774 472 2801 ὑπέλαϐον
504 2774 574 2802 εἶναι
601 2776 651 2810 τὴν
673 2775 827 2802 δύσκλειαν.
847 2776 952 2810 ’Ἑφθην

161 2819 252 2845 τοίνυν
266 2819 376 2854 βοήσας,
402 2820 438 2852 ὡς
453 2821 477 2847 εί
494 2821 540 2847 καὶ¹
563 2822 617 2853 τοῖς
645 2820 729 2856 ὤμοις
752 2821 951 2852 ὲπικαθίσαιεν,

161 2865 192 2891 ού
208 2864 281 2899 βαλῶ
296 2866 351 2892 τοῖς
367 2865 461 2898 λίθοις,
479 2866 509 2892 οὐ
521 2865 619 2899 διώξω,
639 2866 706 2902 μόνῃ
723 2866 751 2893 δὲ
771 2867 908 2901 χρήσομαι
919 2867 951 2900 τῇ

164 2912 315 2946 προσευχῇ.
328 2909 421 2937 Ταῦτα
431 2911 509 2947 ἔφην,
519 2913 545 2939 αἱ
557 2912 584 2938 δὲ
596 2913 704 2947 φρονδοι
717 2913 761 2944 ἑτέ
771 2921 848 2945 ιοντο,
858 2913 904 2938 καὶ
916 2912 953 2943 τῷ

1054 755 1181 784 Narravit
1191 762 1319 792 praeterea
1330 759 1396 786 mihi
1412 760 1577 796 multiplices
1593 762 1725 795 insultas,
1739 771 1810 798 quos

1019 810 1034 829 a
1053 802 1181 838 pessimis
1204 802 1376 831 daemonibus
1399 806 1560 840 pertulerat.
1579 815 1588 831 1
1607 806 1675 834 Cum
1690 807 1808 842 primum

1020 848 1104 879 enim,
1118 847 1219 878 aicbat,
1232 847 1284 875 hoc
1300 849 1360 876 vitae
1369 857 1455 884 genus
1468 858 1614 886 aggressus
1631 859 1702 884 sum,
1719 853 1809 880 nudus

1020 893 1212 929 mihiquidam
1232 893 1372 929 [Ethiopis
1393 897 1484 930 specie
1502 898 1645 931 apparuit,
1670 899 1760 933 ignem
1775 906 1807 926 ex

1020 938 1109 966 oculis
1131 938 1268 966 cmittens.
1292 940 1377 973 Cujus
1401 947 1512 975 aspectu
1528 943 1677 971 exterritus
1694 945 1727 971 ad
1744 952 1807 971 ora-

1019 984 1122 1012 tionem
1147 992 1190 1012 me
1214 986 1352 1017 converti,
1374 989 1401 1012 et
1421 987 1510 1013 cibum
1531 988 1630 1022 capere
1649 997 1702 1016 non
1720 990 1806 1024 potui.

1017 1030 1082 1066 quia
1097 1030 1148 1058 sub
1164 1030 1190 1057 id
1202 1034 1310 1066 tempus
1326 1032 1504 1066 spectandum
1515 1040 1544 1060 se
1555 1033 1646 1061 dabat.
1659 1035 1727 1062 Cum
1744 1044 1807 1064 vero

1017 1082 1132 1111 septem,
1149 1080 1223 1110 octo,
1241 1084 1272 1104 ac
1289 1077 1384 1104 decem
1398 1077 1454 1112 jam
1478 1079 1564 1114 elapsi
1584 1080 1643 1108 dies
1660 1086 1763 1115 essent,
1778 1087 1806 1110 et

1014 1121 1127 1157 jejunus
1141 1129 1342 1157 permanerem,
1360 1123 1469 1151 tandem
1496 1125 1594 1152 acerba
1623 1127 1801 1156 iufestatione

1016 1172 1174 1204 contempta
1185 1169 1277 1196 cibum
1294 1169 1393 1197 sedens
1411 1171 1526 1205 sumpsi.
1546 1171 1634 1204 Quam
1657 1173 1707 1201 ille.
1719 1174 1803 1201 animi

1015 1216 1074 1244 mei,
1086 1216 1271 1243 constantiam
1286 1224 1341 1243 non
1358 1216 1458 1248 ferens.
1475 1218 1484 1227 '
1503 1218 1585 1252 virga
1598 1218 1669 1247 ictus
1686 1219 1805 1247 intenta-

1015 1261 1071 1289 bat.
1089 1271 1098 1287 ι
1121 1261 1193 1296 1Ego
1208 1269 1272 1289 vero
1287 1262 1420 1295 dicebam,
1433 1264 1472 1292 ait
1485 1273 1491 1291 :
1507 1273 1516 1289 1
1528 1264 1674 1300 Siquidem
1692 1265 1744 1293 hoc
1756 1266 1803 1294 tibi

1014 1308 1049 1335 ab
1061 1308 1252 1335 universorum
1266 1308 1382 1336 Domino
1395 1310 1561 1344 permissum
1574 1314 1628 1342 est,
1642 1316 1767 1346 percute,
1777 1316 1804 1340 et

1013 1353 1108 1388 plagas
1123 1353 1240 1380 libenter
1256 1356 1387 1388 tanquam
1403 1354 1438 1381 ab
1461 1362 1493 1382 co
1517 1354 1637 1383 inﬂictas
1656 1356 1802 1391 accipiam.

1014 1399 1091 1431 Quod
1119 1399 1141 1426 si
1167 1399 1333 1433 permissum
1354 1407 1408 1427 non
1435 1400 1484 1432 sit,
1511 1400 1626 1428 minime
1649 1403 1802 1436 percuties,

1013 1444 1112 1471 millies
1125 1444 1250 1479 quamvis
1265 1452 1328 1472 cum
1346 1445 1440 1473 furore
1451 1446 1583 1474 insanias.
1601 1456 1610 1472 ι
1634 1447 1801 1482 Hisauditis,

1013 1489 1150 1525 fugatunc
1158 1498 1187 1518 se
1198 1490 1352 1526 proripuit:
1369 1491 1417 1519 sed
1429 1492 1498 1519 clam
1510 1500 1620 1520 rursum
1640 1494 1730 1522 furere
1746 1503 1800 1522 non

1012 1535 1105 1563 desiit.
1121 1536 1227 1571 Aquam
1242 1537 1328 1570 enim,
1341 1545 1403 1572 quae
1416 1537 1458 1565 bis
1477 1537 1510 1565 ad
1526 1546 1569 1565 me
1586 1546 1634 1574 per
1649 1540 1801 1567 hebdoma-

1012 1582 1074 1609 dam
1086 1589 1118 1609 ex
1135 1581 1266 1610 inferiore
1279 1583 1341 1609 loco
1356 1582 1540 1616 atterebatur,
1561 1584 1587 1612 ei
1605 1586 1651 1620 qui
1670 1585 1800 1613 afferebat

1011 1633 1170 1659 occurrens,
1182 1627 1343 1662 vultumque
1359 1635 1450 1654 meum
1460 1628 1625 1660 ementiens,
1636 1628 1799 1663 accipiebat.

1012 1678 1098 1706 eoque
1114 1678 1177 1698 mox
1193 1671 1310 1699 dimisso
1323 1676 1409 1699 totam
1423 1672 1676 1706 eﬂ‘undebat.Quod
1696 1673 1797 1701 iterum

1012 1724 1043 1744 ac
1061 1718 1141 1745 tertio
1157 1725 1219 1744 cum
1242 1717 1362 1750 fecisset,
1379 1719 1475 1757 _valida
1496 1727 1539 1746 me
1554 1719 1598 1747 siti
1620 1720 1796 1754 oppugnavit,

1013 1763 1143 1798 gravique
1161 1763 1275 1791 affectus
1292 1763 1418 1791 molestia
1432 1783 1438 1795 ,
1455 1764 1568 1798 quaesivi
1590 1772 1622 1791 ex
1636 1772 1669 1791 eo
1688 1764 1734 1798 qui
1749 1765 1798 1791 de-

1013 1809 1086 1836 ferre
1097 1813 1297 1837 consueverat:
1314 1819 1322 1834 1
1337 1809 1427 1842 Quare
1441 1818 1489 1845 per
1499 1810 1658 1845 quindecim
1673 1810 1723 1838 hos
1740 1811 1797 1838 dies

1010 1863 1109 1891 aquam
1133 1863 1188 1882 non
1207 1855 1347 1882 attulisti?
1366 1864 1374 1880 ι
1398 1860 1422 1882 et
1442 1863 1503 1882 cum
1522 1856 1567 1882 ille
1589 1863 1618 1882 se
1633 1860 1674 1882 ter
1691 1855 1798 1891 1248

1009 1905 1159 1936 quaterque
1177 1901 1314 1931 attulisse.
1327 1909 1423 1936 meque.
1441 1901 1593 1936 accepisse,
1611 1901 1730 1928 diceret:
1749 1902 1798 1929 «ΕΙ.

1008 1955 1074 1982 quo,
1101 1947 1223 1982 inquam,
1245 1948 1304 1974 loco
1325 1946 1374 1974 abs
1391 1950 1417 1973 te
1437 1947 1544 1974 allatam
1562 1947 1675 1981 accepi?
1694 1956 1704 1973 ι
1717 1955 1797 1974 cum-

1008 2001 1062 2028 que
1073 1995 1162 2020 loeum
1177 1993 1345 2022 ostendisset
1362 2002 1369 2009 ·
1392 2003 1401 2020 1
1416 1993 1512 2021 Millies
1531 1993 1603 2026 licet,
1622 1993 1689 2025 dixt,
1706 2001 1739 2020 eo
1752 2001 1798 2021 ve-

1008 2041 1128 2067 nientem
1141 2039 1253 2071 videris,
1269 2047 1317 2067 vas
1329 2047 1363 2066 ne
1376 2040 1489 2072 tradito,
1507 2040 1665 2074 priusquam
1678 2040 1796 2068 adhunc

1008 2086 1099 2112 locum
1114 2081 1282 2119 perveneris.
1299 2094 1308 2110 ›
1328 2084 1384 2111 Hae
1399 2085 1459 2120 ejus
1471 2093 1579 2119 quoque
1593 2086 1796 2114 machinatione

1008 2132 1049 2158 sic
1065 2137 1173 2163 eversa,
1187 2130 1268 2157 aliam
1289 2137 1387 2157 rursus
1405 2131 1529 2157 tentavit.
1549 2130 1635 2157 Noctu
1653 2132 1724 2158 enim
1747 2139 1796 2159 vo-

1007 2176 1145 2204 ciferaus:
1165 2185 1174 2202 1
1191 2174 1289 2206 Tanto,
1304 2175 1404 2210 inquit,
1419 2176 1504 2202 fetore
1518 2180 1544 2203 te
1560 2176 1689 2210 implebo,
1706 2180 1795 2203 tanta~

1007 2229 1061 2258 que
1087 2229 1230 2257 aspergam
1260 2221 1392 2252 infamia,
1420 2226 1447 2247 ut
1474 2222 1570 2248 oculos
1595 2221 1627 2248 ad
1656 2226 1682 2249 te
1715 2229 1796 2249 nemo

1011 2277 1126 2304 usquam
1140 2268 1282 2300 hominum
1296 2268 1417 2302 adjiciat.
1434 2277 1443 2293 ›
1457 2267 1563 2300 Quibus
1581 2268 1617 2294 ita
1637 2275 1666 2294 se
1681 2275 1794 2303 respon-

972 2307 994 2334 ι)
1008 2314 1083 2343 disse
1092 2314 1199 2342 dicebat
1212 2323 1218 2340 :
1231 2314 1279 2340 1At
1289 2313 1507 2348 egotibiltabebo
1520 2313 1728 2348 gratiam,quod
1740 2313 1792 2340 ini-

1006 2361 1110 2387 micum
1127 2361 1223 2387 nolens
1234 2359 1334 2386 afﬁcics
1345 2359 1487 2391 beneficio,
1503 2359 1554 2386 hoc
1568 2358 1697 2386 nimirum
1711 2366 1794 2393 agens

1006 2411 1036 2434 ut
1056 2408 1082 2434 in
1108 2406 1154 2434 Dei
1182 2405 1373 2434 recordatione
1400 2405 1513 2432 uberius
1539 2405 1704 2432 oblectetur.
1727 2404 1794 2432 Plus

1005 2453 1077 2480 enim
1097 2452 1146 2479 otii
1164 2456 1246 2479 uacto
1264 2455 1439 2486 perpetuum.
1457 2458 1526 2485 opus
1542 2450 1595 2477 erit
1615 2450 1715 2477 divinae
1732 2451 1791 2485 pul-

1005 2499 1174 2526 chritudinis
1188 2498 1394 2533 contemplatio.
1408 2507 1417 2523 ›
1430 2497 1529 2525 Paucis
1547 2497 1630 2531 igitur
1643 2497 1794 2524 transactis

1005 2544 1113 2578 diebus,
1123 2552 1185 2571 cum
1200 2545 1309 2571 solitam
1327 2544 1466 2578 liturgiam
1483 2543 1598 2570 meridie
1614 2550 1769 2578 peragerent
1783 2561 1791 2573 ,

1009 2599 1017 2616 1
1030 2590 1113 2622 Duas,
1131 2590 1231 2625 inquit,
1245 2588 1360 2618 feminas
1379 2589 1411 2616 de
1425 2592 1516 2615 tuente
1530 2587 1730 2615 descendentes
1750 2587 1791 2613 vi-

1005 2636 1066 2664 deo.
1084 2646 1093 2663 ι
1105 2637 1208 2664 Etcuui
1224 2643 1252 2663 re
1267 2636 1378 2663 insolita
1394 2635 1571 2669 perturbatus
1586 2634 1722 2668 lapidibus
1738 2633 1791 2660 im-

1005 2688 1097 2718 petere
1115 2689 1250 2717 pararem.
1265 2689 1362 2708 venere
1378 2681 1404 2707 in
1423 2684 1540 2707 mentem
1555 2679 1636 2706 mina:
1650 2679 1789 2709 scelerati.

1002 2734 1084 2764 atque
1092 2729 1161 2755 hanc
1168 2735 1229 2756 esse
1239 2727 1380 2754 infamiam
1390 2727 1463 2754 illam
1473 2727 1590 2761 conjeci.
1598 2725 1687 2759 Quare
1695 2733 1790 2761 magna

1004 2782 1070 2802 voce
1082 2777 1258 2805 antevertens
1275 2773 1346 2805 dixi,
1363 2781 1405 2800 me
1419 2773 1489 2805 illas,
1504 2772 1568 2800 licet
1584 2772 1705 2799 humeris
1724 2771 1790 2798 meis

1004 2820 1168 2852 insiderent,
1185 2827 1234 2847 nec
1250 2819 1387 2854 lapidibus
1404 2819 1602 2854 appetiturum,
1614 2826 1665 2856 nec
1681 2818 1790 2845 insecu-

1004 2870 1108 2898 turum,
1124 2865 1172 2893 sed
1187 2866 1255 2894 solis
1271 2866 1398 2902 precibus
1422 2868 1622 2900 pugnaturum.
1639 2863 1700 2890 Haec
1717 2869 1788 2898 ego:

1004 2911 1055 2939 illa:
1069 2920 1133 2940 vero
1142 2917 1325 2946 evanuerunt,
1337 2916 1432 2940 etcum
1448 2910 1537 2939 verbis
1546 2910 1699 2939 mcislinem
1715 2908 1790 2944 cepit
