2064 3120
199 158 266 191 1449

805 164 1008 201 RELIGIOSA
1027 171 1217 203 HISTORIA.

1656 129 1671 143 ο

1755 184 1822 219 1450

196 222 234 249 μη
251 215 306 247 τοῖς
327 216 529 254 ἀσθενεστέροις
553 221 583 246 τὸ
611 222 712 257 πλῆθος
732 223 859 258 ἀπιστίας
871 227 962 262 γένητι

196 259 334 278 ηυηΑρ-ιηκιν
371 262 433 278 Τιςτ.
457 265 504 278 η)...
524 265 577 278 ..λΑ
597 267 668 278 :_.-._
692 268 716 278 κν
755 268 768 278 Λ
785 270 795 277 υ
843 270 853 278 υ
874 270 886 278 Λ

1015 242 1019 258 ,
1036 227 1169 257 firmante.
1187 229 1255 262 Quia
1271 238 1337 259 vero
1350 233 1382 261 ad
1400 240 1526 269 posteros
1541 246 1650 275 quoque
1666 244 1822 278 transgres-

195 259 344 294 πρόφασις.
371 262 433 294 Τοῖς
456 265 505 298 μὲν
524 265 578 301 γὰρ
596 267 679 301 ὁρῶσι
690 268 736 294 τὸν
755 268 825 297 θεῖον
839 259 981 306 ἄνθρωπον

194 305 270 332 οὐδὲν
291 307 410 334 τοιοῦτον
433 309 578 345 λεγόμενον
614 313 744 341 ἀπίθανον
772 317 979 351 καταφαίνεται,

193 352 243 385 τῆς
270 352 413 388 ὁρωμένης
442 356 543 391 ἀρετῆς
568 357 730 393 βεϐαιούσης
762 361 796 387 τὰ
834 362 978 398 λεγόμενα.

193 396 304 432 Ἐπειδὴ
323 398 351 424 δὲ
368 400 413 426 καὶ
442 402 482 433 είς
502 403 565 435 τοὺς
585 403 697 440 ὕστερον
720 407 867 442 ἐσομένους
884 409 915 435 τὸ
933 410 979 436 τοῦ

192 441 362 478 διηγήματος
378 445 536 481 διαϐήσεται
561 449 743 487 σύγγραμμα,
761 441 927 490 ἀπιστότερα
950 456 978 482 δὲ

191 488 247 518 τοῖς
265 488 372 520 πολλοῖς
383 490 418 516 τὰ
427 488 485 518 ὦτα
497 493 552 520 τῶν
568 494 726 531 ὀφθαλμῶν,
744 499 776 533 τῇ
791 488 918 534 ἀσθενείᾳ
926 500 978 528 τῶν

191 532 344 561 ἀκουόντων
373 537 548 573 μετρήσομεν
563 540 610 575 τὴν
630 532 875 580 διήγησινίΤούτῳ
889 532 978 572 τοίνυν

191 577 368 614 ᾠκοδόμησαν
395 582 443 617 μὲν
476 584 523 610 καὶ
550 585 624 613 ἄλλοι
655 577 738 623 σηκὸν
762 577 888 624 μέγιστον
903 592 931 617 ἐν
944 593 976 627 τῇ

190 622 347 660 πελαζούση
363 625 454 663 κώμῃ,
479 629 509 655 οὐ
536 630 644 664 πολλοῖς
673 622 818 666 ἀφεστῶτα
842 622 974 668 σταδίοις,Σ

189 670 380 697 κατεσκεύασα
394 672 422 699 δὲ
447 674 525 708 κάγὼ
552 676 640 712 θήκην
653 678 682 704 ὲν
699 679 738 714 τῷ
753 680 806 706 τῶν
822 681 977 709 ἀποστόλων

189 714 352 743 καλλινίκων
367 718 454 754 σηκῷ.
476 721 556 748 Ἀλλὰ
583 723 662 750 τοῦτο
690 725 782 760 μαθὼν
805 728 818 753 ό
843 727 913 760 θεῖος
928 729 976 756 ἅν-

188 760 304 796 θρωπος,
321 764 408 791 πολλά
424 774 458 800 με
480 767 610 801 πολλάκις
633 771 807 807 ὲλιπάρησεν,
829 774 858 800 ὲν
879 774 975 810 ἐκείνῳ

186 807 225 842 τῷ
238 807 295 843 όρει
311 811 382 846 ταφῇ
411 813 577 847 παραδοῦναι
601 816 631 842 τὸ
659 817 748 853 σῶμα.
769 819 839 854 Ἐγὼ
857 820 886 847 δὲ
899 818 975 849 εἶπον

188 853 328 888 πολλάκις,
348 856 385 888 ὡς
401 858 431 884 οὐ
461 861 595 896 προσήκει
618 862 665 890 τὸν
679 864 727 899 τῆς
749 865 888 901 παρούσης
901 867 974 903 ζωῆς

186 899 375 935 ἀμελήσαντα,
400 905 490 941 ταφῆς
515 908 681 943 ποιήσασθαι
707 899 846 947 πρόνοιαν.
867 899 918 946 ’Ὧς

185 944 262 971 τοῦτο
281 947 355 982 αὑτῷ
370 950 539 986 καταθύμιον
554 951 632 986 εἶδον,
642 956 776 984 ἐπένευσα
793 967 832 991 τε,
851 960 898 986 καὶ
910 969 972 986 συν-

185 990 297 1026 εθέμην,
314 995 362 1020 καὶ
372 995 426 1030 τὴν
449 996 574 1033 λάρνακα
596 1001 734 1036 τμηθῆναί
761 1011 801 1036 τε,
825 990 875 1031 καὶ
891 1014 971 1040 κομι-

185 1037 281 1071 σθῆναι
308 1039 364 1066 ἄνω
391 1043 539 1078 πεποίηκα.
556 1045 633 1072 Ἐπεὶ
656 1048 684 1074 δὲ
705 1049 751 1075 τὸν
769 1049 842 1077 λίθον
856 1037 971 1087 ὑπὸτῆς

183 1082 290 1117 πάχνης
305 1084 483 1122 φθειρόμενον
500 1087 579 1122 εἶδον,
591 1092 688 1126 μικρὸν
696 1094 816 1121 οἰκίσκον
833 1082 971 1132 ἐπέτρεψα

182 1128 309 1162 γενέσθαι
335 1133 367 1167 τῇ
387 1132 510 1167 λάρνακι.
535 1136 613 1162 Ἐπεὶ
633 1137 661 1163 δὲ
685 1139 823 1172 ἐκέλευσε,
853 1128 906 1168 καὶ·
921 1128 970 1179 τήν

181 1175 325 1211 οἰκοδομὴν
351 1179 585 1215 συμπεράναντες,
604 1183 649 1209 τὸν
662 1184 759 1219 ὄροφον
782 1175 968 1223 ἐπεθήκαμεν,

185 1230 194 1245 ι
214 1221 270 1248 Οὐκ
302 1223 443 1259 ἀνέξομαι,
472 1225 535 1261 ἔφη,
553 1227 648 1254 τοῦτον
676 1230 805 1257 Ἰακώϐου
828 1221 968 1260 καλεῖσθαι

180 1266 276 1300 τάφον,
302 1268 371 1296 ἀλλὰ
399 1270 529 1306 βούλομαι
559 1273 612 1299 τῶν
639 1275 801 1304 καλλινίκων
822 1279 968 1314 μαρτύρων

180 1311 274 1339 τοῦτον
291 1315 417 1348 γενέσθαι
435 1318 530 1353 σηκὸν,
546 1319 595 1354 ἐμὲ
608 1320 636 1346 δὲ
651 1318 696 1347 οἷά
709 1331 769 1348 τινα
782 1323 907 1358 μέτοικον
925 1327 965 1358 είς

179 1358 275 1393 ἑτέραν
287 1361 394 1389 κεῖσθαι
409 1363 505 1399 θήκην,
521 1369 662 1401 παροικεῖν
676 1369 768 1401 αὐτοῖς
785 1370 960 1406 ἠξιωμένον.»

178 1405 233 1431 Καὶ
247 1407 334 1434 ταῦτα
347 1409 376 1434 οὺ
392 1410 470 1444 μόνον
483 1409 568 1445 εἶπεν,
580 1413 647 1440 ἀλλὰ
660 1415 706 1441 καὶ
719 1415 824 1450 ἔδρασε.
835 1405 890 1444 Καὶ
899 1418 963 1445 πολ-

177 1451 241 1482 λοὺς
253 1453 303 1485 μὲν
312 1456 465 1490 προφήτας,
476 1457 590 1490 πολλοὺς
598 1459 626 1486 δὲ
638 1460 813 1494 ἀποστόλους,
823 1463 964 1496 πλείστους

177 1496 205 1522 δὲ
219 1497 260 1523 ὅτι
283 1498 434 1535 μάρτυρας,
467 1504 635 1538 πανταχόθεν
660 1507 833 1541 συναγαγὼν,
861 1509 890 1535 ὲν
915 1510 964 1544 μιᾷ

1034 280 1099 300 sura
1116 279 1158 302 est
1173 274 1271 303 litteris
1291 279 1447 314 conscripta
1468 284 1591 311 narratio
1601 274 1611 316 ,7
1625 285 1820 324 difficiliusque

1033 318 1114 353 vulgo
1128 320 1242 348 credunt
1254 328 1335 350 aures
1348 331 1429 358 quam
1446 328 1528 360 oculi,
1544 330 1713 359 audientium
1735 333 1820 362 imbe-

1032 364 1147 392 cillitate
1161 366 1307 394 metiemur
1322 371 1520 399 narrationem.
1537 373 1606 402 Huic
1619 377 1701 412 igitur
1720 383 1747 407 et
1771 381 1818 408 alil

1031 410 1115 438 aedem
1138 413 1286 441 maximam
1307 415 1480 445 aedificarunt
1504 420 1596 448 vicino
1617 423 1644 450 in
1664 425 1726 452 vico
1742 427 1817 454 haud

1031 457 1126 484 multis
1142 457 1241 486 stadiis
1256 459 1415 494 distantem,
1432 466 1460 490 et
1474 472 1524 499 ego
1541 473 1650 502 quoque
1670 476 1761 497 arcam
1777 471 1816 498 illi

1031 504 1124 538 paravi
1154 504 1183 531 in
1217 506 1319 540 templo
1354 507 1584 543 triumphantium
1618 515 1814 548 apostolorum.

1274 538 1281 540 _
1440 538 1446 543 ,
1620 538 1751 548 Tum.-.
1761 538 1814 543 ......

1026 538 1107 581 Quod
1122 557 1183 577 cum
1204 551 1363 580 rescivisset
1379 554 1420 580 vir
1433 554 1554 589 divinus,
1573 559 1668 587 multis
1681 567 1725 588 me
1744 569 1815 597 saepe

1029 595 1184 623 obtestatus
1196 600 1250 629 est,
1265 601 1296 624 ut
1311 597 1358 625 illo
1371 598 1398 626 in
1415 605 1507 629 monte
1521 610 1623 638 corpus
1641 605 1729 640 ipsius
1748 595 1815 635 con-

1029 640 1148 668 deretur.
1180 642 1236 677 Ego
1260 651 1324 671 vero
1351 644 1510 681 frequenter
1539 652 1729 686 suggerebam,
1759 661 1813 682 non

1028 685 1128 713 debere
1150 687 1226 714 illum
1242 689 1288 723 qui
1305 696 1466 724 praesentem
1488 685 1757 731 vitamrneglexerit,
1779 701 1814 727 de

1028 731 1167 765 sepultura
1182 740 1244 761 esse
1262 734 1420 765 sollicitum.
1437 737 1540 767 V'idens
1557 745 1646 769 tamen
1664 743 1716 770 hoc
1736 744 1811 771 illum

1026 775 1203 805 vehementer
1210 779 1314 815 1251
1325 787 1462 817 expetere.
1471 787 1553 813 annui
1563 793 1589 813 et
1598 795 1727 817 assensus
1738 797 1810 820 sum.

1027 829 1174 858 areamque
1198 827 1381 855 revellendam
1408 833 1435 857 et
1458 839 1568 859 sursum
1593 835 1810 863 transferendam

1026 870 1131 896 curavi.
1145 869 1178 896 Et
1192 871 1256 905 quia
1269 872 1386 908 lapidem
1402 883 1416 903 a
1430 879 1527 912 pruina
1543 880 1703 908 labefactari
1723 882 1812 910 anim-

1025 915 1142 948 adverti,
1158 924 1243 951 parva
1259 920 1373 948 aedicula
1388 923 1554 952 circumdari
1571 933 1662 954 arcam
1678 928 1760 962 jussi.
1776 930 1812 955 At

1024 965 1168 996 postquam
1186 962 1308 998 perfecta
1321 965 1408 1001 ipsius
1423 967 1503 1002 jussu
1519 970 1621 999 fabrica
1639 977 1741 1001 tectum
1760 975 1810 1001 im-

1023 1007 1175 1040 posuimus,
1189 1018 1198 1034 ι
1211 1008 1270 1036 Νοη
1281 1012 1377 1045 patiar,
1389 1013 1487 1048 inquit,
1501 1019 1529 1041 ut
1541 1012 1634 1044 Jacobi
1653 1020 1809 1053 sepulcrum

1024 1051 1076 1079 hoc
1090 1054 1249 1088 appelletur,
1279 1057 1326 1084 sed
1342 1058 1569 1094 triumphantium
1582 1051 1732 1099 martyr-um
1744 1069 1810 1093 tem-

1024 1097 1099 1132 plum
1113 1098 1166 1126 hoc
1180 1099 1239 1128 fieri
1253 1101 1325 1135 volo,
1340 1109 1366 1130 et
1380 1111 1422 1131 me
1439 1106 1513 1133 velut
1530 1107 1694 1142 inquilinum
1711 1118 1808 1145 quem-

1024 1143 1097 1177 piam
1115 1143 1224 1171 illorum
1239 1145 1442 1176 cohabitatione
1455 1149 1608 1186 dignatum,
1624 1153 1677 1180 alia
1699 1149 1726 1181 in
1742 1162 1807 1182 arca

1021 1189 1095 1223 poni.
1114 1199 1122 1216 ι
1137 1190 1230 1225 Neque
1241 1191 1298 1219 haec
1308 1193 1378 1220 dixit
1390 1196 1481 1229 modo,
1499 1198 1547 1225 sed
1562 1199 1651 1233 reipsa
1668 1202 1805 1235 praestitit.

1020 1234 1150 1263 Collectis
1165 1237 1237 1263 enim
1253 1238 1375 1273 undique
1387 1242 1480 1270 multis
1493 1244 1645 1278 prophetis,
1657 1234 1806 1282 multisque

1020 1280 1164 1314 apostolis,
1183 1285 1208 1308 et
1225 1284 1393 1318 martyribus
1407 1288 1627 1322 quamplurimis,
1641 1298 1737 1318 omnes
1750 1299 1804 1319 una

1019 1325 1047 1352 in
1063 1332 1126 1352 arca
1144 1327 1276 1361 reposuit,
1299 1336 1362 1356 cum
1382 1336 1538 1360 sanctorum
1561 1336 1663 1370 populo
1681 1337 1805 1365 habitare

1019 1372 1141 1406 cupiens,
1155 1377 1182 1400 et
1196 1381 1256 1400 cum
1271 1375 1311 1402 els
1325 1382 1480 1411 resurgere,
1496 1378 1644 1415 divinoque
1655 1387 1803 1418 conspectu

1018 1417 1111 1452 potiri.
1133 1418 1222 1453 Atque
1244 1420 1295 1446 hoc
1311 1426 1403 1453 certe,
1417 1427 1519 1456 quanta
1543 1424 1625 1453 fuerit
1642 1417 1729 1455 animi
1743 1436 1803 1456 [ηοε-

1019 1462 1117 1496 destia,
1133 1468 1323 1498 argumentum
1343 1471 1385 1494 est
1405 1467 1543 1502 idoneum,
1560 1471 1633 1505 quod
1646 1472 1693 1508 qui
1711 1478 1803 1503 tantas

1018 1516 1083 1543 opes
1102 1515 1288 1544 congesserat,
1313 1512 1390 1546 quasi
1414 1521 1521 1542 summa
1545 1516 1636 1553 inopia
1653 1518 1801 1552 laboraret,

176 1540 284 1568 τέθεικε
311 1543 436 1578 λάρνακι,
468 1546 506 1582 τῷ
536 1547 592 1574 τῶν
619 1549 703 1583 ἁγίων
730 1550 808 1586 δήμῳ
829 1554 962 1580 συνοικεῖν

178 1585 205 1594 ,η
223 1587 250 1594 κ.
371 1589 376 1594 .
412 1590 417 1594 .
479 1591 485 1594 -
522 1592 533 1594 μ
566 1592 570 1594 λ

1017 1540 1044 1580 in
1057 1553 1172 1580 divitum
1186 1559 1258 1582 ccetu
1274 1555 1398 1584 habitare
1414 1560 1593 1594 concupierit.

1505 1585 1592 1594 πη...

176 1585 318 1621 ἐθελήσας,
335 1589 382 1615 καὶ
393 1590 441 1616 σὺν
456 1591 548 1623 αὐτοῖς
559 1592 720 1627 ἀναστῆναι,
736 1595 847 1630 καὶτῆς
869 1596 985 1632 θεωρίας
1006 1597 1155 1633 ἀξιωθῆναι
1181 1599 1313 1635 ποθήσας.
1338 1601 1440 1629 Ἰκανδν
1462 1604 1490 1630 δὲ
1512 1606 1591 1633 τοῦτο
1610 1610 1799 1648 τεκμηριῶσαι

176 1629 225 1648 η-ἰιυ
248 1631 295 1648 nm".
315 1633 490 1648 ΙΑΑΛιι-ιιι--Αιο
525 1636 687 1648 ..-_-._I____.
722 1638 749 1648 ιη
805 1641 810 1647 ι
928 1641 939 1646 -
1038 1641 1046 1648 ε
1070 1641 1083 1646 -
1235 1644 1243 1648 -
1289 1644 1295 1648 .
1373 1646 1378 1648 _

925 1629 930 1632 .
1104 1629 1110 1633 .
1245 1629 1250 1635 .
1294 1629 1300 1632 .
1519 1629 1590 1633 η-.-
1615 1629 1794 1648 "aramus.-.

176 1629 225 1665 τὴν
248 1631 295 1658 τοῦ
315 1633 490 1668 φρονήματος
524 1636 699 1672 μετριότητα.
722 1638 750 1664 Ὁ
780 1641 834 1675 γὰρ
863 1641 989 1668 τοσοῦτον
1017 1641 1131 1668 πλοῦτον
1161 1644 1330 1680 συνειλοχὼς,
1364 1646 1402 1678 ὡς
1434 1648 1534 1686 ἐσχάτῃ
1573 1654 1654 1689 πενίᾳ
1691 1657 1794 1691 συζῶν,

176 1678 207 1691 -Ε
226 1677 280 1691 -1"...
303 1678 426 1691 -.ι-ιη...
452 1681 571 1691 -..ηαμι
725 1685 736 1691 -
778 1685 783 1691 ι
828 1685 856 1691 ι..

174 1678 208 1711 τῇ
226 1677 280 1704 τῶν
303 1678 427 1714 εὐπόρων
450 1681 591 1716 συμμορία
610 1685 750 1717 παροικεῖν
775 1685 958 1721 ἐπεθύμησεν.

219 1721 318 1748 Ὀποῖοι
331 1723 379 1758 μὲν
392 1721 440 1750 οὖν
456 1725 506 1760 τῆς
539 1726 691 1761 σεϐασμίας
708 1729 769 1762 ἐμοὶ
792 1731 913 1766 κεφαλῆς
936 1732 960 1758 ot

1050 1732 1211 1767 Cuiusmodi
1225 1736 1233 1745 ‘
1247 1743 1313 1772 ergo
1327 1739 1476 1767 venerandi
1498 1742 1563 1769 mihi
1579 1744 1674 1779 capitis
1688 1747 1798 1777 labores

175 1765 260 1797 πόνοι,
277 1767 325 1793 καὶ
353 1768 377 1794 οῑ
402 1768 506 1802 ἀγῶνες
532 1769 628 1805 ἡλίκοι,
643 1771 690 1797 καὶ
710 1772 775 1807 ὅσης
801 1773 892 1800 θεόθεν
908 1774 961 1800 ἀπέ

176 1811 273 1827 4“-..»—
288 1812 399 1827 ...’....-..-
425 1814 468 1827 ...Α
486 1815 550 1827 a---
573 1815 650 1827 ηιμ...
867 1819 873 1827 ι
911 1819 922 1827 »ι

1092 1765 1097 1767 _
1279 1765 1293 1772 ν
1386 1765 1390 1766 ,
1439 1765 1475 1767 η.
1579 1765 1674 1779 “rma
1688 1765 1797 1777 ...νυ-ω

1015 1779 1182 1812 exstiterint,
1195 1786 1222 1808 et
1232 1787 1333 1816 quanta
1346 1786 1507 1819 certamina,
1520 1794 1705 1827 quantamque
1717 1802 1731 1821 a
1742 1794 1797 1823 Deo

175 1811 274 1838 έλαυσε
288 1812 409 1847 χάριτος,
425 1814 471 1840 καὶ
485 1815 550 1844 ὅσας
573 1815 650 1848 νίκας
674 1816 808 1851 νενίκηκε.
832 1819 878 1845 καὶ
895 1819 961 1851 οἵοις

175 1856 316 1889 στεφάνοις
331 1858 582 1893 κατακεκόσμηται,
603 1859 709 1896 ἀπόχρη
730 1862 872 1889 καὶταῦτα
887 1863 959 1891 διδά-

174 1901 228 1933 ξαι.
243 1901 353 1937 Ἐπειδὴ
366 1902 393 1928 δέ
415 1911 486 1934 τινες
509 1903 651 1931 δυσκολίαν
674 1906 755 1941 ἠθους
771 1909 958 1944 ἐπαιτιῶνται,

172 1947 221 1973 καὶ
233 1947 437 1982 δυσχεραίνουσι
454 1948 484 1974 τὸ
501 1949 650 1985 φιλέρημον
670 1953 715 1978 καὶ
741 1953 863 1988 ἡσύχιον,
881 1955 959 1989 ὀλίγα

172 1993 352 2028 περὶτούτων
366 1993 460 2027 εἰπὼν,
487 1995 574 2031 πέρας
597 1997 718 2032 ἐπιθήσω
735 2000 773 2034 τῷ
797 1999 956 2035 διηγήματι·

171 2038 316 2073 Πρόκειται
331 2040 424 2071 πᾶσιν,
436 2040 473 2072 ὡς
487 2040 565 2075 ἔφην,
580 2043 619 2074 είς
633 2043 758 2078 θεωρίαν,
771 2043 833 2071 οὔτε
841 2045 957 2081 θριγκίῳ

170 2083 373 2117 πεφραγμένος,
390 2084 451 2111 οὔτε
468 2085 574 2121 καλύῦῃ
584 2089 636 2114 τινὶ
650 2088 665 2123 ἦ
682 2091 767 2125 σκηνῇ
785 2090 956 2126 καλυπτόμε-

169 2135 225 2158 νος.
242 2128 376 2160 ’Ἕκαστος
398 2129 426 2156 δὲ
450 2129 504 2156 τῶν
529 2132 748 2168 ἀφικνουμένων,
776 2136 821 2161 ὑπ’
849 2137 955 2168 οὐδενὸς

168 2173 261 2208 ὲρκίου
289 2175 469 2210 κωλυόμενος,
489 2177 570 2209 εὐθὺς
595 2180 811 2215 παραγινόμενος
827 2183 955 2217 προσδια·

168 2217 295 2251 λέγεσθαι
303 2219 435 2253 βούλεται.
450 2220 512 2251 Τοῖς
526 2221 554 2248 δὲ
573 2222 663 2254 ἄλλοις
683 2225 800 2260 ταυτησὶ
815 2225 865 2260 τῆς
877 2226 951 2259 φιλο-
969 2238 992 2265 D
1007 2240 1099 2263 ,ηεηιο

169 2264 265 2298 σοφίας
291 2266 419 2300 ἐρασταῖς
446 2266 493 2293 καὶ
516 2267 628 2302 θριγκία
647 2269 694 2296 καὶ
721 2270 802 2306 θύραι
826 2271 888 2304 εἰσὶ,
906 2272 952 2299 καὶ

165 2310 281 2344 ἡσυχίας
295 2310 454 2344 ἀπόλαυσις,
471 2314 517 2340 καὶ
536 2314 691 2348 ἀνοίγνυσιν
710 2315 842 2352 ἐθελήσας
857 2317 871 2343 ὁ
887 2317 952 2344 καθ-

166 2356 320 2390 ειργμένος,
339 2357 387 2383 καὶ
400 2358 580 2386 ἀναὸἁλλεται
603 2360 665 2387 ὅσον
686 2360 820 2395 βούλεται,
841 2363 951 2398 καὶτῆς

165 2401 240 2434 θείας
256 2403 415 2438 ἐμφορεῖται
435 2405 550 2440 θεωρίας
569 2407 630 2433 ὅσον
649 2407 747 2434 ἐθέλει.
770 2409 904 2436 Ἐνταῦθα
921 2409 949 2435 δὲ

163 2447 265 2475 τούτων
285 2448 371 2476 οὐδέν.
395 2450 441 2476 Διὸ
464 2451 580 2486 μάλιστα
604 2452 773 2488 δυσχεραίνει
800 2454 863 2486 τοὺς
884 2455 949 2490 παρ’

163 2492 245 2519 αὑτὸν
262 2493 310 2528 τῆς
329 2495 482 2531 προσευχῆς
502 2497 548 2523 τὸν
565 2497 660 2533 καιρὸν
687 2499 872 2533 ἐνοχλοῦντας.
890 2501 948 2527 Κᾶν

164 2539 214 2574 μὲν
249 2539 428 2573 κελεύσαντος
467 2543 548 2575 εὐθὺς
580 2544 704 2577 ἀπίοιεν,
741 2546 820 2572 πάλιν
858 2547 948 2582 ἔχεται

161 2584 212 2619 τῆς
236 2587 400 2622 προσευχῆς.
429 2589 461 2614 Et
483 2588 512 2615 δὲ
537 2590 692 2625 ὲπιμένοιεν
721 2591 872 2626 ὁχλοῦντες,
899 2594 946 2620 καὶ

160 2631 234 2663 ἅπαξ
253 2632 300 2658 καὶ
314 2632 355 2664 δὶς
377 2635 571 2670 παρεγγυήσας
597 2635 634 2671 μὴ
655 2636 768 2670 πείσειε,
798 2638 946 2673 τηνικαῦτα

160 2677 328 2713 δυσχεράνας
354 2680 488 2715 ἐπιτιμῶν
513 2682 717 2718 ἀποπέμπεται.
732 2684 810 2719 Ἐμοὶ
836 2684 864 2711 δὲ
882 2687 944 2722 περὶ

157 2723 255 2751 τούτου
277 2726 343 2761 πρὸς
358 2727 609 2768 αύτὺνγεγένχηνται
621 2730 712 2765 λόγοι·
728 2732 774 2758 καί
789 2741 865 2765 τινας
877 2733 945 2770 ἔφην

158 2771 305 2806 ἀσχάλλειν
319 2772 504 2807 ἐξελαθέντας,
523 2777 570 2803 καὶ
589 2777 713 2812 εὐλογίας
737 2779 773 2814 μὴ
797 2781 944 2816 μετασχόν-

157 2825 208 2848 τας
221 2825 227 2831 ’
244 2818 289 2844 καὶ
300 2818 340 2845 ὅτι
354 2819 459 2855 πρέπον
474 2821 526 2856 εἴη,
545 2823 607 2854 τοὺς
619 2823 714 2849 τούτου
725 2824 805 2860 χάριν
815 2825 943 2859 ἀφικνου-

158 2861 268 2896 μένους⁷
284 2863 330 2890 καὶ
359 2864 464 2892 πολλῶν
487 2867 597 2902 ήμερῶν
622 2868 681 2895 ὁδὸν
705 2869 875 2905 ὲξανύοντας,
906 2873 943 2908 μὴ

336 2910 462 2941 ΡΑτιιοι
491 2913 548 2943 Gn.
567 2915 714 2946 LXXXII.

1012 1824 1125 1857 gratiam
1141 1826 1258 1861 adeptus
1273 1828 1320 1860 sit,
1336 1835 1403 1864 quot
1414 1831 1548 1861 victorias
1563 1824 1728 1872 reportarit,
1746 1849 1796 1868 cu-

1007 1870 1127 1904 jusmodi
1143 1874 1254 1901 coronis
1268 1875 1350 1904 fuerit
1368 1884 1532 1914 exornatus,
1556 1883 1664 1911 abunde
1681 1893 1797 1921 possunt

1009 1917 1067 1944 haec
1079 1918 1189 1946 docere.
1211 1920 1264 1948 Sed
1278 1922 1342 1956 quia
1357 1928 1421 1950 sunt
1441 1927 1577 1961 nonnulli,
1593 1930 1638 1963 qui
1654 1917 1715 1965 ejus
1735 1941 1796 1960 mo-

1009 1962 1148 1990 rositatem
1176 1966 1366 2005 criminantur,
1394 1970 1565 2007 nimiumque
1583 1975 1738 2005 solitudinis
1768 1985 1795 2006 et

1009 2007 1108 2041 quietis
1122 2009 1242 2037 studium
1259 2014 1473 2048 reprehendunt,
1483 2017 1516 2045 de
1526 2018 1568 2046 his
1584 2027 1671 2054 pauca
1688 2023 1734 2050 ubi
1751 2025 1793 2052 di-

1008 2059 1084 2085 xero,
1105 2054 1186 2081 tinent
1206 2056 1345 2091 imponam
1371 2062 1534 2089 narrationi.
1555 2063 1682 2093 Omnium
1705 2070 1794 2098 oculis

1008 2097 1041 2124 ad
1058 2100 1235 2133 spectandum
1251 2105 1394 2138 expositus
1412 2112 1463 2141 est,
1478 2111 1507 2134 ut
1523 2109 1579 2143 jam
1593 2111 1659 2144 dixi,
1675 2121 1725 2141 nec
1735 2123 1795 2142 ma—

1008 2143 1081 2170 ceria
1093 2144 1307 2182 circumseptus,
1320 2157 1370 2177 nec
1382 2153 1492 2186 tugurio
1505 2154 1596 2189 aliquo
1610 2157 1732 2191 abditus,
1745 2167 1792 2188 aut

1007 2189 1194 2219 tabernaculo.
1211 2192 1246 2220 Et
1264 2194 1311 2228 qui
1328 2196 1477 2224 adventant
1499 2207 1594 2228 omnes
1618 2203 1693 2230 nullo
1717 2189 1788 2241 sepi-

1114 2237 1290 2272 prohibente,
1317 2242 1397 2269 simul
1416 2250 1449 2270 ac
1464 2244 1599 2274 venerunt
1616 2248 1717 2284 alloqui
1740 2260 1788 2279 vo-

1005 2280 1075 2308 lunt.
1089 2281 1123 2308 At
1143 2285 1250 2312 caeteris
1271 2285 1353 2321 hujus
1375 2288 1557 2325 philosophiae
1578 2280 1749 2324 amatoribus
1763 2304 1789 2325 et

1004 2328 1130 2355 maceriae
1142 2334 1206 2356 sunt
1218 2335 1245 2358 et
1255 2332 1356 2366 januae,
1372 2337 1399 2361 et
1413 2335 1505 2370 quiete
1519 2337 1571 2364 frui
1585 2338 1648 2366 licet
1663 2349 1669 2366 :
1686 2343 1785 2376 aperit-

1003 2374 1095 2416 que'si
1111 2375 1175 2402 velit
1186 2377 1233 2412 qui
1248 2379 1441 2414 reclususest,
1460 2386 1486 2409 et
1501 2382 1590 2411 differt
1606 2387 1694 2420 quoad
1703 2374 1786 2421 libet,

1003 2413 1109 2455 1252
1130 2423 1310 2458 expleturque
1324 2413 1446 2460 quandiu
1471 2428 1527 2455 vult
1549 2413 1640 2458 divina
1664 2438 1786 2460 contem-

1001 2464 1131 2498 platione.
1150 2466 1200 2494 Hic
1215 2476 1281 2496 vero
1294 2470 1360 2496 nihil
1373 2475 1414 2498 est
1429 2472 1595 2507 hujusmodi.
1617 2476 1706 2510 Quare
1724 2479 1786 2507 illo‘s

1001 2509 1047 2544 qui
1068 2512 1202 2540 orationis
1219 2517 1343 2550 tempore
1360 2517 1535 2553 interpellant
1559 2520 1611 2548 fert
1633 2525 1784 2558 aegerrime.

1000 2554 1078 2588 Quod
1090 2557 1112 2584 si
1127 2557 1243 2591 jubente
1255 2560 1314 2595 ipso
1334 2570 1395 2590 mox
1410 2567 1585 2600 recesserint,
1600 2568 1671 2596 redit
1685 2570 1783 2598 iterum

1000 2600 1033 2627 ad
1049 2603 1213 2632 orationem.
1229 2606 1264 2632 At
1283 2607 1306 2634 si
1326 2609 1439 2637 turbare
1451 2617 1577 2647 pergant,
1597 2618 1623 2641 et
1641 2616 1726 2644 semel
1751 2625 1784 2644 ac

999 2649 1119 2676 secundo
1132 2652 1243 2680 monitis
1259 2661 1312 2680 non
1329 2657 1508 2691 persuaserit,
1528 2662 1593 2686 tunc
1605 2661 1725 2695 graviter
1745 2662 1784 2690 fe-

997 2701 1062 2721 rens
1077 2700 1103 2722 et
1120 2695 1265 2732 increpans
1279 2707 1326 2727 eos
1342 2703 1482 2730 amandat.
1500 2703 1565 2732 Mihi
1580 2711 1669 2734 autem
1683 2707 1737 2735 hac
1748 2708 1783 2735 de

997 2746 1026 2765 re
1038 2747 1099 2766 cum
1116 2741 1163 2768 illo
1176 2750 1266 2770 sermo
1280 2743 1342 2772 fuit.
1359 2745 1416 2773 Dixi
1434 2748 1506 2774 enim
1520 2750 1677 2778 contristari
1694 2759 1781 2786 quos-

996 2782 1070 2816 dam,
1089 2786 1134 2819 qui
1153 2788 1260 2822 expulsi
1284 2789 1407 2824 fuerant,
1430 2782 1710 2831 benedictionemque
1725 2804 1780 2824 non

996 2837 1167 2865 acceperant,
1183 2838 1210 2860 et
1227 2836 1386 2870 convenire,
1406 2842 1436 2864 ut
1451 2839 1497 2873 qui
1518 2839 1600 2875 hujus
1620 2841 1707 2876 gratia
1733 2849 1780 2868 ve-

995 2874 1085 2908 niunt,
1106 2878 1310 2915 multorumque
1326 2881 1430 2910 dierum
1447 2883 1498 2912 iter
1510 2885 1671 2919 conﬁciunt,
1687 2885 1779 2913 tristes
