  <div class='ocr_page' id='page_1' title='image "/cluster/home/n/w/nwhite01/storage/ocr_20150623/82/njp.32101077772802/787.png"; bbox 0 0 2064 3120; ppageno 0'>
   <div class='ocr_carea' id='block_1_1' title="bbox 251 182 314 214">
    <p class='ocr_par' dir='ltr' id='par_1_1' title="bbox 251 182 314 214">
     <span class='ocr_line' id='line_1_1' title="bbox 251 182 314 214; baseline -0.016 0"><span class='ocrx_word' id='word_1_1' title='bbox 251 182 314 214; x_wconf 61' lang='lat' dir='ltr'><strong>Hii-1</strong></span> 
     </span>
    </p>
   </div>
   <div class='ocr_carea' id='block_1_2' title="bbox 724 177 1359 209">
    <p class='ocr_par' dir='ltr' id='par_1_2' title="bbox 724 177 1359 209">
     <span class='ocr_line' id='line_1_2' title="bbox 724 177 1359 209; baseline -0.003 -1"><span class='ocrx_word' id='word_1_2' title='bbox 724 179 966 209; x_wconf 78' lang='lat' dir='ltr'><strong>&#39;i&#39;llEOI)0RETi</strong></span> <span class='ocrx_word' id='word_1_3' title='bbox 987 178 1156 208; x_wconf 81' lang='lat' dir='ltr'><strong>EPISCOPI</strong></span> <span class='ocrx_word' id='word_1_4' title='bbox 1177 177 1359 207; x_wconf 74' lang='lat' dir='ltr'><strong>CYREN‘SIS</strong></span> 
     </span>
    </p>
   </div>
   <div class='ocr_carea' id='block_1_3' title="bbox 1816 172 1882 203">
    <p class='ocr_par' dir='ltr' id='par_1_3' title="bbox 1816 172 1882 203">
     <span class='ocr_line' id='line_1_3' title="bbox 1816 172 1882 203; baseline 0.015 -1"><span class='ocrx_word' id='word_1_5' title='bbox 1816 172 1882 203; x_wconf 69' lang='grc' dir='ltr'><strong>Ηἴὲ</strong></span> 
     </span>
    </p>
   </div>
   <div class='ocr_carea' id='block_1_4' title="bbox 248 209 1045 259">
    <p class='ocr_par' dir='ltr' id='par_1_4' title="bbox 248 223 1036 259">
     <span class='ocr_line' id='line_1_4' title="bbox 248 223 1036 259; baseline -0.008 -5"><span class='ocrx_word' id='word_1_6' title='bbox 248 236 302 255; x_wconf 80' lang='lat' dir='ltr'><strong>non</strong></span> <span class='ocrx_word' id='word_1_7' title='bbox 320 225 460 259; x_wconf 82' lang='lat' dir='ltr'><strong>recedant,</strong></span> <span class='ocrx_word' id='word_1_8' title='bbox 474 225 521 253; x_wconf 82' lang='lat' dir='ltr'><strong>sed</strong></span> <span class='ocrx_word' id='word_1_9' title='bbox 538 224 633 251; x_wconf 66' lang='lat' dir='ltr'><strong>latitia</strong></span> <span class='ocrx_word' id='word_1_10' title='bbox 649 223 791 254; x_wconf 78' lang='lat' dir='ltr'><strong>cumulati,</strong></span> <span class='ocrx_word' id='word_1_11' title='bbox 807 227 833 250; x_wconf 87' lang='lat' dir='ltr'><strong>et</strong></span> <span class='ocrx_word' id='word_1_12' title='bbox 851 223 896 257; x_wconf 87' lang='lat' dir='ltr'><strong>qtti</strong></span> <span class='ocrx_word' id='word_1_13' title='bbox 912 223 1036 256; x_wconf 85' lang='lat' dir='ltr'><strong>philoso-</strong></span> 
     </span>
    </p>
   </div>
   <div class='ocr_carea' id='block_1_5' title="bbox 1096 209 1880 259">
    <p class='ocr_par' dir='ltr' id='par_1_5' title="bbox 1096 209 1880 257">
     <span class='ocr_line' id='line_1_5' title="bbox 1096 209 1880 257; baseline -0.008 -9"><span class='ocrx_word' id='word_1_14' title='bbox 1096 222 1255 257; x_wconf 84' lang='grc' dir='ltr'>Ιιχθομένους</span> <span class='ocrx_word' id='word_1_15' title='bbox 1275 221 1424 250; x_wconf 67' lang='grc' dir='ltr'>ἐπανιέναι.</span> <span class='ocrx_word' id='word_1_16' title='bbox 1453 218 1521 245; x_wconf 78' lang='grc' dir='ltr'>ἀλλὰ</span> <span class='ocrx_word' id='word_1_17' title='bbox 1537 209 1681 253; x_wconf 62' lang='grc' dir='ltr'>’θυμηδίας</span> <span class='ocrx_word' id='word_1_18' title='bbox 1708 218 1880 252; x_wconf 47' lang='grc' dir='ltr'>ἑμτορονμέ-</span> 
     </span>
    </p>
   </div>
   <div class='ocr_carea' id='block_1_6' title="bbox 249 267 1038 308">
    <p class='ocr_par' dir='ltr' id='par_1_6' title="bbox 249 267 1038 308">
     <span class='ocr_line' id='line_1_6' title="bbox 249 267 1038 308; baseline -0.009 -7"><span class='ocrx_word' id='word_1_19' title='bbox 249 273 319 308; x_wconf 81' lang='lat' dir='ltr'><strong>pbiae</strong></span> <span class='ocrx_word' id='word_1_20' title='bbox 335 275 388 300; x_wconf 71' lang='lat' dir='ltr'><strong>tua:</strong></span> <span class='ocrx_word' id='word_1_21' title='bbox 404 269 667 299; x_wconf 85' lang='lat' dir='ltr'><strong>commemoratione</strong></span> <span class='ocrx_word' id='word_1_22' title='bbox 678 269 833 297; x_wconf 84' lang='lat' dir='ltr'><strong>nescientes</strong></span> <span class='ocrx_word' id='word_1_23' title='bbox 844 268 979 296; x_wconf 80' lang='lat' dir='ltr'><strong>reticiant.</strong></span> <span class='ocrx_word' id='word_1_24' title='bbox 991 267 1038 295; x_wconf 86' lang='lat' dir='ltr'><strong>Ille</strong></span> 
     </span>
    </p>
   </div>
   <div class='ocr_carea' id='block_1_7' title="bbox 248 314 1037 350">
    <p class='ocr_par' dir='ltr' id='par_1_7' title="bbox 248 314 1037 350">
     <span class='ocr_line' id='line_1_7' title="bbox 248 314 1037 350; baseline -0.009 -3"><span class='ocrx_word' id='word_1_25' title='bbox 248 327 333 347; x_wconf 84' lang='lat' dir='ltr'><strong>vero:</strong></span> <span class='ocrx_word' id='word_1_26' title='bbox 349 328 356 344; x_wconf 77' lang='grc' dir='ltr'><strong>ι</strong></span> <span class='ocrx_word' id='word_1_27' title='bbox 376 317 435 345; x_wconf 88' lang='lat' dir='ltr'><strong>Non</strong></span> <span class='ocrx_word' id='word_1_28' title='bbox 446 317 575 348; x_wconf 88' lang='lat' dir='ltr'><strong>aliorum,</strong></span> <span class='ocrx_word' id='word_1_29' title='bbox 592 315 692 350; x_wconf 91' lang='lat' dir='ltr'><strong>inquit,</strong></span> <span class='ocrx_word' id='word_1_30' title='bbox 707 315 753 342; x_wconf 84' lang='lat' dir='ltr'><strong>sed</strong></span> <span class='ocrx_word' id='word_1_31' title='bbox 773 314 826 341; x_wconf 88' lang='lat' dir='ltr'><strong>mei</strong></span> <span class='ocrx_word' id='word_1_32' title='bbox 849 314 936 349; x_wconf 85' lang='lat' dir='ltr'><strong>ipsius</strong></span> <span class='ocrx_word' id='word_1_33' title='bbox 952 321 1037 341; x_wconf 86' lang='lat' dir='ltr'><strong>causa</strong></span> 
     </span>
    </p>
   </div>
   <div class='ocr_carea' id='block_1_8' title="bbox 249 358 1036 394">
    <p class='ocr_par' dir='ltr' id='par_1_8' title="bbox 249 358 1036 394">
     <span class='ocr_line' id='line_1_8' title="bbox 249 358 1036 394; baseline -0.009 -2"><span class='ocrx_word' id='word_1_34' title='bbox 249 365 275 392; x_wconf 91' lang='lat' dir='ltr'><strong>itt</strong></span> <span class='ocrx_word' id='word_1_35' title='bbox 289 366 410 391; x_wconf 91' lang='lat' dir='ltr'><strong>montem</strong></span> <span class='ocrx_word' id='word_1_36' title='bbox 426 362 498 389; x_wconf 85' lang='lat' dir='ltr'><strong>veni.</strong></span> <span class='ocrx_word' id='word_1_37' title='bbox 519 360 587 388; x_wconf 86' lang='lat' dir='ltr'><strong>Nam</strong></span> <span class='ocrx_word' id='word_1_38' title='bbox 608 367 671 388; x_wconf 89' lang='lat' dir='ltr'><strong>cum</strong></span> <span class='ocrx_word' id='word_1_39' title='bbox 692 360 785 388; x_wconf 82' lang='lat' dir='ltr'><strong>multis</strong></span> <span class='ocrx_word' id='word_1_40' title='bbox 801 363 977 394; x_wconf 78' lang='lat' dir='ltr'><strong>peccatorum</strong></span> <span class='ocrx_word' id='word_1_41' title='bbox 994 358 1036 386; x_wconf 93' lang='lat' dir='ltr'><strong>ul-</strong></span> 
     </span>
    </p>
   </div>
   <div class='ocr_carea' id='block_1_9' title="bbox 248 405 1036 443">
    <p class='ocr_par' dir='ltr' id='par_1_9' title="bbox 248 405 1036 443">
     <span class='ocr_line' id='line_1_9' title="bbox 248 405 1036 443; baseline -0.008 -6"><span class='ocrx_word' id='word_1_42' title='bbox 248 409 359 438; x_wconf 84' lang='lat' dir='ltr'><strong>ceribus</strong></span> <span class='ocrx_word' id='word_1_43' title='bbox 378 411 492 443; x_wconf 87' lang='lat' dir='ltr'><strong>opertus</strong></span> <span class='ocrx_word' id='word_1_44' title='bbox 509 407 581 439; x_wconf 89' lang='lat' dir='ltr'><strong>sim,</strong></span> <span class='ocrx_word' id='word_1_45' title='bbox 602 405 746 434; x_wconf 81' lang='lat' dir='ltr'><strong>curatione</strong></span> <span class='ocrx_word' id='word_1_46' title='bbox 765 405 883 441; x_wconf 90' lang='lat' dir='ltr'><strong>plurima</strong></span> <span class='ocrx_word' id='word_1_47' title='bbox 907 405 1036 440; x_wconf 68' lang='lat' dir='ltr'><strong>indigeo:</strong></span> 
     </span>
    </p>
   </div>
   <div class='ocr_carea' id='block_1_10' title="bbox 222 450 1037 488">
    <p class='ocr_par' dir='ltr' id='par_1_10' title="bbox 222 450 1037 488">
     <span class='ocr_line' id='line_1_10' title="bbox 222 450 1037 488; baseline -0.007 -5"><span class='ocrx_word' id='word_1_48' title='bbox 222 451 233 457; x_wconf 73' lang='grc'><em>”</em></span> <span class='ocrx_word' id='word_1_49' title='bbox 248 462 364 488; x_wconf 84' lang='lat' dir='ltr'><strong>eamque</strong></span> <span class='ocrx_word' id='word_1_50' title='bbox 383 455 419 482; x_wconf 92' lang='lat' dir='ltr'><strong>ob</strong></span> <span class='ocrx_word' id='word_1_51' title='bbox 439 461 496 482; x_wconf 88' lang='lat' dir='ltr'><strong>rem</strong></span> <span class='ocrx_word' id='word_1_52' title='bbox 524 453 669 480; x_wconf 88' lang='lat' dir='ltr'><strong>Dominum</strong></span> <span class='ocrx_word' id='word_1_53' title='bbox 690 456 815 480; x_wconf 80' lang='lat' dir='ltr'><strong>nostrum</strong></span> <span class='ocrx_word' id='word_1_54' title='bbox 838 457 905 483; x_wconf 89' lang='lat' dir='ltr'><strong>oro,</strong></span> <span class='ocrx_word' id='word_1_55' title='bbox 925 456 953 478; x_wconf 92' lang='lat' dir='ltr'><strong>ut</strong></span> <span class='ocrx_word' id='word_1_56' title='bbox 971 450 1037 477; x_wconf 88' lang='lat' dir='ltr'><strong>mihi</strong></span> 
     </span>
    </p>
   </div>
   <div class='ocr_carea' id='block_1_11' title="bbox 250 495 1041 531">
    <p class='ocr_par' dir='ltr' id='par_1_11' title="bbox 250 495 1041 531">
     <span class='ocr_line' id='line_1_11' title="bbox 250 495 1041 531; baseline -0.009 -3"><span class='ocrx_word' id='word_1_57' title='bbox 250 499 383 528; x_wconf 88' lang='lat' dir='ltr'><strong>salutaria</strong></span> <span class='ocrx_word' id='word_1_58' title='bbox 399 499 530 526; x_wconf 87' lang='lat' dir='ltr'><strong>vitiorum</strong></span> <span class='ocrx_word' id='word_1_59' title='bbox 548 497 670 526; x_wconf 85' lang='lat' dir='ltr'><strong>remedia</strong></span> <span class='ocrx_word' id='word_1_60' title='bbox 686 496 800 524; x_wconf 85' lang='lat' dir='ltr'><strong>tribuat.</strong></span> <span class='ocrx_word' id='word_1_61' title='bbox 816 495 876 528; x_wconf 87' lang='lat' dir='ltr'><strong>Quo</strong></span> <span class='ocrx_word' id='word_1_62' title='bbox 892 500 973 531; x_wconf 85' lang='lat' dir='ltr'><strong>pacto</strong></span> <span class='ocrx_word' id='word_1_63' title='bbox 990 495 1041 530; x_wconf 75' lang='lat' dir='ltr'><strong>igi-</strong></span> 
     </span>
    </p>
   </div>
   <div class='ocr_carea' id='block_1_12' title="bbox 249 542 1039 575">
    <p class='ocr_par' dir='ltr' id='par_1_12' title="bbox 249 542 1039 575">
     <span class='ocr_line' id='line_1_12' title="bbox 249 542 1039 575; baseline -0.008 0"><span class='ocrx_word' id='word_1_64' title='bbox 249 551 295 575; x_wconf 85' lang='lat' dir='ltr'><strong>tur</strong></span> <span class='ocrx_word' id='word_1_65' title='bbox 306 546 458 574; x_wconf 88' lang='lat' dir='ltr'><strong>absurdum</strong></span> <span class='ocrx_word' id='word_1_66' title='bbox 475 545 555 573; x_wconf 83' lang='lat' dir='ltr'><strong>valde</strong></span> <span class='ocrx_word' id='word_1_67' title='bbox 574 551 607 572; x_wconf 90' lang='lat' dir='ltr'><strong>ac</strong></span> <span class='ocrx_word' id='word_1_68' title='bbox 623 543 738 572; x_wconf 80' lang='lat' dir='ltr'><strong>stultum</strong></span> <span class='ocrx_word' id='word_1_69' title='bbox 763 550 818 570; x_wconf 92' lang='lat' dir='ltr'><strong>non</strong></span> <span class='ocrx_word' id='word_1_70' title='bbox 836 543 883 574; x_wconf 88' lang='lat' dir='ltr'><strong>sit,</strong></span> <span class='ocrx_word' id='word_1_71' title='bbox 904 542 1039 570; x_wconf 88' lang='lat' dir='ltr'><strong>orationis</strong></span> 
     </span>
    </p>
   </div>
   <div class='ocr_carea' id='block_1_13' title="bbox 250 588 1041 629">
    <p class='ocr_par' dir='ltr' id='par_1_13' title="bbox 250 588 1041 629">
     <span class='ocr_line' id='line_1_13' title="bbox 250 588 1041 629; baseline -0.009 -7"><span class='ocrx_word' id='word_1_72' title='bbox 250 595 326 622; x_wconf 78' lang='lat' dir='ltr'><strong>tilum</strong></span> <span class='ocrx_word' id='word_1_73' title='bbox 343 592 503 629; x_wconf 69' lang='lat' dir='ltr'><strong>praecidere,</strong></span> <span class='ocrx_word' id='word_1_74' title='bbox 525 595 608 627; x_wconf 83' lang='lat' dir='ltr'><strong>atque</strong></span> <span class='ocrx_word' id='word_1_75' title='bbox 630 589 758 618; x_wconf 88' lang='lat' dir='ltr'><strong>homines</strong></span> <span class='ocrx_word' id='word_1_76' title='bbox 783 589 894 617; x_wconf 87' lang='lat' dir='ltr'><strong>interim</strong></span> <span class='ocrx_word' id='word_1_77' title='bbox 918 588 1041 623; x_wconf 81' lang='lat' dir='ltr'><strong>alloqui?</strong></span> 
     </span>
    </p>
   </div>
   <div class='ocr_carea' id='block_1_14' title="bbox 251 634 1039 674">
    <p class='ocr_par' dir='ltr' id='par_1_14' title="bbox 251 634 1039 674">
     <span class='ocr_line' id='line_1_14' title="bbox 251 634 1039 674; baseline -0.01 -6"><span class='ocrx_word' id='word_1_78' title='bbox 251 640 358 668; x_wconf 82' lang='lat' dir='ltr'><strong>Etenim</strong></span> <span class='ocrx_word' id='word_1_79' title='bbox 372 639 395 667; x_wconf 87' lang='lat' dir='ltr'><strong>si</strong></span> <span class='ocrx_word' id='word_1_80' title='bbox 408 638 531 674; x_wconf 83' lang='lat' dir='ltr'><strong>ejusdem</strong></span> <span class='ocrx_word' id='word_1_81' title='bbox 547 641 654 664; x_wconf 52' lang='lat' dir='ltr'><strong>natura).</strong></span> <span class='ocrx_word' id='word_1_82' title='bbox 664 635 785 663; x_wconf 90' lang='lat' dir='ltr'><strong>hominis</strong></span> <span class='ocrx_word' id='word_1_83' title='bbox 804 634 924 662; x_wconf 79' lang='lat' dir='ltr'><strong>famulus</strong></span> <span class='ocrx_word' id='word_1_84' title='bbox 938 641 1039 666; x_wconf 83' lang='lat' dir='ltr'><strong>essent,</strong></span> 
     </span>
    </p>
   </div>
   <div class='ocr_carea' id='block_1_15' title="bbox 252 680 1040 720">
    <p class='ocr_par' dir='ltr' id='par_1_15' title="bbox 252 680 1040 720">
     <span class='ocr_line' id='line_1_15' title="bbox 252 680 1040 720; baseline -0.01 -7"><span class='ocrx_word' id='word_1_85' title='bbox 252 685 455 720; x_wconf 84' lang='lat' dir='ltr'><strong>ministeriique</strong></span> <span class='ocrx_word' id='word_1_86' title='bbox 471 682 602 711; x_wconf 84' lang='lat' dir='ltr'><strong>dominici</strong></span> <span class='ocrx_word' id='word_1_87' title='bbox 620 686 756 716; x_wconf 87' lang='lat' dir='ltr'><strong>tempore,</strong></span> <span class='ocrx_word' id='word_1_88' title='bbox 772 680 863 708; x_wconf 88' lang='lat' dir='ltr'><strong>cibu.n</strong></span> <span class='ocrx_word' id='word_1_89' title='bbox 880 684 928 707; x_wconf 87' lang='lat' dir='ltr'><strong>aut</strong></span> <span class='ocrx_word' id='word_1_90' title='bbox 947 684 1040 714; x_wconf 91' lang='lat' dir='ltr'><strong>potum</strong></span> 
     </span>
    </p>
   </div>
   <div class='ocr_carea' id='block_1_16' title="bbox 252 727 1042 766">
    <p class='ocr_par' dir='ltr' id='par_1_16' title="bbox 252 727 1042 766">
     <span class='ocr_line' id='line_1_16' title="bbox 252 727 1042 766; baseline -0.009 -7"><span class='ocrx_word' id='word_1_91' title='bbox 252 732 412 766; x_wconf 78' lang='lat' dir='ltr'><strong>tempestive</strong></span> <span class='ocrx_word' id='word_1_92' title='bbox 446 730 543 758; x_wconf 75' lang='lat' dir='ltr'><strong>afferre</strong></span> <span class='ocrx_word' id='word_1_93' title='bbox 571 728 796 764; x_wconf 68' lang='lat' dir='ltr'><strong>praetermittens,</strong></span> <span class='ocrx_word' id='word_1_94' title='bbox 824 735 887 754; x_wconf 91' lang='lat' dir='ltr'><strong>cum</strong></span> <span class='ocrx_word' id='word_1_95' title='bbox 913 727 1007 762; x_wconf 83' lang='lat' dir='ltr'><strong>aliquo</strong></span> <span class='ocrx_word' id='word_1_96' title='bbox 1027 734 1042 752; x_wconf 87' lang='lat' dir='ltr'><strong>e</strong></span> 
     </span>
    </p>
   </div>
   <div class='ocr_carea' id='block_1_17' title="bbox 251 769 1042 809">
    <p class='ocr_par' dir='ltr' id='par_1_17' title="bbox 251 769 1042 809">
     <span class='ocr_line' id='line_1_17' title="bbox 251 769 1042 809; baseline -0.011 -4"><span class='ocrx_word' id='word_1_97' title='bbox 251 776 397 805; x_wconf 83' lang='lat' dir='ltr'><strong>conservis</strong></span> <span class='ocrx_word' id='word_1_98' title='bbox 417 775 566 807; x_wconf 75' lang='lat' dir='ltr'><strong>fabularer,</strong></span> <span class='ocrx_word' id='word_1_99' title='bbox 582 774 682 809; x_wconf 85' lang='lat' dir='ltr'><strong>quibus</strong></span> <span class='ocrx_word' id='word_1_100' title='bbox 698 772 785 807; x_wconf 76' lang='lat' dir='ltr'><strong>plagis</strong></span> <span class='ocrx_word' id='word_1_101' title='bbox 800 779 854 799; x_wconf 90' lang='lat' dir='ltr'><strong>non</strong></span> <span class='ocrx_word' id='word_1_102' title='bbox 872 771 971 798; x_wconf 91' lang='lat' dir='ltr'><strong>merito</strong></span> <span class='ocrx_word' id='word_1_103' title='bbox 986 769 1042 796; x_wconf 80' lang='lat' dir='ltr'><strong>atii-</strong></span> 
     </span>
    </p>
   </div>
   <div class='ocr_carea' id='block_1_18' title="bbox 255 816 1042 855">
    <p class='ocr_par' dir='ltr' id='par_1_18' title="bbox 255 816 1042 855">
     <span class='ocr_line' id='line_1_18' title="bbox 255 816 1042 855; baseline -0.009 -6"><span class='ocrx_word' id='word_1_104' title='bbox 255 821 349 850; x_wconf 87' lang='lat' dir='ltr'><strong>cerer?</strong></span> <span class='ocrx_word' id='word_1_105' title='bbox 359 820 436 854; x_wconf 86' lang='lat' dir='ltr'><strong>Quod</strong></span> <span class='ocrx_word' id='word_1_106' title='bbox 449 821 471 847; x_wconf 89' lang='lat' dir='ltr'><strong>si</strong></span> <span class='ocrx_word' id='word_1_107' title='bbox 483 818 625 855; x_wconf 77' lang='lat' dir='ltr'><strong>praesidem</strong></span> <span class='ocrx_word' id='word_1_108' title='bbox 640 818 745 849; x_wconf 80' lang='lat' dir='ltr'><strong>adiens,</strong></span> <span class='ocrx_word' id='word_1_109' title='bbox 757 817 845 852; x_wconf 86' lang='lat' dir='ltr'><strong>deque</strong></span> <span class='ocrx_word' id='word_1_110' title='bbox 859 816 959 851; x_wconf 85' lang='lat' dir='ltr'><strong>injuria</strong></span> <span class='ocrx_word' id='word_1_111' title='bbox 975 816 1042 842; x_wconf 91' lang='lat' dir='ltr'><strong>tnibi</strong></span> 
     </span>
    </p>
   </div>
   <div class='ocr_carea' id='block_1_19' title="bbox 251 861 1041 902">
    <p class='ocr_par' dir='ltr' id='par_1_19' title="bbox 251 861 1041 902">
     <span class='ocr_line' id='line_1_19' title="bbox 251 861 1041 902; baseline -0.006 -9"><span class='ocrx_word' id='word_1_112' title='bbox 251 875 267 893; x_wconf 81' lang='lat' dir='ltr'><strong>a</strong></span> <span class='ocrx_word' id='word_1_113' title='bbox 281 866 408 902; x_wconf 87' lang='lat' dir='ltr'><strong>quopiam</strong></span> <span class='ocrx_word' id='word_1_114' title='bbox 433 866 507 893; x_wconf 88' lang='lat' dir='ltr'><strong>illata</strong></span> <span class='ocrx_word' id='word_1_115' title='bbox 531 863 722 899; x_wconf 85' lang='lat' dir='ltr'><strong>cxpostuians,</strong></span> <span class='ocrx_word' id='word_1_116' title='bbox 742 863 894 890; x_wconf 86' lang='lat' dir='ltr'><strong>orationem</strong></span> <span class='ocrx_word' id='word_1_117' title='bbox 909 862 937 889; x_wconf 91' lang='lat' dir='ltr'><strong>in</strong></span> <span class='ocrx_word' id='word_1_118' title='bbox 951 861 1041 889; x_wconf 89' lang='lat' dir='ltr'><strong>medio</strong></span> 
     </span>
    </p>
   </div>
   <div class='ocr_carea' id='block_1_20' title="bbox 252 898 1080 946">
    <p class='ocr_par' dir='ltr' id='par_1_20' title="bbox 252 898 1080 946">
     <span class='ocr_line' id='line_1_20' title="bbox 252 898 1080 946; baseline -0.007 -6"><span class='ocrx_word' id='word_1_119' title='bbox 252 920 335 940; x_wconf 86' lang='lat' dir='ltr'><strong>cursu</strong></span> <span class='ocrx_word' id='word_1_120' title='bbox 348 912 548 946; x_wconf 86' lang='lat' dir='ltr'><strong>abrumperem,</strong></span> <span class='ocrx_word' id='word_1_121' title='bbox 559 916 771 944; x_wconf 86' lang='lat' dir='ltr'><strong>sermonemque</strong></span> <span class='ocrx_word' id='word_1_122' title='bbox 783 909 865 935; x_wconf 90' lang='lat' dir='ltr'><strong>alium</strong></span> <span class='ocrx_word' id='word_1_123' title='bbox 881 907 914 934; x_wconf 88' lang='lat' dir='ltr'><strong>ad</strong></span> <span class='ocrx_word' id='word_1_124' title='bbox 924 907 1041 942; x_wconf 89' lang='lat' dir='ltr'><strong>aliquem</strong></span> <span class='ocrx_word' id='word_1_125' title='bbox 1059 898 1080 925; x_wconf 73' lang='grc' dir='ltr'><strong>Β</strong></span> 
     </span>
    </p>
   </div>
   <div class='ocr_carea' id='block_1_21' title="bbox 252 953 1043 990">
    <p class='ocr_par' dir='ltr' id='par_1_21' title="bbox 252 953 1043 990">
     <span class='ocr_line' id='line_1_21' title="bbox 252 953 1043 990; baseline -0.008 -5"><span class='ocrx_word' id='word_1_126' title='bbox 252 966 286 985; x_wconf 79' lang='lat' dir='ltr'><strong>ex</strong></span> <span class='ocrx_word' id='word_1_127' title='bbox 299 959 308 969; x_wconf 81' lang='lat'><strong><em>‘</em></strong></span> <span class='ocrx_word' id='word_1_128' title='bbox 323 958 479 985; x_wconf 84' lang='lat' dir='ltr'><strong>astantibus</strong></span> <span class='ocrx_word' id='word_1_129' title='bbox 513 955 630 988; x_wconf 88' lang='lat' dir='ltr'><strong>ordirer,</strong></span> <span class='ocrx_word' id='word_1_130' title='bbox 662 963 753 982; x_wconf 89' lang='lat' dir='ltr'><strong>annon</strong></span> <span class='ocrx_word' id='word_1_131' title='bbox 771 962 844 990; x_wconf 77' lang='lat' dir='ltr'><strong>:egre</strong></span> <span class='ocrx_word' id='word_1_132' title='bbox 863 954 982 980; x_wconf 89' lang='lat' dir='ltr'><strong>laturum</strong></span> <span class='ocrx_word' id='word_1_133' title='bbox 996 953 1043 987; x_wconf 91' lang='lat' dir='ltr'><strong>ju-</strong></span> 
     </span>
    </p>
   </div>
   <div class='ocr_carea' id='block_1_22' title="bbox 253 999 1043 1038">
    <p class='ocr_par' dir='ltr' id='par_1_22' title="bbox 253 999 1043 1038">
     <span class='ocr_line' id='line_1_22' title="bbox 253 999 1043 1038; baseline -0.008 -7"><span class='ocrx_word' id='word_1_134' title='bbox 253 1004 340 1031; x_wconf 88' lang='lat' dir='ltr'><strong>dicem</strong></span> <span class='ocrx_word' id='word_1_135' title='bbox 356 1007 445 1038; x_wconf 85' lang='lat' dir='ltr'><strong>putas.</strong></span> <span class='ocrx_word' id='word_1_136' title='bbox 460 1010 493 1030; x_wconf 91' lang='lat' dir='ltr'><strong>ac</strong></span> <span class='ocrx_word' id='word_1_137' title='bbox 516 1010 571 1029; x_wconf 90' lang='lat' dir='ltr'><strong>non</strong></span> <span class='ocrx_word' id='word_1_138' title='bbox 593 1002 682 1030; x_wconf 88' lang='lat' dir='ltr'><strong>solum</strong></span> <span class='ocrx_word' id='word_1_139' title='bbox 703 1008 781 1036; x_wconf 82' lang='lat' dir='ltr'><strong>Opem</strong></span> <span class='ocrx_word' id='word_1_140' title='bbox 803 1003 977 1035; x_wconf 76' lang='lat' dir='ltr'><strong>negaturum,</strong></span> <span class='ocrx_word' id='word_1_141' title='bbox 994 999 1043 1026; x_wconf 87' lang='lat' dir='ltr'><strong>sed</strong></span> 
     </span>
    </p>
   </div>
   <div class='ocr_carea' id='block_1_23' title="bbox 252 1043 1044 1083">
    <p class='ocr_par' dir='ltr' id='par_1_23' title="bbox 252 1043 1044 1083">
     <span class='ocr_line' id='line_1_23' title="bbox 252 1043 1044 1083; baseline -0.006 -8"><span class='ocrx_word' id='word_1_142' title='bbox 252 1048 368 1075; x_wconf 88' lang='lat' dir='ltr'><strong>verbera</strong></span> <span class='ocrx_word' id='word_1_143' title='bbox 386 1054 497 1083; x_wconf 87' lang='lat' dir='ltr'><strong>quoque</strong></span> <span class='ocrx_word' id='word_1_144' title='bbox 513 1046 682 1077; x_wconf 81' lang='lat' dir='ltr'><strong>additurum,</strong></span> <span class='ocrx_word' id='word_1_145' title='bbox 697 1049 725 1072; x_wconf 88' lang='lat' dir='ltr'><strong>et</strong></span> <span class='ocrx_word' id='word_1_146' title='bbox 749 1048 826 1072; x_wconf 81' lang='lat' dir='ltr'><strong>extra</strong></span> <span class='ocrx_word' id='word_1_147' title='bbox 840 1044 978 1072; x_wconf 87' lang='lat' dir='ltr'><strong>cancellos</strong></span> <span class='ocrx_word' id='word_1_148' title='bbox 991 1043 1044 1078; x_wconf 90' lang='lat' dir='ltr'><strong>cje-</strong></span> 
     </span>
    </p>
   </div>
   <div class='ocr_carea' id='block_1_24' title="bbox 253 1090 1044 1128">
    <p class='ocr_par' dir='ltr' id='par_1_24' title="bbox 253 1090 1044 1128">
     <span class='ocr_line' id='line_1_24' title="bbox 253 1090 1044 1128; baseline -0.005 -7"><span class='ocrx_word' id='word_1_149' title='bbox 253 1093 384 1121; x_wconf 86' lang='lat' dir='ltr'><strong>cturum?</strong></span> <span class='ocrx_word' id='word_1_150' title='bbox 399 1092 450 1126; x_wconf 87' lang='lat' dir='ltr'><strong>Qui</strong></span> <span class='ocrx_word' id='word_1_151' title='bbox 467 1100 534 1128; x_wconf 75' lang='lat' dir='ltr'><strong>ergo</strong></span> <span class='ocrx_word' id='word_1_152' title='bbox 550 1092 592 1120; x_wconf 83' lang='lat' dir='ltr'><strong>fas</strong></span> <span class='ocrx_word' id='word_1_153' title='bbox 605 1099 770 1126; x_wconf 61' lang='lat' dir='ltr'><strong>aequumque</strong></span> <span class='ocrx_word' id='word_1_154' title='bbox 786 1091 831 1122; x_wconf 83' lang='lat' dir='ltr'><strong>sit,</strong></span> <span class='ocrx_word' id='word_1_155' title='bbox 843 1090 1044 1125; x_wconf 79' lang='lat' dir='ltr'><strong>famulumqui-</strong></span> 
     </span>
    </p>
   </div>
   <div class='ocr_carea' id='block_1_25' title="bbox 252 1135 1044 1174">
    <p class='ocr_par' dir='ltr' id='par_1_25' title="bbox 252 1135 1044 1174">
     <span class='ocr_line' id='line_1_25' title="bbox 252 1135 1044 1174; baseline -0.008 -7"><span class='ocrx_word' id='word_1_156' title='bbox 252 1141 314 1167; x_wconf 87' lang='lat' dir='ltr'><strong>dem</strong></span> <span class='ocrx_word' id='word_1_157' title='bbox 335 1147 399 1174; x_wconf 71' lang='lat' dir='ltr'><strong>erga</strong></span> <span class='ocrx_word' id='word_1_158' title='bbox 429 1138 582 1171; x_wconf 91' lang='lat' dir='ltr'><strong>dominum,</strong></span> <span class='ocrx_word' id='word_1_159' title='bbox 609 1141 637 1164; x_wconf 89' lang='lat' dir='ltr'><strong>et</strong></span> <span class='ocrx_word' id='word_1_160' title='bbox 664 1136 818 1171; x_wconf 76' lang='lat' dir='ltr'><strong>supplicem</strong></span> <span class='ocrx_word' id='word_1_161' title='bbox 849 1135 956 1170; x_wconf 76' lang='lat'><strong>1253</strong></span> <span class='ocrx_word' id='word_1_162' title='bbox 978 1143 1044 1170; x_wconf 73' lang='lat' dir='ltr'><strong>erga</strong></span> 
     </span>
    </p>
   </div>
   <div class='ocr_carea' id='block_1_26' title="bbox 251 1180 1043 1219">
    <p class='ocr_par' dir='ltr' id='par_1_26' title="bbox 251 1180 1043 1219">
     <span class='ocr_line' id='line_1_26' title="bbox 251 1180 1043 1219; baseline -0.005 -8"><span class='ocrx_word' id='word_1_163' title='bbox 251 1185 371 1219; x_wconf 89' lang='lat' dir='ltr'><strong>judicem</strong></span> <span class='ocrx_word' id='word_1_164' title='bbox 389 1185 521 1212; x_wconf 81' lang='lat' dir='ltr'><strong>decenter</strong></span> <span class='ocrx_word' id='word_1_165' title='bbox 546 1191 575 1212; x_wconf 87' lang='lat' dir='ltr'><strong>se</strong></span> <span class='ocrx_word' id='word_1_166' title='bbox 600 1190 712 1218; x_wconf 78' lang='lat' dir='ltr'><strong>gerere:</strong></span> <span class='ocrx_word' id='word_1_167' title='bbox 734 1189 776 1208; x_wconf 82' lang='lat' dir='ltr'><strong>tne</strong></span> <span class='ocrx_word' id='word_1_168' title='bbox 801 1189 864 1208; x_wconf 85' lang='lat' dir='ltr'><strong>vero</strong></span> <span class='ocrx_word' id='word_1_169' title='bbox 884 1181 917 1207; x_wconf 89' lang='lat' dir='ltr'><strong>ad</strong></span> <span class='ocrx_word' id='word_1_170' title='bbox 943 1180 1043 1213; x_wconf 85' lang='lat' dir='ltr'><strong>Deum,</strong></span> 
     </span>
    </p>
   </div>
   <div class='ocr_carea' id='block_1_27' title="bbox 253 1227 1045 1265">
    <p class='ocr_par' dir='ltr' id='par_1_27' title="bbox 253 1227 1045 1265">
     <span class='ocr_line' id='line_1_27' title="bbox 253 1227 1045 1265; baseline -0.004 -9"><span class='ocrx_word' id='word_1_171' title='bbox 253 1231 299 1265; x_wconf 85' lang='lat' dir='ltr'><strong>qui</strong></span> <span class='ocrx_word' id='word_1_172' title='bbox 313 1234 340 1259; x_wconf 89' lang='lat' dir='ltr'><strong>et</strong></span> <span class='ocrx_word' id='word_1_173' title='bbox 356 1231 540 1265; x_wconf 86' lang='lat' dir='ltr'><strong>sempiternus</strong></span> <span class='ocrx_word' id='word_1_174' title='bbox 557 1233 599 1257; x_wconf 84' lang='lat' dir='ltr'><strong>est</strong></span> <span class='ocrx_word' id='word_1_175' title='bbox 615 1229 756 1260; x_wconf 87' lang='lat' dir='ltr'><strong>Dominus,</strong></span> <span class='ocrx_word' id='word_1_176' title='bbox 772 1232 799 1255; x_wconf 89' lang='lat' dir='ltr'><strong>et</strong></span> <span class='ocrx_word' id='word_1_177' title='bbox 816 1227 900 1262; x_wconf 85' lang='lat' dir='ltr'><strong>judex</strong></span> <span class='ocrx_word' id='word_1_178' title='bbox 916 1227 1045 1261; x_wconf 57' lang='lat' dir='ltr'><strong>aequissi-</strong></span> 
     </span>
    </p>
   </div>
   <div class='ocr_carea' id='block_1_28' title="bbox 254 1273 1042 1307">
    <p class='ocr_par' dir='ltr' id='par_1_28' title="bbox 254 1273 1042 1307">
     <span class='ocr_line' id='line_1_28' title="bbox 254 1273 1042 1307; baseline -0.004 -5"><span class='ocrx_word' id='word_1_179' title='bbox 254 1280 361 1307; x_wconf 82' lang='lat' dir='ltr'><strong>mus,et</strong></span> <span class='ocrx_word' id='word_1_180' title='bbox 375 1276 569 1303; x_wconf 83' lang='lat' dir='ltr'><strong>universorum</strong></span> <span class='ocrx_word' id='word_1_181' title='bbox 583 1282 641 1305; x_wconf 83' lang='lat' dir='ltr'><strong>rex.</strong></span> <span class='ocrx_word' id='word_1_182' title='bbox 655 1273 841 1304; x_wconf 85' lang='lat' dir='ltr'><strong>accedentem,</strong></span> <span class='ocrx_word' id='word_1_183' title='bbox 858 1281 891 1300; x_wconf 88' lang='lat' dir='ltr'><strong>ne</strong></span> <span class='ocrx_word' id='word_1_184' title='bbox 900 1273 932 1300; x_wconf 86' lang='lat' dir='ltr'><strong>ad</strong></span> <span class='ocrx_word' id='word_1_185' title='bbox 946 1276 1042 1300; x_wconf 91' lang='lat' dir='ltr'><strong>horum</strong></span> 
     </span>
    </p>
   </div>
   <div class='ocr_carea' id='block_1_29' title="bbox 253 1318 1044 1356">
    <p class='ocr_par' dir='ltr' id='par_1_29' title="bbox 253 1318 1044 1356">
     <span class='ocr_line' id='line_1_29' title="bbox 253 1318 1044 1356; baseline -0.004 -9"><span class='ocrx_word' id='word_1_186' title='bbox 253 1321 364 1356; x_wconf 85' lang='lat' dir='ltr'><strong>quidem</strong></span> <span class='ocrx_word' id='word_1_187' title='bbox 380 1321 536 1355; x_wconf 78' lang='lat' dir='ltr'><strong>exemplum</strong></span> <span class='ocrx_word' id='word_1_188' title='bbox 554 1319 702 1351; x_wconf 82' lang='lat' dir='ltr'><strong>accedere,</strong></span> <span class='ocrx_word' id='word_1_189' title='bbox 723 1318 770 1345; x_wconf 84' lang='lat' dir='ltr'><strong>sed</strong></span> <span class='ocrx_word' id='word_1_190' title='bbox 787 1319 819 1345; x_wconf 84' lang='lat' dir='ltr'><strong>ad</strong></span> <span class='ocrx_word' id='word_1_191' title='bbox 836 1326 986 1345; x_wconf 81' lang='lat' dir='ltr'><strong>conservos</strong></span> <span class='ocrx_word' id='word_1_192' title='bbox 1002 1318 1044 1344; x_wconf 93' lang='lat' dir='ltr'><strong>in-</strong></span> 
     </span>
    </p>
   </div>
   <div class='ocr_carea' id='block_1_30' title="bbox 255 1364 1044 1399">
    <p class='ocr_par' dir='ltr' id='par_1_30' title="bbox 255 1364 1044 1399">
     <span class='ocr_line' id='line_1_30' title="bbox 255 1364 1044 1399; baseline -0.001 -7"><span class='ocrx_word' id='word_1_193' title='bbox 255 1370 297 1394; x_wconf 85' lang='lat' dir='ltr'><strong>Ier</strong></span> <span class='ocrx_word' id='word_1_194' title='bbox 310 1367 446 1394; x_wconf 90' lang='lat' dir='ltr'><strong>orandum</strong></span> <span class='ocrx_word' id='word_1_195' title='bbox 462 1373 505 1394; x_wconf 92' lang='lat' dir='ltr'><strong>me</strong></span> <span class='ocrx_word' id='word_1_196' title='bbox 521 1371 693 1397; x_wconf 85' lang='lat' dir='ltr'><strong>convertere,</strong></span> <span class='ocrx_word' id='word_1_197' title='bbox 708 1369 735 1392; x_wconf 93' lang='lat' dir='ltr'><strong>et</strong></span> <span class='ocrx_word' id='word_1_198' title='bbox 749 1365 858 1399; x_wconf 78' lang='lat' dir='ltr'><strong>longam</strong></span> <span class='ocrx_word' id='word_1_199' title='bbox 882 1364 1044 1392; x_wconf 80' lang='lat' dir='ltr'><strong>confabula-</strong></span> 
     </span>
    </p>
   </div>
   <div class='ocr_carea' id='block_1_31' title="bbox 253 1409 1045 1445">
    <p class='ocr_par' dir='ltr' id='par_1_31' title="bbox 253 1409 1045 1445">
     <span class='ocr_line' id='line_1_31' title="bbox 253 1409 1045 1445; baseline -0.001 -7"><span class='ocrx_word' id='word_1_200' title='bbox 253 1412 356 1440; x_wconf 89' lang='lat' dir='ltr'><strong>tionem</strong></span> <span class='ocrx_word' id='word_1_201' title='bbox 368 1412 480 1440; x_wconf 80' lang='lat' dir='ltr'><strong>terere?</strong></span> <span class='ocrx_word' id='word_1_202' title='bbox 492 1422 501 1438; x_wconf 82' lang='grc'><strong><em>›</em></strong></span> <span class='ocrx_word' id='word_1_203' title='bbox 517 1411 579 1439; x_wconf 76' lang='lat' dir='ltr'><strong>llzec</strong></span> <span class='ocrx_word' id='word_1_204' title='bbox 593 1416 619 1439; x_wconf 89' lang='lat' dir='ltr'><strong>et</strong></span> <span class='ocrx_word' id='word_1_205' title='bbox 633 1411 736 1444; x_wconf 86' lang='lat' dir='ltr'><strong>audivi,</strong></span> <span class='ocrx_word' id='word_1_206' title='bbox 751 1414 778 1438; x_wconf 90' lang='lat' dir='ltr'><strong>et</strong></span> <span class='ocrx_word' id='word_1_207' title='bbox 793 1410 827 1438; x_wconf 89' lang='lat' dir='ltr'><strong>ad</strong></span> <span class='ocrx_word' id='word_1_208' title='bbox 841 1418 890 1438; x_wconf 87' lang='lat' dir='ltr'><strong>eos</strong></span> <span class='ocrx_word' id='word_1_209' title='bbox 902 1410 982 1438; x_wconf 88' lang='lat' dir='ltr'><strong>retttli</strong></span> <span class='ocrx_word' id='word_1_210' title='bbox 997 1409 1045 1445; x_wconf 88' lang='lat' dir='ltr'><strong>qui</strong></span> 
     </span>
    </p>
   </div>
   <div class='ocr_carea' id='block_1_32' title="bbox 254 1456 1045 1493">
    <p class='ocr_par' dir='ltr' id='par_1_32' title="bbox 254 1456 1045 1493">
     <span class='ocr_line' id='line_1_32' title="bbox 254 1456 1045 1493; baseline -0.003 -8"><span class='ocrx_word' id='word_1_211' title='bbox 254 1457 503 1493; x_wconf 87' lang='lat' dir='ltr'><strong>conquerebantur.</strong></span> <span class='ocrx_word' id='word_1_212' title='bbox 521 1458 560 1485; x_wconf 87' lang='lat' dir='ltr'><strong>Ac</strong></span> <span class='ocrx_word' id='word_1_213' title='bbox 572 1457 638 1484; x_wconf 90' lang='lat' dir='ltr'><strong>mihi</strong></span> <span class='ocrx_word' id='word_1_214' title='bbox 651 1457 762 1492; x_wconf 88' lang='lat' dir='ltr'><strong>quidem</strong></span> <span class='ocrx_word' id='word_1_215' title='bbox 777 1457 846 1483; x_wconf 87' lang='lat' dir='ltr'><strong>bene</strong></span> <span class='ocrx_word' id='word_1_216' title='bbox 861 1460 989 1491; x_wconf 87' lang='lat' dir='ltr'><strong>recteque</strong></span> <span class='ocrx_word' id='word_1_217' title='bbox 1003 1456 1045 1483; x_wconf 94' lang='lat' dir='ltr'><strong>di-</strong></span> 
     </span>
    </p>
   </div>
   <div class='ocr_carea' id='block_1_33' title="bbox 254 1501 1044 1538">
    <p class='ocr_par' dir='ltr' id='par_1_33' title="bbox 254 1501 1044 1538">
     <span class='ocr_line' id='line_1_33' title="bbox 254 1501 1044 1538; baseline -0.004 -7"><span class='ocrx_word' id='word_1_218' title='bbox 254 1503 329 1531; x_wconf 77' lang='lat' dir='ltr'><strong>xisse</strong></span> <span class='ocrx_word' id='word_1_219' title='bbox 355 1503 474 1530; x_wconf 88' lang='lat' dir='ltr'><strong>videtur.</strong></span> <span class='ocrx_word' id='word_1_220' title='bbox 496 1502 563 1530; x_wconf 81' lang='lat' dir='ltr'><strong>Nam</strong></span> <span class='ocrx_word' id='word_1_221' title='bbox 590 1507 688 1538; x_wconf 66' lang='lat' dir='ltr'><strong>praater</strong></span> <span class='ocrx_word' id='word_1_222' title='bbox 706 1502 764 1529; x_wconf 67' lang='lat' dir='ltr'><strong>haec</strong></span> <span class='ocrx_word' id='word_1_223' title='bbox 791 1509 852 1536; x_wconf 72' lang='lat' dir='ltr'><strong>quze</strong></span> <span class='ocrx_word' id='word_1_224' title='bbox 872 1501 945 1529; x_wconf 87' lang='lat' dir='ltr'><strong>dicta</strong></span> <span class='ocrx_word' id='word_1_225' title='bbox 968 1505 1044 1534; x_wconf 88' lang='lat' dir='ltr'><strong>sunt,</strong></span> 
     </span>
    </p>
   </div>
   <div class='ocr_carea' id='block_1_34' title="bbox 254 1549 1044 1584">
    <p class='ocr_par' dir='ltr' id='par_1_34' title="bbox 254 1549 1044 1584">
     <span class='ocr_line' id='line_1_34' title="bbox 254 1549 1044 1584; baseline -0.003 -8"><span class='ocrx_word' id='word_1_226' title='bbox 254 1549 397 1584; x_wconf 81' lang='lat' dir='ltr'><strong>proprium</strong></span> <span class='ocrx_word' id='word_1_227' title='bbox 417 1553 460 1576; x_wconf 86' lang='lat' dir='ltr'><strong>est</strong></span> <span class='ocrx_word' id='word_1_228' title='bbox 482 1549 634 1576; x_wconf 83' lang='lat' dir='ltr'><strong>amantium</strong></span> <span class='ocrx_word' id='word_1_229' title='bbox 657 1549 726 1576; x_wconf 86' lang='lat' dir='ltr'><strong>alios</strong></span> <span class='ocrx_word' id='word_1_230' title='bbox 745 1555 842 1576; x_wconf 85' lang='lat' dir='ltr'><strong>omnes</strong></span> <span class='ocrx_word' id='word_1_231' title='bbox 858 1552 1044 1580; x_wconf 88' lang='lat' dir='ltr'><strong>contemnere,</strong></span> 
     </span>
    </p>
   </div>
   <div class='ocr_carea' id='block_1_35' title="bbox 255 1577 1079 1629">
    <p class='ocr_par' dir='ltr' id='par_1_35' title="bbox 255 1577 1079 1629">
     <span class='ocr_line' id='line_1_35' title="bbox 255 1577 1079 1629; baseline 0 -9"><span class='ocrx_word' id='word_1_232' title='bbox 255 1577 283 1620; x_wconf 81' lang='lat' dir='ltr'><strong>in</strong></span> <span class='ocrx_word' id='word_1_233' title='bbox 301 1577 388 1629; x_wconf 75' lang='lat' dir='ltr'><strong>eoque</strong></span> <span class='ocrx_word' id='word_1_234' title='bbox 404 1601 458 1621; x_wconf 93' lang='lat' dir='ltr'><strong>uno</strong></span> <span class='ocrx_word' id='word_1_235' title='bbox 482 1594 584 1621; x_wconf 63' lang='lat' dir='ltr'><strong>haerere</strong></span> <span class='ocrx_word' id='word_1_236' title='bbox 604 1601 685 1628; x_wconf 89' lang='lat' dir='ltr'><strong>quem</strong></span> <span class='ocrx_word' id='word_1_237' title='bbox 701 1597 794 1620; x_wconf 89' lang='lat' dir='ltr'><strong>amant</strong></span> <span class='ocrx_word' id='word_1_238' title='bbox 811 1597 838 1620; x_wconf 88' lang='lat' dir='ltr'><strong>et</strong></span> <span class='ocrx_word' id='word_1_239' title='bbox 853 1592 986 1627; x_wconf 75' lang='lat' dir='ltr'><strong>diligunt,</strong></span> <span class='ocrx_word' id='word_1_240' title='bbox 1004 1577 1046 1620; x_wconf 53' lang='lat' dir='ltr'><strong>at;</strong></span> <span class='ocrx_word' id='word_1_241' title='bbox 1059 1577 1079 1605; x_wconf 63' lang='grc' dir='ltr'>Ο</span> 
     </span>
    </p>
   </div>
   <div class='ocr_carea' id='block_1_36' title="bbox 255 1638 1046 1674">
    <p class='ocr_par' dir='ltr' id='par_1_36' title="bbox 255 1638 1046 1674">
     <span class='ocr_line' id='line_1_36' title="bbox 255 1638 1046 1674; baseline -0.003 -7"><span class='ocrx_word' id='word_1_242' title='bbox 255 1647 309 1674; x_wconf 88' lang='lat' dir='ltr'><strong>que</strong></span> <span class='ocrx_word' id='word_1_243' title='bbox 334 1641 407 1666; x_wconf 92' lang='lat' dir='ltr'><strong>hunc</strong></span> <span class='ocrx_word' id='word_1_244' title='bbox 424 1643 452 1666; x_wconf 86' lang='lat' dir='ltr'><strong>et</strong></span> <span class='ocrx_word' id='word_1_245' title='bbox 475 1643 557 1666; x_wconf 87' lang='lat' dir='ltr'><strong>noctu</strong></span> <span class='ocrx_word' id='word_1_246' title='bbox 580 1639 730 1670; x_wconf 84' lang='lat' dir='ltr'><strong>somniare.</strong></span> <span class='ocrx_word' id='word_1_247' title='bbox 755 1643 782 1666; x_wconf 87' lang='lat' dir='ltr'><strong>et</strong></span> <span class='ocrx_word' id='word_1_248' title='bbox 807 1638 926 1666; x_wconf 90' lang='lat' dir='ltr'><strong>interdiu</strong></span> <span class='ocrx_word' id='word_1_249' title='bbox 952 1638 1046 1665; x_wconf 89' lang='lat' dir='ltr'><strong>animo</strong></span> 
     </span>
    </p>
   </div>
   <div class='ocr_carea' id='block_1_37' title="bbox 255 1684 1044 1720">
    <p class='ocr_par' dir='ltr' id='par_1_37' title="bbox 255 1684 1044 1720">
     <span class='ocr_line' id='line_1_37' title="bbox 255 1684 1044 1720; baseline -0.003 -8"><span class='ocrx_word' id='word_1_250' title='bbox 255 1693 377 1712; x_wconf 80' lang='lat' dir='ltr'><strong>versare.</strong></span> <span class='ocrx_word' id='word_1_251' title='bbox 400 1685 547 1720; x_wconf 87' lang='lat' dir='ltr'><strong>Propterea</strong></span> <span class='ocrx_word' id='word_1_252' title='bbox 570 1692 640 1719; x_wconf 68' lang='lat' dir='ltr'><strong>aegre</strong></span> <span class='ocrx_word' id='word_1_253' title='bbox 663 1684 735 1711; x_wconf 83' lang='lat' dir='ltr'><strong>ferre</strong></span> <span class='ocrx_word' id='word_1_254' title='bbox 756 1684 820 1711; x_wconf 87' lang='lat' dir='ltr'><strong>mihi</strong></span> <span class='ocrx_word' id='word_1_255' title='bbox 843 1684 964 1714; x_wconf 86' lang='lat' dir='ltr'><strong>videtur.</strong></span> <span class='ocrx_word' id='word_1_256' title='bbox 982 1691 1044 1710; x_wconf 94' lang='lat' dir='ltr'><strong>cum</strong></span> 
     </span>
    </p>
   </div>
   <div class='ocr_carea' id='block_1_38' title="bbox 257 1729 1046 1767">
    <p class='ocr_par' dir='ltr' id='par_1_38' title="bbox 257 1729 1046 1767">
     <span class='ocr_line' id='line_1_38' title="bbox 257 1729 1046 1767; baseline -0.003 -9"><span class='ocrx_word' id='word_1_257' title='bbox 257 1732 283 1758; x_wconf 91' lang='lat' dir='ltr'><strong>in</strong></span> <span class='ocrx_word' id='word_1_258' title='bbox 298 1736 388 1767; x_wconf 87' lang='lat' dir='ltr'><strong>optata</strong></span> <span class='ocrx_word' id='word_1_259' title='bbox 402 1731 634 1766; x_wconf 78' lang='lat' dir='ltr'><strong>contemplatione</strong></span> <span class='ocrx_word' id='word_1_260' title='bbox 645 1731 777 1758; x_wconf 84' lang='lat' dir='ltr'><strong>insistens</strong></span> <span class='ocrx_word' id='word_1_261' title='bbox 787 1731 912 1756; x_wconf 80' lang='lat' dir='ltr'><strong>adamata</strong></span> <span class='ocrx_word' id='word_1_262' title='bbox 923 1729 1046 1764; x_wconf 87' lang='lat' dir='ltr'><strong>pulchri-</strong></span> 
     </span>
    </p>
   </div>
   <div class='ocr_carea' id='block_1_39' title="bbox 258 1775 1048 1811">
    <p class='ocr_par' dir='ltr' id='par_1_39' title="bbox 258 1775 1048 1811">
     <span class='ocr_line' id='line_1_39' title="bbox 258 1775 1048 1811; baseline 0 -9"><span class='ocrx_word' id='word_1_263' title='bbox 258 1777 352 1804; x_wconf 83' lang='lat' dir='ltr'><strong>tudine</strong></span> <span class='ocrx_word' id='word_1_264' title='bbox 367 1776 470 1811; x_wconf 83' lang='lat' dir='ltr'><strong>expleri</strong></span> <span class='ocrx_word' id='word_1_265' title='bbox 489 1775 660 1810; x_wconf 89' lang='lat' dir='ltr'><strong>prohibetur.</strong></span> <span class='ocrx_word' id='word_1_266' title='bbox 680 1775 824 1802; x_wconf 84' lang='lat' dir='ltr'><strong>Narrando</strong></span> <span class='ocrx_word' id='word_1_267' title='bbox 851 1775 902 1802; x_wconf 86' lang='lat' dir='ltr'><strong>ista</strong></span> <span class='ocrx_word' id='word_1_268' title='bbox 923 1775 1048 1802; x_wconf 88' lang='lat' dir='ltr'><strong>conscri-</strong></span> 
     </span>
    </p>
   </div>
   <div class='ocr_carea' id='block_1_40' title="bbox 258 1819 1047 1855">
    <p class='ocr_par' dir='ltr' id='par_1_40' title="bbox 258 1819 1047 1855">
     <span class='ocr_line' id='line_1_40' title="bbox 258 1819 1047 1855; baseline -0.005 -5"><span class='ocrx_word' id='word_1_269' title='bbox 258 1822 374 1855; x_wconf 79' lang='lat' dir='ltr'><strong>psimus,</strong></span> <span class='ocrx_word' id='word_1_270' title='bbox 385 1821 515 1848; x_wconf 86' lang='lat' dir='ltr'><strong>brevitati</strong></span> <span class='ocrx_word' id='word_1_271' title='bbox 533 1820 662 1855; x_wconf 82' lang='lat' dir='ltr'><strong>inprimis</strong></span> <span class='ocrx_word' id='word_1_272' title='bbox 675 1820 831 1850; x_wconf 81' lang='lat' dir='ltr'><strong>studentes.</strong></span> <span class='ocrx_word' id='word_1_273' title='bbox 847 1828 880 1847; x_wconf 85' lang='lat' dir='ltr'><strong>ne</strong></span> <span class='ocrx_word' id='word_1_274' title='bbox 890 1819 1047 1854; x_wconf 76' lang='lat' dir='ltr'><strong>prolixitate</strong></span> 
     </span>
    </p>
   </div>
   <div class='ocr_carea' id='block_1_41' title="bbox 258 1865 1046 1900">
    <p class='ocr_par' dir='ltr' id='par_1_41' title="bbox 258 1865 1046 1900">
     <span class='ocr_line' id='line_1_41' title="bbox 258 1865 1046 1900; baseline -0.001 -6"><span class='ocrx_word' id='word_1_275' title='bbox 258 1867 409 1894; x_wconf 74' lang='lat' dir='ltr'><strong>lectoribus</strong></span> <span class='ocrx_word' id='word_1_276' title='bbox 429 1866 509 1893; x_wconf 67' lang='lat' dir='ltr'><strong>taedio</strong></span> <span class='ocrx_word' id='word_1_277' title='bbox 525 1873 661 1893; x_wconf 84' lang='lat' dir='ltr'><strong>essemus.</strong></span> <span class='ocrx_word' id='word_1_278' title='bbox 687 1865 764 1898; x_wconf 86' lang='lat' dir='ltr'><strong>Quod</strong></span> <span class='ocrx_word' id='word_1_279' title='bbox 784 1866 805 1892; x_wconf 87' lang='lat' dir='ltr'><strong>si</strong></span> <span class='ocrx_word' id='word_1_280' title='bbox 822 1869 962 1900; x_wconf 85' lang='lat' dir='ltr'><strong>superstes</strong></span> <span class='ocrx_word' id='word_1_281' title='bbox 983 1865 1046 1893; x_wconf 90' lang='lat' dir='ltr'><strong>huic</strong></span> 
     </span>
    </p>
   </div>
   <div class='ocr_carea' id='block_1_42' title="bbox 257 1911 1046 1947">
    <p class='ocr_par' dir='ltr' id='par_1_42' title="bbox 257 1911 1046 1947">
     <span class='ocr_line' id='line_1_42' title="bbox 257 1911 1046 1947; baseline -0.001 -7"><span class='ocrx_word' id='word_1_282' title='bbox 257 1914 408 1940; x_wconf 78' lang='lat' dir='ltr'><strong>narrationi</strong></span> <span class='ocrx_word' id='word_1_283' title='bbox 429 1913 542 1944; x_wconf 82' lang='lat' dir='ltr'><strong>vixerit,</strong></span> <span class='ocrx_word' id='word_1_284' title='bbox 559 1912 610 1939; x_wconf 90' lang='lat' dir='ltr'><strong>alia</strong></span> <span class='ocrx_word' id='word_1_285' title='bbox 627 1911 755 1940; x_wconf 84' lang='lat' dir='ltr'><strong>videlicet</strong></span> <span class='ocrx_word' id='word_1_286' title='bbox 774 1912 906 1947; x_wconf 60' lang='lat' dir='ltr'><strong>prmclara</strong></span> <span class='ocrx_word' id='word_1_287' title='bbox 923 1911 1046 1940; x_wconf 77' lang='lat' dir='ltr'><strong>facinora</strong></span> 
     </span>
    </p>
   </div>
   <div class='ocr_carea' id='block_1_43' title="bbox 258 1957 1046 1998">
    <p class='ocr_par' dir='ltr' id='par_1_43' title="bbox 258 1957 1046 1998">
     <span class='ocr_line' id='line_1_43' title="bbox 258 1957 1046 1998; baseline 0 -12"><span class='ocrx_word' id='word_1_288' title='bbox 258 1960 400 1998; x_wconf 80' lang='lat' dir='ltr'><strong>prioribus</strong></span> <span class='ocrx_word' id='word_1_289' title='bbox 428 1957 550 1992; x_wconf 86' lang='lat' dir='ltr'><strong>adjiciet,</strong></span> <span class='ocrx_word' id='word_1_290' title='bbox 577 1962 604 1985; x_wconf 87' lang='lat' dir='ltr'><strong>et</strong></span> <span class='ocrx_word' id='word_1_291' title='bbox 632 1959 689 1986; x_wconf 57' lang='lat' dir='ltr'><strong>haec</strong></span> <span class='ocrx_word' id='word_1_292' title='bbox 716 1959 761 1985; x_wconf 84' lang='lat' dir='ltr'><strong>alii</strong></span> <span class='ocrx_word' id='word_1_293' title='bbox 786 1960 972 1987; x_wconf 64' lang='lat' dir='ltr'><strong>conscrilient.</strong></span> <span class='ocrx_word' id='word_1_294' title='bbox 990 1958 1046 1986; x_wconf 83' lang='lat' dir='ltr'><strong>Nos</strong></span> 
     </span>
    </p>
   </div>
   <div class='ocr_carea' id='block_1_44' title="bbox 258 1998 1044 2039">
    <p class='ocr_par' dir='ltr' id='par_1_44' title="bbox 258 1998 1044 2039">
     <span class='ocr_line' id='line_1_44' title="bbox 258 1998 1044 2039; baseline 0.003 -9"><span class='ocrx_word' id='word_1_295' title='bbox 258 2005 328 2031; x_wconf 86' lang='lat' dir='ltr'><strong>enim</strong></span> <span class='ocrx_word' id='word_1_296' title='bbox 344 2005 406 2031; x_wconf 91' lang='lat' dir='ltr'><strong>hinc</strong></span> <span class='ocrx_word' id='word_1_297' title='bbox 426 2004 577 2039; x_wconf 76' lang='lat' dir='ltr'><strong>emigrandi</strong></span> <span class='ocrx_word' id='word_1_298' title='bbox 600 2003 766 2032; x_wconf 85' lang='lat' dir='ltr'><strong>desiderium</strong></span> <span class='ocrx_word' id='word_1_299' title='bbox 793 1998 941 2032; x_wconf 81' lang='lat' dir='ltr'><strong>maximum</strong></span> <span class='ocrx_word' id='word_1_300' title='bbox 960 2010 1044 2032; x_wconf 87' lang='lat' dir='ltr'><strong>tenet.</strong></span> 
     </span>
    </p>
   </div>
   <div class='ocr_carea' id='block_1_45' title="bbox 259 2049 1047 2084">
    <p class='ocr_par' dir='ltr' id='par_1_45' title="bbox 259 2049 1047 2084">
     <span class='ocr_line' id='line_1_45' title="bbox 259 2049 1047 2084; baseline 0.003 -8"><span class='ocrx_word' id='word_1_301' title='bbox 259 2050 371 2077; x_wconf 74' lang='lat' dir='ltr'><strong>Pietatis</strong></span> <span class='ocrx_word' id='word_1_302' title='bbox 395 2053 485 2076; x_wconf 82' lang='lat' dir='ltr'><strong>autem</strong></span> <span class='ocrx_word' id='word_1_303' title='bbox 505 2049 670 2078; x_wconf 85' lang='lat' dir='ltr'><strong>athletarum</strong></span> <span class='ocrx_word' id='word_1_304' title='bbox 689 2051 856 2084; x_wconf 66' lang='lat' dir='ltr'><strong>agonotheta</strong></span> <span class='ocrx_word' id='word_1_305' title='bbox 883 2050 963 2077; x_wconf 79' lang='lat' dir='ltr'><strong>tinem</strong></span> <span class='ocrx_word' id='word_1_306' title='bbox 982 2051 1047 2078; x_wconf 85' lang='lat' dir='ltr'><strong>huic</strong></span> 
     </span>
    </p>
   </div>
   <div class='ocr_carea' id='block_1_46' title="bbox 258 2095 1046 2132">
    <p class='ocr_par' dir='ltr' id='par_1_46' title="bbox 258 2095 1046 2132">
     <span class='ocr_line' id='line_1_46' title="bbox 258 2095 1046 2132; baseline 0 -9"><span class='ocrx_word' id='word_1_307' title='bbox 258 2096 455 2123; x_wconf 76' lang='lat' dir='ltr'><strong>certaminibus</strong></span> <span class='ocrx_word' id='word_1_308' title='bbox 466 2096 576 2130; x_wconf 76' lang='lat' dir='ltr'><strong>dignum</strong></span> <span class='ocrx_word' id='word_1_309' title='bbox 593 2095 706 2129; x_wconf 85' lang='lat' dir='ltr'><strong>tribuat,</strong></span> <span class='ocrx_word' id='word_1_310' title='bbox 716 2101 745 2123; x_wconf 92' lang='lat' dir='ltr'><strong>ut</strong></span> <span class='ocrx_word' id='word_1_311' title='bbox 760 2096 832 2130; x_wconf 90' lang='lat' dir='ltr'><strong>quod</strong></span> <span class='ocrx_word' id='word_1_312' title='bbox 845 2101 970 2132; x_wconf 82' lang='lat' dir='ltr'><strong>superest</strong></span> <span class='ocrx_word' id='word_1_313' title='bbox 981 2104 1046 2123; x_wconf 81' lang='lat' dir='ltr'><strong>eur-</strong></span> 
     </span>
    </p>
   </div>
   <div class='ocr_carea' id='block_1_47' title="bbox 258 2142 1044 2176">
    <p class='ocr_par' dir='ltr' id='par_1_47' title="bbox 258 2142 1044 2176">
     <span class='ocr_line' id='line_1_47' title="bbox 258 2142 1044 2176; baseline 0 -7"><span class='ocrx_word' id='word_1_314' title='bbox 258 2150 307 2169; x_wconf 85' lang='lat' dir='ltr'><strong>sus</strong></span> <span class='ocrx_word' id='word_1_315' title='bbox 324 2142 409 2176; x_wconf 84' lang='lat' dir='ltr'><strong>priori</strong></span> <span class='ocrx_word' id='word_1_316' title='bbox 423 2142 590 2172; x_wconf 84' lang='lat' dir='ltr'><strong>consentiat.</strong></span> <span class='ocrx_word' id='word_1_317' title='bbox 609 2142 751 2176; x_wconf 89' lang='lat' dir='ltr'><strong>victorque</strong></span> <span class='ocrx_word' id='word_1_318' title='bbox 767 2143 875 2169; x_wconf 84' lang='lat' dir='ltr'><strong>tandem</strong></span> <span class='ocrx_word' id='word_1_319' title='bbox 895 2143 928 2170; x_wconf 92' lang='lat' dir='ltr'><strong>ad</strong></span> <span class='ocrx_word' id='word_1_320' title='bbox 946 2147 1044 2169; x_wconf 86' lang='lat' dir='ltr'><strong>metam</strong></span> 
     </span>
    </p>
   </div>
   <div class='ocr_carea' id='block_1_48' title="bbox 259 2188 1047 2222">
    <p class='ocr_par' dir='ltr' id='par_1_48' title="bbox 259 2188 1047 2222">
     <span class='ocr_line' id='line_1_48' title="bbox 259 2188 1047 2222; baseline 0.003 -8"><span class='ocrx_word' id='word_1_321' title='bbox 259 2189 408 2222; x_wconf 85' lang='lat' dir='ltr'><strong>perveniat,</strong></span> <span class='ocrx_word' id='word_1_322' title='bbox 432 2192 459 2214; x_wconf 88' lang='lat' dir='ltr'><strong>et</strong></span> <span class='ocrx_word' id='word_1_323' title='bbox 483 2188 673 2215; x_wconf 78' lang='lat' dir='ltr'><strong>inﬁrmitatem</strong></span> <span class='ocrx_word' id='word_1_324' title='bbox 696 2192 820 2215; x_wconf 88' lang='lat' dir='ltr'><strong>nostram</strong></span> <span class='ocrx_word' id='word_1_325' title='bbox 838 2188 899 2222; x_wconf 87' lang='lat' dir='ltr'><strong>ejus</strong></span> <span class='ocrx_word' id='word_1_326' title='bbox 918 2188 1047 2222; x_wconf 90' lang='lat' dir='ltr'><strong>precibus</strong></span> 
     </span>
    </p>
   </div>
   <div class='ocr_carea' id='block_1_49' title="bbox 258 2232 1048 2265">
    <p class='ocr_par' dir='ltr' id='par_1_49' title="bbox 258 2232 1048 2265">
     <span class='ocr_line' id='line_1_49' title="bbox 258 2232 1048 2265; baseline 0.003 -6"><span class='ocrx_word' id='word_1_327' title='bbox 258 2232 420 2265; x_wconf 76' lang='lat' dir='ltr'><strong>conﬁrmet,</strong></span> <span class='ocrx_word' id='word_1_328' title='bbox 441 2238 470 2260; x_wconf 94' lang='lat' dir='ltr'><strong>ut</strong></span> <span class='ocrx_word' id='word_1_329' title='bbox 495 2233 667 2260; x_wconf 73' lang='lat' dir='ltr'><strong>corroborati</strong></span> <span class='ocrx_word' id='word_1_330' title='bbox 691 2234 793 2260; x_wconf 90' lang='lat' dir='ltr'><strong>multas</strong></span> <span class='ocrx_word' id='word_1_331' title='bbox 820 2233 913 2261; x_wconf 85' lang='lat' dir='ltr'><strong>clades</strong></span> <span class='ocrx_word' id='word_1_332' title='bbox 937 2240 1048 2262; x_wconf 88' lang='lat' dir='ltr'><strong>nostras</strong></span> 
     </span>
    </p>
   </div>
   <div class='ocr_carea' id='block_1_50' title="bbox 259 2279 999 2308">
    <p class='ocr_par' dir='ltr' id='par_1_50' title="bbox 259 2279 999 2308">
     <span class='ocr_line' id='line_1_50' title="bbox 259 2279 999 2308; baseline 0.003 -4"><span class='ocrx_word' id='word_1_333' title='bbox 259 2279 453 2306; x_wconf 77' lang='lat' dir='ltr'><strong>resarciamus.</strong></span> <span class='ocrx_word' id='word_1_334' title='bbox 470 2283 495 2305; x_wconf 85' lang='lat' dir='ltr'><strong>et</strong></span> <span class='ocrx_word' id='word_1_335' title='bbox 510 2286 542 2305; x_wconf 75' lang='lat' dir='ltr'><strong>ex</strong></span> <span class='ocrx_word' id='word_1_336' title='bbox 557 2279 606 2305; x_wconf 90' lang='lat' dir='ltr'><strong>hac</strong></span> <span class='ocrx_word' id='word_1_337' title='bbox 620 2279 673 2306; x_wconf 81' lang='lat' dir='ltr'><strong>vita</strong></span> <span class='ocrx_word' id='word_1_338' title='bbox 686 2280 807 2306; x_wconf 85' lang='lat' dir='ltr'><strong>victores</strong></span> <span class='ocrx_word' id='word_1_339' title='bbox 822 2280 999 2308; x_wconf 86' lang='lat' dir='ltr'><strong>excedamus.</strong></span> 
     </span>
    </p>
   </div>
   <div class='ocr_carea' id='block_1_51' title="bbox 1089 263 1882 301">
    <p class='ocr_par' dir='ltr' id='par_1_51' title="bbox 1089 263 1882 301">
     <span class='ocr_line' id='line_1_51' title="bbox 1089 263 1882 301; baseline -0.009 -7"><span class='ocrx_word' id='word_1_340' title='bbox 1089 276 1161 301; x_wconf 86' lang='grc' dir='ltr'>νους,</span> <span class='ocrx_word' id='word_1_341' title='bbox 1176 268 1286 298; x_wconf 78' lang='grc' dir='ltr'>καὶτοῖς</span> <span class='ocrx_word' id='word_1_342' title='bbox 1301 267 1351 301; x_wconf 81' lang='grc' dir='ltr'>τῆς</span> <span class='ocrx_word' id='word_1_343' title='bbox 1365 266 1414 300; x_wconf 79' lang='grc' dir='ltr'>σῆς</span> <span class='ocrx_word' id='word_1_344' title='bbox 1423 265 1581 300; x_wconf 65' lang='grc' dir='ltr'>φιλοσοφίας</span> <span class='ocrx_word' id='word_1_345' title='bbox 1592 264 1760 299; x_wconf 72' lang='grc' dir='ltr'><strong>διηγήμασιν</strong></span> <span class='ocrx_word' id='word_1_346' title='bbox 1771 263 1882 289; x_wconf 73' lang='grc' dir='ltr'>ἐστιῶν-</span> 
     </span>
    </p>
   </div>
   <div class='ocr_carea' id='block_1_52' title="bbox 1089 308 1882 346">
    <p class='ocr_par' dir='ltr' id='par_1_52' title="bbox 1089 308 1882 346">
     <span class='ocr_line' id='line_1_52' title="bbox 1089 308 1882 346; baseline -0.01 -5"><span class='ocrx_word' id='word_1_347' title='bbox 1089 323 1140 346; x_wconf 72' lang='grc' dir='ltr'><strong>τος</strong></span> <span class='ocrx_word' id='word_1_348' title='bbox 1169 314 1233 345; x_wconf 81' lang='grc' dir='ltr'>τοὺς</span> <span class='ocrx_word' id='word_1_349' title='bbox 1268 311 1443 346; x_wconf 77' lang='grc' dir='ltr'>ἀγνοοῦντας.</span> <span class='ocrx_word' id='word_1_350' title='bbox 1462 311 1492 336; x_wconf 90' lang='lat'><strong>&#39;0</strong></span> <span class='ocrx_word' id='word_1_351' title='bbox 1508 311 1554 343; x_wconf 79' lang='grc' dir='ltr'>δὲ,</span> <span class='ocrx_word' id='word_1_352' title='bbox 1575 320 1585 335; x_wconf 78' lang='lat' dir='ltr'><strong>t</strong></span> <span class='ocrx_word' id='word_1_353' title='bbox 1604 310 1660 336; x_wconf 76' lang='grc' dir='ltr'><strong>Οὐκ</strong></span> <span class='ocrx_word' id='word_1_354' title='bbox 1691 308 1776 336; x_wconf 85' lang='grc' dir='ltr'>ἀλλου</span> <span class='ocrx_word' id='word_1_355' title='bbox 1790 309 1882 343; x_wconf 75' lang='grc' dir='ltr'>χάριν,</span> 
     </span>
    </p>
   </div>
   <div class='ocr_carea' id='block_1_53' title="bbox 1091 353 1884 395">
    <p class='ocr_par' dir='ltr' id='par_1_53' title="bbox 1091 353 1884 395">
     <span class='ocr_line' id='line_1_53' title="bbox 1091 353 1884 395; baseline -0.01 -9"><span class='ocrx_word' id='word_1_356' title='bbox 1091 359 1154 395; x_wconf 70' lang='grc' dir='ltr'>ἔφη,</span> <span class='ocrx_word' id='word_1_357' title='bbox 1168 359 1226 386; x_wconf 84' lang='grc' dir='ltr'>ἀλλ’</span> <span class='ocrx_word' id='word_1_358' title='bbox 1242 357 1361 394; x_wconf 76' lang='grc' dir='ltr'><strong>ἐμαυτοῦ</strong></span> <span class='ocrx_word' id='word_1_359' title='bbox 1384 357 1415 384; x_wconf 87' lang='grc' dir='ltr'><strong>τδ</strong></span> <span class='ocrx_word' id='word_1_360' title='bbox 1441 356 1503 392; x_wconf 77' lang='grc' dir='ltr'>ὅρος</span> <span class='ocrx_word' id='word_1_361' title='bbox 1533 355 1697 390; x_wconf 68' lang='grc' dir='ltr'>κατείληφα.</span> <span class='ocrx_word' id='word_1_362' title='bbox 1723 355 1781 380; x_wconf 81' lang='grc' dir='ltr'><strong>Καὶ</strong></span> <span class='ocrx_word' id='word_1_363' title='bbox 1799 353 1884 380; x_wconf 80' lang='grc' dir='ltr'>πολλά</span> 
     </span>
    </p>
   </div>
   <div class='ocr_carea' id='block_1_54' title="bbox 1090 399 1884 441">
    <p class='ocr_par' dir='ltr' id='par_1_54' title="bbox 1090 399 1884 441">
     <span class='ocr_line' id='line_1_54' title="bbox 1090 399 1884 441; baseline -0.01 -8"><span class='ocrx_word' id='word_1_364' title='bbox 1090 405 1150 433; x_wconf 85' lang='grc' dir='ltr'>λίαν</span> <span class='ocrx_word' id='word_1_365' title='bbox 1165 404 1371 441; x_wconf 80' lang='grc' dir='ltr'><strong>ἁμαρτημάτων</strong></span> <span class='ocrx_word' id='word_1_366' title='bbox 1397 403 1588 438; x_wconf 83' lang='grc' dir='ltr'>περικείμενος</span> <span class='ocrx_word' id='word_1_367' title='bbox 1612 401 1691 435; x_wconf 75' lang='grc' dir='ltr'>ἕλκη,</span> <span class='ocrx_word' id='word_1_368' title='bbox 1707 399 1810 434; x_wconf 72' lang='grc' dir='ltr'>πολλῆς</span> <span class='ocrx_word' id='word_1_369' title='bbox 1824 399 1884 425; x_wconf 78' lang='grc' dir='ltr'>δέο-</span> 
     </span>
    </p>
   </div>
   <div class='ocr_carea' id='block_1_55' title="bbox 1093 445 1885 487">
    <p class='ocr_par' dir='ltr' id='par_1_55' title="bbox 1093 445 1885 487">
     <span class='ocr_line' id='line_1_55' title="bbox 1093 445 1885 487; baseline -0.013 -8"><span class='ocrx_word' id='word_1_370' title='bbox 1093 461 1142 487; x_wconf 87' lang='grc' dir='ltr'><strong>μαι</strong></span> <span class='ocrx_word' id='word_1_371' title='bbox 1167 450 1324 487; x_wconf 80' lang='grc' dir='ltr'>θεραπείας.</span> <span class='ocrx_word' id='word_1_372' title='bbox 1357 450 1413 476; x_wconf 78' lang='grc' dir='ltr'><strong>Καὶ</strong></span> <span class='ocrx_word' id='word_1_373' title='bbox 1442 448 1538 475; x_wconf 87' lang='grc' dir='ltr'>τούτου</span> <span class='ocrx_word' id='word_1_374' title='bbox 1562 447 1653 474; x_wconf 82' lang='grc' dir='ltr'>εἵνεκα</span> <span class='ocrx_word' id='word_1_375' title='bbox 1679 446 1725 472; x_wconf 78' lang='grc' dir='ltr'>τὸν</span> <span class='ocrx_word' id='word_1_376' title='bbox 1747 445 1885 480; x_wconf 71' lang='grc' dir='ltr'>ἡμέτερον</span> 
     </span>
    </p>
   </div>
   <div class='ocr_carea' id='block_1_56' title="bbox 1093 489 1887 532">
    <p class='ocr_par' dir='ltr' id='par_1_56' title="bbox 1093 489 1887 532">
     <span class='ocr_line' id='line_1_56' title="bbox 1093 489 1887 532; baseline -0.01 -8"><span class='ocrx_word' id='word_1_377' title='bbox 1093 498 1211 525; x_wconf 69' lang='grc' dir='ltr'>ἱκετεύω</span> <span class='ocrx_word' id='word_1_378' title='bbox 1240 496 1388 532; x_wconf 81' lang='grc' dir='ltr'>Δεσπότην,</span> <span class='ocrx_word' id='word_1_379' title='bbox 1403 495 1496 530; x_wconf 80' lang='grc' dir='ltr'>ὀρέξαι</span> <span class='ocrx_word' id='word_1_380' title='bbox 1523 502 1567 529; x_wconf 90' lang='grc' dir='ltr'><strong>μοι</strong></span> <span class='ocrx_word' id='word_1_381' title='bbox 1583 492 1618 519; x_wconf 81' lang='grc' dir='ltr'>τὰ</span> <span class='ocrx_word' id='word_1_382' title='bbox 1636 491 1688 527; x_wconf 81' lang='grc' dir='ltr'>τῆς</span> <span class='ocrx_word' id='word_1_383' title='bbox 1708 490 1810 521; x_wconf 84' lang='grc' dir='ltr'>κακίας</span> <span class='ocrx_word' id='word_1_384' title='bbox 1824 489 1887 516; x_wconf 81' lang='grc' dir='ltr'>ἀλε-</span> 
     </span>
    </p>
   </div>
   <div class='ocr_carea' id='block_1_57' title="bbox 1093 536 1887 578">
    <p class='ocr_par' dir='ltr' id='par_1_57' title="bbox 1093 536 1887 578">
     <span class='ocr_line' id='line_1_57' title="bbox 1093 536 1887 578; baseline -0.013 -7"><span class='ocrx_word' id='word_1_385' title='bbox 1093 544 1265 578; x_wconf 78' lang='grc' dir='ltr'>ξιφάρμακα.</span> <span class='ocrx_word' id='word_1_386' title='bbox 1281 541 1343 573; x_wconf 82' lang='grc' dir='ltr'>Πῶς</span> <span class='ocrx_word' id='word_1_387' title='bbox 1358 541 1448 567; x_wconf 83' lang='grc' dir='ltr'><strong>τοίνυν</strong></span> <span class='ocrx_word' id='word_1_388' title='bbox 1464 540 1513 566; x_wconf 83' lang='grc' dir='ltr'>οὐκ</span> <span class='ocrx_word' id='word_1_389' title='bbox 1532 539 1643 570; x_wconf 79' lang='grc' dir='ltr'>ἄτοπον,</span> <span class='ocrx_word' id='word_1_390' title='bbox 1661 538 1709 564; x_wconf 73' lang='grc' dir='ltr'>καὶ</span> <span class='ocrx_word' id='word_1_391' title='bbox 1726 537 1789 563; x_wconf 74' lang='grc' dir='ltr'>λίαν</span> <span class='ocrx_word' id='word_1_392' title='bbox 1807 536 1887 569; x_wconf 75' lang='grc' dir='ltr'>ἀνόη-</span> 
     </span>
    </p>
   </div>
   <div class='ocr_carea' id='block_1_58' title="bbox 1091 583 1886 624">
    <p class='ocr_par' dir='ltr' id='par_1_58' title="bbox 1091 583 1886 624">
     <span class='ocr_line' id='line_1_58' title="bbox 1091 583 1886 624; baseline -0.011 -7"><span class='ocrx_word' id='word_1_393' title='bbox 1091 599 1148 622; x_wconf 86' lang='grc' dir='ltr'>τον,</span> <span class='ocrx_word' id='word_1_394' title='bbox 1164 589 1290 624; x_wconf 78' lang='grc' dir='ltr'>διακόψαι</span> <span class='ocrx_word' id='word_1_395' title='bbox 1317 588 1366 623; x_wconf 81' lang='grc' dir='ltr'>μὲν</span> <span class='ocrx_word' id='word_1_396' title='bbox 1393 587 1438 614; x_wconf 75' lang='grc' dir='ltr'><strong>τὸν</strong></span> <span class='ocrx_word' id='word_1_397' title='bbox 1451 587 1501 622; x_wconf 86' lang='grc' dir='ltr'><strong>τῆς</strong></span> <span class='ocrx_word' id='word_1_398' title='bbox 1517 586 1636 617; x_wconf 80' lang='grc' dir='ltr'><strong>ἱκετείας</strong></span> <span class='ocrx_word' id='word_1_399' title='bbox 1657 584 1766 620; x_wconf 63' lang='grc' dir='ltr'>είρμὺν,</span> <span class='ocrx_word' id='word_1_400' title='bbox 1785 583 1886 617; x_wconf 70' lang='grc' dir='ltr'>μεταξὺ</span> 
     </span>
    </p>
   </div>
   <div class='ocr_carea' id='block_1_59' title="bbox 1092 627 1887 669">
    <p class='ocr_par' dir='ltr' id='par_1_59' title="bbox 1092 627 1887 669">
     <span class='ocr_line' id='line_1_59' title="bbox 1092 627 1887 669; baseline -0.011 -7"><span class='ocrx_word' id='word_1_401' title='bbox 1092 635 1121 663; x_wconf 79' lang='grc' dir='ltr'>δὲ</span> <span class='ocrx_word' id='word_1_402' title='bbox 1146 635 1263 667; x_wconf 81' lang='grc' dir='ltr'><strong>διάλεξιν</strong></span> <span class='ocrx_word' id='word_1_403' title='bbox 1292 634 1360 669; x_wconf 79' lang='grc' dir='ltr'>πρὸς</span> <span class='ocrx_word' id='word_1_404' title='bbox 1392 632 1554 668; x_wconf 82' lang='grc' dir='ltr'><strong>ἀνθρώπους</strong></span> <span class='ocrx_word' id='word_1_405' title='bbox 1570 629 1758 665; x_wconf 79' lang='grc' dir='ltr'>ποιήσασθαι;</span> <span class='ocrx_word' id='word_1_406' title='bbox 1779 629 1812 654; x_wconf 81' lang='lat' dir='ltr'><strong>Et</strong></span> <span class='ocrx_word' id='word_1_407' title='bbox 1831 627 1887 663; x_wconf 75' lang='grc' dir='ltr'><strong>γὰρ</strong></span> 
     </span>
    </p>
   </div>
   <div class='ocr_carea' id='block_1_60' title="bbox 1093 673 1888 716">
    <p class='ocr_par' dir='ltr' id='par_1_60' title="bbox 1093 673 1888 716">
     <span class='ocr_line' id='line_1_60' title="bbox 1093 673 1888 716; baseline -0.013 -8"><span class='ocrx_word' id='word_1_408' title='bbox 1093 682 1202 716; x_wconf 75' lang='grc' dir='ltr'><strong>οἰκέτης</strong></span> <span class='ocrx_word' id='word_1_409' title='bbox 1219 679 1363 715; x_wconf 84' lang='grc' dir='ltr'>ἀνθρώπου</span> <span class='ocrx_word' id='word_1_410' title='bbox 1374 676 1511 713; x_wconf 67' lang='grc' dir='ltr'>ὁμοφυοῦς</span> <span class='ocrx_word' id='word_1_411' title='bbox 1528 675 1686 710; x_wconf 74' lang='grc' dir='ltr'>ἐτύγχανον,</span> <span class='ocrx_word' id='word_1_412' title='bbox 1700 675 1728 700; x_wconf 79' lang='grc' dir='ltr'><strong>έν</strong></span> <span class='ocrx_word' id='word_1_413' title='bbox 1737 674 1766 700; x_wconf 79' lang='grc' dir='ltr'>δὲ</span> <span class='ocrx_word' id='word_1_414' title='bbox 1778 673 1818 708; x_wconf 81' lang='grc' dir='ltr'>τῷ</span> <span class='ocrx_word' id='word_1_415' title='bbox 1838 673 1888 707; x_wconf 70' lang='grc' dir='ltr'>τῆς</span> 
     </span>
    </p>
   </div>
   <div class='ocr_carea' id='block_1_61' title="bbox 1098 720 1890 760">
    <p class='ocr_par' dir='ltr' id='par_1_61' title="bbox 1098 720 1890 760">
     <span class='ocr_line' id='line_1_61' title="bbox 1098 720 1890 760; baseline -0.013 -7"><span class='ocrx_word' id='word_1_416' title='bbox 1098 725 1260 760; x_wconf 82' lang='grc' dir='ltr'>δεσποτικῆς</span> <span class='ocrx_word' id='word_1_417' title='bbox 1270 724 1409 755; x_wconf 79' lang='grc' dir='ltr'>διακονίας</span> <span class='ocrx_word' id='word_1_418' title='bbox 1423 723 1523 757; x_wconf 83' lang='grc' dir='ltr'>καιρῷ,</span> <span class='ocrx_word' id='word_1_419' title='bbox 1531 720 1688 748; x_wconf 84' lang='grc' dir='ltr'>καταλιπὼν</span> <span class='ocrx_word' id='word_1_420' title='bbox 1695 720 1726 746; x_wconf 84' lang='grc' dir='ltr'>τὸ</span> <span class='ocrx_word' id='word_1_421' title='bbox 1739 726 1890 754; x_wconf 79' lang='grc' dir='ltr'>προσενεγ-</span> 
     </span>
    </p>
   </div>
   <div class='ocr_carea' id='block_1_62' title="bbox 1095 764 1890 806">
    <p class='ocr_par' dir='ltr' id='par_1_62' title="bbox 1095 764 1890 806">
     <span class='ocr_line' id='line_1_62' title="bbox 1095 764 1890 806; baseline -0.014 -7"><span class='ocrx_word' id='word_1_422' title='bbox 1095 773 1154 799; x_wconf 83' lang='grc' dir='ltr'><strong>κεῖν</strong></span> <span class='ocrx_word' id='word_1_423' title='bbox 1167 773 1207 803; x_wconf 85' lang='grc' dir='ltr'><strong>είς</strong></span> <span class='ocrx_word' id='word_1_424' title='bbox 1219 770 1344 806; x_wconf 73' lang='grc' dir='ltr'>καιρὸνῆ</span> <span class='ocrx_word' id='word_1_425' title='bbox 1362 768 1435 796; x_wconf 84' lang='grc' dir='ltr'>σιτία</span> <span class='ocrx_word' id='word_1_426' title='bbox 1450 768 1466 803; x_wconf 79' lang='grc' dir='ltr'>ἢ</span> <span class='ocrx_word' id='word_1_427' title='bbox 1483 767 1561 798; x_wconf 73' lang='grc' dir='ltr'>ποσὰ,</span> <span class='ocrx_word' id='word_1_428' title='bbox 1579 766 1647 802; x_wconf 86' lang='grc' dir='ltr'>πρός</span> <span class='ocrx_word' id='word_1_429' title='bbox 1669 773 1730 791; x_wconf 87' lang='grc' dir='ltr'>τινα</span> <span class='ocrx_word' id='word_1_430' title='bbox 1749 764 1805 790; x_wconf 84' lang='grc' dir='ltr'>τῶν</span> <span class='ocrx_word' id='word_1_431' title='bbox 1824 764 1890 798; x_wconf 79' lang='grc' dir='ltr'>ὀμο-</span> 
     </span>
    </p>
   </div>
   <div class='ocr_carea' id='block_1_63' title="bbox 1094 810 1891 851">
    <p class='ocr_par' dir='ltr' id='par_1_63' title="bbox 1094 810 1891 851">
     <span class='ocr_line' id='line_1_63' title="bbox 1094 810 1891 851; baseline -0.014 -6"><span class='ocrx_word' id='word_1_432' title='bbox 1094 818 1195 845; x_wconf 86' lang='grc' dir='ltr'>δούλων</span> <span class='ocrx_word' id='word_1_433' title='bbox 1209 817 1382 851; x_wconf 76' lang='grc' dir='ltr'><strong>ἐποιησάμην</strong></span> <span class='ocrx_word' id='word_1_434' title='bbox 1401 813 1529 846; x_wconf 79' lang='grc' dir='ltr'>διάλεξιν,</span> <span class='ocrx_word' id='word_1_435' title='bbox 1554 812 1638 843; x_wconf 82' lang='grc' dir='ltr'>πόσας</span> <span class='ocrx_word' id='word_1_436' title='bbox 1663 811 1713 837; x_wconf 75' lang='grc' dir='ltr'>οὐκ</span> <span class='ocrx_word' id='word_1_437' title='bbox 1727 810 1761 837; x_wconf 76' lang='grc' dir='ltr'>ἂν</span> <span class='ocrx_word' id='word_1_438' title='bbox 1776 810 1891 840; x_wconf 78' lang='grc' dir='ltr'>δικαίως</span> 
     </span>
    </p>
   </div>
   <div class='ocr_carea' id='block_1_64' title="bbox 1095 854 1892 898">
    <p class='ocr_par' dir='ltr' id='par_1_64' title="bbox 1095 854 1892 898">
     <span class='ocr_line' id='line_1_64' title="bbox 1095 854 1892 898; baseline -0.013 -8"><span class='ocrx_word' id='word_1_439' title='bbox 1095 863 1231 898; x_wconf 76' lang='grc' dir='ltr'><strong>ἐδεξάμην</strong></span> <span class='ocrx_word' id='word_1_440' title='bbox 1243 861 1368 897; x_wconf 81' lang='grc' dir='ltr'>πληγάς;</span> <span class='ocrx_word' id='word_1_441' title='bbox 1388 861 1418 887; x_wconf 80' lang='grc' dir='ltr'><strong>Εἰ</strong></span> <span class='ocrx_word' id='word_1_442' title='bbox 1431 860 1459 886; x_wconf 81' lang='grc' dir='ltr'>δὲ</span> <span class='ocrx_word' id='word_1_443' title='bbox 1476 859 1522 885; x_wconf 72' lang='grc' dir='ltr'>καὶ</span> <span class='ocrx_word' id='word_1_444' title='bbox 1533 858 1644 894; x_wconf 80' lang='grc' dir='ltr'>ἄρχοντι</span> <span class='ocrx_word' id='word_1_445' title='bbox 1658 855 1828 892; x_wconf 81' lang='grc' dir='ltr'>προσελθὼν,</span> <span class='ocrx_word' id='word_1_446' title='bbox 1841 854 1892 880; x_wconf 78' lang='grc' dir='ltr'>καὶ</span> 
     </span>
    </p>
   </div>
   <div class='ocr_carea' id='block_1_65' title="bbox 1094 900 1891 944">
    <p class='ocr_par' dir='ltr' id='par_1_65' title="bbox 1094 900 1891 944">
     <span class='ocr_line' id='line_1_65' title="bbox 1094 900 1891 944; baseline -0.014 -7"><span class='ocrx_word' id='word_1_447' title='bbox 1094 910 1128 944; x_wconf 83' lang='grc' dir='ltr'>ἣν</span> <span class='ocrx_word' id='word_1_448' title='bbox 1144 909 1274 944; x_wconf 79' lang='grc' dir='ltr'>ὑπομένω</span> <span class='ocrx_word' id='word_1_449' title='bbox 1293 907 1369 943; x_wconf 82' lang='grc' dir='ltr'>παρά</span> <span class='ocrx_word' id='word_1_450' title='bbox 1399 914 1473 937; x_wconf 87' lang='grc' dir='ltr'>τινος</span> <span class='ocrx_word' id='word_1_451' title='bbox 1495 903 1673 939; x_wconf 80' lang='grc' dir='ltr'>διηγούμενος</span> <span class='ocrx_word' id='word_1_452' title='bbox 1701 901 1820 930; x_wconf 86' lang='grc' dir='ltr'>ἀδικίαν.</span> <span class='ocrx_word' id='word_1_453' title='bbox 1848 900 1891 926; x_wconf 80' lang='grc' dir='ltr'>δι-</span> 
     </span>
    </p>
   </div>
   <div class='ocr_carea' id='block_1_66' title="bbox 1096 946 1891 990">
    <p class='ocr_par' dir='ltr' id='par_1_66' title="bbox 1096 946 1891 990">
     <span class='ocr_line' id='line_1_66' title="bbox 1096 946 1891 990; baseline -0.013 -8"><span class='ocrx_word' id='word_1_454' title='bbox 1096 955 1182 989; x_wconf 81' lang='grc' dir='ltr'>έκοψα</span> <span class='ocrx_word' id='word_1_455' title='bbox 1197 955 1246 990; x_wconf 83' lang='grc' dir='ltr'>μὲν</span> <span class='ocrx_word' id='word_1_456' title='bbox 1256 955 1285 980; x_wconf 74' lang='grc' dir='ltr'>ὲν</span> <span class='ocrx_word' id='word_1_457' title='bbox 1299 953 1374 988; x_wconf 82' lang='grc' dir='ltr'><strong>μέσῳ</strong></span> <span class='ocrx_word' id='word_1_458' title='bbox 1396 952 1446 987; x_wconf 85' lang='grc' dir='ltr'>τὴν</span> <span class='ocrx_word' id='word_1_459' title='bbox 1469 949 1597 982; x_wconf 81' lang='grc' dir='ltr'>διάλεξιν,</span> <span class='ocrx_word' id='word_1_460' title='bbox 1615 949 1711 980; x_wconf 81' lang='grc' dir='ltr'>ἄλλους</span> <span class='ocrx_word' id='word_1_461' title='bbox 1738 947 1768 974; x_wconf 80' lang='grc' dir='ltr'>δὲ</span> <span class='ocrx_word' id='word_1_462' title='bbox 1793 946 1891 980; x_wconf 78' lang='grc' dir='ltr'><strong>λόγους</strong></span> 
     </span>
    </p>
   </div>
   <div class='ocr_carea' id='block_1_67' title="bbox 1093 991 1891 1035">
    <p class='ocr_par' dir='ltr' id='par_1_67' title="bbox 1093 991 1891 1035">
     <span class='ocr_line' id='line_1_67' title="bbox 1093 991 1891 1035; baseline -0.015 -7"><span class='ocrx_word' id='word_1_463' title='bbox 1093 1001 1170 1032; x_wconf 86' lang='grc' dir='ltr'>τινὰς</span> <span class='ocrx_word' id='word_1_464' title='bbox 1183 999 1251 1035; x_wconf 84' lang='grc' dir='ltr'>πρός</span> <span class='ocrx_word' id='word_1_465' title='bbox 1267 1007 1342 1030; x_wconf 85' lang='grc' dir='ltr'>τινας</span> <span class='ocrx_word' id='word_1_466' title='bbox 1357 997 1411 1024; x_wconf 86' lang='grc' dir='ltr'><strong>τῶν</strong></span> <span class='ocrx_word' id='word_1_467' title='bbox 1427 997 1571 1032; x_wconf 78' lang='grc' dir='ltr'>παρόντων</span> <span class='ocrx_word' id='word_1_468' title='bbox 1593 993 1780 1029; x_wconf 79' lang='grc' dir='ltr'><strong>ἐποιησάμην,</strong></span> <span class='ocrx_word' id='word_1_469' title='bbox 1798 991 1829 1018; x_wconf 77' lang='grc' dir='ltr'>οὔ</span> <span class='ocrx_word' id='word_1_470' title='bbox 1848 999 1891 1017; x_wconf 86' lang='grc' dir='ltr'><strong>σοι</strong></span> 
     </span>
    </p>
   </div>
   <div class='ocr_carea' id='block_1_68' title="bbox 1093 1039 1892 1080">
    <p class='ocr_par' dir='ltr' id='par_1_68' title="bbox 1093 1039 1892 1080">
     <span class='ocr_line' id='line_1_68' title="bbox 1093 1039 1892 1080; baseline -0.015 -6"><span class='ocrx_word' id='word_1_471' title='bbox 1093 1047 1168 1074; x_wconf 80' lang='grc' dir='ltr'>δοκεῖ</span> <span class='ocrx_word' id='word_1_472' title='bbox 1183 1045 1348 1080; x_wconf 80' lang='grc' dir='ltr'>δυσχερᾶναι</span> <span class='ocrx_word' id='word_1_473' title='bbox 1362 1044 1409 1071; x_wconf 78' lang='grc' dir='ltr'><strong>τὸν</strong></span> <span class='ocrx_word' id='word_1_474' title='bbox 1422 1041 1563 1076; x_wconf 83' lang='grc' dir='ltr'>δικαστὴν,</span> <span class='ocrx_word' id='word_1_475' title='bbox 1577 1040 1623 1067; x_wconf 67' lang='grc' dir='ltr'>καὶ</span> <span class='ocrx_word' id='word_1_476' title='bbox 1639 1039 1691 1074; x_wconf 84' lang='grc' dir='ltr'>τῆς</span> <span class='ocrx_word' id='word_1_477' title='bbox 1711 1039 1760 1074; x_wconf 80' lang='grc' dir='ltr'>μὲν</span> <span class='ocrx_word' id='word_1_478' title='bbox 1775 1039 1892 1064; x_wconf 80' lang='grc' dir='ltr'>ἐπικου-</span> 
     </span>
    </p>
   </div>
   <div class='ocr_carea' id='block_1_69' title="bbox 1095 1083 1892 1128">
    <p class='ocr_par' dir='ltr' id='par_1_69' title="bbox 1095 1083 1892 1128">
     <span class='ocr_line' id='line_1_69' title="bbox 1095 1083 1892 1128; baseline -0.014 -9"><span class='ocrx_word' id='word_1_479' title='bbox 1095 1093 1156 1128; x_wconf 90' lang='grc' dir='ltr'>ρίας</span> <span class='ocrx_word' id='word_1_480' title='bbox 1170 1091 1366 1126; x_wconf 80' lang='grc' dir='ltr'>ἀποστερῆσαι,</span> <span class='ocrx_word' id='word_1_481' title='bbox 1390 1088 1547 1124; x_wconf 86' lang='grc' dir='ltr'>προσθεῖναι</span> <span class='ocrx_word' id='word_1_482' title='bbox 1561 1086 1589 1112; x_wconf 81' lang='grc' dir='ltr'>δὲ</span> <span class='ocrx_word' id='word_1_483' title='bbox 1612 1086 1660 1112; x_wconf 78' lang='grc' dir='ltr'>καὶ</span> <span class='ocrx_word' id='word_1_484' title='bbox 1676 1084 1824 1120; x_wconf 80' lang='grc' dir='ltr'>μάστιγας.</span> <span class='ocrx_word' id='word_1_485' title='bbox 1844 1083 1892 1109; x_wconf 67' lang='grc' dir='ltr'>καὶ</span> 
     </span>
    </p>
   </div>
   <div class='ocr_carea' id='block_1_70' title="bbox 1093 1131 1891 1171">
    <p class='ocr_par' dir='ltr' id='par_1_70' title="bbox 1093 1131 1891 1171">
     <span class='ocr_line' id='line_1_70' title="bbox 1093 1131 1891 1171; baseline -0.011 -6"><span class='ocrx_word' id='word_1_486' title='bbox 1093 1139 1148 1164; x_wconf 86' lang='grc' dir='ltr'>τῶν</span> <span class='ocrx_word' id='word_1_487' title='bbox 1166 1137 1311 1171; x_wconf 83' lang='grc' dir='ltr'>κιγκλίδων</span> <span class='ocrx_word' id='word_1_488' title='bbox 1325 1135 1475 1167; x_wconf 77' lang='grc' dir='ltr'>ἀπελάσαις</span> <span class='ocrx_word' id='word_1_489' title='bbox 1492 1134 1554 1165; x_wconf 83' lang='grc' dir='ltr'>Πῶς</span> <span class='ocrx_word' id='word_1_490' title='bbox 1568 1133 1657 1160; x_wconf 86' lang='grc' dir='ltr'>τοίνυν</span> <span class='ocrx_word' id='word_1_491' title='bbox 1672 1133 1756 1163; x_wconf 83' lang='grc' dir='ltr'>ὅσιον,</span> <span class='ocrx_word' id='word_1_492' title='bbox 1771 1131 1891 1166; x_wconf 77' lang='grc' dir='ltr'>δεσπότῃ</span> 
     </span>
    </p>
   </div>
   <div class='ocr_carea' id='block_1_71' title="bbox 1095 1176 1889 1219">
    <p class='ocr_par' dir='ltr' id='par_1_71' title="bbox 1095 1176 1889 1219">
     <span class='ocr_line' id='line_1_71' title="bbox 1095 1176 1889 1219; baseline -0.01 -9"><span class='ocrx_word' id='word_1_493' title='bbox 1095 1184 1145 1219; x_wconf 78' lang='grc' dir='ltr'>μὲν</span> <span class='ocrx_word' id='word_1_494' title='bbox 1159 1184 1205 1210; x_wconf 81' lang='grc' dir='ltr'>τὸν</span> <span class='ocrx_word' id='word_1_495' title='bbox 1218 1182 1338 1217; x_wconf 79' lang='grc' dir='ltr'>οίκέτην,</span> <span class='ocrx_word' id='word_1_496' title='bbox 1350 1182 1398 1208; x_wconf 74' lang='grc' dir='ltr'>καὶ</span> <span class='ocrx_word' id='word_1_497' title='bbox 1409 1181 1523 1216; x_wconf 84' lang='grc' dir='ltr'>δικαστῇ</span> <span class='ocrx_word' id='word_1_498' title='bbox 1546 1179 1593 1206; x_wconf 84' lang='grc' dir='ltr'>τὸν</span> <span class='ocrx_word' id='word_1_499' title='bbox 1614 1178 1718 1213; x_wconf 81' lang='grc' dir='ltr'>ἱκέτην,</span> <span class='ocrx_word' id='word_1_500' title='bbox 1733 1176 1889 1212; x_wconf 75' lang='grc' dir='ltr'>προσηκόν-</span> 
     </span>
    </p>
   </div>
   <div class='ocr_carea' id='block_1_72' title="bbox 1094 1221 1892 1264">
    <p class='ocr_par' dir='ltr' id='par_1_72' title="bbox 1094 1221 1892 1264">
     <span class='ocr_line' id='line_1_72' title="bbox 1094 1221 1892 1264; baseline -0.013 -7"><span class='ocrx_word' id='word_1_501' title='bbox 1094 1239 1148 1261; x_wconf 80' lang='grc' dir='ltr'><strong>τως</strong></span> <span class='ocrx_word' id='word_1_502' title='bbox 1160 1227 1381 1264; x_wconf 73' lang='grc' dir='ltr'>προσφέρεσθαι·</span> <span class='ocrx_word' id='word_1_503' title='bbox 1406 1227 1456 1262; x_wconf 80' lang='grc' dir='ltr'><strong>ἐμὲ</strong></span> <span class='ocrx_word' id='word_1_504' title='bbox 1482 1226 1511 1252; x_wconf 80' lang='grc' dir='ltr'>δὲ</span> <span class='ocrx_word' id='word_1_505' title='bbox 1537 1225 1576 1260; x_wconf 83' lang='grc' dir='ltr'>τῷ</span> <span class='ocrx_word' id='word_1_506' title='bbox 1594 1223 1664 1259; x_wconf 81' lang='grc' dir='ltr'>Θεῷ,</span> <span class='ocrx_word' id='word_1_507' title='bbox 1679 1222 1718 1258; x_wconf 82' lang='grc' dir='ltr'>τῷ</span> <span class='ocrx_word' id='word_1_508' title='bbox 1730 1223 1778 1249; x_wconf 75' lang='grc' dir='ltr'>καὶ</span> <span class='ocrx_word' id='word_1_509' title='bbox 1788 1221 1892 1256; x_wconf 76' lang='grc' dir='ltr'>αἰωνίῳ</span> 
     </span>
    </p>
   </div>
   <div class='ocr_carea' id='block_1_73' title="bbox 1095 1268 1893 1311">
    <p class='ocr_par' dir='ltr' id='par_1_73' title="bbox 1095 1268 1893 1311">
     <span class='ocr_line' id='line_1_73' title="bbox 1095 1268 1893 1311; baseline -0.011 -9"><span class='ocrx_word' id='word_1_510' title='bbox 1095 1275 1229 1311; x_wconf 81' lang='grc' dir='ltr'>Δεσπότῃ,</span> <span class='ocrx_word' id='word_1_511' title='bbox 1243 1274 1291 1301; x_wconf 57' lang='grc' dir='ltr'><strong>καὶ⁸</strong></span> <span class='ocrx_word' id='word_1_512' title='bbox 1301 1273 1417 1308; x_wconf 83' lang='grc' dir='ltr'>δικαστῇ</span> <span class='ocrx_word' id='word_1_513' title='bbox 1441 1271 1613 1306; x_wconf 80' lang='grc' dir='ltr'>δικαιοτάτῳ,</span> <span class='ocrx_word' id='word_1_514' title='bbox 1637 1269 1684 1296; x_wconf 72' lang='grc' dir='ltr'>καὶ</span> <span class='ocrx_word' id='word_1_515' title='bbox 1705 1268 1812 1303; x_wconf 80' lang='grc' dir='ltr'>βασιλεί</span> <span class='ocrx_word' id='word_1_516' title='bbox 1835 1268 1893 1294; x_wconf 77' lang='grc' dir='ltr'><strong>τῶν</strong></span> 
     </span>
    </p>
   </div>
   <div class='ocr_carea' id='block_1_74' title="bbox 1097 1314 1892 1356">
    <p class='ocr_par' dir='ltr' id='par_1_74' title="bbox 1097 1314 1892 1356">
     <span class='ocr_line' id='line_1_74' title="bbox 1097 1314 1892 1356; baseline -0.01 -8"><span class='ocrx_word' id='word_1_517' title='bbox 1097 1321 1227 1349; x_wconf 81' lang='grc' dir='ltr'>ἁπάντων</span> <span class='ocrx_word' id='word_1_518' title='bbox 1260 1319 1424 1356; x_wconf 82' lang='grc' dir='ltr'>προσιόντα,</span> <span class='ocrx_word' id='word_1_519' title='bbox 1455 1317 1522 1353; x_wconf 82' lang='grc' dir='ltr'>μηδὲ</span> <span class='ocrx_word' id='word_1_520' title='bbox 1552 1316 1656 1347; x_wconf 85' lang='grc' dir='ltr'>τούτοις</span> <span class='ocrx_word' id='word_1_521' title='bbox 1691 1314 1892 1350; x_wconf 79' lang='grc' dir='ltr'>παραπλησίως</span> 
     </span>
    </p>
   </div>
   <div class='ocr_carea' id='block_1_75' title="bbox 1097 1359 1892 1401">
    <p class='ocr_par' dir='ltr' id='par_1_75' title="bbox 1097 1359 1892 1401">
     <span class='ocr_line' id='line_1_75' title="bbox 1097 1359 1892 1401; baseline -0.011 -7"><span class='ocrx_word' id='word_1_522' title='bbox 1097 1366 1234 1394; x_wconf 81' lang='grc' dir='ltr'>ποιεῖσθαι</span> <span class='ocrx_word' id='word_1_523' title='bbox 1253 1365 1303 1401; x_wconf 86' lang='grc' dir='ltr'>τὴν</span> <span class='ocrx_word' id='word_1_524' title='bbox 1319 1363 1461 1400; x_wconf 79' lang='grc' dir='ltr'>πρόσοδον,</span> <span class='ocrx_word' id='word_1_525' title='bbox 1474 1362 1542 1389; x_wconf 83' lang='grc' dir='ltr'>ἀλλὰ</span> <span class='ocrx_word' id='word_1_526' title='bbox 1557 1361 1657 1396; x_wconf 76' lang='grc' dir='ltr'>μεταξῦ</span> <span class='ocrx_word' id='word_1_527' title='bbox 1671 1359 1892 1396; x_wconf 79' lang='grc' dir='ltr'>προσευχόμενον</span> 
     </span>
    </p>
   </div>
   <div class='ocr_carea' id='block_1_76' title="bbox 1095 1406 1890 1448">
    <p class='ocr_par' dir='ltr' id='par_1_76' title="bbox 1095 1406 1890 1448">
     <span class='ocr_line' id='line_1_76' title="bbox 1095 1406 1890 1448; baseline -0.01 -9"><span class='ocrx_word' id='word_1_528' title='bbox 1095 1412 1164 1448; x_wconf 76' lang='grc' dir='ltr'>πρὸς</span> <span class='ocrx_word' id='word_1_529' title='bbox 1178 1411 1241 1444; x_wconf 78' lang='grc' dir='ltr'>τοὺς</span> <span class='ocrx_word' id='word_1_530' title='bbox 1253 1409 1413 1445; x_wconf 80' lang='grc' dir='ltr'>ὁμοδούλους</span> <span class='ocrx_word' id='word_1_531' title='bbox 1426 1408 1584 1444; x_wconf 80' lang='grc' dir='ltr'>τρέπεσθαι,</span> <span class='ocrx_word' id='word_1_532' title='bbox 1610 1407 1657 1434; x_wconf 82' lang='grc' dir='ltr'>καὶ</span> <span class='ocrx_word' id='word_1_533' title='bbox 1679 1406 1789 1442; x_wconf 82' lang='grc' dir='ltr'>μακρὰν</span> <span class='ocrx_word' id='word_1_534' title='bbox 1805 1406 1890 1432; x_wconf 83' lang='grc' dir='ltr'>ποιεῖ-</span> 
     </span>
    </p>
   </div>
   <div class='ocr_carea' id='block_1_77' title="bbox 1097 1452 1890 1490">
    <p class='ocr_par' dir='ltr' id='par_1_77' title="bbox 1097 1452 1890 1490">
     <span class='ocr_line' id='line_1_77' title="bbox 1097 1452 1890 1490; baseline -0.009 -6"><span class='ocrx_word' id='word_1_535' title='bbox 1097 1458 1159 1485; x_wconf 85' lang='grc' dir='ltr'>σθαι</span> <span class='ocrx_word' id='word_1_536' title='bbox 1176 1456 1312 1490; x_wconf 82' lang='grc' dir='ltr'>διάλεξιν;</span> <span class='ocrx_word' id='word_1_537' title='bbox 1331 1466 1340 1482; x_wconf 75' lang='grc' dir='ltr'><strong>ι</strong></span> <span class='ocrx_word' id='word_1_538' title='bbox 1360 1455 1452 1482; x_wconf 78' lang='grc' dir='ltr'>Ταῦτα</span> <span class='ocrx_word' id='word_1_539' title='bbox 1475 1455 1522 1481; x_wconf 77' lang='grc' dir='ltr'>καὶ</span> <span class='ocrx_word' id='word_1_540' title='bbox 1549 1454 1664 1489; x_wconf 74' lang='grc' dir='ltr'>ηκουσα,</span> <span class='ocrx_word' id='word_1_541' title='bbox 1681 1452 1811 1487; x_wconf 76' lang='grc' dir='ltr'>καὶπρὸς</span> <span class='ocrx_word' id='word_1_542' title='bbox 1827 1452 1890 1482; x_wconf 73' lang='grc' dir='ltr'>τοὺς</span> 
     </span>
    </p>
   </div>
   <div class='ocr_carea' id='block_1_78' title="bbox 1096 1497 1890 1539">
    <p class='ocr_par' dir='ltr' id='par_1_78' title="bbox 1096 1497 1890 1539">
     <span class='ocr_line' id='line_1_78' title="bbox 1096 1497 1890 1539; baseline -0.01 -8"><span class='ocrx_word' id='word_1_543' title='bbox 1096 1503 1314 1539; x_wconf 80' lang='grc' dir='ltr'>δυσχεράναντας</span> <span class='ocrx_word' id='word_1_544' title='bbox 1331 1501 1542 1536; x_wconf 81' lang='grc' dir='ltr'>διεπόρθμευσα.</span> <span class='ocrx_word' id='word_1_545' title='bbox 1559 1499 1614 1526; x_wconf 73' lang='grc' dir='ltr'><strong>Καὶ</strong></span> <span class='ocrx_word' id='word_1_546' title='bbox 1626 1497 1656 1526; x_wconf 88' lang='grc' dir='ltr'>εὖ</span> <span class='ocrx_word' id='word_1_547' title='bbox 1675 1507 1720 1534; x_wconf 88' lang='grc' dir='ltr'><strong>μοι</strong></span> <span class='ocrx_word' id='word_1_548' title='bbox 1735 1498 1783 1524; x_wconf 81' lang='grc' dir='ltr'>καὶ</span> <span class='ocrx_word' id='word_1_549' title='bbox 1802 1497 1890 1528; x_wconf 76' lang='grc' dir='ltr'>καλῶς</span> 
     </span>
    </p>
   </div>
   <div class='ocr_carea' id='block_1_79' title="bbox 1097 1543 1891 1585">
    <p class='ocr_par' dir='ltr' id='par_1_79' title="bbox 1097 1543 1891 1585">
     <span class='ocr_line' id='line_1_79' title="bbox 1097 1543 1891 1585; baseline -0.009 -9"><span class='ocrx_word' id='word_1_550' title='bbox 1097 1549 1239 1585; x_wconf 78' lang='grc' dir='ltr'>εἰρηκέναι</span> <span class='ocrx_word' id='word_1_551' title='bbox 1252 1548 1335 1575; x_wconf 85' lang='grc' dir='ltr'>δοκεῖ.</span> <span class='ocrx_word' id='word_1_552' title='bbox 1365 1547 1435 1583; x_wconf 79' lang='grc' dir='ltr'>Πρὸς</span> <span class='ocrx_word' id='word_1_553' title='bbox 1450 1547 1505 1581; x_wconf 79' lang='grc' dir='ltr'><strong>γὰρ</strong></span> <span class='ocrx_word' id='word_1_554' title='bbox 1519 1543 1552 1572; x_wconf 72' lang='grc' dir='ltr'>αὖ</span> <span class='ocrx_word' id='word_1_555' title='bbox 1573 1546 1630 1577; x_wconf 85' lang='grc' dir='ltr'>τοῖς</span> <span class='ocrx_word' id='word_1_556' title='bbox 1654 1545 1823 1582; x_wconf 75' lang='grc' dir='ltr'>εἰρημένοις.</span> <span class='ocrx_word' id='word_1_557' title='bbox 1844 1544 1891 1570; x_wconf 69' lang='grc' dir='ltr'>καὶ</span> 
     </span>
    </p>
   </div>
   <div class='ocr_carea' id='block_1_80' title="bbox 1097 1589 1890 1628">
    <p class='ocr_par' dir='ltr' id='par_1_80' title="bbox 1097 1589 1890 1628">
     <span class='ocr_line' id='line_1_80' title="bbox 1097 1589 1890 1628; baseline -0.01 -6"><span class='ocrx_word' id='word_1_558' title='bbox 1097 1595 1161 1622; x_wconf 76' lang='grc' dir='ltr'>[διον</span> <span class='ocrx_word' id='word_1_559' title='bbox 1171 1593 1225 1621; x_wconf 86' lang='grc' dir='ltr'><strong>τῶν</strong></span> <span class='ocrx_word' id='word_1_560' title='bbox 1238 1592 1373 1628; x_wconf 73' lang='grc' dir='ltr'>ἐρώντων,</span> <span class='ocrx_word' id='word_1_561' title='bbox 1387 1592 1496 1619; x_wconf 81' lang='grc' dir='ltr'>πάντων</span> <span class='ocrx_word' id='word_1_562' title='bbox 1512 1591 1563 1626; x_wconf 78' lang='grc' dir='ltr'>μὲν</span> <span class='ocrx_word' id='word_1_563' title='bbox 1572 1589 1625 1616; x_wconf 84' lang='grc' dir='ltr'><strong>τῶν</strong></span> <span class='ocrx_word' id='word_1_564' title='bbox 1638 1589 1726 1616; x_wconf 79' lang='grc' dir='ltr'>ἄλλων</span> <span class='ocrx_word' id='word_1_565' title='bbox 1741 1589 1890 1624; x_wconf 73' lang='grc' dir='ltr'>ὑπερορᾷν,</span> 
     </span>
    </p>
   </div>
   <div class='ocr_carea' id='block_1_81' title="bbox 1098 1633 1889 1674">
    <p class='ocr_par' dir='ltr' id='par_1_81' title="bbox 1098 1633 1889 1674">
     <span class='ocr_line' id='line_1_81' title="bbox 1098 1633 1889 1674; baseline -0.01 -8"><span class='ocrx_word' id='word_1_566' title='bbox 1098 1640 1195 1674; x_wconf 75' lang='grc' dir='ltr'>ἐκείνῳ</span> <span class='ocrx_word' id='word_1_567' title='bbox 1205 1638 1233 1665; x_wconf 84' lang='grc' dir='ltr'>δὲ</span> <span class='ocrx_word' id='word_1_568' title='bbox 1250 1637 1476 1672; x_wconf 83' lang='grc' dir='ltr'>προστετηκέναι,</span> <span class='ocrx_word' id='word_1_569' title='bbox 1494 1635 1523 1661; x_wconf 77' lang='grc' dir='ltr'>ὃν</span> <span class='ocrx_word' id='word_1_570' title='bbox 1543 1634 1649 1669; x_wconf 78' lang='grc' dir='ltr'>φιλοῦσι</span> <span class='ocrx_word' id='word_1_571' title='bbox 1663 1634 1711 1661; x_wconf 73' lang='grc' dir='ltr'>καὶ</span> <span class='ocrx_word' id='word_1_572' title='bbox 1728 1633 1889 1668; x_wconf 80' lang='grc' dir='ltr'>στέργουσι·</span> 
     </span>
    </p>
   </div>
   <div class='ocr_carea' id='block_1_82' title="bbox 1099 1681 1892 1719">
    <p class='ocr_par' dir='ltr' id='par_1_82' title="bbox 1099 1681 1892 1719">
     <span class='ocr_line' id='line_1_82' title="bbox 1099 1681 1892 1719; baseline -0.009 -7"><span class='ocrx_word' id='word_1_573' title='bbox 1099 1685 1145 1712; x_wconf 76' lang='grc' dir='ltr'><strong>καὶ</strong></span> <span class='ocrx_word' id='word_1_574' title='bbox 1162 1684 1256 1711; x_wconf 81' lang='grc' dir='ltr'>τοῦτον</span> <span class='ocrx_word' id='word_1_575' title='bbox 1269 1683 1378 1719; x_wconf 84' lang='grc' dir='ltr'>νύκτωρ</span> <span class='ocrx_word' id='word_1_576' title='bbox 1409 1682 1607 1718; x_wconf 80' lang='grc' dir='ltr'>ὀνειροπολεῖν,</span> <span class='ocrx_word' id='word_1_577' title='bbox 1638 1681 1685 1708; x_wconf 72' lang='grc' dir='ltr'>καὶ</span> <span class='ocrx_word' id='word_1_578' title='bbox 1702 1681 1762 1715; x_wconf 80' lang='grc' dir='ltr'>μεθ’</span> <span class='ocrx_word' id='word_1_579' title='bbox 1785 1681 1892 1715; x_wconf 77' lang='grc' dir='ltr'>ἡμέραν</span> 
     </span>
    </p>
   </div>
   <div class='ocr_carea' id='block_1_83' title="bbox 1100 1725 1892 1766">
    <p class='ocr_par' dir='ltr' id='par_1_83' title="bbox 1100 1725 1892 1766">
     <span class='ocr_line' id='line_1_83' title="bbox 1100 1725 1892 1766; baseline -0.009 -9"><span class='ocrx_word' id='word_1_580' title='bbox 1100 1729 1295 1766; x_wconf 78' lang='grc' dir='ltr'>φαντάζεσθαι.</span> <span class='ocrx_word' id='word_1_581' title='bbox 1315 1727 1366 1754; x_wconf 87' lang='grc' dir='ltr'>Διά</span> <span class='ocrx_word' id='word_1_582' title='bbox 1393 1727 1473 1754; x_wconf 82' lang='grc' dir='ltr'>τοῦτό</span> <span class='ocrx_word' id='word_1_583' title='bbox 1490 1735 1534 1762; x_wconf 86' lang='grc' dir='ltr'><strong>μοι</strong></span> <span class='ocrx_word' id='word_1_584' title='bbox 1565 1725 1751 1761; x_wconf 84' lang='grc' dir='ltr'>δυσχεραίνειν</span> <span class='ocrx_word' id='word_1_585' title='bbox 1761 1725 1845 1755; x_wconf 83' lang='grc' dir='ltr'>δοκεῖ,</span> <span class='ocrx_word' id='word_1_586' title='bbox 1864 1726 1892 1751; x_wconf 73' lang='grc' dir='ltr'>ἐν</span> 
     </span>
    </p>
   </div>
   <div class='ocr_carea' id='block_1_84' title="bbox 1099 1771 1894 1813">
    <p class='ocr_par' dir='ltr' id='par_1_84' title="bbox 1099 1771 1894 1813">
     <span class='ocr_line' id='line_1_84' title="bbox 1099 1771 1894 1813; baseline -0.008 -10"><span class='ocrx_word' id='word_1_587' title='bbox 1099 1778 1132 1813; x_wconf 84' lang='grc' dir='ltr'><strong>τῇ</strong></span> <span class='ocrx_word' id='word_1_588' title='bbox 1146 1775 1302 1812; x_wconf 78' lang='grc' dir='ltr'>ποθουμένῃ</span> <span class='ocrx_word' id='word_1_589' title='bbox 1321 1775 1369 1810; x_wconf 80' lang='grc' dir='ltr'>μὲν</span> <span class='ocrx_word' id='word_1_590' title='bbox 1401 1775 1503 1810; x_wconf 79' lang='grc' dir='ltr'>θεωρία</span> <span class='ocrx_word' id='word_1_591' title='bbox 1529 1773 1687 1807; x_wconf 80' lang='grc' dir='ltr'>γενόμενος,</span> <span class='ocrx_word' id='word_1_592' title='bbox 1701 1771 1894 1806; x_wconf 74' lang='grc' dir='ltr'>ἐμπλησθῆναι</span> 
     </span>
    </p>
   </div>
   <div class='ocr_carea' id='block_1_85' title="bbox 1100 1817 1894 1857">
    <p class='ocr_par' dir='ltr' id='par_1_85' title="bbox 1100 1817 1894 1857">
     <span class='ocr_line' id='line_1_85' title="bbox 1100 1817 1894 1857; baseline -0.009 -8"><span class='ocrx_word' id='word_1_593' title='bbox 1100 1823 1130 1850; x_wconf 71' lang='grc' dir='ltr'>δὲ</span> <span class='ocrx_word' id='word_1_594' title='bbox 1140 1822 1186 1849; x_wconf 86' lang='grc' dir='ltr'>τοῦ</span> <span class='ocrx_word' id='word_1_595' title='bbox 1195 1822 1348 1857; x_wconf 75' lang='grc' dir='ltr'>ὲπεράστου</span> <span class='ocrx_word' id='word_1_596' title='bbox 1365 1820 1534 1855; x_wconf 77' lang='grc' dir='ltr'>κωλυόμενος</span> <span class='ocrx_word' id='word_1_597' title='bbox 1550 1818 1675 1848; x_wconf 79' lang='grc' dir='ltr'>κάλλους.</span> <span class='ocrx_word' id='word_1_598' title='bbox 1688 1817 1782 1843; x_wconf 79' lang='grc' dir='ltr'>Ταῦτα</span> <span class='ocrx_word' id='word_1_599' title='bbox 1797 1817 1894 1851; x_wconf 85' lang='grc' dir='ltr'>διηγη-</span> 
     </span>
    </p>
   </div>
   <div class='ocr_carea' id='block_1_86' title="bbox 1103 1864 1894 1904">
    <p class='ocr_par' dir='ltr' id='par_1_86' title="bbox 1103 1864 1894 1904">
     <span class='ocr_line' id='line_1_86' title="bbox 1103 1864 1894 1904; baseline -0.01 -8"><span class='ocrx_word' id='word_1_600' title='bbox 1103 1868 1225 1904; x_wconf 81' lang='grc' dir='ltr'>ματικῶς</span> <span class='ocrx_word' id='word_1_601' title='bbox 1242 1867 1463 1902; x_wconf 68' lang='grc' dir='ltr'>συνεγράψαμεν,</span> <span class='ocrx_word' id='word_1_602' title='bbox 1475 1865 1574 1900; x_wconf 84' lang='grc' dir='ltr'>κομιδῇ</span> <span class='ocrx_word' id='word_1_603' title='bbox 1586 1864 1636 1899; x_wconf 76' lang='grc' dir='ltr'>τῆς</span> <span class='ocrx_word' id='word_1_604' title='bbox 1653 1864 1800 1897; x_wconf 79' lang='grc' dir='ltr'>συντομίας</span> <span class='ocrx_word' id='word_1_605' title='bbox 1811 1871 1894 1897; x_wconf 65' lang='grc' dir='ltr'>φρον-</span> 
     </span>
    </p>
   </div>
   <div class='ocr_carea' id='block_1_87' title="bbox 1100 1908 1895 1948">
    <p class='ocr_par' dir='ltr' id='par_1_87' title="bbox 1100 1908 1895 1948">
     <span class='ocr_line' id='line_1_87' title="bbox 1100 1908 1895 1948; baseline -0.01 -7"><span class='ocrx_word' id='word_1_606' title='bbox 1100 1915 1235 1946; x_wconf 77' lang='grc' dir='ltr'>τίσαντες,</span> <span class='ocrx_word' id='word_1_607' title='bbox 1252 1913 1295 1940; x_wconf 83' lang='grc' dir='ltr'>ἵνα</span> <span class='ocrx_word' id='word_1_608' title='bbox 1313 1912 1350 1948; x_wconf 82' lang='grc' dir='ltr'>μὴ</span> <span class='ocrx_word' id='word_1_609' title='bbox 1361 1912 1400 1947; x_wconf 84' lang='grc' dir='ltr'>τῷ</span> <span class='ocrx_word' id='word_1_610' title='bbox 1419 1912 1501 1947; x_wconf 86' lang='grc' dir='ltr'>μήκει</span> <span class='ocrx_word' id='word_1_611' title='bbox 1512 1912 1575 1942; x_wconf 87' lang='grc' dir='ltr'>τοὺς</span> <span class='ocrx_word' id='word_1_612' title='bbox 1592 1909 1807 1944; x_wconf 74' lang='grc' dir='ltr'>ἐντυγχάνοντας</span> <span class='ocrx_word' id='word_1_613' title='bbox 1824 1908 1895 1934; x_wconf 82' lang='grc' dir='ltr'>ἀπο-</span> 
     </span>
    </p>
   </div>
   <div class='ocr_carea' id='block_1_88' title="bbox 1100 1953 1895 1993">
    <p class='ocr_par' dir='ltr' id='par_1_88' title="bbox 1100 1953 1895 1993">
     <span class='ocr_line' id='line_1_88' title="bbox 1100 1953 1895 1993; baseline -0.01 -7"><span class='ocrx_word' id='word_1_614' title='bbox 1100 1959 1264 1993; x_wconf 87' lang='grc' dir='ltr'>κναίσωμεν.</span> <span class='ocrx_word' id='word_1_615' title='bbox 1281 1958 1313 1984; x_wconf 87' lang='grc' dir='ltr'><strong>Εί</strong></span> <span class='ocrx_word' id='word_1_616' title='bbox 1333 1957 1361 1983; x_wconf 79' lang='grc' dir='ltr'>δὲ</span> <span class='ocrx_word' id='word_1_617' title='bbox 1383 1957 1429 1983; x_wconf 79' lang='grc' dir='ltr'>καὶ</span> <span class='ocrx_word' id='word_1_618' title='bbox 1455 1955 1573 1990; x_wconf 72' lang='grc' dir='ltr'>ὲπιῆιῴη</span> <span class='ocrx_word' id='word_1_619' title='bbox 1590 1954 1658 1989; x_wconf 83' lang='grc' dir='ltr'>τῷδε</span> <span class='ocrx_word' id='word_1_620' title='bbox 1688 1953 1728 1988; x_wconf 82' lang='grc' dir='ltr'>τῷ</span> <span class='ocrx_word' id='word_1_621' title='bbox 1744 1953 1895 1987; x_wconf 76' lang='grc' dir='ltr'>διηγήματι</span> 
     </span>
    </p>
   </div>
   <div class='ocr_carea' id='block_1_89' title="bbox 1100 1992 1894 2041">
    <p class='ocr_par' dir='ltr' id='par_1_89' title="bbox 1100 1992 1894 2041">
     <span class='ocr_line' id='line_1_89' title="bbox 1100 1992 1894 2041; baseline -0.011 -9"><span class='ocrx_word' id='word_1_622' title='bbox 1100 1992 1211 2041; x_wconf 63' lang='grc' dir='ltr'>χρόνον,</span> <span class='ocrx_word' id='word_1_623' title='bbox 1243 2003 1292 2030; x_wconf 76' lang='grc' dir='ltr'>καὶ</span> <span class='ocrx_word' id='word_1_624' title='bbox 1317 1992 1384 2030; x_wconf 78' lang='grc' dir='ltr'>ἄλλα</span> <span class='ocrx_word' id='word_1_625' title='bbox 1419 2002 1503 2036; x_wconf 85' lang='grc' dir='ltr'>μυρία</span> <span class='ocrx_word' id='word_1_626' title='bbox 1528 2000 1662 2035; x_wconf 82' lang='grc' dir='ltr'>δήπουθεν</span> <span class='ocrx_word' id='word_1_627' title='bbox 1691 1998 1894 2033; x_wconf 82' lang='grc' dir='ltr'>κατορθώματα</span> 
     </span>
    </p>
   </div>
   <div class='ocr_carea' id='block_1_90' title="bbox 1099 2043 1896 2085">
    <p class='ocr_par' dir='ltr' id='par_1_90' title="bbox 1099 2043 1896 2085">
     <span class='ocr_line' id='line_1_90' title="bbox 1099 2043 1896 2085; baseline -0.011 -8"><span class='ocrx_word' id='word_1_628' title='bbox 1099 2052 1155 2082; x_wconf 81' lang='grc' dir='ltr'>τοῖς</span> <span class='ocrx_word' id='word_1_629' title='bbox 1166 2049 1309 2085; x_wconf 81' lang='grc' dir='ltr'>προτέροις</span> <span class='ocrx_word' id='word_1_630' title='bbox 1320 2047 1479 2082; x_wconf 77' lang='grc' dir='ltr'>προσθήσει,</span> <span class='ocrx_word' id='word_1_631' title='bbox 1507 2045 1554 2072; x_wconf 80' lang='grc' dir='ltr'>καὶ</span> <span class='ocrx_word' id='word_1_632' title='bbox 1574 2043 1764 2079; x_wconf 73' lang='grc' dir='ltr'>συγγράψουσι</span> <span class='ocrx_word' id='word_1_633' title='bbox 1779 2043 1896 2069; x_wconf 75' lang='grc' dir='ltr'>κάκεῖνα</span> 
     </span>
    </p>
   </div>
   <div class='ocr_carea' id='block_1_91' title="bbox 1098 2090 1895 2132">
    <p class='ocr_par' dir='ltr' id='par_1_91' title="bbox 1098 2090 1895 2132">
     <span class='ocr_line' id='line_1_91' title="bbox 1098 2090 1895 2132; baseline -0.011 -9"><span class='ocrx_word' id='word_1_634' title='bbox 1098 2097 1197 2132; x_wconf 72' lang='grc' dir='ltr'>ἕτεροι.</span> <span class='ocrx_word' id='word_1_635' title='bbox 1217 2096 1298 2130; x_wconf 86' lang='grc' dir='ltr'>Ἡμῖν</span> <span class='ocrx_word' id='word_1_636' title='bbox 1310 2095 1364 2129; x_wconf 82' lang='grc' dir='ltr'><strong>γὰρ</strong></span> <span class='ocrx_word' id='word_1_637' title='bbox 1375 2095 1424 2129; x_wconf 81' lang='grc' dir='ltr'>τῆς</span> <span class='ocrx_word' id='word_1_638' title='bbox 1434 2092 1559 2119; x_wconf 78' lang='grc' dir='ltr'>ἐντεῦθεν</span> <span class='ocrx_word' id='word_1_639' title='bbox 1575 2091 1709 2126; x_wconf 73' lang='grc' dir='ltr'>ἐκδημίας</span> <span class='ocrx_word' id='word_1_640' title='bbox 1734 2090 1816 2121; x_wconf 73' lang='grc' dir='ltr'>πόθος</span> <span class='ocrx_word' id='word_1_641' title='bbox 1845 2097 1895 2115; x_wconf 80' lang='grc' dir='ltr'><strong>πο-</strong></span> 
     </span>
    </p>
   </div>
   <div class='ocr_carea' id='block_1_92' title="bbox 1101 2134 1895 2174">
    <p class='ocr_par' dir='ltr' id='par_1_92' title="bbox 1101 2134 1895 2174">
     <span class='ocr_line' id='line_1_92' title="bbox 1101 2134 1895 2174; baseline -0.011 -5"><span class='ocrx_word' id='word_1_642' title='bbox 1101 2143 1161 2174; x_wconf 87' lang='grc' dir='ltr'>λύς.</span> <span class='ocrx_word' id='word_1_643' title='bbox 1184 2142 1212 2168; x_wconf 88' lang='grc'><strong>’0</strong></span> <span class='ocrx_word' id='word_1_644' title='bbox 1231 2141 1259 2167; x_wconf 83' lang='grc' dir='ltr'>δὲ</span> <span class='ocrx_word' id='word_1_645' title='bbox 1283 2140 1337 2166; x_wconf 82' lang='grc' dir='ltr'>τῶν</span> <span class='ocrx_word' id='word_1_646' title='bbox 1350 2139 1400 2173; x_wconf 78' lang='grc' dir='ltr'>τῆς</span> <span class='ocrx_word' id='word_1_647' title='bbox 1417 2138 1560 2169; x_wconf 69' lang='grc' dir='ltr'>εὐσεϐείας</span> <span class='ocrx_word' id='word_1_648' title='bbox 1580 2136 1705 2170; x_wconf 81' lang='grc' dir='ltr'>ἀθλητῶν</span> <span class='ocrx_word' id='word_1_649' title='bbox 1722 2134 1895 2169; x_wconf 70' lang='grc' dir='ltr'>ἀγωνοθέτης</span> 
     </span>
    </p>
   </div>
   <div class='ocr_carea' id='block_1_93' title="bbox 1101 2180 1892 2221">
    <p class='ocr_par' dir='ltr' id='par_1_93' title="bbox 1101 2180 1892 2221">
     <span class='ocr_line' id='line_1_93' title="bbox 1101 2180 1892 2221; baseline -0.013 -6"><span class='ocrx_word' id='word_1_650' title='bbox 1101 2189 1148 2215; x_wconf 78' lang='grc' dir='ltr'>καὶ</span> <span class='ocrx_word' id='word_1_651' title='bbox 1160 2187 1247 2221; x_wconf 81' lang='grc' dir='ltr'>τούτῳ</span> <span class='ocrx_word' id='word_1_652' title='bbox 1258 2185 1339 2212; x_wconf 88' lang='grc' dir='ltr'>δώσει</span> <span class='ocrx_word' id='word_1_653' title='bbox 1349 2185 1426 2215; x_wconf 77' lang='grc' dir='ltr'>τέλος</span> <span class='ocrx_word' id='word_1_654' title='bbox 1442 2184 1496 2210; x_wconf 83' lang='grc' dir='ltr'><strong>τῶν</strong></span> <span class='ocrx_word' id='word_1_655' title='bbox 1509 2183 1622 2217; x_wconf 84' lang='grc' dir='ltr'>ἀγώνων</span> <span class='ocrx_word' id='word_1_656' title='bbox 1642 2181 1766 2214; x_wconf 70' lang='grc' dir='ltr'>ἐπάξιον,</span> <span class='ocrx_word' id='word_1_657' title='bbox 1782 2181 1830 2207; x_wconf 77' lang='grc' dir='ltr'>καὶ</span> <span class='ocrx_word' id='word_1_658' title='bbox 1844 2180 1892 2206; x_wconf 74' lang='grc' dir='ltr'>τοῦ</span> 
     </span>
    </p>
   </div>
   <div class='ocr_carea' id='block_1_94' title="bbox 1100 2226 1892 2268">
    <p class='ocr_par' dir='ltr' id='par_1_94' title="bbox 1100 2226 1892 2268">
     <span class='ocr_line' id='line_1_94' title="bbox 1100 2226 1892 2268; baseline -0.013 -8"><span class='ocrx_word' id='word_1_659' title='bbox 1100 2234 1199 2268; x_wconf 83' lang='grc' dir='ltr'>δρόμου</span> <span class='ocrx_word' id='word_1_660' title='bbox 1218 2231 1248 2258; x_wconf 76' lang='grc' dir='ltr'>τὸ</span> <span class='ocrx_word' id='word_1_661' title='bbox 1272 2231 1433 2265; x_wconf 83' lang='grc' dir='ltr'>λειπόμενον</span> <span class='ocrx_word' id='word_1_662' title='bbox 1449 2229 1588 2264; x_wconf 74' lang='grc' dir='ltr'>παράσχοι</span> <span class='ocrx_word' id='word_1_663' title='bbox 1607 2226 1645 2261; x_wconf 82' lang='grc' dir='ltr'>τῷ</span> <span class='ocrx_word' id='word_1_664' title='bbox 1675 2226 1803 2261; x_wconf 85' lang='grc' dir='ltr'>προτέρῳ</span> <span class='ocrx_word' id='word_1_665' title='bbox 1823 2233 1892 2259; x_wconf 82' lang='grc' dir='ltr'>συμ-</span> 
     </span>
    </p>
   </div>
   <div class='ocr_carea' id='block_1_95' title="bbox 1101 2269 1892 2308">
    <p class='ocr_par' dir='ltr' id='par_1_95' title="bbox 1101 2269 1892 2308">
     <span class='ocr_line' id='line_1_95' title="bbox 1101 2269 1892 2308; baseline -0.009 -6"><span class='ocrx_word' id='word_1_666' title='bbox 1101 2277 1202 2306; x_wconf 78' lang='grc' dir='ltr'>ϐαῖνον,</span> <span class='ocrx_word' id='word_1_667' title='bbox 1231 2275 1274 2301; x_wconf 83' lang='grc' dir='ltr'>ἵνα</span> <span class='ocrx_word' id='word_1_668' title='bbox 1299 2274 1446 2308; x_wconf 83' lang='grc' dir='ltr'>νικηφόρος</span> <span class='ocrx_word' id='word_1_669' title='bbox 1467 2271 1614 2299; x_wconf 80' lang='grc' dir='ltr'>καταλάὸοι</span> <span class='ocrx_word' id='word_1_670' title='bbox 1642 2271 1691 2305; x_wconf 83' lang='grc' dir='ltr'>τὴν</span> <span class='ocrx_word' id='word_1_671' title='bbox 1711 2270 1825 2302; x_wconf 82' lang='grc' dir='ltr'>νύσσαν,</span> <span class='ocrx_word' id='word_1_672' title='bbox 1846 2269 1892 2296; x_wconf 75' lang='grc' dir='ltr'>καὶ</span> 
     </span>
    </p>
   </div>
   <div class='ocr_carea' id='block_1_96' title="bbox 257 2316 1893 2360">
    <p class='ocr_par' dir='ltr' id='par_1_96' title="bbox 257 2316 1893 2360">
     <span class='ocr_line' id='line_1_96' title="bbox 257 2316 1893 2360; baseline -0.006 -9"><span class='ocrx_word' id='word_1_673' title='bbox 257 2323 305 2359; x_wconf 76' lang='grc' dir='ltr'>τὴν</span> <span class='ocrx_word' id='word_1_674' title='bbox 333 2325 471 2359; x_wconf 77' lang='grc' dir='ltr'>ἡμετέραν</span> <span class='ocrx_word' id='word_1_675' title='bbox 499 2324 642 2350; x_wconf 78' lang='grc' dir='ltr'>ἀσθένειαν</span> <span class='ocrx_word' id='word_1_676' title='bbox 671 2326 730 2356; x_wconf 84' lang='grc' dir='ltr'>ταῖς</span> <span class='ocrx_word' id='word_1_677' title='bbox 753 2325 848 2351; x_wconf 72' lang='grc' dir='ltr'>τούτου</span> <span class='ocrx_word' id='word_1_678' title='bbox 866 2327 1030 2360; x_wconf 82' lang='grc' dir='ltr'>προσευχαῖς</span> <span class='ocrx_word' id='word_1_679' title='bbox 1056 2321 1244 2358; x_wconf 77' lang='grc' dir='ltr'>ὑπερείσειεν·</span> <span class='ocrx_word' id='word_1_680' title='bbox 1270 2320 1342 2350; x_wconf 79' lang='grc' dir='ltr'>ὅπως</span> <span class='ocrx_word' id='word_1_681' title='bbox 1367 2318 1602 2354; x_wconf 68' lang='grc' dir='ltr'>ἀναρρωσθέντες,</span> <span class='ocrx_word' id='word_1_682' title='bbox 1627 2317 1677 2347; x_wconf 82' lang='grc' dir='ltr'><strong>τὰς</strong></span> <span class='ocrx_word' id='word_1_683' title='bbox 1698 2316 1800 2348; x_wconf 79' lang='grc' dir='ltr'>πολλὰς</span> <span class='ocrx_word' id='word_1_684' title='bbox 1815 2316 1893 2351; x_wconf 86' lang='grc' dir='ltr'>ήμῶν</span> 
     </span>
    </p>
   </div>
   <div class='ocr_carea' id='block_1_97' title="bbox 263 2369 1172 2407">
    <p class='ocr_par' dir='ltr' id='par_1_97' title="bbox 263 2369 1172 2407">
     <span class='ocr_line' id='line_1_97' title="bbox 263 2369 1172 2407; baseline 0 -12"><span class='ocrx_word' id='word_1_685' title='bbox 263 2369 487 2404; x_wconf 62' lang='grc' dir='ltr'>ἂναπαλαίσωμεν</span> <span class='ocrx_word' id='word_1_686' title='bbox 502 2369 595 2404; x_wconf 71' lang='grc' dir='ltr'>ἥττας.</span> <span class='ocrx_word' id='word_1_687' title='bbox 621 2370 667 2397; x_wconf 63' lang='grc' dir='ltr'>καὶ</span> <span class='ocrx_word' id='word_1_688' title='bbox 685 2372 754 2405; x_wconf 78' lang='grc' dir='ltr'>μετὰ</span> <span class='ocrx_word' id='word_1_689' title='bbox 778 2371 856 2407; x_wconf 89' lang='grc' dir='ltr'>νίκης</span> <span class='ocrx_word' id='word_1_690' title='bbox 870 2372 916 2398; x_wconf 81' lang='grc' dir='ltr'>τὸν</span> <span class='ocrx_word' id='word_1_691' title='bbox 934 2371 989 2406; x_wconf 88' lang='grc' dir='ltr'>βίον</span> <span class='ocrx_word' id='word_1_692' title='bbox 1009 2370 1172 2405; x_wconf 78' lang='grc' dir='ltr'>ἐξέλθωμεν.</span> 
     </span>
    </p>
   </div>
   <div class='ocr_carea' id='block_1_98' title="bbox 328 2425 974 2455">
    <p class='ocr_par' dir='ltr' id='par_1_98' title="bbox 328 2425 974 2455">
     <span class='ocr_line' id='line_1_98' title="bbox 328 2425 974 2455; baseline 0.003 -2"><span class='ocrx_word' id='word_1_693' title='bbox 328 2425 412 2453; x_wconf 78' lang='lat' dir='ltr'><strong>XXII.</strong></span> <span class='ocrx_word' id='word_1_694' title='bbox 433 2440 468 2445; x_wconf 90' lang='lat'><strong><em>—</em></strong></span> <span class='ocrx_word' id='word_1_695' title='bbox 489 2425 709 2454; x_wconf 73' lang='lat' dir='ltr'><strong>TllALASSlUS</strong></span> <span class='ocrx_word' id='word_1_696' title='bbox 730 2432 776 2454; x_wconf 88' lang='lat' dir='ltr'><strong>aut</strong></span> <span class='ocrx_word' id='word_1_697' title='bbox 797 2427 974 2455; x_wconf 66' lang='lat' dir='ltr'><strong>LIMNEUS.</strong></span> 
     </span>
    </p>
   </div>
   <div class='ocr_carea' id='block_1_99' title="bbox 295 2481 1049 2518">
    <p class='ocr_par' dir='ltr' id='par_1_99' title="bbox 295 2481 1049 2518">
     <span class='ocr_line' id='line_1_99' title="bbox 295 2481 1049 2518; baseline 0.004 -10"><span class='ocrx_word' id='word_1_698' title='bbox 295 2481 402 2508; x_wconf 84' lang='lat' dir='ltr'><strong>Tillima</strong></span> <span class='ocrx_word' id='word_1_699' title='bbox 421 2481 498 2507; x_wconf 78' lang='lat' dir='ltr'><strong>vicus</strong></span> <span class='ocrx_word' id='word_1_700' title='bbox 516 2485 557 2508; x_wconf 90' lang='lat' dir='ltr'><strong>est</strong></span> <span class='ocrx_word' id='word_1_701' title='bbox 574 2481 644 2516; x_wconf 88' lang='lat' dir='ltr'><strong>apud</strong></span> <span class='ocrx_word' id='word_1_702' title='bbox 662 2489 724 2515; x_wconf 83' lang='lat' dir='ltr'><strong>nos,</strong></span> <span class='ocrx_word' id='word_1_703' title='bbox 742 2483 807 2510; x_wconf 93' lang='lat' dir='ltr'><strong>olim</strong></span> <span class='ocrx_word' id='word_1_704' title='bbox 823 2483 932 2518; x_wconf 88' lang='lat' dir='ltr'><strong>quidem</strong></span> <span class='ocrx_word' id='word_1_705' title='bbox 952 2484 1049 2518; x_wconf 84' lang='lat' dir='ltr'><strong>impie-</strong></span> 
     </span>
    </p>
   </div>
   <div class='ocr_carea' id='block_1_100' title="bbox 262 2526 1050 2563">
    <p class='ocr_par' dir='ltr' id='par_1_100' title="bbox 262 2526 1050 2563">
     <span class='ocr_line' id='line_1_100' title="bbox 262 2526 1050 2563; baseline 0.003 -9"><span class='ocrx_word' id='word_1_706' title='bbox 262 2526 324 2554; x_wconf 83' lang='lat' dir='ltr'><strong>tatis</strong></span> <span class='ocrx_word' id='word_1_707' title='bbox 344 2526 491 2553; x_wconf 81' lang='lat' dir='ltr'><strong>Marcionis</strong></span> <span class='ocrx_word' id='word_1_708' title='bbox 512 2527 662 2554; x_wconf 80' lang='lat' dir='ltr'><strong>seminibus</strong></span> <span class='ocrx_word' id='word_1_709' title='bbox 687 2535 864 2563; x_wconf 84' lang='lat' dir='ltr'><strong>conspersus.</strong></span> <span class='ocrx_word' id='word_1_710' title='bbox 890 2537 963 2556; x_wconf 92' lang='lat' dir='ltr'><strong>nunc</strong></span> <span class='ocrx_word' id='word_1_711' title='bbox 985 2537 1050 2557; x_wconf 88' lang='lat' dir='ltr'><strong>vero</strong></span> 
     </span>
    </p>
   </div>
   <div class='ocr_carea' id='block_1_101' title="bbox 261 2571 1050 2608">
    <p class='ocr_par' dir='ltr' id='par_1_101' title="bbox 261 2571 1050 2608">
     <span class='ocr_line' id='line_1_101' title="bbox 261 2571 1050 2608; baseline 0.004 -8"><span class='ocrx_word' id='word_1_712' title='bbox 261 2573 414 2608; x_wconf 63' lang='lat' dir='ltr'><strong>evangelica</strong></span> <span class='ocrx_word' id='word_1_713' title='bbox 428 2571 536 2608; x_wconf 57' lang='lat'><strong>1255.</strong></span> <span class='ocrx_word' id='word_1_714' title='bbox 553 2572 647 2600; x_wconf 81' lang='lat' dir='ltr'><strong>fruens</strong></span> <span class='ocrx_word' id='word_1_715' title='bbox 662 2574 840 2608; x_wconf 80' lang='lat' dir='ltr'><strong>agricultura.</strong></span> <span class='ocrx_word' id='word_1_716' title='bbox 859 2574 929 2602; x_wconf 82' lang='lat' dir='ltr'><strong>Huic</strong></span> <span class='ocrx_word' id='word_1_717' title='bbox 942 2575 979 2602; x_wconf 73' lang='lat' dir='ltr'><strong>&#39;ad</strong></span> <span class='ocrx_word' id='word_1_718' title='bbox 995 2583 1050 2603; x_wconf 89' lang='lat' dir='ltr'><strong>me-</strong></span> 
     </span>
    </p>
   </div>
   <div class='ocr_carea' id='block_1_102' title="bbox 262 2618 1048 2656">
    <p class='ocr_par' dir='ltr' id='par_1_102' title="bbox 262 2618 1048 2656">
     <span class='ocr_line' id='line_1_102' title="bbox 262 2618 1048 2656; baseline 0.005 -12"><span class='ocrx_word' id='word_1_719' title='bbox 262 2618 358 2645; x_wconf 75' lang='lat' dir='ltr'><strong>ridiem</strong></span> <span class='ocrx_word' id='word_1_720' title='bbox 383 2619 523 2651; x_wconf 75' lang='lat' dir='ltr'><strong>proximus</strong></span> <span class='ocrx_word' id='word_1_721' title='bbox 549 2623 591 2646; x_wconf 85' lang='lat' dir='ltr'><strong>est</strong></span> <span class='ocrx_word' id='word_1_722' title='bbox 616 2619 711 2653; x_wconf 84' lang='lat' dir='ltr'><strong>collis,</strong></span> <span class='ocrx_word' id='word_1_723' title='bbox 744 2628 832 2655; x_wconf 90' lang='lat' dir='ltr'><strong>neque</strong></span> <span class='ocrx_word' id='word_1_724' title='bbox 862 2628 940 2656; x_wconf 85' lang='lat' dir='ltr'><strong>asper</strong></span> <span class='ocrx_word' id='word_1_725' title='bbox 960 2621 1048 2652; x_wconf 77' lang='lat' dir='ltr'><strong>valde,</strong></span> 
     </span>
    </p>
   </div>
   <div class='ocr_carea' id='block_1_103' title="bbox 262 2664 1049 2700">
    <p class='ocr_par' dir='ltr' id='par_1_103' title="bbox 262 2664 1049 2700">
     <span class='ocr_line' id='line_1_103' title="bbox 262 2664 1049 2700; baseline 0.003 -9"><span class='ocrx_word' id='word_1_726' title='bbox 262 2671 349 2698; x_wconf 76' lang='lat' dir='ltr'><strong>neque</strong></span> <span class='ocrx_word' id='word_1_727' title='bbox 362 2664 507 2690; x_wconf 83' lang='lat' dir='ltr'><strong>admodum</strong></span> <span class='ocrx_word' id='word_1_728' title='bbox 527 2665 647 2698; x_wconf 75' lang='lat' dir='ltr'><strong>acclivis,</strong></span> <span class='ocrx_word' id='word_1_729' title='bbox 661 2666 687 2692; x_wconf 93' lang='lat' dir='ltr'><strong>in</strong></span> <span class='ocrx_word' id='word_1_730' title='bbox 700 2674 755 2700; x_wconf 90' lang='lat' dir='ltr'><strong>quo</strong></span> <span class='ocrx_word' id='word_1_731' title='bbox 775 2667 923 2694; x_wconf 86' lang='lat' dir='ltr'><strong>asceticum</strong></span> <span class='ocrx_word' id='word_1_732' title='bbox 942 2666 1049 2693; x_wconf 89' lang='lat' dir='ltr'><strong>habita-</strong></span> 
     </span>
    </p>
   </div>
   <div class='ocr_carea' id='block_1_104' title="bbox 261 2709 1049 2745">
    <p class='ocr_par' dir='ltr' id='par_1_104' title="bbox 261 2709 1049 2745">
     <span class='ocr_line' id='line_1_104' title="bbox 261 2709 1049 2745; baseline 0.004 -8"><span class='ocrx_word' id='word_1_733' title='bbox 261 2709 352 2737; x_wconf 81' lang='lat' dir='ltr'><strong>culum</strong></span> <span class='ocrx_word' id='word_1_734' title='bbox 367 2710 487 2737; x_wconf 76' lang='lat' dir='ltr'><strong>condidit</strong></span> <span class='ocrx_word' id='word_1_735' title='bbox 501 2709 679 2739; x_wconf 81' lang='lat' dir='ltr'><strong>adtnirandus</strong></span> <span class='ocrx_word' id='word_1_736' title='bbox 691 2711 863 2745; x_wconf 85' lang='lat' dir='ltr'><strong>Thalassius,</strong></span> <span class='ocrx_word' id='word_1_737' title='bbox 882 2713 922 2740; x_wconf 89' lang='lat' dir='ltr'><strong>vir</strong></span> <span class='ocrx_word' id='word_1_738' title='bbox 939 2713 1049 2740; x_wconf 86' lang='lat' dir='ltr'><strong>dotibus</strong></span> 
     </span>
    </p>
   </div>
   <div class='ocr_carea' id='block_1_105' title="bbox 1221 2419 1768 2455">
    <p class='ocr_par' dir='ltr' id='par_1_105' title="bbox 1221 2419 1768 2455">
     <span class='ocr_line' id='line_1_105' title="bbox 1221 2419 1768 2455; baseline -0.013 -3"><span class='ocrx_word' id='word_1_739' title='bbox 1221 2425 1284 2452; x_wconf 83' lang='lat' dir='ltr'><strong>KB’.</strong></span> <span class='ocrx_word' id='word_1_740' title='bbox 1302 2438 1335 2443; x_wconf 87' lang='lat'><strong>—-</strong></span> <span class='ocrx_word' id='word_1_741' title='bbox 1349 2421 1536 2448; x_wconf 78' lang='grc' dir='ltr'><strong>ΘΛΛΑΣΣῘΟΣ</strong></span> <span class='ocrx_word' id='word_1_742' title='bbox 1556 2420 1572 2455; x_wconf 84' lang='grc' dir='ltr'><strong>ἢ</strong></span> <span class='ocrx_word' id='word_1_743' title='bbox 1589 2419 1768 2446; x_wconf 78' lang='grc' dir='ltr'><strong>ΛΙΜΝᾹΙΟΣ.</strong></span> 
     </span>
    </p>
   </div>
   <div class='ocr_carea' id='block_1_106' title="bbox 1140 2475 1894 2516">
    <p class='ocr_par' dir='ltr' id='par_1_106' title="bbox 1140 2475 1894 2516">
     <span class='ocr_line' id='line_1_106' title="bbox 1140 2475 1894 2516; baseline -0.012 -7"><span class='ocrx_word' id='word_1_744' title='bbox 1140 2481 1256 2516; x_wconf 83' lang='grc' dir='ltr'>Τιλλίμα</span> <span class='ocrx_word' id='word_1_745' title='bbox 1282 2478 1363 2514; x_wconf 86' lang='grc' dir='ltr'>κώμη</span> <span class='ocrx_word' id='word_1_746' title='bbox 1392 2478 1433 2510; x_wconf 84' lang='grc' dir='ltr'><strong>τίς</strong></span> <span class='ocrx_word' id='word_1_747' title='bbox 1463 2478 1521 2504; x_wconf 84' lang='grc' dir='ltr'>ὲστι</span> <span class='ocrx_word' id='word_1_748' title='bbox 1550 2477 1616 2510; x_wconf 81' lang='grc' dir='ltr'>παρ’</span> <span class='ocrx_word' id='word_1_749' title='bbox 1634 2477 1712 2510; x_wconf 83' lang='grc' dir='ltr'>ἡμῖν,</span> <span class='ocrx_word' id='word_1_750' title='bbox 1740 2475 1825 2502; x_wconf 83' lang='grc' dir='ltr'>πάλαι</span> <span class='ocrx_word' id='word_1_751' title='bbox 1846 2475 1894 2510; x_wconf 82' lang='grc' dir='ltr'>μὲν</span> 
     </span>
    </p>
   </div>
   <div class='ocr_carea' id='block_1_107' title="bbox 1104 2521 1894 2564">
    <p class='ocr_par' dir='ltr' id='par_1_107' title="bbox 1104 2521 1894 2564">
     <span class='ocr_line' id='line_1_107' title="bbox 1104 2521 1894 2564; baseline -0.013 -8"><span class='ocrx_word' id='word_1_752' title='bbox 1104 2529 1154 2564; x_wconf 80' lang='grc' dir='ltr'>τῆς</span> <span class='ocrx_word' id='word_1_753' title='bbox 1194 2525 1357 2562; x_wconf 85' lang='grc' dir='ltr'>Μαρκίωνος</span> <span class='ocrx_word' id='word_1_754' title='bbox 1397 2523 1524 2554; x_wconf 75' lang='grc' dir='ltr'>ἀσεϐείας</span> <span class='ocrx_word' id='word_1_755' title='bbox 1564 2522 1697 2557; x_wconf 77' lang='grc' dir='ltr'>δεξαμένη</span> <span class='ocrx_word' id='word_1_756' title='bbox 1731 2521 1765 2547; x_wconf 84' lang='grc' dir='ltr'><strong>τὰ</strong></span> <span class='ocrx_word' id='word_1_757' title='bbox 1811 2522 1894 2557; x_wconf 79' lang='grc' dir='ltr'>σπέρ-</span> 
     </span>
    </p>
   </div>
   <div class='ocr_carea' id='block_1_108' title="bbox 1107 2566 1893 2608">
    <p class='ocr_par' dir='ltr' id='par_1_108' title="bbox 1107 2566 1893 2608">
     <span class='ocr_line' id='line_1_108' title="bbox 1107 2566 1893 2608; baseline -0.008 -10"><span class='ocrx_word' id='word_1_758' title='bbox 1107 2580 1192 2608; x_wconf 82' lang='grc' dir='ltr'>ματα,</span> <span class='ocrx_word' id='word_1_759' title='bbox 1217 2570 1264 2597; x_wconf 85' lang='grc' dir='ltr'>νῦν</span> <span class='ocrx_word' id='word_1_760' title='bbox 1291 2569 1319 2595; x_wconf 83' lang='grc' dir='ltr'>δὲ</span> <span class='ocrx_word' id='word_1_761' title='bbox 1343 2569 1393 2603; x_wconf 86' lang='grc' dir='ltr'>τῆς</span> <span class='ocrx_word' id='word_1_762' title='bbox 1409 2567 1591 2602; x_wconf 81' lang='grc' dir='ltr'>εὑαγγελικῆς</span> <span class='ocrx_word' id='word_1_763' title='bbox 1608 2566 1782 2593; x_wconf 84' lang='grc' dir='ltr'>ἀπολαύουσα</span> <span class='ocrx_word' id='word_1_764' title='bbox 1806 2574 1893 2600; x_wconf 87' lang='grc' dir='ltr'>γεωρ-</span> 
     </span>
    </p>
   </div>
   <div class='ocr_carea' id='block_1_109' title="bbox 1104 2611 1923 2653">
    <p class='ocr_par' dir='ltr' id='par_1_109' title="bbox 1104 2611 1923 2653">
     <span class='ocr_line' id='line_1_109' title="bbox 1104 2611 1923 2653; baseline -0.011 -8"><span class='ocrx_word' id='word_1_765' title='bbox 1104 2619 1176 2653; x_wconf 80' lang='grc' dir='ltr'>γίας.</span> <span class='ocrx_word' id='word_1_766' title='bbox 1205 2616 1313 2651; x_wconf 72' lang='grc' dir='ltr'>Ταύτης</span> <span class='ocrx_word' id='word_1_767' title='bbox 1337 2615 1406 2650; x_wconf 76' lang='grc' dir='ltr'>πρὸς</span> <span class='ocrx_word' id='word_1_768' title='bbox 1434 2612 1607 2649; x_wconf 79' lang='grc' dir='ltr'>μεσημϐρίαν</span> <span class='ocrx_word' id='word_1_769' title='bbox 1637 2612 1718 2646; x_wconf 62' lang='grc' dir='ltr'>λόφος</span> <span class='ocrx_word' id='word_1_770' title='bbox 1746 2620 1786 2644; x_wconf 88' lang='grc' dir='ltr'><strong>τις</strong></span> <span class='ocrx_word' id='word_1_771' title='bbox 1809 2611 1892 2642; x_wconf 71' lang='grc' dir='ltr'>ἐστὶν,</span> <span class='ocrx_word' id='word_1_772' title='bbox 1920 2626 1923 2646; x_wconf 63' lang='grc'>;</span> 
     </span>
    </p>
   </div>
   <div class='ocr_carea' id='block_1_110' title="bbox 1105 2656 1895 2697">
    <p class='ocr_par' dir='ltr' id='par_1_110' title="bbox 1105 2656 1895 2697">
     <span class='ocr_line' id='line_1_110' title="bbox 1105 2656 1895 2697; baseline -0.01 -7"><span class='ocrx_word' id='word_1_773' title='bbox 1105 2663 1166 2690; x_wconf 73' lang='grc' dir='ltr'>οὔτε</span> <span class='ocrx_word' id='word_1_774' title='bbox 1183 2663 1244 2689; x_wconf 83' lang='grc' dir='ltr'>λίαν</span> <span class='ocrx_word' id='word_1_775' title='bbox 1260 2661 1373 2697; x_wconf 76' lang='grc' dir='ltr'>τραχὺς,</span> <span class='ocrx_word' id='word_1_776' title='bbox 1394 2659 1455 2686; x_wconf 79' lang='grc' dir='ltr'>οὒτε</span> <span class='ocrx_word' id='word_1_777' title='bbox 1481 2659 1552 2694; x_wconf 83' lang='grc' dir='ltr'>μάλα</span> <span class='ocrx_word' id='word_1_778' title='bbox 1572 2658 1736 2693; x_wconf 82' lang='grc' dir='ltr'>προσάντης.</span> <span class='ocrx_word' id='word_1_779' title='bbox 1760 2657 1806 2683; x_wconf 83' lang='grc' dir='ltr'>Ἑν</span> <span class='ocrx_word' id='word_1_780' title='bbox 1821 2656 1895 2691; x_wconf 78' lang='grc' dir='ltr'>αὐτῷ</span> 
     </span>
    </p>
   </div>
   <div class='ocr_carea' id='block_1_111' title="bbox 1103 2701 1894 2743">
    <p class='ocr_par' dir='ltr' id='par_1_111' title="bbox 1103 2701 1894 2743">
     <span class='ocr_line' id='line_1_111' title="bbox 1103 2701 1894 2743; baseline -0.01 -7"><span class='ocrx_word' id='word_1_781' title='bbox 1103 2710 1134 2736; x_wconf 80' lang='grc' dir='ltr'><strong>τδ</strong></span> <span class='ocrx_word' id='word_1_782' title='bbox 1154 2708 1300 2743; x_wconf 62' lang='grc' dir='ltr'>ἁσκητικὴν</span> <span class='ocrx_word' id='word_1_783' title='bbox 1318 2706 1442 2741; x_wconf 78' lang='grc' dir='ltr'>ἐδείματο</span> <span class='ocrx_word' id='word_1_784' title='bbox 1454 2703 1625 2739; x_wconf 74' lang='grc' dir='ltr'>καταγώγιον</span> <span class='ocrx_word' id='word_1_785' title='bbox 1639 2703 1791 2734; x_wconf 78' lang='grc' dir='ltr'>Θαλάσσιος</span> <span class='ocrx_word' id='word_1_786' title='bbox 1801 2703 1816 2729; x_wconf 81' lang='grc' dir='ltr'>ὁ</span> <span class='ocrx_word' id='word_1_787' title='bbox 1831 2701 1894 2729; x_wconf 68' lang='lat' dir='ltr'><strong>0w-</strong></span> 
     </span>
    </p>
   </div>
   <div class='ocr_carea' id='block_1_112' title="bbox 889 2799 1226 2830">
    <p class='ocr_par' dir='ltr' id='par_1_112' title="bbox 889 2799 1226 2830">
     <span class='ocr_line' id='line_1_112' title="bbox 889 2799 1226 2830; baseline -0.009 -2"><span class='ocrx_word' id='word_1_788' title='bbox 889 2801 1003 2830; x_wconf 67' lang='lat' dir='ltr'><strong>VARH‘I</strong></span> <span class='ocrx_word' id='word_1_789' title='bbox 1023 2799 1226 2827; x_wconf 66' lang='lat' dir='ltr'><strong>LECTIONES.</strong></span> 
     </span>
    </p>
   </div>
   <div class='ocr_carea' id='block_1_113' title="bbox 299 2860 610 2888">
    <p class='ocr_par' dir='ltr' id='par_1_113' title="bbox 299 2860 610 2888">
     <span class='ocr_line' id='line_1_113' title="bbox 299 2860 610 2888; baseline -0.006 0"><span class='ocrx_word' id='word_1_790' title='bbox 299 2861 323 2878; x_wconf 71' lang='grc'><strong>⁸³</strong></span> <span class='ocrx_word' id='word_1_791' title='bbox 338 2860 480 2888; x_wconf 78' lang='lat' dir='ltr'><strong>Helimma.</strong></span> <span class='ocrx_word' id='word_1_792' title='bbox 501 2860 610 2888; x_wconf 70' lang='lat' dir='ltr'><strong>“erret.</strong></span> 
     </span>
    </p>
   </div>
  </div>
