2064 3120
146 183 214 215 1453

754 178 958 212 RELIGIOSA
977 179 1170 211 HISTORIA.

1706 182 1771 216 ΗΜ

148 241 254 276 μάσιος.
268 239 337 275 ἀνὴρ
352 239 458 271 πολλοῖς
476 239 692 274 κατακοσμηθεὶς
708 240 828 274 ἀγαθοῖς,
844 241 924 267 άπλό⁴

983 239 1079 267 multis
1097 243 1221 272 ornatus,
1244 239 1290 267 sed
1313 247 1419 267 morum
1441 241 1626 276 simplicitate,
1644 248 1771 269 mansue-

145 291 206 319 τῃτι
225 284 253 311 δὲ
277 285 368 321 ἤθους,
392 285 440 311 καὶ
460 285 604 322 πραότητι,
625 286 672 312 καὶ
696 286 869 321 φρονήματος
885 295 932 322 με-

145 332 278 367 τριότητι,
293 332 356 363 τοὺς
370 331 413 358 ἐπ’
428 331 510 358 αὑτοῦ
530 340 562 366 γε
582 331 740 367 ἀνθρώπους
765 333 932 366 ὑπερϐαλλό-

147 387 236 413 μενος.
255 378 309 405 Καὶ
333 379 413 404 τοῦτο
434 378 505 412 λέγω
520 379 570 405 οὐκ
585 379 653 413 ἀκοῇ
677 379 746 414 μόνῃ
762 380 930 414 πειθόμενος,

145 424 213 450 ἀλλὰ
227 423 274 450 καὶ
289 424 372 459 πείρᾳ
391 424 573 460 χρησάμενος.
588 423 744 450 Κατέλαϐον
761 425 815 460 γὰρ
830 426 874 451 τὸν
887 425 933 452 ἄν-

144 468 205 504 δρα,
220 470 268 495 καὶ
293 468 422 500 πολλάκις
450 470 499 504 τῆς
526 469 654 502 γλυκείας
677 469 758 496 αὐτοῦ
785 470 931 505 ἀπήλαυσα

145 513 298 544 συνουσίας.
317 512 365 545 Είς
378 514 424 540 τὸν
438 513 514 540 τοῦδε
535 513 615 548 χορὸν
634 514 755 540 ἐτέλεσεν
767 515 781 541 ὁ
792 515 840 541 νῦν
856 516 931 550 παρὰ

145 559 254 585 πάντων
269 559 398 595 ᾁδόμενος
414 559 557 595 Λιμναῖος,
574 560 621 586 καὶ
641 560 738 596 κομιδῇ
753 561 811 592 νέος
828 560 865 588 ὢν
882 561 931 597 τὴν

143 605 315 640 παλαίστραν
336 606 445 641 ἐκείνην
465 605 637 637 καταλαϐὼν,
657 607 707 641 τὴν
728 606 815 642 ἄκραν
829 606 931 642 ταύτην

145 650 304 685 φιλοσοφίαν
321 650 412 682 καλῶς
432 651 597 678 ἐπαιδεύετο.
622 651 676 678 Καὶ
697 652 804 688 πρῶτον
829 652 859 679 τὸ
882 653 931 688 τῆς

143 695 266 730 γλώττης
290 696 367 727 εἰδὼς
383 696 530 728 εὐόλισθον,
550 697 692 732 μειράκιον
713 697 750 724 ὢν
773 698 824 728 ἔτι.
852 700 931 734 σιγᾷν

143 740 324 775 ἐνομοθέτησε
350 740 463 776 ταύτην,
484 741 531 768 καὶ
554 742 680 768 πλεῖστον
699 742 740 769 ὅτι
757 743 874 777 μάλιστα
891 743 931 770 δι-

143 786 249 812 ετέλεσε
278 786 375 822 χρόνον
400 787 484 822 μηδὲν
510 787 578 822 πρὸς
604 787 705 823 μηδένα
733 789 928 824 φθεγγόμενος.

148 832 258 867 Ἐπειδὴ
276 832 304 858 δὲ
327 832 511 867 ἀποχρώντως
535 832 586 867 τῆς
604 833 651 860 τοῦ
679 833 752 861 θείου
776 835 929 870 πρεσϐύτου

140 876 314 909 διδασκαλίας
344 878 486 913 μετέλαχε,
514 879 561 904 καὶ
586 879 733 914 ἐκμαγεῖον
760 879 857 907 ἑαυτὸν
881 881 930 916 τῆς

141 923 247 949 ἐκείνου
269 923 408 958 ἀπέφηνεν
424 923 534 959 ἀρετῆς,
554 925 630 960 παρὰ
645 926 692 952 τὸν
715 926 800 961 μέγαν
816 927 929 961 ἀφίκετο

140 968 273 1004 Μάρωνα,
293 966 323 995 οὗ
348 970 396 996 καὶ
418 969 536 1004 πρόσθεν
552 971 738 1006 ἐμνήσθημεν.
760 973 886 1006 Ἀφίκετο
899 973 927 1000 Et

140 1013 211 1040 κατὰ
230 1014 276 1041 τὸν
297 1014 379 1040 αὐτὸν
405 1014 510 1050 χρόνον,
527 1015 588 1042 καθ’
614 1016 643 1042 δν
659 1017 672 1043 ὁ
691 1017 761 1049 θεῖος
788 1018 925 1049 Ἰάκωϐος.

140 1059 245 1095 Πολλὴν
262 1059 290 1087 δὲ
309 1060 356 1087 καὶ
369 1059 492 1087 ἐντεῦθεν
518 1061 599 1088 πάλιν
619 1060 754 1096 ὠφέλειαν
775 1064 926 1098 τρυγήσας,

140 1106 188 1133 καὶ
212 1106 258 1132 τὸν
283 1106 429 1142 ὑπαίθριον
451 1106 507 1142 βίον
530 1107 666 1142 ζηλώσας,
685 1109 807 1145 κορυφὴν
830 1110 927 1145 ἑτέραν

140 1151 285 1184 κατέλαϐε,
299 1151 395 1187 κώμης
405 1153 475 1185 τινὸς
488 1153 700 1189 ὑπερκειμένην,
712 1155 746 1190 ἣν
761 1155 926 1190 ὀνομάζουσι

139 1196 296 1232 Ταργαλᾶν.
314 1197 358 1224 Ἐν
370 1197 456 1234 ταύτῃ
475 1198 554 1233 μέχρι
569 1199 617 1225 καὶ
632 1200 752 1235 τήμερον
764 1199 925 1233 διετέλεσεν,

139 1242 189 1268 οὐκ
203 1242 322 1269 οἰκίσκον
337 1242 416 1277 ἔχων,
432 1243 461 1270 ού
478 1245 591 1279 σκηνὴν,
607 1244 637 1270 οὐ
651 1245 783 1280 καλύῦην,
796 1246 863 1272 ἀλλὰ
875 1255 926 1281 γυ-

141 1287 200 1322 μνῷ
215 1287 330 1323 θριγκίῳ
346 1289 583 1324 περιειργόμενος,
601 1290 633 1316 ἐκ
648 1289 729 1317 λίθων
749 1291 926 1327 ᾠκοδομημὲα

139 1341 203 1364 νων,
221 1332 282 1359 οὐδὲ
299 1333 378 1368 πηλῷ
395 1335 639 1369 συνηρμοσμένων.
661 1335 752 1371 Θύραν
764 1336 925 1373 δὲσμικράν

138 1385 200 1405 τινα
224 1378 280 1414 ἔχει
299 1378 377 1414 πηλῷ
391 1379 523 1414 διηνεκῶς
551 1381 751 1416 κεχρισμένηψ
768 1381 803 1418 ἢν
827 1382 925 1410 οὔποτε

140 1422 191 1458 μὶν
215 1422 353 1457 ἀνοίγνυσι
383 1423 438 1450 τῶν
454 1423 542 1450 ἄλλων
569 1425 786 1461 ἀφικνουμένων,
814 1427 876 1463 ἐμοὶ
896 1427 925 1454 δὲ

140 1468 215 1504 μόνῳ
231 1469 447 1505 παραγινομένῳ
462 1470 543 1497 τοῦτο
557 1472 644 1498 ποιεῖν
658 1472 811 1508 ἐιιιιτρέιπι¹
823 1474 924 1501 Τούτου

138 1515 218 1550 χάριν
238 1515 447 1550 συναγείρονται
467 1515 623 1551 πάμπολλοι
636 1517 778 1551 πάντοθεν,
793 1519 843 1553 τῆς
854 1520 926 1555 ἐμῆς

137 1561 256 1596 ἀφίξεως
267 1561 435 1596 αἰσθόμενοι,
450 1563 616 1598 κοινωνῆσαί
633 1572 677 1599 μοι
693 1564 743 1599 τῆς
759 1565 862 1592 εἰσόδου
877 1571 925 1593 πολ

138 1606 257 1638 θοῦντες.
274 1607 296 1633 Τ
297 1608 336 1638 οῖς
352 1607 381 1633 δὲ
405 1607 499 1634 mm
516 1617 581 1635 ποτε
609 1609 679 1643 πρὸς
706 1609 787 1636 αὑτὸν
801 1610 923 1644 φοιτῶσι,

136 1652 181 1679 διὰ
196 1653 316 1687 σμικρᾶς
328 1661 402 1684 τινος
418 1653 526 1688 θυρίδος
547 1654 747 1690 διαλεγόμενος,
765 1656 925 1690 μεταδίδωσι

137 1698 187 1732 τῆς
200 1698 337 1732 εὐλογίας.
351 1698 489 1730 πλείστοις
504 1699 548 1726 διὰ
570 1699 671 1734 ταύτης
684 1700 733 1735 τὴν
749 1701 853 1734 ὑγίειαν
874 1703 925 1729 δω-

139 1743 283 1778 ρούμενος.
303 1743 348 1779 Τῷ
360 1744 414 1780 γὰρ
426 1745 474 1771 τοῦ
484 1745 609 1780 Σωτῆρος
618 1745 730 1780 ὀνόματι
745 1748 923 1783 κεχρημένος,

136 1789 184 1815 καὶ
201 1789 295 1821 νόσους
309 1790 402 1822 παύει,
419 1791 467 1817 καὶ
490 1791 621 1825 δαίμονας
636 1791 784 1824 ἐξελαύνει,
809 1794 855 1821 καὶ
875 1794 925 1829 τὴν

136 1835 320 1870 ἀποστολικὴν
336 1836 460 1870 μιμεῖται
480 1835 715 1871 θαυματουργίαν.
730 1837 767 1864 Οὐ
793 1838 872 1872 μόνον
895 1838 924 1864 δὲ

136 1883 191 1912 τοῖς
208 1882 248 1913 είς
271 1881 353 1908 αὐτὸν
369 1882 579 1916 ἀφικνουμένοις
594 1882 741 1914 ἀναϐλύζει
768 1882 816 1918 τὴν
841 1883 922 1915 ιἀσιν,

136 1928 206 1955 ἀλλᾶ
221 1929 267 1954 καὶ
287 1927 326 1960 τῷ
343 1928 437 1963 οἰκείῳ
466 1927 569 1962 ταύτην
590 1928 720 1960 πολλάκις
741 1929 922 1964 προσενήνοχε

137 1973 254 2008 σώματι.
274 1973 425 2008 Ἐπανέστη
442 1973 497 2008 γὰρ
511 1973 584 2008 αὐτῷ
596 1973 679 2000 πάλαι
692 1974 757 1999 ποτὲ
772 1973 819 2000 τοῦ
835 1974 922 2000 κώλου

136 2019 167 2045 τὺ
189 2019 289 2050 πάθος·
316 2018 364 2049 τὰς
385 2018 414 2044 δὲ
439 2018 563 2045 ἐντεῦθεν
588 2018 733 2054 γινομένας
759 2018 853 2051 ὀδύνας
877 2019 923 2046 καὶ

136 2064 285 2098 ἀλγηδόνας
303 2065 375 2091 ῐσασι
393 2064 441 2099 μὲν
457 2063 579 2099 ἀκριϐῶς
589 2065 615 2090 οι
632 2064 681 2100 τὴν
697 2065 794 2100 πεῖραν
808 2064 922 2100 δεξάμε»

136 2118 187 2141 νοι,
207 2110 279 2136 ἴσασι
298 2110 326 2136 δὲ
341 2110 388 2136 καὶ¹
402 2111 426 2136 οἱ
441 2109 535 2136 τούτου
553 2109 694 2144 γενόμενοι
705 2110 809 2137 θεαταί.
824 2110 923 2137 Καλιν-

135 2156 244 2183 δοῦνται
253 2156 308 2193 γὰρ
319 2158 376 2188 τοῖς
387 2157 505 2183 λυττῶσι
513 2156 724 2192 παραπλησίως,
734 2157 797 2192 τῇδε
810 2157 921 2184 κάκεῖσε

137 2211 234 2238 περιστ
240 2203 392 2238 ρεφόμενοι,
407 2203 452 2230 καὶ
463 2203 521 2238 ἅμα
533 2204 596 2235 τοὺς
605 2203 688 2234 πόδας
698 2203 863 2235 ἐκτείνοντες
875 2203 922 2230 κα)¹

944 914 966 943 Β

984 285 1098 318 tudine,
1124 285 1264 321 animique
1295 286 1427 314 modestia
1453 287 1580 315 omnibus
1605 288 1693 315 astatis
1715 296 1770 315 sure

984 331 1142 359 hominibus
1159 331 1333 358 antecellens.
1347 331 1425 364 Quod
1439 331 1546 366 quidem
1562 339 1615 359 non
1632 332 1690 359 sola
1700 334 1707 342 ‘
1722 339 1771 360 au-

983 375 1088 403 ditione
1113 376 1214 404 (luctus
1238 375 1316 407 dico,
1347 376 1396 403 sed
1421 376 1601 411 experientia.
1627 376 1769 404 Hominem

982 421 1055 448 enim
1078 421 1212 452 conveni,
1238 426 1265 449 et
1289 422 1367 449 suavi
1389 422 1450 456 ejus
1474 429 1624 457 congressu
1650 430 1770 457 persaepe

983 468 1086 501 potitus
1103 475 1174 496 sum.
1190 467 1218 495 in
1234 467 1293 502 ejus
1309 469 1424 496 chorum
1440 473 1568 503 receptus
1583 471 1624 495 est
1634 469 1681 502 qui
1695 476 1769 496 nunc

983 513 1018 540 ab
1038 514 1167 541 omnibus
1185 514 1347 542 decantatur
1366 513 1513 546 Limnatus,
1536 514 1702 549 iuvenisque
1721 514 1769 541 ad.

983 559 1094 586 modum
1117 559 1359 595 palaestramlllam
1385 559 1546 594 ingressus.
1577 559 1612 586 ad
1632 566 1768 586 summam

983 604 1053 631 hanc
1070 605 1271 641 philosophiam
1285 605 1355 633 belle
1371 605 1516 634 institutus
1529 609 1581 633 est.
1598 605 1637 632 Ac
1650 605 1768 639 primum

982 650 1104 677 omnium
1120 651 1251 678 lubricam
1268 652 1357 679 sciens
1368 659 1430 680 esse
1445 652 1578 686 linguam,
1594 650 1684 678 adhuc
1703 650 1769 678 ado-
1788 648 1796 654 ’

982 695 1149 723 lescentulus
1166 695 1269 723 silentii
1283 697 1368 731 legem
1384 697 1446 724 huic
1459 696 1600 731 imposuit,
1614 695 1768 730 mansitque
1824 729 1827 730 ν

982 739 1145 775 longissimo
1169 745 1291 776 tempore
1313 742 1382 769 nihil
1398 741 1446 769 ulli
1471 741 1621 777 quidquam
1638 741 1764 776 loquens.

982 784 1128 821 Postquam
1139 794 1204 814 vero
1217 787 1302 815 divini
1319 788 1394 816 senis
1409 788 1564 816 doctrinam
1582 787 1690 815 abunde
1704 795 1766 821 per-

981 832 1064 867 cepit,
1079 831 1246 867 virtutisque
1259 833 1334 861 illius
1345 833 1460 869 elllgiem
1473 834 1500 860 in
1516 833 1606 869 seipso
1619 833 1765 868 expressit.

982 876 1015 904 ad
1028 885 1158 913 magnum
1173 877 1312 906 Maronem
1323 887 1354 906 se
1371 879 1496 912 contulit,
1517 879 1598 913 cujus
1613 886 1696 914 supra
1708 886 1765 906 mc-

982 923 1131 951 minimus:
1148 925 1277 952 convenit
1291 929 1381 952 autem
1397 925 1492 953 eodem
1503 926 1563 960 ipso
1580 931 1702 960 tempore
1711 933 1766 960 quo

981 969 1090 997 divinus
1105 969 1233 997 Iacobus.
1250 970 1283 997 Et
1303 970 1420 996 multum
1435 970 1500 997 hinc
1515 978 1626 1005 quoque
1639 970 1766 997 utilitatis

981 1013 1102 1042 fructum
1129 1022 1191 1042 cum
1215 1014 1347 1050 cepisset,
1376 1015 1494 1050 vitaeque
1526 1015 1659 1042 subdialis
1681 1023 1766 1042 :rmu-

980 1060 1068 1088 landae
1086 1060 1179 1088 studio
1192 1064 1340 1092 teneretur,
1364 1067 1497 1088 cacumen
1515 1060 1630 1088 alterum
1646 1068 1760 1096 occupa-

980 1106 1029 1137 vit,
1047 1105 1107 1133 vico
1122 1106 1231 1133 cuidam
1254 1105 1413 1138 imminens,
1429 1113 1511 1141 quem
1525 1105 1669 1141 Targalam
1682 1106 1705 1123 ιδ
1718 1115 1765 1133 vo-

979 1156 1054 1179 cant.
1077 1151 1116 1179 lbi
1146 1151 1180 1178 ad
1201 1151 1276 1179 hunc
1296 1159 1383 1187 usque
1404 1151 1474 1180 diem
1497 1153 1692 1187 perseveravit,
1715 1159 1765 1180 nec

979 1196 1174 1224 domunculam
1189 1197 1306 1230 habens,
1320 1205 1372 1226 nec
1385 1198 1602 1231 tabernaculum,
1614 1206 1665 1226 nec
1684 1203 1765 1234 tugu-

979 1243 1061 1273 rium.
1082 1243 1129 1270 sed
1153 1243 1226 1270 nuda
1250 1243 1370 1271 maceria
1384 1243 1581 1275 circumdatus,
1600 1245 1714 1272 structis
1731 1252 1764 1272 ex

981 1288 1115 1323 lapidibus
1131 1297 1164 1316 ne
1177 1289 1236 1316 luto
1250 1289 1361 1324 quidem
1376 1289 1523 1324 copulatis.
1544 1289 1660 1317 Januam
1673 1294 1763 1318 autem

980 1333 1060 1361 habet
1074 1335 1131 1361 luto
1146 1342 1254 1370 semper
1268 1334 1415 1362 obductam
1432 1343 1438 1361 :
1453 1341 1535 1370 quam
1553 1334 1764 1362 adventantibus

979 1379 1040 1406 aliis
1048 1387 1186 1414 nunquam
1194 1379 1291 1414 aperit,
1301 1379 1366 1406 mihi
1375 1379 1420 1407 uni
1431 1386 1492 1407 cum
1505 1379 1584 1407 venio
1590 1380 1695 1411 aperire
1703 1387 1764 1414 per-

978 1425 1072 1452 mittit.
1082 1425 1203 1460 Eamque
1212 1425 1248 1453 ob
1257 1432 1314 1453 rem
1322 1430 1421 1453 coeunt
1428 1424 1661 1460 1255undique
1675 1425 1746 1460 pluri
1754 1439 1763 1445 -

979 1469 1026 1501 mi,
1035 1476 1097 1496 cum
1106 1469 1140 1497 de
1147 1471 1263 1498 adventu
1277 1477 1340 1498 meo
1348 1471 1472 1502 audiunt,
1482 1471 1585 1497 intrare
1593 1477 1698 1497 mecum
1708 1477 1763 1497 una

978 1515 1130 1550 cupientes.
1142 1516 1210 1544 Cum
1230 1516 1336 1545 caeteris
1349 1521 1451 1549 autem,
1466 1516 1513 1552 qui
1525 1516 1579 1544 alio
1593 1520 1715 1551 tempore
1727 1515 1763 1543 ad

978 1568 1040 1588 eum
1056 1561 1182 1593 veniunt,
1195 1568 1245 1597 per
1259 1562 1384 1598 exiguam
1395 1561 1543 1597 quamdam
1562 1561 1709 1590 fenestram
1721 1561 1762 1588 lo-

976 1615 1075 1641 quens,
1104 1607 1320 1636 benedictionem
1349 1608 1404 1636 illis
1425 1608 1556 1642 impertit,
1582 1608 1763 1643 plurimisque

976 1659 1024 1686 per
1038 1660 1097 1680 eam
1111 1653 1255 1680 sanitatem
1276 1653 1400 1687 largitur.
1417 1652 1568 1681 Salvatoris
1588 1654 1661 1681 enim
1680 1657 1761 1681 utens

977 1698 1096 1729 nomine,
1118 1698 1228 1726 morbos
1249 1698 1421 1733 comprimit,
1442 1697 1579 1725 daemones
1591 1699 1712 1732 expellit,
1730 1702 1759 1726 et

975 1742 1127 1776 apostolica.
1152 1742 1275 1769 imitatur
1296 1742 1440 1769 miracula.
1468 1741 1527 1769 Non
1555 1743 1644 1770 solum
1667 1747 1758 1770 autem

975 1787 1148 1814 venientibus
1172 1788 1206 1814 ad
1233 1795 1262 1815 se
1290 1789 1459 1815 curationem
1483 1788 1591 1819 tribuit,
1617 1787 1664 1815 sed
1688 1788 1759 1815 hanc

975 1841 1047 1868 saepe
1057 1841 1107 1860 suo
1126 1833 1211 1867 ipsius
1234 1834 1343 1868 corpori
1365 1834 1500 1862 exhibuit.
1528 1833 1664 1861 invaserat
1684 1835 1757 1861 enim

975 1878 1050 1905 illum
1065 1878 1121 1912 jam
1133 1878 1238 1913 pridem
1253 1879 1365 1905 morbus
1380 1878 1485 1906 colicus
1502 1886 1602 1914 :quani
1615 1885 1693 1906 acres
1703 1878 1759 1905 sint

975 1928 1065 1950 autem
1081 1924 1127 1958 qui
1141 1924 1206 1950 hinc
1220 1923 1347 1951 oriuntur
1367 1923 1477 1952 dolores
1491 1927 1518 1951 et
1537 1923 1687 1955 cruciatus,
1707 1931 1758 1958 op-

974 1970 1042 1997 time
1068 1970 1158 1997 sciunt
1182 1970 1220 1997 illi
1241 1969 1351 2005 quidem
1371 1970 1417 2004 qui
1443 1973 1509 1997 sunt
1525 1970 1639 2005 experti,
1666 1970 1758 1997 sciunt

973 2023 1039 2043 vero
1053 2016 1135 2044 etiam
1146 2016 1192 2051 qui
1203 2020 1370 2051 spectatores
1387 2015 1398 2043 ί
1400 2020 1507 2043 uerunt.
1515 2015 1677 2043 Volutantur
1684 2016 1756 2043 enim

973 2062 1123 2090 furentium
1144 2070 1232 2094 more,
1250 2063 1321 2089 hanc
1337 2066 1365 2089 et
1384 2062 1457 2089 illam
1478 2062 1505 2089 in
1526 2066 1630 2097 partem
1645 2070 1674 2090 se
1693 2070 1758 2089 con-

973 2112 1122 2140 vertentes,
1138 2113 1166 2135 et
1176 2107 1258 2143 pedes
1275 2108 1356 2136 simul
1371 2107 1523 2135 extendunt
1533 2115 1560 2135 et
1569 2108 1755 2135 contrahunt:

975 2154 1112 2182 interdum
1130 2154 1236 2185 sedent,
1250 2157 1277 2181 et
1293 2158 1457 2188 exsurgunt,
1472 2157 1500 2180 et
1513 2153 1665 2185 ambulant,
1680 2154 1757 2188 quie-

973 2205 1026 2228 tem
1040 2200 1158 2235 aliquam
1172 2199 1300 2227 omnibus
1312 2199 1401 2226 modis
1416 2203 1596 2234 aucupantes.
1609 2199 1715 2227 idcirco
1730 2205 1757 2227 et

136 2247 334 2278 συστέλλοντες.
343 2247 420 2274 Ἐστι
428 2248 456 2274 δὲ
466 2248 510 2274 ὅτε
525 2248 572 2274 καὶ
582 2247 725 2283 κάθηνται,
733 2248 780 2275 καὶ
793 2247 919 2276 ἀνίστανο

977 2246 1079 2274 balneis
1091 2245 1223 2277 assident,
1240 2249 1267 2272 et
1289 2245 1392 2272 intrant
1411 2244 1536 2276 subinde,
1561 2245 1688 2272 solatium
1706 2246 1756 2272 ali-

134 2300 191 2325 ται,
207 2294 255 2319 καὶ
279 2293 444 2328 βαδίζουσιν,
462 2293 620 2328 ἁναπαύλης
636 2294 709 2326 τινὸς
733 2294 815 2329 πόρον
829 2294 919 2329 εὑρεῖν

136 2337 337 2373 μηχανώμενοι.
348 2338 399 2364 Διὰ
408 2338 487 2365 τοῦτο
501 2339 548 2365 καὶ
563 2338 713 2374 βαλανείοις
726 2339 921 2374 προσεδρεύου-

134 2391 172 2414 σι,
195 2383 242 2410 καὶ
264 2383 392 2416 πολλάκις
418 2385 528 2417 είσίασι,
550 2385 728 2420 ψυχαγωγίας
752 2385 824 2417 τινὸς
852 2387 919 2413 ἀπο-

133 2428 271 2461 λαύοντες.
287 2429 341 2456 Καὶ
361 2430 388 2456 τί
410 2429 450 2456 δεῖ
470 2430 610 2465 μηκύνειν,
636 2431 671 2458 τὰ
687 2432 755 2458 πᾶσι
780 2432 849 2467 δῆλα
872 2431 919 2458 καὶ

135 2476 207 2510 σαφῆ
222 2475 439 2509 καταλέγονταςς
468 2476 587 2511 Τοιούτῳ
607 2476 687 2503 πάθει
712 2477 916 2512 προσπαλαίων,

134 2522 180 2548 καὶ
198 2521 342 2553 τοσαύταις
365 2522 412 2548 καὶ
426 2521 602 2557 τηλικαύταις
622 2523 728 2555 ὀδύναις
744 2524 916 2559 βαλλόμενος,

131 2566 184 2593 οὐκ
204 2567 329 2602 ίατρικῆς
339 2568 500 2603 ἐπικουρίας
522 2569 691 2605 ἀπήλαυσεν,
707 2570 737 2596 οὺ
755 2570 849 2604 κλίνης
870 2572 919 2605 ἡν-

135 2613 243 2649 ἑσχετο,
255 2613 287 2640 οὐ
299 2613 347 2649 τὴν
361 2614 416 2642 ἀπὸ
436 2615 588 2650 φαρμάκων
600 2616 616 2650 ἢ
630 2616 720 2644 σιτίων
739 2617 917 2652 ψυχαγωγίαν

132 2658 250 2692 ἐδέξατο.
269 2659 338 2686 Ἀλλ’
357 2659 405 2686 ἐπὶ
420 2659 526 2692 σανίδος
543 2661 631 2696 χαμαὶ
648 2662 777 2697 κειμένης
790 2662 913 2698 καθήμε-

132 2713 188 2738 νος,
202 2707 340 2741 προσευχῇ
357 2707 404 2734 καὶ
424 2706 552 2742 σφραγῖδι
572 2707 622 2742 τὴν
633 2707 780 2743 θεραπείαν
796 2707 915 2741 ἐδέξατο,

972 2291 1045 2326 quod
1061 2292 1210 2327 capientes.
1229 2290 1261 2318 Et
1286 2290 1351 2326 quid
1381 2291 1473 2318 multis
1493 2297 1561 2324 opus
1576 2296 1618 2317 est
1642 2298 1674 2318 ea
1695 2299 1756 2325 quae

971 2337 1100 2366 omnibus
1124 2341 1217 2372 aperta
1242 2340 1271 2364 et
1296 2336 1439 2363 manifesta
1455 2339 1463 2346 ‘
1482 2339 1547 2364 sunt
1575 2337 1756 2370 percensere?

969 2383 1037 2411 Cum
1055 2383 1211 2418 hujusmoili
1224 2384 1320 2410 morho
1333 2382 1498 2414 colluctans,
1510 2385 1537 2409 et
1556 2385 1597 2409 tot
1615 2382 1755 2417 tantisque

969 2429 1109 2457 doloribus
1124 2429 1274 2460 cruciatus,
1293 2427 1461 2454 medicorum
1482 2434 1534 2462 ope
1550 2435 1604 2454 non
1619 2431 1662 2455 est
1677 2435 1753 2459 usus,

971 2484 1026 2503 non
1040 2475 1103 2503 lecti
1124 2474 1258 2510 perfugio,
1285 2480 1339 2500 non
1369 2472 1425 2500 ullo
1448 2472 1658 2508 pharmacorum
1679 2473 1755 2500 cibo-

971 2528 1067 2549 rumve
1094 2521 1246 2548 levamento
1262 2529 1268 2547 :
1284 2519 1331 2546 sed
1352 2526 1434 2553 super
1450 2519 1542 2546 tabula
1566 2518 1640 2545 humi
1655 2519 1755 2545 sedens

971 2568 1095 2595 oratione
1114 2566 1166 2594 sibi
1191 2566 1337 2600 crucisque
1354 2565 1434 2600 signo
1456 2565 1619 2592 medicinam
1640 2563 1712 2593 fecit.
1727 2568 1754 2590 et

969 2614 1054 2642 divini
1070 2613 1189 2641 nominis
1209 2612 1339 2640 cautione
1361 2611 1470 2639 dolores
1492 2609 1656 2645 consOpivit.
1679 2609 1753 2636 Alius

969 2663 1063 2692 etiam,
1079 2659 1144 2687 dum
1160 2664 1239 2687 nocte
1256 2658 1422 2690 ambularet,
1438 2657 1558 2692 viperam
1574 2656 1753 2684 dormientem

970 2707 1098 2738 calcavit,
1112 2713 1172 2741 quae
1192 2705 1312 2740 plantam
1329 2704 1406 2738 pedis
1428 2702 1559 2730 invadens
1575 2702 1601 2729 in
1617 2709 1648 2729 en
1660 2703 1754 2729 dentes

760 2795 872 2823 VARI/ﬁ
892 2793 1091 2823 LECTIONES.

168 2870 194 2887 ’δ
207 2871 366 2905 Tarquitum.
386 2871 494 2899 Hervot.
