  <div class='ocr_page' id='page_1' title='image "/cluster/home/n/w/nwhite01/storage/ocr_20150623/82/njp.32101077772802/789.png"; bbox 0 0 2064 3120; ppageno 0'>
   <div class='ocr_carea' id='block_1_1' title="bbox 297 159 1112 197">
    <p class='ocr_par' dir='ltr' id='par_1_1' title="bbox 297 159 1112 197">
     <span class='ocr_line' id='line_1_1' title="bbox 297 159 1112 197; baseline -0.01 0"><span class='ocrx_word' id='word_1_1' title='bbox 297 163 365 197; x_wconf 71' lang='grc'><strong>1455</strong></span> <span class='ocrx_word' id='word_1_2' title='bbox 773 161 1014 192; x_wconf 80' lang='lat' dir='ltr'><strong>TlIEODORETI</strong></span> <span class='ocrx_word' id='word_1_3' title='bbox 1033 159 1112 190; x_wconf 81' lang='lat' dir='ltr'><strong>EPIS</strong></span> 
     </span>
    </p>
   </div>
   <div class='ocr_carea' id='block_1_2' title="bbox 1109 159 1924 197">
    <p class='ocr_par' dir='ltr' id='par_1_2' title="bbox 1109 159 1924 192">
     <span class='ocr_line' id='line_1_2' title="bbox 1109 159 1924 192; baseline 0.004 -4"><span class='ocrx_word' id='word_1_4' title='bbox 1109 159 1201 190; x_wconf 73' lang='lat' dir='ltr'><strong>iCOPI</strong></span> <span class='ocrx_word' id='word_1_5' title='bbox 1220 161 1403 191; x_wconf 77' lang='lat' dir='ltr'><strong>CYRENSIS</strong></span> <span class='ocrx_word' id='word_1_6' title='bbox 1859 159 1924 192; x_wconf 66' lang='grc'><strong>1456</strong></span> 
     </span>
    </p>
   </div>
   <div class='ocr_carea' id='block_1_3' title="bbox 295 215 1110 254">
    <p class='ocr_par' dir='ltr' id='par_1_3' title="bbox 295 218 1110 254">
     <span class='ocr_line' id='line_1_3' title="bbox 295 218 1110 254; baseline -0.009 -4"><span class='ocrx_word' id='word_1_7' title='bbox 295 220 394 250; x_wconf 78' lang='lat' dir='ltr'><strong>inﬁxit.</strong></span> <span class='ocrx_word' id='word_1_8' title='bbox 414 218 565 248; x_wconf 81' lang='lat' dir='ltr'><strong>Subvenire</strong></span> <span class='ocrx_word' id='word_1_9' title='bbox 583 218 644 254; x_wconf 86' lang='lat' dir='ltr'><strong>pedi</strong></span> <span class='ocrx_word' id='word_1_10' title='bbox 662 218 726 245; x_wconf 88' lang='lat' dir='ltr'><strong>dum</strong></span> <span class='ocrx_word' id='word_1_11' title='bbox 743 223 870 250; x_wconf 85' lang='lat' dir='ltr'><strong>conatur,</strong></span> <span class='ocrx_word' id='word_1_12' title='bbox 896 218 1082 247; x_wconf 64' lang='lat' dir='ltr'><strong>inflecterisse</strong></span> <span class='ocrx_word' id='word_1_13' title='bbox 1095 218 1110 245; x_wconf 76' lang='grc' dir='ltr'><em>Α</em></span> 
     </span>
    </p>
   </div>
   <div class='ocr_carea' id='block_1_4' title="bbox 1109 215 1924 254">
    <p class='ocr_par' dir='ltr' id='par_1_4' title="bbox 1109 215 1924 252">
     <span class='ocr_line' id='line_1_4' title="bbox 1109 215 1924 252; baseline -0.004 -8"><span class='ocrx_word' id='word_1_14' title='bbox 1109 216 1179 245; x_wconf 70' lang='grc' dir='ltr'>ικαὶ</span> <span class='ocrx_word' id='word_1_15' title='bbox 1206 218 1239 252; x_wconf 81' lang='grc' dir='ltr'>τῇ</span> <span class='ocrx_word' id='word_1_16' title='bbox 1262 217 1311 252; x_wconf 83' lang='grc' dir='ltr'>τῆς</span> <span class='ocrx_word' id='word_1_17' title='bbox 1332 216 1406 247; x_wconf 77' lang='grc' dir='ltr'>θείας</span> <span class='ocrx_word' id='word_1_18' title='bbox 1436 215 1623 251; x_wconf 73' lang='grc' dir='ltr'><strong>προσηγορίας</strong></span> <span class='ocrx_word' id='word_1_19' title='bbox 1642 215 1734 251; x_wconf 72' lang='grc' dir='ltr'><strong>ἐπῳδῇ</strong></span> <span class='ocrx_word' id='word_1_20' title='bbox 1760 215 1812 247; x_wconf 81' lang='grc' dir='ltr'>τὰς</span> <span class='ocrx_word' id='word_1_21' title='bbox 1830 216 1924 242; x_wconf 71' lang='grc' dir='ltr'><strong>ὀδύνας</strong></span> 
     </span>
    </p>
   </div>
   <div class='ocr_carea' id='block_1_5' title="bbox 295 260 1110 299">
    <p class='ocr_par' dir='ltr' id='par_1_5' title="bbox 295 264 1084 299">
     <span class='ocr_line' id='line_1_5' title="bbox 295 264 1084 299; baseline -0.005 -5"><span class='ocrx_word' id='word_1_22' title='bbox 295 273 408 294; x_wconf 86' lang='lat' dir='ltr'><strong>manum</strong></span> <span class='ocrx_word' id='word_1_23' title='bbox 423 265 553 295; x_wconf 84' lang='lat' dir='ltr'><strong>admovit.</strong></span> <span class='ocrx_word' id='word_1_24' title='bbox 563 268 590 292; x_wconf 91' lang='lat' dir='ltr'><strong>et</strong></span> <span class='ocrx_word' id='word_1_25' title='bbox 601 272 632 292; x_wconf 90' lang='lat' dir='ltr'><strong>os</strong></span> <span class='ocrx_word' id='word_1_26' title='bbox 642 264 748 299; x_wconf 72' lang='grc'><strong>1256</strong></span> <span class='ocrx_word' id='word_1_27' title='bbox 759 264 854 291; x_wconf 69' lang='lat' dir='ltr'><strong>bestia:</strong></span> <span class='ocrx_word' id='word_1_28' title='bbox 862 265 888 290; x_wconf 91' lang='lat' dir='ltr'><strong>in</strong></span> <span class='ocrx_word' id='word_1_29' title='bbox 902 271 959 290; x_wconf 79' lang='lat' dir='ltr'><strong>cam</strong></span> <span class='ocrx_word' id='word_1_30' title='bbox 970 271 1084 290; x_wconf 76' lang='lat' dir='ltr'><strong>conver-</strong></span> 
     </span>
    </p>
   </div>
   <div class='ocr_carea' id='block_1_6' title="bbox 1110 260 1925 299">
    <p class='ocr_par' dir='ltr' id='par_1_6' title="bbox 1136 260 1925 297">
     <span class='ocr_line' id='line_1_6' title="bbox 1136 260 1925 297; baseline -0.003 -9"><span class='ocrx_word' id='word_1_31' title='bbox 1136 262 1270 297; x_wconf 83' lang='grc' dir='ltr'>ὲκοίμισε.</span> <span class='ocrx_word' id='word_1_32' title='bbox 1285 262 1338 288; x_wconf 79' lang='grc' dir='ltr'>Καὶ</span> <span class='ocrx_word' id='word_1_33' title='bbox 1351 261 1445 287; x_wconf 82' lang='grc' dir='ltr'>ἄλλοτε</span> <span class='ocrx_word' id='word_1_34' title='bbox 1465 260 1573 296; x_wconf 74' lang='grc' dir='ltr'>νύκτωρ</span> <span class='ocrx_word' id='word_1_35' title='bbox 1591 260 1718 295; x_wconf 75' lang='grc' dir='ltr'><strong>βαδίζων,</strong></span> <span class='ocrx_word' id='word_1_36' title='bbox 1737 260 1824 295; x_wconf 79' lang='grc' dir='ltr'>ἔχεως</span> <span class='ocrx_word' id='word_1_37' title='bbox 1843 261 1925 295; x_wconf 68' lang='grc' dir='ltr'>ἐπέὖη</span> 
     </span>
    </p>
   </div>
   <div class='ocr_carea' id='block_1_7' title="bbox 295 306 1110 344">
    <p class='ocr_par' dir='ltr' id='par_1_7' title="bbox 295 309 1085 344">
     <span class='ocr_line' id='line_1_7' title="bbox 295 309 1085 344; baseline -0.004 -4"><span class='ocrx_word' id='word_1_38' title='bbox 295 314 327 340; x_wconf 87' lang='lat' dir='ltr'><strong>tit</strong></span> <span class='ocrx_word' id='word_1_39' title='bbox 345 322 351 339; x_wconf 90' lang='lat'><strong>:</strong></span> <span class='ocrx_word' id='word_1_40' title='bbox 369 311 415 339; x_wconf 88' lang='lat' dir='ltr'><strong>cui</strong></span> <span class='ocrx_word' id='word_1_41' title='bbox 435 318 532 338; x_wconf 84' lang='lat' dir='ltr'><strong>rursus</strong></span> <span class='ocrx_word' id='word_1_42' title='bbox 549 310 616 337; x_wconf 64' lang='lat' dir='ltr'><strong>laeva</strong></span> <span class='ocrx_word' id='word_1_43' title='bbox 638 318 719 337; x_wconf 92' lang='lat' dir='ltr'><strong>manu</strong></span> <span class='ocrx_word' id='word_1_44' title='bbox 745 318 824 344; x_wconf 88' lang='lat' dir='ltr'><strong>opetn</strong></span> <span class='ocrx_word' id='word_1_45' title='bbox 843 309 947 342; x_wconf 82' lang='lat' dir='ltr'><strong>ferens,</strong></span> <span class='ocrx_word' id='word_1_46' title='bbox 966 310 993 336; x_wconf 94' lang='lat' dir='ltr'><strong>in</strong></span> <span class='ocrx_word' id='word_1_47' title='bbox 1014 309 1085 338; x_wconf 88' lang='lat' dir='ltr'><strong>hanc</strong></span> 
     </span>
    </p>
   </div>
   <div class='ocr_carea' id='block_1_8' title="bbox 1111 306 1926 344">
    <p class='ocr_par' dir='ltr' id='par_1_8' title="bbox 1135 306 1926 342">
     <span class='ocr_line' id='line_1_8' title="bbox 1135 306 1926 342; baseline -0.003 -8"><span class='ocrx_word' id='word_1_48' title='bbox 1135 307 1328 338; x_wconf 80' lang='grc' dir='ltr'>καθεύδοντος’</span> <span class='ocrx_word' id='word_1_49' title='bbox 1348 308 1362 333; x_wconf 85' lang='grc' dir='ltr'><strong>ό</strong></span> <span class='ocrx_word' id='word_1_50' title='bbox 1383 307 1412 333; x_wconf 80' lang='grc' dir='ltr'>δὲ</span> <span class='ocrx_word' id='word_1_51' title='bbox 1436 307 1483 333; x_wconf 81' lang='grc' dir='ltr'>τοῦ</span> <span class='ocrx_word' id='word_1_52' title='bbox 1509 306 1611 342; x_wconf 72' lang='grc' dir='ltr'>ταρσοῦ</span> <span class='ocrx_word' id='word_1_53' title='bbox 1635 306 1846 342; x_wconf 72' lang='grc' dir='ltr'>ἐπιλαϐόμενος,</span> <span class='ocrx_word' id='word_1_54' title='bbox 1866 306 1926 337; x_wconf 70' lang='grc' dir='ltr'>τοὺς</span> 
     </span>
    </p>
   </div>
   <div class='ocr_carea' id='block_1_9' title="bbox 294 353 1109 393">
    <p class='ocr_par' dir='ltr' id='par_1_9' title="bbox 294 355 1083 393">
     <span class='ocr_line' id='line_1_9' title="bbox 294 355 1083 393; baseline -0.004 -8"><span class='ocrx_word' id='word_1_55' title='bbox 294 365 403 393; x_wconf 87' lang='lat' dir='ltr'><strong>quoque</strong></span> <span class='ocrx_word' id='word_1_56' title='bbox 418 357 513 384; x_wconf 75' lang='lat' dir='ltr'><strong>bestiae</strong></span> <span class='ocrx_word' id='word_1_57' title='bbox 527 356 596 383; x_wconf 82' lang='lat' dir='ltr'><strong>iram</strong></span> <span class='ocrx_word' id='word_1_58' title='bbox 610 356 701 384; x_wconf 79' lang='lat' dir='ltr'><strong>traxit.</strong></span> <span class='ocrx_word' id='word_1_59' title='bbox 720 355 867 390; x_wconf 89' lang='lat' dir='ltr'><strong>Postquam</strong></span> <span class='ocrx_word' id='word_1_60' title='bbox 879 359 968 383; x_wconf 87' lang='lat' dir='ltr'><strong>autem</strong></span> <span class='ocrx_word' id='word_1_61' title='bbox 981 355 1083 383; x_wconf 94' lang='lat' dir='ltr'><strong>rabiem</strong></span> 
     </span>
    </p>
   </div>
   <div class='ocr_carea' id='block_1_10' title="bbox 1111 353 1926 393">
    <p class='ocr_par' dir='ltr' id='par_1_10' title="bbox 1135 353 1926 389">
     <span class='ocr_line' id='line_1_10' title="bbox 1135 353 1926 389; baseline -0.005 -7"><span class='ocrx_word' id='word_1_62' title='bbox 1135 355 1245 385; x_wconf 75' lang='grc' dir='ltr'><strong>ὀδόντας</strong></span> <span class='ocrx_word' id='word_1_63' title='bbox 1261 354 1377 389; x_wconf 84' lang='grc' dir='ltr'>ἐπήγνν.</span> <span class='ocrx_word' id='word_1_64' title='bbox 1395 353 1551 388; x_wconf 76' lang='grc' dir='ltr'>Ἐπαμῦναι</span> <span class='ocrx_word' id='word_1_65' title='bbox 1577 353 1605 379; x_wconf 84' lang='grc' dir='ltr'>δὲ</span> <span class='ocrx_word' id='word_1_66' title='bbox 1629 353 1669 388; x_wconf 80' lang='grc' dir='ltr'><strong>τῷ</strong></span> <span class='ocrx_word' id='word_1_67' title='bbox 1685 353 1747 379; x_wconf 77' lang='grc' dir='ltr'>ποδὶ</span> <span class='ocrx_word' id='word_1_68' title='bbox 1773 353 1926 388; x_wconf 78' lang='grc' dir='ltr'>πειραθεὶς,</span> 
     </span>
    </p>
   </div>
   <div class='ocr_carea' id='block_1_11' title="bbox 262 398 1077 441">
    <p class='ocr_par' dir='ltr' id='par_1_11' title="bbox 262 401 1077 441">
     <span class='ocr_line' id='line_1_11' title="bbox 262 401 1077 441; baseline -0.004 -10"><span class='ocrx_word' id='word_1_69' title='bbox 262 410 269 441; x_wconf 54' lang='grc' dir='ltr'><em>ξ</em></span> <span class='ocrx_word' id='word_1_70' title='bbox 293 403 414 439; x_wconf 73' lang='lat' dir='ltr'><strong>explevit</strong></span> <span class='ocrx_word' id='word_1_71' title='bbox 436 403 555 437; x_wconf 85' lang='lat' dir='ltr'><strong>(morsus</strong></span> <span class='ocrx_word' id='word_1_72' title='bbox 574 402 676 437; x_wconf 79' lang='lat' dir='ltr'><strong>quippe</strong></span> <span class='ocrx_word' id='word_1_73' title='bbox 701 409 785 437; x_wconf 75' lang='lat' dir='ltr'><strong>Supra</strong></span> <span class='ocrx_word' id='word_1_74' title='bbox 813 401 906 429; x_wconf 81' lang='lat' dir='ltr'><strong>decem</strong></span> <span class='ocrx_word' id='word_1_75' title='bbox 929 401 1077 434; x_wconf 62' lang='lat' dir='ltr'><strong>intulerat)1</strong></span> 
     </span>
    </p>
   </div>
   <div class='ocr_carea' id='block_1_12' title="bbox 1110 398 1925 441">
    <p class='ocr_par' dir='ltr' id='par_1_12' title="bbox 1135 398 1925 435">
     <span class='ocr_line' id='line_1_12' title="bbox 1135 398 1925 435; baseline -0.004 -8"><span class='ocrx_word' id='word_1_76' title='bbox 1135 401 1292 427; x_wconf 83' lang='grc' dir='ltr'>κατέκυπτε</span> <span class='ocrx_word' id='word_1_77' title='bbox 1311 399 1370 435; x_wconf 75' lang='grc' dir='ltr'><strong>μὲν⁷</strong></span> <span class='ocrx_word' id='word_1_78' title='bbox 1399 399 1446 425; x_wconf 79' lang='grc' dir='ltr'><strong>καὶ</strong></span> <span class='ocrx_word' id='word_1_79' title='bbox 1475 399 1523 434; x_wconf 85' lang='grc' dir='ltr'>τὴν</span> <span class='ocrx_word' id='word_1_80' title='bbox 1546 400 1625 434; x_wconf 85' lang='grc' dir='ltr'>χεῖρα</span> <span class='ocrx_word' id='word_1_81' title='bbox 1645 399 1734 434; x_wconf 72' lang='grc' dir='ltr'>τούτῳ</span> <span class='ocrx_word' id='word_1_82' title='bbox 1761 398 1925 433; x_wconf 75' lang='grc' dir='ltr'>προσέφερε,</span> 
     </span>
    </p>
   </div>
   <div class='ocr_carea' id='block_1_13' title="bbox 294 443 1109 483">
    <p class='ocr_par' dir='ltr' id='par_1_13' title="bbox 294 448 1085 483">
     <span class='ocr_line' id='line_1_13' title="bbox 294 448 1085 483; baseline -0.004 -6"><span class='ocrx_word' id='word_1_83' title='bbox 294 450 361 477; x_wconf 81' lang='lat' dir='ltr'><strong>abiit</strong></span> <span class='ocrx_word' id='word_1_84' title='bbox 381 450 439 481; x_wconf 75' lang='lat' dir='ltr'><strong>illa,</strong></span> <span class='ocrx_word' id='word_1_85' title='bbox 459 456 595 483; x_wconf 83' lang='lat' dir='ltr'><strong>suumque</strong></span> <span class='ocrx_word' id='word_1_86' title='bbox 615 449 642 475; x_wconf 90' lang='lat' dir='ltr'><strong>in</strong></span> <span class='ocrx_word' id='word_1_87' title='bbox 661 449 805 476; x_wconf 83' lang='lat' dir='ltr'><strong>latibulum</strong></span> <span class='ocrx_word' id='word_1_88' title='bbox 825 456 854 475; x_wconf 88' lang='lat' dir='ltr'><strong>se</strong></span> <span class='ocrx_word' id='word_1_89' title='bbox 871 449 976 483; x_wconf 86' lang='lat' dir='ltr'><strong>recepit</strong></span> <span class='ocrx_word' id='word_1_90' title='bbox 995 457 1000 475; x_wconf 93' lang='lat'><strong>:</strong></span> <span class='ocrx_word' id='word_1_91' title='bbox 1026 448 1085 482; x_wconf 80' lang='lat' dir='ltr'><strong>ipse</strong></span> 
     </span>
    </p>
   </div>
   <div class='ocr_carea' id='block_1_14' title="bbox 1112 443 1927 483">
    <p class='ocr_par' dir='ltr' id='par_1_14' title="bbox 1137 443 1927 480">
     <span class='ocr_line' id='line_1_14' title="bbox 1137 443 1927 480; baseline -0.004 -8"><span class='ocrx_word' id='word_1_92' title='bbox 1137 445 1270 480; x_wconf 78' lang='grc' dir='ltr'>μετέφερε</span> <span class='ocrx_word' id='word_1_93' title='bbox 1288 445 1316 471; x_wconf 83' lang='grc' dir='ltr'>δὲ</span> <span class='ocrx_word' id='word_1_94' title='bbox 1333 446 1371 476; x_wconf 84' lang='grc' dir='ltr'><strong>είς</strong></span> <span class='ocrx_word' id='word_1_95' title='bbox 1386 444 1488 479; x_wconf 86' lang='grc' dir='ltr'>ταύτην</span> <span class='ocrx_word' id='word_1_96' title='bbox 1504 443 1551 470; x_wconf 79' lang='grc' dir='ltr'>τοῦ</span> <span class='ocrx_word' id='word_1_97' title='bbox 1564 443 1660 479; x_wconf 79' lang='grc' dir='ltr'>θηρίου</span> <span class='ocrx_word' id='word_1_98' title='bbox 1679 443 1711 470; x_wconf 81' lang='grc' dir='ltr'>τὸ</span> <span class='ocrx_word' id='word_1_99' title='bbox 1723 443 1826 478; x_wconf 76' lang='grc' dir='ltr'>στόμα·</span> <span class='ocrx_word' id='word_1_100' title='bbox 1847 443 1927 470; x_wconf 75' lang='grc' dir='ltr'>πάλιν</span> 
     </span>
    </p>
   </div>
   <div class='ocr_carea' id='block_1_15' title="bbox 293 488 1108 527">
    <p class='ocr_par' dir='ltr' id='par_1_15' title="bbox 293 492 1084 527">
     <span class='ocr_line' id='line_1_15' title="bbox 293 492 1084 527; baseline 0 -7"><span class='ocrx_word' id='word_1_101' title='bbox 293 502 360 522; x_wconf 81' lang='lat' dir='ltr'><strong>vero</strong></span> <span class='ocrx_word' id='word_1_102' title='bbox 377 494 484 521; x_wconf 85' lang='lat' dir='ltr'><strong>acerbis</strong></span> <span class='ocrx_word' id='word_1_103' title='bbox 496 494 616 527; x_wconf 87' lang='lat' dir='ltr'><strong>undique</strong></span> <span class='ocrx_word' id='word_1_104' title='bbox 629 493 770 520; x_wconf 86' lang='lat' dir='ltr'><strong>doloribus</strong></span> <span class='ocrx_word' id='word_1_105' title='bbox 786 493 970 520; x_wconf 79' lang='lat' dir='ltr'><strong>cruciabatur.</strong></span> <span class='ocrx_word' id='word_1_106' title='bbox 982 492 1035 519; x_wconf 87' lang='lat' dir='ltr'><strong>Sed</strong></span> <span class='ocrx_word' id='word_1_107' title='bbox 1050 500 1084 520; x_wconf 89' lang='lat' dir='ltr'><strong>ne</strong></span> 
     </span>
    </p>
   </div>
   <div class='ocr_carea' id='block_1_16' title="bbox 1111 488 1926 527">
    <p class='ocr_par' dir='ltr' id='par_1_16' title="bbox 1134 488 1926 525">
     <span class='ocr_line' id='line_1_16' title="bbox 1134 488 1926 525; baseline -0.005 -8"><span class='ocrx_word' id='word_1_108' title='bbox 1134 490 1163 517; x_wconf 79' lang='grc' dir='ltr'>δὲ</span> <span class='ocrx_word' id='word_1_109' title='bbox 1175 491 1208 525; x_wconf 78' lang='grc' dir='ltr'>τῇ</span> <span class='ocrx_word' id='word_1_110' title='bbox 1223 489 1357 525; x_wconf 80' lang='grc' dir='ltr'><strong>εὐωνύμῳ</strong></span> <span class='ocrx_word' id='word_1_111' title='bbox 1373 489 1546 525; x_wconf 77' lang='grc' dir='ltr'>χρησάμενος</span> <span class='ocrx_word' id='word_1_112' title='bbox 1561 489 1601 520; x_wconf 75' lang='grc' dir='ltr'><strong>εἰς</strong></span> <span class='ocrx_word' id='word_1_113' title='bbox 1616 489 1745 524; x_wconf 76' lang='grc' dir='ltr'>βοήθειαν</span> <span class='ocrx_word' id='word_1_114' title='bbox 1759 489 1808 523; x_wconf 76' lang='grc' dir='ltr'>τῆς</span> <span class='ocrx_word' id='word_1_115' title='bbox 1820 488 1926 523; x_wconf 79' lang='grc' dir='ltr'>ἐτέρας,</span> 
     </span>
    </p>
   </div>
   <div class='ocr_carea' id='block_1_17' title="bbox 295 533 1110 573">
    <p class='ocr_par' dir='ltr' id='par_1_17' title="bbox 295 537 1084 573">
     <span class='ocr_line' id='line_1_17' title="bbox 295 537 1084 573; baseline -0.004 -7"><span class='ocrx_word' id='word_1_116' title='bbox 295 542 361 566; x_wconf 89' lang='lat' dir='ltr'><strong>tunc</strong></span> <span class='ocrx_word' id='word_1_117' title='bbox 376 538 488 573; x_wconf 89' lang='lat' dir='ltr'><strong>quidem</strong></span> <span class='ocrx_word' id='word_1_118' title='bbox 508 537 621 565; x_wconf 77' lang='lat' dir='ltr'><strong>medicae</strong></span> <span class='ocrx_word' id='word_1_119' title='bbox 632 537 700 565; x_wconf 89' lang='lat' dir='ltr'><strong>artis</strong></span> <span class='ocrx_word' id='word_1_120' title='bbox 716 538 818 565; x_wconf 84' lang='lat' dir='ltr'><strong>auxilio</strong></span> <span class='ocrx_word' id='word_1_121' title='bbox 834 538 872 564; x_wconf 89' lang='lat' dir='ltr'><strong>uti</strong></span> <span class='ocrx_word' id='word_1_122' title='bbox 886 537 997 572; x_wconf 80' lang='lat' dir='ltr'><strong>placuit,</strong></span> <span class='ocrx_word' id='word_1_123' title='bbox 1011 538 1084 565; x_wconf 82' lang='lat' dir='ltr'><strong>sola-</strong></span> 
     </span>
    </p>
   </div>
   <div class='ocr_carea' id='block_1_18' title="bbox 1112 533 1927 573">
    <p class='ocr_par' dir='ltr' id='par_1_18' title="bbox 1135 533 1927 570">
     <span class='ocr_line' id='line_1_18' title="bbox 1135 533 1927 570; baseline -0.003 -8"><span class='ocrx_word' id='word_1_124' title='bbox 1135 533 1209 563; x_wconf 82' lang='grc' dir='ltr'>εἷλκε</span> <span class='ocrx_word' id='word_1_125' title='bbox 1225 536 1356 563; x_wconf 73' lang='grc' dir='ltr'>καὶκατὰ</span> <span class='ocrx_word' id='word_1_126' title='bbox 1372 535 1475 570; x_wconf 83' lang='grc' dir='ltr'><strong>ταύτης</strong></span> <span class='ocrx_word' id='word_1_127' title='bbox 1487 536 1532 562; x_wconf 82' lang='grc' dir='ltr'>τὸν</span> <span class='ocrx_word' id='word_1_128' title='bbox 1550 535 1596 562; x_wconf 84' lang='grc' dir='ltr'>τοῦ</span> <span class='ocrx_word' id='word_1_129' title='bbox 1619 535 1715 569; x_wconf 81' lang='grc' dir='ltr'><strong>θηρίου</strong></span> <span class='ocrx_word' id='word_1_130' title='bbox 1733 535 1829 569; x_wconf 79' lang='grc' dir='ltr'>θυμόν.</span> <span class='ocrx_word' id='word_1_131' title='bbox 1853 534 1927 560; x_wconf 77' lang='grc' dir='ltr'>Ἐπεὶ</span> 
     </span>
    </p>
   </div>
   <div class='ocr_carea' id='block_1_19' title="bbox 293 583 1108 621">
    <p class='ocr_par' dir='ltr' id='par_1_19' title="bbox 293 583 1083 620">
     <span class='ocr_line' id='line_1_19' title="bbox 293 583 1083 620; baseline -0.003 -8"><span class='ocrx_word' id='word_1_132' title='bbox 293 592 348 620; x_wconf 88' lang='lat' dir='ltr'><strong>que</strong></span> <span class='ocrx_word' id='word_1_133' title='bbox 362 584 424 612; x_wconf 82' lang='lat' dir='ltr'><strong>ﬁdei</strong></span> <span class='ocrx_word' id='word_1_134' title='bbox 444 584 590 619; x_wconf 88' lang='lat' dir='ltr'><strong>pharmaca</strong></span> <span class='ocrx_word' id='word_1_135' title='bbox 605 583 766 612; x_wconf 83' lang='lat' dir='ltr'><strong>vulneribus</strong></span> <span class='ocrx_word' id='word_1_136' title='bbox 786 584 845 612; x_wconf 84' lang='lat' dir='ltr'><strong>suis</strong></span> <span class='ocrx_word' id='word_1_137' title='bbox 866 584 1001 615; x_wconf 86' lang='lat' dir='ltr'><strong>adhibuit,</strong></span> <span class='ocrx_word' id='word_1_138' title='bbox 1021 592 1083 611; x_wconf 83' lang='lat' dir='ltr'><strong>ora-</strong></span> 
     </span>
    </p>
   </div>
   <div class='ocr_carea' id='block_1_20' title="bbox 1112 583 1927 621">
    <p class='ocr_par' dir='ltr' id='par_1_20' title="bbox 1134 584 1927 621">
     <span class='ocr_line' id='line_1_20' title="bbox 1134 584 1927 621; baseline -0.004 -8"><span class='ocrx_word' id='word_1_139' title='bbox 1134 585 1162 613; x_wconf 78' lang='grc' dir='ltr'>δὲ</span> <span class='ocrx_word' id='word_1_140' title='bbox 1177 586 1257 621; x_wconf 80' lang='grc' dir='ltr'>κόρον</span> <span class='ocrx_word' id='word_1_141' title='bbox 1272 585 1350 611; x_wconf 72' lang='grc' dir='ltr'>ἔλαϐε</span> <span class='ocrx_word' id='word_1_142' title='bbox 1367 585 1417 620; x_wconf 75' lang='grc' dir='ltr'>τῆς</span> <span class='ocrx_word' id='word_1_143' title='bbox 1429 585 1528 620; x_wconf 82' lang='grc' dir='ltr'>μανίας</span> <span class='ocrx_word' id='word_1_144' title='bbox 1542 584 1664 618; x_wconf 78' lang='grc' dir='ltr'><strong>(πλείονα</strong></span> <span class='ocrx_word' id='word_1_145' title='bbox 1682 585 1737 619; x_wconf 80' lang='grc' dir='ltr'>γὰρ</span> <span class='ocrx_word' id='word_1_146' title='bbox 1747 584 1824 618; x_wconf 82' lang='grc' dir='ltr'>αὐτῷ</span> <span class='ocrx_word' id='word_1_147' title='bbox 1835 585 1851 619; x_wconf 80' lang='grc' dir='ltr'>ἣ</span> <span class='ocrx_word' id='word_1_148' title='bbox 1863 585 1927 610; x_wconf 79' lang='grc' dir='ltr'>δέκα</span> 
     </span>
    </p>
   </div>
   <div class='ocr_carea' id='block_1_21' title="bbox 271 629 1086 666">
    <p class='ocr_par' dir='ltr' id='par_1_21' title="bbox 271 629 1083 663">
     <span class='ocr_line' id='line_1_21' title="bbox 271 629 1083 663; baseline -0.001 -6"><span class='ocrx_word' id='word_1_149' title='bbox 271 629 275 633; x_wconf 86' lang='grc'><em>”</em></span> <span class='ocrx_word' id='word_1_150' title='bbox 294 631 397 658; x_wconf 86' lang='lat' dir='ltr'><strong>tionem</strong></span> <span class='ocrx_word' id='word_1_151' title='bbox 405 634 431 657; x_wconf 91' lang='lat' dir='ltr'><strong>et</strong></span> <span class='ocrx_word' id='word_1_152' title='bbox 444 630 552 663; x_wconf 71' lang='lat' dir='ltr'><strong>signum</strong></span> <span class='ocrx_word' id='word_1_153' title='bbox 563 631 664 662; x_wconf 89' lang='lat' dir='ltr'><strong>crucis,</strong></span> <span class='ocrx_word' id='word_1_154' title='bbox 674 633 701 657; x_wconf 89' lang='lat' dir='ltr'><strong>et</strong></span> <span class='ocrx_word' id='word_1_155' title='bbox 717 630 917 657; x_wconf 85' lang='lat' dir='ltr'><strong>invocationem</strong></span> <span class='ocrx_word' id='word_1_156' title='bbox 934 629 992 657; x_wconf 87' lang='lat' dir='ltr'><strong>Dei.</strong></span> <span class='ocrx_word' id='word_1_157' title='bbox 1015 629 1083 655; x_wconf 80' lang='lat' dir='ltr'><strong>Prn-</strong></span> 
     </span>
    </p>
   </div>
   <div class='ocr_carea' id='block_1_22' title="bbox 1113 629 1928 666">
    <p class='ocr_par' dir='ltr' id='par_1_22' title="bbox 1135 629 1928 666">
     <span class='ocr_line' id='line_1_22' title="bbox 1135 629 1928 666; baseline -0.004 -9"><span class='ocrx_word' id='word_1_158' title='bbox 1135 631 1318 666; x_wconf 77' lang='grc' dir='ltr'>προσενήνοχε</span> <span class='ocrx_word' id='word_1_159' title='bbox 1348 631 1487 666; x_wconf 77' lang='grc' dir='ltr'><strong>δήγματα,</strong></span> <span class='ocrx_word' id='word_1_160' title='bbox 1505 629 1536 656; x_wconf 76' lang='grc' dir='ltr'><strong>τὸ</strong></span> <span class='ocrx_word' id='word_1_161' title='bbox 1554 630 1603 665; x_wconf 82' lang='grc' dir='ltr'><strong>μὲν</strong></span> <span class='ocrx_word' id='word_1_162' title='bbox 1619 630 1736 664; x_wconf 73' lang='grc' dir='ltr'>ἀπέστη,</span> <span class='ocrx_word' id='word_1_163' title='bbox 1753 630 1801 656; x_wconf 71' lang='grc' dir='ltr'><strong>καὶ</strong></span> <span class='ocrx_word' id='word_1_164' title='bbox 1819 629 1866 655; x_wconf 64' lang='grc' dir='ltr'>τὸν</span> <span class='ocrx_word' id='word_1_165' title='bbox 1883 639 1928 664; x_wconf 66' lang='grc' dir='ltr'><strong>χιε-</strong></span> 
     </span>
    </p>
   </div>
   <div class='ocr_carea' id='block_1_23' title="bbox 293 674 1108 711">
    <p class='ocr_par' dir='ltr' id='par_1_23' title="bbox 293 675 1083 711">
     <span class='ocr_line' id='line_1_23' title="bbox 293 675 1083 711; baseline -0.003 -7"><span class='ocrx_word' id='word_1_166' title='bbox 293 681 387 711; x_wconf 86' lang='lat' dir='ltr'><strong>pterea</strong></span> <span class='ocrx_word' id='word_1_167' title='bbox 405 680 507 707; x_wconf 82' lang='lat' dir='ltr'><strong>autem,</strong></span> <span class='ocrx_word' id='word_1_168' title='bbox 520 679 551 703; x_wconf 94' lang='lat' dir='ltr'><strong>ut</strong></span> <span class='ocrx_word' id='word_1_169' title='bbox 567 675 696 708; x_wconf 85' lang='lat' dir='ltr'><strong>arbitror,</strong></span> <span class='ocrx_word' id='word_1_170' title='bbox 707 675 804 703; x_wconf 77' lang='lat' dir='ltr'><strong>sawire</strong></span> <span class='ocrx_word' id='word_1_171' title='bbox 819 676 846 703; x_wconf 93' lang='lat' dir='ltr'><strong>in</strong></span> <span class='ocrx_word' id='word_1_172' title='bbox 863 682 972 703; x_wconf 89' lang='lat' dir='ltr'><strong>sacrum</strong></span> <span class='ocrx_word' id='word_1_173' title='bbox 981 683 1083 710; x_wconf 89' lang='lat' dir='ltr'><strong>corpus</strong></span> 
     </span>
    </p>
   </div>
   <div class='ocr_carea' id='block_1_24' title="bbox 1114 674 1929 711">
    <p class='ocr_par' dir='ltr' id='par_1_24' title="bbox 1135 674 1929 710">
     <span class='ocr_line' id='line_1_24' title="bbox 1135 674 1929 710; baseline -0.003 -9"><span class='ocrx_word' id='word_1_174' title='bbox 1135 674 1222 710; x_wconf 80' lang='grc' dir='ltr'>ραμὸν</span> <span class='ocrx_word' id='word_1_175' title='bbox 1235 675 1280 701; x_wconf 73' lang='grc' dir='ltr'><strong>τὸν</strong></span> <span class='ocrx_word' id='word_1_176' title='bbox 1295 676 1395 702; x_wconf 83' lang='grc' dir='ltr'>οἰκεῖον</span> <span class='ocrx_word' id='word_1_177' title='bbox 1413 675 1562 701; x_wconf 75' lang='grc' dir='ltr'>κατέλαϐεν</span> <span class='ocrx_word' id='word_1_178' title='bbox 1572 683 1578 689; x_wconf 92' lang='grc'>·</span> <span class='ocrx_word' id='word_1_179' title='bbox 1595 676 1608 701; x_wconf 81' lang='grc' dir='ltr'><strong><em>ὁ</em></strong></span> <span class='ocrx_word' id='word_1_180' title='bbox 1623 675 1650 701; x_wconf 80' lang='grc' dir='ltr'>δὲ</span> <span class='ocrx_word' id='word_1_181' title='bbox 1665 674 1798 701; x_wconf 73' lang='grc' dir='ltr'>παντοοεν</span> <span class='ocrx_word' id='word_1_182' title='bbox 1817 675 1929 709; x_wconf 76' lang='grc' dir='ltr'>πικραῖς</span> 
     </span>
    </p>
   </div>
   <div class='ocr_carea' id='block_1_25' title="bbox 294 721 1109 757">
    <p class='ocr_par' dir='ltr' id='par_1_25' title="bbox 294 721 1082 757">
     <span class='ocr_line' id='line_1_25' title="bbox 294 721 1082 757; baseline -0.004 -7"><span class='ocrx_word' id='word_1_183' title='bbox 294 723 408 750; x_wconf 83' lang='lat' dir='ltr'><strong>bestiam</strong></span> <span class='ocrx_word' id='word_1_184' title='bbox 425 722 498 749; x_wconf 91' lang='lat' dir='ltr'><strong>illam</strong></span> <span class='ocrx_word' id='word_1_185' title='bbox 510 721 637 757; x_wconf 88' lang='lat' dir='ltr'><strong>permisit</strong></span> <span class='ocrx_word' id='word_1_186' title='bbox 655 722 845 749; x_wconf 87' lang='lat' dir='ltr'><strong>universorum</strong></span> <span class='ocrx_word' id='word_1_187' title='bbox 869 722 953 754; x_wconf 84' lang='lat' dir='ltr'><strong>Deus,</strong></span> <span class='ocrx_word' id='word_1_188' title='bbox 968 727 998 749; x_wconf 91' lang='lat' dir='ltr'><strong>ut</strong></span> <span class='ocrx_word' id='word_1_189' title='bbox 1010 721 1082 749; x_wconf 88' lang='lat' dir='ltr'><strong>divi-</strong></span> 
     </span>
    </p>
   </div>
   <div class='ocr_carea' id='block_1_26' title="bbox 1115 721 1930 757">
    <p class='ocr_par' dir='ltr' id='par_1_26' title="bbox 1134 721 1930 756">
     <span class='ocr_line' id='line_1_26' title="bbox 1134 721 1930 756; baseline -0.001 -9"><span class='ocrx_word' id='word_1_190' title='bbox 1134 721 1265 748; x_wconf 80' lang='grc' dir='ltr'>ὲὸάλλετο</span> <span class='ocrx_word' id='word_1_191' title='bbox 1282 721 1400 753; x_wconf 83' lang='grc' dir='ltr'><strong>ὀδύναις.</strong></span> <span class='ocrx_word' id='word_1_192' title='bbox 1410 721 1480 748; x_wconf 84' lang='grc' dir='ltr'>Ἀλλ’</span> <span class='ocrx_word' id='word_1_193' title='bbox 1498 721 1559 748; x_wconf 80' lang='grc' dir='ltr'><strong>οὐδὲ</strong></span> <span class='ocrx_word' id='word_1_194' title='bbox 1581 722 1642 748; x_wconf 84' lang='grc' dir='ltr'>τότε</span> <span class='ocrx_word' id='word_1_195' title='bbox 1665 722 1714 756; x_wconf 81' lang='grc' dir='ltr'>τῆς</span> <span class='ocrx_word' id='word_1_196' title='bbox 1733 721 1860 756; x_wconf 71' lang='grc' dir='ltr'>ἰατρικῆς</span> <span class='ocrx_word' id='word_1_197' title='bbox 1884 722 1930 755; x_wconf 68' lang='grc' dir='ltr'><strong>ἠν-</strong></span> 
     </span>
    </p>
   </div>
   <div class='ocr_carea' id='block_1_27' title="bbox 294 767 1109 804">
    <p class='ocr_par' dir='ltr' id='par_1_27' title="bbox 294 767 1080 802">
     <span class='ocr_line' id='line_1_27' title="bbox 294 767 1080 802; baseline 0 -8"><span class='ocrx_word' id='word_1_198' title='bbox 294 776 336 796; x_wconf 65' lang='grc' dir='ltr'>ηε</span> <span class='ocrx_word' id='word_1_199' title='bbox 354 768 427 796; x_wconf 87' lang='lat' dir='ltr'><strong>illius</strong></span> <span class='ocrx_word' id='word_1_200' title='bbox 446 767 543 795; x_wconf 65' lang='lat' dir='ltr'><strong>animae</strong></span> <span class='ocrx_word' id='word_1_201' title='bbox 569 767 728 802; x_wconf 86' lang='lat' dir='ltr'><strong>patientiam</strong></span> <span class='ocrx_word' id='word_1_202' title='bbox 751 767 881 795; x_wconf 88' lang='lat' dir='ltr'><strong>omnibus</strong></span> <span class='ocrx_word' id='word_1_203' title='bbox 901 767 1080 802; x_wconf 81' lang='lat' dir='ltr'><strong>patefaceret.</strong></span> 
     </span>
    </p>
   </div>
   <div class='ocr_carea' id='block_1_28' title="bbox 1115 767 1930 804">
    <p class='ocr_par' dir='ltr' id='par_1_28' title="bbox 1135 767 1930 804">
     <span class='ocr_line' id='line_1_28' title="bbox 1135 767 1930 804; baseline -0.001 -10"><span class='ocrx_word' id='word_1_204' title='bbox 1135 767 1230 803; x_wconf 78' lang='grc' dir='ltr'>έσχετο</span> <span class='ocrx_word' id='word_1_205' title='bbox 1243 768 1341 804; x_wconf 84' lang='grc' dir='ltr'>τέχνης</span> <span class='ocrx_word' id='word_1_206' title='bbox 1353 777 1359 783; x_wconf 90' lang='grc'><strong>·</strong></span> <span class='ocrx_word' id='word_1_207' title='bbox 1374 768 1442 795; x_wconf 71' lang='grc' dir='ltr'>ἀλλὰ</span> <span class='ocrx_word' id='word_1_208' title='bbox 1458 769 1515 800; x_wconf 87' lang='grc' dir='ltr'>τοῖς</span> <span class='ocrx_word' id='word_1_209' title='bbox 1528 768 1621 794; x_wconf 73' lang='grc' dir='ltr'>ἕλκεσι</span> <span class='ocrx_word' id='word_1_210' title='bbox 1637 769 1791 803; x_wconf 74' lang='grc' dir='ltr'>προσέφερε</span> <span class='ocrx_word' id='word_1_211' title='bbox 1807 767 1878 802; x_wconf 82' lang='grc' dir='ltr'>μόνα</span> <span class='ocrx_word' id='word_1_212' title='bbox 1898 768 1930 793; x_wconf 69' lang='grc' dir='ltr'>τὰ</span> 
     </span>
    </p>
   </div>
   <div class='ocr_carea' id='block_1_29' title="bbox 293 813 1108 849">
    <p class='ocr_par' dir='ltr' id='par_1_29' title="bbox 293 813 1083 848">
     <span class='ocr_line' id='line_1_29' title="bbox 293 813 1083 848; baseline -0.003 -6"><span class='ocrx_word' id='word_1_213' title='bbox 293 814 370 842; x_wconf 82' lang='lat' dir='ltr'><strong>Hanc</strong></span> <span class='ocrx_word' id='word_1_214' title='bbox 386 813 459 841; x_wconf 89' lang='lat' dir='ltr'><strong>enim</strong></span> <span class='ocrx_word' id='word_1_215' title='bbox 474 813 535 848; x_wconf 84' lang='lat' dir='ltr'><strong>ejus</strong></span> <span class='ocrx_word' id='word_1_216' title='bbox 551 813 786 848; x_wconf 85' lang='lat' dir='ltr'><strong>dispensationem</strong></span> <span class='ocrx_word' id='word_1_217' title='bbox 803 813 830 840; x_wconf 93' lang='lat' dir='ltr'><strong>in</strong></span> <span class='ocrx_word' id='word_1_218' title='bbox 844 817 958 840; x_wconf 89' lang='lat' dir='ltr'><strong>strenuo</strong></span> <span class='ocrx_word' id='word_1_219' title='bbox 973 820 1083 848; x_wconf 85' lang='lat' dir='ltr'><strong>quoque</strong></span> 
     </span>
    </p>
   </div>
   <div class='ocr_carea' id='block_1_30' title="bbox 1116 813 1931 849">
    <p class='ocr_par' dir='ltr' id='par_1_30' title="bbox 1132 813 1931 849">
     <span class='ocr_line' id='line_1_30' title="bbox 1132 813 1931 849; baseline -0.001 -9"><span class='ocrx_word' id='word_1_220' title='bbox 1132 815 1183 848; x_wconf 85' lang='grc' dir='ltr'>τῆς</span> <span class='ocrx_word' id='word_1_221' title='bbox 1197 814 1314 846; x_wconf 84' lang='grc' dir='ltr'>πίστεως</span> <span class='ocrx_word' id='word_1_222' title='bbox 1329 813 1474 849; x_wconf 83' lang='grc' dir='ltr'>φάρμακα,</span> <span class='ocrx_word' id='word_1_223' title='bbox 1492 814 1627 849; x_wconf 81' lang='grc' dir='ltr'>σφραγῖδα</span> <span class='ocrx_word' id='word_1_224' title='bbox 1638 813 1685 839; x_wconf 68' lang='grc' dir='ltr'>καὶ</span> <span class='ocrx_word' id='word_1_225' title='bbox 1700 814 1868 849; x_wconf 73' lang='grc' dir='ltr'>προσευχὴν,</span> <span class='ocrx_word' id='word_1_226' title='bbox 1884 814 1931 839; x_wconf 79' lang='grc' dir='ltr'><strong>καὶ</strong></span> 
     </span>
    </p>
   </div>
   <div class='ocr_carea' id='block_1_31' title="bbox 291 856 1106 895">
    <p class='ocr_par' dir='ltr' id='par_1_31' title="bbox 291 858 1082 894">
     <span class='ocr_line' id='line_1_31' title="bbox 291 858 1082 894; baseline -0.001 -7"><span class='ocrx_word' id='word_1_227' title='bbox 291 859 361 887; x_wconf 87' lang='lat' dir='ltr'><strong>Jobo</strong></span> <span class='ocrx_word' id='word_1_228' title='bbox 374 863 532 894; x_wconf 82' lang='lat' dir='ltr'><strong>usurpatam</strong></span> <span class='ocrx_word' id='word_1_229' title='bbox 547 858 698 892; x_wconf 85' lang='lat' dir='ltr'><strong>cernimus,</strong></span> <span class='ocrx_word' id='word_1_230' title='bbox 710 866 791 893; x_wconf 89' lang='lat' dir='ltr'><strong>quem</strong></span> <span class='ocrx_word' id='word_1_231' title='bbox 806 859 933 887; x_wconf 79' lang='lat' dir='ltr'><strong>maximis</strong></span> <span class='ocrx_word' id='word_1_232' title='bbox 950 864 976 886; x_wconf 90' lang='lat' dir='ltr'><strong>et</strong></span> <span class='ocrx_word' id='word_1_233' title='bbox 990 859 1082 886; x_wconf 86' lang='lat' dir='ltr'><strong>multi-</strong></span> 
     </span>
    </p>
   </div>
   <div class='ocr_carea' id='block_1_32' title="bbox 1115 856 1930 895">
    <p class='ocr_par' dir='ltr' id='par_1_32' title="bbox 1134 856 1930 895">
     <span class='ocr_line' id='line_1_32' title="bbox 1134 856 1930 895; baseline -0.001 -9"><span class='ocrx_word' id='word_1_234' title='bbox 1134 860 1181 887; x_wconf 80' lang='grc' dir='ltr'>τοῦ</span> <span class='ocrx_word' id='word_1_235' title='bbox 1197 859 1265 886; x_wconf 83' lang='grc' dir='ltr'>Θεοῦ</span> <span class='ocrx_word' id='word_1_236' title='bbox 1278 860 1328 895; x_wconf 85' lang='grc' dir='ltr'>τὴν</span> <span class='ocrx_word' id='word_1_237' title='bbox 1344 859 1499 895; x_wconf 74' lang='grc' dir='ltr'>ἐπίκλησιν.</span> <span class='ocrx_word' id='word_1_238' title='bbox 1513 859 1564 886; x_wconf 84' lang='grc' dir='ltr'><strong>Διὰ</strong></span> <span class='ocrx_word' id='word_1_239' title='bbox 1589 858 1668 885; x_wconf 83' lang='grc' dir='ltr'>τοῦτο</span> <span class='ocrx_word' id='word_1_240' title='bbox 1682 859 1722 890; x_wconf 68' lang='grc' dir='ltr'><strong>δὲ.</strong></span> <span class='ocrx_word' id='word_1_241' title='bbox 1736 856 1826 894; x_wconf 80' lang='grc' dir='ltr'>οἶμαι,</span> <span class='ocrx_word' id='word_1_242' title='bbox 1845 860 1893 886; x_wconf 77' lang='grc' dir='ltr'><strong>καὶ</strong></span> <span class='ocrx_word' id='word_1_243' title='bbox 1917 861 1930 885; x_wconf 81' lang='grc' dir='ltr'><strong>ὁ</strong></span> 
     </span>
    </p>
   </div>
   <div class='ocr_carea' id='block_1_33' title="bbox 292 904 1107 941">
    <p class='ocr_par' dir='ltr' id='par_1_33' title="bbox 292 904 1107 941">
     <span class='ocr_line' id='line_1_33' title="bbox 292 904 1107 941; baseline -0.001 -8"><span class='ocrx_word' id='word_1_244' title='bbox 292 905 410 941; x_wconf 85' lang='lat' dir='ltr'><strong>plieibus</strong></span> <span class='ocrx_word' id='word_1_245' title='bbox 423 904 658 941; x_wconf 78' lang='lat' dir='ltr'><strong>agitarilluctibus</strong></span> <span class='ocrx_word' id='word_1_246' title='bbox 677 913 774 940; x_wconf 89' lang='lat' dir='ltr'><strong>passus</strong></span> <span class='ocrx_word' id='word_1_247' title='bbox 790 910 843 938; x_wconf 86' lang='lat' dir='ltr'><strong>est,</strong></span> <span class='ocrx_word' id='word_1_248' title='bbox 860 913 922 932; x_wconf 90' lang='lat' dir='ltr'><strong>cum</strong></span> <span class='ocrx_word' id='word_1_249' title='bbox 941 906 1078 940; x_wconf 82' lang='lat' dir='ltr'><strong>guberua-</strong></span> <span class='ocrx_word' id='word_1_250' title='bbox 1096 906 1107 936; x_wconf 87' lang='lat' dir='ltr'><strong>l</strong></span> 
     </span>
    </p>
   </div>
   <div class='ocr_carea' id='block_1_34' title="bbox 1115 904 1930 941">
    <p class='ocr_par' dir='ltr' id='par_1_34' title="bbox 1115 905 1930 941">
     <span class='ocr_line' id='line_1_34' title="bbox 1115 905 1930 941; baseline -0.002 -8"><span class='ocrx_word' id='word_1_251' title='bbox 1115 906 1186 934; x_wconf 70' lang='grc' dir='ltr'>ῐτῶν</span> <span class='ocrx_word' id='word_1_252' title='bbox 1202 907 1271 933; x_wconf 82' lang='grc' dir='ltr'>ὅλων</span> <span class='ocrx_word' id='word_1_253' title='bbox 1283 906 1349 938; x_wconf 72' lang='grc' dir='ltr'>Θεὸς</span> <span class='ocrx_word' id='word_1_254' title='bbox 1364 907 1441 932; x_wconf 84' lang='grc' dir='ltr'>εἴασε</span> <span class='ocrx_word' id='word_1_255' title='bbox 1456 906 1527 933; x_wconf 88' lang='grc' dir='ltr'><strong>κατὰ</strong></span> <span class='ocrx_word' id='word_1_256' title='bbox 1544 906 1591 932; x_wconf 77' lang='grc' dir='ltr'>τοῦ</span> <span class='ocrx_word' id='word_1_257' title='bbox 1606 905 1678 941; x_wconf 79' lang='grc' dir='ltr'><strong>ἱεροῦ</strong></span> <span class='ocrx_word' id='word_1_258' title='bbox 1696 905 1825 940; x_wconf 80' lang='grc' dir='ltr'>σώματος</span> <span class='ocrx_word' id='word_1_259' title='bbox 1840 906 1872 931; x_wconf 71' lang='grc' dir='ltr'><strong>τὸ</strong></span> <span class='ocrx_word' id='word_1_260' title='bbox 1883 906 1930 939; x_wconf 79' lang='grc' dir='ltr'>θη-</span> 
     </span>
    </p>
   </div>
   <div class='ocr_carea' id='block_1_35' title="bbox 292 951 1107 987">
    <p class='ocr_par' dir='ltr' id='par_1_35' title="bbox 292 951 1078 987">
     <span class='ocr_line' id='line_1_35' title="bbox 292 951 1078 987; baseline 0.003 -9"><span class='ocrx_word' id='word_1_261' title='bbox 292 952 360 979; x_wconf 90' lang='lat' dir='ltr'><strong>toris</strong></span> <span class='ocrx_word' id='word_1_262' title='bbox 384 952 546 987; x_wconf 85' lang='lat' dir='ltr'><strong>sapientiam</strong></span> <span class='ocrx_word' id='word_1_263' title='bbox 570 951 699 979; x_wconf 88' lang='lat' dir='ltr'><strong>omnibus</strong></span> <span class='ocrx_word' id='word_1_264' title='bbox 723 951 804 979; x_wconf 83' lang='lat' dir='ltr'><strong>vellet</strong></span> <span class='ocrx_word' id='word_1_265' title='bbox 824 952 979 980; x_wconf 84' lang='lat' dir='ltr'><strong>ostendere.</strong></span> <span class='ocrx_word' id='word_1_266' title='bbox 1000 951 1078 980; x_wconf 84' lang='lat' dir='ltr'><strong>Unde</strong></span> 
     </span>
    </p>
   </div>
   <div class='ocr_carea' id='block_1_36' title="bbox 1113 951 1928 987">
    <p class='ocr_par' dir='ltr' id='par_1_36' title="bbox 1134 951 1928 987">
     <span class='ocr_line' id='line_1_36' title="bbox 1134 951 1928 987; baseline -0.001 -9"><span class='ocrx_word' id='word_1_267' title='bbox 1134 953 1191 987; x_wconf 85' lang='grc' dir='ltr'>ρίον</span> <span class='ocrx_word' id='word_1_268' title='bbox 1219 953 1307 979; x_wconf 76' lang='grc' dir='ltr'>ἐκεῖνο</span> <span class='ocrx_word' id='word_1_269' title='bbox 1323 952 1463 986; x_wconf 83' lang='grc' dir='ltr'>λυττῆσαι,</span> <span class='ocrx_word' id='word_1_270' title='bbox 1484 951 1528 978; x_wconf 86' lang='grc' dir='ltr'><strong>ἴνα</strong></span> <span class='ocrx_word' id='word_1_271' title='bbox 1544 952 1650 986; x_wconf 76' lang='grc' dir='ltr'>γυμνὴν</span> <span class='ocrx_word' id='word_1_272' title='bbox 1678 951 1766 978; x_wconf 82' lang='grc' dir='ltr'>ἆπασι</span> <span class='ocrx_word' id='word_1_273' title='bbox 1784 951 1837 985; x_wconf 78' lang='grc' dir='ltr'>τῆς</span> <span class='ocrx_word' id='word_1_274' title='bbox 1854 952 1928 983; x_wconf 62' lang='lat' dir='ltr'><strong>(ista:</strong></span> 
     </span>
    </p>
   </div>
   <div class='ocr_carea' id='block_1_37' title="bbox 291 996 1106 1034">
    <p class='ocr_par' dir='ltr' id='par_1_37' title="bbox 291 996 1082 1034">
     <span class='ocr_line' id='line_1_37' title="bbox 291 996 1082 1034; baseline 0.003 -11"><span class='ocrx_word' id='word_1_275' title='bbox 291 997 363 1024; x_wconf 90' lang='lat' dir='ltr'><strong>enim</strong></span> <span class='ocrx_word' id='word_1_276' title='bbox 381 997 450 1024; x_wconf 81' lang='lat' dir='ltr'><strong>alias</strong></span> <span class='ocrx_word' id='word_1_277' title='bbox 461 997 503 1024; x_wconf 89' lang='lat' dir='ltr'><strong>vel</strong></span> <span class='ocrx_word' id='word_1_278' title='bbox 515 996 588 1024; x_wconf 89' lang='lat' dir='ltr'><strong>illius</strong></span> <span class='ocrx_word' id='word_1_279' title='bbox 600 996 798 1030; x_wconf 81' lang='lat' dir='ltr'><strong>fortitudinem,</strong></span> <span class='ocrx_word' id='word_1_280' title='bbox 819 997 862 1025; x_wconf 88' lang='lat' dir='ltr'><strong>vel</strong></span> <span class='ocrx_word' id='word_1_281' title='bbox 882 998 965 1032; x_wconf 87' lang='lat' dir='ltr'><strong>hujus</strong></span> <span class='ocrx_word' id='word_1_282' title='bbox 977 999 1082 1034; x_wconf 88' lang='lat' dir='ltr'><strong>patien-</strong></span> 
     </span>
    </p>
   </div>
   <div class='ocr_carea' id='block_1_38' title="bbox 1112 996 1927 1034">
    <p class='ocr_par' dir='ltr' id='par_1_38' title="bbox 1134 997 1927 1033">
     <span class='ocr_line' id='line_1_38' title="bbox 1134 997 1927 1033; baseline -0.003 -9"><span class='ocrx_word' id='word_1_283' title='bbox 1134 998 1242 1032; x_wconf 77' lang='grc' dir='ltr'><strong>ἐκείνης</strong></span> <span class='ocrx_word' id='word_1_284' title='bbox 1260 997 1350 1033; x_wconf 72' lang='grc' dir='ltr'>ψυχῆς</span> <span class='ocrx_word' id='word_1_285' title='bbox 1375 998 1545 1032; x_wconf 79' lang='grc' dir='ltr'><strong>ἐπιδείξηται</strong></span> <span class='ocrx_word' id='word_1_286' title='bbox 1563 998 1613 1032; x_wconf 80' lang='grc' dir='ltr'><strong>τὴν</strong></span> <span class='ocrx_word' id='word_1_287' title='bbox 1640 998 1802 1032; x_wconf 78' lang='grc' dir='ltr'><strong>καρτερίαν.</strong></span> <span class='ocrx_word' id='word_1_288' title='bbox 1820 997 1927 1032; x_wconf 73' lang='grc' dir='ltr'>Ταύτην</span> 
     </span>
    </p>
   </div>
   <div class='ocr_carea' id='block_1_39' title="bbox 291 1042 1106 1079">
    <p class='ocr_par' dir='ltr' id='par_1_39' title="bbox 291 1043 1081 1078">
     <span class='ocr_line' id='line_1_39' title="bbox 291 1043 1081 1078; baseline 0.004 -9"><span class='ocrx_word' id='word_1_289' title='bbox 291 1043 358 1070; x_wconf 88' lang='lat' dir='ltr'><strong>tiam</strong></span> <span class='ocrx_word' id='word_1_290' title='bbox 373 1046 546 1077; x_wconf 86' lang='lat' dir='ltr'><strong>perspectam</strong></span> <span class='ocrx_word' id='word_1_291' title='bbox 569 1043 753 1076; x_wconf 82' lang='lat' dir='ltr'><strong>haberemus,</strong></span> <span class='ocrx_word' id='word_1_292' title='bbox 777 1043 831 1070; x_wconf 85' lang='lat' dir='ltr'><strong>nisi</strong></span> <span class='ocrx_word' id='word_1_293' title='bbox 856 1043 968 1078; x_wconf 85' lang='lat' dir='ltr'><strong>pietatis</strong></span> <span class='ocrx_word' id='word_1_294' title='bbox 994 1045 1081 1072; x_wconf 76' lang='lat' dir='ltr'><strong>hostis</strong></span> 
     </span>
    </p>
   </div>
   <div class='ocr_carea' id='block_1_40' title="bbox 1113 1042 1928 1079">
    <p class='ocr_par' dir='ltr' id='par_1_40' title="bbox 1134 1042 1928 1079">
     <span class='ocr_line' id='line_1_40' title="bbox 1134 1042 1928 1079; baseline -0.003 -9"><span class='ocrx_word' id='word_1_295' title='bbox 1134 1044 1190 1079; x_wconf 89' lang='grc' dir='ltr'>γὰρ</span> <span class='ocrx_word' id='word_1_296' title='bbox 1203 1042 1286 1069; x_wconf 79' lang='grc' dir='ltr'>αὐτοῦ</span> <span class='ocrx_word' id='word_1_297' title='bbox 1302 1044 1349 1070; x_wconf 83' lang='grc' dir='ltr'>καὶ</span> <span class='ocrx_word' id='word_1_298' title='bbox 1364 1044 1410 1070; x_wconf 77' lang='grc' dir='ltr'>ἐπὶ</span> <span class='ocrx_word' id='word_1_299' title='bbox 1426 1043 1472 1069; x_wconf 81' lang='grc' dir='ltr'>τοῦ</span> <span class='ocrx_word' id='word_1_300' title='bbox 1489 1043 1615 1078; x_wconf 80' lang='grc' dir='ltr'>γενναίου</span> <span class='ocrx_word' id='word_1_301' title='bbox 1633 1042 1694 1069; x_wconf 79' lang='grc' dir='ltr'><strong>’1ὼὸ</strong></span> <span class='ocrx_word' id='word_1_302' title='bbox 1708 1043 1758 1077; x_wconf 77' lang='grc' dir='ltr'><strong>τὴν</strong></span> <span class='ocrx_word' id='word_1_303' title='bbox 1771 1043 1928 1076; x_wconf 71' lang='grc' dir='ltr'>οἰκονομίαν</span> 
     </span>
    </p>
   </div>
   <div class='ocr_carea' id='block_1_41' title="bbox 291 1088 1106 1125">
    <p class='ocr_par' dir='ltr' id='par_1_41' title="bbox 291 1088 1082 1125">
     <span class='ocr_line' id='line_1_41' title="bbox 291 1088 1082 1125; baseline 0.004 -10"><span class='ocrx_word' id='word_1_304' title='bbox 291 1089 409 1116; x_wconf 82' lang='lat' dir='ltr'><strong>telorum</strong></span> <span class='ocrx_word' id='word_1_305' title='bbox 423 1088 451 1115; x_wconf 91' lang='lat' dir='ltr'><strong>in</strong></span> <span class='ocrx_word' id='word_1_306' title='bbox 469 1095 517 1116; x_wconf 88' lang='lat' dir='ltr'><strong>eos</strong></span> <span class='ocrx_word' id='word_1_307' title='bbox 534 1095 634 1123; x_wconf 73' lang='lat' dir='ltr'><strong>genera</strong></span> <span class='ocrx_word' id='word_1_308' title='bbox 656 1089 748 1116; x_wconf 83' lang='lat' dir='ltr'><strong>omnia</strong></span> <span class='ocrx_word' id='word_1_309' title='bbox 768 1089 935 1124; x_wconf 80' lang='lat' dir='ltr'><strong>conjiciendi</strong></span> <span class='ocrx_word' id='word_1_310' title='bbox 962 1095 1082 1125; x_wconf 88' lang='lat' dir='ltr'><strong>potesta-</strong></span> 
     </span>
    </p>
   </div>
   <div class='ocr_carea' id='block_1_42' title="bbox 1112 1088 1927 1125">
    <p class='ocr_par' dir='ltr' id='par_1_42' title="bbox 1135 1088 1927 1125">
     <span class='ocr_line' id='line_1_42' title="bbox 1135 1088 1927 1125; baseline -0.003 -9"><span class='ocrx_word' id='word_1_311' title='bbox 1135 1090 1255 1125; x_wconf 83' lang='grc' dir='ltr'>ὁρῶμεν.</span> <span class='ocrx_word' id='word_1_312' title='bbox 1269 1089 1383 1120; x_wconf 81' lang='grc' dir='ltr'>Πολλαῖς</span> <span class='ocrx_word' id='word_1_313' title='bbox 1406 1089 1461 1124; x_wconf 80' lang='grc' dir='ltr'>γὰρ</span> <span class='ocrx_word' id='word_1_314' title='bbox 1476 1089 1556 1116; x_wconf 77' lang='grc' dir='ltr'>αὑτὸν</span> <span class='ocrx_word' id='word_1_315' title='bbox 1577 1089 1624 1114; x_wconf 79' lang='grc' dir='ltr'><strong>καὶ</strong></span> <span class='ocrx_word' id='word_1_316' title='bbox 1642 1089 1830 1119; x_wconf 65' lang='grc' dir='ltr'>παντοδαπαῖς</span> <span class='ocrx_word' id='word_1_317' title='bbox 1854 1088 1927 1114; x_wconf 74' lang='grc' dir='ltr'>εἴασε</span> 
     </span>
    </p>
   </div>
   <div class='ocr_carea' id='block_1_43' title="bbox 291 1133 1106 1171">
    <p class='ocr_par' dir='ltr' id='par_1_43' title="bbox 291 1134 1081 1171">
     <span class='ocr_line' id='line_1_43' title="bbox 291 1134 1081 1171; baseline 0.004 -10"><span class='ocrx_word' id='word_1_318' title='bbox 291 1139 347 1162; x_wconf 91' lang='lat' dir='ltr'><strong>tem</strong></span> <span class='ocrx_word' id='word_1_319' title='bbox 375 1134 553 1169; x_wconf 86' lang='lat' dir='ltr'><strong>accepisset?</strong></span> <span class='ocrx_word' id='word_1_320' title='bbox 576 1134 642 1167; x_wconf 66' lang='lat' dir='ltr'><strong>Quae</strong></span> <span class='ocrx_word' id='word_1_321' title='bbox 659 1143 725 1170; x_wconf 78' lang='lat' dir='ltr'><strong>ergo</strong></span> <span class='ocrx_word' id='word_1_322' title='bbox 748 1135 799 1162; x_wconf 86' lang='lat' dir='ltr'><strong>viri</strong></span> <span class='ocrx_word' id='word_1_323' title='bbox 819 1136 952 1171; x_wconf 87' lang='lat' dir='ltr'><strong>patientia</strong></span> <span class='ocrx_word' id='word_1_324' title='bbox 986 1137 1081 1171; x_wconf 89' lang='lat' dir='ltr'><strong>fuerit,</strong></span> 
     </span>
    </p>
   </div>
   <div class='ocr_carea' id='block_1_44' title="bbox 1113 1133 1928 1171">
    <p class='ocr_par' dir='ltr' id='par_1_44' title="bbox 1134 1133 1928 1170">
     <span class='ocr_line' id='line_1_44' title="bbox 1134 1133 1928 1170; baseline -0.001 -9"><span class='ocrx_word' id='word_1_325' title='bbox 1134 1135 1293 1170; x_wconf 85' lang='grc' dir='ltr'>τρικυμίαις</span> <span class='ocrx_word' id='word_1_326' title='bbox 1320 1134 1546 1170; x_wconf 82' lang='grc' dir='ltr'>περικλυσοῆναι,</span> <span class='ocrx_word' id='word_1_327' title='bbox 1562 1133 1647 1166; x_wconf 77' lang='grc' dir='ltr'>δεῖξαι</span> <span class='ocrx_word' id='word_1_328' title='bbox 1673 1133 1720 1160; x_wconf 73' lang='grc' dir='ltr'>τοῦ</span> <span class='ocrx_word' id='word_1_329' title='bbox 1750 1134 1928 1169; x_wconf 61' lang='grc' dir='ltr'>κυϐερνήτου</span> 
     </span>
    </p>
   </div>
   <div class='ocr_carea' id='block_1_45' title="bbox 290 1178 1105 1216">
    <p class='ocr_par' dir='ltr' id='par_1_45' title="bbox 290 1180 1082 1216">
     <span class='ocr_line' id='line_1_45' title="bbox 290 1180 1082 1216; baseline 0.004 -9"><span class='ocrx_word' id='word_1_330' title='bbox 290 1180 359 1207; x_wconf 81' lang='lat' dir='ltr'><strong>satis</strong></span> <span class='ocrx_word' id='word_1_331' title='bbox 374 1180 473 1208; x_wconf 88' lang='lat' dir='ltr'><strong>docere</strong></span> <span class='ocrx_word' id='word_1_332' title='bbox 486 1180 540 1207; x_wconf 88' lang='lat' dir='ltr'><strong>ista</strong></span> <span class='ocrx_word' id='word_1_333' title='bbox 556 1184 673 1215; x_wconf 90' lang='lat' dir='ltr'><strong>possunt</strong></span> <span class='ocrx_word' id='word_1_334' title='bbox 687 1189 694 1207; x_wconf 90' lang='lat'><strong><em>:</em></strong></span> <span class='ocrx_word' id='word_1_335' title='bbox 710 1189 783 1208; x_wconf 91' lang='lat' dir='ltr'><strong>nunc</strong></span> <span class='ocrx_word' id='word_1_336' title='bbox 800 1182 860 1216; x_wconf 84' lang='lat' dir='ltr'><strong>ejus</strong></span> <span class='ocrx_word' id='word_1_337' title='bbox 882 1182 1082 1211; x_wconf 82' lang='lat' dir='ltr'><strong>humanitatem</strong></span> 
     </span>
    </p>
   </div>
   <div class='ocr_carea' id='block_1_46' title="bbox 1113 1178 1928 1216">
    <p class='ocr_par' dir='ltr' id='par_1_46' title="bbox 1134 1178 1928 1214">
     <span class='ocr_line' id='line_1_46' title="bbox 1134 1178 1928 1214; baseline -0.001 -8"><span class='ocrx_word' id='word_1_338' title='bbox 1134 1180 1185 1214; x_wconf 86' lang='grc' dir='ltr'><strong>τὴν</strong></span> <span class='ocrx_word' id='word_1_339' title='bbox 1204 1179 1300 1214; x_wconf 80' lang='grc' dir='ltr'>σοφίαν</span> <span class='ocrx_word' id='word_1_340' title='bbox 1327 1179 1430 1206; x_wconf 76' lang='grc' dir='ltr'>ἅπασιν</span> <span class='ocrx_word' id='word_1_341' title='bbox 1459 1178 1599 1214; x_wconf 79' lang='grc' dir='ltr'>ἐθελήσας.</span> <span class='ocrx_word' id='word_1_342' title='bbox 1628 1179 1713 1205; x_wconf 78' lang='grc' dir='ltr'>Πόθεν</span> <span class='ocrx_word' id='word_1_343' title='bbox 1736 1179 1791 1214; x_wconf 76' lang='grc' dir='ltr'><strong>γὰρ</strong></span> <span class='ocrx_word' id='word_1_344' title='bbox 1818 1179 1928 1206; x_wconf 73' lang='grc' dir='ltr'>ἄλλοθεν</span> 
     </span>
    </p>
   </div>
   <div class='ocr_carea' id='block_1_47' title="bbox 291 1225 1106 1263">
    <p class='ocr_par' dir='ltr' id='par_1_47' title="bbox 291 1225 1084 1263">
     <span class='ocr_line' id='line_1_47' title="bbox 291 1225 1084 1263; baseline 0.005 -11"><span class='ocrx_word' id='word_1_345' title='bbox 291 1225 403 1253; x_wconf 77' lang='lat' dir='ltr'><strong>aliunde</strong></span> <span class='ocrx_word' id='word_1_346' title='bbox 417 1226 605 1254; x_wconf 83' lang='lat' dir='ltr'><strong>ostendamus.</strong></span> <span class='ocrx_word' id='word_1_347' title='bbox 627 1225 727 1254; x_wconf 85' lang='lat' dir='ltr'><strong>Multos</strong></span> <span class='ocrx_word' id='word_1_348' title='bbox 747 1226 822 1254; x_wconf 90' lang='lat' dir='ltr'><strong>enim</strong></span> <span class='ocrx_word' id='word_1_349' title='bbox 841 1228 930 1255; x_wconf 89' lang='lat' dir='ltr'><strong>oculis</strong></span> <span class='ocrx_word' id='word_1_350' title='bbox 946 1233 1042 1263; x_wconf 88' lang='lat' dir='ltr'><strong>captos</strong></span> <span class='ocrx_word' id='word_1_351' title='bbox 1056 1233 1084 1256; x_wconf 90' lang='lat' dir='ltr'><strong>et</strong></span> 
     </span>
    </p>
   </div>
   <div class='ocr_carea' id='block_1_48' title="bbox 1112 1225 1927 1263">
    <p class='ocr_par' dir='ltr' id='par_1_48' title="bbox 1134 1225 1927 1262">
     <span class='ocr_line' id='line_1_48' title="bbox 1134 1225 1927 1262; baseline 0 -10"><span class='ocrx_word' id='word_1_352' title='bbox 1134 1225 1267 1261; x_wconf 79' lang='grc' dir='ltr'><strong>ἔγνωμεν,</strong></span> <span class='ocrx_word' id='word_1_353' title='bbox 1285 1226 1301 1261; x_wconf 85' lang='grc' dir='ltr'><strong>ἢ</strong></span> <span class='ocrx_word' id='word_1_354' title='bbox 1317 1226 1368 1261; x_wconf 83' lang='grc' dir='ltr'>τὴν</span> <span class='ocrx_word' id='word_1_355' title='bbox 1385 1226 1490 1253; x_wconf 71' lang='grc' dir='ltr'>ἐκείνου</span> <span class='ocrx_word' id='word_1_356' title='bbox 1514 1226 1651 1261; x_wconf 85' lang='grc' dir='ltr'>ἀνδρείαν,</span> <span class='ocrx_word' id='word_1_357' title='bbox 1675 1226 1692 1262; x_wconf 80' lang='grc' dir='ltr'><strong>ἢ</strong></span> <span class='ocrx_word' id='word_1_358' title='bbox 1715 1226 1813 1252; x_wconf 77' lang='grc' dir='ltr'>τούτου</span> <span class='ocrx_word' id='word_1_359' title='bbox 1829 1235 1863 1260; x_wconf 89' lang='grc' dir='ltr'><strong>γε</strong></span> <span class='ocrx_word' id='word_1_360' title='bbox 1880 1226 1927 1262; x_wconf 70' lang='grc' dir='ltr'>τὴν</span> 
     </span>
    </p>
   </div>
   <div class='ocr_carea' id='block_1_49' title="bbox 276 1270 1091 1308">
    <p class='ocr_par' dir='ltr' id='par_1_49' title="bbox 276 1270 1083 1308">
     <span class='ocr_line' id='line_1_49' title="bbox 276 1270 1083 1308; baseline 0.004 -11"><span class='ocrx_word' id='word_1_361' title='bbox 276 1270 449 1298; x_wconf 52' lang='grc' dir='ltr'>μιιιιειιιίίοπθ</span> <span class='ocrx_word' id='word_1_362' title='bbox 468 1275 580 1298; x_wconf 88' lang='lat' dir='ltr'><strong>coactos</strong></span> <span class='ocrx_word' id='word_1_363' title='bbox 602 1278 665 1298; x_wconf 90' lang='lat' dir='ltr'><strong>cum</strong></span> <span class='ocrx_word' id='word_1_364' title='bbox 688 1272 715 1299; x_wconf 93' lang='lat' dir='ltr'><strong>in</strong></span> <span class='ocrx_word' id='word_1_365' title='bbox 733 1279 816 1299; x_wconf 92' lang='lat' dir='ltr'><strong>unum</strong></span> <span class='ocrx_word' id='word_1_366' title='bbox 835 1278 1038 1308; x_wconf 75' lang='lat' dir='ltr'><strong>congregasset,</strong></span> <span class='ocrx_word' id='word_1_367' title='bbox 1056 1278 1083 1301; x_wconf 85' lang='lat' dir='ltr'><strong>et</strong></span> 
     </span>
    </p>
   </div>
   <div class='ocr_carea' id='block_1_50' title="bbox 1114 1270 1929 1308">
    <p class='ocr_par' dir='ltr' id='par_1_50' title="bbox 1135 1271 1929 1308">
     <span class='ocr_line' id='line_1_50' title="bbox 1135 1271 1929 1308; baseline -0.001 -10"><span class='ocrx_word' id='word_1_368' title='bbox 1135 1272 1295 1308; x_wconf 80' lang='grc' dir='ltr'>καρτερίαν,</span> <span class='ocrx_word' id='word_1_369' title='bbox 1313 1273 1337 1298; x_wconf 87' lang='grc' dir='ltr'><strong>εί</strong></span> <span class='ocrx_word' id='word_1_370' title='bbox 1362 1271 1400 1307; x_wconf 87' lang='grc' dir='ltr'>μὴ</span> <span class='ocrx_word' id='word_1_371' title='bbox 1427 1271 1521 1307; x_wconf 85' lang='grc' dir='ltr'>χώραν</span> <span class='ocrx_word' id='word_1_372' title='bbox 1543 1271 1639 1298; x_wconf 78' lang='grc' dir='ltr'>ἔλαϐεν</span> <span class='ocrx_word' id='word_1_373' title='bbox 1656 1272 1765 1306; x_wconf 77' lang='grc' dir='ltr'><strong>ἀφιέναι</strong></span> <span class='ocrx_word' id='word_1_374' title='bbox 1779 1271 1846 1306; x_wconf 82' lang='grc' dir='ltr'>βέλη</span> <span class='ocrx_word' id='word_1_375' title='bbox 1863 1281 1929 1298; x_wconf 86' lang='grc' dir='ltr'>παν-</span> 
     </span>
    </p>
   </div>
   <div class='ocr_carea' id='block_1_51' title="bbox 292 1314 1107 1353">
    <p class='ocr_par' dir='ltr' id='par_1_51' title="bbox 292 1314 1084 1350">
     <span class='ocr_line' id='line_1_51' title="bbox 292 1314 1084 1350; baseline 0.003 -8"><span class='ocrx_word' id='word_1_376' title='bbox 292 1314 424 1350; x_wconf 82' lang='lat' dir='ltr'><strong>utrinque</strong></span> <span class='ocrx_word' id='word_1_377' title='bbox 451 1315 486 1342; x_wconf 87' lang='lat' dir='ltr'><strong>ad</strong></span> <span class='ocrx_word' id='word_1_378' title='bbox 516 1320 607 1342; x_wconf 88' lang='lat' dir='ltr'><strong>ortum</strong></span> <span class='ocrx_word' id='word_1_379' title='bbox 628 1320 655 1343; x_wconf 84' lang='lat' dir='ltr'><strong>ct</strong></span> <span class='ocrx_word' id='word_1_380' title='bbox 680 1323 809 1344; x_wconf 85' lang='lat' dir='ltr'><strong>occasum</strong></span> <span class='ocrx_word' id='word_1_381' title='bbox 836 1317 991 1344; x_wconf 80' lang='lat' dir='ltr'><strong>habitacula</strong></span> <span class='ocrx_word' id='word_1_382' title='bbox 1017 1326 1084 1345; x_wconf 88' lang='lat' dir='ltr'><strong>con-</strong></span> 
     </span>
    </p>
   </div>
   <div class='ocr_carea' id='block_1_52' title="bbox 1113 1314 1928 1353">
    <p class='ocr_par' dir='ltr' id='par_1_52' title="bbox 1133 1317 1928 1353">
     <span class='ocr_line' id='line_1_52' title="bbox 1133 1317 1928 1353; baseline 0 -9"><span class='ocrx_word' id='word_1_383' title='bbox 1133 1318 1237 1344; x_wconf 85' lang='grc' dir='ltr'>τοδαπὰ</span> <span class='ocrx_word' id='word_1_384' title='bbox 1253 1318 1314 1345; x_wconf 77' lang='grc' dir='ltr'>κατ’</span> <span class='ocrx_word' id='word_1_385' title='bbox 1328 1317 1419 1345; x_wconf 75' lang='grc' dir='ltr'>αὐτῶν</span> <span class='ocrx_word' id='word_1_386' title='bbox 1435 1319 1449 1344; x_wconf 83' lang='grc' dir='ltr'>ὁ</span> <span class='ocrx_word' id='word_1_387' title='bbox 1461 1318 1511 1353; x_wconf 89' lang='grc' dir='ltr'><strong>τῆς</strong></span> <span class='ocrx_word' id='word_1_388' title='bbox 1530 1318 1671 1349; x_wconf 74' lang='grc' dir='ltr'>εὐσεϐείας</span> <span class='ocrx_word' id='word_1_389' title='bbox 1693 1317 1859 1351; x_wconf 82' lang='grc' dir='ltr'>ἀντίπαλος;</span> <span class='ocrx_word' id='word_1_390' title='bbox 1875 1318 1928 1353; x_wconf 73' lang='grc' dir='ltr'><strong>Τὴν</strong></span> 
     </span>
    </p>
   </div>
   <div class='ocr_carea' id='block_1_53' title="bbox 288 1360 1103 1399">
    <p class='ocr_par' dir='ltr' id='par_1_53' title="bbox 288 1360 1082 1398">
     <span class='ocr_line' id='line_1_53' title="bbox 288 1360 1082 1398; baseline 0.004 -10"><span class='ocrx_word' id='word_1_391' title='bbox 288 1360 451 1392; x_wconf 72' lang='lat' dir='ltr'><strong>struxisset,</strong></span> <span class='ocrx_word' id='word_1_392' title='bbox 461 1360 489 1387; x_wconf 89' lang='lat' dir='ltr'><strong>in</strong></span> <span class='ocrx_word' id='word_1_393' title='bbox 501 1360 544 1387; x_wconf 87' lang='lat' dir='ltr'><strong>his</strong></span> <span class='ocrx_word' id='word_1_394' title='bbox 556 1360 654 1396; x_wconf 74' lang='lat' dir='ltr'><strong>degere</strong></span> <span class='ocrx_word' id='word_1_395' title='bbox 665 1361 726 1389; x_wconf 88' lang='lat' dir='ltr'><strong>illos</strong></span> <span class='ocrx_word' id='word_1_396' title='bbox 737 1365 762 1389; x_wconf 91' lang='lat' dir='ltr'><strong>et</strong></span> <span class='ocrx_word' id='word_1_397' title='bbox 775 1361 859 1389; x_wconf 88' lang='lat' dir='ltr'><strong>Deum</strong></span> <span class='ocrx_word' id='word_1_398' title='bbox 869 1362 1082 1398; x_wconf 88' lang='lat' dir='ltr'><strong>laudarejussit,</strong></span> 
     </span>
    </p>
   </div>
   <div class='ocr_carea' id='block_1_54' title="bbox 1111 1360 1926 1399">
    <p class='ocr_par' dir='ltr' id='par_1_54' title="bbox 1136 1362 1926 1399">
     <span class='ocr_line' id='line_1_54' title="bbox 1136 1362 1926 1399; baseline 0 -9"><span class='ocrx_word' id='word_1_399' title='bbox 1136 1364 1186 1399; x_wconf 83' lang='grc' dir='ltr'>μὲν</span> <span class='ocrx_word' id='word_1_400' title='bbox 1200 1362 1247 1391; x_wconf 83' lang='grc' dir='ltr'><strong>οὖν</strong></span> <span class='ocrx_word' id='word_1_401' title='bbox 1262 1364 1311 1390; x_wconf 72' lang='grc' dir='ltr'><strong>τοῦ</strong></span> <span class='ocrx_word' id='word_1_402' title='bbox 1333 1363 1430 1399; x_wconf 76' lang='grc' dir='ltr'>ἀνδρὸς</span> <span class='ocrx_word' id='word_1_403' title='bbox 1455 1364 1604 1399; x_wconf 77' lang='grc' dir='ltr'>καρτερίαν</span> <span class='ocrx_word' id='word_1_404' title='bbox 1621 1364 1701 1390; x_wconf 78' lang='grc' dir='ltr'>ἱκανὰ</span> <span class='ocrx_word' id='word_1_405' title='bbox 1724 1365 1773 1390; x_wconf 73' lang='grc' dir='ltr'><strong>καὶ</strong></span> <span class='ocrx_word' id='word_1_406' title='bbox 1788 1364 1877 1391; x_wconf 82' lang='grc' dir='ltr'>ταῦτα</span> <span class='ocrx_word' id='word_1_407' title='bbox 1889 1364 1926 1390; x_wconf 77' lang='grc' dir='ltr'><strong>δι-</strong></span> 
     </span>
    </p>
   </div>
   <div class='ocr_carea' id='block_1_55' title="bbox 291 1406 1106 1446">
    <p class='ocr_par' dir='ltr' id='par_1_55' title="bbox 291 1406 1083 1444">
     <span class='ocr_line' id='line_1_55' title="bbox 291 1406 1083 1444; baseline 0.006 -12"><span class='ocrx_word' id='word_1_408' title='bbox 291 1406 422 1434; x_wconf 81' lang='lat' dir='ltr'><strong>alimonta</strong></span> <span class='ocrx_word' id='word_1_409' title='bbox 437 1406 479 1434; x_wconf 88' lang='lat' dir='ltr'><strong>eis</strong></span> <span class='ocrx_word' id='word_1_410' title='bbox 494 1407 652 1434; x_wconf 86' lang='lat' dir='ltr'><strong>necessaria</strong></span> <span class='ocrx_word' id='word_1_411' title='bbox 672 1407 706 1434; x_wconf 89' lang='lat' dir='ltr'><strong>ab</strong></span> <span class='ocrx_word' id='word_1_412' title='bbox 720 1408 755 1435; x_wconf 87' lang='lat' dir='ltr'><strong>iis</strong></span> <span class='ocrx_word' id='word_1_413' title='bbox 765 1408 813 1443; x_wconf 89' lang='lat' dir='ltr'><strong>qui</strong></span> <span class='ocrx_word' id='word_1_414' title='bbox 832 1408 865 1436; x_wconf 88' lang='lat' dir='ltr'><strong>ad</strong></span> <span class='ocrx_word' id='word_1_415' title='bbox 882 1408 971 1444; x_wconf 88' lang='lat' dir='ltr'><strong>ipsum</strong></span> <span class='ocrx_word' id='word_1_416' title='bbox 992 1410 1083 1438; x_wconf 84' lang='lat' dir='ltr'><strong>venie-</strong></span> 
     </span>
    </p>
   </div>
   <div class='ocr_carea' id='block_1_56' title="bbox 1110 1406 1925 1446">
    <p class='ocr_par' dir='ltr' id='par_1_56' title="bbox 1136 1409 1925 1446">
     <span class='ocr_line' id='line_1_56' title="bbox 1136 1409 1925 1446; baseline 0.001 -10"><span class='ocrx_word' id='word_1_417' title='bbox 1136 1409 1215 1441; x_wconf 80' lang='grc' dir='ltr'>δάξαι</span> <span class='ocrx_word' id='word_1_418' title='bbox 1226 1417 1233 1425; x_wconf 82' lang='grc'><em>’</em></span> <span class='ocrx_word' id='word_1_419' title='bbox 1250 1409 1299 1445; x_wconf 86' lang='grc' dir='ltr'>τὴν</span> <span class='ocrx_word' id='word_1_420' title='bbox 1311 1410 1340 1436; x_wconf 82' lang='grc' dir='ltr'>δὲ</span> <span class='ocrx_word' id='word_1_421' title='bbox 1362 1409 1569 1445; x_wconf 80' lang='grc' dir='ltr'>φιλανῡρωπίαν</span> <span class='ocrx_word' id='word_1_422' title='bbox 1587 1409 1721 1446; x_wconf 78' lang='grc' dir='ltr'>ἑτέρωθεν</span> <span class='ocrx_word' id='word_1_423' title='bbox 1737 1410 1925 1445; x_wconf 77' lang='grc' dir='ltr'><strong>ἐπιδείξωμεν.</strong></span> 
     </span>
    </p>
   </div>
   <div class='ocr_carea' id='block_1_57' title="bbox 291 1451 1106 1492">
    <p class='ocr_par' dir='ltr' id='par_1_57' title="bbox 291 1451 1084 1488">
     <span class='ocr_line' id='line_1_57' title="bbox 291 1451 1084 1488; baseline 0.006 -10"><span class='ocrx_word' id='word_1_424' title='bbox 291 1452 358 1479; x_wconf 83' lang='lat' dir='ltr'><strong>bant</strong></span> <span class='ocrx_word' id='word_1_425' title='bbox 376 1451 546 1486; x_wconf 84' lang='lat' dir='ltr'><strong>suppeditari</strong></span> <span class='ocrx_word' id='word_1_426' title='bbox 578 1453 753 1488; x_wconf 71' lang='lat' dir='ltr'><strong>praaeipiens.</strong></span> <span class='ocrx_word' id='word_1_427' title='bbox 779 1453 838 1488; x_wconf 90' lang='lat' dir='ltr'><strong>Ipse</strong></span> <span class='ocrx_word' id='word_1_428' title='bbox 858 1458 950 1482; x_wconf 91' lang='lat' dir='ltr'><strong>autem</strong></span> <span class='ocrx_word' id='word_1_429' title='bbox 976 1456 1084 1483; x_wconf 86' lang='lat' dir='ltr'><strong>medius</strong></span> 
     </span>
    </p>
   </div>
   <div class='ocr_carea' id='block_1_58' title="bbox 1108 1451 1923 1492">
    <p class='ocr_par' dir='ltr' id='par_1_58' title="bbox 1136 1455 1923 1492">
     <span class='ocr_line' id='line_1_58' title="bbox 1136 1455 1923 1492; baseline 0 -10"><span class='ocrx_word' id='word_1_430' title='bbox 1136 1456 1253 1488; x_wconf 77' lang='grc' dir='ltr'>Πολλοὺς</span> <span class='ocrx_word' id='word_1_431' title='bbox 1271 1457 1326 1492; x_wconf 80' lang='grc' dir='ltr'><strong>γὰρ</strong></span> <span class='ocrx_word' id='word_1_432' title='bbox 1343 1456 1373 1482; x_wconf 71' lang='grc' dir='ltr'>τὸ</span> <span class='ocrx_word' id='word_1_433' title='bbox 1400 1455 1511 1491; x_wconf 81' lang='grc' dir='ltr'>βλέπειν</span> <span class='ocrx_word' id='word_1_434' title='bbox 1535 1456 1741 1491; x_wconf 77' lang='grc' dir='ltr'><strong>ἀφῃρημένους,</strong></span> <span class='ocrx_word' id='word_1_435' title='bbox 1764 1457 1813 1482; x_wconf 72' lang='grc' dir='ltr'>καὶ</span> <span class='ocrx_word' id='word_1_436' title='bbox 1839 1465 1923 1491; x_wconf 83' lang='grc' dir='ltr'>προσ-</span> 
     </span>
    </p>
   </div>
   <div class='ocr_carea' id='block_1_59' title="bbox 291 1497 1106 1538">
    <p class='ocr_par' dir='ltr' id='par_1_59' title="bbox 291 1497 1083 1536">
     <span class='ocr_line' id='line_1_59' title="bbox 291 1497 1083 1536; baseline 0.005 -12"><span class='ocrx_word' id='word_1_437' title='bbox 291 1497 364 1525; x_wconf 88' lang='lat' dir='ltr'><strong>inter</strong></span> <span class='ocrx_word' id='word_1_438' title='bbox 385 1505 434 1525; x_wconf 81' lang='lat' dir='ltr'><strong>eos</strong></span> <span class='ocrx_word' id='word_1_439' title='bbox 447 1499 596 1526; x_wconf 88' lang='lat' dir='ltr'><strong>conclusus</strong></span> <span class='ocrx_word' id='word_1_440' title='bbox 611 1503 638 1526; x_wconf 88' lang='lat' dir='ltr'><strong>et</strong></span> <span class='ocrx_word' id='word_1_441' title='bbox 654 1499 704 1527; x_wconf 88' lang='lat' dir='ltr'><strong>hos</strong></span> <span class='ocrx_word' id='word_1_442' title='bbox 717 1504 745 1527; x_wconf 90' lang='lat' dir='ltr'><strong>et</strong></span> <span class='ocrx_word' id='word_1_443' title='bbox 761 1500 824 1528; x_wconf 90' lang='lat' dir='ltr'><strong>illos</strong></span> <span class='ocrx_word' id='word_1_444' title='bbox 845 1500 878 1528; x_wconf 86' lang='lat' dir='ltr'><strong>ad</strong></span> <span class='ocrx_word' id='word_1_445' title='bbox 906 1501 1083 1536; x_wconf 89' lang='lat' dir='ltr'><strong>hynmodiam</strong></span> 
     </span>
    </p>
   </div>
   <div class='ocr_carea' id='block_1_60' title="bbox 1112 1497 1927 1538">
    <p class='ocr_par' dir='ltr' id='par_1_60' title="bbox 1135 1503 1927 1538">
     <span class='ocr_line' id='line_1_60' title="bbox 1135 1503 1927 1538; baseline 0 -9"><span class='ocrx_word' id='word_1_446' title='bbox 1135 1504 1223 1530; x_wconf 87' lang='grc' dir='ltr'>αιτεῖν</span> <span class='ocrx_word' id='word_1_447' title='bbox 1244 1503 1471 1538; x_wconf 71' lang='grc' dir='ltr'><strong>ἠναγκασμένους</strong></span> <span class='ocrx_word' id='word_1_448' title='bbox 1493 1503 1668 1538; x_wconf 86' lang='grc' dir='ltr'>συναγαγὼν,</span> <span class='ocrx_word' id='word_1_449' title='bbox 1690 1503 1737 1529; x_wconf 74' lang='grc' dir='ltr'>καὶ</span> <span class='ocrx_word' id='word_1_450' title='bbox 1757 1503 1927 1538; x_wconf 73' lang='grc' dir='ltr'>ἑκατέρωθεν</span> 
     </span>
    </p>
   </div>
   <div class='ocr_carea' id='block_1_61' title="bbox 291 1542 1106 1584">
    <p class='ocr_par' dir='ltr' id='par_1_61' title="bbox 291 1542 1106 1584">
     <span class='ocr_line' id='line_1_61' title="bbox 291 1542 1106 1584; baseline 0.007 -15"><span class='ocrx_word' id='word_1_451' title='bbox 291 1543 405 1570; x_wconf 78' lang='lat' dir='ltr'><strong>excitat.</strong></span> <span class='ocrx_word' id='word_1_452' title='bbox 423 1542 516 1578; x_wconf 86' lang='lat' dir='ltr'><strong>Itaque</strong></span> <span class='ocrx_word' id='word_1_453' title='bbox 533 1544 595 1571; x_wconf 90' lang='lat' dir='ltr'><strong>illos</strong></span> <span class='ocrx_word' id='word_1_454' title='bbox 611 1544 694 1572; x_wconf 88' lang='lat' dir='ltr'><strong>Deum</strong></span> <span class='ocrx_word' id='word_1_455' title='bbox 711 1546 822 1573; x_wconf 87' lang='lat' dir='ltr'><strong>assidue</strong></span> <span class='ocrx_word' id='word_1_456' title='bbox 834 1546 978 1574; x_wconf 81' lang='lat' dir='ltr'><strong>laudantes</strong></span> <span class='ocrx_word' id='word_1_457' title='bbox 990 1548 1085 1576; x_wconf 91' lang='lat' dir='ltr'><strong>audire</strong></span> <span class='ocrx_word' id='word_1_458' title='bbox 1099 1576 1106 1584; x_wconf 43' lang='grc' dir='ltr'><em>Α</em></span> 
     </span>
    </p>
   </div>
   <div class='ocr_carea' id='block_1_62' title="bbox 1110 1542 1925 1584">
    <p class='ocr_par' dir='ltr' id='par_1_62' title="bbox 1110 1549 1925 1584">
     <span class='ocr_line' id='line_1_62' title="bbox 1110 1549 1925 1584; baseline 0 -8"><span class='ocrx_word' id='word_1_459' title='bbox 1110 1576 1118 1584; x_wconf 66' lang='grc'><strong>,</strong></span> <span class='ocrx_word' id='word_1_460' title='bbox 1137 1549 1205 1584; x_wconf 78' lang='grc' dir='ltr'>πρὸς</span> <span class='ocrx_word' id='word_1_461' title='bbox 1219 1550 1256 1576; x_wconf 79' lang='grc' dir='ltr'>ἒω</span> <span class='ocrx_word' id='word_1_462' title='bbox 1272 1550 1320 1576; x_wconf 80' lang='grc' dir='ltr'>καὶ</span> <span class='ocrx_word' id='word_1_463' title='bbox 1338 1549 1405 1584; x_wconf 80' lang='grc' dir='ltr'>πρὸς</span> <span class='ocrx_word' id='word_1_464' title='bbox 1422 1549 1543 1583; x_wconf 72' lang='grc' dir='ltr'>ἑσπέραν</span> <span class='ocrx_word' id='word_1_465' title='bbox 1567 1549 1734 1584; x_wconf 79' lang='grc' dir='ltr'>δειμάμενος</span> <span class='ocrx_word' id='word_1_466' title='bbox 1752 1549 1925 1584; x_wconf 76' lang='grc' dir='ltr'>καταγώγια.</span> 
     </span>
    </p>
   </div>
   <div class='ocr_carea' id='block_1_63' title="bbox 290 1576 1105 1636">
    <p class='ocr_par' dir='ltr' id='par_1_63' title="bbox 290 1576 1105 1636">
     <span class='ocr_line' id='line_1_63' title="bbox 290 1576 1105 1636; baseline 0.009 -21"><span class='ocrx_word' id='word_1_467' title='bbox 290 1593 341 1636; x_wconf 67' lang='lat' dir='ltr'><strong>est.</strong></span> <span class='ocrx_word' id='word_1_468' title='bbox 357 1588 444 1616; x_wconf 88' lang='lat' dir='ltr'><strong>Tanta</strong></span> <span class='ocrx_word' id='word_1_469' title='bbox 459 1576 502 1617; x_wconf 75' lang='lat' dir='ltr'><strong>est</strong></span> <span class='ocrx_word' id='word_1_470' title='bbox 519 1595 650 1625; x_wconf 86' lang='lat' dir='ltr'><strong>perpetua</strong></span> <span class='ocrx_word' id='word_1_471' title='bbox 668 1591 743 1619; x_wconf 79' lang='lat' dir='ltr'><strong>illius</strong></span> <span class='ocrx_word' id='word_1_472' title='bbox 763 1599 827 1627; x_wconf 79' lang='lat' dir='ltr'><strong>erga</strong></span> <span class='ocrx_word' id='word_1_473' title='bbox 844 1593 966 1627; x_wconf 85' lang='lat' dir='ltr'><strong>ejusdem</strong></span> <span class='ocrx_word' id='word_1_474' title='bbox 977 1599 1083 1622; x_wconf 70' lang='lat' dir='ltr'><strong>naturae</strong></span> <span class='ocrx_word' id='word_1_475' title='bbox 1098 1577 1105 1604; x_wconf 53' lang='lat'><em>‘</em></span> 
     </span>
    </p>
   </div>
   <div class='ocr_carea' id='block_1_64' title="bbox 1111 1576 1926 1636">
    <p class='ocr_par' dir='ltr' id='par_1_64' title="bbox 1111 1593 1926 1630">
     <span class='ocr_line' id='line_1_64' title="bbox 1111 1593 1926 1630; baseline 0 -8"><span class='ocrx_word' id='word_1_476' title='bbox 1111 1593 1119 1604; x_wconf 84' lang='lat'>‘</span> <span class='ocrx_word' id='word_1_477' title='bbox 1135 1595 1239 1629; x_wconf 82' lang='grc' dir='ltr'>διάγειν</span> <span class='ocrx_word' id='word_1_478' title='bbox 1254 1596 1282 1622; x_wconf 84' lang='grc' dir='ltr'>ἐν</span> <span class='ocrx_word' id='word_1_479' title='bbox 1295 1595 1400 1626; x_wconf 78' lang='grc' dir='ltr'>τούτοις</span> <span class='ocrx_word' id='word_1_480' title='bbox 1416 1596 1463 1621; x_wconf 72' lang='grc' dir='ltr'><strong>καὶ</strong></span> <span class='ocrx_word' id='word_1_481' title='bbox 1477 1595 1522 1621; x_wconf 84' lang='grc' dir='ltr'><strong>τὸν</strong></span> <span class='ocrx_word' id='word_1_482' title='bbox 1538 1595 1605 1622; x_wconf 81' lang='grc' dir='ltr'>Θεὸν</span> <span class='ocrx_word' id='word_1_483' title='bbox 1627 1595 1722 1630; x_wconf 82' lang='grc' dir='ltr'>ὑμνεῖν</span> <span class='ocrx_word' id='word_1_484' title='bbox 1737 1595 1926 1630; x_wconf 80' lang='grc' dir='ltr'>παρεγγὺησε,</span> 
     </span>
    </p>
   </div>
   <div class='ocr_carea' id='block_1_65' title="bbox 291 1634 1106 1676">
    <p class='ocr_par' dir='ltr' id='par_1_65' title="bbox 291 1634 1085 1670">
     <span class='ocr_line' id='line_1_65' title="bbox 291 1634 1085 1670; baseline 0.01 -9"><span class='ocrx_word' id='word_1_485' title='bbox 291 1634 439 1670; x_wconf 84' lang='lat' dir='ltr'><strong>participes</strong></span> <span class='ocrx_word' id='word_1_486' title='bbox 451 1635 622 1662; x_wconf 89' lang='lat' dir='ltr'><strong>humanitas.</strong></span> <span class='ocrx_word' id='word_1_487' title='bbox 640 1635 774 1663; x_wconf 88' lang='lat' dir='ltr'><strong>luitorum</strong></span> <span class='ocrx_word' id='word_1_488' title='bbox 795 1642 886 1664; x_wconf 77' lang='lat' dir='ltr'><strong>autent</strong></span> <span class='ocrx_word' id='word_1_489' title='bbox 902 1639 954 1666; x_wconf 89' lang='lat' dir='ltr'><strong>sub</strong></span> <span class='ocrx_word' id='word_1_490' title='bbox 966 1639 1012 1667; x_wconf 90' lang='lat' dir='ltr'><strong>dio</strong></span> <span class='ocrx_word' id='word_1_491' title='bbox 1027 1648 1085 1668; x_wconf 84' lang='lat' dir='ltr'><strong>cer—</strong></span> 
     </span>
    </p>
   </div>
   <div class='ocr_carea' id='block_1_66' title="bbox 1113 1634 1928 1676">
    <p class='ocr_par' dir='ltr' id='par_1_66' title="bbox 1135 1640 1928 1676">
     <span class='ocr_line' id='line_1_66' title="bbox 1135 1640 1928 1676; baseline -0.001 -8"><span class='ocrx_word' id='word_1_492' title='bbox 1135 1642 1185 1676; x_wconf 83' lang='grc' dir='ltr'>τὴν</span> <span class='ocrx_word' id='word_1_493' title='bbox 1202 1641 1354 1675; x_wconf 76' lang='grc' dir='ltr'>ἀναγκαίαν</span> <span class='ocrx_word' id='word_1_494' title='bbox 1373 1642 1465 1672; x_wconf 75' lang='grc' dir='ltr'>αὐτοῖς</span> <span class='ocrx_word' id='word_1_495' title='bbox 1481 1641 1585 1676; x_wconf 64' lang='grc' dir='ltr'>τροφὴν</span> <span class='ocrx_word' id='word_1_496' title='bbox 1609 1641 1686 1676; x_wconf 82' lang='grc' dir='ltr'><strong>παρὰ</strong></span> <span class='ocrx_word' id='word_1_497' title='bbox 1703 1640 1758 1667; x_wconf 80' lang='grc' dir='ltr'><strong>τῶν</strong></span> <span class='ocrx_word' id='word_1_498' title='bbox 1784 1643 1825 1672; x_wconf 86' lang='grc' dir='ltr'><strong>είς</strong></span> <span class='ocrx_word' id='word_1_499' title='bbox 1848 1642 1928 1668; x_wconf 67' lang='grc' dir='ltr'>αὐτὴν</span> 
     </span>
    </p>
   </div>
   <div class='ocr_carea' id='block_1_67' title="bbox 289 1680 1104 1722">
    <p class='ocr_par' dir='ltr' id='par_1_67' title="bbox 289 1680 1085 1718">
     <span class='ocr_line' id='line_1_67' title="bbox 289 1680 1085 1718; baseline 0.01 -13"><span class='ocrx_word' id='word_1_500' title='bbox 289 1680 425 1706; x_wconf 82' lang='lat' dir='ltr'><strong>taminum</strong></span> <span class='ocrx_word' id='word_1_501' title='bbox 440 1680 527 1715; x_wconf 82' lang='lat' dir='ltr'><strong>ipsius</strong></span> <span class='ocrx_word' id='word_1_502' title='bbox 542 1685 569 1707; x_wconf 89' lang='lat' dir='ltr'><strong>et</strong></span> <span class='ocrx_word' id='word_1_503' title='bbox 588 1681 679 1715; x_wconf 75' lang='lat' dir='ltr'><strong>magni</strong></span> <span class='ocrx_word' id='word_1_504' title='bbox 691 1680 787 1709; x_wconf 83' lang='lat' dir='ltr'><strong>Jacobi</strong></span> <span class='ocrx_word' id='word_1_505' title='bbox 808 1682 915 1718; x_wconf 72' lang='lat'><strong>1257</strong></span> <span class='ocrx_word' id='word_1_506' title='bbox 947 1684 1018 1712; x_wconf 89' lang='lat' dir='ltr'><strong>idem</strong></span> <span class='ocrx_word' id='word_1_507' title='bbox 1043 1690 1085 1713; x_wconf 91' lang='lat' dir='ltr'><strong>est</strong></span> 
     </span>
    </p>
   </div>
   <div class='ocr_carea' id='block_1_68' title="bbox 1113 1680 1928 1722">
    <p class='ocr_par' dir='ltr' id='par_1_68' title="bbox 1137 1686 1928 1722">
     <span class='ocr_line' id='line_1_68' title="bbox 1137 1686 1928 1722; baseline 0 -8"><span class='ocrx_word' id='word_1_508' title='bbox 1137 1687 1347 1722; x_wconf 56' lang='grc' dir='ltr'>ἀφικνουμένων</span> <span class='ocrx_word' id='word_1_509' title='bbox 1360 1686 1535 1722; x_wconf 81' lang='grc' dir='ltr'>χορηγεῖσθαι</span> <span class='ocrx_word' id='word_1_510' title='bbox 1549 1687 1679 1714; x_wconf 87' lang='grc' dir='ltr'>κελεύων.</span> <span class='ocrx_word' id='word_1_511' title='bbox 1693 1687 1786 1718; x_wconf 68' lang='grc' dir='ltr'>Μέσας</span> <span class='ocrx_word' id='word_1_512' title='bbox 1799 1687 1826 1714; x_wconf 84' lang='grc' dir='ltr'>δὲ</span> <span class='ocrx_word' id='word_1_513' title='bbox 1841 1687 1928 1714; x_wconf 71' lang='grc' dir='ltr'>αὐτῶν</span> 
     </span>
    </p>
   </div>
   <div class='ocr_carea' id='block_1_69' title="bbox 290 1725 1105 1769">
    <p class='ocr_par' dir='ltr' id='par_1_69' title="bbox 290 1725 1084 1760">
     <span class='ocr_line' id='line_1_69' title="bbox 290 1725 1084 1760; baseline 0.009 -9"><span class='ocrx_word' id='word_1_514' title='bbox 290 1725 422 1759; x_wconf 83' lang='lat' dir='ltr'><strong>temporis</strong></span> <span class='ocrx_word' id='word_1_515' title='bbox 440 1725 570 1760; x_wconf 88' lang='lat' dir='ltr'><strong>spatiutn.</strong></span> <span class='ocrx_word' id='word_1_516' title='bbox 601 1725 734 1753; x_wconf 83' lang='lat' dir='ltr'><strong>Octavum</strong></span> <span class='ocrx_word' id='word_1_517' title='bbox 764 1728 837 1755; x_wconf 91' lang='lat' dir='ltr'><strong>enim</strong></span> <span class='ocrx_word' id='word_1_518' title='bbox 854 1734 880 1755; x_wconf 79' lang='lat' dir='ltr'><strong>et</strong></span> <span class='ocrx_word' id='word_1_519' title='bbox 913 1730 1084 1758; x_wconf 88' lang='lat' dir='ltr'><strong>tricesimum</strong></span> 
     </span>
    </p>
   </div>
   <div class='ocr_carea' id='block_1_70' title="bbox 1112 1725 1927 1769">
    <p class='ocr_par' dir='ltr' id='par_1_70' title="bbox 1138 1733 1927 1769">
     <span class='ocr_line' id='line_1_70' title="bbox 1138 1733 1927 1769; baseline -0.001 -9"><span class='ocrx_word' id='word_1_520' title='bbox 1138 1734 1348 1769; x_wconf 75' lang='grc' dir='ltr'>καθειργμένος,</span> <span class='ocrx_word' id='word_1_521' title='bbox 1364 1734 1412 1760; x_wconf 82' lang='grc' dir='ltr'>καὶ</span> <span class='ocrx_word' id='word_1_522' title='bbox 1439 1733 1550 1764; x_wconf 82' lang='grc' dir='ltr'>τούτους</span> <span class='ocrx_word' id='word_1_523' title='bbox 1576 1733 1720 1765; x_wconf 81' lang='grc' dir='ltr'>κάκείνους</span> <span class='ocrx_word' id='word_1_524' title='bbox 1735 1734 1776 1765; x_wconf 82' lang='grc' dir='ltr'>εἰς</span> <span class='ocrx_word' id='word_1_525' title='bbox 1791 1734 1927 1769; x_wconf 74' lang='grc' dir='ltr'>ὑμνῳδίαν</span> 
     </span>
    </p>
   </div>
   <div class='ocr_carea' id='block_1_71' title="bbox 290 1770 1928 1815">
    <p class='ocr_par' dir='ltr' id='par_1_71' title="bbox 290 1770 1928 1815">
     <span class='ocr_line' id='line_1_71' title="bbox 290 1770 1928 1815; baseline 0.002 -11"><span class='ocrx_word' id='word_1_526' title='bbox 290 1777 394 1797; x_wconf 63' lang='lat' dir='ltr'><strong>almum</strong></span> <span class='ocrx_word' id='word_1_527' title='bbox 407 1770 462 1805; x_wconf 62' lang='lat' dir='ltr'><strong>Iam</strong></span> <span class='ocrx_word' id='word_1_528' title='bbox 477 1771 663 1805; x_wconf 65' lang='grc' dir='ltr'><strong>εῐβιθῑέιίιηῑ-</strong></span> <span class='ocrx_word' id='word_1_529' title='bbox 1138 1780 1270 1815; x_wconf 82' lang='grc' dir='ltr'>διήγειρε,</span> <span class='ocrx_word' id='word_1_530' title='bbox 1286 1781 1333 1806; x_wconf 78' lang='grc' dir='ltr'><strong>καὶ</strong></span> <span class='ocrx_word' id='word_1_531' title='bbox 1349 1779 1422 1806; x_wconf 74' lang='grc' dir='ltr'>ἐστιν</span> <span class='ocrx_word' id='word_1_532' title='bbox 1440 1779 1556 1806; x_wconf 84' lang='grc' dir='ltr'>ἀκοῦσαι</span> <span class='ocrx_word' id='word_1_533' title='bbox 1571 1780 1659 1806; x_wconf 83' lang='grc' dir='ltr'>αὐτῶν</span> <span class='ocrx_word' id='word_1_534' title='bbox 1674 1780 1808 1815; x_wconf 75' lang='grc' dir='ltr'>διηνεκῶς</span> <span class='ocrx_word' id='word_1_535' title='bbox 1822 1781 1868 1807; x_wconf 62' lang='grc' dir='ltr'>τὸν</span> <span class='ocrx_word' id='word_1_536' title='bbox 1882 1783 1928 1806; x_wconf 83' lang='grc' dir='ltr'><strong>Δε-</strong></span> 
     </span>
    </p>
   </div>
   <div class='ocr_carea' id='block_1_72' title="bbox 292 1815 1927 1862">
    <p class='ocr_par' dir='ltr' id='par_1_72' title="bbox 292 1815 1927 1862">
     <span class='ocr_line' id='line_1_72' title="bbox 292 1815 1927 1862; baseline 0.008 -22"><span class='ocrx_word' id='word_1_537' title='bbox 292 1815 396 1851; x_wconf 71' lang='grc' dir='ltr'>ππότην</span> <span class='ocrx_word' id='word_1_538' title='bbox 410 1816 576 1862; x_wconf 59' lang='grc' dir='ltr'>ὑμνοιξντων.</span> <span class='ocrx_word' id='word_1_539' title='bbox 596 1817 719 1854; x_wconf 79' lang='grc' dir='ltr'>Τοσαύτη</span> <span class='ocrx_word' id='word_1_540' title='bbox 735 1819 799 1855; x_wconf 77' lang='grc' dir='ltr'><strong>περὶ</strong></span> <span class='ocrx_word' id='word_1_541' title='bbox 813 1821 876 1852; x_wconf 82' lang='grc' dir='ltr'>τοὺς</span> <span class='ocrx_word' id='word_1_542' title='bbox 892 1822 1025 1856; x_wconf 65' lang='grc' dir='ltr'>ὁμοφυεῖς</span> <span class='ocrx_word' id='word_1_543' title='bbox 1055 1825 1248 1861; x_wconf 80' lang='grc' dir='ltr'>φιλανθρωπίᾳ</span> <span class='ocrx_word' id='word_1_544' title='bbox 1272 1827 1443 1861; x_wconf 81' lang='grc' dir='ltr'>κεχρημένος</span> <span class='ocrx_word' id='word_1_545' title='bbox 1459 1825 1582 1852; x_wconf 82' lang='grc' dir='ltr'>διετέλει.</span> <span class='ocrx_word' id='word_1_546' title='bbox 1617 1826 1678 1852; x_wconf 89' lang='grc' dir='ltr'>Τῶν</span> <span class='ocrx_word' id='word_1_547' title='bbox 1720 1826 1748 1852; x_wconf 86' lang='grc' dir='ltr'>δὲ</span> <span class='ocrx_word' id='word_1_548' title='bbox 1775 1827 1927 1862; x_wconf 80' lang='grc' dir='ltr'>ὑπαιθρίων</span> 
     </span>
    </p>
   </div>
   <div class='ocr_carea' id='block_1_73' title="bbox 291 1861 1928 1907">
    <p class='ocr_par' dir='ltr' id='par_1_73' title="bbox 291 1861 1928 1907">
     <span class='ocr_line' id='line_1_73' title="bbox 291 1861 1928 1907; baseline 0.007 -20"><span class='ocrx_word' id='word_1_549' title='bbox 291 1861 404 1896; x_wconf 74' lang='grc' dir='ltr'>ἀγώνων</span> <span class='ocrx_word' id='word_1_550' title='bbox 425 1861 499 1907; x_wconf 80' lang='grc' dir='ltr'>αὑτῷ</span> <span class='ocrx_word' id='word_1_551' title='bbox 515 1870 544 1888; x_wconf 86' lang='grc' dir='ltr'><strong>τε</strong></span> <span class='ocrx_word' id='word_1_552' title='bbox 570 1863 618 1889; x_wconf 76' lang='grc' dir='ltr'><strong>καὶ</strong></span> <span class='ocrx_word' id='word_1_553' title='bbox 639 1863 678 1899; x_wconf 86' lang='grc' dir='ltr'>τῷ</span> <span class='ocrx_word' id='word_1_554' title='bbox 696 1865 807 1900; x_wconf 82' lang='grc' dir='ltr'>μεγάλῳ</span> <span class='ocrx_word' id='word_1_555' title='bbox 834 1866 955 1901; x_wconf 79' lang='grc' dir='ltr'><strong>Ἰακώϐῳ</strong></span> <span class='ocrx_word' id='word_1_556' title='bbox 969 1868 984 1893; x_wconf 85' lang='grc' dir='ltr'><strong><em>ὁ</em></strong></span> <span class='ocrx_word' id='word_1_557' title='bbox 1003 1869 1084 1902; x_wconf 78' lang='grc' dir='ltr'>αὑτός</span> <span class='ocrx_word' id='word_1_558' title='bbox 1104 1871 1161 1897; x_wconf 74' lang='grc' dir='ltr'>ἐστι</span> <span class='ocrx_word' id='word_1_559' title='bbox 1178 1871 1284 1906; x_wconf 75' lang='grc' dir='ltr'>χρόνος.</span> <span class='ocrx_word' id='word_1_560' title='bbox 1304 1871 1417 1905; x_wconf 84' lang='grc' dir='ltr'>Ὄγδοον</span> <span class='ocrx_word' id='word_1_561' title='bbox 1435 1871 1490 1907; x_wconf 86' lang='grc' dir='ltr'>γὰρ</span> <span class='ocrx_word' id='word_1_562' title='bbox 1515 1871 1563 1898; x_wconf 80' lang='grc' dir='ltr'>καὶ</span> <span class='ocrx_word' id='word_1_563' title='bbox 1582 1872 1744 1906; x_wconf 77' lang='grc' dir='ltr'>τριακοστὸν</span> <span class='ocrx_word' id='word_1_564' title='bbox 1782 1872 1834 1907; x_wconf 74' lang='grc' dir='ltr'><strong>ἤδη</strong></span> <span class='ocrx_word' id='word_1_565' title='bbox 1865 1861 1928 1898; x_wconf 71' lang='grc' dir='ltr'>σνν-</span> 
     </span>
    </p>
   </div>
   <div class='ocr_carea' id='block_1_74' title="bbox 292 1906 539 1942">
    <p class='ocr_par' dir='ltr' id='par_1_74' title="bbox 292 1906 539 1942">
     <span class='ocr_line' id='line_1_74' title="bbox 292 1906 539 1942; baseline 0.008 -10"><span class='ocrx_word' id='word_1_566' title='bbox 292 1907 360 1942; x_wconf 80' lang='grc' dir='ltr'>επλή</span> <span class='ocrx_word' id='word_1_567' title='bbox 365 1915 454 1941; x_wconf 84' lang='grc' dir='ltr'>ρωσαν</span> <span class='ocrx_word' id='word_1_568' title='bbox 469 1906 539 1938; x_wconf 72' lang='grc' dir='ltr'>ἔτος.</span> 
     </span>
    </p>
   </div>
   <div class='ocr_carea' id='block_1_75' title="bbox 518 1953 1333 1990">
    <p class='ocr_par' dir='ltr' id='par_1_75' title="bbox 518 1953 891 1989">
     <span class='ocr_line' id='line_1_75' title="bbox 518 1953 891 1989; baseline 0.021 -9"><span class='ocrx_word' id='word_1_569' title='bbox 518 1953 613 1982; x_wconf 80' lang='lat' dir='ltr'><strong>XXIII.</strong></span> <span class='ocrx_word' id='word_1_570' title='bbox 626 1970 661 1974; x_wconf 91' lang='lat'><em>—</em></span> <span class='ocrx_word' id='word_1_571' title='bbox 675 1957 682 1965; x_wconf 87' lang='lat'>&#39;</span> <span class='ocrx_word' id='word_1_572' title='bbox 693 1955 856 1985; x_wconf 69' lang='lat' dir='ltr'><strong>JOANNES.</strong></span> <span class='ocrx_word' id='word_1_573' title='bbox 888 1987 891 1989; x_wconf 95' lang='lat'><em>_</em></span> 
     </span>
    </p>
   </div>
   <div class='ocr_carea' id='block_1_76' title="bbox 862 1953 1677 1990">
    <p class='ocr_par' dir='ltr' id='par_1_76' title="bbox 888 1962 1677 1990">
     <span class='ocr_line' id='line_1_76' title="bbox 888 1962 1677 1990; baseline 0 -1"><span class='ocrx_word' id='word_1_574' title='bbox 888 1987 891 1989; x_wconf 94' lang='lat'><strong>.</strong></span> <span class='ocrx_word' id='word_1_575' title='bbox 1381 1962 1445 1989; x_wconf 70' lang='lat' dir='ltr'><strong>KI&quot;.</strong></span> <span class='ocrx_word' id='word_1_576' title='bbox 1461 1977 1495 1982; x_wconf 98' lang='lat'><strong>—</strong></span> <span class='ocrx_word' id='word_1_577' title='bbox 1515 1962 1677 1990; x_wconf 77' lang='grc' dir='ltr'><strong>ΙΩΑΝΝΗΣ.</strong></span> 
     </span>
    </p>
   </div>
   <div class='ocr_carea' id='block_1_77' title="bbox 324 1997 1139 2046">
    <p class='ocr_par' dir='ltr' id='par_1_77' title="bbox 324 1997 1081 2038">
     <span class='ocr_line' id='line_1_77' title="bbox 324 1997 1081 2038; baseline 0.015 -14"><span class='ocrx_word' id='word_1_578' title='bbox 324 1997 386 2025; x_wconf 83' lang='lat' dir='ltr'><strong>Hoc</strong></span> <span class='ocrx_word' id='word_1_579' title='bbox 401 1998 484 2026; x_wconf 83' lang='lat' dir='ltr'><strong>etiam</strong></span> <span class='ocrx_word' id='word_1_580' title='bbox 501 1999 563 2027; x_wconf 69' lang='lat' dir='ltr'><strong>vita:</strong></span> <span class='ocrx_word' id='word_1_581' title='bbox 581 2007 668 2036; x_wconf 72' lang='lat' dir='ltr'><strong>genus</strong></span> <span class='ocrx_word' id='word_1_582' title='bbox 683 2003 828 2031; x_wconf 73' lang='lat' dir='ltr'><strong>aemulatus</strong></span> <span class='ocrx_word' id='word_1_583' title='bbox 845 2008 888 2032; x_wconf 89' lang='lat' dir='ltr'><strong>est</strong></span> <span class='ocrx_word' id='word_1_584' title='bbox 898 2003 1030 2038; x_wconf 80' lang='lat' dir='ltr'><strong>Joannes,</strong></span> <span class='ocrx_word' id='word_1_585' title='bbox 1041 2007 1081 2035; x_wconf 82' lang='lat' dir='ltr'><strong>vir</strong></span> 
     </span>
    </p>
   </div>
   <div class='ocr_carea' id='block_1_78' title="bbox 1110 1997 1925 2046">
    <p class='ocr_par' dir='ltr' id='par_1_78' title="bbox 1169 2007 1925 2046">
     <span class='ocr_line' id='line_1_78' title="bbox 1169 2007 1925 2046; baseline 0.001 -11"><span class='ocrx_word' id='word_1_586' title='bbox 1169 2009 1279 2044; x_wconf 81' lang='grc' dir='ltr'>Ταύτην</span> <span class='ocrx_word' id='word_1_587' title='bbox 1293 2007 1415 2043; x_wconf 77' lang='grc' dir='ltr'>ἐζήλωσε</span> <span class='ocrx_word' id='word_1_588' title='bbox 1428 2009 1479 2043; x_wconf 87' lang='grc' dir='ltr'>τὴν</span> <span class='ocrx_word' id='word_1_589' title='bbox 1490 2008 1628 2035; x_wconf 84' lang='grc' dir='ltr'>πολιτείαν</span> <span class='ocrx_word' id='word_1_590' title='bbox 1644 2009 1691 2035; x_wconf 74' lang='grc' dir='ltr'><strong>καὶ</strong></span> <span class='ocrx_word' id='word_1_591' title='bbox 1705 2009 1844 2044; x_wconf 81' lang='grc' dir='ltr'>Ἰωάννης,</span> <span class='ocrx_word' id='word_1_592' title='bbox 1859 2009 1925 2046; x_wconf 76' lang='grc' dir='ltr'>ἀνὴρ</span> 
     </span>
    </p>
   </div>
   <div class='ocr_carea' id='block_1_79' title="bbox 292 2045 1107 2091">
    <p class='ocr_par' dir='ltr' id='par_1_79' title="bbox 292 2045 1080 2082">
     <span class='ocr_line' id='line_1_79' title="bbox 292 2045 1080 2082; baseline 0.014 -11"><span class='ocrx_word' id='word_1_593' title='bbox 292 2045 405 2072; x_wconf 85' lang='lat' dir='ltr'><strong>lenitate</strong></span> <span class='ocrx_word' id='word_1_594' title='bbox 422 2046 493 2072; x_wconf 90' lang='lat' dir='ltr'><strong>inter</strong></span> <span class='ocrx_word' id='word_1_595' title='bbox 502 2050 600 2074; x_wconf 78' lang='lat' dir='ltr'><strong>caztera</strong></span> <span class='ocrx_word' id='word_1_596' title='bbox 623 2051 650 2074; x_wconf 91' lang='lat' dir='ltr'><strong>et</strong></span> <span class='ocrx_word' id='word_1_597' title='bbox 670 2049 882 2078; x_wconf 88' lang='lat' dir='ltr'><strong>mansuetudine</strong></span> <span class='ocrx_word' id='word_1_598' title='bbox 901 2051 1029 2081; x_wconf 87' lang='lat' dir='ltr'><strong>illustris.</strong></span> <span class='ocrx_word' id='word_1_599' title='bbox 1056 2054 1080 2082; x_wconf 88' lang='lat' dir='ltr'><strong>Is</strong></span> 
     </span>
    </p>
   </div>
   <div class='ocr_carea' id='block_1_80' title="bbox 1107 2045 1922 2091">
    <p class='ocr_par' dir='ltr' id='par_1_80' title="bbox 1133 2055 1922 2091">
     <span class='ocr_line' id='line_1_80' title="bbox 1133 2055 1922 2091; baseline 0 -8"><span class='ocrx_word' id='word_1_600' title='bbox 1133 2056 1202 2091; x_wconf 81' lang='grc' dir='ltr'>πρὸς</span> <span class='ocrx_word' id='word_1_601' title='bbox 1214 2057 1272 2084; x_wconf 78' lang='grc' dir='ltr'>τοῖς·</span> <span class='ocrx_word' id='word_1_602' title='bbox 1289 2055 1380 2087; x_wconf 83' lang='grc' dir='ltr'>ἄλλοις</span> <span class='ocrx_word' id='word_1_603' title='bbox 1397 2056 1548 2091; x_wconf 80' lang='grc' dir='ltr'>ήμερότητι</span> <span class='ocrx_word' id='word_1_604' title='bbox 1569 2057 1617 2083; x_wconf 80' lang='grc' dir='ltr'>καὶ</span> <span class='ocrx_word' id='word_1_605' title='bbox 1641 2056 1776 2091; x_wconf 85' lang='grc' dir='ltr'>πραότητι</span> <span class='ocrx_word' id='word_1_606' title='bbox 1801 2056 1922 2091; x_wconf 82' lang='grc' dir='ltr'>λάμπων.</span> 
     </span>
    </p>
   </div>
   <div class='ocr_carea' id='block_1_81' title="bbox 292 2093 1107 2141">
    <p class='ocr_par' dir='ltr' id='par_1_81' title="bbox 292 2093 1078 2135">
     <span class='ocr_line' id='line_1_81' title="bbox 292 2093 1078 2135; baseline 0.014 -18"><span class='ocrx_word' id='word_1_607' title='bbox 292 2098 418 2126; x_wconf 84' lang='lat' dir='ltr'><strong>asperam</strong></span> <span class='ocrx_word' id='word_1_608' title='bbox 444 2093 591 2127; x_wconf 84' lang='lat' dir='ltr'><strong>quamdam</strong></span> <span class='ocrx_word' id='word_1_609' title='bbox 616 2094 784 2128; x_wconf 88' lang='lat' dir='ltr'><strong>crepidinem</strong></span> <span class='ocrx_word' id='word_1_610' title='bbox 817 2104 879 2124; x_wconf 90' lang='lat' dir='ltr'><strong>cum</strong></span> <span class='ocrx_word' id='word_1_611' title='bbox 904 2105 1078 2135; x_wconf 80' lang='lat' dir='ltr'><strong>occupasset,</strong></span> 
     </span>
    </p>
   </div>
   <div class='ocr_carea' id='block_1_82' title="bbox 1108 2093 1923 2141">
    <p class='ocr_par' dir='ltr' id='par_1_82' title="bbox 1139 2101 1923 2138">
     <span class='ocr_line' id='line_1_82' title="bbox 1139 2101 1923 2138; baseline 0.003 -10"><span class='ocrx_word' id='word_1_612' title='bbox 1139 2103 1249 2138; x_wconf 88' lang='grc' dir='ltr'>Ῥαχίαν</span> <span class='ocrx_word' id='word_1_613' title='bbox 1263 2102 1292 2129; x_wconf 80' lang='grc' dir='ltr'>δὲ</span> <span class='ocrx_word' id='word_1_614' title='bbox 1315 2103 1447 2137; x_wconf 87' lang='grc' dir='ltr'>τραχεῖαν</span> <span class='ocrx_word' id='word_1_615' title='bbox 1478 2101 1651 2136; x_wconf 77' lang='grc' dir='ltr'>καταλαϐὼν,</span> <span class='ocrx_word' id='word_1_616' title='bbox 1673 2103 1858 2138; x_wconf 78' lang='grc' dir='ltr'>δυο-χείμαρον</span> <span class='ocrx_word' id='word_1_617' title='bbox 1879 2104 1923 2130; x_wconf 72' lang='grc' dir='ltr'>καὶ</span> 
     </span>
    </p>
   </div>
   <div class='ocr_carea' id='block_1_83' title="bbox 293 2135 1108 2185">
    <p class='ocr_par' dir='ltr' id='par_1_83' title="bbox 293 2135 1078 2175">
     <span class='ocr_line' id='line_1_83' title="bbox 293 2135 1078 2175; baseline 0.014 -14"><span class='ocrx_word' id='word_1_618' title='bbox 293 2135 419 2171; x_wconf 75' lang='lat' dir='ltr'><strong>frigidam</strong></span> <span class='ocrx_word' id='word_1_619' title='bbox 440 2140 467 2163; x_wconf 92' lang='lat' dir='ltr'><strong>et</strong></span> <span class='ocrx_word' id='word_1_620' title='bbox 490 2137 725 2171; x_wconf 88' lang='lat' dir='ltr'><strong>septentrionibus</strong></span> <span class='ocrx_word' id='word_1_621' title='bbox 744 2141 907 2175; x_wconf 63' lang='lat' dir='ltr'><strong>expositam,</strong></span> <span class='ocrx_word' id='word_1_622' title='bbox 930 2143 957 2170; x_wconf 89' lang='lat' dir='ltr'><strong>in</strong></span> <span class='ocrx_word' id='word_1_623' title='bbox 977 2152 1008 2171; x_wconf 89' lang='lat' dir='ltr'><strong>ea</strong></span> <span class='ocrx_word' id='word_1_624' title='bbox 1037 2145 1078 2172; x_wconf 89' lang='lat' dir='ltr'><strong>vi-</strong></span> 
     </span>
    </p>
   </div>
   <div class='ocr_carea' id='block_1_84' title="bbox 1107 2135 1922 2185">
    <p class='ocr_par' dir='ltr' id='par_1_84' title="bbox 1133 2149 1922 2185">
     <span class='ocr_line' id='line_1_84' title="bbox 1133 2149 1922 2185; baseline 0 -9"><span class='ocrx_word' id='word_1_625' title='bbox 1133 2151 1328 2185; x_wconf 80' lang='grc' dir='ltr'>προσάρκτιον,</span> <span class='ocrx_word' id='word_1_626' title='bbox 1347 2149 1377 2176; x_wconf 79' lang='grc' dir='ltr'><strong>ὲν</strong></span> <span class='ocrx_word' id='word_1_627' title='bbox 1393 2149 1485 2185; x_wconf 77' lang='grc' dir='ltr'>ἐκείνῃ</span> <span class='ocrx_word' id='word_1_628' title='bbox 1500 2149 1569 2180; x_wconf 84' lang='grc' dir='ltr'>τέως</span> <span class='ocrx_word' id='word_1_629' title='bbox 1583 2149 1663 2175; x_wconf 83' lang='grc' dir='ltr'>πέντε</span> <span class='ocrx_word' id='word_1_630' title='bbox 1681 2149 1727 2175; x_wconf 71' lang='grc' dir='ltr'><strong>καὶ</strong></span> <span class='ocrx_word' id='word_1_631' title='bbox 1743 2150 1830 2176; x_wconf 77' lang='grc' dir='ltr'>εἴκοσι</span> <span class='ocrx_word' id='word_1_632' title='bbox 1843 2150 1922 2177; x_wconf 77' lang='grc' dir='ltr'>διετέ‹</span> 
     </span>
    </p>
   </div>
   <div class='ocr_carea' id='block_1_85' title="bbox 291 2177 1106 2232">
    <p class='ocr_par' dir='ltr' id='par_1_85' title="bbox 291 2181 1078 2222">
     <span class='ocr_line' id='line_1_85' title="bbox 291 2181 1078 2222; baseline 0.013 -15"><span class='ocrx_word' id='word_1_633' title='bbox 291 2181 360 2216; x_wconf 75' lang='lat' dir='ltr'><strong>ginti</strong></span> <span class='ocrx_word' id='word_1_634' title='bbox 377 2185 405 2208; x_wconf 90' lang='lat' dir='ltr'><strong>et</strong></span> <span class='ocrx_word' id='word_1_635' title='bbox 418 2182 541 2216; x_wconf 81' lang='lat' dir='ltr'><strong>quinque</strong></span> <span class='ocrx_word' id='word_1_636' title='bbox 554 2189 642 2210; x_wconf 89' lang='lat' dir='ltr'><strong>annos</strong></span> <span class='ocrx_word' id='word_1_637' title='bbox 658 2183 791 2213; x_wconf 85' lang='lat' dir='ltr'><strong>hactenus</strong></span> <span class='ocrx_word' id='word_1_638' title='bbox 804 2188 950 2222; x_wconf 76' lang='lat' dir='ltr'><strong>transegit,</strong></span> <span class='ocrx_word' id='word_1_639' title='bbox 965 2193 1078 2216; x_wconf 85' lang='lat' dir='ltr'><strong>contra-</strong></span> 
     </span>
    </p>
   </div>
   <div class='ocr_carea' id='block_1_86' title="bbox 1106 2177 1921 2232">
    <p class='ocr_par' dir='ltr' id='par_1_86' title="bbox 1133 2177 1921 2230">
     <span class='ocr_line' id='line_1_86' title="bbox 1133 2177 1921 2230; baseline -0.001 -8"><span class='ocrx_word' id='word_1_640' title='bbox 1133 2177 1210 2222; x_wconf 70' lang='grc' dir='ltr'>λέσεν</span> <span class='ocrx_word' id='word_1_641' title='bbox 1222 2177 1280 2230; x_wconf 70' lang='grc' dir='ltr'>έτη,</span> <span class='ocrx_word' id='word_1_642' title='bbox 1300 2177 1349 2227; x_wconf 64' lang='grc' dir='ltr'><strong>τας</strong></span> <span class='ocrx_word' id='word_1_643' title='bbox 1368 2177 1494 2226; x_wconf 66' lang='grc' dir='ltr'>ἐναντίας</span> <span class='ocrx_word' id='word_1_644' title='bbox 1511 2177 1567 2221; x_wconf 44' lang='grc' dir='ltr'>τοῦ.</span> <span class='ocrx_word' id='word_1_645' title='bbox 1582 2195 1662 2230; x_wconf 81' lang='grc' dir='ltr'>ἀέρος</span> <span class='ocrx_word' id='word_1_646' title='bbox 1680 2196 1828 2230; x_wconf 79' lang='grc' dir='ltr'>δεχόμενος</span> <span class='ocrx_word' id='word_1_647' title='bbox 1843 2205 1921 2230; x_wconf 82' lang='grc' dir='ltr'>προσ-</span> 
     </span>
    </p>
   </div>
   <div class='ocr_carea' id='block_1_87' title="bbox 291 2227 1106 2279">
    <p class='ocr_par' dir='ltr' id='par_1_87' title="bbox 291 2227 1078 2268">
     <span class='ocr_line' id='line_1_87' title="bbox 291 2227 1078 2268; baseline 0.014 -15"><span class='ocrx_word' id='word_1_648' title='bbox 291 2227 347 2254; x_wconf 83' lang='lat' dir='ltr'><strong>rias</strong></span> <span class='ocrx_word' id='word_1_649' title='bbox 374 2227 447 2255; x_wconf 86' lang='lat' dir='ltr'><strong>aeris</strong></span> <span class='ocrx_word' id='word_1_650' title='bbox 469 2227 584 2261; x_wconf 87' lang='lat' dir='ltr'><strong>injurias</strong></span> <span class='ocrx_word' id='word_1_651' title='bbox 611 2229 764 2263; x_wconf 82' lang='lat' dir='ltr'><strong>perferens.</strong></span> <span class='ocrx_word' id='word_1_652' title='bbox 796 2231 911 2268; x_wconf 83' lang='lat' dir='ltr'><strong>Reliqua</strong></span> <span class='ocrx_word' id='word_1_653' title='bbox 940 2243 1024 2268; x_wconf 87' lang='lat' dir='ltr'><strong>vero,</strong></span> <span class='ocrx_word' id='word_1_654' title='bbox 1044 2245 1078 2264; x_wconf 89' lang='lat' dir='ltr'><strong>nc</strong></span> 
     </span>
    </p>
   </div>
   <div class='ocr_carea' id='block_1_88' title="bbox 1106 2227 1921 2279">
    <p class='ocr_par' dir='ltr' id='par_1_88' title="bbox 1133 2227 1921 2279">
     <span class='ocr_line' id='line_1_88' title="bbox 1133 2227 1921 2279; baseline 0.001 -10"><span class='ocrx_word' id='word_1_655' title='bbox 1133 2242 1224 2274; x_wconf 77' lang='grc' dir='ltr'>ϐολάς.</span> <span class='ocrx_word' id='word_1_656' title='bbox 1239 2227 1330 2269; x_wconf 61' lang='grc' dir='ltr'>Ταλλα</span> <span class='ocrx_word' id='word_1_657' title='bbox 1343 2243 1372 2269; x_wconf 80' lang='grc' dir='ltr'>δὲ</span> <span class='ocrx_word' id='word_1_658' title='bbox 1387 2243 1486 2274; x_wconf 81' lang='grc' dir='ltr'>πάντα,</span> <span class='ocrx_word' id='word_1_659' title='bbox 1501 2242 1545 2269; x_wconf 78' lang='grc' dir='ltr'><strong>ἵνα</strong></span> <span class='ocrx_word' id='word_1_660' title='bbox 1567 2242 1604 2277; x_wconf 83' lang='grc' dir='ltr'><strong>μὴ</strong></span> <span class='ocrx_word' id='word_1_661' title='bbox 1616 2227 1680 2269; x_wconf 75' lang='grc' dir='ltr'>καθ’</span> <span class='ocrx_word' id='word_1_662' title='bbox 1694 2227 1811 2269; x_wconf 74' lang='grc' dir='ltr'>ἕκαστον</span> <span class='ocrx_word' id='word_1_663' title='bbox 1827 2227 1921 2279; x_wconf 47' lang='grc' dir='ltr'>διε-,Ξέρ-</span> 
     </span>
    </p>
   </div>
   <div class='ocr_carea' id='block_1_89' title="bbox 292 2273 1107 2326">
    <p class='ocr_par' dir='ltr' id='par_1_89' title="bbox 292 2273 1107 2316">
     <span class='ocr_line' id='line_1_89' title="bbox 292 2273 1107 2316; baseline 0.013 -16"><span class='ocrx_word' id='word_1_664' title='bbox 292 2273 401 2308; x_wconf 76' lang='lat' dir='ltr'><strong>singula</strong></span> <span class='ocrx_word' id='word_1_665' title='bbox 420 2280 580 2308; x_wconf 82' lang='lat' dir='ltr'><strong>persequar,</strong></span> <span class='ocrx_word' id='word_1_666' title='bbox 590 2274 690 2309; x_wconf 86' lang='lat' dir='ltr'><strong>victus,</strong></span> <span class='ocrx_word' id='word_1_667' title='bbox 706 2277 836 2311; x_wconf 87' lang='lat' dir='ltr'><strong>vestitus,</strong></span> <span class='ocrx_word' id='word_1_668' title='bbox 848 2279 969 2316; x_wconf 85' lang='lat' dir='ltr'><strong>ferrique</strong></span> <span class='ocrx_word' id='word_1_669' title='bbox 981 2289 1078 2316; x_wconf 85' lang='lat' dir='ltr'><strong>onera,</strong></span> <span class='ocrx_word' id='word_1_670' title='bbox 1097 2284 1107 2311; x_wconf 87' lang='grc' dir='ltr'>Ι</span> 
     </span>
    </p>
   </div>
   <div class='ocr_carea' id='block_1_90' title="bbox 1104 2273 1919 2326">
    <p class='ocr_par' dir='ltr' id='par_1_90' title="bbox 1104 2273 1919 2326">
     <span class='ocr_line' id='line_1_90' title="bbox 1104 2273 1919 2326; baseline 0.002 -12"><span class='ocrx_word' id='word_1_671' title='bbox 1104 2284 1118 2311; x_wconf 72' lang='grc' dir='ltr'><strong>ί)</strong></span> <span class='ocrx_word' id='word_1_672' title='bbox 1133 2273 1235 2324; x_wconf 83' lang='grc' dir='ltr'>χωμαι,</span> <span class='ocrx_word' id='word_1_673' title='bbox 1255 2289 1356 2325; x_wconf 80' lang='grc' dir='ltr'>τροφὴ,</span> <span class='ocrx_word' id='word_1_674' title='bbox 1374 2289 1420 2315; x_wconf 72' lang='grc' dir='ltr'><strong>καὶ</strong></span> <span class='ocrx_word' id='word_1_675' title='bbox 1441 2288 1536 2323; x_wconf 77' lang='grc' dir='ltr'>ἐσθὴς,</span> <span class='ocrx_word' id='word_1_676' title='bbox 1554 2273 1604 2315; x_wconf 61' lang='grc' dir='ltr'><strong>καί</strong></span> <span class='ocrx_word' id='word_1_677' title='bbox 1618 2289 1651 2315; x_wconf 84' lang='grc' dir='ltr'><strong>τὰ</strong></span> <span class='ocrx_word' id='word_1_678' title='bbox 1663 2289 1710 2315; x_wconf 82' lang='grc' dir='ltr'>τοῦ</span> <span class='ocrx_word' id='word_1_679' title='bbox 1733 2290 1846 2326; x_wconf 73' lang='grc' dir='ltr'>σιδήρου</span> <span class='ocrx_word' id='word_1_680' title='bbox 1861 2273 1919 2325; x_wconf 51' lang='grc' dir='ltr'>(ἑορ-</span> 
     </span>
    </p>
   </div>
   <div class='ocr_carea' id='block_1_91' title="bbox 292 2319 1107 2371">
    <p class='ocr_par' dir='ltr' id='par_1_91' title="bbox 292 2319 1081 2356">
     <span class='ocr_line' id='line_1_91' title="bbox 292 2319 1081 2356; baseline 0.015 -11"><span class='ocrx_word' id='word_1_681' title='bbox 292 2319 457 2354; x_wconf 82' lang='lat' dir='ltr'><strong>supradictis</strong></span> <span class='ocrx_word' id='word_1_682' title='bbox 473 2319 575 2347; x_wconf 83' lang='lat' dir='ltr'><strong>similia</strong></span> <span class='ocrx_word' id='word_1_683' title='bbox 599 2327 663 2349; x_wconf 90' lang='lat' dir='ltr'><strong>sunt</strong></span> <span class='ocrx_word' id='word_1_684' title='bbox 684 2324 786 2352; x_wconf 88' lang='lat' dir='ltr'><strong>omnia.</strong></span> <span class='ocrx_word' id='word_1_685' title='bbox 807 2324 900 2354; x_wconf 79' lang='lat' dir='ltr'><strong>Rebus</strong></span> <span class='ocrx_word' id='word_1_686' title='bbox 921 2332 1013 2355; x_wconf 91' lang='lat' dir='ltr'><strong>autem</strong></span> <span class='ocrx_word' id='word_1_687' title='bbox 1029 2329 1081 2356; x_wconf 83' lang='lat' dir='ltr'><strong>Itu-</strong></span> 
     </span>
    </p>
   </div>
   <div class='ocr_carea' id='block_1_92' title="bbox 1104 2319 1919 2371">
    <p class='ocr_par' dir='ltr' id='par_1_92' title="bbox 1128 2319 1919 2371">
     <span class='ocr_line' id='line_1_92' title="bbox 1128 2319 1919 2371; baseline 0.004 -11"><span class='ocrx_word' id='word_1_688' title='bbox 1128 2319 1189 2366; x_wconf 45' lang='grc' dir='ltr'>τίοι,</span> <span class='ocrx_word' id='word_1_689' title='bbox 1202 2319 1258 2366; x_wconf 81' lang='grc' dir='ltr'>τοῖς</span> <span class='ocrx_word' id='word_1_690' title='bbox 1273 2319 1570 2370; x_wconf 49' lang='grc' dir='ltr'>’προειρημένοιςέστὶ</span> <span class='ocrx_word' id='word_1_691' title='bbox 1596 2319 1880 2371; x_wconf 53' lang='grc' dir='ltr'>παραπλήσια.”οὖτω</span> 
     </span>
    </p>
   </div>
   <div class='ocr_carea' id='block_1_93' title="bbox 291 2363 1106 2416">
    <p class='ocr_par' dir='ltr' id='par_1_93' title="bbox 291 2363 1080 2403">
     <span class='ocr_line' id='line_1_93' title="bbox 291 2363 1080 2403; baseline 0.016 -14"><span class='ocrx_word' id='word_1_692' title='bbox 291 2363 382 2391; x_wconf 83' lang='lat' dir='ltr'><strong>manis</strong></span> <span class='ocrx_word' id='word_1_693' title='bbox 396 2363 526 2392; x_wconf 86' lang='lat' dir='ltr'><strong>omnibus</strong></span> <span class='ocrx_word' id='word_1_694' title='bbox 534 2368 612 2393; x_wconf 89' lang='lat' dir='ltr'><strong>tanto</strong></span> <span class='ocrx_word' id='word_1_695' title='bbox 620 2371 662 2395; x_wconf 88' lang='lat' dir='ltr'><strong>est</strong></span> <span class='ocrx_word' id='word_1_696' title='bbox 672 2369 809 2403; x_wconf 86' lang='lat' dir='ltr'><strong>superior,</strong></span> <span class='ocrx_word' id='word_1_697' title='bbox 825 2374 853 2397; x_wconf 90' lang='lat' dir='ltr'><strong>ut</strong></span> <span class='ocrx_word' id='word_1_698' title='bbox 870 2379 902 2399; x_wconf 88' lang='lat' dir='ltr'><strong>ex</strong></span> <span class='ocrx_word' id='word_1_699' title='bbox 916 2373 959 2400; x_wconf 89' lang='lat' dir='ltr'><strong>his</strong></span> <span class='ocrx_word' id='word_1_700' title='bbox 977 2374 1080 2402; x_wconf 89' lang='lat' dir='ltr'><strong>nullam</strong></span> 
     </span>
    </p>
   </div>
   <div class='ocr_carea' id='block_1_94' title="bbox 1103 2363 1918 2416">
    <p class='ocr_par' dir='ltr' id='par_1_94' title="bbox 1135 2379 1918 2416">
     <span class='ocr_line' id='line_1_94' title="bbox 1135 2379 1918 2416; baseline 0.003 -11"><span class='ocrx_word' id='word_1_701' title='bbox 1135 2379 1193 2405; x_wconf 71' lang='grc' dir='ltr'>ἐστι</span> <span class='ocrx_word' id='word_1_702' title='bbox 1209 2379 1262 2405; x_wconf 81' lang='grc' dir='ltr'><strong>τῶν</strong></span> <span class='ocrx_word' id='word_1_703' title='bbox 1279 2379 1460 2415; x_wconf 81' lang='grc' dir='ltr'>ἀνθρωπίνων</span> <span class='ocrx_word' id='word_1_704' title='bbox 1475 2380 1603 2406; x_wconf 80' lang='grc' dir='ltr'>ἁπάντων</span> <span class='ocrx_word' id='word_1_705' title='bbox 1618 2380 1779 2415; x_wconf 63' lang='grc' dir='ltr'>ὑπέρτερικ,</span> <span class='ocrx_word' id='word_1_706' title='bbox 1793 2380 1832 2412; x_wconf 85' lang='grc' dir='ltr'>ὡς</span> <span class='ocrx_word' id='word_1_707' title='bbox 1846 2381 1918 2416; x_wconf 81' lang='grc' dir='ltr'>μηδε-</span> 
     </span>
    </p>
   </div>
   <div class='ocr_carea' id='block_1_95' title="bbox 291 2410 1080 2450">
    <p class='ocr_par' dir='ltr' id='par_1_95' title="bbox 291 2410 1080 2450">
     <span class='ocr_line' id='line_1_95' title="bbox 291 2410 1080 2450; baseline 0.015 -15"><span class='ocrx_word' id='word_1_708' title='bbox 291 2410 421 2443; x_wconf 86' lang='lat' dir='ltr'><strong>decerpat</strong></span> <span class='ocrx_word' id='word_1_709' title='bbox 453 2411 679 2440; x_wconf 84' lang='lat' dir='ltr'><strong>consolationem.</strong></span> <span class='ocrx_word' id='word_1_710' title='bbox 712 2413 798 2450; x_wconf 88' lang='lat' dir='ltr'><strong>Cujus</strong></span> <span class='ocrx_word' id='word_1_711' title='bbox 828 2417 867 2444; x_wconf 89' lang='lat' dir='ltr'><strong>rei</strong></span> <span class='ocrx_word' id='word_1_712' title='bbox 902 2418 1080 2447; x_wconf 86' lang='lat' dir='ltr'><strong>manifestum</strong></span> 
     </span>
    </p>
   </div>
   <div class='ocr_carea' id='block_1_96' title="bbox 293 2455 1080 2500">
    <p class='ocr_par' dir='ltr' id='par_1_96' title="bbox 293 2455 1080 2500">
     <span class='ocr_line' id='line_1_96' title="bbox 293 2455 1080 2500; baseline 0.015 -19"><span class='ocrx_word' id='word_1_713' title='bbox 293 2455 424 2482; x_wconf 84' lang='lat' dir='ltr'><strong>indicium</strong></span> <span class='ocrx_word' id='word_1_714' title='bbox 449 2463 513 2483; x_wconf 81' lang='lat' dir='ltr'><strong>mox</strong></span> <span class='ocrx_word' id='word_1_715' title='bbox 536 2459 683 2491; x_wconf 83' lang='lat' dir='ltr'><strong>proferam.</strong></span> <span class='ocrx_word' id='word_1_716' title='bbox 714 2459 780 2487; x_wconf 88' lang='lat' dir='ltr'><strong>Nam</strong></span> <span class='ocrx_word' id='word_1_717' title='bbox 813 2470 874 2489; x_wconf 89' lang='lat' dir='ltr'><strong>cum</strong></span> <span class='ocrx_word' id='word_1_718' title='bbox 905 2465 1080 2500; x_wconf 84' lang='lat' dir='ltr'><strong>amygdalum</strong></span> 
     </span>
    </p>
   </div>
   <div class='ocr_carea' id='block_1_97' title="bbox 294 2501 1079 2545">
    <p class='ocr_par' dir='ltr' id='par_1_97' title="bbox 294 2501 1079 2545">
     <span class='ocr_line' id='line_1_97' title="bbox 294 2501 1079 2545; baseline 0.015 -19"><span class='ocrx_word' id='word_1_719' title='bbox 294 2501 395 2536; x_wconf 87' lang='lat' dir='ltr'><strong>probus</strong></span> <span class='ocrx_word' id='word_1_720' title='bbox 403 2501 512 2535; x_wconf 75' lang='lat' dir='ltr'><strong>quidam</strong></span> <span class='ocrx_word' id='word_1_721' title='bbox 524 2503 566 2530; x_wconf 90' lang='lat' dir='ltr'><strong>vir</strong></span> <span class='ocrx_word' id='word_1_722' title='bbox 579 2510 689 2538; x_wconf 84' lang='lat' dir='ltr'><strong>propter</strong></span> <span class='ocrx_word' id='word_1_723' title='bbox 705 2505 765 2540; x_wconf 85' lang='lat' dir='ltr'><strong>ejus</strong></span> <span class='ocrx_word' id='word_1_724' title='bbox 776 2507 904 2536; x_wconf 83' lang='lat' dir='ltr'><strong>lectulum</strong></span> <span class='ocrx_word' id='word_1_725' title='bbox 917 2510 1079 2545; x_wconf 83' lang='lat' dir='ltr'><strong>plantasset,</strong></span> 
     </span>
    </p>
   </div>
   <div class='ocr_carea' id='block_1_98' title="bbox 294 2547 1109 2602">
    <p class='ocr_par' dir='ltr' id='par_1_98' title="bbox 294 2547 1080 2602">
     <span class='ocr_line' id='line_1_98' title="bbox 294 2547 1080 2584; baseline 0.015 -12"><span class='ocrx_word' id='word_1_726' title='bbox 294 2552 320 2573; x_wconf 86' lang='lat' dir='ltr'><strong>ct</strong></span> <span class='ocrx_word' id='word_1_727' title='bbox 344 2547 387 2573; x_wconf 90' lang='lat' dir='ltr'><strong>illa</strong></span> <span class='ocrx_word' id='word_1_728' title='bbox 405 2549 535 2583; x_wconf 79' lang='lat' dir='ltr'><strong>temporis</strong></span> <span class='ocrx_word' id='word_1_729' title='bbox 553 2558 686 2579; x_wconf 83' lang='lat' dir='ltr'><strong>successu</strong></span> <span class='ocrx_word' id='word_1_730' title='bbox 706 2553 788 2580; x_wconf 83' lang='lat' dir='ltr'><strong>arbor</strong></span> <span class='ocrx_word' id='word_1_731' title='bbox 809 2554 880 2581; x_wconf 86' lang='lat' dir='ltr'><strong>facta</strong></span> <span class='ocrx_word' id='word_1_732' title='bbox 899 2557 1022 2583; x_wconf 87' lang='lat' dir='ltr'><strong>umbram</strong></span> <span class='ocrx_word' id='word_1_733' title='bbox 1041 2557 1080 2584; x_wconf 95' lang='lat' dir='ltr'><strong>illi</strong></span> 
     </span>
     <span class='ocr_line' id='line_1_99' title="bbox 294 2592 869 2602; baseline 0.005 -3"><span class='ocrx_word' id='word_1_734' title='bbox 294 2592 423 2602; x_wconf 35' lang='lat' dir='ltr'><strong>“4W.</strong></span> <span class='ocrx_word' id='word_1_735' title='bbox 451 2594 473 2602; x_wconf 31' lang='grc' dir='ltr'>ν.</span> <span class='ocrx_word' id='word_1_736' title='bbox 634 2597 659 2602; x_wconf 87' lang='grc'><strong>..</strong></span> <span class='ocrx_word' id='word_1_737' title='bbox 814 2600 819 2602; x_wconf 92' lang='grc'>.</span> <span class='ocrx_word' id='word_1_738' title='bbox 866 2601 869 2602; x_wconf 65' lang='lat'>,</span> 
     </span>
    </p>
   </div>
   <div class='ocr_carea' id='block_1_99' title="bbox 1101 2547 1916 2602">
    <p class='ocr_par' dir='ltr' id='par_1_99' title="bbox 1133 2547 1916 2602">
     <span class='ocr_line' id='line_1_100' title="bbox 1133 2547 1916 2602; baseline 0.005 -12"><span class='ocrx_word' id='word_1_739' title='bbox 1199 2564 1322 2597; x_wconf 75' lang='grc' dir='ltr'>στιϐάδα,</span> <span class='ocrx_word' id='word_1_740' title='bbox 1334 2562 1394 2591; x_wconf 83' lang='grc' dir='ltr'>εἶτα</span> <span class='ocrx_word' id='word_1_741' title='bbox 1406 2547 1548 2600; x_wconf 41' lang='grc' dir='ltr'>τῷιχρονῳ</span> <span class='ocrx_word' id='word_1_742' title='bbox 1562 2547 1671 2601; x_wconf 67' lang='grc' dir='ltr'>δένδρον</span> <span class='ocrx_word' id='word_1_743' title='bbox 1691 2547 1834 2602; x_wconf 75' lang='grc' dir='ltr'>γινομένη,</span> <span class='ocrx_word' id='word_1_744' title='bbox 1848 2568 1916 2594; x_wconf 69' lang='grc' dir='ltr'>σκιάν</span> 
     </span>
    </p>
   </div>
   <div class='ocr_carea' id='block_1_100' title="bbox 294 2592 1109 2648">
    <p class='ocr_par' dir='ltr' id='par_1_100' title="bbox 294 2592 1081 2636">
     <span class='ocr_line' id='line_1_101' title="bbox 294 2592 1081 2636; baseline 0.017 -18"><span class='ocrx_word' id='word_1_745' title='bbox 294 2592 437 2627; x_wconf 65' lang='lat' dir='ltr'><strong>praeberet,</strong></span> <span class='ocrx_word' id='word_1_746' title='bbox 450 2594 595 2629; x_wconf 82' lang='lat' dir='ltr'><strong>visumque</strong></span> <span class='ocrx_word' id='word_1_747' title='bbox 615 2597 779 2630; x_wconf 86' lang='lat' dir='ltr'><strong>oblectaret,</strong></span> <span class='ocrx_word' id='word_1_748' title='bbox 796 2600 922 2628; x_wconf 74' lang='lat' dir='ltr'><strong>abscindi</strong></span> <span class='ocrx_word' id='word_1_749' title='bbox 936 2602 1029 2636; x_wconf 87' lang='lat' dir='ltr'><strong>jussit,</strong></span> <span class='ocrx_word' id='word_1_750' title='bbox 1047 2611 1081 2631; x_wconf 88' lang='lat' dir='ltr'><strong>ne</strong></span> 
     </span>
    </p>
   </div>
   <div class='ocr_carea' id='block_1_101' title="bbox 1108 2592 1923 2648">
    <p class='ocr_par' dir='ltr' id='par_1_101' title="bbox 1133 2592 1923 2648">
     <span class='ocr_line' id='line_1_102' title="bbox 1133 2592 1923 2648; baseline 0.009 -15"><span class='ocrx_word' id='word_1_751' title='bbox 1133 2592 1167 2633; x_wconf 49' lang='grc' dir='ltr'>τε.</span> <span class='ocrx_word' id='word_1_752' title='bbox 1181 2607 1254 2643; x_wconf 79' lang='grc' dir='ltr'>αὐτῷ</span> <span class='ocrx_word' id='word_1_753' title='bbox 1266 2592 1392 2644; x_wconf 74' lang='grc' dir='ltr'>παρεῖχε,</span> <span class='ocrx_word' id='word_1_754' title='bbox 1404 2592 1518 2644; x_wconf 75' lang='grc' dir='ltr'><strong>καὶ</strong></span> <span class='ocrx_word' id='word_1_755' title='bbox 1534 2592 1596 2644; x_wconf 65' lang='grc' dir='ltr'>δψιν</span> <span class='ocrx_word' id='word_1_756' title='bbox 1615 2592 1714 2643; x_wconf 62' lang='grc' dir='ltr'>εἱστία,</span> 
     </span>
    </p>
   </div>
   <div class='ocr_carea' id='block_1_102' title="bbox 294 2637 1109 2692">
    <p class='ocr_par' dir='ltr' id='par_1_102' title="bbox 294 2639 1081 2682">
     <span class='ocr_line' id='line_1_103' title="bbox 294 2639 1081 2682; baseline 0.017 -17"><span class='ocrx_word' id='word_1_757' title='bbox 294 2639 359 2674; x_wconf 78' lang='lat' dir='ltr'><strong>quid</strong></span> <span class='ocrx_word' id='word_1_758' title='bbox 372 2639 434 2667; x_wconf 90' lang='lat' dir='ltr'><strong>inde</strong></span> <span class='ocrx_word' id='word_1_759' title='bbox 448 2647 556 2676; x_wconf 85' lang='lat' dir='ltr'><strong>caperet</strong></span> <span class='ocrx_word' id='word_1_760' title='bbox 565 2643 667 2672; x_wconf 88' lang='lat' dir='ltr'><strong>solatii.</strong></span> <span class='ocrx_word' id='word_1_761' title='bbox 682 2643 758 2673; x_wconf 87' lang='lat' dir='ltr'><strong>Ilanc</strong></span> <span class='ocrx_word' id='word_1_762' title='bbox 771 2654 883 2682; x_wconf 80' lang='lat' dir='ltr'><strong>quoque</strong></span> <span class='ocrx_word' id='word_1_763' title='bbox 894 2648 977 2676; x_wconf 86' lang='lat' dir='ltr'><strong>vitam</strong></span> <span class='ocrx_word' id='word_1_764' title='bbox 993 2650 1081 2678; x_wconf 84' lang='lat' dir='ltr'><strong>Moses</strong></span> 
     </span>
    </p>
   </div>
   <div class='ocr_carea' id='block_1_103' title="bbox 1108 2637 1923 2692">
    <p class='ocr_par' dir='ltr' id='par_1_103' title="bbox 1134 2637 1923 2692">
     <span class='ocr_line' id='line_1_104' title="bbox 1134 2637 1923 2692; baseline 0.009 -15"><span class='ocrx_word' id='word_1_765' title='bbox 1134 2637 1290 2684; x_wconf 64' lang='grc' dir='ltr'>ἐκέλευσεν,</span> <span class='ocrx_word' id='word_1_766' title='bbox 1307 2637 1366 2679; x_wconf 31' lang='grc' dir='ltr'>θῖνα,</span> <span class='ocrx_word' id='word_1_767' title='bbox 1386 2637 1460 2688; x_wconf 44' lang='grc' dir='ltr'>’μηδὲ</span> <span class='ocrx_word' id='word_1_768' title='bbox 1483 2637 1676 2689; x_wconf 45' lang='grc' dir='ltr'>μίιᾶςιὲκεῖθεν</span> <span class='ocrx_word' id='word_1_769' title='bbox 1704 2637 1923 2692; x_wconf 42' lang='grc' dir='ltr'>απολαυΓηἸ-ιίίυῆ</span> 
     </span>
    </p>
   </div>
   <div class='ocr_carea' id='block_1_104' title="bbox 294 2678 1109 2738">
    <p class='ocr_par' dir='ltr' id='par_1_104' title="bbox 294 2685 1082 2725">
     <span class='ocr_line' id='line_1_105' title="bbox 294 2685 1082 2725; baseline 0.016 -14"><span class='ocrx_word' id='word_1_770' title='bbox 294 2685 435 2720; x_wconf 82' lang='lat' dir='ltr'><strong>amplexus</strong></span> <span class='ocrx_word' id='word_1_771' title='bbox 451 2692 504 2720; x_wconf 86' lang='lat' dir='ltr'><strong>est,</strong></span> <span class='ocrx_word' id='word_1_772' title='bbox 521 2689 569 2723; x_wconf 87' lang='lat' dir='ltr'><strong>qui</strong></span> <span class='ocrx_word' id='word_1_773' title='bbox 592 2689 619 2716; x_wconf 91' lang='lat' dir='ltr'><strong>in</strong></span> <span class='ocrx_word' id='word_1_774' title='bbox 639 2690 714 2719; x_wconf 85' lang='lat' dir='ltr'><strong>edito</strong></span> <span class='ocrx_word' id='word_1_775' title='bbox 733 2693 851 2725; x_wconf 89' lang='lat' dir='ltr'><strong>quodam</strong></span> <span class='ocrx_word' id='word_1_776' title='bbox 871 2695 976 2723; x_wconf 84' lang='lat' dir='ltr'><strong>vertice</strong></span> <span class='ocrx_word' id='word_1_777' title='bbox 988 2695 1082 2724; x_wconf 72' lang='lat' dir='ltr'><strong>Batnae</strong></span> 
     </span>
    </p>
   </div>
   <div class='ocr_carea' id='block_1_105' title="bbox 1105 2678 1920 2738">
    <p class='ocr_par' dir='ltr' id='par_1_105' title="bbox 1134 2678 1920 2738">
     <span class='ocr_line' id='line_1_106' title="bbox 1271 2678 1904 2692; baseline 0.008 -5"><span class='ocrx_word' id='word_1_778' title='bbox 1271 2678 1290 2684; x_wconf 61' lang='lat'><strong>&#39;-</strong></span> <span class='ocrx_word' id='word_1_779' title='bbox 1342 2678 1347 2679; x_wconf 59' lang='lat'>’</span> <span class='ocrx_word' id='word_1_780' title='bbox 1393 2678 1410 2687; x_wconf 67' lang='grc' dir='ltr'><strong><em>Γ</em></strong></span> <span class='ocrx_word' id='word_1_781' title='bbox 1424 2678 1458 2688; x_wconf 61' lang='lat' dir='ltr'><strong>t&quot;</strong></span> <span class='ocrx_word' id='word_1_782' title='bbox 1483 2678 1546 2689; x_wconf 73' lang='lat' dir='ltr'><strong>l&quot;&quot;&quot;</strong></span> <span class='ocrx_word' id='word_1_783' title='bbox 1572 2678 1671 2681; x_wconf 69' lang='lat'><strong>&quot;&quot;&quot;&quot;</strong></span> <span class='ocrx_word' id='word_1_784' title='bbox 1704 2678 1829 2692; x_wconf 73' lang='lat' dir='ltr'><strong>&quot;&quot;&quot;&quot;&quot;:l</strong></span> <span class='ocrx_word' id='word_1_785' title='bbox 1855 2678 1904 2692; x_wconf 72' lang='lat' dir='ltr'><strong>T&#39;I.</strong></span> 
     </span>
     <span class='ocr_line' id='line_1_107' title="bbox 1134 2678 1920 2738; baseline 0.009 -15"><span class='ocrx_word' id='word_1_786' title='bbox 1134 2697 1269 2732; x_wconf 86' lang='grc' dir='ltr'>αγωγίας.</span> <span class='ocrx_word' id='word_1_787' title='bbox 1281 2699 1382 2725; x_wconf 84' lang='grc' dir='ltr'>Τοῦτον</span> <span class='ocrx_word' id='word_1_788' title='bbox 1399 2699 1542 2734; x_wconf 67' lang='grc' dir='ltr'>ἠσπάσατο</span> <span class='ocrx_word' id='word_1_789' title='bbox 1557 2700 1602 2726; x_wconf 77' lang='grc' dir='ltr'>τὸν</span> <span class='ocrx_word' id='word_1_790' title='bbox 1614 2700 1671 2735; x_wconf 84' lang='grc' dir='ltr'>βίον</span> <span class='ocrx_word' id='word_1_791' title='bbox 1685 2703 1733 2728; x_wconf 74' lang='grc' dir='ltr'>καὶ</span> <span class='ocrx_word' id='word_1_792' title='bbox 1748 2703 1877 2738; x_wconf 78' lang='grc' dir='ltr'>Μωῡσῆς,</span> <span class='ocrx_word' id='word_1_793' title='bbox 1893 2678 1920 2730; x_wconf 57' lang='grc' dir='ltr'><strong>ἐπί</strong></span> 
     </span>
    </p>
   </div>
   <div class='ocr_carea' id='block_1_106' title="bbox 294 2735 1109 2784">
    <p class='ocr_par' dir='ltr' id='par_1_106' title="bbox 294 2735 1080 2777">
     <span class='ocr_line' id='line_1_108' title="bbox 294 2735 1080 2777; baseline 0.017 -20"><span class='ocrx_word' id='word_1_794' title='bbox 294 2735 353 2759; x_wconf 83' lang='lat' dir='ltr'><strong>vico</strong></span> <span class='ocrx_word' id='word_1_795' title='bbox 371 2735 530 2761; x_wconf 89' lang='lat' dir='ltr'><strong>imminente</strong></span> <span class='ocrx_word' id='word_1_796' title='bbox 541 2735 675 2770; x_wconf 81' lang='lat' dir='ltr'><strong>decertat,</strong></span> <span class='ocrx_word' id='word_1_797' title='bbox 689 2741 716 2764; x_wconf 89' lang='lat' dir='ltr'><strong>et</strong></span> <span class='ocrx_word' id='word_1_798' title='bbox 734 2739 887 2768; x_wconf 83' lang='lat' dir='ltr'><strong>Antiochus</strong></span> <span class='ocrx_word' id='word_1_799' title='bbox 901 2741 942 2768; x_wconf 89' lang='lat' dir='ltr'><strong>vir</strong></span> <span class='ocrx_word' id='word_1_800' title='bbox 957 2742 1080 2777; x_wconf 65' lang='lat' dir='ltr'><strong>grandae-</strong></span> 
     </span>
    </p>
   </div>
   <div class='ocr_carea' id='block_1_107' title="bbox 1101 2735 1916 2784">
    <p class='ocr_par' dir='ltr' id='par_1_107' title="bbox 1134 2744 1916 2784">
     <span class='ocr_line' id='line_1_109' title="bbox 1134 2744 1916 2784; baseline 0.006 -14"><span class='ocrx_word' id='word_1_801' title='bbox 1134 2744 1223 2779; x_wconf 68' lang='grc' dir='ltr'>ὑψηλῇ</span> <span class='ocrx_word' id='word_1_802' title='bbox 1238 2753 1290 2771; x_wconf 89' lang='grc' dir='ltr'>τινι</span> <span class='ocrx_word' id='word_1_803' title='bbox 1304 2747 1408 2780; x_wconf 63' lang='grc' dir='ltr'>κορυφῇ</span> <span class='ocrx_word' id='word_1_804' title='bbox 1431 2745 1538 2781; x_wconf 84' lang='grc' dir='ltr'>Ῥαμᾶς</span> <span class='ocrx_word' id='word_1_805' title='bbox 1555 2746 1740 2783; x_wconf 79' lang='grc' dir='ltr'>ὑπερκειμένη</span> <span class='ocrx_word' id='word_1_806' title='bbox 1755 2749 1807 2783; x_wconf 75' lang='grc' dir='ltr'>τῆς</span> <span class='ocrx_word' id='word_1_807' title='bbox 1816 2749 1916 2784; x_wconf 77' lang='grc' dir='ltr'>κώμης,</span> 
     </span>
    </p>
   </div>
   <div class='ocr_carea' id='block_1_108' title="bbox 293 2779 1108 2829">
    <p class='ocr_par' dir='ltr' id='par_1_108' title="bbox 293 2779 1078 2820">
     <span class='ocr_line' id='line_1_110' title="bbox 293 2779 1078 2820; baseline 0.017 -18"><span class='ocrx_word' id='word_1_808' title='bbox 293 2779 409 2813; x_wconf 84' lang='lat' dir='ltr'><strong>vt:s,qui</strong></span> <span class='ocrx_word' id='word_1_809' title='bbox 426 2779 616 2808; x_wconf 72' lang='lat' dir='ltr'><strong>desurtissimo</strong></span> <span class='ocrx_word' id='word_1_810' title='bbox 629 2782 655 2809; x_wconf 91' lang='lat' dir='ltr'><strong>in</strong></span> <span class='ocrx_word' id='word_1_811' title='bbox 669 2789 758 2812; x_wconf 88' lang='lat' dir='ltr'><strong>monte</strong></span> <span class='ocrx_word' id='word_1_812' title='bbox 769 2786 915 2814; x_wconf 86' lang='lat' dir='ltr'><strong>maceriam</strong></span> <span class='ocrx_word' id='word_1_813' title='bbox 929 2789 1078 2820; x_wconf 66' lang='lat' dir='ltr'><strong>exstruxit,</strong></span> 
     </span>
    </p>
   </div>
   <div class='ocr_carea' id='block_1_109' title="bbox 1098 2779 1913 2829">
    <p class='ocr_par' dir='ltr' id='par_1_109' title="bbox 1133 2779 1913 2829">
     <span class='ocr_line' id='line_1_111' title="bbox 1133 2779 1913 2829; baseline 0.004 -14"><span class='ocrx_word' id='word_1_814' title='bbox 1133 2779 1348 2824; x_wconf 43' lang='grc' dir='ltr'>ἀγωνιζόμενος)</span> <span class='ocrx_word' id='word_1_815' title='bbox 1441 2779 1589 2826; x_wconf 77' lang='grc' dir='ltr'>Ἀντίοχος,</span> <span class='ocrx_word' id='word_1_816' title='bbox 1703 2779 1867 2829; x_wconf 40' lang='lat' dir='ltr'><strong>rga-53636:ch</strong></span> 
     </span>
    </p>
   </div>
   <div class='ocr_carea' id='block_1_110' title="bbox 291 2824 1106 2874">
    <p class='ocr_par' dir='ltr' id='par_1_110' title="bbox 291 2824 1076 2868">
     <span class='ocr_line' id='line_1_112' title="bbox 291 2824 1076 2868; baseline 0.013 -17"><span class='ocrx_word' id='word_1_817' title='bbox 291 2829 318 2851; x_wconf 84' lang='lat' dir='ltr'><strong>et</strong></span> <span class='ocrx_word' id='word_1_818' title='bbox 337 2824 492 2852; x_wconf 84' lang='lat' dir='ltr'><strong>Antoninus</strong></span> <span class='ocrx_word' id='word_1_819' title='bbox 512 2826 546 2859; x_wconf 75' lang='grc'><strong>’³,</strong></span> <span class='ocrx_word' id='word_1_820' title='bbox 576 2828 622 2862; x_wconf 89' lang='lat' dir='ltr'><strong>qui</strong></span> <span class='ocrx_word' id='word_1_821' title='bbox 644 2828 671 2855; x_wconf 89' lang='lat' dir='ltr'><strong>in</strong></span> <span class='ocrx_word' id='word_1_822' title='bbox 699 2830 778 2857; x_wconf 89' lang='lat' dir='ltr'><strong>senili</strong></span> <span class='ocrx_word' id='word_1_823' title='bbox 803 2839 919 2868; x_wconf 86' lang='lat' dir='ltr'><strong>corpore</strong></span> <span class='ocrx_word' id='word_1_824' title='bbox 943 2833 1076 2867; x_wconf 86' lang='lat' dir='ltr'><strong>juvenunt</strong></span> 
     </span>
    </p>
   </div>
   <div class='ocr_carea' id='block_1_111' title="bbox 1100 2824 1915 2874">
    <p class='ocr_par' dir='ltr' id='par_1_111' title="bbox 1132 2836 1915 2874">
     <span class='ocr_line' id='line_1_113' title="bbox 1132 2836 1915 2874; baseline 0.006 -13"><span class='ocrx_word' id='word_1_825' title='bbox 1132 2836 1303 2870; x_wconf 77' lang='grc' dir='ltr'>ἐρημωτάτῳ</span> <span class='ocrx_word' id='word_1_826' title='bbox 1320 2836 1396 2871; x_wconf 73' lang='grc' dir='ltr'>τόπῳ</span> <span class='ocrx_word' id='word_1_827' title='bbox 1412 2837 1440 2863; x_wconf 80' lang='grc' dir='ltr'>τδ</span> <span class='ocrx_word' id='word_1_828' title='bbox 1455 2837 1580 2872; x_wconf 77' lang='grc' dir='ltr'>Θριγκίον</span> <span class='ocrx_word' id='word_1_829' title='bbox 1592 2837 1757 2874; x_wconf 78' lang='grc' dir='ltr'>δειμάμενος</span> <span class='ocrx_word' id='word_1_830' title='bbox 1769 2849 1775 2855; x_wconf 94' lang='grc'><strong>·</strong></span> <span class='ocrx_word' id='word_1_831' title='bbox 1795 2840 1841 2866; x_wconf 64' lang='grc' dir='ltr'><strong>καὶ</strong></span> <span class='ocrx_word' id='word_1_832' title='bbox 1860 2841 1915 2866; x_wconf 82' lang='grc' dir='ltr'><strong>Ἀν-</strong></span> 
     </span>
    </p>
   </div>
   <div class='ocr_carea' id='block_1_112' title="bbox 917 2880 1249 2911">
    <p class='ocr_par' dir='ltr' id='par_1_112' title="bbox 917 2880 1249 2911">
     <span class='ocr_line' id='line_1_114' title="bbox 917 2880 1249 2911; baseline 0.012 -5"><span class='ocrx_word' id='word_1_833' title='bbox 917 2880 1030 2909; x_wconf 69' lang='lat' dir='ltr'><strong>VARI/Ii</strong></span> <span class='ocrx_word' id='word_1_834' title='bbox 1048 2882 1249 2911; x_wconf 72' lang='lat' dir='ltr'><strong>LECTIONIZS.</strong></span> 
     </span>
    </p>
   </div>
   <div class='ocr_carea' id='block_1_113' title="bbox 1135 2425 1917 2461">
    <p class='ocr_par' dir='ltr' id='par_1_113' title="bbox 1135 2425 1917 2461">
     <span class='ocr_line' id='line_1_115' title="bbox 1135 2425 1917 2461; baseline 0.004 -10"><span class='ocrx_word' id='word_1_835' title='bbox 1135 2426 1200 2460; x_wconf 82' lang='grc' dir='ltr'>μίαν</span> <span class='ocrx_word' id='word_1_836' title='bbox 1213 2426 1245 2451; x_wconf 82' lang='grc' dir='ltr'>ὲκ</span> <span class='ocrx_word' id='word_1_837' title='bbox 1259 2425 1363 2452; x_wconf 81' lang='grc' dir='ltr'>τούτων</span> <span class='ocrx_word' id='word_1_838' title='bbox 1378 2425 1551 2461; x_wconf 78' lang='grc' dir='ltr'>καρποῦσθαι</span> <span class='ocrx_word' id='word_1_839' title='bbox 1567 2426 1744 2461; x_wconf 73' lang='grc' dir='ltr'>παραψυχήν,</span> <span class='ocrx_word' id='word_1_840' title='bbox 1761 2427 1818 2456; x_wconf 77' lang='grc' dir='ltr'><strong>Καὶ</strong></span> <span class='ocrx_word' id='word_1_841' title='bbox 1830 2427 1917 2454; x_wconf 79' lang='grc' dir='ltr'>τούτου</span> 
     </span>
    </p>
   </div>
   <div class='ocr_carea' id='block_1_114' title="bbox 1132 2472 1916 2510">
    <p class='ocr_par' dir='ltr' id='par_1_114' title="bbox 1132 2472 1916 2510">
     <span class='ocr_line' id='line_1_116' title="bbox 1132 2472 1916 2510; baseline 0.004 -12"><span class='ocrx_word' id='word_1_842' title='bbox 1132 2473 1284 2507; x_wconf 78' lang='grc' dir='ltr'>τεκμήριον</span> <span class='ocrx_word' id='word_1_843' title='bbox 1297 2472 1413 2506; x_wconf 84' lang='grc' dir='ltr'>ἐναργὲς</span> <span class='ocrx_word' id='word_1_844' title='bbox 1433 2473 1535 2499; x_wconf 81' lang='grc' dir='ltr'>αὐτίκα</span> <span class='ocrx_word' id='word_1_845' title='bbox 1558 2472 1725 2508; x_wconf 79' lang='grc' dir='ltr'>παρέξομαι.</span> <span class='ocrx_word' id='word_1_846' title='bbox 1748 2474 1858 2510; x_wconf 79' lang='grc' dir='ltr'>Ἐπειδὴ</span> <span class='ocrx_word' id='word_1_847' title='bbox 1871 2475 1916 2510; x_wconf 77' lang='grc' dir='ltr'><strong>γὰρ</strong></span> 
     </span>
    </p>
   </div>
   <div class='ocr_carea' id='block_1_115' title="bbox 1133 2517 1915 2556">
    <p class='ocr_par' dir='ltr' id='par_1_115' title="bbox 1133 2517 1915 2556">
     <span class='ocr_line' id='line_1_117' title="bbox 1133 2517 1915 2556; baseline 0.004 -12"><span class='ocrx_word' id='word_1_848' title='bbox 1133 2526 1177 2549; x_wconf 89' lang='grc' dir='ltr'><strong>τις</strong></span> <span class='ocrx_word' id='word_1_849' title='bbox 1192 2517 1247 2544; x_wconf 87' lang='grc' dir='ltr'><strong>τῶν</strong></span> <span class='ocrx_word' id='word_1_850' title='bbox 1263 2518 1415 2545; x_wconf 82' lang='grc' dir='ltr'>σπουδαίων</span> <span class='ocrx_word' id='word_1_851' title='bbox 1431 2519 1591 2554; x_wconf 84' lang='grc' dir='ltr'>ἀμυγδάλην</span> <span class='ocrx_word' id='word_1_852' title='bbox 1606 2520 1672 2554; x_wconf 84' lang='grc' dir='ltr'>παρ’</span> <span class='ocrx_word' id='word_1_853' title='bbox 1692 2521 1779 2556; x_wconf 82' lang='grc' dir='ltr'>αὐτὴν</span> <span class='ocrx_word' id='word_1_854' title='bbox 1793 2521 1915 2555; x_wconf 75' lang='grc' dir='ltr'>ἐφύτευεε</span> 
     </span>
    </p>
   </div>
   <div class='ocr_carea' id='block_1_116' title="bbox 327 2914 606 2947">
    <p class='ocr_par' dir='ltr' id='par_1_116' title="bbox 327 2914 606 2947">
     <span class='ocr_line' id='line_1_118' title="bbox 327 2914 606 2947; baseline 0.018 -5"><span class='ocrx_word' id='word_1_855' title='bbox 327 2914 351 2934; x_wconf 64' lang='grc' dir='ltr'>εδ</span> <span class='ocrx_word' id='word_1_856' title='bbox 366 2914 505 2946; x_wconf 76' lang='lat' dir='ltr'><strong>Antonius.</strong></span> <span class='ocrx_word' id='word_1_857' title='bbox 523 2919 606 2947; x_wconf 72' lang='lat' dir='ltr'><strong>Ilerv.</strong></span> 
     </span>
    </p>
   </div>
  </div>
