2064 3120
158 220 226 252 1457

774 223 976 255 RELIGIOSA
993 226 1188 259 HISTORIA.

1720 228 1731 261 ἒ
1737 230 1788 263 458

154 284 274 316 τωνῖνος1
289 284 318 309 ὲν
333 280 500 316 γεγηρακότι
516 278 622 314 σώματι
638 280 695 311 τοῖς
712 280 781 313 νέοις
797 283 942 319 παραπλη-

1000 283 1084 311 instar
1101 283 1228 311 desudat.
1240 283 1342 319 Estque
1356 283 1400 311 his
1413 284 1542 312 omnibus
1553 285 1646 313 cadem
1658 287 1790 319 vestis,et
1815 291 1817 293 ‘

155 329 220 361 σίως
234 328 446 363 ἀγωνιζόμενος.
463 326 519 352 Καὶ
533 325 607 353 ἐστιν
625 325 717 358 αὐτοῖς
732 327 813 362 ἐσθὴς
832 329 849 363 ὴ
863 329 950 364 auch,

154 377 201 405 καὶ
214 377 312 412 τροφὴ,
329 375 376 403 καὶ
405 374 509 406 στάσις,
527 373 574 401 καὶ
599 374 751 410 προσευχὴ,
768 375 815 401 καὶ
835 375 944 402 παννύ-

154 432 207 459 χιοι
221 423 308 454 πόνοι,
322 423 369 449 καὶ
388 421 574 456 πανημέριοι·
592 420 639 447 καὶ
655 419 718 447 οὔτε
734 421 830 456 χρόνου
846 422 943 457 μῆκος,

153 469 185 495 αὖ
199 469 300 503 γῆρας,
318 468 368 494 οὐκ
388 466 516 493 ἀσθένεια
537 465 644 500 φύσεως
659 465 766 501 ἐλέγχει
780 467 829 501 τὴν
843 475 944 501 καρτε-

155 514 227 550 ρίαν,
244 514 302 540 ἀλλ’
326 511 485 548 ἀκμάζοντα
499 513 528 538 ὲν
551 512 657 542 ἑαυτοῖς
674 511 766 546 ἔχουσι
789 512 835 539 τὸν
855 513 944 548 ἔρωτα

153 559 201 585 τοῦ
214 559 316 586 πονεῖν.
332 557 388 584 Καὶ
414 556 511 588 ἄλλους
530 556 559 582 δὲ
582 556 726 588 πλείστους
741 557 895 591 ἀγωνιστὰς
915 559 945 586 ἐν

154 605 209 636 τοῖς
227 604 370 639 ἡμετέροις
387 603 509 638 μέρεσιν,
524 602 600 637 δρεσί
620 611 649 629 τε
666 603 713 629 καὶ
732 603 843 635 πεδίοις,
862 606 876 631 ό
895 605 945 641 τῆς

156 650 258 686 ἀρετῆς
277 649 449 684 ἀγωνοθέτης
472 648 530 684 ἔχει
548 648 625 680 Θεὸς,
650 647 697 680 οὓς
714 649 762 675 καὶ
790 649 943 685 ἀριθμῆσαι

154 695 234 730 μόνον
266 695 315 721 οὐκ
345 694 467 726 εὐπετὲς,
518 694 583 729 μήτι
619 701 651 726 γε
684 693 716 729 δὴ
750 694 864 721 ἑκάστου
888 695 944 730 βίον

154 739 323 775 συγγράψαι.
347 739 500 775 Ἀρκοῦσαν
517 738 606 764 τοίνυν
631 739 662 764 ἐκ
684 739 789 766 τούτων
809 740 944 774 ὠφέλειαν

152 787 209 816 τοῖς
226 785 368 821 κερδάνειν
387 783 560 820 βουλομένοις
572 784 782 819 προτεθεικότες
796 786 838 820 ἐφ’
851 786 945 821 ἓτερον

153 830 223 864 ε’ίδος
234 832 387 867 διηγήσεως
403 831 549 866 τρέψομαι,
565 830 613 857 καὶ
629 830 681 866 τῆς
696 831 799 859 τούτων
818 832 945 867 εὐλογίας

155 877 321 912 μεταλαὸεῖν
339 876 434 910 ἀξιῶν.

260 924 323 951 K.\'.
336 938 370 944 -—
382 923 526 950 ΖΕΒΙΝᾹΣ
545 925 561 960 ἢ
580 925 837 952 ΠΟΛΥΧΡΟΝΙΟΣ.

191 969 304 995 Ζεϐινᾶν
317 969 408 1004 ᾄδουσι
428 969 509 1005 μέχρι
526 971 573 996 καὶ
587 971 707 1005 τήμερον
723 971 748 996 οί
771 970 820 1005 τῆς
836 970 941 997 ἐκείνου

155 1013 219 1045 θέας
236 1014 394 1049 ἠξιωμένοι.
410 1015 478 1041 Φασὶ
499 1015 527 1041 δὲ
543 1015 623 1041 αὑτὸν
644 1016 684 1046 είς
699 1015 788 1050 γῆρας
806 1015 942 1042 ἐλάσαντα

156 1060 234 1095 βαθὺ,
249 1061 297 1086 καὶ
314 1062 370 1092 τοῖς
394 1061 485 1092 αὺτοῖς
500 1062 594 1093 πόνοις
616 1061 714 1097 μέχρις
727 1061 814 1096 αὐτῆς
837 1062 942 1097 χρησά-

157 1115 238 1141 μενον
253 1106 303 1141 τῆς
317 1106 458 1141 τελευτῆς,
479 1107 562 1142 μηδὲν
579 1107 634 1133 τῶν
651 1107 701 1142 τῆς
721 1107 847 1142 νεότητος
862 1108 943 1142 ἀμεῖ-

155 1152 207 1187 ψαι
223 1152 263 1188 τῷ
290 1151 432 1188 βαρυτειτῳ
460 1152 620 1188 βιαζόμενον
641 1154 722 1188 γήρᾳ,
756 1144 943 1180 Ἐπλεονέκτει

155 1199 194 1232 δὲ,
210 1199 247 1230 ὡς
260 1198 374 1233 ἔφασαν,
387 1201 450 1231 τοὺς
462 1200 506 1227 ἐπ’
518 1199 601 1226 αὑτοῦ
617 1199 720 1231 πάντας
734 1199 896 1235 ἀνθρώπους
909 1201 943 1236 τῇ

157 1243 206 1278 τῆς
230 1244 386 1278 προσευχῆς
412 1243 572 1279 προσεδρίᾳ,
594 1243 639 1269 Ἑν
665 1243 750 1279 ταύτῃ
775 1243 829 1278 γὰρ
848 1243 944 1278 διημε-

159 1287 246 1324 ρεύων
261 1297 290 1314 τε
305 1288 351 1314 καὶ.
363 1288 588 1323 διανυκτερεύων,
605 1288 634 1314 οὑ
653 1287 731 1323 μόνον
747 1288 796 1314 οὑκ
808 1287 945 1323 ἐλάμϐανε

157 1335 249 1369 κόρον,
277 1333 346 1360 ἀλλὰ
367 1334 415 1360 καὶ
433 1333 599 1369 θερμότερον
620 1333 665 1360 τὸν
686 1333 766 1360 πόθον
792 1333 943 1368 εἰργάζετο.

163 1379 246 1406 Ἀλλὰ
274 1380 322 1406 καὶ
344 1380 403 1410 τοῖς
427 1379 496 1414 πρὸς
521 1379 601 1406 αὐτὸν
623 1379 651 1405 δέ
680 1387 712 1412 γε
737 1378 946 1414 ἀφικνουμένοις

157 1423 237 1457 ὀλίγα
253 1422 323 1450 ἄττα
337 1423 541 1458 διαλεγόμενος,
561 1423 694 1457 κατάγειν
708 1423 740 1450 ὲκ
756 1423 809 1450 τῶν
824 1423 946 1458 οὐρανῶν

156 1468 208 1494 οὐκ
233 1468 356 1503 ἠνείχετο
385 1467 434 1503 τὴν
461 1467 599 1494 διάνοιαν·
632 1467 689 1493 ἀλλ’
718 1466 800 1499 εὐθὺς
835 1467 946 1493 ἐκείνων

157 1513 409 1548 ἀπαλλαττόμενος,
442 1511 480 1544 ὡς
507 1513 574 1547 μηδὲ
603 1512 672 1547 πρὸς
693 1512 779 1548 βραχὺ
803 1512 948 1548 χωρισθεὶς

157 1558 206 1585 τοῦ
216 1558 270 1585 τῶν
282 1559 351 1585 ὃλων
369 1558 450 1590 Θεοῦ,
466 1558 548 1585 πάλιν
566 1558 614 1593 τὴν
633 1558 751 1585 ἱκετείαν
767 1558 946 1592 προσέφερεν.

164 1603 276 1639 Ἐπειδὴ
297 1604 325 1630 δὲ
341 1604 391 1639 τὴν
416 1603 527 1639 διηνεκῆ
546 1603 641 1630 στάσιν
668 1603 699 1630 τὸ
721 1604 809 1638 γῆρας
837 1603 947 1635 ἀλύπως

158 1650 253 1686 φέρειν
266 1650 317 1677 οὐκ
331 1650 386 1683 εἴα,
399 1650 519 1685 ἔρεισμα
532 1649 618 1684 τούτῳ
633 1649 682 1684 τὴν
697 1648 848 1684 βακτηρίαν
862 1656 948 1683 προσο

159 1697 254 1732 ἔφερε,
272 1697 320 1722 καὶ¹
334 1696 420 1732 ταύτῃ
437 1696 668 1731 προσκλινόμενος
683 1695 763 1729 ὕμνει
785 1694 830 1720 τὸν
846 1694 948 1720 Δεσπό-

158 1751 209 1778 την
237 1743 284 1769 καὶ
301 1742 408 1778 ηὓχετο.
425 1742 565 1776 Φιλοξενίᾳ
579 1742 607 1768 δὲ
634 1741 701 1776 πρὸς
717 1742 774 1771 τοῖς
789 1740 879 1771 ἄλλοις
901 1748 947 1766 κο-

160 1787 314 1822 σμούμενος
333 1787 455 1821 ἀγαθοῖς,
486 1786 578 1821 μένειν
605 1785 654 1820 τὴν
686 1785 806 1820 ἑσπέραν
836 1785 949 1817 πολλοὺς

159 1833 214 1860 τῶν
239 1833 276 1864 ὡς
300 1833 382 1859 αὐτὸν
408 1832 618 1866 ἀφικνουμένων
643 1831 778 1857 ἐκέλευεν.
799 1831 829 1856 Οί
849 1830 877 1856 δὲ
899 1831 948 1865 τὴν

159 1877 307 1913 παννύχιον
318 1876 401 1904 αὑτοῦ
415 1875 715 1911 δειμαίνοντες’στάσιν,
730 1875 857 1910 ἀσχολίας
871 1875 948 1907 τινὰς

161 1924 359 1959 σκηπτόμενοι,
376 1923 431 1949 τῶν
458 1922 546 1948 πόνων
578 1922 648 1956 σφᾶς
678 1921 776 1952 αὐτοὺς
801 1921 946 1956 ὑπεξῆγον.

160 1969 262 1996 Τοῦτον
278 1969 324 1996 καὶ
340 1969 353 1994 ό
379 1968 466 2003 μέγας
492 1968 597 1998 ἐκεῖνος
623 1966 802 2002 ὑπερηγάσθη
832 1966 947 2002 Μάρων,

160 2015 278 2046 καὶτοῖς
291 2013 403 2048 φοιτῶσι
420 2012 489 2046 πρὸς
508 2011 590 2039 αὐτὸν
614 2011 701 2038 ἅπασι
722 2011 870 2046 παρηγγύα
886 2011 949 2046 τρέ-

160 2069 231 2096 χειν,
245 2060 351 2087 καὶτοῦ
374 2057 528 2094 πρεσϐύτου
548 2057 598 2093 τὴν
616 2056 741 2091 εὐλογίαν
760 2058 874 2091 τρυγᾷν,
898 2065 950 2083 πα-

159 2106 229 2141 τέρα
254 2106 300 2132 καὶ
326 2104 484 2131 διδάσκαλον
505 2102 663 2138 ὀνομάζων,
680 2102 728 2129 καὶ
752 2102 842 2136 πάσης
865 2101 949 2137 ἀρχέ-

160 2159 246 2178 τυπον
273 2150 417 2178 ἀποκαλῶν
445 2149 557 2184 ἀρετῆς.
591 2148 684 2183 Τούτῳ
708 2148 872 2182 κοινωνῆσαι
903 2149 949 2174 καὶ

160 2198 250 2232 ταφῆς
280 2196 483 2231 παρεκάλεσενο
507 2194 563 2221 ἀλλ’
584 2195 634 2221 οὐκ
658 2194 753 2220 εἴασαν
776 2193 801 2219 ot
823 2192 854 2219 τὸ
878 2193 949 2228 ἱερὸν

161 2243 252 2269 ἒκεῖνο
262 2241 342 2276 σῶμα
357 2240 570 2275 διαρπάσαντες.
583 2238 631 2265 καὶ
648 2239 688 2270 εἰς
702 2238 733 2264 τὸ
750 2237 950 2273 προειρημένον

997 329 1096 361 victus,
1118 335 1145 357 et
1162 329 1256 362 statio,
1272 333 1299 357 et
1318 330 1419 362 oratio,
1435 331 1622 366 nocturnique
1644 339 1676 360 ac
1693 332 1786 361 diurni

996 375 1106 402 labores
1130 375 1252 402 continui
1274 384 1279 401 :
1302 379 1329 402 et
1349 383 1438 410 neque
1455 377 1587 411 temporis
1607 377 1786 412 diuturnitas,

997 427 1085 455 neque
1101 420 1221 452 senium,
1244 428 1332 455 neque
1348 421 1522 448 imbecillitas
1539 426 1644 449 natura:
1655 428 1787 451 constan-

996 466 1062 492 tiam
1091 465 1204 501 frangit,
1228 466 1275 494 sed
1301 469 1429 502 vegetum
1457 467 1484 493 in
1515 467 1614 502 seipsis
1642 468 1786 496 laborandi

996 512 1116 539 retinent
1133 512 1267 539 studium.
1283 512 1360 540 Alios
1379 516 1511 548 praeterea
1530 513 1687 548 complures
1704 515 1730 541 in
1754 515 1786 541 ii-
1822 520 1827 527 ί

996 556 1079 584 nibus
1097 558 1219 590 nostris,
1244 559 1438 594 montibusque
1458 562 1486 585 et
1513 559 1634 594 campis,
1668 560 1787 587 athletas
1817 580 1820 591 ,

998 602 1079 629 habet
1100 604 1211 632 virtutis
1234 605 1398 640 agonothela
1419 604 1504 637 Deus,
1521 612 1591 640 quos
1612 605 1654 632 rel
1672 613 1787 633 enume-

996 654 1059 674 rare
1069 647 1180 676 diﬂicile
1190 649 1237 681 sit,
1257 649 1357 677 nedum
1382 649 1490 685 1258
1511 650 1681 685 singulorum
1701 651 1786 678 vitam

996 693 1181 721 conscribere.
1198 694 1289 727 Quare
1303 702 1366 722 cum
1379 703 1412 722 ex
1431 695 1474 722 his
1488 695 1667 723 suilicientem
1687 695 1721 723 iis
1739 697 1786 731 qui

996 739 1104 766 lucrum
1121 744 1234 775 captant
1261 741 1407 769 utilitatem
1430 742 1668 777 proposuerimus,
1686 741 1785 769 horum

995 783 1076 811 etiam
1091 789 1121 811 ut
1137 785 1331 813 benedictione
1354 786 1478 813 fruamur
1501 790 1630 819 orantes,
1650 786 1684 814 ad
1705 787 1785 814 aliam

996 829 1182 857 narrationem
1201 835 1405 859 convertentur.

1049 921 1144 949 XXIV.
1157 937 1191 942 -—-
1207 922 1353 951 ZEBINAS
1374 927 1421 950 aut
1440 924 1715 953 POLYCHRO‘NIUS.

1032 967 1165 995 Zebinam
1187 969 1323 1004 hodieque
1351 969 1502 1004 praedicant
1524 971 1571 1006 qui
1593 971 1686 999 videre
1710 972 1785 1000 illum

996 1017 1168 1041 meruerunt.
1189 1014 1273 1041 Aiunt
1297 1018 1387 1041 autem
1409 1015 1495 1048 illum,
1519 1024 1580 1042 cum
1599 1016 1632 1043 ad
1650 1024 1786 1044 summam

997 1062 1167 1086 senectutem
1184 1059 1351 1093 pervenerit,
1368 1060 1465 1088 iisdem
1480 1060 1621 1088 laboribus
1644 1061 1676 1088 ad
1698 1061 1786 1097 ipsam

997 1112 1083 1140 usque
1094 1109 1209 1132 mortem
1224 1114 1304 1133 usum
1319 1113 1390 1138 esse.
1411 1114 1500 1142 neque
1520 1112 1641 1134 extremo
1659 1107 1786 1135 adactum

998 1150 1076 1178 senio
1096 1150 1193 1182 fuisse,
1206 1152 1216 1161 '
1231 1155 1261 1178 ut
1274 1159 1367 1178 eorum
1389 1159 1450 1187 quae
1469 1152 1562 1187 junior
1584 1152 1690 1179 solebat
1705 1153 1786 1186 quid-

998 1203 1080 1230 quam
1103 1196 1272 1224 immutaret.
1303 1195 1459 1231 Superabat
1488 1202 1594 1229 autem,
1625 1201 1654 1224 ut
1683 1197 1786 1231 ferunt,

998 1248 1094 1269 omnes
1118 1241 1169 1268 aevi
1189 1242 1233 1269 sui
1248 1242 1378 1270 mortales
1407 1242 1571 1271 assiduitate
1592 1244 1738 1272 orationis.
1756 1245 1786 1270 ln

999 1286 1050 1313 hac
1067 1286 1139 1314 enim
1162 1291 1257 1315 noctes
1283 1287 1397 1323 diesque
1417 1296 1609 1323 perseverans,
1628 1297 1682 1317 non
1705 1289 1788 1317 modo
1839 1288 1842 1290 ⁷

999 1339 1053 1358 non
1067 1332 1230 1364 satiabatur.
1252 1333 1298 1360 scd
1317 1333 1481 1361 desiderium
1498 1334 1579 1361 etiam
1592 1334 1726 1362 elﬁciebat
1740 1342 1787 1362 νου

1000 1377 1165 1404 hementius.
1193 1377 1283 1410 Quare
1309 1385 1371 1405 cum
1388 1379 1422 1406 iis
1443 1379 1489 1414 qui
1507 1379 1539 1406 ad
1555 1387 1616 1407 eum
1640 1381 1788 1407 veniebant

1000 1423 1095 1457 paucis
1109 1423 1260 1455 disserens,
1276 1424 1469 1459 cogitationem
1486 1432 1501 1451 a
1519 1423 1679 1453 coelestibus
1699 1426 1788 1453 abdu-

1000 1476 1063 1496 cere
1075 1475 1129 1496 non
1144 1469 1297 1503 patiebatur
1312 1478 1318 1496 :
1336 1470 1383 1497 sed
1401 1470 1435 1497 ab
1454 1470 1508 1498 illis
1533 1479 1595 1498 mox
1613 1471 1692 1504 liber,
1708 1471 1787 1506 quasi

1002 1522 1052 1542 nec
1077 1515 1214 1542 tantillum
1239 1522 1253 1540 a
1286 1515 1339 1542 Deo
1363 1516 1554 1543 universorum
1581 1521 1736 1552 separatus,
1755 1517 1788 1543 ad

1001 1560 1153 1587 orationem
1184 1559 1284 1587 iterum
1306 1561 1422 1587 redibat.
1444 1561 1475 1587 Et
1498 1561 1627 1596 quoniam
1644 1566 1673 1589 ut
1694 1569 1790 1596 perpe-

1002 1611 1075 1632 tuam
1094 1605 1240 1632 stationem
1257 1605 1316 1632 sine
1339 1606 1463 1634 molestia
1489 1606 1573 1633 ferret
1590 1610 1718 1634 senectus
1735 1615 1788 1634 non

1002 1650 1186 1684 permittebat,
1205 1650 1269 1677 huic
1291 1650 1477 1677 sustentanda:
1504 1651 1632 1678 baculum
1651 1650 1787 1681 adhibuit,

1002 1702 1055 1730 quo
1082 1696 1194 1723 innixus
1213 1695 1308 1723 laudes
1323 1696 1438 1723 Domino
1468 1703 1619 1731 precesque
1645 1697 1785 1724 oll'crebat.

1002 1741 1205 1776 llospitalitatis
1230 1743 1301 1768 inter
1319 1746 1416 1769 caetera
1437 1742 1508 1768 bona
1528 1742 1619 1769 studio
1645 1746 1786 1776 praestans,

1002 1788 1103 1815 multos
1123 1795 1156 1814 ex
1174 1788 1207 1815 iis
1231 1787 1277 1822 qui
1297 1786 1330 1814 ad
1348 1787 1437 1821 ipsum
1457 1787 1613 1818 veniebant.
1629 1791 1789 1822 exspectare

1001 1840 1142 1868 vesperam
1166 1832 1289 1867 jubebat.
1319 1832 1354 1858 Ili
1378 1839 1443 1859 vero
1470 1832 1628 1859 continuam
1653 1833 1713 1867 ejus
1734 1837 1788 1859 tota

1000 1882 1082 1905 nocte
1105 1878 1249 1905 stationem
1277 1876 1498 1908 reformidantes,
1527 1877 1700 1911 negotiorum
1724 1884 1794 1911 pru-

1001 1928 1075 1951 textu
1091 1923 1230 1950 laboribus
1240 1930 1269 1951 se
1279 1921 1478 1950 subducebant.
1491 1921 1570 1949 llunc
1578 1929 1694 1956 magnus
1706 1921 1791 1948 etiam

1001 1969 1046 1996 ille
1056 1968 1129 1995 Maro
1139 1968 1290 1995 admiratus
1302 1971 1344 1994 cst
1359 1966 1546 1999 vehementer,
1557 1966 1791 2000 adventantcsque

1002 2014 1035 2040 ad
1053 2022 1083 2041 se
1100 2021 1195 2040 omnes
1223 2012 1395 2044 hortabatur,
1411 2017 1439 2039 ut
1451 2012 1485 2039 ad
1500 2020 1562 2039 eum
1577 2019 1606 2039 se
1622 2010 1789 2042 conferrent,

1001 2060 1117 2094 ejusque
1130 2059 1321 2086 benedictione
1332 2058 1502 2091 fruerentur,
1519 2062 1623 2092 patrem
1646 2058 1722 2084 illum
1741 2064 1789 2084 vo-

1002 2112 1069 2132 cans
1084 2109 1111 2132 et
1126 2104 1299 2139 magistrum,
1319 2108 1345 2130 et
1363 2104 1492 2130 virtutum
1513 2103 1635 2130 omnium
1651 2103 1791 2137 exemplar

1002 2151 1153 2186 appellans
1180 2150 1250 2183 Quin
1265 2153 1291 2176 et
1304 2149 1398 2176 eodem
1414 2149 1540 2184 sepulcro
1567 2152 1596 2175 ut
1625 2149 1791 2175 conderetur

1002 2196 1098 2224 orabat
1119 2206 1125 2222 :
1149 2195 1256 2230 1259
1280 2195 1328 2221 sed
1353 2202 1406 2220 non
1435 2194 1585 2228 permisere
1607 2193 1653 2227 qui
1682 2200 1788 2219 sacrum

1003 2241 1071 2268 illud
1097 2248 1197 2275 corpus
1218 2243 1376 2274 rapuerunt,
1401 2243 1428 2266 et
1450 2243 1631 2266 memoratum
1651 2238 1678 2265 in
1702 2239 1789 2265 locum

162 2286 262 2322 χωρίον
289 2287 518 2321 ἀποκομίσαντες.
546 2285 574 2311 '0
605 2284 633 2310 δὲ
664 2284 805 2315 θεσπέσιος
838 2284 947 2315 Ζεόινᾶς

1003 2288 1195 2321 deportarunt.
1212 2286 1308 2313 Divino
1322 2290 1412 2312 autem
1430 2284 1538 2312 Zcbinaa
1556 2288 1619 2311 ante
1641 2284 1718 2311 illum
1736 2284 1790 2311 vita

163 2332 395 2368 προ-τελευτήσας,
415 2332 455 2363 είς
477 2331 526 2366 τὴν
551 2329 723 2360 πελάζουσι-αν
754 2329 829 2364 αὐτῷ
855 2329 952 2365 κώμην

165 2377 263 2413 (Κίττα
271 2377 299 2403 δὲ
309 2376 378 2412 αὕτη
388 2376 532 2410 καλεῖται),
540 2375 594 2401 τῶν
602 2375 787 2410 νομιζομένων
798 2375 951 2410 ἁπήλαυσε,

165 2424 213 2450 καὶ
229 2423 313 2458 σηκὸν
323 2423 352 2449 δὲ
370 2424 403 2458 τῇ
418 2423 490 2458 θήκῃ
509 2422 637 2456 μέγιστον
656 2421 845 2456 ᾠκοδόμησαν.
864 2421 953 2447 Ἰασιν

162 2468 219 2504 γὰρ
236 2468 380 2500 ἁναὸλύζει
395 2469 449 2499 τοῖς
468 2467 536 2503 μετὰ
551 2466 670 2498 πίστεως
689 2466 836 2501 προσιοῦσι
854 2474 954 2492 παντο-

163 2514 265 2550 δαπήν.
279 2514 356 2549 Ἔχει
367 2514 395 2540 δὲ
410 2513 458 2540 νῦν
471 2514 518 2540 καὶ
533 2513 672 2548 μάρτυρας
689 2512 862 2547 ὀμοροφίους,
875 2513 951 2548 παρὰ

165 2559 288 2596 Πέρσαις
305 2560 354 2595 μὲν
366 2559 581 2595 ἠγωνισμένους,
601 2558 719 2593 ἐτησίοις
734 2558 763 2585 δὲ
781 2559 952 2595 πανηγύρεσι

167 2606 234 2642 παρ’
251 2606 330 2641 ἡμῶν
345 2605 527 2640 τιμωμένους.

202 2651 259 2686 Τῆς
273 2651 366 2677 τούτου
382 2649 554 2680 διδασκαλίας
568 2649 582 2675 ό
607 2648 693 2684 μέγας
710 2648 850 2684 ἀπήλαυσε
868 2649 953 2676 Πολυ-

165 2697 290 2734 χρόνιος⁴
308 2697 354 2723 καὶ
379 2698 392 2723 ὁ
415 2696 552 2727 θειότατος
573 2695 602 2721 δὲ
627 2694 754 2726 Ἰάκωϐος
779 2695 873 2722 τοῦτον
902 2695 954 2730 ἔφη

166 2743 277 2780 πρῶτον
298 2743 415 2779 τρίχινον
440 2742 515 2777 αὐτῷ
529 2741 672 2768 δεδωκέναι
696 2741 806 2775 χιτῶνα.
835 2741 904 2776 Ἐγὼ
926 2742 955 2768 δὲ

167 2792 273 2817 ἐκεῖνον
290 2790 326 2825 μὴ
342 2789 507 2824 θεασάμενος
531 2787 641 2814 πώποτε
666 2787 729 2822 (πρὸ
751 2787 805 2824 γὰρ
819 2788 870 2823 τῆς
885 2788 955 2823 ἐμῆς

168 2835 287 2871 ἀφίξεως
299 2835 345 2862 τοῦ
358 2835 416 2870 βίου
431 2833 642 2870 προκατειλήφει
656 2833 686 2858 τὸ
702 2832 813 2869 τέρμεε),
829 2835 857 2860 ὲν
872 2834 958 2860 Πολυ-

167 2881 269 2917 χρονίῳ
287 2881 374 2916 τούτῳ
389 2881 428 2915 τῷ
440 2880 509 2907 πάνυ
524 2880 574 2914 τὴν
592 2878 638 2904 τοῦ
655 2878 726 2904 θείου
740 2879 837 2906 Ζεὸινᾶ
851 2879 957 2914 φιλοσο-

169 2927 234 2961 (ρίαν
258 2925 322 2960 όρῶ.
340 2926 378 2952 Οὐ
396 2925 449 2960 γὰρ
464 2924 548 2956 οὕτως
563 2924 577 2950 ό
590 2923 673 2958 κηρὸς
693 2923 739 2951 τοῦ
755 2925 897 2953 δακτυλίου
912 2926 957 2952 τὸν

1004 2331 1099 2358 fumto
1131 2331 1246 2358 vicinam
1279 2330 1350 2365 apud
1380 2329 1480 2357 Cittam
1508 2329 1582 2363 justa
1606 2328 1677 2356 facta
1704 2334 1789 2356 sunt:

1005 2377 1191 2412 templumque
1210 2376 1300 2403 loculo
1325 2375 1384 2409 ejus
1410 2375 1558 2401 maximum
1578 2375 1787 2402 inwdiiicarunt.

1003 2422 1168 2449 Curationes
1185 2422 1257 2449 enim
1280 2421 1404 2448 diversas
1420 2424 1532 2455 praestat
1549 2421 1583 2448 iis
1598 2421 1643 2455 qui
1662 2429 1722 2448 cum
1740 2420 1791 2448 fide

1005 2469 1151 2495 accedunt.
1177 2467 1234 2494 Sub
1261 2467 1414 2502 eodemque
1435 2470 1507 2494 tecto
1521 2467 1684 2501 conjunctos
1708 2467 1790 2494 etiam

1005 2521 1079 2540 nunc
1108 2513 1189 2539 habet
1215 2517 1360 2547 martyres,
1381 2511 1428 2546 qui
1458 2511 1530 2546 apud
1553 2511 1653 2539 Persas
1680 2511 1790 2546 quidem

1005 2558 1190 2589 decertarunt,
1215 2556 1286 2592 apud
1313 2563 1365 2583 nos
1394 2563 1457 2583 vero
1481 2556 1580 2583 annuis
1609 2557 1790 2584 conventibus

1006 2604 1188 2631 honorantur.

1041 2649 1129 2684 Hujus
1139 2648 1289 2683 disciplime
1303 2648 1437 2683 particeps
1454 2647 1505 2675 fuit
1518 2655 1632 2682 magnus
1641 2646 1795 2681 Polychro-

1006 2696 1090 2724 nius:
1110 2695 1159 2723 sed
1176 2699 1203 2722 ct
1218 2694 1410 2723 divinissimus
1426 2694 1545 2721 Jacobus
1565 2694 1639 2720 hunc
1657 2693 1709 2722 sibi
1737 2694 1792 2729 pri-

1007 2751 1078 2771 mam
1098 2744 1236 2772 cilicinam
1256 2744 1376 2771 tunicam
1405 2742 1514 2770 dedisse
1534 2741 1612 2769 dixit.
1642 2741 1698 2776 Ego
1714 2749 1791 2774 vero,

1007 2790 1053 2824 qui
1066 2797 1127 2817 eum
1142 2796 1280 2823 nunquam
1295 2789 1350 2816 vidi
1367 2788 1532 2820 (decesserat
1546 2787 1618 2814 enim
1630 2786 1792 2821 priusquam

1007 2835 1150 2869 venirem),
1166 2834 1192 2861 in
1211 2835 1261 2861 hoc
1281 2842 1377 2869 magno
1391 2832 1572 2869 Polychronio
1586 2830 1695 2858 Zcbinae
1706 2830 1794 2866 phil‘o-

1009 2881 1131 2915 sophiam
1151 2879 1303 2914 conspicio.
1320 2878 1375 2905 Nec
1392 2878 1465 2905 enim
1488 2875 1580 2903 mutuli
1601 2875 1713 2910 ﬁguram
1729 2881 1792 2901 cera

1010 2926 1048 2953 sic
1059 2925 1195 2960 (ex-primit,
1212 2930 1241 2952 ut
1258 2925 1301 2951 hic
1318 2924 1391 2951 illius
1407 2924 1579 2951 characteres
1596 2921 1679 2948 rcl‘crt
1695 2929 1701 2947 :
1719 2920 1791 2954 quod
