2064 3120
298 215 365 246 ιιδθ

760 217 1004 248 THEODORETI
1020 217 1189 248 EPISCOPI
1208 217 1389 248 CYRENSIS

1858 214 1922 245 1460

293 271 402 305 quidem
421 273 513 304 aperte
524 270 660 306 comperi,
681 278 713 299 ea
729 279 791 306 quae
811 272 845 299 de
860 271 908 299 illo
931 275 1075 299 narrantur

1131 270 1218 298 τύπον
1227 271 1404 306 ἐκμάττεται,
1422 271 1459 302 ὼς
1478 268 1554 303 οὗτος
1574 271 1680 298 ἐκείνου
1701 270 1848 306 περιφέρει
1862 271 1922 303 τοὺς

292 323 354 343 cum
370 316 402 342 iis
413 323 474 350 qum
496 316 530 343 ab
543 316 594 343 hoc
613 316 680 343 fiunt
704 324 880 352 comparans.
897 317 993 344 Divino
1005 317 1079 344 enim

293 368 385 388 amore
407 361 533 390 similiter
550 361 657 397 ﬂagrat,
671 366 698 390 et
712 363 832 390 terrenis
847 364 930 391 rebus
948 363 1080 390 omnibus

292 407 419 441 superior
432 412 485 439 est,
513 415 684 443 corporeque
706 409 838 437 astrictus
852 411 860 419 '
875 410 977 436 alatam
994 408 1076 436 habet

291 454 422 484 animam.
442 461 503 487 qua
518 459 545 482 et
560 462 624 482 aera
637 459 664 482 et
682 455 785 482 aethera
802 459 935 490 permeat,
951 459 979 482 et
995 461 1079 490 supra

290 500 377 528 caelos
387 501 531 534 attollitur,
547 501 695 537 divinaque
720 502 747 529 in
761 501 994 537 contemplatione
1008 501 1080 528 assi-

291 546 345 573 due
361 550 495 574 versatur.
516 546 571 574 Nec
586 547 779 582 cogitationem
791 547 853 575 inde
865 555 986 582 unquam
999 546 1079 574 avelli

292 590 415 625 patitur:
435 591 482 618 sed
501 597 558 618 tum
577 592 660 618 etiam
674 599 737 619 cum
755 592 896 620 venientes
916 591 1077 626 alloquitur.

292 635 415 663 cmlestia
435 635 593 664 meditatur.
624 635 690 671 Ejus
705 641 797 664 autem
820 641 968 672 perpetuas
989 638 1079 664 noctis

265 688 268 697 ι
292 681 408 716 vigilias,
430 682 619 716 stationesque
645 682 710 709 hinc
733 683 914 718 deprehendi.
929 681 998 709 Nam
1013 689 1078 709 eum

292 726 367 753 illum
383 727 514 760 viderem,
532 732 559 754 et
575 727 654 754 senio
669 727 751 755 simul
766 732 793 755 et
806 727 945 755 debilitate
962 734 1076 762 oppres-

292 779 365 805 sum,
375 773 450 800 nullo
461 780 577 808 prorsus
590 772 722 801 famulatu
733 773 882 804 sublevari,
890 781 960 808 saepe
973 772 1078 801 orando

292 818 428 853 persuasi,
442 823 471 845 ut
485 818 555 846 duos
568 819 595 846 in
612 819 836 850 contubernium,
848 826 964 854 quorum
978 818 1078 846 solatio

292 862 440 895 frueretur,
456 863 621 891 admitteret.
641 864 673 891 Et
685 864 750 899 quia
767 864 874 900 1260
889 865 965 892 viros
976 864 1078 891 virtute

291 908 381 936 claros
395 909 519 943 expetiit,
543 910 589 944 qui
609 910 725 937 seorsim
742 910 770 936 in
788 910 843 936 alio
861 909 995 944 degebant
1016 916 1077 936 mo-

1130 316 1317 352 χαρακτῆρας.
1332 316 1387 343 Καὶ
1401 316 1480 343 τοῦτο
1491 314 1551 344 οἶδα
1565 316 1669 351 σαφῶς,
1687 316 1724 343 τὰ
1739 317 1805 350 περὶ
1820 316 1922 342 ἐκείνου

1128 362 1286 397 διηγήματα
1302 363 1358 394 10E;
1371 362 1425 388 ὑπὸ
1443 361 1539 389 τούτου
1560 362 1733 397 γιγνομένοις
1752 362 1921 397 παρατιθείς.

1135 407 1251 442 Ὁμοίως
1269 407 1324 442 γὰρ
1349 407 1388 442 τῷ
1414 407 1478 443 θείῳ
1496 408 1675 443 πυρπολεϊται
1693 407 1779 442 πόθῳ,
1800 408 1850 434 καὶ
1870 407 1922 434 τῶν

1128 453 1230 488 γηΐνων
1249 454 1323 481 ἐστὶν
1345 453 1475 481 ἁπάντων
1491 454 1659 490 ὑπέρτερος⁸
1683 454 1732 480 καὶ
1754 453 1795 488 τῷ
1816 453 1922 488 σώματι

1129 499 1350 534 προσδεδεμένας,
1365 499 1518 535 ὑπόπτερον
1533 499 1590 535 ἔχει
1609 499 1700 534 ψυχὴν
1710 519 1718 532 ,
1739 499 1788 526 καὶ
1807 499 1922 534 διαπερᾷ

1128 545 1176 572 καὶ
1192 545 1237 572 τὸν
1248 545 1317 580 ἀέρα
1331 545 1378 572 καὶ
1392 545 1439 572 τὸν
1451 545 1559 580 αἰθέρα,
1576 545 1624 572 καὶ
1641 545 1696 571 τῶν
1712 544 1838 581 οὐρανῶν
1853 544 1922 578 inf/qs

1128 590 1236 625 λότερος
1247 591 1361 624 γίνεται,
1373 591 1421 617 καὶ
1430 591 1480 626 τὴν
1492 590 1566 616 θείαν
1577 590 1709 625 διηνεκῶς
1725 590 1845 626 θεωρίαν
1856 598 1922 623 φαν-

1127 635 1248 668 τάζεται.
1265 635 1318 661 Καὶ
1335 634 1366 660 οὗ
1380 643 1445 661 ποτε
1459 634 1603 661 καθέλκειν
1615 633 1721 661 ἐκεῖθεν
1736 632 1922 669 ἁνέχεταιτὴν

1127 681 1258 708 διάνοιαν·
1274 680 1342 707 ἀλλὰ
1353 680 1399 706 καὶ
1410 679 1672 715 προσδιαλεγόμενος
1687 680 1744 709 τοῖς
1755 677 1920 712 ἀφικνουμέ-

1127 734 1192 759 νοις,
1208 726 1243 753 τὰ
1270 726 1326 753 ἄνω
1352 725 1504 760 περιπολεῖ.
1527 725 1584 760 Τὴν
1611 725 1640 751 δὲ
1669 724 1818 758 παννύχιον
1839 722 1921 749 αὑτοῦ

1126 771 1291 807 ἀγρυπνίαν,
1311 771 1359 798 καὶ
1374 770 1478 803 στάσιν,
1494 770 1619 796 ἐντεῦθεν
1645 769 1805 805 μεμάθηκα.
1835 767 1921 802 Ὁρῶν

1127 818 1181 854 γὰρ
1197 818 1290 850 αὐτὸν,
1309 819 1355 845 καὶ
1368 818 1442 853 γήρᾳ.
1456 818 1526 843 κατά
1542 817 1640 844 ταυτὸν
1654 817 1702 844 καὶ
1726 816 1855 850 ἀσθενείᾳ
1867 823 1921 840 πα-

1126 863 1246 895 λαίοντα,
1260 864 1308 890 καὶ
1321 863 1467 898 θεραπείας
1477 863 1537 889 οὐδὲ
1551 863 1615 897 μιᾶς
1629 861 1813 892 ἀπολαύοντα,
1825 860 1922 887 ἔπεισα

1126 909 1282 945 λιπαρήσας
1304 909 1435 940 πολλάκις
1447 908 1494 935 δύο
1509 908 1649 939 συνοίκους
1673 907 1766 934 λαϐεῖν
1778 926 1786 938 ,
1812 905 1919 940 καὶτῆς

290 954 424 985 nasterio,
442 954 485 982 his
502 962 612 990 quoque
622 955 794 982 admirandis
814 955 880 982 viris
895 955 1031 990 persuasi,
1046 958 1075 982 ut

1128 955 1204 990 παρὰ
1221 954 1325 982 τούτων
1338 955 1501 990 παραψυχῆς
1518 953 1676 980 ἀπολαύειν.
1700 952 1811 987 Ἐπειδὴ
1826 952 1856 978 δὲ
1874 951 1920 978 ἆν-

290 999 376 1027 divini
390 1000 510 1028 hominis
525 1001 688 1036 obsequium
707 1001 835 1028 omnibus
848 1000 1026 1028 anteferrent.
1042 999 1076 1027 lli

289 1053 355 1073 vero
374 1053 436 1073 cum
449 1047 523 1074 brevi
538 1051 660 1082 tempore
674 1055 737 1074 eum
753 1047 802 1074 illo
814 1047 994 1080 habitassent,
1009 1054 1076 1076 con-

290 1091 396 1118 tinuam
411 1093 501 1120 noctis
519 1093 665 1120 stationem
678 1100 732 1119 non
744 1091 864 1119 ferentes
880 1091 974 1127 fugere
984 1092 1075 1120 conati

276 1141 365 1164 'sunt.
383 1137 490 1164 Etcum
505 1138 594 1165 virum
617 1143 737 1170 orarent,
754 1142 784 1164 ut
795 1138 916 1165 laborem
933 1137 1078 1165 imbecillis

290 1188 344 1211 tate
360 1185 484 1220 corporis
496 1185 654 1212 metiretur:
669 1193 678 1210 (
691 1183 750 1212 Non
766 1185 868 1217 solum,
885 1185 922 1212 ait
938 1184 1005 1216 illis,
1020 1191 1075 1212 non

290 1235 358 1263 cogo
379 1233 410 1256 ut
427 1230 574 1257 stationem
593 1237 701 1257 mecum
725 1230 909 1261 continuetis,
929 1229 976 1257 sed
990 1228 1076 1263 iubeo

289 1281 360 1308 saepe
373 1278 402 1301 ut
419 1275 597 1304 deeumbatis.
615 1285 624 1302 ι
641 1277 675 1302 At
691 1276 747 1303 illi:
769 1285 779 1301 Ι
799 1275 832 1302 Ει
849 1276 896 1310 qui
914 1283 1074 1311 possumus,

289 1320 427 1352 dicebant,
445 1325 537 1349 stante
558 1322 606 1349 illo
622 1322 668 1357 qui
693 1322 721 1348 in
748 1321 891 1349 laboribus
917 1321 1075 1355 consenuit,

288 1365 470 1400 corporisque
482 1365 696 1394 imbecillitatem
715 1370 919 1398 contemnente,
929 1366 1076 1394 decumbe-

289 1417 319 1437 re
336 1418 398 1443 nos,
410 1410 456 1445 qui
473 1415 500 1438 et
515 1411 621 1439 viribus
636 1411 763 1447 integris,
779 1415 806 1439 et
821 1412 849 1439 in
875 1412 963 1440 media
979 1420 1076 1441 sumus

289 1454 384 1482 aetate?
399 1464 410 1481 ›
429 1455 483 1483 Sed
499 1455 648 1483 venerandi
663 1456 730 1483 tuibi
743 1457 841 1492 capitis
863 1461 1016 1484 nocturnos
1033 1458 1076 1484 la-

289 1501 370 1531 bores
382 1501 424 1529 sic
442 1501 537 1529 didici.
550 1501 609 1529 Viri
629 1506 721 1530 autem
741 1502 786 1530 isti
804 1506 906 1529 tantam
928 1502 980 1531 sibi
996 1503 1075 1530 dein-

289 1553 354 1581 ceps
377 1547 505 1574 virtutem
533 1555 676 1582 paravere,
701 1553 731 1575 ut
747 1548 870 1575 eamdem
896 1556 959 1576 cum
977 1556 1076 1584 magno

290 1599 355 1620 sene
374 1592 575 1627 philosophiam
592 1593 691 1621 sectati
709 1593 777 1620 sint.
792 1592 826 1619 Et
848 1592 936 1620 Moses
951 1593 1073 1628 quidem.

290 1638 330 1665 sic
356 1637 430 1665 enim
455 1638 621 1674 appellatur,
646 1646 735 1674 usque
757 1639 785 1666 in
808 1638 972 1672 hodiernum
1001 1638 1074 1666 diem

288 1687 441 1718 permanet,
460 1690 570 1711 onmem
595 1684 634 1711 illi
658 1688 787 1718 tanquam
810 1684 881 1719 patri
906 1692 938 1712 ac
964 1683 1076 1711 domino

290 1728 451 1757 famulatum
466 1728 647 1761 exhibens,et
657 1729 809 1756 radiantem
822 1737 854 1756 ex
869 1737 947 1757 sacra
961 1730 1006 1756 illa
1021 1730 1076 1756 nni-

289 1782 333 1801 ma
348 1775 476 1802 virtutem
490 1774 637 1810 diligenter
653 1775 821 1809 exprimens.
837 1775 987 1802 Damianus
1001 1783 1075 1806 vero,

291 1819 364 1853 quod
386 1819 465 1846 alteri
491 1826 592 1847 nomen
610 1824 663 1852 est,
682 1820 709 1846 in
729 1819 825 1846 urbem
842 1819 989 1853 quamdam
1002 1819 1075 1846 haud

291 1864 386 1898 procul
403 1863 549 1892 distantem
566 1864 718 1900 profectus,
732 1872 814 1899 quam
836 1864 947 1891 Niaram
964 1869 1075 1896 vocant,

291 1916 458 1944 parvamque
484 1909 677 1938 domunculam
703 1910 736 1936 ad
762 1917 841 1937 arcas
867 1913 976 1942 nactus,
993 1909 1021 1936 in
1044 1917 1076 1936 ca

290 1954 373 1989 degit,
397 1954 492 1981 eodem
508 1954 603 1982 vivens
630 1954 760 1982 instituto
775 1964 782 1981 :
802 1955 871 1982 adeo
887 1959 916 1981 ut
935 1955 983 1990 qui
1001 1956 1076 1982 hunc

290 2002 317 2024 υι
328 1998 404 2024 illum
420 2002 494 2026 recte
506 2003 616 2031 norunt,
636 1998 712 2025 illum
728 1999 877 2032 intuentes,
890 1996 981 2034 magni
994 1999 1076 2034 Poly-

290 2043 398 2070 cbronii
409 2042 527 2070 animam
538 2043 593 2070 alio
603 2043 630 2069 in
640 2050 755 2078 corpore
769 2051 798 2071 se
807 2043 898 2070 videre
906 2044 1074 2071 existiment.

291 2087 390 2115 liadem
406 2088 477 2117 enim
491 2092 517 2115 et
528 2088 702 2122 simplicitas,
717 2093 743 2116 et
758 2089 952 2122 mansuetudo,
970 2093 998 2117 et
1015 2098 1074 2116 mo-

289 2134 422 2166 destia,et
443 2134 581 2161 sermonis
594 2135 703 2165 leuitas.
720 2139 747 2162 et
760 2143 926 2170 congressus
943 2136 1074 2169 suavitas,

289 2184 315 2204 ct
331 2178 415 2205 animi
433 2179 584 2213 vigilantia,
600 2183 628 2206 et
645 2180 839 2214 contemplatio
857 2179 915 2211 Dei,
932 2185 959 2207 ct
981 2181 1074 2212 statio,

290 2223 376 2256 labor,
398 2223 502 2258 vigilia,
523 2224 613 2255 cibus,
634 2229 662 2251 et
682 2223 714 2250 ad
731 2224 816 2260 legem
837 2225 957 2252 divinam
979 2230 1075 2252 exacta

1125 1001 1192 1036 δρας
1205 1001 1290 1036 ἀρετῇ
1301 1000 1458 1035 λάμποντας
1473 1000 1570 1035 ᾔτησε,
1587 998 1648 1025 καθ’
1664 998 1780 1028 ἑαυτοὺς
1796 998 1825 1022 ὲν
1835 996 1920 1032 ἑτέρῳ

1128 1046 1279 1079 ἰδιάζοντας
1303 1047 1514 1082 φροντιστηρίῳ,
1538 1045 1636 1072 ἔπεισα
1659 1045 1722 1076 τοὺς
1747 1042 1919 1078 θαυμασίους

1126 1093 1258 1125 ἱκείνους,
1283 1093 1391 1120 πάντων
1412 1091 1575 1127 προελέσθαι
1601 1091 1673 1118 θείου
1695 1090 1842 1126 ἀνθρώπου
1870 1088 1918 1122 τὴν

1127 1139 1285 1174 θεραπείαν.
1302 1136 1382 1166 Οὗτοι
1400 1138 1502 1173 βραχὺν
1518 1136 1593 1171 αὐτῷ
1605 1136 1800 1170 συγγενόμενοι
1811 1134 1916 1169 χρόνον,

1126 1186 1222 1220 φυγεῖν
1233 1184 1430 1220 ἐπειράθησαν,
1445 1183 1493 1218 τὴν
1512 1183 1658 1218 παννύχιον
1672 1183 1768 1208 στάσιν
1780 1181 1832 1207 οὐκ
1847 1181 1919 1213 ἐνετ-

1126 1231 1230 1262 κόντες.
1254 1230 1363 1263 Ἐπειδὴ
1378 1229 1405 1256 at
1419 1230 1464 1256 τὸν
1484 1229 1554 1255 θεῖον
1570 1228 1655 1263 ἄνδρα
1673 1228 1796 1253 ἱκέτευον
1817 1227 1851 1261 τῇ
1869 1225 1916 1251 τοῦ

1127 1276 1253 1311 σώματος
1265 1275 1391 1310 ἀσθενείᾳ
1410 1274 1543 1310 μετρῆσαι
1559 1274 1604 1300 τὸν
1624 1273 1715 1306 πόνον,
1743 1282 1753 1298 ι
1772 1272 1810 1298 Οὐ
1826 1272 1914 1306 μόνον,

1126 1325 1177 1360 ἔφη
1193 1325 1295 1356 αὐτοῖς,
1311 1324 1342 1350 οὺ
1364 1322 1492 1358 βιάζομαι
1504 1321 1636 1357 διηνεκῶς
1658 1320 1799 1346 κοινωνεῖν
1813 1327 1858 1353 μοι
1868 1318 1915 1353 τῆς

1127 1369 1259 1401 στάσεως,
1275 1368 1345 1396 ἀλλὰ
1358 1366 1568 1395 κατακλίνεσθαι
1579 1365 1709 1396 πολλάκις
1725 1363 1885 1399 παρεγγυῶ.
1902 1372 1911 1387 ι

1127 1415 1158 1442 0t
1169 1415 1197 1442 δὲ
1209 1434 1217 1446 ,
1240 1423 1250 1440 ι
1263 1414 1319 1441 Καὶ
1333 1413 1393 1445 πῶς
1407 1413 1441 1439 ἂν
1451 1411 1610 1446 δυναίμεθα,
1626 1410 1728 1443 ἔλεγον1
1751 1408 1800 1435 τοῦ
1819 1409 1850 1434 ὲν
1866 1408 1914 1434 πόα

1125 1469 1182 1491 νοις
1204 1459 1390 1494 γεγηρακότος
1408 1457 1542 1489 ἑστῶτος,
1568 1457 1614 1484 καὶ
1639 1456 1691 1490 τῆς
1717 1454 1765 1481 τοῦ
1790 1454 1914 1488 σώματος

1126 1507 1268 1538 ἀσθενείας
1280 1505 1522 1541 καταφρονοῦντος,
1536 1502 1746 1531 κατακλίνεσθαι
1761 1501 1856 1536 ἄνδρες
1870 1501 1914 1526 καὶ

1127 1553 1293 1586 ὑγιαίνοντες
1319 1552 1366 1578 καὶ
1391 1551 1536 1585 μεσοῦντες
1551 1549 1590 1584 τῷ
1605 1548 1707 1584 χρόνῳ;
1728 1558 1738 1574 ι
1764 1546 1846 1574 Ἀλλὰ
1869 1546 1915 1580 τῆς

1129 1599 1178 1633 μὲν
1190 1598 1342 1632 σεδασμίας
1358 1598 1420 1632 ἐμοὶ
1434 1595 1555 1630 κεφαλῆς
1566 1594 1638 1621 οὕτω
1658 1594 1721 1624 τοὺς
1741 1593 1916 1626 νυκτερινοὺς

1128 1643 1282 1677 κατέμαθον
1295 1642 1403 1673 πόνους.
1420 1642 1452 1667 0t
1468 1640 1496 1666 δὲ
1516 1640 1612 1675 ἄνδρες
1627 1635 1700 1665 οὗτοι
1722 1637 1861 1672 τοσαύτην
1879 1637 1916 1671 τῷ

1128 1689 1216 1724 χρόνῳ
1229 1686 1395 1722 προσέλαϐον
1410 1686 1521 1721 ἀρετὴν,
1534 1686 1571 1716 ὡς
1587 1685 1637 1720 τὴν
1654 1684 1739 1718 αὐτὴν
1752 1682 1792 1717 τῷ
1807 1681 1917 1717 μεγάλῳ

1126 1734 1213 1769 τούτῳ
1231 1733 1350 1769 μετιέναι
1361 1731 1529 1766 φιλοσοφίαν.
1545 1729 1621 1757 Καὶό
1636 1730 1686 1764 μὲν
1696 1728 1819 1762 Μωῡσῆς
1828 1727 1915 1761 (τοῦτο

1127 1782 1181 1816 γὰρ
1201 1779 1274 1815 αὐτῷ
1286 1778 1381 1814 ὄνομα)
1400 1777 1479 1813 μέχρι
1500 1775 1547 1803 τοῦ
1567 1775 1700 1810 παρόντος
1718 1773 1849 1808 διέμεινε,
1867 1773 1915 1797 πᾶ-

1128 1834 1176 1851 σαν
1191 1825 1228 1855 ὡς
1253 1823 1335 1858 πατρὶ
1359 1823 1405 1849 καὶ
1433 1821 1551 1855 δεσπότῃ
1571 1819 1719 1854 θεραπείαν
1740 1817 1914 1853 προσφέρων,

1127 1870 1175 1896 καὶ
1190 1869 1239 1903 τὴν
1254 1867 1462 1902 ἀστράπτουσαν
1475 1866 1507 1891 ὲκ
1528 1864 1578 1898 τῆς
1601 1864 1676 1898 ἱερᾶς
1702 1863 1812 1897 ἐκείνης
1828 1861 1915 1896 ψυχῆς

1127 1914 1227 1950 ἀρετὴν
1252 1912 1463 1948 ἐκματτόμενος.
1483 1911 1513 1937 ’0
1536 1910 1564 1936 δὲ
1584 1909 1720 1944 Δαμιανος
1744 1908 1834 1942 (τοῦτο
1861 1907 1913 1941 γὰρ

1126 1961 1211 1995 ὕνομα
1228 1959 1266 1994 τῷ
1283 1959 1390 1992 ἑτέρῳ),
1410 1957 1487 1983 πόλιν
1507 1955 1569 1982 τινὰ
1589 1955 1760 1984 καταλαὸὼν,
1776 1954 1808 1980 οὐ
1822 1954 1914 1988 πόρρω

1129 2004 1303 2040 διακειμένην
1319 2003 1421 2038 (Νιαρὰ
1433 2002 1462 2028 δὲ
1479 2001 1565 2036 ὄνομα
1580 2000 1678 2036 ταύτῃ)
1689 2020 1697 2031 ,
1711 1999 1758 2026 καὶ
1773 1998 1850 2034 παρὰ
1866 1998 1912 2028 τας

1127 2051 1199 2082 ἅλως
1213 2050 1310 2085 μικρὸν
1326 2057 1387 2075 τινα
1400 2048 1520 2074 οἰκίσκον
1534 2046 1622 2082 εὑρὼν
1635 2066 1642 2078 ,
1659 2047 1686 2072 ἐν
1702 2046 1799 2079 ἐκείνῳ
1815 2045 1911 2077 διάγει,

1126 2096 1175 2132 τὴν
1187 2096 1271 2130 αὐτὴν
1295 2094 1395 2129 μετιὼν
1409 2094 1458 2129 τὴν
1485 2093 1632 2124 πολιτείαν,
1661 2092 1697 2123 ὡς
1711 2092 1775 2122 τοὺς
1793 2089 1912 2124 ἀκριϐῶς

1126 2141 1219 2168 τοῦτον
1235 2141 1358 2167 κάκεῖνον
1372 2138 1579 2173 ἐπισταμένους,
1592 2137 1747 2171 θεωμένους
1761 2136 1854 2167 αὐτὸν,
1866 2134 1912 2169 τὴν

1125 2187 1172 2213 τοῦ
1198 2185 1316 2221 μεγάλου
1342 2183 1521 2219 Πολυχρονίου
1544 2182 1633 2217 ψυχὴν
1659 2181 1863 2216 ὑπολαμϐάνειν
1884 2181 1912 2206 ἐν

1127 2232 1212 2266 ἑτέρῳ
1228 2230 1334 2266 σώματι
1358 2230 1480 2264 θεωρεῖν.
1513 2229 1546 2254 'H
1559 2229 1613 2263 γὰρ
1636 2227 1706 2262 αὑτὴ
1719 2228 1766 2253 καὶ
1784 2226 1911 2259 ἁπλότης,

289 2272 446 2303 paupertas.
468 2268 572 2305 1261
587 2268 687 2296 Praeter
703 2270 828 2304 exiguam
845 2271 945 2305 quippe
964 2276 1073 2305 sportu-

1126 2277 1173 2304 καὶ
1189 2276 1319 2311 πραότης,
1337 2276 1384 2302 καὶ
1396 2275 1552 2310 μετριότης,
1561 2274 1609 2301 καὶ
1621 2273 1667 2299 τοῦ
1680 2272 1838 2307 φθέγματος
1851 2272 1912 2305 ἠμε-

289 2315 353 2345 Iam,
368 2321 429 2348 quae
447 2313 547 2340 lentem
567 2313 649 2341 habet
670 2314 860 2346 madefactam,
877 2317 884 2326 ‘
902 2316 969 2342 nihil
983 2321 1026 2343 cst
1046 2317 1072 2343 in

286 2359 348 2394 ejus
366 2358 533 2386 habitaculo.
545 2357 660 2387 Tantam
679 2359 722 2387 ille
739 2367 771 2387 ex
786 2361 876 2396 iuagni
899 2361 1072 2397 Polycbronii

287 2404 488 2432 consuetudine
501 2403 646 2431 utilitatem
665 2407 797 2441 percepit.
818 2406 874 2442 Ego
893 2415 957 2434 vero
978 2408 1073 2435 relicto

287 2449 424 2484 discipulo
451 2449 565 2484 gradum
582 2449 697 2479 referant
710 2451 743 2479 ad
759 2453 934 2487 magistrum.
947 2453 983 2480 Ex
998 2453 1074 2482 fonte

287 2495 424 2530 siquidem
443 2495 494 2522 rivi
508 2495 609 2523 fluenta
623 2496 792 2524 deducentes
810 2506 908 2533 aquam
923 2501 1073 2535 accipiunt.

1126 2323 1217 2358 ρὸτης,
1233 2322 1279 2348 καὶ
1294 2320 1436 2351 συνουσίας
1452 2319 1598 2355 γλυκύτης,
1623 2318 1790 2354 ὲγρήγορτὶς
1817 2325 1847 2342 τε
1865 2317 1910 2349 τῆς

1125 2368 1224 2403 ψυχῆς,
1248 2368 1294 2394 καὶ
1319 2365 1366 2393 τοῦ
1389 2365 1456 2392 Θεοῦ
1483 2365 1657 2399 κατανόησις,
1672 2364 1720 2390 καὶ
1742 2363 1846 2393 στάσις,
1867 2363 1911 2386 καὶ

1127 2413 1217 2444 πόνος,
1235 2413 1281 2438 καὶ
1297 2410 1447 2446 ἀγρυπνία,
1472 2410 1518 2436 καὶ
1543 2408 1643 2444 τροφὴ,
1669 2407 1716 2434 καί
1735 2407 1752 2442 ὴ
1778 2406 1849 2432 κατὰ
1864 2404 1910 2437 τὴν

1126 2458 1200 2485 θείαν
1224 2457 1383 2492 νομοθεσίαν
1406 2455 1592 2490 ἀκτημοσὺνη.
1618 2453 1690 2488 Πλὴν
1706 2453 1761 2487 γὰρ
1786 2451 1910 2485 στερεῶς

1127 2505 1227 2539 μικρᾶς
1240 2524 1248 2536 ,
1268 2504 1313 2529 τὸν
1339 2502 1451 2538 βρεκτὸν
1478 2501 1592 2536 ἐχούσης
1607 2499 1703 2534 φακὸν,
1718 2498 1794 2525 οὐδὲν
1815 2498 1868 2533 ἔχει
1880 2497 1910 2522 τὸ

288 2539 469 2575 καταγώγιθν-
487 2539 626 2575 Τοσαύτην
641 2540 773 2574 ὠφέλειαν
785 2542 816 2568 ἐκ
827 2543 877 2577 τῆς
891 2544 939 2570 τοῦ
955 2545 1073 2580 μεγάλου
1094 2548 1272 2584 Πολυχρονίου
1288 2547 1430 2578 συνουσίας
1446 2546 1583 2573 ἀπώνατο.
1600 2545 1672 2579 Ἐγὼ
1689 2545 1716 2571 δὲ
1747 2544 1792 2570 τὸν
1823 2543 1909 2578 puer.-

287 2587 336 2622 τὴν
349 2586 514 2620 καταλιπὼν,
535 2588 581 2614 ἐπὶ
599 2588 644 2614 τὸν
669 2587 826 2617 διδάσκαλον
846 2590 982 2626 ἐπανήξω.
1008 2593 1073 2620 Ἀπὸ
1091 2595 1146 2630 γὰρ
1160 2595 1209 2628 τῆς
1223 2593 1312 2630 πηγῆς
1326 2595 1339 2619 ό
1352 2593 1461 2627 κρουνὸς
1473 2592 1528 2626 ἔχει
1539 2591 1569 2618 τὸ
1581 2592 1664 2626 νᾶμα.

323 2631 372 2657 Hic
391 2631 485 2666 igitur,
501 2633 614 2666 expulsa
636 2641 668 2659 cs
690 2633 782 2660 animo
800 2642 862 2661 cum
877 2637 982 2663 caeteris
997 2637 1073 2665 vitiis

288 2677 438 2712 cupiditate
456 2678 570 2706 honoris
580 2698 587 2710 ,
600 2679 746 2714 inanisque
758 2679 852 2715 gloriae
864 2682 967 2709 calcata
980 2688 1072 2718 tyran-

287 2723 350 2751 nide
362 2744 368 2755 ,
388 2724 496 2752 labores
512 2732 578 2751 suos
600 2732 707 2760 semper
721 2727 861 2754 occultare
879 2728 1017 2756 studebat.
1035 2733 1071 2757 Ac

287 2769 390 2797 ferrum
413 2769 524 2803 quidem
549 2773 656 2803 gestare
682 2769 794 2802 abnuit,
822 2772 925 2800 \‘critus
944 2781 978 2800 ne
999 2775 1070 2808 quod

286 2814 349 2841 inde
374 2815 505 2841 danmum
530 2816 681 2848 acciperet,
708 2816 730 2843 si
749 2817 857 2844 animus
881 2819 1008 2853 superbia
1028 2820 1069 2847 in-

285 2860 394 2888 ﬂarctur
414 2871 423 2886 ⁴.
441 2861 488 2887 sed
500 2861 689 2895 gravisaimam
706 2869 824 2896 quercus
843 2864 961 2890 radicem
980 2865 1070 2892 afferri

287 2906 319 2935 ad
339 2914 367 2933 se
388 2905 507 2941 iubens,
531 2907 608 2943 quasi
635 2908 716 2936 aliam
741 2909 767 2935 in
791 2917 846 2936 rem
870 2918 900 2936 ca
920 2910 1062 2946 indigeret,

1163 2635 1245 2670 Οὗτος
1262 2639 1349 2665 τοίνυν
1365 2639 1433 2672 μετὰ
1444 2637 1497 2663 τῶν
1510 2636 1596 2664 ἄλλων
1612 2635 1704 2662 παθῶν
1719 2637 1766 2661 καὶ
1778 2636 1828 2669 τὴν
1842 2631 1908 2668 φιλο-

1126 2685 1217 2719 τιμίαν
1230 2683 1278 2718 τῆς
1293 2682 1382 2718 ψυχῆς
1395 2681 1543 2713 ἀπελάσας.
1558 2681 1604 2707 καὶ
1615 2681 1663 2715 τῆς
1677 2680 1757 2714 κενῆς
1773 2680 1851 2714 δόξης
1860 2678 1906 2712 τὴν

1125 2729 1269 2764 τυραννίδα
1293 2729 1426 2762 πατήσας,
1450 2726 1652 2761 κατακρύπτειν
1671 2725 1714 2751 ἀεὶ
1729 2725 1792 2756 τοὺς
1816 2724 1906 2755 πόνους

1126 2774 1284 2800 ἐσπούδασε.
1310 2774 1364 2800 Καὶ
1383 2773 1488 2808 σίδηρον
1516 2773 1563 2808 μὲν
1586 2772 1635 2798 οὐκ
1655 2771 1784 2806 ἠνέσχετο
1805 2771 1905 2805 φορεῖν,

1125 2820 1216 2850 δείσας
1245 2821 1280 2854 μή
1303 2828 1363 2846 τινα
1380 2819 1481 2854 βλάϐην
1506 2818 1628 2844 ἐντεῦθεν
1653 2817 1797 2851 ὰρύσηται,
1822 2815 1906 2848 τύφου

1127 2865 1277 2899 φλεγμονὴν
1289 2865 1336 2899 τῆς
1350 2865 1437 2899 ψυχῆς
1447 2863 1692 2898 δεξαμένηςΔρυὸς
1702 2862 1727 2888 δὲ
1739 2862 1814 2896 ῥίζαν
1829 2861 1905 2894 βαρ-ἀ·

1127 2911 1210 2946 τάτην
1234 2911 1343 2945 νομίσαι
1360 2911 1434 2945 αὑτῴ
1456 2919 1514 2936 τινα
1540 2909 1678 2940 κῂεὖςας,
1693 2909 1728 2939 ὡς
1748 2908 1784 2938 εἷς
1808 2907 1904 2939 ἑτέίαν
