  <div class='ocr_page' id='page_1' title='image "/cluster/home/n/w/nwhite01/storage/ocr_20150623/82/njp.32101077772802/792.png"; bbox 0 0 2064 3120; ppageno 0'>
   <div class='ocr_carea' id='block_1_1' title="bbox 213 186 280 225">
    <p class='ocr_par' dir='ltr' id='par_1_1' title="bbox 213 186 280 225">
     <span class='ocr_line' id='line_1_1' title="bbox 213 186 280 225; baseline -0.015 0"><span class='ocrx_word' id='word_1_1' title='bbox 213 186 280 225; x_wconf 62' lang='grc'><strong>1461</strong></span> 
     </span>
    </p>
   </div>
   <div class='ocr_carea' id='block_1_2' title="bbox 834 194 1238 226">
    <p class='ocr_par' dir='ltr' id='par_1_2' title="bbox 834 194 1238 226">
     <span class='ocr_line' id='line_1_2' title="bbox 834 194 1238 226; baseline 0.002 -1"><span class='ocrx_word' id='word_1_2' title='bbox 834 194 1036 225; x_wconf 77' lang='lat' dir='ltr'><strong>RELIGIOSA</strong></span> <span class='ocrx_word' id='word_1_3' title='bbox 1047 194 1238 226; x_wconf 72' lang='lat' dir='ltr'><strong>HISTORIA.</strong></span> 
     </span>
    </p>
   </div>
   <div class='ocr_carea' id='block_1_3' title="bbox 1771 192 1837 226">
    <p class='ocr_par' dir='ltr' id='par_1_3' title="bbox 1771 192 1837 226">
     <span class='ocr_line' id='line_1_3' title="bbox 1771 192 1837 226; baseline 0 0"><span class='ocrx_word' id='word_1_4' title='bbox 1771 192 1837 226; x_wconf 71' lang='grc' dir='ltr'><strong>14ΰὲ</strong></span> 
     </span>
    </p>
   </div>
   <div class='ocr_carea' id='block_1_4' title="bbox 212 250 995 288">
    <p class='ocr_par' dir='ltr' id='par_1_4' title="bbox 212 250 995 288">
     <span class='ocr_line' id='line_1_4' title="bbox 212 250 995 288; baseline 0.004 -13"><span class='ocrx_word' id='word_1_5' title='bbox 212 250 306 285; x_wconf 81' lang='grc' dir='ltr'>χρείαν</span> <span class='ocrx_word' id='word_1_6' title='bbox 325 250 404 285; x_wconf 85' lang='grc' dir='ltr'>δῆθεν</span> <span class='ocrx_word' id='word_1_7' title='bbox 419 251 554 286; x_wconf 84' lang='grc' dir='ltr'>δεόμενος,</span> <span class='ocrx_word' id='word_1_8' title='bbox 570 251 672 288; x_wconf 86' lang='grc' dir='ltr'>ταύτην</span> <span class='ocrx_word' id='word_1_9' title='bbox 692 251 740 278; x_wconf 71' lang='grc' dir='ltr'>καὶ</span> <span class='ocrx_word' id='word_1_10' title='bbox 759 251 867 287; x_wconf 83' lang='grc' dir='ltr'><strong>νύκτωρ</strong></span> <span class='ocrx_word' id='word_1_11' title='bbox 888 251 995 279; x_wconf 80' lang='grc' dir='ltr'>ἐπετίθτ</span> 
     </span>
    </p>
   </div>
   <div class='ocr_carea' id='block_1_5' title="bbox 1047 250 1842 288">
    <p class='ocr_par' dir='ltr' id='par_1_5' title="bbox 1052 251 1842 287">
     <span class='ocr_line' id='line_1_5' title="bbox 1052 251 1842 287; baseline 0.001 -9"><span class='ocrx_word' id='word_1_12' title='bbox 1052 251 1124 279; x_wconf 87' lang='lat' dir='ltr'><strong>hanc</strong></span> <span class='ocrx_word' id='word_1_13' title='bbox 1136 251 1259 279; x_wconf 84' lang='lat' dir='ltr'><strong>humeris</strong></span> <span class='ocrx_word' id='word_1_14' title='bbox 1270 254 1354 279; x_wconf 90' lang='lat' dir='ltr'><strong>noctu</strong></span> <span class='ocrx_word' id='word_1_15' title='bbox 1362 251 1530 287; x_wconf 78' lang='lat' dir='ltr'><strong>imponebat,</strong></span> <span class='ocrx_word' id='word_1_16' title='bbox 1546 256 1574 281; x_wconf 89' lang='lat' dir='ltr'><strong>et</strong></span> <span class='ocrx_word' id='word_1_17' title='bbox 1584 253 1635 280; x_wconf 90' lang='lat' dir='ltr'><strong>hac</strong></span> <span class='ocrx_word' id='word_1_18' title='bbox 1645 255 1763 281; x_wconf 85' lang='lat' dir='ltr'><strong>onustus</strong></span> <span class='ocrx_word' id='word_1_19' title='bbox 1777 259 1842 280; x_wconf 75' lang='lat' dir='ltr'><strong>ora-</strong></span> 
     </span>
    </p>
   </div>
   <div class='ocr_carea' id='block_1_6' title="bbox 211 294 1000 334">
    <p class='ocr_par' dir='ltr' id='par_1_6' title="bbox 211 294 1000 334">
     <span class='ocr_line' id='line_1_6' title="bbox 211 294 1000 334; baseline 0.005 -14"><span class='ocrx_word' id='word_1_20' title='bbox 211 296 268 326; x_wconf 84' lang='grc' dir='ltr'>τοῖς</span> <span class='ocrx_word' id='word_1_21' title='bbox 282 294 379 330; x_wconf 79' lang='grc' dir='ltr'>ὤμοις,</span> <span class='ocrx_word' id='word_1_22' title='bbox 405 297 450 322; x_wconf 78' lang='grc' dir='ltr'>καὶ</span> <span class='ocrx_word' id='word_1_23' title='bbox 471 297 648 332; x_wconf 77' lang='grc' dir='ltr'><strong>ἐπικειμένης</strong></span> <span class='ocrx_word' id='word_1_24' title='bbox 668 297 848 333; x_wconf 85' lang='grc' dir='ltr'><strong>προσηύχετο,</strong></span> <span class='ocrx_word' id='word_1_25' title='bbox 864 298 910 324; x_wconf 77' lang='grc' dir='ltr'>καὶ</span> <span class='ocrx_word' id='word_1_26' title='bbox 937 295 1000 334; x_wconf 81' lang='grc' dir='ltr'>μεθ’</span> 
     </span>
    </p>
   </div>
   <div class='ocr_carea' id='block_1_7' title="bbox 212 341 998 377">
    <p class='ocr_par' dir='ltr' id='par_1_7' title="bbox 212 341 998 377">
     <span class='ocr_line' id='line_1_7' title="bbox 212 341 998 377; baseline 0.004 -11"><span class='ocrx_word' id='word_1_27' title='bbox 212 341 318 376; x_wconf 78' lang='grc' dir='ltr'><strong>ἡμέραν</strong></span> <span class='ocrx_word' id='word_1_28' title='bbox 331 341 477 368; x_wconf 82' lang='grc' dir='ltr'><strong>ἀπολαύων</strong></span> <span class='ocrx_word' id='word_1_29' title='bbox 500 343 608 377; x_wconf 86' lang='grc' dir='ltr'>σχολῆς.</span> <span class='ocrx_word' id='word_1_30' title='bbox 638 342 850 377; x_wconf 78' lang='grc' dir='ltr'>Ἀφικνουμένου</span> <span class='ocrx_word' id='word_1_31' title='bbox 873 343 901 370; x_wconf 78' lang='grc' dir='ltr'><strong>δὲ</strong></span> <span class='ocrx_word' id='word_1_32' title='bbox 917 351 998 374; x_wconf 86' lang='grc' dir='ltr'>τινος,</span> 
     </span>
    </p>
   </div>
   <div class='ocr_carea' id='block_1_8' title="bbox 211 386 999 425">
    <p class='ocr_par' dir='ltr' id='par_1_8' title="bbox 211 386 999 425">
     <span class='ocr_line' id='line_1_8' title="bbox 211 386 999 425; baseline 0.006 -14"><span class='ocrx_word' id='word_1_33' title='bbox 211 386 259 411; x_wconf 79' lang='grc' dir='ltr'><strong>καὶ</strong></span> <span class='ocrx_word' id='word_1_34' title='bbox 272 386 321 421; x_wconf 81' lang='grc' dir='ltr'>τὴν</span> <span class='ocrx_word' id='word_1_35' title='bbox 339 386 423 421; x_wconf 85' lang='grc' dir='ltr'>θύραν</span> <span class='ocrx_word' id='word_1_36' title='bbox 435 387 628 420; x_wconf 83' lang='grc' dir='ltr'>πατάσσοντος,</span> <span class='ocrx_word' id='word_1_37' title='bbox 657 388 685 414; x_wconf 74' lang='grc' dir='ltr'>ἐν</span> <span class='ocrx_word' id='word_1_38' title='bbox 713 397 765 415; x_wconf 85' lang='grc' dir='ltr'>τινι</span> <span class='ocrx_word' id='word_1_39' title='bbox 785 389 877 425; x_wconf 84' lang='grc' dir='ltr'>χωρίῳ</span> <span class='ocrx_word' id='word_1_40' title='bbox 896 390 999 424; x_wconf 85' lang='grc' dir='ltr'>ταύτην</span> 
     </span>
    </p>
   </div>
   <div class='ocr_carea' id='block_1_9' title="bbox 213 431 996 470">
    <p class='ocr_par' dir='ltr' id='par_1_9' title="bbox 213 431 996 470">
     <span class='ocr_line' id='line_1_9' title="bbox 213 431 996 470; baseline 0.006 -13"><span class='ocrx_word' id='word_1_41' title='bbox 213 431 394 467; x_wconf 74' lang='grc' dir='ltr'>κατέκρυπτε.</span> <span class='ocrx_word' id='word_1_42' title='bbox 411 433 520 469; x_wconf 82' lang='grc' dir='ltr'>Ταύτην</span> <span class='ocrx_word' id='word_1_43' title='bbox 542 434 588 469; x_wconf 92' lang='grc' dir='ltr'><strong>μοί</strong></span> <span class='ocrx_word' id='word_1_44' title='bbox 604 442 646 466; x_wconf 90' lang='grc' dir='ltr'><strong>τις</strong></span> <span class='ocrx_word' id='word_1_45' title='bbox 665 433 791 467; x_wconf 81' lang='grc' dir='ltr'><strong>ἀπέδειξε</strong></span> <span class='ocrx_word' id='word_1_46' title='bbox 812 435 979 470; x_wconf 84' lang='grc' dir='ltr'>θεασάμενος</span> <span class='ocrx_word' id='word_1_47' title='bbox 990 444 996 450; x_wconf 93' lang='grc'><strong>·</strong></span> 
     </span>
    </p>
   </div>
   <div class='ocr_carea' id='block_1_10' title="bbox 211 477 998 516">
    <p class='ocr_par' dir='ltr' id='par_1_10' title="bbox 211 477 998 516">
     <span class='ocr_line' id='line_1_10' title="bbox 211 477 998 516; baseline 0.008 -14"><span class='ocrx_word' id='word_1_48' title='bbox 211 477 259 503; x_wconf 72' lang='grc' dir='ltr'>καὶ</span> <span class='ocrx_word' id='word_1_49' title='bbox 271 478 372 511; x_wconf 84' lang='grc' dir='ltr'>γνῶναι</span> <span class='ocrx_word' id='word_1_50' title='bbox 386 479 526 513; x_wconf 80' lang='grc' dir='ltr'>βουληθεὶς</span> <span class='ocrx_word' id='word_1_51' title='bbox 536 479 566 506; x_wconf 82' lang='grc' dir='ltr'>τὸ</span> <span class='ocrx_word' id='word_1_52' title='bbox 580 480 688 515; x_wconf 80' lang='grc' dir='ltr'><strong>φορτίον</strong></span> <span class='ocrx_word' id='word_1_53' title='bbox 698 481 806 513; x_wconf 78' lang='grc' dir='ltr'><strong>ὁπόσον,</strong></span> <span class='ocrx_word' id='word_1_54' title='bbox 822 481 897 516; x_wconf 83' lang='grc' dir='ltr'><strong>μόλις</strong></span> <span class='ocrx_word' id='word_1_55' title='bbox 908 482 998 516; x_wconf 68' lang='grc' dir='ltr'>ἀμφο-</span> 
     </span>
    </p>
   </div>
   <div class='ocr_carea' id='block_1_11' title="bbox 208 524 998 562">
    <p class='ocr_par' dir='ltr' id='par_1_11' title="bbox 208 524 998 562">
     <span class='ocr_line' id='line_1_11' title="bbox 208 524 998 562; baseline 0.006 -13"><span class='ocrx_word' id='word_1_56' title='bbox 208 524 302 558; x_wconf 80' lang='grc' dir='ltr'>τέραις</span> <span class='ocrx_word' id='word_1_57' title='bbox 328 524 441 560; x_wconf 79' lang='grc' dir='ltr'>ῂώρησα</span> <span class='ocrx_word' id='word_1_58' title='bbox 468 526 529 556; x_wconf 84' lang='grc' dir='ltr'>ταῖς</span> <span class='ocrx_word' id='word_1_59' title='bbox 546 526 649 561; x_wconf 87' lang='grc' dir='ltr'>χερσίν.</span> <span class='ocrx_word' id='word_1_60' title='bbox 683 527 713 553; x_wconf 91' lang='lat'><strong>&#39;0</strong></span> <span class='ocrx_word' id='word_1_61' title='bbox 727 527 755 553; x_wconf 75' lang='grc' dir='ltr'><strong>δέ</strong></span> <span class='ocrx_word' id='word_1_62' title='bbox 776 536 810 562; x_wconf 87' lang='grc' dir='ltr'><strong>με</strong></span> <span class='ocrx_word' id='word_1_63' title='bbox 830 528 998 562; x_wconf 78' lang='grc' dir='ltr'>θεασάμενος</span> 
     </span>
    </p>
   </div>
   <div class='ocr_carea' id='block_1_12' title="bbox 210 570 998 608">
    <p class='ocr_par' dir='ltr' id='par_1_12' title="bbox 210 570 998 608">
     <span class='ocr_line' id='line_1_12' title="bbox 210 570 998 608; baseline 0.006 -13"><span class='ocrx_word' id='word_1_64' title='bbox 210 570 319 603; x_wconf 70' lang='grc' dir='ltr'>ἀφεῖναι</span> <span class='ocrx_word' id='word_1_65' title='bbox 331 570 467 598; x_wconf 81' lang='grc' dir='ltr'>ἐκέλευεν.</span> <span class='ocrx_word' id='word_1_66' title='bbox 490 572 561 605; x_wconf 87' lang='grc' dir='ltr'>Ἐγὼ</span> <span class='ocrx_word' id='word_1_67' title='bbox 576 572 605 598; x_wconf 74' lang='grc' dir='ltr'><strong>δὲ</strong></span> <span class='ocrx_word' id='word_1_68' title='bbox 622 573 819 608; x_wconf 87' lang='grc' dir='ltr'>ἀντελιπάρουν</span> <span class='ocrx_word' id='word_1_69' title='bbox 836 573 938 606; x_wconf 79' lang='grc' dir='ltr'>λαϐεῖν,</span> <span class='ocrx_word' id='word_1_70' title='bbox 955 574 998 600; x_wconf 82' lang='grc' dir='ltr'>ῐνα</span> 
     </span>
    </p>
   </div>
   <div class='ocr_carea' id='block_1_13' title="bbox 210 615 998 654">
    <p class='ocr_par' dir='ltr' id='par_1_13' title="bbox 210 615 998 654">
     <span class='ocr_line' id='line_1_13' title="bbox 210 615 998 654; baseline 0.005 -12"><span class='ocrx_word' id='word_1_71' title='bbox 210 615 301 648; x_wconf 66' lang='grc' dir='ltr'>κλέψω</span> <span class='ocrx_word' id='word_1_72' title='bbox 321 616 368 642; x_wconf 77' lang='grc' dir='ltr'>’τοῦ</span> <span class='ocrx_word' id='word_1_73' title='bbox 393 616 475 643; x_wconf 86' lang='grc' dir='ltr'>πόνου</span> <span class='ocrx_word' id='word_1_74' title='bbox 492 617 542 653; x_wconf 77' lang='grc' dir='ltr'>τὴν</span> <span class='ocrx_word' id='word_1_75' title='bbox 566 618 713 653; x_wconf 83' lang='grc' dir='ltr'>πρόφασιν,</span> <span class='ocrx_word' id='word_1_76' title='bbox 737 619 781 650; x_wconf 77' lang='grc' dir='ltr'>Ὠς</span> <span class='ocrx_word' id='word_1_77' title='bbox 806 619 834 645; x_wconf 84' lang='grc' dir='ltr'><strong>δὲ</strong></span> <span class='ocrx_word' id='word_1_78' title='bbox 848 619 998 654; x_wconf 81' lang='grc' dir='ltr'>ἀνιώμενον</span> 
     </span>
    </p>
   </div>
   <div class='ocr_carea' id='block_1_14' title="bbox 209 659 998 699">
    <p class='ocr_par' dir='ltr' id='par_1_14' title="bbox 209 659 998 699">
     <span class='ocr_line' id='line_1_14' title="bbox 209 659 998 699; baseline 0.006 -12"><span class='ocrx_word' id='word_1_79' title='bbox 209 659 288 694; x_wconf 78' lang='grc' dir='ltr'>εἶδον,</span> <span class='ocrx_word' id='word_1_80' title='bbox 304 662 489 698; x_wconf 80' lang='grc' dir='ltr'><strong>παρεχώρησα</strong></span> <span class='ocrx_word' id='word_1_81' title='bbox 503 663 542 698; x_wconf 86' lang='grc' dir='ltr'>τῷ</span> <span class='ocrx_word' id='word_1_82' title='bbox 557 663 633 699; x_wconf 86' lang='grc' dir='ltr'>πόθῳ</span> <span class='ocrx_word' id='word_1_83' title='bbox 652 666 701 699; x_wconf 85' lang='grc' dir='ltr'>τῆς</span> <span class='ocrx_word' id='word_1_84' title='bbox 715 664 804 699; x_wconf 85' lang='grc' dir='ltr'>νίκης.</span> <span class='ocrx_word' id='word_1_85' title='bbox 828 665 875 691; x_wconf 84' lang='grc' dir='ltr'>Ἐκ</span> <span class='ocrx_word' id='word_1_86' title='bbox 896 665 998 692; x_wconf 82' lang='grc' dir='ltr'>τούτων</span> 
     </span>
    </p>
   </div>
   <div class='ocr_carea' id='block_1_15' title="bbox 209 707 997 746">
    <p class='ocr_par' dir='ltr' id='par_1_15' title="bbox 209 707 997 746">
     <span class='ocr_line' id='line_1_15' title="bbox 209 707 997 746; baseline 0.005 -13"><span class='ocrx_word' id='word_1_87' title='bbox 209 707 283 742; x_wconf 76' lang='grc' dir='ltr'>αὐτῷ</span> <span class='ocrx_word' id='word_1_88' title='bbox 296 707 349 734; x_wconf 84' lang='grc' dir='ltr'>τῶν</span> <span class='ocrx_word' id='word_1_89' title='bbox 364 708 452 734; x_wconf 87' lang='grc' dir='ltr'>πόνων</span> <span class='ocrx_word' id='word_1_90' title='bbox 472 709 584 735; x_wconf 77' lang='grc' dir='ltr'><strong>ἐπανθεῖ</strong></span> <span class='ocrx_word' id='word_1_91' title='bbox 607 709 654 735; x_wconf 72' lang='grc' dir='ltr'>καὶ</span> <span class='ocrx_word' id='word_1_92' title='bbox 680 709 819 741; x_wconf 85' lang='grc' dir='ltr'>θεόσδοτος</span> <span class='ocrx_word' id='word_1_93' title='bbox 843 710 932 746; x_wconf 80' lang='grc' dir='ltr'>χάρις,</span> <span class='ocrx_word' id='word_1_94' title='bbox 950 711 997 737; x_wconf 79' lang='grc' dir='ltr'>καὶ</span> 
     </span>
    </p>
   </div>
   <div class='ocr_carea' id='block_1_16' title="bbox 209 753 994 792">
    <p class='ocr_par' dir='ltr' id='par_1_16' title="bbox 209 753 994 792">
     <span class='ocr_line' id='line_1_16' title="bbox 209 753 994 792; baseline 0.006 -14"><span class='ocrx_word' id='word_1_95' title='bbox 209 753 294 779; x_wconf 78' lang='grc' dir='ltr'>πολλὰ</span> <span class='ocrx_word' id='word_1_96' title='bbox 307 753 434 789; x_wconf 86' lang='grc' dir='ltr'>θαύματα</span> <span class='ocrx_word' id='word_1_97' title='bbox 445 755 505 786; x_wconf 80' lang='grc' dir='ltr'>ταῖς</span> <span class='ocrx_word' id='word_1_98' title='bbox 523 755 629 780; x_wconf 71' lang='grc' dir='ltr'>ἐκείνου</span> <span class='ocrx_word' id='word_1_99' title='bbox 654 756 817 790; x_wconf 83' lang='grc' dir='ltr'>προσευχαῖς</span> <span class='ocrx_word' id='word_1_100' title='bbox 832 757 994 792; x_wconf 74' lang='grc' dir='ltr'><strong>ἐνεργεῖται.</strong></span> 
     </span>
    </p>
   </div>
   <div class='ocr_carea' id='block_1_17' title="bbox 208 798 996 838">
    <p class='ocr_par' dir='ltr' id='par_1_17' title="bbox 208 798 996 838">
     <span class='ocr_line' id='line_1_17' title="bbox 208 798 996 838; baseline 0.006 -14"><span class='ocrx_word' id='word_1_101' title='bbox 208 798 263 824; x_wconf 74' lang='grc' dir='ltr'><strong>Καὶ</strong></span> <span class='ocrx_word' id='word_1_102' title='bbox 286 799 339 834; x_wconf 85' lang='grc' dir='ltr'><strong>γὰρ</strong></span> <span class='ocrx_word' id='word_1_103' title='bbox 366 800 448 835; x_wconf 84' lang='grc' dir='ltr'>ήνίκα</span> <span class='ocrx_word' id='word_1_104' title='bbox 467 801 481 827; x_wconf 89' lang='grc' dir='ltr'><strong><em>ὁ</em></strong></span> <span class='ocrx_word' id='word_1_105' title='bbox 497 800 612 835; x_wconf 83' lang='grc' dir='ltr'>χαλεπὸς</span> <span class='ocrx_word' id='word_1_106' title='bbox 634 802 737 833; x_wconf 76' lang='grc' dir='ltr'>ἐκεῖνος</span> <span class='ocrx_word' id='word_1_107' title='bbox 760 802 866 837; x_wconf 79' lang='grc' dir='ltr'>αὐχμὸς</span> <span class='ocrx_word' id='word_1_108' title='bbox 889 802 996 838; x_wconf 85' lang='grc' dir='ltr'>τρύχων</span> 
     </span>
    </p>
   </div>
   <div class='ocr_carea' id='block_1_18' title="bbox 207 844 996 882">
    <p class='ocr_par' dir='ltr' id='par_1_18' title="bbox 207 844 996 882">
     <span class='ocr_line' id='line_1_18' title="bbox 207 844 996 882; baseline 0.006 -12"><span class='ocrx_word' id='word_1_109' title='bbox 207 845 271 875; x_wconf 69' lang='grc' dir='ltr'>τοὺς</span> <span class='ocrx_word' id='word_1_110' title='bbox 287 844 449 881; x_wconf 78' lang='grc' dir='ltr'><strong>ἀνθρώπους</strong></span> <span class='ocrx_word' id='word_1_111' title='bbox 463 846 503 877; x_wconf 76' lang='grc' dir='ltr'><strong>εἰς</strong></span> <span class='ocrx_word' id='word_1_112' title='bbox 516 846 621 872; x_wconf 79' lang='grc' dir='ltr'>ἱκεσίαν</span> <span class='ocrx_word' id='word_1_113' title='bbox 634 847 782 882; x_wconf 76' lang='grc' dir='ltr'>διήγειρεν,</span> <span class='ocrx_word' id='word_1_114' title='bbox 799 848 912 881; x_wconf 82' lang='grc' dir='ltr'>ἀφίκετο</span> <span class='ocrx_word' id='word_1_115' title='bbox 928 849 996 882; x_wconf 77' lang='grc' dir='ltr'>πρὸς</span> 
     </span>
    </p>
   </div>
   <div class='ocr_carea' id='block_1_19' title="bbox 208 890 994 928">
    <p class='ocr_par' dir='ltr' id='par_1_19' title="bbox 208 890 994 928">
     <span class='ocr_line' id='line_1_19' title="bbox 208 890 994 928; baseline 0.006 -13"><span class='ocrx_word' id='word_1_116' title='bbox 208 890 288 915; x_wconf 74' lang='grc' dir='ltr'>αὑτὸν</span> <span class='ocrx_word' id='word_1_117' title='bbox 300 891 394 926; x_wconf 81' lang='grc' dir='ltr'>ἱερέων</span> <span class='ocrx_word' id='word_1_118' title='bbox 407 891 509 926; x_wconf 83' lang='grc' dir='ltr'>πλῆθος</span> <span class='ocrx_word' id='word_1_119' title='bbox 522 899 528 906; x_wconf 87' lang='grc'><strong>·</strong></span> <span class='ocrx_word' id='word_1_120' title='bbox 547 891 628 926; x_wconf 84' lang='grc' dir='ltr'>συνῆν</span> <span class='ocrx_word' id='word_1_121' title='bbox 642 892 670 918; x_wconf 82' lang='grc' dir='ltr'><strong>δὲ</strong></span> <span class='ocrx_word' id='word_1_122' title='bbox 686 892 789 924; x_wconf 77' lang='grc' dir='ltr'>τούτοις</span> <span class='ocrx_word' id='word_1_123' title='bbox 805 893 852 920; x_wconf 76' lang='grc' dir='ltr'>καὶ</span> <span class='ocrx_word' id='word_1_124' title='bbox 866 893 914 928; x_wconf 79' lang='grc' dir='ltr'><strong>τῆς</strong></span> <span class='ocrx_word' id='word_1_125' title='bbox 935 893 994 920; x_wconf 71' lang='grc' dir='ltr'><strong>Ἀν-</strong></span> 
     </span>
    </p>
   </div>
   <div class='ocr_carea' id='block_1_20' title="bbox 1050 296 1837 331">
    <p class='ocr_par' dir='ltr' id='par_1_20' title="bbox 1050 296 1837 331">
     <span class='ocr_line' id='line_1_20' title="bbox 1050 296 1837 331; baseline 0.003 -7"><span class='ocrx_word' id='word_1_126' title='bbox 1050 296 1096 324; x_wconf 90' lang='lat' dir='ltr'><strong>bat</strong></span> <span class='ocrx_word' id='word_1_127' title='bbox 1113 306 1119 323; x_wconf 95' lang='lat'><strong>:</strong></span> <span class='ocrx_word' id='word_1_128' title='bbox 1137 296 1257 325; x_wconf 77' lang='lat' dir='ltr'><strong>interdiu</strong></span> <span class='ocrx_word' id='word_1_129' title='bbox 1270 304 1336 324; x_wconf 82' lang='lat' dir='ltr'><strong>vero</strong></span> <span class='ocrx_word' id='word_1_130' title='bbox 1349 297 1451 331; x_wconf 81' lang='lat' dir='ltr'><strong>etiam,</strong></span> <span class='ocrx_word' id='word_1_131' title='bbox 1467 305 1529 325; x_wconf 89' lang='lat' dir='ltr'><strong>cum</strong></span> <span class='ocrx_word' id='word_1_132' title='bbox 1550 299 1675 326; x_wconf 87' lang='lat' dir='ltr'><strong>vacabat.</strong></span> <span class='ocrx_word' id='word_1_133' title='bbox 1691 298 1759 326; x_wconf 88' lang='lat' dir='ltr'><strong>Cum</strong></span> <span class='ocrx_word' id='word_1_134' title='bbox 1772 305 1837 326; x_wconf 88' lang='lat' dir='ltr'><strong>vero</strong></span> 
     </span>
    </p>
   </div>
   <div class='ocr_carea' id='block_1_21' title="bbox 1050 343 1837 379">
    <p class='ocr_par' dir='ltr' id='par_1_21' title="bbox 1050 343 1837 379">
     <span class='ocr_line' id='line_1_21' title="bbox 1050 343 1837 379; baseline 0 -9"><span class='ocrx_word' id='word_1_135' title='bbox 1050 343 1197 371; x_wconf 87' lang='lat' dir='ltr'><strong>accedebat</strong></span> <span class='ocrx_word' id='word_1_136' title='bbox 1212 343 1312 378; x_wconf 85' lang='lat' dir='ltr'><strong>aliquis</strong></span> <span class='ocrx_word' id='word_1_137' title='bbox 1323 363 1330 376; x_wconf 94' lang='lat'><strong>,</strong></span> <span class='ocrx_word' id='word_1_138' title='bbox 1347 348 1374 370; x_wconf 87' lang='lat' dir='ltr'><strong>et</strong></span> <span class='ocrx_word' id='word_1_139' title='bbox 1386 344 1486 371; x_wconf 82' lang='lat' dir='ltr'><strong>ostium</strong></span> <span class='ocrx_word' id='word_1_140' title='bbox 1504 344 1644 379; x_wconf 76' lang='lat' dir='ltr'><strong>pulsabat.</strong></span> <span class='ocrx_word' id='word_1_141' title='bbox 1666 351 1727 372; x_wconf 87' lang='lat' dir='ltr'><strong>eam</strong></span> <span class='ocrx_word' id='word_1_142' title='bbox 1741 345 1768 371; x_wconf 93' lang='lat' dir='ltr'><strong>in</strong></span> <span class='ocrx_word' id='word_1_143' title='bbox 1784 344 1837 371; x_wconf 82' lang='lat' dir='ltr'><strong>ali-</strong></span> 
     </span>
    </p>
   </div>
   <div class='ocr_carea' id='block_1_22' title="bbox 1049 388 1835 425">
    <p class='ocr_par' dir='ltr' id='par_1_22' title="bbox 1049 388 1835 425">
     <span class='ocr_line' id='line_1_22' title="bbox 1049 388 1835 425; baseline 0.001 -10"><span class='ocrx_word' id='word_1_144' title='bbox 1049 396 1104 423; x_wconf 90' lang='lat' dir='ltr'><strong>quo</strong></span> <span class='ocrx_word' id='word_1_145' title='bbox 1126 389 1186 416; x_wconf 92' lang='lat' dir='ltr'><strong>loco</strong></span> <span class='ocrx_word' id='word_1_146' title='bbox 1205 389 1402 417; x_wconf 87' lang='lat' dir='ltr'><strong>abscondebat.</strong></span> <span class='ocrx_word' id='word_1_147' title='bbox 1422 388 1497 416; x_wconf 81' lang='lat' dir='ltr'><strong>Hanc</strong></span> <span class='ocrx_word' id='word_1_148' title='bbox 1509 390 1687 424; x_wconf 75' lang='lat' dir='ltr'><strong>conspicatus</strong></span> <span class='ocrx_word' id='word_1_149' title='bbox 1704 389 1816 425; x_wconf 88' lang='lat' dir='ltr'><strong>quidam</strong></span> <span class='ocrx_word' id='word_1_150' title='bbox 1828 409 1835 420; x_wconf 94' lang='lat'><strong>,</strong></span> 
     </span>
    </p>
   </div>
   <div class='ocr_carea' id='block_1_23' title="bbox 1049 435 1837 470">
    <p class='ocr_par' dir='ltr' id='par_1_23' title="bbox 1049 435 1837 470">
     <span class='ocr_line' id='line_1_23' title="bbox 1049 435 1837 470; baseline 0 -8"><span class='ocrx_word' id='word_1_151' title='bbox 1049 435 1116 462; x_wconf 89' lang='lat' dir='ltr'><strong>mihi</strong></span> <span class='ocrx_word' id='word_1_152' title='bbox 1142 443 1253 470; x_wconf 88' lang='lat' dir='ltr'><strong>quoque</strong></span> <span class='ocrx_word' id='word_1_153' title='bbox 1277 435 1428 468; x_wconf 83' lang='lat' dir='ltr'><strong>indicavit;</strong></span> <span class='ocrx_word' id='word_1_154' title='bbox 1453 440 1481 462; x_wconf 88' lang='lat' dir='ltr'><strong>et</strong></span> <span class='ocrx_word' id='word_1_155' title='bbox 1498 443 1559 462; x_wconf 87' lang='lat' dir='ltr'><strong>cum</strong></span> <span class='ocrx_word' id='word_1_156' title='bbox 1578 436 1722 470; x_wconf 80' lang='lat' dir='ltr'><strong>explorare</strong></span> <span class='ocrx_word' id='word_1_157' title='bbox 1740 435 1837 463; x_wconf 80' lang='lat' dir='ltr'><strong>vellent</strong></span> 
     </span>
    </p>
   </div>
   <div class='ocr_carea' id='block_1_24' title="bbox 1049 480 1836 516">
    <p class='ocr_par' dir='ltr' id='par_1_24' title="bbox 1049 480 1836 516">
     <span class='ocr_line' id='line_1_24' title="bbox 1049 480 1836 516; baseline 0.001 -10"><span class='ocrx_word' id='word_1_158' title='bbox 1049 481 1145 515; x_wconf 84' lang='lat' dir='ltr'><strong>quanti</strong></span> <span class='ocrx_word' id='word_1_159' title='bbox 1174 486 1246 508; x_wconf 83' lang='lat' dir='ltr'><strong>esset</strong></span> <span class='ocrx_word' id='word_1_160' title='bbox 1275 480 1422 516; x_wconf 89' lang='lat' dir='ltr'><strong>ponderis,</strong></span> <span class='ocrx_word' id='word_1_161' title='bbox 1456 481 1592 508; x_wconf 87' lang='lat' dir='ltr'><strong>ambabus</strong></span> <span class='ocrx_word' id='word_1_162' title='bbox 1623 487 1683 508; x_wconf 81' lang='lat' dir='ltr'><strong>earn</strong></span> <span class='ocrx_word' id='word_1_163' title='bbox 1711 481 1836 508; x_wconf 84' lang='lat' dir='ltr'><strong>manibus</strong></span> 
     </span>
    </p>
   </div>
   <div class='ocr_carea' id='block_1_25' title="bbox 1047 524 1838 559">
    <p class='ocr_par' dir='ltr' id='par_1_25' title="bbox 1047 524 1838 559">
     <span class='ocr_line' id='line_1_25' title="bbox 1047 524 1838 559; baseline 0.001 -7"><span class='ocrx_word' id='word_1_164' title='bbox 1047 532 1120 559; x_wconf 65' lang='lat' dir='ltr'><strong>aegre</strong></span> <span class='ocrx_word' id='word_1_165' title='bbox 1145 526 1254 552; x_wconf 83' lang='lat' dir='ltr'><strong>sustuli.</strong></span> <span class='ocrx_word' id='word_1_166' title='bbox 1275 525 1355 558; x_wconf 85' lang='lat' dir='ltr'><strong>Quod</strong></span> <span class='ocrx_word' id='word_1_167' title='bbox 1371 525 1415 553; x_wconf 90' lang='lat' dir='ltr'><strong>ille</strong></span> <span class='ocrx_word' id='word_1_168' title='bbox 1438 524 1680 557; x_wconf 83' lang='lat' dir='ltr'><strong>animadvertens,</strong></span> <span class='ocrx_word' id='word_1_169' title='bbox 1697 524 1838 553; x_wconf 84' lang='lat' dir='ltr'><strong>dimittere</strong></span> 
     </span>
    </p>
   </div>
   <div class='ocr_carea' id='block_1_26' title="bbox 1046 571 1838 606">
    <p class='ocr_par' dir='ltr' id='par_1_26' title="bbox 1046 571 1838 606">
     <span class='ocr_line' id='line_1_26' title="bbox 1046 571 1838 606; baseline -0.001 -8"><span class='ocrx_word' id='word_1_170' title='bbox 1046 571 1141 605; x_wconf 86' lang='lat' dir='ltr'><strong>jussit.</strong></span> <span class='ocrx_word' id='word_1_171' title='bbox 1159 571 1216 606; x_wconf 79' lang='lat' dir='ltr'><strong>Ego</strong></span> <span class='ocrx_word' id='word_1_172' title='bbox 1233 576 1330 599; x_wconf 87' lang='lat' dir='ltr'><strong>contra</strong></span> <span class='ocrx_word' id='word_1_173' title='bbox 1348 572 1463 598; x_wconf 81' lang='lat' dir='ltr'><strong>orabam</strong></span> <span class='ocrx_word' id='word_1_174' title='bbox 1488 576 1515 598; x_wconf 93' lang='lat' dir='ltr'><strong>ut</strong></span> <span class='ocrx_word' id='word_1_175' title='bbox 1541 571 1651 598; x_wconf 87' lang='lat' dir='ltr'><strong>auferre</strong></span> <span class='ocrx_word' id='word_1_176' title='bbox 1671 571 1792 604; x_wconf 86' lang='lat' dir='ltr'><strong>sineret,</strong></span> <span class='ocrx_word' id='word_1_177' title='bbox 1807 576 1838 598; x_wconf 83' lang='lat' dir='ltr'><strong>ut</strong></span> 
     </span>
    </p>
   </div>
   <div class='ocr_carea' id='block_1_27' title="bbox 1047 617 1838 654">
    <p class='ocr_par' dir='ltr' id='par_1_27' title="bbox 1047 617 1838 654">
     <span class='ocr_line' id='line_1_27' title="bbox 1047 617 1838 654; baseline 0.001 -11"><span class='ocrx_word' id='word_1_178' title='bbox 1047 617 1152 644; x_wconf 87' lang='lat' dir='ltr'><strong>laboris</strong></span> <span class='ocrx_word' id='word_1_179' title='bbox 1171 619 1346 646; x_wconf 86' lang='lat' dir='ltr'><strong>occasionem</strong></span> <span class='ocrx_word' id='word_1_180' title='bbox 1368 618 1517 654; x_wconf 78' lang='lat' dir='ltr'><strong>eriperem.</strong></span> <span class='ocrx_word' id='word_1_181' title='bbox 1535 617 1588 645; x_wconf 86' lang='lat' dir='ltr'><strong>Sed</strong></span> <span class='ocrx_word' id='word_1_182' title='bbox 1607 625 1671 645; x_wconf 93' lang='lat' dir='ltr'><strong>cum</strong></span> <span class='ocrx_word' id='word_1_183' title='bbox 1686 617 1764 644; x_wconf 87' lang='lat' dir='ltr'><strong>illum</strong></span> <span class='ocrx_word' id='word_1_184' title='bbox 1778 624 1838 645; x_wconf 88' lang='lat' dir='ltr'><strong>mo-</strong></span> 
     </span>
    </p>
   </div>
   <div class='ocr_carea' id='block_1_28' title="bbox 1048 662 1835 696">
    <p class='ocr_par' dir='ltr' id='par_1_28' title="bbox 1048 662 1835 696">
     <span class='ocr_line' id='line_1_28' title="bbox 1048 662 1835 696; baseline 0 -7"><span class='ocrx_word' id='word_1_185' title='bbox 1048 662 1115 690; x_wconf 83' lang='lat' dir='ltr'><strong>leste</strong></span> <span class='ocrx_word' id='word_1_186' title='bbox 1138 663 1165 690; x_wconf 92' lang='lat' dir='ltr'><strong>id</strong></span> <span class='ocrx_word' id='word_1_187' title='bbox 1193 662 1266 690; x_wconf 87' lang='lat' dir='ltr'><strong>ferre</strong></span> <span class='ocrx_word' id='word_1_188' title='bbox 1290 663 1432 696; x_wconf 86' lang='lat' dir='ltr'><strong>viderem,</strong></span> <span class='ocrx_word' id='word_1_189' title='bbox 1449 663 1523 692; x_wconf 85' lang='lat' dir='ltr'><strong>cessi</strong></span> <span class='ocrx_word' id='word_1_190' title='bbox 1548 663 1672 691; x_wconf 70' lang='lat' dir='ltr'><strong>victoria:</strong></span> <span class='ocrx_word' id='word_1_191' title='bbox 1688 663 1835 690; x_wconf 85' lang='lat' dir='ltr'><strong>desiderio.</strong></span> 
     </span>
    </p>
   </div>
   <div class='ocr_carea' id='block_1_29' title="bbox 1045 706 1835 736">
    <p class='ocr_par' dir='ltr' id='par_1_29' title="bbox 1045 706 1835 736">
     <span class='ocr_line' id='line_1_29' title="bbox 1045 706 1835 736; baseline 0 -2"><span class='ocrx_word' id='word_1_192' title='bbox 1045 706 1084 735; x_wconf 77' lang='lat' dir='ltr'><strong>Ex</strong></span> <span class='ocrx_word' id='word_1_193' title='bbox 1108 707 1152 735; x_wconf 89' lang='lat' dir='ltr'><strong>his</strong></span> <span class='ocrx_word' id='word_1_194' title='bbox 1178 707 1218 735; x_wconf 92' lang='lat' dir='ltr'><strong>illi</strong></span> <span class='ocrx_word' id='word_1_195' title='bbox 1239 708 1382 736; x_wconf 82' lang='lat' dir='ltr'><strong>laboribus</strong></span> <span class='ocrx_word' id='word_1_196' title='bbox 1403 708 1522 736; x_wconf 74' lang='lat' dir='ltr'><strong>efﬂoruit</strong></span> <span class='ocrx_word' id='word_1_197' title='bbox 1544 708 1678 736; x_wconf 90' lang='lat' dir='ltr'><strong>divinitus</strong></span> <span class='ocrx_word' id='word_1_198' title='bbox 1704 715 1835 734; x_wconf 80' lang='lat' dir='ltr'><strong>concessa</strong></span> 
     </span>
    </p>
   </div>
   <div class='ocr_carea' id='block_1_30' title="bbox 1046 751 1836 789">
    <p class='ocr_par' dir='ltr' id='par_1_30' title="bbox 1046 751 1836 789">
     <span class='ocr_line' id='line_1_30' title="bbox 1046 751 1836 789; baseline 0.003 -11"><span class='ocrx_word' id='word_1_199' title='bbox 1046 751 1154 787; x_wconf 72' lang='lat' dir='ltr'><strong>gratia,</strong></span> <span class='ocrx_word' id='word_1_200' title='bbox 1180 753 1322 789; x_wconf 91' lang='lat' dir='ltr'><strong>mullaque</strong></span> <span class='ocrx_word' id='word_1_201' title='bbox 1348 754 1410 788; x_wconf 89' lang='lat' dir='ltr'><strong>ejus</strong></span> <span class='ocrx_word' id='word_1_202' title='bbox 1437 754 1566 789; x_wconf 79' lang='lat' dir='ltr'><strong>precibus</strong></span> <span class='ocrx_word' id='word_1_203' title='bbox 1597 754 1665 781; x_wconf 81' lang='lat' dir='ltr'><strong>ﬁunt</strong></span> <span class='ocrx_word' id='word_1_204' title='bbox 1692 754 1836 781; x_wconf 85' lang='lat' dir='ltr'><strong>miracula.</strong></span> 
     </span>
    </p>
   </div>
   <div class='ocr_carea' id='block_1_31' title="bbox 1047 797 1837 835">
    <p class='ocr_par' dir='ltr' id='par_1_31' title="bbox 1047 797 1837 835">
     <span class='ocr_line' id='line_1_31' title="bbox 1047 797 1837 835; baseline 0.003 -11"><span class='ocrx_word' id='word_1_205' title='bbox 1047 797 1154 825; x_wconf 87' lang='lat' dir='ltr'><strong>Etenim</strong></span> <span class='ocrx_word' id='word_1_206' title='bbox 1170 806 1234 826; x_wconf 92' lang='lat' dir='ltr'><strong>cum</strong></span> <span class='ocrx_word' id='word_1_207' title='bbox 1254 801 1346 834; x_wconf 75' lang='lat' dir='ltr'><strong>gravis</strong></span> <span class='ocrx_word' id='word_1_208' title='bbox 1365 801 1412 827; x_wconf 89' lang='lat' dir='ltr'><strong>illa</strong></span> <span class='ocrx_word' id='word_1_209' title='bbox 1428 800 1562 832; x_wconf 83' lang='lat' dir='ltr'><strong>siccitas,</strong></span> <span class='ocrx_word' id='word_1_210' title='bbox 1578 808 1640 835; x_wconf 71' lang='lat' dir='ltr'><strong>quae</strong></span> <span class='ocrx_word' id='word_1_211' title='bbox 1654 800 1780 827; x_wconf 87' lang='lat' dir='ltr'><strong>homines</strong></span> <span class='ocrx_word' id='word_1_212' title='bbox 1795 800 1837 826; x_wconf 88' lang='lat' dir='ltr'><strong>af-</strong></span> 
     </span>
    </p>
   </div>
   <div class='ocr_carea' id='block_1_32' title="bbox 1046 843 1836 880">
    <p class='ocr_par' dir='ltr' id='par_1_32' title="bbox 1046 843 1836 880">
     <span class='ocr_line' id='line_1_32' title="bbox 1046 843 1836 880; baseline 0.001 -10"><span class='ocrx_word' id='word_1_213' title='bbox 1046 843 1177 879; x_wconf 79' lang='lat' dir='ltr'><strong>ﬂigebat,</strong></span> <span class='ocrx_word' id='word_1_214' title='bbox 1195 845 1228 872; x_wconf 87' lang='lat' dir='ltr'><strong>ad</strong></span> <span class='ocrx_word' id='word_1_215' title='bbox 1250 852 1347 880; x_wconf 78' lang='lat' dir='ltr'><strong>preces</strong></span> <span class='ocrx_word' id='word_1_216' title='bbox 1361 846 1498 878; x_wconf 75' lang='lat' dir='ltr'><strong>incitaret,</strong></span> <span class='ocrx_word' id='word_1_217' title='bbox 1515 846 1592 873; x_wconf 82' lang='lat' dir='ltr'><strong>venit</strong></span> <span class='ocrx_word' id='word_1_218' title='bbox 1613 845 1646 872; x_wconf 86' lang='lat' dir='ltr'><strong>ad</strong></span> <span class='ocrx_word' id='word_1_219' title='bbox 1662 853 1724 872; x_wconf 82' lang='lat' dir='ltr'><strong>eum</strong></span> <span class='ocrx_word' id='word_1_220' title='bbox 1738 852 1836 880; x_wconf 74' lang='lat' dir='ltr'><strong>magna</strong></span> 
     </span>
    </p>
   </div>
   <div class='ocr_carea' id='block_1_33' title="bbox 1045 889 1838 927">
    <p class='ocr_par' dir='ltr' id='par_1_33' title="bbox 1045 889 1838 927">
     <span class='ocr_line' id='line_1_33' title="bbox 1045 889 1838 927; baseline 0.004 -12"><span class='ocrx_word' id='word_1_221' title='bbox 1045 889 1128 917; x_wconf 88' lang='lat' dir='ltr'><strong>turba</strong></span> <span class='ocrx_word' id='word_1_222' title='bbox 1158 891 1333 918; x_wconf 85' lang='lat' dir='ltr'><strong>sacerdotum</strong></span> <span class='ocrx_word' id='word_1_223' title='bbox 1353 901 1359 918; x_wconf 91' lang='lat'>:</span> <span class='ocrx_word' id='word_1_224' title='bbox 1378 899 1441 919; x_wconf 91' lang='lat' dir='ltr'><strong>cum</strong></span> <span class='ocrx_word' id='word_1_225' title='bbox 1470 891 1572 927; x_wconf 85' lang='lat' dir='ltr'><strong>quibus</strong></span> <span class='ocrx_word' id='word_1_226' title='bbox 1594 896 1620 919; x_wconf 88' lang='lat' dir='ltr'><strong>et</strong></span> <span class='ocrx_word' id='word_1_227' title='bbox 1644 891 1755 927; x_wconf 91' lang='lat' dir='ltr'><strong>quidam</strong></span> <span class='ocrx_word' id='word_1_228' title='bbox 1779 897 1838 919; x_wconf 84' lang='lat' dir='ltr'><strong>erat</strong></span> 
     </span>
    </p>
   </div>
   <div class='ocr_carea' id='block_1_34' title="bbox 206 935 995 973">
    <p class='ocr_par' dir='ltr' id='par_1_34' title="bbox 206 936 994 973">
     <span class='ocr_line' id='line_1_34' title="bbox 206 936 994 973; baseline 0.006 -12"><span class='ocrx_word' id='word_1_229' title='bbox 206 936 318 970; x_wconf 80' lang='grc' dir='ltr'>τιοχέων</span> <span class='ocrx_word' id='word_1_230' title='bbox 332 945 372 967; x_wconf 84' lang='grc' dir='ltr'><strong>τις</strong></span> <span class='ocrx_word' id='word_1_231' title='bbox 386 936 488 971; x_wconf 79' lang='grc' dir='ltr'>χώρας,</span> <span class='ocrx_word' id='word_1_232' title='bbox 503 937 599 972; x_wconf 80' lang='grc' dir='ltr'>κώμας</span> <span class='ocrx_word' id='word_1_233' title='bbox 623 937 724 969; x_wconf 73' lang='grc' dir='ltr'>πολλὰς</span> <span class='ocrx_word' id='word_1_234' title='bbox 745 938 897 973; x_wconf 82' lang='grc' dir='ltr'>ποιμαίνειν</span> <span class='ocrx_word' id='word_1_235' title='bbox 915 948 994 966; x_wconf 83' lang='grc' dir='ltr'>τετα-</span> 
     </span>
    </p>
   </div>
   <div class='ocr_carea' id='block_1_35' title="bbox 1047 935 1838 973">
    <p class='ocr_par' dir='ltr' id='par_1_35' title="bbox 1048 935 1838 973">
     <span class='ocr_line' id='line_1_35' title="bbox 1048 935 1838 973; baseline 0.003 -11"><span class='ocrx_word' id='word_1_236' title='bbox 1048 935 1229 964; x_wconf 69' lang='lat' dir='ltr'><strong>Antiochenae</strong></span> <span class='ocrx_word' id='word_1_237' title='bbox 1245 938 1367 972; x_wconf 76' lang='lat' dir='ltr'><strong>regionis</strong></span> <span class='ocrx_word' id='word_1_238' title='bbox 1378 957 1384 967; x_wconf 81' lang='lat'><strong><em>.</em></strong></span> <span class='ocrx_word' id='word_1_239' title='bbox 1401 938 1447 972; x_wconf 89' lang='lat' dir='ltr'><strong>qui</strong></span> <span class='ocrx_word' id='word_1_240' title='bbox 1469 938 1570 965; x_wconf 86' lang='lat' dir='ltr'><strong>multos</strong></span> <span class='ocrx_word' id='word_1_241' title='bbox 1591 938 1668 965; x_wconf 86' lang='lat' dir='ltr'><strong>vicos</strong></span> <span class='ocrx_word' id='word_1_242' title='bbox 1684 941 1779 973; x_wconf 85' lang='lat' dir='ltr'><strong>pastor</strong></span> <span class='ocrx_word' id='word_1_243' title='bbox 1794 945 1838 964; x_wconf 51' lang='lat' dir='ltr'><strong>re‘</strong></span> 
     </span>
    </p>
   </div>
   <div class='ocr_carea' id='block_1_36' title="bbox 207 979 996 1019">
    <p class='ocr_par' dir='ltr' id='par_1_36' title="bbox 207 979 996 1019">
     <span class='ocr_line' id='line_1_36' title="bbox 207 979 996 1019; baseline 0.005 -12"><span class='ocrx_word' id='word_1_244' title='bbox 207 982 316 1016; x_wconf 77' lang='grc' dir='ltr'>γμένος.</span> <span class='ocrx_word' id='word_1_245' title='bbox 330 979 414 1014; x_wconf 62' lang='lat' dir='ltr'><strong>uino;</strong></span> <span class='ocrx_word' id='word_1_246' title='bbox 426 982 480 1008; x_wconf 80' lang='grc' dir='ltr'>τῶν</span> <span class='ocrx_word' id='word_1_247' title='bbox 499 983 641 1017; x_wconf 79' lang='grc' dir='ltr'>παρόντων</span> <span class='ocrx_word' id='word_1_248' title='bbox 661 984 724 1014; x_wconf 82' lang='grc' dir='ltr'>τοὺς</span> <span class='ocrx_word' id='word_1_249' title='bbox 746 985 920 1019; x_wconf 81' lang='grc' dir='ltr'>γεραιτέρους</span> <span class='ocrx_word' id='word_1_250' title='bbox 940 985 996 1012; x_wconf 77' lang='grc' dir='ltr'><strong>ἰκέ-</strong></span> 
     </span>
    </p>
   </div>
   <div class='ocr_carea' id='block_1_37' title="bbox 206 1028 996 1066">
    <p class='ocr_par' dir='ltr' id='par_1_37' title="bbox 206 1028 996 1066">
     <span class='ocr_line' id='line_1_37' title="bbox 206 1028 996 1066; baseline 0.005 -13"><span class='ocrx_word' id='word_1_251' title='bbox 206 1036 276 1059; x_wconf 54' lang='lat' dir='ltr'><strong>caus,</strong></span> <span class='ocrx_word' id='word_1_252' title='bbox 298 1029 389 1054; x_wconf 82' lang='grc' dir='ltr'>πεῖσαι</span> <span class='ocrx_word' id='word_1_253' title='bbox 402 1029 447 1055; x_wconf 69' lang='grc' dir='ltr'><strong>τὸν</strong></span> <span class='ocrx_word' id='word_1_254' title='bbox 467 1028 568 1064; x_wconf 77' lang='grc' dir='ltr'>ἄνδρα,</span> <span class='ocrx_word' id='word_1_255' title='bbox 584 1028 704 1064; x_wconf 83' lang='grc' dir='ltr'>ληκυθίῳ</span> <span class='ocrx_word' id='word_1_256' title='bbox 723 1030 775 1056; x_wconf 79' lang='grc' dir='ltr'>τινὶ</span> <span class='ocrx_word' id='word_1_257' title='bbox 800 1030 930 1057; x_wconf 79' lang='grc' dir='ltr'>ἐπιθεῖναι</span> <span class='ocrx_word' id='word_1_258' title='bbox 947 1031 996 1066; x_wconf 84' lang='grc' dir='ltr'>τὴν</span> 
     </span>
    </p>
   </div>
   <div class='ocr_carea' id='block_1_38' title="bbox 205 1072 995 1112">
    <p class='ocr_par' dir='ltr' id='par_1_38' title="bbox 205 1072 995 1112">
     <span class='ocr_line' id='line_1_38' title="bbox 205 1072 995 1112; baseline 0.005 -14"><span class='ocrx_word' id='word_1_259' title='bbox 205 1072 305 1104; x_wconf 83' lang='grc' dir='ltr'>δεξιάν.</span> <span class='ocrx_word' id='word_1_260' title='bbox 323 1072 383 1099; x_wconf 87' lang='grc' dir='ltr'><strong>Τῶν</strong></span> <span class='ocrx_word' id='word_1_261' title='bbox 406 1073 434 1100; x_wconf 80' lang='grc' dir='ltr'><strong>δὲ</strong></span> <span class='ocrx_word' id='word_1_262' title='bbox 462 1074 611 1108; x_wconf 75' lang='grc' dir='ltr'>εἰρηκότων</span> <span class='ocrx_word' id='word_1_263' title='bbox 636 1074 673 1105; x_wconf 84' lang='grc' dir='ltr'><strong>ὡς</strong></span> <span class='ocrx_word' id='word_1_264' title='bbox 688 1075 737 1101; x_wconf 75' lang='grc' dir='ltr'>οὐκ</span> <span class='ocrx_word' id='word_1_265' title='bbox 760 1075 895 1109; x_wconf 79' lang='grc' dir='ltr'>ἀνέξεται,</span> <span class='ocrx_word' id='word_1_266' title='bbox 913 1077 995 1112; x_wconf 82' lang='grc' dir='ltr'>εὐχῆς</span> 
     </span>
    </p>
   </div>
   <div class='ocr_carea' id='block_1_39' title="bbox 207 1118 994 1157">
    <p class='ocr_par' dir='ltr' id='par_1_39' title="bbox 207 1118 994 1157">
     <span class='ocr_line' id='line_1_39' title="bbox 207 1118 994 1157; baseline 0.006 -13"><span class='ocrx_word' id='word_1_267' title='bbox 207 1119 276 1154; x_wconf 82' lang='grc' dir='ltr'>μετὰ</span> <span class='ocrx_word' id='word_1_268' title='bbox 290 1118 376 1145; x_wconf 81' lang='grc' dir='ltr'>ταῦτα</span> <span class='ocrx_word' id='word_1_269' title='bbox 387 1119 541 1154; x_wconf 79' lang='grc' dir='ltr'>γινομένης,</span> <span class='ocrx_word' id='word_1_270' title='bbox 557 1120 666 1155; x_wconf 74' lang='grc' dir='ltr'>καὶτῆς</span> <span class='ocrx_word' id='word_1_271' title='bbox 686 1120 833 1153; x_wconf 79' lang='grc' dir='ltr'>θεσπεσίας</span> <span class='ocrx_word' id='word_1_272' title='bbox 849 1131 894 1157; x_wconf 81' lang='grc' dir='ltr'><strong>μοι</strong></span> <span class='ocrx_word' id='word_1_273' title='bbox 909 1131 994 1156; x_wconf 70' lang='grc' dir='ltr'>κειρα-</span> 
     </span>
    </p>
   </div>
   <div class='ocr_carea' id='block_1_40' title="bbox 205 1165 993 1202">
    <p class='ocr_par' dir='ltr' id='par_1_40' title="bbox 205 1165 993 1202">
     <span class='ocr_line' id='line_1_40' title="bbox 205 1165 993 1202; baseline 0.005 -12"><span class='ocrx_word' id='word_1_274' title='bbox 205 1165 254 1198; x_wconf 78' lang='grc' dir='ltr'><strong>).ἦς</strong></span> <span class='ocrx_word' id='word_1_275' title='bbox 268 1165 499 1201; x_wconf 77' lang='grc' dir='ltr'>προσευχομένης,</span> <span class='ocrx_word' id='word_1_276' title='bbox 515 1165 626 1192; x_wconf 68' lang='grc' dir='ltr'>ὄπισθεν</span> <span class='ocrx_word' id='word_1_277' title='bbox 638 1166 741 1197; x_wconf 74' lang='grc' dir='ltr'>ἐκεῖνος</span> <span class='ocrx_word' id='word_1_278' title='bbox 753 1166 839 1198; x_wconf 83' lang='grc' dir='ltr'>ἑστὼς</span> <span class='ocrx_word' id='word_1_279' title='bbox 852 1167 993 1202; x_wconf 73' lang='grc' dir='ltr'>προῦτεινε</span> 
     </span>
    </p>
   </div>
   <div class='ocr_carea' id='block_1_41' title="bbox 205 1211 995 1246">
    <p class='ocr_par' dir='ltr' id='par_1_41' title="bbox 205 1211 995 1246">
     <span class='ocr_line' id='line_1_41' title="bbox 205 1211 995 1246; baseline 0.008 -10"><span class='ocrx_word' id='word_1_280' title='bbox 205 1212 264 1241; x_wconf 82' lang='grc' dir='ltr'>ταῖς</span> <span class='ocrx_word' id='word_1_281' title='bbox 279 1211 324 1236; x_wconf 81' lang='grc' dir='ltr'>δύο</span> <span class='ocrx_word' id='word_1_282' title='bbox 339 1211 417 1246; x_wconf 73' lang='grc' dir='ltr'>χερσὶ</span> <span class='ocrx_word' id='word_1_283' title='bbox 429 1211 460 1237; x_wconf 84' lang='grc' dir='ltr'>τδ</span> <span class='ocrx_word' id='word_1_284' title='bbox 474 1211 613 1246; x_wconf 80' lang='grc' dir='ltr'>ληκύθιον.</span> <span class='ocrx_word' id='word_1_285' title='bbox 634 1212 671 1239; x_wconf 84' lang='grc' dir='ltr'><strong>Τὸ</strong></span> <span class='ocrx_word' id='word_1_286' title='bbox 685 1212 713 1239; x_wconf 83' lang='grc' dir='ltr'><strong>δὲ</strong></span> <span class='ocrx_word' id='word_1_287' title='bbox 724 1212 880 1245; x_wconf 74' lang='grc' dir='ltr'>ἀνέϐλυσεν,</span> <span class='ocrx_word' id='word_1_288' title='bbox 900 1214 936 1246; x_wconf 83' lang='grc' dir='ltr'>ὡς</span> <span class='ocrx_word' id='word_1_289' title='bbox 949 1215 995 1242; x_wconf 84' lang='grc' dir='ltr'><strong>δύο</strong></span> 
     </span>
    </p>
   </div>
   <div class='ocr_carea' id='block_1_42' title="bbox 205 1257 994 1294">
    <p class='ocr_par' dir='ltr' id='par_1_42' title="bbox 205 1257 994 1294">
     <span class='ocr_line' id='line_1_42' title="bbox 205 1257 994 1294; baseline 0.006 -12"><span class='ocrx_word' id='word_1_290' title='bbox 205 1257 251 1283; x_wconf 74' lang='grc' dir='ltr'>καὶ</span> <span class='ocrx_word' id='word_1_291' title='bbox 277 1258 350 1291; x_wconf 83' lang='grc' dir='ltr'>τρεῖς</span> <span class='ocrx_word' id='word_1_292' title='bbox 371 1257 425 1283; x_wconf 77' lang='grc' dir='ltr'>τῶν</span> <span class='ocrx_word' id='word_1_293' title='bbox 449 1258 590 1292; x_wconf 75' lang='grc' dir='ltr'>παρόντων</span> <span class='ocrx_word' id='word_1_294' title='bbox 610 1259 728 1284; x_wconf 82' lang='grc' dir='ltr'>ἐκτεῖναι</span> <span class='ocrx_word' id='word_1_295' title='bbox 751 1259 801 1290; x_wconf 82' lang='grc' dir='ltr'><strong>τὰς</strong></span> <span class='ocrx_word' id='word_1_296' title='bbox 823 1261 927 1294; x_wconf 80' lang='grc' dir='ltr'>χεῖρας,</span> <span class='ocrx_word' id='word_1_297' title='bbox 946 1262 994 1287; x_wconf 73' lang='grc' dir='ltr'>καὶ</span> 
     </span>
    </p>
   </div>
   <div class='ocr_carea' id='block_1_43' title="bbox 205 1302 993 1341">
    <p class='ocr_par' dir='ltr' id='par_1_43' title="bbox 205 1302 993 1341">
     <span class='ocr_line' id='line_1_43' title="bbox 205 1302 993 1341; baseline 0.006 -14"><span class='ocrx_word' id='word_1_298' title='bbox 205 1302 421 1337; x_wconf 72' lang='grc' dir='ltr'>πεπληρωμένας</span> <span class='ocrx_word' id='word_1_299' title='bbox 435 1302 535 1334; x_wconf 81' lang='grc' dir='ltr'>ταύτας</span> <span class='ocrx_word' id='word_1_300' title='bbox 555 1303 602 1330; x_wconf 77' lang='grc' dir='ltr'>τοῦ</span> <span class='ocrx_word' id='word_1_301' title='bbox 615 1304 704 1330; x_wconf 84' lang='grc' dir='ltr'>ὲλαίου</span> <span class='ocrx_word' id='word_1_302' title='bbox 718 1304 818 1332; x_wconf 77' lang='grc' dir='ltr'>λαϐεῖν.</span> <span class='ocrx_word' id='word_1_303' title='bbox 837 1305 906 1331; x_wconf 79' lang='grc' dir='ltr'>Ἀλλ’</span> <span class='ocrx_word' id='word_1_304' title='bbox 919 1306 993 1341; x_wconf 80' lang='grc' dir='ltr'>ὅμως</span> 
     </span>
    </p>
   </div>
   <div class='ocr_carea' id='block_1_44' title="bbox 204 1348 994 1384">
    <p class='ocr_par' dir='ltr' id='par_1_44' title="bbox 204 1348 994 1384">
     <span class='ocr_line' id='line_1_44' title="bbox 204 1348 994 1384; baseline 0.004 -10"><span class='ocrx_word' id='word_1_305' title='bbox 204 1349 251 1374; x_wconf 69' lang='grc' dir='ltr'>καὶ</span> <span class='ocrx_word' id='word_1_306' title='bbox 265 1349 314 1382; x_wconf 73' lang='grc' dir='ltr'>τῆς</span> <span class='ocrx_word' id='word_1_307' title='bbox 324 1348 399 1380; x_wconf 80' lang='grc' dir='ltr'>θείας</span> <span class='ocrx_word' id='word_1_308' title='bbox 420 1349 531 1384; x_wconf 86' lang='grc' dir='ltr'>χάριτος</span> <span class='ocrx_word' id='word_1_309' title='bbox 546 1350 626 1382; x_wconf 75' lang='grc' dir='ltr'>ἀφεὶς</span> <span class='ocrx_word' id='word_1_310' title='bbox 640 1349 689 1380; x_wconf 82' lang='grc' dir='ltr'><strong>τὰς</strong></span> <span class='ocrx_word' id='word_1_311' title='bbox 702 1350 826 1382; x_wconf 79' lang='grc' dir='ltr'>ἀκτῖνας,</span> <span class='ocrx_word' id='word_1_312' title='bbox 839 1351 887 1376; x_wconf 77' lang='grc' dir='ltr'>καὶ</span> <span class='ocrx_word' id='word_1_313' title='bbox 898 1360 994 1378; x_wconf 85' lang='grc' dir='ltr'>παντο-</span> 
     </span>
    </p>
   </div>
   <div class='ocr_carea' id='block_1_45' title="bbox 203 1393 994 1431">
    <p class='ocr_par' dir='ltr' id='par_1_45' title="bbox 203 1393 994 1431">
     <span class='ocr_line' id='line_1_45' title="bbox 203 1393 994 1431; baseline 0.006 -12"><span class='ocrx_word' id='word_1_314' title='bbox 203 1393 298 1425; x_wconf 83' lang='grc' dir='ltr'>δαποῖς</span> <span class='ocrx_word' id='word_1_315' title='bbox 317 1393 511 1429; x_wconf 82' lang='grc' dir='ltr'>κατορθώμασι</span> <span class='ocrx_word' id='word_1_316' title='bbox 524 1393 635 1429; x_wconf 86' lang='grc' dir='ltr'>βρίθων,</span> <span class='ocrx_word' id='word_1_317' title='bbox 651 1395 699 1421; x_wconf 76' lang='grc' dir='ltr'>καὶ</span> <span class='ocrx_word' id='word_1_318' title='bbox 712 1396 847 1431; x_wconf 82' lang='grc' dir='ltr'>ὁσημέραι</span> <span class='ocrx_word' id='word_1_319' title='bbox 858 1397 994 1431; x_wconf 82' lang='grc' dir='ltr'>συλλέγων</span> 
     </span>
    </p>
   </div>
   <div class='ocr_carea' id='block_1_46' title="bbox 203 1439 994 1478">
    <p class='ocr_par' dir='ltr' id='par_1_46' title="bbox 203 1439 994 1478">
     <span class='ocr_line' id='line_1_46' title="bbox 203 1439 994 1478; baseline 0.006 -13"><span class='ocrx_word' id='word_1_320' title='bbox 203 1439 254 1474; x_wconf 76' lang='grc' dir='ltr'>τῆς</span> <span class='ocrx_word' id='word_1_321' title='bbox 270 1439 429 1475; x_wconf 77' lang='grc' dir='ltr'>φιλοσοφίας</span> <span class='ocrx_word' id='word_1_322' title='bbox 444 1440 489 1467; x_wconf 77' lang='grc' dir='ltr'><strong>τὸν</strong></span> <span class='ocrx_word' id='word_1_323' title='bbox 500 1441 625 1473; x_wconf 81' lang='grc' dir='ltr'>πλοῦτον,</span> <span class='ocrx_word' id='word_1_324' title='bbox 639 1440 725 1473; x_wconf 80' lang='grc' dir='ltr'>οὕτως</span> <span class='ocrx_word' id='word_1_325' title='bbox 744 1442 803 1468; x_wconf 75' lang='grc' dir='ltr'>ἐστὶ</span> <span class='ocrx_word' id='word_1_326' title='bbox 822 1441 852 1468; x_wconf 75' lang='grc' dir='ltr'><strong>τὸ</strong></span> <span class='ocrx_word' id='word_1_327' title='bbox 867 1443 994 1478; x_wconf 80' lang='grc' dir='ltr'>φρόνημα</span> 
     </span>
    </p>
   </div>
   <div class='ocr_carea' id='block_1_47' title="bbox 205 1484 993 1523">
    <p class='ocr_par' dir='ltr' id='par_1_47' title="bbox 205 1484 993 1523">
     <span class='ocr_line' id='line_1_47' title="bbox 205 1484 993 1523; baseline 0.006 -13"><span class='ocrx_word' id='word_1_328' title='bbox 205 1484 327 1520; x_wconf 71' lang='grc' dir='ltr'>μέτριος,</span> <span class='ocrx_word' id='word_1_329' title='bbox 353 1484 392 1516; x_wconf 87' lang='grc' dir='ltr'><strong>ὡς</strong></span> <span class='ocrx_word' id='word_1_330' title='bbox 411 1485 528 1512; x_wconf 77' lang='grc' dir='ltr'>ἑκάστου</span> <span class='ocrx_word' id='word_1_331' title='bbox 550 1485 603 1512; x_wconf 83' lang='grc' dir='ltr'><strong>τῶν</strong></span> <span class='ocrx_word' id='word_1_332' title='bbox 621 1485 658 1518; x_wconf 85' lang='grc' dir='ltr'><strong>ὡς</strong></span> <span class='ocrx_word' id='word_1_333' title='bbox 685 1487 768 1514; x_wconf 69' lang='grc' dir='ltr'>αὑτὸν</span> <span class='ocrx_word' id='word_1_334' title='bbox 787 1487 993 1523; x_wconf 81' lang='grc' dir='ltr'>ἀφικνουμένων</span> 
     </span>
    </p>
   </div>
   <div class='ocr_carea' id='block_1_48' title="bbox 204 1530 993 1569">
    <p class='ocr_par' dir='ltr' id='par_1_48' title="bbox 204 1530 993 1569">
     <span class='ocr_line' id='line_1_48' title="bbox 204 1530 993 1569; baseline 0.004 -11"><span class='ocrx_word' id='word_1_335' title='bbox 204 1531 289 1566; x_wconf 74' lang='grc' dir='ltr'>ἄμφω</span> <span class='ocrx_word' id='word_1_336' title='bbox 303 1530 341 1557; x_wconf 89' lang='grc' dir='ltr'>τὼ</span> <span class='ocrx_word' id='word_1_337' title='bbox 355 1531 419 1557; x_wconf 83' lang='grc' dir='ltr'>πόδε</span> <span class='ocrx_word' id='word_1_338' title='bbox 439 1531 683 1567; x_wconf 77' lang='grc' dir='ltr'>περιπτύσσεσθαι,</span> <span class='ocrx_word' id='word_1_339' title='bbox 698 1533 745 1560; x_wconf 80' lang='grc' dir='ltr'><strong>καὶ</strong></span> <span class='ocrx_word' id='word_1_340' title='bbox 757 1533 788 1559; x_wconf 82' lang='grc' dir='ltr'>τὸ</span> <span class='ocrx_word' id='word_1_341' title='bbox 802 1534 927 1569; x_wconf 83' lang='grc' dir='ltr'>μέτωπον</span> <span class='ocrx_word' id='word_1_342' title='bbox 938 1535 993 1561; x_wconf 79' lang='grc' dir='ltr'>ἑπι-</span> 
     </span>
    </p>
   </div>
   <div class='ocr_carea' id='block_1_49' title="bbox 203 1577 992 1615">
    <p class='ocr_par' dir='ltr' id='par_1_49' title="bbox 203 1577 992 1615">
     <span class='ocr_line' id='line_1_49' title="bbox 203 1577 992 1615; baseline 0.005 -12"><span class='ocrx_word' id='word_1_343' title='bbox 203 1577 308 1603; x_wconf 81' lang='grc' dir='ltr'>τιθέναι</span> <span class='ocrx_word' id='word_1_344' title='bbox 324 1578 357 1612; x_wconf 84' lang='grc' dir='ltr'>τῇ</span> <span class='ocrx_word' id='word_1_345' title='bbox 375 1579 422 1612; x_wconf 82' lang='grc' dir='ltr'>γῇ,</span> <span class='ocrx_word' id='word_1_346' title='bbox 446 1578 501 1604; x_wconf 72' lang='grc' dir='ltr'>εἴτε</span> <span class='ocrx_word' id='word_1_347' title='bbox 529 1579 710 1614; x_wconf 85' lang='grc' dir='ltr'>στρατιώτης,</span> <span class='ocrx_word' id='word_1_348' title='bbox 734 1578 789 1605; x_wconf 72' lang='grc' dir='ltr'>εἴτε</span> <span class='ocrx_word' id='word_1_349' title='bbox 808 1579 992 1615; x_wconf 77' lang='grc' dir='ltr'>χειροτέχνης,</span> 
     </span>
    </p>
   </div>
   <div class='ocr_carea' id='block_1_50' title="bbox 205 1621 993 1659">
    <p class='ocr_par' dir='ltr' id='par_1_50' title="bbox 205 1621 993 1659">
     <span class='ocr_line' id='line_1_50' title="bbox 205 1621 993 1659; baseline 0.004 -12"><span class='ocrx_word' id='word_1_350' title='bbox 205 1621 260 1647; x_wconf 81' lang='grc' dir='ltr'>εἴτε</span> <span class='ocrx_word' id='word_1_351' title='bbox 271 1621 400 1656; x_wconf 80' lang='grc' dir='ltr'>ἄγροικος</span> <span class='ocrx_word' id='word_1_352' title='bbox 418 1622 471 1657; x_wconf 79' lang='grc' dir='ltr'>εἴη.</span> <span class='ocrx_word' id='word_1_353' title='bbox 490 1622 661 1657; x_wconf 80' lang='grc' dir='ltr'>Διηγήσομαι</span> <span class='ocrx_word' id='word_1_354' title='bbox 678 1622 707 1649; x_wconf 77' lang='grc' dir='ltr'><strong>δέ</strong></span> <span class='ocrx_word' id='word_1_355' title='bbox 720 1631 757 1654; x_wconf 91' lang='grc' dir='ltr'><strong>τι,</strong></span> <span class='ocrx_word' id='word_1_356' title='bbox 776 1623 824 1649; x_wconf 80' lang='grc' dir='ltr'>καὶ</span> <span class='ocrx_word' id='word_1_357' title='bbox 843 1624 894 1659; x_wconf 84' lang='grc' dir='ltr'>τὴν</span> <span class='ocrx_word' id='word_1_358' title='bbox 910 1623 993 1650; x_wconf 83' lang='grc' dir='ltr'>ἁπλό-</span> 
     </span>
    </p>
   </div>
   <div class='ocr_carea' id='block_1_51' title="bbox 203 1667 991 1704">
    <p class='ocr_par' dir='ltr' id='par_1_51' title="bbox 203 1667 991 1704">
     <span class='ocr_line' id='line_1_51' title="bbox 203 1667 991 1704; baseline 0.004 -11"><span class='ocrx_word' id='word_1_359' title='bbox 203 1675 273 1700; x_wconf 82' lang='grc' dir='ltr'>τητα</span> <span class='ocrx_word' id='word_1_360' title='bbox 287 1668 334 1694; x_wconf 81' lang='grc' dir='ltr'>καὶ</span> <span class='ocrx_word' id='word_1_361' title='bbox 348 1667 397 1702; x_wconf 85' lang='grc' dir='ltr'>τὴν</span> <span class='ocrx_word' id='word_1_362' title='bbox 418 1668 583 1702; x_wconf 82' lang='grc' dir='ltr'>μετριότητα</span> <span class='ocrx_word' id='word_1_363' title='bbox 605 1668 688 1694; x_wconf 78' lang='grc' dir='ltr'>αὑτοῦ</span> <span class='ocrx_word' id='word_1_364' title='bbox 706 1668 810 1702; x_wconf 79' lang='grc' dir='ltr'>διδάξαι</span> <span class='ocrx_word' id='word_1_365' title='bbox 831 1668 991 1704; x_wconf 80' lang='grc' dir='ltr'>δυνάμενον.</span> 
     </span>
    </p>
   </div>
   <div class='ocr_carea' id='block_1_52' title="bbox 211 1712 993 1749">
    <p class='ocr_par' dir='ltr' id='par_1_52' title="bbox 211 1712 993 1749">
     <span class='ocr_line' id='line_1_52' title="bbox 211 1712 993 1749; baseline 0.004 -11"><span class='ocrx_word' id='word_1_366' title='bbox 211 1713 294 1748; x_wconf 84' lang='grc' dir='ltr'>Ἀνήρ</span> <span class='ocrx_word' id='word_1_367' title='bbox 304 1721 346 1744; x_wconf 77' lang='grc' dir='ltr'><strong>τις</strong></span> <span class='ocrx_word' id='word_1_368' title='bbox 360 1712 512 1745; x_wconf 83' lang='grc' dir='ltr'>σπουδαῖος,</span> <span class='ocrx_word' id='word_1_369' title='bbox 525 1712 600 1739; x_wconf 77' lang='grc' dir='ltr'>τοῦδε</span> <span class='ocrx_word' id='word_1_370' title='bbox 613 1712 660 1739; x_wconf 80' lang='grc' dir='ltr'>τοῦ</span> <span class='ocrx_word' id='word_1_371' title='bbox 672 1712 765 1745; x_wconf 74' lang='grc' dir='ltr'>ἔθνους</span> <span class='ocrx_word' id='word_1_372' title='bbox 781 1713 830 1749; x_wconf 84' lang='grc' dir='ltr'>τὴν</span> <span class='ocrx_word' id='word_1_373' title='bbox 843 1713 993 1749; x_wconf 83' lang='grc' dir='ltr'>ἠγεμονίαν</span> 
     </span>
    </p>
   </div>
   <div class='ocr_carea' id='block_1_53' title="bbox 203 1758 993 1793">
    <p class='ocr_par' dir='ltr' id='par_1_53' title="bbox 203 1758 993 1793">
     <span class='ocr_line' id='line_1_53' title="bbox 203 1758 993 1793; baseline 0.003 -9"><span class='ocrx_word' id='word_1_374' title='bbox 203 1758 304 1793; x_wconf 80' lang='grc' dir='ltr'>λαχὼν,</span> <span class='ocrx_word' id='word_1_375' title='bbox 320 1759 368 1785; x_wconf 77' lang='grc' dir='ltr'>καὶ</span> <span class='ocrx_word' id='word_1_376' title='bbox 382 1758 431 1793; x_wconf 81' lang='grc' dir='ltr'>τὴν</span> <span class='ocrx_word' id='word_1_377' title='bbox 449 1758 539 1792; x_wconf 81' lang='grc' dir='ltr'>Κῦρον</span> <span class='ocrx_word' id='word_1_378' title='bbox 554 1758 726 1790; x_wconf 83' lang='grc' dir='ltr'>καταλαὸὼν,</span> <span class='ocrx_word' id='word_1_379' title='bbox 741 1759 790 1785; x_wconf 79' lang='grc' dir='ltr'>σὺν</span> <span class='ocrx_word' id='word_1_380' title='bbox 805 1759 866 1793; x_wconf 66' lang='grc' dir='ltr'>ἐμοὶ</span> <span class='ocrx_word' id='word_1_381' title='bbox 878 1759 929 1793; x_wconf 79' lang='grc' dir='ltr'>τῆς</span> <span class='ocrx_word' id='word_1_382' title='bbox 938 1759 993 1786; x_wconf 83' lang='grc' dir='ltr'>τῶν</span> 
     </span>
    </p>
   </div>
   <div class='ocr_carea' id='block_1_54' title="bbox 206 1803 994 1839">
    <p class='ocr_par' dir='ltr' id='par_1_54' title="bbox 206 1803 994 1839">
     <span class='ocr_line' id='line_1_54' title="bbox 206 1803 994 1839; baseline 0.001 -10"><span class='ocrx_word' id='word_1_383' title='bbox 206 1803 332 1838; x_wconf 81' lang='grc' dir='ltr'>μεγάλων</span> <span class='ocrx_word' id='word_1_384' title='bbox 347 1803 448 1830; x_wconf 77' lang='grc' dir='ltr'>τούτων</span> <span class='ocrx_word' id='word_1_385' title='bbox 462 1803 585 1838; x_wconf 79' lang='grc' dir='ltr'>ἀθλητῶν</span> <span class='ocrx_word' id='word_1_386' title='bbox 597 1803 749 1830; x_wconf 77' lang='grc' dir='ltr'>ἀπολαῦσαι</span> <span class='ocrx_word' id='word_1_387' title='bbox 765 1803 882 1838; x_wconf 85' lang='grc' dir='ltr'>θεωρίας</span> <span class='ocrx_word' id='word_1_388' title='bbox 893 1803 994 1839; x_wconf 73' lang='grc' dir='ltr'>ἠθέλη-</span> 
     </span>
    </p>
   </div>
   <div class='ocr_carea' id='block_1_55' title="bbox 205 1847 992 1882">
    <p class='ocr_par' dir='ltr' id='par_1_55' title="bbox 205 1847 992 1882">
     <span class='ocr_line' id='line_1_55' title="bbox 205 1847 992 1882; baseline -0.001 -7"><span class='ocrx_word' id='word_1_389' title='bbox 205 1857 246 1875; x_wconf 92' lang='grc' dir='ltr'>σε.</span> <span class='ocrx_word' id='word_1_390' title='bbox 267 1849 334 1879; x_wconf 79' lang='grc' dir='ltr'>Τοὺς</span> <span class='ocrx_word' id='word_1_391' title='bbox 349 1848 444 1879; x_wconf 78' lang='grc' dir='ltr'>ἄλλους</span> <span class='ocrx_word' id='word_1_392' title='bbox 461 1848 550 1874; x_wconf 77' lang='grc' dir='ltr'>τοίνυν</span> <span class='ocrx_word' id='word_1_393' title='bbox 566 1849 820 1882; x_wconf 75' lang='grc' dir='ltr'>περινοστήσαντες,</span> <span class='ocrx_word' id='word_1_394' title='bbox 837 1847 992 1882; x_wconf 77' lang='grc' dir='ltr'>ἀφικόμεθα</span> 
     </span>
    </p>
   </div>
   <div class='ocr_carea' id='block_1_56' title="bbox 205 1891 990 1929">
    <p class='ocr_par' dir='ltr' id='par_1_56' title="bbox 205 1891 990 1929">
     <span class='ocr_line' id='line_1_56' title="bbox 205 1891 990 1929; baseline -0.001 -8"><span class='ocrx_word' id='word_1_395' title='bbox 205 1896 252 1921; x_wconf 78' lang='grc' dir='ltr'>καὶ</span> <span class='ocrx_word' id='word_1_396' title='bbox 269 1894 345 1929; x_wconf 85' lang='grc' dir='ltr'><strong>παρά</strong></span> <span class='ocrx_word' id='word_1_397' title='bbox 369 1893 473 1925; x_wconf 79' lang='grc' dir='ltr'>τοῦτον,</span> <span class='ocrx_word' id='word_1_398' title='bbox 495 1891 525 1919; x_wconf 75' lang='grc' dir='ltr'>οὖ</span> <span class='ocrx_word' id='word_1_399' title='bbox 543 1893 590 1920; x_wconf 77' lang='grc' dir='ltr'>νῦν</span> <span class='ocrx_word' id='word_1_400' title='bbox 609 1894 658 1927; x_wconf 83' lang='grc' dir='ltr'>τὴν</span> <span class='ocrx_word' id='word_1_401' title='bbox 685 1893 784 1928; x_wconf 80' lang='grc' dir='ltr'>ἀρετὴν</span> <span class='ocrx_word' id='word_1_402' title='bbox 799 1894 990 1928; x_wconf 69' lang='grc' dir='ltr'>ἀιρηγούμεθα.</span> 
     </span>
    </p>
   </div>
   <div class='ocr_carea' id='block_1_57' title="bbox 211 1939 993 1976">
    <p class='ocr_par' dir='ltr' id='par_1_57' title="bbox 211 1939 993 1976">
     <span class='ocr_line' id='line_1_57' title="bbox 211 1939 993 1976; baseline -0.003 -8"><span class='ocrx_word' id='word_1_403' title='bbox 211 1940 294 1976; x_wconf 84' lang='grc' dir='ltr'>Ἐμοῦ</span> <span class='ocrx_word' id='word_1_404' title='bbox 309 1940 398 1968; x_wconf 86' lang='grc' dir='ltr'>τοίνυν</span> <span class='ocrx_word' id='word_1_405' title='bbox 410 1940 559 1975; x_wconf 64' lang='grc' dir='ltr'>εἰρηκότος,</span> <span class='ocrx_word' id='word_1_406' title='bbox 575 1940 612 1970; x_wconf 79' lang='grc' dir='ltr'>ὡς</span> <span class='ocrx_word' id='word_1_407' title='bbox 623 1939 734 1974; x_wconf 76' lang='grc' dir='ltr'>ἡγεμών</span> <span class='ocrx_word' id='word_1_408' title='bbox 749 1941 822 1965; x_wconf 74' lang='grc' dir='ltr'>ἐστιν</span> <span class='ocrx_word' id='word_1_409' title='bbox 839 1940 853 1965; x_wconf 85' lang='grc' dir='ltr'>ὁ</span> <span class='ocrx_word' id='word_1_410' title='bbox 871 1941 918 1966; x_wconf 84' lang='grc' dir='ltr'>σὺν</span> <span class='ocrx_word' id='word_1_411' title='bbox 932 1941 993 1974; x_wconf 72' lang='grc' dir='ltr'>ἐμοὶ</span> 
     </span>
    </p>
   </div>
   <div class='ocr_carea' id='block_1_58' title="bbox 207 1985 992 2020">
    <p class='ocr_par' dir='ltr' id='par_1_58' title="bbox 207 1985 992 2020">
     <span class='ocr_line' id='line_1_58' title="bbox 207 1985 992 2020; baseline -0.004 -7"><span class='ocrx_word' id='word_1_412' title='bbox 207 1987 438 2020; x_wconf 69' lang='grc' dir='ltr'>παραγενόμενος,</span> <span class='ocrx_word' id='word_1_413' title='bbox 455 1986 501 2011; x_wconf 77' lang='grc' dir='ltr'>καὶ</span> <span class='ocrx_word' id='word_1_414' title='bbox 515 1986 561 2011; x_wconf 70' lang='grc' dir='ltr'>τοῦ</span> <span class='ocrx_word' id='word_1_415' title='bbox 575 1985 680 2011; x_wconf 77' lang='grc' dir='ltr'>δικαίου</span> <span class='ocrx_word' id='word_1_416' title='bbox 693 1986 864 2020; x_wconf 68' lang='grc' dir='ltr'>φροντιστὴς,</span> <span class='ocrx_word' id='word_1_417' title='bbox 878 1986 924 2011; x_wconf 72' lang='grc' dir='ltr'>καὶ</span> <span class='ocrx_word' id='word_1_418' title='bbox 937 1985 992 2011; x_wconf 83' lang='grc' dir='ltr'><strong>τῶν</strong></span> 
     </span>
    </p>
   </div>
   <div class='ocr_carea' id='block_1_59' title="bbox 206 2030 993 2066">
    <p class='ocr_par' dir='ltr' id='par_1_59' title="bbox 206 2030 993 2066">
     <span class='ocr_line' id='line_1_59' title="bbox 206 2030 993 2066; baseline -0.003 -7"><span class='ocrx_word' id='word_1_419' title='bbox 206 2031 326 2059; x_wconf 77' lang='grc' dir='ltr'>εὐσεὸὦν</span> <span class='ocrx_word' id='word_1_420' title='bbox 343 2032 470 2066; x_wconf 75' lang='grc' dir='ltr'>ἐραστὴς,</span> <span class='ocrx_word' id='word_1_421' title='bbox 481 2031 561 2062; x_wconf 73' lang='grc' dir='ltr'>εὐθὺς</span> <span class='ocrx_word' id='word_1_422' title='bbox 572 2031 587 2056; x_wconf 83' lang='grc' dir='ltr'>ὁ</span> <span class='ocrx_word' id='word_1_423' title='bbox 601 2030 742 2061; x_wconf 81' lang='grc' dir='ltr'>θεσπέσιος</span> <span class='ocrx_word' id='word_1_424' title='bbox 755 2030 897 2064; x_wconf 79' lang='grc' dir='ltr'>ἄνθρωπος</span> <span class='ocrx_word' id='word_1_425' title='bbox 909 2030 993 2064; x_wconf 70' lang='grc' dir='ltr'>ἄμφω</span> 
     </span>
    </p>
   </div>
   <div class='ocr_carea' id='block_1_60' title="bbox 206 2075 993 2113">
    <p class='ocr_par' dir='ltr' id='par_1_60' title="bbox 206 2075 993 2113">
     <span class='ocr_line' id='line_1_60' title="bbox 206 2075 993 2113; baseline 0.004 -13"><span class='ocrx_word' id='word_1_426' title='bbox 206 2078 245 2105; x_wconf 72' lang='grc' dir='ltr'><strong>τὼ</strong></span> <span class='ocrx_word' id='word_1_427' title='bbox 261 2079 335 2113; x_wconf 84' lang='grc' dir='ltr'>χεῖρε</span> <span class='ocrx_word' id='word_1_428' title='bbox 354 2077 506 2113; x_wconf 83' lang='grc' dir='ltr'>προτείνας,</span> <span class='ocrx_word' id='word_1_429' title='bbox 524 2077 569 2103; x_wconf 71' lang='grc' dir='ltr'><strong>καὶ</strong></span> <span class='ocrx_word' id='word_1_430' title='bbox 584 2076 685 2110; x_wconf 83' lang='grc' dir='ltr'>ἀμφοῖν</span> <span class='ocrx_word' id='word_1_431' title='bbox 701 2076 758 2101; x_wconf 87' lang='grc' dir='ltr'>τοῖν</span> <span class='ocrx_word' id='word_1_432' title='bbox 773 2075 863 2101; x_wconf 77' lang='grc' dir='ltr'>ποδοῖν</span> <span class='ocrx_word' id='word_1_433' title='bbox 878 2075 993 2111; x_wconf 79' lang='grc' dir='ltr'>λαὸόμε-</span> 
     </span>
    </p>
   </div>
   <div class='ocr_carea' id='block_1_61' title="bbox 207 2121 990 2158">
    <p class='ocr_par' dir='ltr' id='par_1_61' title="bbox 207 2121 990 2158">
     <span class='ocr_line' id='line_1_61' title="bbox 207 2121 990 2158; baseline -0.004 -8"><span class='ocrx_word' id='word_1_434' title='bbox 207 2133 266 2157; x_wconf 76' lang='grc' dir='ltr'>νος,</span> <span class='ocrx_word' id='word_1_435' title='bbox 284 2133 292 2149; x_wconf 79' lang='grc' dir='ltr'><strong>ι</strong></span> <span class='ocrx_word' id='word_1_436' title='bbox 313 2123 504 2158; x_wconf 78' lang='grc' dir='ltr'>Λῐτησίντινα,</span> <span class='ocrx_word' id='word_1_437' title='bbox 519 2122 582 2157; x_wconf 73' lang='grc' dir='ltr'>ἔφη,</span> <span class='ocrx_word' id='word_1_438' title='bbox 599 2121 814 2155; x_wconf 72' lang='grc' dir='ltr'>ἐπαγγείλασθαί</span> <span class='ocrx_word' id='word_1_439' title='bbox 830 2129 871 2148; x_wconf 89' lang='grc' dir='ltr'><strong>σοι</strong></span> <span class='ocrx_word' id='word_1_440' title='bbox 885 2121 963 2149; x_wconf 81' lang='grc' dir='ltr'>θέλω.</span> <span class='ocrx_word' id='word_1_441' title='bbox 981 2131 990 2147; x_wconf 71' lang='grc' dir='ltr'><strong>ι</strong></span> 
     </span>
    </p>
   </div>
   <div class='ocr_carea' id='block_1_62' title="bbox 207 2166 991 2202">
    <p class='ocr_par' dir='ltr' id='par_1_62' title="bbox 207 2166 991 2202">
     <span class='ocr_line' id='line_1_62' title="bbox 207 2166 991 2202; baseline -0.001 -8"><span class='ocrx_word' id='word_1_442' title='bbox 207 2169 260 2195; x_wconf 64' lang='grc' dir='ltr'><strong>Τοῦ</strong></span> <span class='ocrx_word' id='word_1_443' title='bbox 271 2168 299 2194; x_wconf 81' lang='grc' dir='ltr'><strong>δὲ</strong></span> <span class='ocrx_word' id='word_1_444' title='bbox 313 2168 372 2194; x_wconf 85' lang='grc' dir='ltr'>λίαν</span> <span class='ocrx_word' id='word_1_445' title='bbox 387 2167 610 2202; x_wconf 78' lang='grc' dir='ltr'>δυσχεράναντος,</span> <span class='ocrx_word' id='word_1_446' title='bbox 624 2166 670 2192; x_wconf 78' lang='grc' dir='ltr'>καὶ</span> <span class='ocrx_word' id='word_1_447' title='bbox 681 2166 839 2193; x_wconf 82' lang='grc' dir='ltr'>ἀνίστασθαι</span> <span class='ocrx_word' id='word_1_448' title='bbox 857 2166 991 2193; x_wconf 65' lang='grc' dir='ltr'>ίκετεύονη</span> 
     </span>
    </p>
   </div>
   <div class='ocr_carea' id='block_1_63' title="bbox 206 2211 992 2248">
    <p class='ocr_par' dir='ltr' id='par_1_63' title="bbox 206 2211 992 2248">
     <span class='ocr_line' id='line_1_63' title="bbox 206 2211 992 2248; baseline -0.004 -7"><span class='ocrx_word' id='word_1_449' title='bbox 206 2224 262 2245; x_wconf 83' lang='grc' dir='ltr'>το;,</span> <span class='ocrx_word' id='word_1_450' title='bbox 279 2215 325 2240; x_wconf 75' lang='grc' dir='ltr'>καὶ</span> <span class='ocrx_word' id='word_1_451' title='bbox 342 2214 464 2248; x_wconf 82' lang='grc' dir='ltr'>ποιήσειν</span> <span class='ocrx_word' id='word_1_452' title='bbox 476 2213 490 2239; x_wconf 85' lang='grc' dir='ltr'><strong>ὃ</strong></span> <span class='ocrx_word' id='word_1_453' title='bbox 506 2221 531 2238; x_wconf 95' lang='grc' dir='ltr'><strong>τι</strong></span> <span class='ocrx_word' id='word_1_454' title='bbox 547 2212 580 2238; x_wconf 80' lang='grc' dir='ltr'>ἂν</span> <span class='ocrx_word' id='word_1_455' title='bbox 596 2211 751 2238; x_wconf 83' lang='grc' dir='ltr'>κελεύσειεν</span> <span class='ocrx_word' id='word_1_456' title='bbox 778 2212 992 2246; x_wconf 79' lang='grc' dir='ltr'>ὑπισχνουμένου</span> 
     </span>
    </p>
   </div>
   <div class='ocr_carea' id='block_1_64' title="bbox 208 2256 1032 2299">
    <p class='ocr_par' dir='ltr' id='par_1_64' title="bbox 208 2256 1032 2299">
     <span class='ocr_line' id='line_1_64' title="bbox 208 2256 1032 2299; baseline -0.001 -14"><span class='ocrx_word' id='word_1_457' title='bbox 208 2259 333 2295; x_wconf 76' lang='grc' dir='ltr'>(ὲτόπαζε</span> <span class='ocrx_word' id='word_1_458' title='bbox 345 2257 399 2293; x_wconf 79' lang='grc' dir='ltr'><strong>γὰρ</strong></span> <span class='ocrx_word' id='word_1_459' title='bbox 407 2257 488 2284; x_wconf 81' lang='grc' dir='ltr'>αὐτὸν</span> <span class='ocrx_word' id='word_1_460' title='bbox 499 2257 562 2292; x_wconf 89' lang='grc' dir='ltr'>περί</span> <span class='ocrx_word' id='word_1_461' title='bbox 576 2265 646 2288; x_wconf 87' lang='grc' dir='ltr'>τινος</span> <span class='ocrx_word' id='word_1_462' title='bbox 658 2256 711 2282; x_wconf 82' lang='grc' dir='ltr'>τῶν</span> <span class='ocrx_word' id='word_1_463' title='bbox 726 2257 855 2292; x_wconf 76' lang='grc' dir='ltr'>ὑπηκόων</span> <span class='ocrx_word' id='word_1_464' title='bbox 867 2265 994 2292; x_wconf 79' lang='grc' dir='ltr'>παρακα-</span> <span class='ocrx_word' id='word_1_465' title='bbox 1009 2272 1032 2299; x_wconf 77' lang='lat' dir='ltr'><strong>D</strong></span> 
     </span>
    </p>
   </div>
   <div class='ocr_carea' id='block_1_65' title="bbox 207 2302 992 2338">
    <p class='ocr_par' dir='ltr' id='par_1_65' title="bbox 207 2302 992 2338">
     <span class='ocr_line' id='line_1_65' title="bbox 207 2302 992 2338; baseline -0.001 -8"><span class='ocrx_word' id='word_1_466' title='bbox 207 2304 285 2334; x_wconf 75' lang='grc' dir='ltr'>λεῐνι,</span> <span class='ocrx_word' id='word_1_467' title='bbox 301 2303 352 2338; x_wconf 79' lang='grc' dir='ltr'>ἔφη</span> <span class='ocrx_word' id='word_1_468' title='bbox 368 2304 382 2330; x_wconf 79' lang='grc' dir='ltr'><strong>ὁ</strong></span> <span class='ocrx_word' id='word_1_469' title='bbox 401 2303 542 2334; x_wconf 81' lang='grc' dir='ltr'>θεσπέσιος</span> <span class='ocrx_word' id='word_1_470' title='bbox 559 2303 710 2337; x_wconf 75' lang='grc' dir='ltr'>ἄνθρωπος’</span> <span class='ocrx_word' id='word_1_471' title='bbox 732 2311 741 2328; x_wconf 81' lang='lat' dir='ltr'><strong>t</strong></span> <span class='ocrx_word' id='word_1_472' title='bbox 760 2302 864 2329; x_wconf 80' lang='grc' dir='ltr'>Οὐκοῦν</span> <span class='ocrx_word' id='word_1_473' title='bbox 883 2303 992 2338; x_wconf 70' lang='grc' dir='ltr'>ἐπειδή-</span> 
     </span>
    </p>
   </div>
   <div class='ocr_carea' id='block_1_66' title="bbox 208 2347 991 2384">
    <p class='ocr_par' dir='ltr' id='par_1_66' title="bbox 208 2347 991 2384">
     <span class='ocr_line' id='line_1_66' title="bbox 208 2347 991 2384; baseline -0.003 -8"><span class='ocrx_word' id='word_1_474' title='bbox 208 2358 261 2384; x_wconf 80' lang='grc' dir='ltr'><strong>περ</strong></span> <span class='ocrx_word' id='word_1_475' title='bbox 281 2349 409 2384; x_wconf 78' lang='grc' dir='ltr'>ὑπέσχου,</span> <span class='ocrx_word' id='word_1_476' title='bbox 428 2349 475 2375; x_wconf 81' lang='grc' dir='ltr'>καὶ</span> <span class='ocrx_word' id='word_1_477' title='bbox 489 2349 563 2383; x_wconf 82' lang='grc' dir='ltr'>ὅρκῳ</span> <span class='ocrx_word' id='word_1_478' title='bbox 577 2348 626 2382; x_wconf 86' lang='grc' dir='ltr'>τὴν</span> <span class='ocrx_word' id='word_1_479' title='bbox 649 2347 795 2382; x_wconf 77' lang='grc' dir='ltr'>ὑπόσχεσιν</span> <span class='ocrx_word' id='word_1_480' title='bbox 813 2347 991 2379; x_wconf 71' lang='grc' dir='ltr'>ἐϐεϐαίωσας,</span> 
     </span>
    </p>
   </div>
   <div class='ocr_carea' id='block_1_67' title="bbox 209 2393 992 2429">
    <p class='ocr_par' dir='ltr' id='par_1_67' title="bbox 209 2393 992 2429">
     <span class='ocr_line' id='line_1_67' title="bbox 209 2393 992 2429; baseline -0.004 -7"><span class='ocrx_word' id='word_1_481' title='bbox 209 2395 359 2426; x_wconf 70' lang='grc' dir='ltr'>σπουδαίως</span> <span class='ocrx_word' id='word_1_482' title='bbox 375 2394 424 2424; x_wconf 78' lang='grc' dir='ltr'><strong>τὰς</strong></span> <span class='ocrx_word' id='word_1_483' title='bbox 440 2394 510 2429; x_wconf 80' lang='grc' dir='ltr'>ὑπὲρ</span> <span class='ocrx_word' id='word_1_484' title='bbox 523 2393 589 2429; x_wconf 85' lang='grc' dir='ltr'>ὲμοῦ</span> <span class='ocrx_word' id='word_1_485' title='bbox 600 2393 639 2428; x_wconf 84' lang='grc' dir='ltr'>τῷ</span> <span class='ocrx_word' id='word_1_486' title='bbox 654 2393 713 2428; x_wconf 86' lang='grc' dir='ltr'><strong>Θεῷ</strong></span> <span class='ocrx_word' id='word_1_487' title='bbox 724 2393 890 2428; x_wconf 78' lang='grc' dir='ltr'>προσένεγκε</span> <span class='ocrx_word' id='word_1_488' title='bbox 909 2401 992 2428; x_wconf 82' lang='grc' dir='ltr'>προσ-</span> 
     </span>
    </p>
   </div>
   <div class='ocr_carea' id='block_1_68' title="bbox 207 2437 995 2476">
    <p class='ocr_par' dir='ltr' id='par_1_68' title="bbox 207 2437 995 2476">
     <span class='ocr_line' id='line_1_68' title="bbox 207 2437 995 2476; baseline -0.004 -9"><span class='ocrx_word' id='word_1_489' title='bbox 207 2441 301 2476; x_wconf 78' lang='grc' dir='ltr'>ευχάς,</span> <span class='ocrx_word' id='word_1_490' title='bbox 319 2449 328 2465; x_wconf 78' lang='grc' dir='ltr'><strong>ι</strong></span> <span class='ocrx_word' id='word_1_491' title='bbox 352 2439 383 2466; x_wconf 88' lang='lat'><strong>&#39;0</strong></span> <span class='ocrx_word' id='word_1_492' title='bbox 394 2439 422 2465; x_wconf 80' lang='grc' dir='ltr'><strong>δὲ</strong></span> <span class='ocrx_word' id='word_1_493' title='bbox 437 2439 470 2465; x_wconf 83' lang='grc' dir='ltr'><strong>τά</strong></span> <span class='ocrx_word' id='word_1_494' title='bbox 487 2439 600 2474; x_wconf 82' lang='grc' dir='ltr'>μέτωπα</span> <span class='ocrx_word' id='word_1_495' title='bbox 615 2439 725 2465; x_wconf 83' lang='grc' dir='ltr'>τύπτων</span> <span class='ocrx_word' id='word_1_496' title='bbox 740 2438 844 2465; x_wconf 79' lang='grc' dir='ltr'>ἱκέτευε</span> <span class='ocrx_word' id='word_1_497' title='bbox 858 2437 936 2465; x_wconf 85' lang='grc' dir='ltr'>λῦσαι</span> <span class='ocrx_word' id='word_1_498' title='bbox 948 2439 995 2465; x_wconf 79' lang='grc' dir='ltr'>τὸν</span> 
     </span>
    </p>
   </div>
   <div class='ocr_carea' id='block_1_69' title="bbox 207 2483 994 2520">
    <p class='ocr_par' dir='ltr' id='par_1_69' title="bbox 207 2483 994 2520">
     <span class='ocr_line' id='line_1_69' title="bbox 207 2483 994 2520; baseline -0.001 -8"><span class='ocrx_word' id='word_1_499' title='bbox 207 2487 299 2520; x_wconf 79' lang='grc' dir='ltr'>ὅρκον,</span> <span class='ocrx_word' id='word_1_500' title='bbox 320 2485 358 2517; x_wconf 84' lang='grc' dir='ltr'>ὡς</span> <span class='ocrx_word' id='word_1_501' title='bbox 374 2486 424 2511; x_wconf 80' lang='grc' dir='ltr'>οὐκ</span> <span class='ocrx_word' id='word_1_502' title='bbox 439 2483 586 2519; x_wconf 78' lang='grc' dir='ltr'>ἀξιόχρεως</span> <span class='ocrx_word' id='word_1_503' title='bbox 612 2483 649 2509; x_wconf 83' lang='grc' dir='ltr'>ὢν</span> <span class='ocrx_word' id='word_1_504' title='bbox 669 2484 729 2510; x_wconf 71' lang='grc' dir='ltr'><strong>οὐδὲ</strong></span> <span class='ocrx_word' id='word_1_505' title='bbox 751 2484 801 2514; x_wconf 77' lang='grc' dir='ltr'><strong>τὰς</strong></span> <span class='ocrx_word' id='word_1_506' title='bbox 825 2484 896 2519; x_wconf 77' lang='grc' dir='ltr'>ὑπὲρ</span> <span class='ocrx_word' id='word_1_507' title='bbox 911 2484 994 2511; x_wconf 75' lang='grc' dir='ltr'>αὑτοῦ</span> 
     </span>
    </p>
   </div>
   <div class='ocr_carea' id='block_1_70' title="bbox 209 2529 994 2571">
    <p class='ocr_par' dir='ltr' id='par_1_70' title="bbox 209 2529 994 2571">
     <span class='ocr_line' id='line_1_70' title="bbox 209 2529 994 2571; baseline -0.003 -13"><span class='ocrx_word' id='word_1_508' title='bbox 209 2531 327 2563; x_wconf 75' lang='grc' dir='ltr'>ἱκετείας</span> <span class='ocrx_word' id='word_1_509' title='bbox 353 2530 402 2571; x_wconf 49' lang='grc' dir='ltr'><strong>τῷ,</strong></span> <span class='ocrx_word' id='word_1_510' title='bbox 418 2531 540 2565; x_wconf 79' lang='grc' dir='ltr'>Δεσπότῃ</span> <span class='ocrx_word' id='word_1_511' title='bbox 566 2529 742 2565; x_wconf 77' lang='grc' dir='ltr'>προσφέρειν.</span> <span class='ocrx_word' id='word_1_512' title='bbox 769 2530 821 2555; x_wconf 83' lang='grc' dir='ltr'>Τὸν</span> <span class='ocrx_word' id='word_1_513' title='bbox 835 2530 863 2555; x_wconf 82' lang='grc' dir='ltr'>ὲν</span> <span class='ocrx_word' id='word_1_514' title='bbox 876 2530 994 2565; x_wconf 83' lang='grc' dir='ltr'>τοσούτῳ</span> 
     </span>
    </p>
   </div>
   <div class='ocr_carea' id='block_1_71' title="bbox 209 2571 996 2610">
    <p class='ocr_par' dir='ltr' id='par_1_71' title="bbox 209 2571 996 2610">
     <span class='ocr_line' id='line_1_71' title="bbox 209 2571 996 2610; baseline -0.003 -7"><span class='ocrx_word' id='word_1_515' title='bbox 209 2577 299 2603; x_wconf 79' lang='grc' dir='ltr'>τοίνυν</span> <span class='ocrx_word' id='word_1_516' title='bbox 314 2571 471 2610; x_wconf 69' lang='grc' dir='ltr'>φιλοσοφίας</span> <span class='ocrx_word' id='word_1_517' title='bbox 486 2575 549 2609; x_wconf 71' lang='grc' dir='ltr'>ὕψει</span> <span class='ocrx_word' id='word_1_518' title='bbox 561 2574 696 2609; x_wconf 85' lang='grc' dir='ltr'>τοσαύτην</span> <span class='ocrx_word' id='word_1_519' title='bbox 713 2574 807 2609; x_wconf 80' lang='grc' dir='ltr'>ἔχοντα</span> <span class='ocrx_word' id='word_1_520' title='bbox 831 2574 878 2601; x_wconf 81' lang='grc' dir='ltr'>τοῦ</span> <span class='ocrx_word' id='word_1_521' title='bbox 895 2576 996 2609; x_wconf 80' lang='grc' dir='ltr'>φρονή-</span> 
     </span>
    </p>
   </div>
   <div class='ocr_carea' id='block_1_72' title="bbox 211 2621 996 2658">
    <p class='ocr_par' dir='ltr' id='par_1_72' title="bbox 211 2621 996 2658">
     <span class='ocr_line' id='line_1_72' title="bbox 211 2621 996 2658; baseline -0.004 -9"><span class='ocrx_word' id='word_1_522' title='bbox 211 2632 294 2658; x_wconf 74' lang='grc' dir='ltr'>ματος</span> <span class='ocrx_word' id='word_1_523' title='bbox 314 2623 488 2658; x_wconf 79' lang='grc' dir='ltr'>μετριότητα,</span> <span class='ocrx_word' id='word_1_524' title='bbox 508 2623 583 2652; x_wconf 79' lang='grc' dir='ltr'>ποῖος</span> <span class='ocrx_word' id='word_1_525' title='bbox 604 2621 636 2647; x_wconf 83' lang='grc' dir='ltr'>ἂν</span> <span class='ocrx_word' id='word_1_526' title='bbox 658 2621 736 2655; x_wconf 76' lang='grc' dir='ltr'>λόγος</span> <span class='ocrx_word' id='word_1_527' title='bbox 755 2621 913 2655; x_wconf 72' lang='grc' dir='ltr'>εὐφημῆσαί</span> <span class='ocrx_word' id='word_1_528' title='bbox 928 2621 996 2656; x_wconf 69' lang='grc' dir='ltr'>πρὸς</span> 
     </span>
    </p>
   </div>
   <div class='ocr_carea' id='block_1_73' title="bbox 209 2666 997 2704">
    <p class='ocr_par' dir='ltr' id='par_1_73' title="bbox 209 2666 997 2704">
     <span class='ocr_line' id='line_1_73' title="bbox 209 2666 997 2704; baseline -0.004 -9"><span class='ocrx_word' id='word_1_529' title='bbox 209 2669 287 2702; x_wconf 78' lang='grc' dir='ltr'>ἀξίαν</span> <span class='ocrx_word' id='word_1_530' title='bbox 302 2669 444 2704; x_wconf 82' lang='grc' dir='ltr'>ἀρκέσειε;</span> <span class='ocrx_word' id='word_1_531' title='bbox 460 2668 562 2694; x_wconf 84' lang='grc' dir='ltr'>Τούτου</span> <span class='ocrx_word' id='word_1_532' title='bbox 577 2667 625 2702; x_wconf 82' lang='grc' dir='ltr'>τὴν</span> <span class='ocrx_word' id='word_1_533' title='bbox 644 2667 801 2701; x_wconf 81' lang='grc' dir='ltr'>φιλοπονίαν</span> <span class='ocrx_word' id='word_1_534' title='bbox 820 2666 880 2692; x_wconf 59' lang='grc' dir='ltr'>οὐδὲ</span> <span class='ocrx_word' id='word_1_535' title='bbox 899 2675 997 2692; x_wconf 76' lang='grc' dir='ltr'>παντο-</span> 
     </span>
    </p>
   </div>
   <div class='ocr_carea' id='block_1_74' title="bbox 208 2712 995 2749">
    <p class='ocr_par' dir='ltr' id='par_1_74' title="bbox 208 2712 995 2749">
     <span class='ocr_line' id='line_1_74' title="bbox 208 2712 995 2749; baseline -0.003 -9"><span class='ocrx_word' id='word_1_536' title='bbox 208 2714 283 2741; x_wconf 76' lang='grc' dir='ltr'>δαπά</span> <span class='ocrx_word' id='word_1_537' title='bbox 299 2714 487 2749; x_wconf 85' lang='grc' dir='ltr'>προσπεσόντα</span> <span class='ocrx_word' id='word_1_538' title='bbox 513 2713 637 2748; x_wconf 75' lang='grc' dir='ltr'>διήλεγξε</span> <span class='ocrx_word' id='word_1_539' title='bbox 665 2712 749 2747; x_wconf 75' lang='grc' dir='ltr'>πάθη,</span> <span class='ocrx_word' id='word_1_540' title='bbox 769 2712 826 2740; x_wconf 84' lang='grc' dir='ltr'>ἀλλ’</span> <span class='ocrx_word' id='word_1_541' title='bbox 847 2712 898 2738; x_wconf 76' lang='grc' dir='ltr'><strong>ὑπὸ</strong></span> <span class='ocrx_word' id='word_1_542' title='bbox 919 2712 995 2738; x_wconf 70' lang='grc' dir='ltr'>νόσου</span> 
     </span>
    </p>
   </div>
   <div class='ocr_carea' id='block_1_75' title="bbox 209 2758 994 2794">
    <p class='ocr_par' dir='ltr' id='par_1_75' title="bbox 209 2758 994 2794">
     <span class='ocr_line' id='line_1_75' title="bbox 209 2758 994 2794; baseline -0.004 -7"><span class='ocrx_word' id='word_1_543' title='bbox 209 2760 334 2794; x_wconf 68' lang='grc' dir='ltr'>ποικίλης</span> <span class='ocrx_word' id='word_1_544' title='bbox 343 2759 580 2794; x_wconf 75' lang='grc' dir='ltr'>πολιορκούμενος,</span> <span class='ocrx_word' id='word_1_545' title='bbox 593 2759 646 2784; x_wconf 83' lang='grc' dir='ltr'>τῶν</span> <span class='ocrx_word' id='word_1_546' title='bbox 657 2758 746 2785; x_wconf 77' lang='grc' dir='ltr'>αὐτῶν</span> <span class='ocrx_word' id='word_1_547' title='bbox 758 2758 846 2785; x_wconf 78' lang='grc' dir='ltr'>πόνων</span> <span class='ocrx_word' id='word_1_548' title='bbox 859 2759 994 2793; x_wconf 75' lang='grc' dir='ltr'>ἀνέχεται.</span> 
     </span>
    </p>
   </div>
   <div class='ocr_carea' id='block_1_76' title="bbox 211 2805 996 2840">
    <p class='ocr_par' dir='ltr' id='par_1_76' title="bbox 211 2805 996 2840">
     <span class='ocr_line' id='line_1_76' title="bbox 211 2805 996 2840; baseline -0.003 -8"><span class='ocrx_word' id='word_1_549' title='bbox 211 2806 321 2836; x_wconf 75' lang='grc' dir='ltr'>Πολλοῖς</span> <span class='ocrx_word' id='word_1_550' title='bbox 332 2805 360 2832; x_wconf 78' lang='grc' dir='ltr'>δὲ</span> <span class='ocrx_word' id='word_1_551' title='bbox 371 2805 499 2836; x_wconf 81' lang='grc' dir='ltr'>πολλάκις</span> <span class='ocrx_word' id='word_1_552' title='bbox 511 2805 677 2840; x_wconf 74' lang='grc' dir='ltr'>χρησάμενοι</span> <span class='ocrx_word' id='word_1_553' title='bbox 689 2805 790 2838; x_wconf 83' lang='grc' dir='ltr'>λόγοις,</span> <span class='ocrx_word' id='word_1_554' title='bbox 804 2805 881 2839; x_wconf 70' lang='grc' dir='ltr'>μόγις</span> <span class='ocrx_word' id='word_1_555' title='bbox 893 2805 996 2830; x_wconf 77' lang='grc' dir='ltr'>τουτονὶ</span> 
     </span>
    </p>
   </div>
   <div class='ocr_carea' id='block_1_77' title="bbox 210 2850 996 2886">
    <p class='ocr_par' dir='ltr' id='par_1_77' title="bbox 210 2850 996 2886">
     <span class='ocr_line' id='line_1_77' title="bbox 210 2850 996 2886; baseline -0.001 -10"><span class='ocrx_word' id='word_1_556' title='bbox 210 2851 256 2877; x_wconf 73' lang='grc' dir='ltr'><strong>τον</strong></span> <span class='ocrx_word' id='word_1_557' title='bbox 270 2851 391 2877; x_wconf 84' lang='grc' dir='ltr'>οἰκίσκον</span> <span class='ocrx_word' id='word_1_558' title='bbox 411 2850 654 2886; x_wconf 67' lang='grc' dir='ltr'>ᾠκοδομησάμεθα,</span> <span class='ocrx_word' id='word_1_559' title='bbox 670 2850 770 2881; x_wconf 75' lang='grc' dir='ltr'>θάλπος</span> <span class='ocrx_word' id='word_1_560' title='bbox 781 2851 870 2884; x_wconf 82' lang='grc' dir='ltr'>ὀλίγον</span> <span class='ocrx_word' id='word_1_561' title='bbox 888 2850 927 2885; x_wconf 78' lang='grc' dir='ltr'>τῷ</span> <span class='ocrx_word' id='word_1_562' title='bbox 945 2850 996 2876; x_wconf 83' lang='grc' dir='ltr'>σώ-</span> 
     </span>
    </p>
   </div>
   <div class='ocr_carea' id='block_1_78' title="bbox 212 2896 995 2932">
    <p class='ocr_par' dir='ltr' id='par_1_78' title="bbox 212 2896 995 2932">
     <span class='ocr_line' id='line_1_78' title="bbox 212 2896 995 2932; baseline -0.003 -10"><span class='ocrx_word' id='word_1_563' title='bbox 212 2905 277 2932; x_wconf 70' lang='grc' dir='ltr'>ματι</span> <span class='ocrx_word' id='word_1_564' title='bbox 301 2897 414 2931; x_wconf 79' lang='grc' dir='ltr'>πάμπαν</span> <span class='ocrx_word' id='word_1_565' title='bbox 434 2897 629 2932; x_wconf 52' lang='grc' dir='ltr'>κατεψυγμένη)</span> <span class='ocrx_word' id='word_1_566' title='bbox 654 2897 886 2931; x_wconf 62' lang='grc' dir='ltr'>μηχανησάμενοι.</span> <span class='ocrx_word' id='word_1_567' title='bbox 903 2896 995 2930; x_wconf 73' lang='grc' dir='ltr'>Τούτῳ</span> 
     </span>
    </p>
   </div>
   <div class='ocr_carea' id='block_1_79' title="bbox 1047 981 1838 1023">
    <p class='ocr_par' dir='ltr' id='par_1_79' title="bbox 1047 981 1838 1023">
     <span class='ocr_line' id='line_1_79' title="bbox 1047 981 1838 1023; baseline 0.005 -15"><span class='ocrx_word' id='word_1_568' title='bbox 1047 982 1141 1016; x_wconf 71' lang='lat' dir='ltr'><strong>gebat.</strong></span> <span class='ocrx_word' id='word_1_569' title='bbox 1160 981 1212 1009; x_wconf 83' lang='lat' dir='ltr'><strong>Hic</strong></span> <span class='ocrx_word' id='word_1_570' title='bbox 1227 984 1378 1011; x_wconf 85' lang='lat' dir='ltr'><strong>astantium</strong></span> <span class='ocrx_word' id='word_1_571' title='bbox 1397 985 1521 1011; x_wconf 87' lang='lat' dir='ltr'><strong>seniores</strong></span> <span class='ocrx_word' id='word_1_572' title='bbox 1543 985 1674 1019; x_wconf 76' lang='lat' dir='ltr'><strong>rogabat,</strong></span> <span class='ocrx_word' id='word_1_573' title='bbox 1688 985 1760 1023; x_wconf 29' lang='lat' dir='ltr'><strong>Iviro</strong></span> <span class='ocrx_word' id='word_1_574' title='bbox 1776 992 1838 1019; x_wconf 88' lang='lat' dir='ltr'><strong>per-</strong></span> 
     </span>
    </p>
   </div>
   <div class='ocr_carea' id='block_1_80' title="bbox 1047 1028 1834 1065">
    <p class='ocr_par' dir='ltr' id='par_1_80' title="bbox 1047 1028 1834 1065">
     <span class='ocr_line' id='line_1_80' title="bbox 1047 1028 1834 1065; baseline 0 -9"><span class='ocrx_word' id='word_1_575' title='bbox 1047 1028 1207 1061; x_wconf 87' lang='lat' dir='ltr'><strong>suaderent,</strong></span> <span class='ocrx_word' id='word_1_576' title='bbox 1225 1033 1256 1055; x_wconf 95' lang='lat' dir='ltr'><strong>ut</strong></span> <span class='ocrx_word' id='word_1_577' title='bbox 1270 1029 1379 1056; x_wconf 83' lang='lat' dir='ltr'><strong>cuidam</strong></span> <span class='ocrx_word' id='word_1_578' title='bbox 1395 1029 1504 1065; x_wconf 84' lang='lat' dir='ltr'><strong>lecytho</strong></span> <span class='ocrx_word' id='word_1_579' title='bbox 1525 1030 1650 1058; x_wconf 80' lang='lat' dir='ltr'><strong>dextram</strong></span> <span class='ocrx_word' id='word_1_580' title='bbox 1672 1031 1834 1065; x_wconf 83' lang='lat' dir='ltr'><strong>imponeret.</strong></span> 
     </span>
    </p>
   </div>
   <div class='ocr_carea' id='block_1_81' title="bbox 1048 1073 1834 1108">
    <p class='ocr_par' dir='ltr' id='par_1_81' title="bbox 1048 1073 1834 1108">
     <span class='ocr_line' id='line_1_81' title="bbox 1048 1073 1834 1108; baseline 0.004 -8"><span class='ocrx_word' id='word_1_581' title='bbox 1048 1073 1124 1106; x_wconf 83' lang='lat' dir='ltr'><strong>Quod</strong></span> <span class='ocrx_word' id='word_1_582' title='bbox 1141 1074 1219 1101; x_wconf 92' lang='lat' dir='ltr'><strong>illum</strong></span> <span class='ocrx_word' id='word_1_583' title='bbox 1238 1075 1355 1103; x_wconf 87' lang='lat' dir='ltr'><strong>minime</strong></span> <span class='ocrx_word' id='word_1_584' title='bbox 1369 1075 1506 1104; x_wconf 86' lang='lat' dir='ltr'><strong>facturum</strong></span> <span class='ocrx_word' id='word_1_585' title='bbox 1521 1084 1582 1104; x_wconf 89' lang='lat' dir='ltr'><strong>cum</strong></span> <span class='ocrx_word' id='word_1_586' title='bbox 1596 1077 1747 1108; x_wconf 81' lang='lat' dir='ltr'><strong>dixissent,</strong></span> <span class='ocrx_word' id='word_1_587' title='bbox 1769 1076 1834 1103; x_wconf 85' lang='lat' dir='ltr'><strong>dum</strong></span> 
     </span>
    </p>
   </div>
   <div class='ocr_carea' id='block_1_82' title="bbox 1048 1120 1835 1157">
    <p class='ocr_par' dir='ltr' id='par_1_82' title="bbox 1048 1120 1835 1157">
     <span class='ocr_line' id='line_1_82' title="bbox 1048 1120 1835 1157; baseline 0.004 -11"><span class='ocrx_word' id='word_1_588' title='bbox 1048 1127 1145 1154; x_wconf 87' lang='lat' dir='ltr'><strong>preces</strong></span> <span class='ocrx_word' id='word_1_589' title='bbox 1163 1120 1284 1154; x_wconf 72' lang='lat' dir='ltr'><strong>postluee</strong></span> <span class='ocrx_word' id='word_1_590' title='bbox 1299 1121 1406 1152; x_wconf 86' lang='lat' dir='ltr'><strong>ﬁerent,</strong></span> <span class='ocrx_word' id='word_1_591' title='bbox 1423 1126 1450 1148; x_wconf 88' lang='lat' dir='ltr'><strong>et</strong></span> <span class='ocrx_word' id='word_1_592' title='bbox 1466 1123 1653 1149; x_wconf 86' lang='lat' dir='ltr'><strong>venerandum</strong></span> <span class='ocrx_word' id='word_1_593' title='bbox 1673 1122 1738 1149; x_wconf 92' lang='lat' dir='ltr'><strong>mihi</strong></span> <span class='ocrx_word' id='word_1_594' title='bbox 1752 1127 1835 1157; x_wconf 87' lang='lat' dir='ltr'><strong>caput</strong></span> 
     </span>
    </p>
   </div>
   <div class='ocr_carea' id='block_1_83' title="bbox 1050 1165 1837 1204">
    <p class='ocr_par' dir='ltr' id='par_1_83' title="bbox 1050 1165 1837 1204">
     <span class='ocr_line' id='line_1_83' title="bbox 1050 1165 1837 1204; baseline 0.008 -13"><span class='ocrx_word' id='word_1_595' title='bbox 1050 1165 1156 1200; x_wconf 75' lang='grc'><strong>1262</strong></span> <span class='ocrx_word' id='word_1_596' title='bbox 1172 1171 1281 1197; x_wconf 84' lang='lat' dir='ltr'><strong>oraret,</strong></span> <span class='ocrx_word' id='word_1_597' title='bbox 1297 1167 1356 1201; x_wconf 82' lang='lat' dir='ltr'><strong>ipse</strong></span> <span class='ocrx_word' id='word_1_598' title='bbox 1377 1172 1451 1194; x_wconf 88' lang='lat' dir='ltr'><strong>retro</strong></span> <span class='ocrx_word' id='word_1_599' title='bbox 1468 1173 1546 1195; x_wconf 85' lang='lat' dir='ltr'><strong>stans</strong></span> <span class='ocrx_word' id='word_1_600' title='bbox 1564 1169 1702 1203; x_wconf 76' lang='lat' dir='ltr'><strong>lecytlium</strong></span> <span class='ocrx_word' id='word_1_601' title='bbox 1721 1175 1837 1204; x_wconf 86' lang='lat' dir='ltr'><strong>utraque</strong></span> 
     </span>
    </p>
   </div>
   <div class='ocr_carea' id='block_1_84' title="bbox 1047 1211 1837 1247">
    <p class='ocr_par' dir='ltr' id='par_1_84' title="bbox 1047 1211 1837 1247">
     <span class='ocr_line' id='line_1_84' title="bbox 1047 1211 1837 1247; baseline 0.008 -11"><span class='ocrx_word' id='word_1_602' title='bbox 1047 1217 1131 1237; x_wconf 86' lang='lat' dir='ltr'><strong>manu</strong></span> <span class='ocrx_word' id='word_1_603' title='bbox 1157 1211 1305 1246; x_wconf 81' lang='lat' dir='ltr'><strong>porrexit:</strong></span> <span class='ocrx_word' id='word_1_604' title='bbox 1332 1212 1379 1245; x_wconf 90' lang='lat' dir='ltr'><strong>qui</strong></span> <span class='ocrx_word' id='word_1_605' title='bbox 1406 1213 1443 1238; x_wconf 84' lang='lat' dir='ltr'><strong>ita</strong></span> <span class='ocrx_word' id='word_1_606' title='bbox 1471 1217 1579 1240; x_wconf 82' lang='lat' dir='ltr'><strong>scatere</strong></span> <span class='ocrx_word' id='word_1_607' title='bbox 1602 1213 1701 1247; x_wconf 60' lang='lat' dir='ltr'><strong>erepit,</strong></span> <span class='ocrx_word' id='word_1_608' title='bbox 1727 1219 1756 1240; x_wconf 94' lang='lat' dir='ltr'><strong>ut</strong></span> <span class='ocrx_word' id='word_1_609' title='bbox 1781 1215 1837 1242; x_wconf 88' lang='lat' dir='ltr'><strong>duo</strong></span> 
     </span>
    </p>
   </div>
   <div class='ocr_carea' id='block_1_85' title="bbox 1047 1257 1837 1292">
    <p class='ocr_par' dir='ltr' id='par_1_85' title="bbox 1047 1257 1837 1292">
     <span class='ocr_line' id='line_1_85' title="bbox 1047 1257 1837 1292; baseline 0.006 -10"><span class='ocrx_word' id='word_1_610' title='bbox 1047 1259 1139 1283; x_wconf 82' lang='lat' dir='ltr'><strong>tresve</strong></span> <span class='ocrx_word' id='word_1_611' title='bbox 1157 1263 1191 1283; x_wconf 77' lang='lat' dir='ltr'><strong>ex</strong></span> <span class='ocrx_word' id='word_1_612' title='bbox 1216 1257 1250 1284; x_wconf 87' lang='lat' dir='ltr'><strong>iis</strong></span> <span class='ocrx_word' id='word_1_613' title='bbox 1273 1257 1320 1291; x_wconf 85' lang='lat' dir='ltr'><strong>qui</strong></span> <span class='ocrx_word' id='word_1_614' title='bbox 1343 1257 1458 1284; x_wconf 82' lang='lat' dir='ltr'><strong>aderant</strong></span> <span class='ocrx_word' id='word_1_615' title='bbox 1479 1266 1579 1285; x_wconf 86' lang='lat' dir='ltr'><strong>manus</strong></span> <span class='ocrx_word' id='word_1_616' title='bbox 1594 1259 1791 1292; x_wconf 76' lang='lat' dir='ltr'><strong>extenderent,</strong></span> <span class='ocrx_word' id='word_1_617' title='bbox 1810 1264 1837 1288; x_wconf 83' lang='lat' dir='ltr'><strong>et</strong></span> 
     </span>
    </p>
   </div>
   <div class='ocr_carea' id='block_1_86' title="bbox 1047 1299 1836 1338">
    <p class='ocr_par' dir='ltr' id='par_1_86' title="bbox 1047 1299 1836 1338">
     <span class='ocr_line' id='line_1_86' title="bbox 1047 1299 1836 1338; baseline 0.009 -14"><span class='ocrx_word' id='word_1_618' title='bbox 1047 1299 1108 1325; x_wconf 87' lang='lat' dir='ltr'><strong>oleo</strong></span> <span class='ocrx_word' id='word_1_619' title='bbox 1125 1299 1222 1334; x_wconf 89' lang='lat' dir='ltr'><strong>plenas</strong></span> <span class='ocrx_word' id='word_1_620' title='bbox 1245 1300 1390 1328; x_wconf 83' lang='lat' dir='ltr'><strong>referrent.</strong></span> <span class='ocrx_word' id='word_1_621' title='bbox 1407 1302 1534 1329; x_wconf 78' lang='lat' dir='ltr'><strong>Attamen</strong></span> <span class='ocrx_word' id='word_1_622' title='bbox 1553 1303 1615 1330; x_wconf 81' lang='lat' dir='ltr'><strong>licet</strong></span> <span class='ocrx_word' id='word_1_623' title='bbox 1628 1304 1725 1338; x_wconf 73' lang='lat' dir='ltr'><strong>gratiae</strong></span> <span class='ocrx_word' id='word_1_624' title='bbox 1739 1304 1836 1331; x_wconf 83' lang='lat' dir='ltr'><strong>fundat</strong></span> 
     </span>
    </p>
   </div>
   <div class='ocr_carea' id='block_1_87' title="bbox 1046 1344 1836 1382">
    <p class='ocr_par' dir='ltr' id='par_1_87' title="bbox 1046 1344 1836 1382">
     <span class='ocr_line' id='line_1_87' title="bbox 1046 1344 1836 1382; baseline 0.009 -12"><span class='ocrx_word' id='word_1_625' title='bbox 1046 1344 1156 1376; x_wconf 85' lang='lat' dir='ltr'><strong>radios,</strong></span> <span class='ocrx_word' id='word_1_626' title='bbox 1179 1350 1206 1372; x_wconf 89' lang='lat' dir='ltr'><strong>et</strong></span> <span class='ocrx_word' id='word_1_627' title='bbox 1229 1347 1339 1374; x_wconf 72' lang='lat' dir='ltr'><strong>eximiis</strong></span> <span class='ocrx_word' id='word_1_628' title='bbox 1365 1347 1489 1375; x_wconf 88' lang='lat' dir='ltr'><strong>omnium</strong></span> <span class='ocrx_word' id='word_1_629' title='bbox 1518 1355 1649 1382; x_wconf 79' lang='lat' dir='ltr'><strong>generum</strong></span> <span class='ocrx_word' id='word_1_630' title='bbox 1681 1349 1836 1378; x_wconf 86' lang='lat' dir='ltr'><strong>actionibus</strong></span> 
     </span>
    </p>
   </div>
   <div class='ocr_carea' id='block_1_88' title="bbox 1045 1389 1834 1428">
    <p class='ocr_par' dir='ltr' id='par_1_88' title="bbox 1045 1389 1834 1428">
     <span class='ocr_line' id='line_1_88' title="bbox 1045 1389 1834 1428; baseline 0.008 -12"><span class='ocrx_word' id='word_1_631' title='bbox 1045 1389 1165 1424; x_wconf 91' lang='lat' dir='ltr'><strong>polleat,</strong></span> <span class='ocrx_word' id='word_1_632' title='bbox 1181 1391 1341 1425; x_wconf 87' lang='lat' dir='ltr'><strong>etquotidie</strong></span> <span class='ocrx_word' id='word_1_633' title='bbox 1354 1399 1424 1427; x_wconf 85' lang='lat' dir='ltr'><strong>opus</strong></span> <span class='ocrx_word' id='word_1_634' title='bbox 1439 1398 1537 1427; x_wconf 77' lang='lat' dir='ltr'><strong>augeat</strong></span> <span class='ocrx_word' id='word_1_635' title='bbox 1548 1393 1742 1428; x_wconf 76' lang='lat' dir='ltr'><strong>philosophi-.e,</strong></span> <span class='ocrx_word' id='word_1_636' title='bbox 1760 1398 1834 1422; x_wconf 85' lang='lat' dir='ltr'><strong>tanta</strong></span> 
     </span>
    </p>
   </div>
   <div class='ocr_carea' id='block_1_89' title="bbox 1045 1436 1836 1475">
    <p class='ocr_par' dir='ltr' id='par_1_89' title="bbox 1045 1436 1836 1475">
     <span class='ocr_line' id='line_1_89' title="bbox 1045 1436 1836 1475; baseline 0.008 -13"><span class='ocrx_word' id='word_1_637' title='bbox 1045 1439 1088 1462; x_wconf 86' lang='lat' dir='ltr'><strong>est</strong></span> <span class='ocrx_word' id='word_1_638' title='bbox 1128 1436 1213 1464; x_wconf 89' lang='lat' dir='ltr'><strong>animi</strong></span> <span class='ocrx_word' id='word_1_639' title='bbox 1249 1437 1398 1471; x_wconf 87' lang='lat' dir='ltr'><strong>modestia,</strong></span> <span class='ocrx_word' id='word_1_640' title='bbox 1436 1442 1464 1464; x_wconf 93' lang='lat' dir='ltr'><strong>ut</strong></span> <span class='ocrx_word' id='word_1_641' title='bbox 1506 1439 1676 1474; x_wconf 83' lang='lat' dir='ltr'><strong>singulorum</strong></span> <span class='ocrx_word' id='word_1_642' title='bbox 1713 1441 1760 1475; x_wconf 89' lang='lat' dir='ltr'><strong>qui</strong></span> <span class='ocrx_word' id='word_1_643' title='bbox 1801 1441 1836 1468; x_wconf 88' lang='lat' dir='ltr'><strong>ad</strong></span> 
     </span>
    </p>
   </div>
   <div class='ocr_carea' id='block_1_90' title="bbox 1044 1483 1835 1519">
    <p class='ocr_par' dir='ltr' id='par_1_90' title="bbox 1044 1483 1835 1519">
     <span class='ocr_line' id='line_1_90' title="bbox 1044 1483 1835 1519; baseline 0.006 -11"><span class='ocrx_word' id='word_1_644' title='bbox 1044 1488 1109 1508; x_wconf 82' lang='lat' dir='ltr'><strong>eum</strong></span> <span class='ocrx_word' id='word_1_645' title='bbox 1124 1483 1238 1509; x_wconf 87' lang='lat' dir='ltr'><strong>veniunt</strong></span> <span class='ocrx_word' id='word_1_646' title='bbox 1254 1483 1337 1518; x_wconf 87' lang='lat' dir='ltr'><strong>pedes</strong></span> <span class='ocrx_word' id='word_1_647' title='bbox 1353 1484 1554 1519; x_wconf 87' lang='lat' dir='ltr'><strong>amplectatur,</strong></span> <span class='ocrx_word' id='word_1_648' title='bbox 1575 1489 1602 1512; x_wconf 88' lang='lat' dir='ltr'><strong>et</strong></span> <span class='ocrx_word' id='word_1_649' title='bbox 1620 1489 1698 1513; x_wconf 79' lang='lat' dir='ltr'><strong>terra:</strong></span> <span class='ocrx_word' id='word_1_650' title='bbox 1716 1486 1835 1514; x_wconf 86' lang='lat' dir='ltr'><strong>frontem</strong></span> 
     </span>
    </p>
   </div>
   <div class='ocr_carea' id='block_1_91' title="bbox 1046 1525 1833 1564">
    <p class='ocr_par' dir='ltr' id='par_1_91' title="bbox 1046 1525 1833 1564">
     <span class='ocr_line' id='line_1_91' title="bbox 1046 1525 1833 1564; baseline 0.006 -12"><span class='ocrx_word' id='word_1_651' title='bbox 1046 1525 1185 1561; x_wconf 85' lang='lat' dir='ltr'><strong>imponat,</strong></span> <span class='ocrx_word' id='word_1_652' title='bbox 1205 1535 1253 1555; x_wconf 81' lang='lat' dir='ltr'><strong>seu</strong></span> <span class='ocrx_word' id='word_1_653' title='bbox 1267 1529 1360 1560; x_wconf 82' lang='lat' dir='ltr'><strong>miles,</strong></span> <span class='ocrx_word' id='word_1_654' title='bbox 1377 1536 1426 1556; x_wconf 80' lang='lat' dir='ltr'><strong>seu</strong></span> <span class='ocrx_word' id='word_1_655' title='bbox 1442 1528 1533 1564; x_wconf 80' lang='lat' dir='ltr'><strong>opifex</strong></span> <span class='ocrx_word' id='word_1_656' title='bbox 1549 1530 1572 1556; x_wconf 88' lang='lat' dir='ltr'><strong>is</strong></span> <span class='ocrx_word' id='word_1_657' title='bbox 1594 1529 1673 1556; x_wconf 85' lang='lat' dir='ltr'><strong>fueril</strong></span> <span class='ocrx_word' id='word_1_658' title='bbox 1685 1550 1692 1559; x_wconf 87' lang='lat'><strong><em>.</em></strong></span> <span class='ocrx_word' id='word_1_659' title='bbox 1709 1537 1757 1558; x_wconf 85' lang='lat' dir='ltr'><strong>seu</strong></span> <span class='ocrx_word' id='word_1_660' title='bbox 1772 1538 1833 1558; x_wconf 59' lang='lat' dir='ltr'><strong>rus.</strong></span> 
     </span>
    </p>
   </div>
   <div class='ocr_carea' id='block_1_92' title="bbox 1046 1572 1834 1610">
    <p class='ocr_par' dir='ltr' id='par_1_92' title="bbox 1046 1572 1834 1610">
     <span class='ocr_line' id='line_1_92' title="bbox 1046 1572 1834 1610; baseline 0.006 -11"><span class='ocrx_word' id='word_1_661' title='bbox 1046 1572 1128 1599; x_wconf 87' lang='lat' dir='ltr'><strong>ticus.</strong></span> <span class='ocrx_word' id='word_1_662' title='bbox 1153 1573 1218 1600; x_wconf 81' lang='lat' dir='ltr'><strong>Rem</strong></span> <span class='ocrx_word' id='word_1_663' title='bbox 1242 1575 1482 1607; x_wconf 88' lang='lat' dir='ltr'><strong>commemorabo,</strong></span> <span class='ocrx_word' id='word_1_664' title='bbox 1508 1583 1568 1609; x_wconf 62' lang='lat' dir='ltr'><strong>qua</strong></span> <span class='ocrx_word' id='word_1_665' title='bbox 1582 1579 1609 1602; x_wconf 89' lang='lat' dir='ltr'><strong>ct</strong></span> <span class='ocrx_word' id='word_1_666' title='bbox 1632 1576 1834 1610; x_wconf 84' lang='lat' dir='ltr'><strong>simplicitatem</strong></span> 
     </span>
    </p>
   </div>
   <div class='ocr_carea' id='block_1_93' title="bbox 1045 1617 1834 1655">
    <p class='ocr_par' dir='ltr' id='par_1_93' title="bbox 1045 1617 1834 1655">
     <span class='ocr_line' id='line_1_93' title="bbox 1045 1617 1834 1655; baseline 0.004 -11"><span class='ocrx_word' id='word_1_667' title='bbox 1045 1617 1106 1652; x_wconf 83' lang='lat' dir='ltr'><strong>ejus</strong></span> <span class='ocrx_word' id='word_1_668' title='bbox 1126 1622 1154 1644; x_wconf 86' lang='lat' dir='ltr'><strong>et</strong></span> <span class='ocrx_word' id='word_1_669' title='bbox 1182 1618 1344 1646; x_wconf 83' lang='lat' dir='ltr'><strong>modestiam</strong></span> <span class='ocrx_word' id='word_1_670' title='bbox 1375 1620 1464 1655; x_wconf 86' lang='lat' dir='ltr'><strong>possit</strong></span> <span class='ocrx_word' id='word_1_671' title='bbox 1496 1621 1654 1647; x_wconf 87' lang='lat' dir='ltr'><strong>ostendere.</strong></span> <span class='ocrx_word' id='word_1_672' title='bbox 1666 1619 1834 1655; x_wconf 86' lang='lat' dir='ltr'><strong>Virquidam</strong></span> 
     </span>
    </p>
   </div>
   <div class='ocr_carea' id='block_1_94' title="bbox 1046 1664 1835 1702">
    <p class='ocr_par' dir='ltr' id='par_1_94' title="bbox 1046 1664 1835 1702">
     <span class='ocr_line' id='line_1_94' title="bbox 1046 1664 1835 1702; baseline 0.005 -12"><span class='ocrx_word' id='word_1_673' title='bbox 1046 1664 1160 1698; x_wconf 84' lang='lat' dir='ltr'><strong>probus,</strong></span> <span class='ocrx_word' id='word_1_674' title='bbox 1181 1664 1269 1699; x_wconf 76' lang='lat' dir='ltr'><strong>gentis</strong></span> <span class='ocrx_word' id='word_1_675' title='bbox 1292 1664 1375 1699; x_wconf 87' lang='lat' dir='ltr'><strong>hujus</strong></span> <span class='ocrx_word' id='word_1_676' title='bbox 1391 1665 1583 1700; x_wconf 75' lang='lat' dir='ltr'><strong>pmfecturam</strong></span> <span class='ocrx_word' id='word_1_677' title='bbox 1601 1666 1716 1693; x_wconf 88' lang='lat' dir='ltr'><strong>sortitus</strong></span> <span class='ocrx_word' id='word_1_678' title='bbox 1731 1686 1738 1698; x_wconf 90' lang='lat'><strong>,</strong></span> <span class='ocrx_word' id='word_1_679' title='bbox 1754 1667 1763 1677; x_wconf 79' lang='lat'><strong><em>‘</em></strong></span> <span class='ocrx_word' id='word_1_680' title='bbox 1783 1665 1835 1702; x_wconf 86' lang='lat' dir='ltr'><strong>Cy-</strong></span> 
     </span>
    </p>
   </div>
   <div class='ocr_carea' id='block_1_95' title="bbox 1046 1710 1836 1746">
    <p class='ocr_par' dir='ltr' id='par_1_95' title="bbox 1046 1710 1836 1746">
     <span class='ocr_line' id='line_1_95' title="bbox 1046 1710 1836 1746; baseline 0.004 -10"><span class='ocrx_word' id='word_1_681' title='bbox 1046 1716 1106 1736; x_wconf 82' lang='lat' dir='ltr'><strong>rum</strong></span> <span class='ocrx_word' id='word_1_682' title='bbox 1132 1717 1195 1736; x_wconf 88' lang='lat' dir='ltr'><strong>cum</strong></span> <span class='ocrx_word' id='word_1_683' title='bbox 1221 1710 1360 1742; x_wconf 85' lang='lat' dir='ltr'><strong>venisset,</strong></span> <span class='ocrx_word' id='word_1_684' title='bbox 1387 1718 1552 1746; x_wconf 72' lang='lat' dir='ltr'><strong>magnorum</strong></span> <span class='ocrx_word' id='word_1_685' title='bbox 1579 1711 1696 1738; x_wconf 87' lang='lat' dir='ltr'><strong>istortun</strong></span> <span class='ocrx_word' id='word_1_686' title='bbox 1722 1711 1836 1739; x_wconf 80' lang='lat' dir='ltr'><strong>athleta-</strong></span> 
     </span>
    </p>
   </div>
   <div class='ocr_carea' id='block_1_96' title="bbox 1045 1755 1834 1791">
    <p class='ocr_par' dir='ltr' id='par_1_96' title="bbox 1045 1755 1834 1791">
     <span class='ocr_line' id='line_1_96' title="bbox 1045 1755 1834 1791; baseline 0.003 -11"><span class='ocrx_word' id='word_1_687' title='bbox 1045 1761 1107 1781; x_wconf 89' lang='lat' dir='ltr'><strong>rum</strong></span> <span class='ocrx_word' id='word_1_688' title='bbox 1127 1759 1278 1789; x_wconf 88' lang='lat' dir='ltr'><strong>conspectu</strong></span> <span class='ocrx_word' id='word_1_689' title='bbox 1296 1755 1351 1782; x_wconf 80' lang='lat' dir='ltr'><strong>frtri</strong></span> <span class='ocrx_word' id='word_1_690' title='bbox 1371 1763 1477 1783; x_wconf 87' lang='lat' dir='ltr'><strong>mecutu</strong></span> <span class='ocrx_word' id='word_1_691' title='bbox 1493 1756 1590 1783; x_wconf 87' lang='lat' dir='ltr'><strong>voluit.</strong></span> <span class='ocrx_word' id='word_1_692' title='bbox 1606 1756 1676 1783; x_wconf 84' lang='lat' dir='ltr'><strong>Aliis</strong></span> <span class='ocrx_word' id='word_1_693' title='bbox 1697 1763 1760 1783; x_wconf 72' lang='lat' dir='ltr'><strong>vero</strong></span> <span class='ocrx_word' id='word_1_694' title='bbox 1775 1764 1834 1791; x_wconf 87' lang='lat' dir='ltr'><strong>pcr-</strong></span> 
     </span>
    </p>
   </div>
   <div class='ocr_carea' id='block_1_97' title="bbox 1045 1799 1836 1836">
    <p class='ocr_par' dir='ltr' id='par_1_97' title="bbox 1045 1799 1836 1836">
     <span class='ocr_line' id='line_1_97' title="bbox 1045 1799 1836 1836; baseline 0.004 -10"><span class='ocrx_word' id='word_1_695' title='bbox 1045 1799 1172 1826; x_wconf 84' lang='lat' dir='ltr'><strong>lustratis</strong></span> <span class='ocrx_word' id='word_1_696' title='bbox 1184 1819 1191 1831; x_wconf 91' lang='lat'><strong>,</strong></span> <span class='ocrx_word' id='word_1_697' title='bbox 1210 1800 1243 1826; x_wconf 90' lang='lat' dir='ltr'><strong>ad</strong></span> <span class='ocrx_word' id='word_1_698' title='bbox 1257 1800 1330 1827; x_wconf 91' lang='lat' dir='ltr'><strong>hunc</strong></span> <span class='ocrx_word' id='word_1_699' title='bbox 1347 1801 1430 1828; x_wconf 88' lang='lat' dir='ltr'><strong>etiam</strong></span> <span class='ocrx_word' id='word_1_700' title='bbox 1451 1801 1644 1836; x_wconf 84' lang='lat' dir='ltr'><strong>pervenimus,</strong></span> <span class='ocrx_word' id='word_1_701' title='bbox 1659 1801 1740 1835; x_wconf 89' lang='lat' dir='ltr'><strong>cujus</strong></span> <span class='ocrx_word' id='word_1_702' title='bbox 1762 1809 1836 1829; x_wconf 82' lang='lat' dir='ltr'><strong>nunc</strong></span> 
     </span>
    </p>
   </div>
   <div class='ocr_carea' id='block_1_98' title="bbox 1045 1844 1837 1874">
    <p class='ocr_par' dir='ltr' id='par_1_98' title="bbox 1045 1844 1837 1874">
     <span class='ocr_line' id='line_1_98' title="bbox 1045 1844 1837 1874; baseline 0.001 -3"><span class='ocrx_word' id='word_1_703' title='bbox 1045 1844 1079 1871; x_wconf 89' lang='lat' dir='ltr'><strong>de</strong></span> <span class='ocrx_word' id='word_1_704' title='bbox 1103 1845 1204 1871; x_wconf 83' lang='lat' dir='ltr'><strong>virtute</strong></span> <span class='ocrx_word' id='word_1_705' title='bbox 1226 1853 1317 1872; x_wconf 87' lang='lat' dir='ltr'><strong>sermo</strong></span> <span class='ocrx_word' id='word_1_706' title='bbox 1335 1846 1416 1872; x_wconf 89' lang='lat' dir='ltr'><strong>nobis</strong></span> <span class='ocrx_word' id='word_1_707' title='bbox 1434 1850 1486 1873; x_wconf 85' lang='lat' dir='ltr'><strong>est.</strong></span> <span class='ocrx_word' id='word_1_708' title='bbox 1503 1845 1553 1873; x_wconf 88' lang='lat' dir='ltr'><strong>Cui</strong></span> <span class='ocrx_word' id='word_1_709' title='bbox 1573 1853 1636 1872; x_wconf 91' lang='lat' dir='ltr'><strong>cum</strong></span> <span class='ocrx_word' id='word_1_710' title='bbox 1652 1846 1750 1873; x_wconf 87' lang='lat' dir='ltr'><strong>ducem</strong></span> <span class='ocrx_word' id='word_1_711' title='bbox 1773 1854 1837 1874; x_wconf 87' lang='lat' dir='ltr'><strong>esse</strong></span> 
     </span>
    </p>
   </div>
   <div class='ocr_carea' id='block_1_99' title="bbox 1045 1891 1835 1926">
    <p class='ocr_par' dir='ltr' id='par_1_99' title="bbox 1045 1891 1835 1926">
     <span class='ocr_line' id='line_1_99' title="bbox 1045 1891 1835 1926; baseline 0 -9"><span class='ocrx_word' id='word_1_712' title='bbox 1045 1891 1178 1918; x_wconf 79' lang='lat' dir='ltr'><strong>dixissem</strong></span> <span class='ocrx_word' id='word_1_713' title='bbox 1196 1891 1243 1925; x_wconf 83' lang='lat' dir='ltr'><strong>qui</strong></span> <span class='ocrx_word' id='word_1_714' title='bbox 1256 1899 1362 1918; x_wconf 85' lang='lat' dir='ltr'><strong>mecum</strong></span> <span class='ocrx_word' id='word_1_715' title='bbox 1385 1896 1514 1922; x_wconf 82' lang='lat' dir='ltr'><strong>venerat.</strong></span> <span class='ocrx_word' id='word_1_716' title='bbox 1529 1891 1599 1926; x_wconf 56' lang='lat' dir='ltr'><strong>atqui</strong></span> <span class='ocrx_word' id='word_1_717' title='bbox 1612 1891 1767 1918; x_wconf 89' lang='lat' dir='ltr'><strong>studiosum</strong></span> <span class='ocrx_word' id='word_1_718' title='bbox 1781 1911 1788 1921; x_wconf 88' lang='lat'><strong>.</strong></span> <span class='ocrx_word' id='word_1_719' title='bbox 1807 1897 1835 1918; x_wconf 83' lang='lat' dir='ltr'><strong>et</strong></span> 
     </span>
    </p>
   </div>
   <div class='ocr_carea' id='block_1_100' title="bbox 1046 1935 1835 1970">
    <p class='ocr_par' dir='ltr' id='par_1_100' title="bbox 1046 1935 1835 1970">
     <span class='ocr_line' id='line_1_100' title="bbox 1046 1935 1835 1970; baseline 0.001 -8"><span class='ocrx_word' id='word_1_720' title='bbox 1046 1941 1182 1963; x_wconf 83' lang='lat' dir='ltr'><strong>amantem</strong></span> <span class='ocrx_word' id='word_1_721' title='bbox 1201 1936 1323 1970; x_wconf 89' lang='lat' dir='ltr'><strong>piorum,</strong></span> <span class='ocrx_word' id='word_1_722' title='bbox 1339 1936 1431 1963; x_wconf 83' lang='lat' dir='ltr'><strong>statim</strong></span> <span class='ocrx_word' id='word_1_723' title='bbox 1447 1937 1529 1963; x_wconf 91' lang='lat' dir='ltr'><strong>homo</strong></span> <span class='ocrx_word' id='word_1_724' title='bbox 1543 1936 1653 1963; x_wconf 89' lang='lat' dir='ltr'><strong>divinus</strong></span> <span class='ocrx_word' id='word_1_725' title='bbox 1671 1935 1766 1963; x_wconf 80' lang='lat' dir='ltr'><strong>ambas</strong></span> <span class='ocrx_word' id='word_1_726' title='bbox 1779 1943 1835 1963; x_wconf 75' lang='lat' dir='ltr'><strong>ml-</strong></span> 
     </span>
    </p>
   </div>
   <div class='ocr_carea' id='block_1_101' title="bbox 1046 1981 1832 2017">
    <p class='ocr_par' dir='ltr' id='par_1_101' title="bbox 1046 1981 1832 2017">
     <span class='ocr_line' id='line_1_101' title="bbox 1046 1981 1832 2017; baseline 0 -9"><span class='ocrx_word' id='word_1_727' title='bbox 1046 1990 1100 2009; x_wconf 86' lang='lat' dir='ltr'><strong>nus</strong></span> <span class='ocrx_word' id='word_1_728' title='bbox 1126 1982 1258 2013; x_wconf 84' lang='lat' dir='ltr'><strong>tendens,</strong></span> <span class='ocrx_word' id='word_1_729' title='bbox 1291 1985 1317 2009; x_wconf 87' lang='lat' dir='ltr'><strong>ct</strong></span> <span class='ocrx_word' id='word_1_730' title='bbox 1343 1982 1439 2016; x_wconf 85' lang='lat' dir='ltr'><strong>pedem</strong></span> <span class='ocrx_word' id='word_1_731' title='bbox 1464 1986 1612 2017; x_wconf 88' lang='lat' dir='ltr'><strong>utrumque</strong></span> <span class='ocrx_word' id='word_1_732' title='bbox 1641 1981 1832 2017; x_wconf 84' lang='lat' dir='ltr'><strong>prehendens,</strong></span> 
     </span>
    </p>
   </div>
   <div class='ocr_carea' id='block_1_102' title="bbox 1050 2026 1835 2062">
    <p class='ocr_par' dir='ltr' id='par_1_102' title="bbox 1050 2026 1835 2062">
     <span class='ocr_line' id='line_1_102' title="bbox 1050 2026 1835 2062; baseline 0.001 -9"><span class='ocrx_word' id='word_1_733' title='bbox 1050 2036 1059 2052; x_wconf 88' lang='grc' dir='ltr'><strong>ι</strong></span> <span class='ocrx_word' id='word_1_734' title='bbox 1086 2026 1172 2057; x_wconf 75' lang='lat' dir='ltr'><strong>Volo,</strong></span> <span class='ocrx_word' id='word_1_735' title='bbox 1197 2027 1303 2062; x_wconf 88' lang='lat' dir='ltr'><strong>inquit,</strong></span> <span class='ocrx_word' id='word_1_736' title='bbox 1327 2036 1341 2053; x_wconf 87' lang='lat' dir='ltr'><strong>a</strong></span> <span class='ocrx_word' id='word_1_737' title='bbox 1362 2031 1389 2054; x_wconf 88' lang='lat' dir='ltr'><strong>te</strong></span> <span class='ocrx_word' id='word_1_738' title='bbox 1405 2028 1548 2062; x_wconf 85' lang='lat' dir='ltr'><strong>quidpiam</strong></span> <span class='ocrx_word' id='word_1_739' title='bbox 1575 2028 1725 2062; x_wconf 87' lang='lat' dir='ltr'><strong>postulare.</strong></span> <span class='ocrx_word' id='word_1_740' title='bbox 1751 2037 1760 2052; x_wconf 79' lang='grc' dir='ltr'><strong>ι</strong></span> <span class='ocrx_word' id='word_1_741' title='bbox 1787 2026 1835 2054; x_wconf 83' lang='grc'><strong>1110</strong></span> 
     </span>
    </p>
   </div>
   <div class='ocr_carea' id='block_1_103' title="bbox 1047 2067 1835 2108">
    <p class='ocr_par' dir='ltr' id='par_1_103' title="bbox 1047 2067 1835 2108">
     <span class='ocr_line' id='line_1_103' title="bbox 1047 2067 1835 2108; baseline 0 -8"><span class='ocrx_word' id='word_1_742' title='bbox 1047 2078 1138 2100; x_wconf 87' lang='lat' dir='ltr'><strong>autem</strong></span> <span class='ocrx_word' id='word_1_743' title='bbox 1162 2081 1235 2108; x_wconf 63' lang='lat' dir='ltr'><strong>aegre</strong></span> <span class='ocrx_word' id='word_1_744' title='bbox 1263 2073 1411 2100; x_wconf 82' lang='lat' dir='ltr'><strong>admodum</strong></span> <span class='ocrx_word' id='word_1_745' title='bbox 1444 2073 1566 2105; x_wconf 75' lang='lat' dir='ltr'><strong>ferente,</strong></span> <span class='ocrx_word' id='word_1_746' title='bbox 1602 2077 1629 2100; x_wconf 83' lang='lat' dir='ltr'><strong>et</strong></span> <span class='ocrx_word' id='word_1_747' title='bbox 1655 2078 1683 2100; x_wconf 91' lang='lat' dir='ltr'><strong>ut</strong></span> <span class='ocrx_word' id='word_1_748' title='bbox 1709 2067 1835 2108; x_wconf 75' lang='lat' dir='ltr'><strong>surgeret</strong></span> 
     </span>
    </p>
   </div>
   <div class='ocr_carea' id='block_1_104' title="bbox 1048 2118 1834 2154">
    <p class='ocr_par' dir='ltr' id='par_1_104' title="bbox 1048 2118 1834 2154">
     <span class='ocr_line' id='line_1_104' title="bbox 1048 2118 1834 2154; baseline -0.003 -8"><span class='ocrx_word' id='word_1_749' title='bbox 1048 2123 1159 2149; x_wconf 84' lang='lat' dir='ltr'><strong>orante.</strong></span> <span class='ocrx_word' id='word_1_750' title='bbox 1179 2118 1370 2153; x_wconf 81' lang='lat' dir='ltr'><strong>facturumque</strong></span> <span class='ocrx_word' id='word_1_751' title='bbox 1388 2126 1418 2146; x_wconf 84' lang='lat' dir='ltr'><strong>se</strong></span> <span class='ocrx_word' id='word_1_752' title='bbox 1438 2118 1511 2153; x_wconf 87' lang='lat' dir='ltr'><strong>quod</strong></span> <span class='ocrx_word' id='word_1_753' title='bbox 1531 2119 1639 2153; x_wconf 90' lang='lat' dir='ltr'><strong>juberet</strong></span> <span class='ocrx_word' id='word_1_754' title='bbox 1657 2119 1834 2154; x_wconf 78' lang='lat' dir='ltr'><strong>promittente</strong></span> 
     </span>
    </p>
   </div>
   <div class='ocr_carea' id='block_1_105' title="bbox 1047 2162 1834 2198">
    <p class='ocr_par' dir='ltr' id='par_1_105' title="bbox 1047 2162 1834 2198">
     <span class='ocr_line' id='line_1_105' title="bbox 1047 2162 1834 2198; baseline -0.001 -9"><span class='ocrx_word' id='word_1_755' title='bbox 1047 2163 1178 2198; x_wconf 83' lang='lat' dir='ltr'><strong>(putabat</strong></span> <span class='ocrx_word' id='word_1_756' title='bbox 1193 2164 1265 2190; x_wconf 82' lang='lat' dir='ltr'><strong>enim</strong></span> <span class='ocrx_word' id='word_1_757' title='bbox 1282 2162 1359 2190; x_wconf 90' lang='lat' dir='ltr'><strong>illum</strong></span> <span class='ocrx_word' id='word_1_758' title='bbox 1377 2171 1428 2197; x_wconf 91' lang='lat' dir='ltr'><strong>pro</strong></span> <span class='ocrx_word' id='word_1_759' title='bbox 1448 2162 1541 2197; x_wconf 89' lang='lat' dir='ltr'><strong>aliquo</strong></span> <span class='ocrx_word' id='word_1_760' title='bbox 1559 2170 1593 2190; x_wconf 79' lang='lat' dir='ltr'><strong>ex</strong></span> <span class='ocrx_word' id='word_1_761' title='bbox 1608 2162 1728 2190; x_wconf 86' lang='lat' dir='ltr'><strong>subditis</strong></span> <span class='ocrx_word' id='word_1_762' title='bbox 1749 2162 1834 2189; x_wconf 89' lang='lat' dir='ltr'><strong>intcr-</strong></span> 
     </span>
    </p>
   </div>
   <div class='ocr_carea' id='block_1_106' title="bbox 1047 2206 1833 2244">
    <p class='ocr_par' dir='ltr' id='par_1_106' title="bbox 1047 2206 1833 2244">
     <span class='ocr_line' id='line_1_106' title="bbox 1047 2206 1833 2244; baseline -0.001 -8"><span class='ocrx_word' id='word_1_763' title='bbox 1047 2210 1176 2243; x_wconf 76' lang='lat' dir='ltr'><strong>cedere),</strong></span> <span class='ocrx_word' id='word_1_764' title='bbox 1200 2218 1208 2234; x_wconf 83' lang='grc' dir='ltr'><strong>ι</strong></span> <span class='ocrx_word' id='word_1_765' title='bbox 1234 2209 1369 2242; x_wconf 79' lang='lat' dir='ltr'><strong>Quoniam</strong></span> <span class='ocrx_word' id='word_1_766' title='bbox 1385 2216 1472 2243; x_wconf 76' lang='lat' dir='ltr'><strong>ergo,</strong></span> <span class='ocrx_word' id='word_1_767' title='bbox 1497 2209 1535 2236; x_wconf 83' lang='lat' dir='ltr'><strong>ait</strong></span> <span class='ocrx_word' id='word_1_768' title='bbox 1555 2206 1596 2235; x_wconf 89' lang='lat' dir='ltr'><strong>vir</strong></span> <span class='ocrx_word' id='word_1_769' title='bbox 1617 2208 1746 2240; x_wconf 83' lang='lat' dir='ltr'><strong>divinus,</strong></span> <span class='ocrx_word' id='word_1_770' title='bbox 1769 2216 1833 2244; x_wconf 89' lang='lat' dir='ltr'><strong>pro-</strong></span> 
     </span>
    </p>
   </div>
   <div class='ocr_carea' id='block_1_107' title="bbox 1047 2253 1834 2289">
    <p class='ocr_par' dir='ltr' id='par_1_107' title="bbox 1047 2253 1834 2289">
     <span class='ocr_line' id='line_1_107' title="bbox 1047 2253 1834 2289; baseline -0.004 -7"><span class='ocrx_word' id='word_1_771' title='bbox 1047 2255 1168 2284; x_wconf 77' lang='lat' dir='ltr'><strong>misisti,</strong></span> <span class='ocrx_word' id='word_1_772' title='bbox 1196 2259 1223 2281; x_wconf 85' lang='lat' dir='ltr'><strong>et</strong></span> <span class='ocrx_word' id='word_1_773' title='bbox 1253 2254 1465 2289; x_wconf 79' lang='lat' dir='ltr'><strong>promissionem</strong></span> <span class='ocrx_word' id='word_1_774' title='bbox 1489 2253 1669 2288; x_wconf 85' lang='lat' dir='ltr'><strong>jurejurando</strong></span> <span class='ocrx_word' id='word_1_775' title='bbox 1687 2254 1834 2281; x_wconf 76' lang='lat' dir='ltr'><strong>confirma-</strong></span> 
     </span>
    </p>
   </div>
   <div class='ocr_carea' id='block_1_108' title="bbox 1049 2298 1833 2335">
    <p class='ocr_par' dir='ltr' id='par_1_108' title="bbox 1049 2298 1833 2335">
     <span class='ocr_line' id='line_1_108' title="bbox 1049 2298 1833 2335; baseline -0.003 -7"><span class='ocrx_word' id='word_1_776' title='bbox 1049 2303 1105 2332; x_wconf 86' lang='lat' dir='ltr'><strong>sti,</strong></span> <span class='ocrx_word' id='word_1_777' title='bbox 1129 2301 1185 2328; x_wconf 83' lang='lat' dir='ltr'><strong>acri</strong></span> <span class='ocrx_word' id='word_1_778' title='bbox 1207 2300 1299 2327; x_wconf 86' lang='lat' dir='ltr'><strong>studio</strong></span> <span class='ocrx_word' id='word_1_779' title='bbox 1322 2307 1371 2334; x_wconf 88' lang='lat' dir='ltr'><strong>pro</strong></span> <span class='ocrx_word' id='word_1_780' title='bbox 1390 2307 1433 2326; x_wconf 90' lang='lat' dir='ltr'><strong>me</strong></span> <span class='ocrx_word' id='word_1_781' title='bbox 1450 2299 1505 2326; x_wconf 78' lang='lat' dir='ltr'><strong>Deo</strong></span> <span class='ocrx_word' id='word_1_782' title='bbox 1522 2307 1618 2335; x_wconf 83' lang='lat' dir='ltr'><strong>preces</strong></span> <span class='ocrx_word' id='word_1_783' title='bbox 1635 2299 1713 2327; x_wconf 83' lang='lat' dir='ltr'><strong>offer.</strong></span> <span class='ocrx_word' id='word_1_784' title='bbox 1737 2309 1746 2325; x_wconf 79' lang='grc' dir='ltr'><strong>ι</strong></span> <span class='ocrx_word' id='word_1_785' title='bbox 1765 2298 1833 2326; x_wconf 85' lang='grc' dir='ltr'>Τυιιι</span> 
     </span>
    </p>
   </div>
   <div class='ocr_carea' id='block_1_109' title="bbox 1047 2345 1834 2380">
    <p class='ocr_par' dir='ltr' id='par_1_109' title="bbox 1047 2345 1834 2380">
     <span class='ocr_line' id='line_1_109' title="bbox 1047 2345 1834 2380; baseline -0.003 -6"><span class='ocrx_word' id='word_1_786' title='bbox 1047 2347 1094 2374; x_wconf 90' lang='lat' dir='ltr'><strong>illc</strong></span> <span class='ocrx_word' id='word_1_787' title='bbox 1116 2347 1233 2374; x_wconf 87' lang='lat' dir='ltr'><strong>frontem</strong></span> <span class='ocrx_word' id='word_1_788' title='bbox 1252 2346 1356 2373; x_wconf 83' lang='lat' dir='ltr'><strong>feriens</strong></span> <span class='ocrx_word' id='word_1_789' title='bbox 1380 2346 1544 2372; x_wconf 88' lang='lat' dir='ltr'><strong>obsecrabat</strong></span> <span class='ocrx_word' id='word_1_790' title='bbox 1570 2350 1600 2373; x_wconf 90' lang='lat' dir='ltr'><strong>ut</strong></span> <span class='ocrx_word' id='word_1_791' title='bbox 1625 2345 1781 2380; x_wconf 88' lang='lat' dir='ltr'><strong>juramento</strong></span> <span class='ocrx_word' id='word_1_792' title='bbox 1805 2353 1834 2372; x_wconf 83' lang='lat' dir='ltr'><strong>se</strong></span> 
     </span>
    </p>
   </div>
   <div class='ocr_carea' id='block_1_110' title="bbox 1049 2390 1834 2426">
    <p class='ocr_par' dir='ltr' id='par_1_110' title="bbox 1049 2390 1834 2426">
     <span class='ocr_line' id='line_1_110' title="bbox 1049 2390 1834 2426; baseline -0.004 -6"><span class='ocrx_word' id='word_1_793' title='bbox 1049 2393 1221 2425; x_wconf 75' lang='lat' dir='ltr'><strong>absolveret,</strong></span> <span class='ocrx_word' id='word_1_794' title='bbox 1239 2397 1266 2418; x_wconf 92' lang='lat' dir='ltr'><strong>ut</strong></span> <span class='ocrx_word' id='word_1_795' title='bbox 1292 2392 1338 2425; x_wconf 90' lang='lat' dir='ltr'><strong>qui</strong></span> <span class='ocrx_word' id='word_1_796' title='bbox 1353 2399 1403 2418; x_wconf 82' lang='lat' dir='ltr'><strong>nec</strong></span> <span class='ocrx_word' id='word_1_797' title='bbox 1420 2399 1469 2426; x_wconf 86' lang='lat' dir='ltr'><strong>pro</strong></span> <span class='ocrx_word' id='word_1_798' title='bbox 1493 2391 1585 2426; x_wconf 87' lang='lat' dir='ltr'><strong>seipso</strong></span> <span class='ocrx_word' id='word_1_799' title='bbox 1598 2390 1697 2426; x_wconf 76' lang='lat' dir='ltr'><strong>dignas</strong></span> <span class='ocrx_word' id='word_1_800' title='bbox 1718 2391 1834 2418; x_wconf 90' lang='lat' dir='ltr'><strong>Domino</strong></span> 
     </span>
    </p>
   </div>
   <div class='ocr_carea' id='block_1_111' title="bbox 1049 2437 1834 2474">
    <p class='ocr_par' dir='ltr' id='par_1_111' title="bbox 1049 2437 1834 2474">
     <span class='ocr_line' id='line_1_111' title="bbox 1049 2437 1834 2474; baseline -0.004 -8"><span class='ocrx_word' id='word_1_801' title='bbox 1049 2447 1144 2474; x_wconf 82' lang='lat' dir='ltr'><strong>preces</strong></span> <span class='ocrx_word' id='word_1_802' title='bbox 1165 2438 1264 2465; x_wconf 77' lang='lat' dir='ltr'><strong>offerre</strong></span> <span class='ocrx_word' id='word_1_803' title='bbox 1285 2438 1383 2472; x_wconf 86' lang='lat' dir='ltr'><strong>possit.</strong></span> <span class='ocrx_word' id='word_1_804' title='bbox 1405 2437 1474 2464; x_wconf 82' lang='lat' dir='ltr'><strong>Eum</strong></span> <span class='ocrx_word' id='word_1_805' title='bbox 1492 2437 1577 2472; x_wconf 80' lang='lat' dir='ltr'><strong>igitur</strong></span> <span class='ocrx_word' id='word_1_806' title='bbox 1592 2438 1639 2472; x_wconf 87' lang='lat' dir='ltr'><strong>qui</strong></span> <span class='ocrx_word' id='word_1_807' title='bbox 1663 2437 1690 2464; x_wconf 91' lang='lat' dir='ltr'><strong>in</strong></span> <span class='ocrx_word' id='word_1_808' title='bbox 1708 2441 1762 2463; x_wconf 86' lang='lat' dir='ltr'><strong>tam</strong></span> <span class='ocrx_word' id='word_1_809' title='bbox 1787 2445 1834 2464; x_wconf 85' lang='lat' dir='ltr'><strong>su-</strong></span> 
     </span>
    </p>
   </div>
   <div class='ocr_carea' id='block_1_112' title="bbox 1050 2483 1834 2519">
    <p class='ocr_par' dir='ltr' id='par_1_112' title="bbox 1050 2483 1834 2519">
     <span class='ocr_line' id='line_1_112' title="bbox 1050 2483 1834 2519; baseline -0.004 -7"><span class='ocrx_word' id='word_1_810' title='bbox 1050 2485 1124 2512; x_wconf 88' lang='lat' dir='ltr'><strong>blimi</strong></span> <span class='ocrx_word' id='word_1_811' title='bbox 1141 2483 1314 2519; x_wconf 86' lang='lat' dir='ltr'><strong>philosophia</strong></span> <span class='ocrx_word' id='word_1_812' title='bbox 1332 2487 1435 2510; x_wconf 88' lang='lat' dir='ltr'><strong>tantam</strong></span> <span class='ocrx_word' id='word_1_813' title='bbox 1453 2484 1539 2509; x_wconf 85' lang='lat' dir='ltr'><strong>animi</strong></span> <span class='ocrx_word' id='word_1_814' title='bbox 1560 2483 1774 2510; x_wconf 87' lang='lat' dir='ltr'><strong>moderationem</strong></span> <span class='ocrx_word' id='word_1_815' title='bbox 1792 2490 1834 2509; x_wconf 89' lang='lat' dir='ltr'><strong>rc-</strong></span> 
     </span>
    </p>
   </div>
   <div class='ocr_carea' id='block_1_113' title="bbox 1049 2528 1834 2565">
    <p class='ocr_par' dir='ltr' id='par_1_113' title="bbox 1049 2528 1834 2565">
     <span class='ocr_line' id='line_1_113' title="bbox 1049 2528 1834 2565; baseline -0.004 -7"><span class='ocrx_word' id='word_1_816' title='bbox 1049 2533 1144 2562; x_wconf 83' lang='lat' dir='ltr'><strong>tineat,</strong></span> <span class='ocrx_word' id='word_1_817' title='bbox 1158 2530 1263 2565; x_wconf 75' lang='lat'><strong>1263</strong></span> <span class='ocrx_word' id='word_1_818' title='bbox 1273 2537 1397 2564; x_wconf 69' lang='lat' dir='ltr'><strong>quaenam</strong></span> <span class='ocrx_word' id='word_1_819' title='bbox 1413 2537 1461 2564; x_wconf 89' lang='lat' dir='ltr'><strong>pro</strong></span> <span class='ocrx_word' id='word_1_820' title='bbox 1476 2529 1609 2564; x_wconf 79' lang='lat' dir='ltr'><strong>dignitate</strong></span> <span class='ocrx_word' id='word_1_821' title='bbox 1621 2528 1733 2557; x_wconf 89' lang='lat' dir='ltr'><strong>laudare</strong></span> <span class='ocrx_word' id='word_1_822' title='bbox 1748 2529 1834 2564; x_wconf 88' lang='lat' dir='ltr'><strong>possit</strong></span> 
     </span>
    </p>
   </div>
   <div class='ocr_carea' id='block_1_114' title="bbox 1048 2573 1832 2604">
    <p class='ocr_par' dir='ltr' id='par_1_114' title="bbox 1048 2573 1832 2604">
     <span class='ocr_line' id='line_1_114' title="bbox 1048 2573 1832 2604; baseline -0.004 -2"><span class='ocrx_word' id='word_1_823' title='bbox 1048 2574 1153 2602; x_wconf 81' lang='lat' dir='ltr'><strong>oratio?</strong></span> <span class='ocrx_word' id='word_1_824' title='bbox 1180 2573 1334 2601; x_wconf 86' lang='lat' dir='ltr'><strong>Laborandi</strong></span> <span class='ocrx_word' id='word_1_825' title='bbox 1364 2573 1485 2600; x_wconf 89' lang='lat' dir='ltr'><strong>studium</strong></span> <span class='ocrx_word' id='word_1_826' title='bbox 1503 2574 1530 2600; x_wconf 91' lang='lat' dir='ltr'><strong>in</strong></span> <span class='ocrx_word' id='word_1_827' title='bbox 1547 2581 1581 2600; x_wconf 94' lang='lat' dir='ltr'><strong>co</strong></span> <span class='ocrx_word' id='word_1_828' title='bbox 1594 2578 1698 2600; x_wconf 90' lang='lat' dir='ltr'><strong>tantum</strong></span> <span class='ocrx_word' id='word_1_829' title='bbox 1717 2576 1758 2600; x_wconf 84' lang='lat' dir='ltr'><strong>est</strong></span> <span class='ocrx_word' id='word_1_830' title='bbox 1772 2594 1779 2604; x_wconf 85' lang='lat'>.</span> <span class='ocrx_word' id='word_1_831' title='bbox 1803 2578 1832 2599; x_wconf 90' lang='lat' dir='ltr'><strong>ut</strong></span> 
     </span>
    </p>
   </div>
   <div class='ocr_carea' id='block_1_115' title="bbox 1049 2618 1833 2655">
    <p class='ocr_par' dir='ltr' id='par_1_115' title="bbox 1049 2618 1833 2655">
     <span class='ocr_line' id='line_1_115' title="bbox 1049 2618 1833 2655; baseline -0.004 -7"><span class='ocrx_word' id='word_1_832' title='bbox 1049 2621 1131 2648; x_wconf 85' lang='lat' dir='ltr'><strong>nullis</strong></span> <span class='ocrx_word' id='word_1_833' title='bbox 1148 2619 1358 2655; x_wconf 56' lang='lat' dir='ltr'><strong>egritudinibus</strong></span> <span class='ocrx_word' id='word_1_834' title='bbox 1373 2618 1539 2654; x_wconf 78' lang='lat' dir='ltr'><strong>infringatur</strong></span> <span class='ocrx_word' id='word_1_835' title='bbox 1557 2629 1564 2646; x_wconf 91' lang='lat'>:</span> <span class='ocrx_word' id='word_1_836' title='bbox 1579 2618 1626 2646; x_wconf 84' lang='lat' dir='ltr'><strong>sed</strong></span> <span class='ocrx_word' id='word_1_837' title='bbox 1646 2619 1763 2646; x_wconf 85' lang='lat' dir='ltr'><strong>di\crsis</strong></span> <span class='ocrx_word' id='word_1_838' title='bbox 1784 2619 1833 2646; x_wconf 89' lang='lat' dir='ltr'><strong>oh-</strong></span> 
     </span>
    </p>
   </div>
   <div class='ocr_carea' id='block_1_116' title="bbox 1049 2663 1834 2694">
    <p class='ocr_par' dir='ltr' id='par_1_116' title="bbox 1049 2663 1834 2694">
     <span class='ocr_line' id='line_1_116' title="bbox 1049 2663 1834 2694; baseline -0.004 -1"><span class='ocrx_word' id='word_1_839' title='bbox 1049 2673 1143 2694; x_wconf 76' lang='lat' dir='ltr'><strong>sessus</strong></span> <span class='ocrx_word' id='word_1_840' title='bbox 1168 2665 1274 2693; x_wconf 79' lang='lat' dir='ltr'><strong>morbis</strong></span> <span class='ocrx_word' id='word_1_841' title='bbox 1309 2664 1420 2692; x_wconf 88' lang='lat' dir='ltr'><strong>eosdem</strong></span> <span class='ocrx_word' id='word_1_842' title='bbox 1451 2665 1559 2692; x_wconf 85' lang='lat' dir='ltr'><strong>labores</strong></span> <span class='ocrx_word' id='word_1_843' title='bbox 1585 2664 1715 2692; x_wconf 86' lang='lat' dir='ltr'><strong>sustinet.</strong></span> <span class='ocrx_word' id='word_1_844' title='bbox 1741 2663 1834 2691; x_wconf 79' lang='lat' dir='ltr'><strong>Multis</strong></span> 
     </span>
    </p>
   </div>
   <div class='ocr_carea' id='block_1_117' title="bbox 1048 2709 1834 2746">
    <p class='ocr_par' dir='ltr' id='par_1_117' title="bbox 1048 2709 1834 2746">
     <span class='ocr_line' id='line_1_117' title="bbox 1048 2709 1834 2746; baseline -0.009 -5"><span class='ocrx_word' id='word_1_845' title='bbox 1048 2718 1139 2742; x_wconf 89' lang='lat' dir='ltr'><strong>autcm</strong></span> <span class='ocrx_word' id='word_1_846' title='bbox 1157 2712 1232 2738; x_wconf 91' lang='lat' dir='ltr'><strong>illum</strong></span> <span class='ocrx_word' id='word_1_847' title='bbox 1263 2718 1335 2746; x_wconf 69' lang='lat' dir='ltr'><strong>stepe</strong></span> <span class='ocrx_word' id='word_1_848' title='bbox 1354 2710 1443 2738; x_wconf 85' lang='lat' dir='ltr'><strong>verbis</strong></span> <span class='ocrx_word' id='word_1_849' title='bbox 1463 2714 1589 2742; x_wconf 85' lang='lat' dir='ltr'><strong>orantes,</strong></span> <span class='ocrx_word' id='word_1_850' title='bbox 1619 2716 1690 2744; x_wconf 68' lang='lat' dir='ltr'><strong>argrc</strong></span> <span class='ocrx_word' id='word_1_851' title='bbox 1714 2709 1834 2735; x_wconf 86' lang='lat' dir='ltr'><strong>obtinui-</strong></span> 
     </span>
    </p>
   </div>
   <div class='ocr_carea' id='block_1_118' title="bbox 1049 2756 1835 2787">
    <p class='ocr_par' dir='ltr' id='par_1_118' title="bbox 1049 2756 1835 2787">
     <span class='ocr_line' id='line_1_118' title="bbox 1049 2756 1835 2787; baseline -0.009 0"><span class='ocrx_word' id='word_1_852' title='bbox 1049 2767 1110 2787; x_wconf 87' lang='lat' dir='ltr'><strong>mus</strong></span> <span class='ocrx_word' id='word_1_853' title='bbox 1127 2763 1157 2786; x_wconf 88' lang='grc' dir='ltr'><strong>ιιι</strong></span> <span class='ocrx_word' id='word_1_854' title='bbox 1174 2759 1246 2785; x_wconf 86' lang='lat' dir='ltr'><strong>haue</strong></span> <span class='ocrx_word' id='word_1_855' title='bbox 1264 2758 1301 2785; x_wconf 90' lang='lat' dir='ltr'><strong>illi</strong></span> <span class='ocrx_word' id='word_1_856' title='bbox 1321 2756 1516 2784; x_wconf 88' lang='lat' dir='ltr'><strong>domunculam</strong></span> <span class='ocrx_word' id='word_1_857' title='bbox 1532 2759 1738 2782; x_wconf 78' lang='lat' dir='ltr'><strong>exstruercmus</strong></span> <span class='ocrx_word' id='word_1_858' title='bbox 1750 2775 1756 2787; x_wconf 89' lang='lat'><strong>,</strong></span> <span class='ocrx_word' id='word_1_859' title='bbox 1776 2762 1835 2780; x_wconf 77' lang='lat' dir='ltr'><strong>cur-</strong></span> 
     </span>
    </p>
   </div>
   <div class='ocr_carea' id='block_1_119' title="bbox 1048 2801 1830 2840">
    <p class='ocr_par' dir='ltr' id='par_1_119' title="bbox 1048 2801 1830 2840">
     <span class='ocr_line' id='line_1_119' title="bbox 1048 2801 1830 2840; baseline -0.012 -7"><span class='ocrx_word' id='word_1_860' title='bbox 1048 2805 1108 2840; x_wconf 81' lang='lat' dir='ltr'><strong>pori</strong></span> <span class='ocrx_word' id='word_1_861' title='bbox 1127 2805 1209 2840; x_wconf 85' lang='lat' dir='ltr'><strong>plane</strong></span> <span class='ocrx_word' id='word_1_862' title='bbox 1232 2804 1332 2838; x_wconf 71' lang='lat' dir='ltr'><strong>rigenti</strong></span> <span class='ocrx_word' id='word_1_863' title='bbox 1356 2803 1473 2829; x_wconf 83' lang='lat' dir='ltr'><strong>calorem</strong></span> <span class='ocrx_word' id='word_1_864' title='bbox 1489 2801 1617 2835; x_wconf 78' lang='lat' dir='ltr'><strong>exiguum</strong></span> <span class='ocrx_word' id='word_1_865' title='bbox 1641 2803 1830 2834; x_wconf 63' lang='lat' dir='ltr'><strong>procurantes.</strong></span> 
     </span>
    </p>
   </div>
   <div class='ocr_carea' id='block_1_120' title="bbox 1050 2845 1830 2884">
    <p class='ocr_par' dir='ltr' id='par_1_120' title="bbox 1050 2845 1830 2884">
     <span class='ocr_line' id='line_1_120' title="bbox 1050 2845 1830 2884; baseline -0.01 -6"><span class='ocrx_word' id='word_1_866' title='bbox 1050 2852 1118 2879; x_wconf 80' lang='lat' dir='ltr'><strong>Huic</strong></span> <span class='ocrx_word' id='word_1_867' title='bbox 1134 2858 1231 2877; x_wconf 82' lang='lat' dir='ltr'><strong>aurum</strong></span> <span class='ocrx_word' id='word_1_868' title='bbox 1247 2857 1321 2884; x_wconf 62' lang='lat' dir='ltr'><strong>stupe</strong></span> <span class='ocrx_word' id='word_1_869' title='bbox 1333 2848 1409 2875; x_wconf 87' lang='lat' dir='ltr'><strong>multi</strong></span> <span class='ocrx_word' id='word_1_870' title='bbox 1425 2847 1467 2874; x_wconf 76' lang='lat' dir='ltr'><strong>vel</strong></span> <span class='ocrx_word' id='word_1_871' title='bbox 1482 2846 1646 2881; x_wconf 80' lang='lat' dir='ltr'><strong>superstites</strong></span> <span class='ocrx_word' id='word_1_872' title='bbox 1657 2845 1830 2875; x_wconf 79' lang='lat' dir='ltr'><strong>obtulerunt.</strong></span> 
     </span>
    </p>
   </div>
   <div class='ocr_carea' id='block_1_121' title="bbox 1050 2890 1837 2929">
    <p class='ocr_par' dir='ltr' id='par_1_121' title="bbox 1050 2890 1837 2929">
     <span class='ocr_line' id='line_1_121' title="bbox 1050 2890 1837 2929; baseline -0.011 -4"><span class='ocrx_word' id='word_1_873' title='bbox 1050 2898 1090 2925; x_wconf 81' lang='lat' dir='ltr'><strong>vel</strong></span> <span class='ocrx_word' id='word_1_874' title='bbox 1109 2897 1257 2923; x_wconf 81' lang='lat' dir='ltr'><strong>morientes</strong></span> <span class='ocrx_word' id='word_1_875' title='bbox 1279 2895 1460 2929; x_wconf 84' lang='lat' dir='ltr'><strong>reliquerunt.</strong></span> <span class='ocrx_word' id='word_1_876' title='bbox 1480 2893 1538 2927; x_wconf 87' lang='lat' dir='ltr'><strong>Ipse</strong></span> <span class='ocrx_word' id='word_1_877' title='bbox 1554 2899 1617 2919; x_wconf 80' lang='lat' dir='ltr'><strong>vero</strong></span> <span class='ocrx_word' id='word_1_878' title='bbox 1645 2890 1712 2918; x_wconf 83' lang='lat' dir='ltr'><strong>nihil</strong></span> <span class='ocrx_word' id='word_1_879' title='bbox 1729 2897 1742 2917; x_wconf 70' lang='grc' dir='ltr'><strong>ιι</strong></span> <span class='ocrx_word' id='word_1_880' title='bbox 1765 2897 1837 2925; x_wconf 87' lang='lat' dir='ltr'><strong>quo-</strong></span> 
     </span>
    </p>
   </div>
  </div>
