  <div class='ocr_page' id='page_1' title='image "/cluster/home/n/w/nwhite01/storage/ocr_20150623/82/njp.32101077772802/793.png"; bbox 0 0 2064 3120; ppageno 0'>
   <div class='ocr_carea' id='block_1_1' title="bbox 278 174 347 208">
    <p class='ocr_par' dir='ltr' id='par_1_1' title="bbox 278 174 347 208">
     <span class='ocr_line' id='line_1_1' title="bbox 278 174 347 208; baseline 0 -1"><span class='ocrx_word' id='word_1_1' title='bbox 278 174 347 208; x_wconf 69' lang='grc'><strong>1483</strong></span> 
     </span>
    </p>
   </div>
   <div class='ocr_carea' id='block_1_2' title="bbox 776 177 1401 213">
    <p class='ocr_par' dir='ltr' id='par_1_2' title="bbox 776 177 1401 213">
     <span class='ocr_line' id='line_1_2' title="bbox 776 177 1401 213; baseline 0.011 -7"><span class='ocrx_word' id='word_1_2' title='bbox 776 177 1019 208; x_wconf 86' lang='lat' dir='ltr'><strong>THEODORETI</strong></span> <span class='ocrx_word' id='word_1_3' title='bbox 1034 179 1203 210; x_wconf 87' lang='lat' dir='ltr'><strong>EPISCOPI</strong></span> <span class='ocrx_word' id='word_1_4' title='bbox 1218 181 1401 213; x_wconf 81' lang='lat' dir='ltr'><strong>CYRENSIS</strong></span> 
     </span>
    </p>
   </div>
   <div class='ocr_carea' id='block_1_3' title="bbox 1837 189 1908 223">
    <p class='ocr_par' dir='ltr' id='par_1_3' title="bbox 1837 189 1908 223">
     <span class='ocr_line' id='line_1_3' title="bbox 1837 189 1908 223; baseline 0.042 -3"><span class='ocrx_word' id='word_1_5' title='bbox 1837 189 1908 223; x_wconf 66' lang='lat' dir='ltr'><strong>14M</strong></span> 
     </span>
    </p>
   </div>
   <div class='ocr_carea' id='block_1_4' title="bbox 274 231 1050 279">
    <p class='ocr_par' dir='ltr' id='par_1_4' title="bbox 274 231 1047 268">
     <span class='ocr_line' id='line_1_4' title="bbox 274 231 1047 268; baseline 0.004 -10"><span class='ocrx_word' id='word_1_6' title='bbox 274 239 356 267; x_wconf 80' lang='lat' dir='ltr'><strong>quant</strong></span> <span class='ocrx_word' id='word_1_7' title='bbox 372 232 476 267; x_wconf 83' lang='lat' dir='ltr'><strong>accepit</strong></span> <span class='ocrx_word' id='word_1_8' title='bbox 496 239 632 268; x_wconf 85' lang='lat' dir='ltr'><strong>unquam,</strong></span> <span class='ocrx_word' id='word_1_9' title='bbox 649 231 696 260; x_wconf 87' lang='lat' dir='ltr'><strong>scd</strong></span> <span class='ocrx_word' id='word_1_10' title='bbox 718 239 813 260; x_wconf 90' lang='lat' dir='ltr'><strong>eorum</strong></span> <span class='ocrx_word' id='word_1_11' title='bbox 834 241 895 268; x_wconf 69' lang='lat' dir='ltr'><strong>quae</strong></span> <span class='ocrx_word' id='word_1_12' title='bbox 911 233 1047 261; x_wconf 85' lang='lat' dir='ltr'><strong>atl‘erebau</strong></span> 
     </span>
    </p>
   </div>
   <div class='ocr_carea' id='block_1_5' title="bbox 1103 231 1904 279">
    <p class='ocr_par' dir='ltr' id='par_1_5' title="bbox 1113 235 1904 279">
     <span class='ocr_line' id='line_1_5' title="bbox 1113 235 1904 279; baseline 0.013 -17"><span class='ocrx_word' id='word_1_13' title='bbox 1113 235 1205 263; x_wconf 78' lang='grc' dir='ltr'>πολλοὶ</span> <span class='ocrx_word' id='word_1_14' title='bbox 1218 237 1267 272; x_wconf 87' lang='grc' dir='ltr'>μὲν</span> <span class='ocrx_word' id='word_1_15' title='bbox 1279 237 1408 270; x_wconf 79' lang='grc' dir='ltr'><strong>πολλάκις</strong></span> <span class='ocrx_word' id='word_1_16' title='bbox 1421 238 1533 273; x_wconf 83' lang='grc' dir='ltr'>χρυσίον</span> <span class='ocrx_word' id='word_1_17' title='bbox 1545 240 1685 275; x_wconf 77' lang='grc' dir='ltr'><strong>περιόντες</strong></span> <span class='ocrx_word' id='word_1_18' title='bbox 1700 243 1904 279; x_wconf 75' lang='grc' dir='ltr'>προσήνεγκαν,</span> 
     </span>
    </p>
   </div>
   <div class='ocr_carea' id='block_1_6' title="bbox 273 278 1059 316">
    <p class='ocr_par' dir='ltr' id='par_1_6' title="bbox 273 278 1059 316">
     <span class='ocr_line' id='line_1_6' title="bbox 273 278 1059 316; baseline 0.004 -12"><span class='ocrx_word' id='word_1_19' title='bbox 273 283 318 306; x_wconf 92' lang='lat' dir='ltr'><strong>tur</strong></span> <span class='ocrx_word' id='word_1_20' title='bbox 333 278 539 314; x_wconf 71' lang='lat' dir='ltr'><strong>dispensatores</strong></span> <span class='ocrx_word' id='word_1_21' title='bbox 554 280 629 313; x_wconf 87' lang='lat' dir='ltr'><strong>ipsos</strong></span> <span class='ocrx_word' id='word_1_22' title='bbox 643 286 705 306; x_wconf 82' lang='lat' dir='ltr'><strong>esse</strong></span> <span class='ocrx_word' id='word_1_23' title='bbox 715 279 809 314; x_wconf 79' lang='lat' dir='ltr'><strong>jussit.</strong></span> <span class='ocrx_word' id='word_1_24' title='bbox 829 279 973 307; x_wconf 86' lang='lat' dir='ltr'><strong>Pelliceam</strong></span> <span class='ocrx_word' id='word_1_25' title='bbox 989 288 1059 316; x_wconf 90' lang='lat' dir='ltr'><strong>quo-</strong></span> 
     </span>
    </p>
   </div>
   <div class='ocr_carea' id='block_1_7' title="bbox 273 324 1059 361">
    <p class='ocr_par' dir='ltr' id='par_1_7' title="bbox 273 324 1059 361">
     <span class='ocr_line' id='line_1_7' title="bbox 273 324 1059 361; baseline 0.004 -10"><span class='ocrx_word' id='word_1_26' title='bbox 273 331 326 359; x_wconf 81' lang='lat' dir='ltr'><strong>que</strong></span> <span class='ocrx_word' id='word_1_27' title='bbox 342 328 445 352; x_wconf 77' lang='lat' dir='ltr'><strong>vestem</strong></span> <span class='ocrx_word' id='word_1_28' title='bbox 461 325 494 352; x_wconf 86' lang='lat' dir='ltr'><strong>ab</strong></span> <span class='ocrx_word' id='word_1_29' title='bbox 508 325 601 359; x_wconf 87' lang='lat' dir='ltr'><strong>aliquo</strong></span> <span class='ocrx_word' id='word_1_30' title='bbox 615 324 667 352; x_wconf 88' lang='lat' dir='ltr'><strong>sibi</strong></span> <span class='ocrx_word' id='word_1_31' title='bbox 682 325 791 352; x_wconf 83' lang='lat' dir='ltr'><strong>allatam</strong></span> <span class='ocrx_word' id='word_1_32' title='bbox 809 333 925 361; x_wconf 82' lang='lat' dir='ltr'><strong>magnus</strong></span> <span class='ocrx_word' id='word_1_33' title='bbox 939 325 1059 354; x_wconf 73' lang='lat' dir='ltr'><strong>Iacobus</strong></span> 
     </span>
    </p>
   </div>
   <div class='ocr_carea' id='block_1_8' title="bbox 272 370 1059 408">
    <p class='ocr_par' dir='ltr' id='par_1_8' title="bbox 272 370 1059 408">
     <span class='ocr_line' id='line_1_8' title="bbox 272 370 1059 408; baseline 0.003 -10"><span class='ocrx_word' id='word_1_34' title='bbox 272 370 306 398; x_wconf 87' lang='lat' dir='ltr'><strong>ad</strong></span> <span class='ocrx_word' id='word_1_35' title='bbox 323 378 386 398; x_wconf 89' lang='lat' dir='ltr'><strong>eum</strong></span> <span class='ocrx_word' id='word_1_36' title='bbox 399 371 473 399; x_wconf 91' lang='lat' dir='ltr'><strong>misit</strong></span> <span class='ocrx_word' id='word_1_37' title='bbox 486 379 492 396; x_wconf 75' lang='grc' dir='ltr'><strong>ι</strong></span> <span class='ocrx_word' id='word_1_38' title='bbox 512 371 559 398; x_wconf 88' lang='lat' dir='ltr'><strong>sed</strong></span> <span class='ocrx_word' id='word_1_39' title='bbox 573 371 643 399; x_wconf 77' lang='lat' dir='ltr'><strong>hanc.</strong></span> <span class='ocrx_word' id='word_1_40' title='bbox 654 371 811 399; x_wconf 91' lang='lat' dir='ltr'><strong>densiorem</strong></span> <span class='ocrx_word' id='word_1_41' title='bbox 823 376 851 400; x_wconf 91' lang='lat' dir='ltr'><strong>et</strong></span> <span class='ocrx_word' id='word_1_42' title='bbox 863 372 1059 408; x_wconf 73' lang='lat' dir='ltr'><strong>elegantiorem</strong></span> 
     </span>
    </p>
   </div>
   <div class='ocr_carea' id='block_1_9' title="bbox 270 415 1058 453">
    <p class='ocr_par' dir='ltr' id='par_1_9' title="bbox 270 415 1058 453">
     <span class='ocr_line' id='line_1_9' title="bbox 270 415 1058 453; baseline 0.001 -9"><span class='ocrx_word' id='word_1_43' title='bbox 270 424 332 444; x_wconf 87' lang='lat' dir='ltr'><strong>esse</strong></span> <span class='ocrx_word' id='word_1_44' title='bbox 347 417 521 444; x_wconf 83' lang='lat' dir='ltr'><strong>videns-mox</strong></span> <span class='ocrx_word' id='word_1_45' title='bbox 543 417 660 445; x_wconf 88' lang='lat' dir='ltr'><strong>remisit.</strong></span> <span class='ocrx_word' id='word_1_46' title='bbox 678 415 787 445; x_wconf 82' lang='lat' dir='ltr'><strong>Vilibus</strong></span> <span class='ocrx_word' id='word_1_47' title='bbox 802 417 875 445; x_wconf 86' lang='lat' dir='ltr'><strong>cnim</strong></span> <span class='ocrx_word' id='word_1_48' title='bbox 891 417 1058 453; x_wconf 81' lang='lat' dir='ltr'><strong>minimique</strong></span> 
     </span>
    </p>
   </div>
   <div class='ocr_carea' id='block_1_10' title="bbox 271 461 1058 498">
    <p class='ocr_par' dir='ltr' id='par_1_10' title="bbox 271 461 1058 498">
     <span class='ocr_line' id='line_1_10' title="bbox 271 461 1058 498; baseline 0.003 -10"><span class='ocrx_word' id='word_1_49' title='bbox 271 461 351 496; x_wconf 92' lang='lat' dir='ltr'><strong>pretii</strong></span> <span class='ocrx_word' id='word_1_50' title='bbox 376 462 546 489; x_wconf 77' lang='lat' dir='ltr'><strong>indumentis</strong></span> <span class='ocrx_word' id='word_1_51' title='bbox 567 469 674 497; x_wconf 86' lang='lat' dir='ltr'><strong>semper</strong></span> <span class='ocrx_word' id='word_1_52' title='bbox 698 470 766 489; x_wconf 89' lang='lat' dir='ltr'><strong>usus</strong></span> <span class='ocrx_word' id='word_1_53' title='bbox 790 467 842 489; x_wconf 84' lang='lat' dir='ltr'><strong>est.</strong></span> <span class='ocrx_word' id='word_1_54' title='bbox 865 461 1058 498; x_wconf 73' lang='lat' dir='ltr'><strong>Paupertatem</strong></span> 
     </span>
    </p>
   </div>
   <div class='ocr_carea' id='block_1_11' title="bbox 271 507 1060 543">
    <p class='ocr_par' dir='ltr' id='par_1_11' title="bbox 271 507 1060 543">
     <span class='ocr_line' id='line_1_11' title="bbox 271 507 1060 543; baseline 0.003 -9"><span class='ocrx_word' id='word_1_55' title='bbox 271 511 364 534; x_wconf 84' lang='lat' dir='ltr'><strong>autem</strong></span> <span class='ocrx_word' id='word_1_56' title='bbox 390 508 498 543; x_wconf 79' lang='lat' dir='ltr'><strong>magnis</strong></span> <span class='ocrx_word' id='word_1_57' title='bbox 519 508 618 543; x_wconf 90' lang='lat' dir='ltr'><strong>opibus</strong></span> <span class='ocrx_word' id='word_1_58' title='bbox 637 508 678 535; x_wconf 90' lang='lat' dir='ltr'><strong>sic</strong></span> <span class='ocrx_word' id='word_1_59' title='bbox 699 507 891 536; x_wconf 89' lang='lat' dir='ltr'><strong>amabiliorem</strong></span> <span class='ocrx_word' id='word_1_60' title='bbox 912 509 1005 541; x_wconf 91' lang='lat' dir='ltr'><strong>ducit,</strong></span> <span class='ocrx_word' id='word_1_61' title='bbox 1029 512 1060 536; x_wconf 89' lang='lat' dir='ltr'><strong>ut</strong></span> 
     </span>
    </p>
   </div>
   <div class='ocr_carea' id='block_1_12' title="bbox 270 553 1059 589">
    <p class='ocr_par' dir='ltr' id='par_1_12' title="bbox 270 553 1059 589">
     <span class='ocr_line' id='line_1_12' title="bbox 270 553 1059 589; baseline 0.003 -9"><span class='ocrx_word' id='word_1_62' title='bbox 270 561 322 581; x_wconf 87' lang='lat' dir='ltr'><strong>nec</strong></span> <span class='ocrx_word' id='word_1_63' title='bbox 341 553 503 582; x_wconf 86' lang='lat' dir='ltr'><strong>alimentum</strong></span> <span class='ocrx_word' id='word_1_64' title='bbox 528 554 716 582; x_wconf 83' lang='lat' dir='ltr'><strong>necessarium</strong></span> <span class='ocrx_word' id='word_1_65' title='bbox 739 561 848 589; x_wconf 83' lang='lat' dir='ltr'><strong>semper</strong></span> <span class='ocrx_word' id='word_1_66' title='bbox 865 554 973 582; x_wconf 88' lang='lat' dir='ltr'><strong>habeat.</strong></span> <span class='ocrx_word' id='word_1_67' title='bbox 995 553 1059 582; x_wconf 90' lang='lat' dir='ltr'><strong>Scio</strong></span> 
     </span>
    </p>
   </div>
   <div class='ocr_carea' id='block_1_13' title="bbox 268 600 1060 636">
    <p class='ocr_par' dir='ltr' id='par_1_13' title="bbox 268 600 1060 636">
     <span class='ocr_line' id='line_1_13' title="bbox 268 600 1060 636; baseline 0.003 -9"><span class='ocrx_word' id='word_1_68' title='bbox 268 600 353 632; x_wconf 81' lang='lat' dir='ltr'><strong>enim,</strong></span> <span class='ocrx_word' id='word_1_69' title='bbox 366 608 431 629; x_wconf 86' lang='lat' dir='ltr'><strong>cum</strong></span> <span class='ocrx_word' id='word_1_70' title='bbox 447 609 518 636; x_wconf 71' lang='lat' dir='ltr'><strong>saepe</strong></span> <span class='ocrx_word' id='word_1_71' title='bbox 534 601 567 628; x_wconf 86' lang='lat' dir='ltr'><strong>ad</strong></span> <span class='ocrx_word' id='word_1_72' title='bbox 585 601 661 628; x_wconf 89' lang='lat' dir='ltr'><strong>illum</strong></span> <span class='ocrx_word' id='word_1_73' title='bbox 676 601 846 636; x_wconf 66' lang='lat' dir='ltr'><strong>postulanda;</strong></span> <span class='ocrx_word' id='word_1_74' title='bbox 860 601 1060 630; x_wconf 77' lang='lat' dir='ltr'><strong>benedictionis</strong></span> 
     </span>
    </p>
   </div>
   <div class='ocr_carea' id='block_1_14' title="bbox 244 646 1059 682">
    <p class='ocr_par' dir='ltr' id='par_1_14' title="bbox 244 646 1059 682">
     <span class='ocr_line' id='line_1_14' title="bbox 244 646 1059 682; baseline 0.001 -9"><span class='ocrx_word' id='word_1_75' title='bbox 244 646 247 679; x_wconf 68' lang='grc' dir='ltr'><strong>ξ</strong></span> <span class='ocrx_word' id='word_1_76' title='bbox 267 646 357 682; x_wconf 73' lang='lat' dir='ltr'><strong>gratia</strong></span> <span class='ocrx_word' id='word_1_77' title='bbox 372 647 494 675; x_wconf 83' lang='lat' dir='ltr'><strong>venirem</strong></span> <span class='ocrx_word' id='word_1_78' title='bbox 504 667 512 680; x_wconf 92' lang='lat'><strong>,</strong></span> <span class='ocrx_word' id='word_1_79' title='bbox 525 647 603 675; x_wconf 83' lang='lat' dir='ltr'><strong>aliud</strong></span> <span class='ocrx_word' id='word_1_80' title='bbox 616 647 685 675; x_wconf 85' lang='lat' dir='ltr'><strong>nihil</strong></span> <span class='ocrx_word' id='word_1_81' title='bbox 700 653 800 682; x_wconf 63' lang='lat' dir='ltr'><strong>praeter</strong></span> <span class='ocrx_word' id='word_1_82' title='bbox 813 647 920 675; x_wconf 79' lang='lat' dir='ltr'><strong>caricas</strong></span> <span class='ocrx_word' id='word_1_83' title='bbox 931 647 1000 675; x_wconf 88' lang='lat' dir='ltr'><strong>duas</strong></span> <span class='ocrx_word' id='word_1_84' title='bbox 1017 648 1059 675; x_wconf 91' lang='lat' dir='ltr'><strong>in-</strong></span> 
     </span>
    </p>
   </div>
   <div class='ocr_carea' id='block_1_15' title="bbox 268 692 1056 729">
    <p class='ocr_par' dir='ltr' id='par_1_15' title="bbox 268 692 1056 729">
     <span class='ocr_line' id='line_1_15' title="bbox 268 692 1056 729; baseline 0.004 -10"><span class='ocrx_word' id='word_1_85' title='bbox 268 692 388 720; x_wconf 82' lang='lat' dir='ltr'><strong>venisse.</strong></span> <span class='ocrx_word' id='word_1_86' title='bbox 411 692 499 729; x_wconf 81' lang='lat' dir='ltr'><strong>llujus</strong></span> <span class='ocrx_word' id='word_1_87' title='bbox 515 694 568 721; x_wconf 85' lang='lat' dir='ltr'><strong>mel</strong></span> <span class='ocrx_word' id='word_1_88' title='bbox 588 697 615 720; x_wconf 87' lang='lat' dir='ltr'><strong>et</strong></span> <span class='ocrx_word' id='word_1_89' title='bbox 638 694 832 729; x_wconf 79' lang='lat' dir='ltr'><strong>spectantibus</strong></span> <span class='ocrx_word' id='word_1_90' title='bbox 853 694 975 729; x_wconf 84' lang='lat' dir='ltr'><strong>optabile</strong></span> <span class='ocrx_word' id='word_1_91' title='bbox 994 699 1056 727; x_wconf 83' lang='lat' dir='ltr'><strong>est,</strong></span> 
     </span>
    </p>
   </div>
   <div class='ocr_carea' id='block_1_16' title="bbox 267 737 1056 774">
    <p class='ocr_par' dir='ltr' id='par_1_16' title="bbox 267 737 1056 774">
     <span class='ocr_line' id='line_1_16' title="bbox 267 737 1056 774; baseline 0.003 -10"><span class='ocrx_word' id='word_1_92' title='bbox 267 741 294 764; x_wconf 82' lang='lat' dir='ltr'><strong>et</strong></span> <span class='ocrx_word' id='word_1_93' title='bbox 321 737 496 766; x_wconf 85' lang='lat' dir='ltr'><strong>audientibus</strong></span> <span class='ocrx_word' id='word_1_94' title='bbox 532 737 744 774; x_wconf 89' lang='lat' dir='ltr'><strong>perjucundum.</strong></span> <span class='ocrx_word' id='word_1_95' title='bbox 781 738 874 774; x_wconf 84' lang='lat' dir='ltr'><strong>Neque</strong></span> <span class='ocrx_word' id='word_1_96' title='bbox 917 739 1056 767; x_wconf 85' lang='lat' dir='ltr'><strong>hominem</strong></span> 
     </span>
    </p>
   </div>
   <div class='ocr_carea' id='block_1_17' title="bbox 266 785 1058 822">
    <p class='ocr_par' dir='ltr' id='par_1_17' title="bbox 266 785 1058 822">
     <span class='ocr_line' id='line_1_17' title="bbox 266 785 1058 822; baseline 0.003 -12"><span class='ocrx_word' id='word_1_97' title='bbox 266 785 392 818; x_wconf 81' lang='lat' dir='ltr'><strong>quamvis</strong></span> <span class='ocrx_word' id='word_1_98' title='bbox 407 785 613 813; x_wconf 80' lang='lat' dir='ltr'><strong>dicacissitnum</strong></span> <span class='ocrx_word' id='word_1_99' title='bbox 624 807 632 819; x_wconf 91' lang='lat'><strong>,</strong></span> <span class='ocrx_word' id='word_1_100' title='bbox 647 793 812 822; x_wconf 82' lang='lat' dir='ltr'><strong>quemquam</strong></span> <span class='ocrx_word' id='word_1_101' title='bbox 825 787 903 819; x_wconf 82' lang='lat' dir='ltr'><strong>novi,</strong></span> <span class='ocrx_word' id='word_1_102' title='bbox 931 786 979 821; x_wconf 84' lang='lat' dir='ltr'><strong>qui</strong></span> <span class='ocrx_word' id='word_1_103' title='bbox 996 785 1058 813; x_wconf 89' lang='lat' dir='ltr'><strong>huic</strong></span> 
     </span>
    </p>
   </div>
   <div class='ocr_carea' id='block_1_18' title="bbox 266 830 1055 867">
    <p class='ocr_par' dir='ltr' id='par_1_18' title="bbox 266 830 1055 867">
     <span class='ocr_line' id='line_1_18' title="bbox 266 830 1055 867; baseline 0 -9"><span class='ocrx_word' id='word_1_104' title='bbox 266 830 354 859; x_wconf 82' lang='lat' dir='ltr'><strong>labem</strong></span> <span class='ocrx_word' id='word_1_105' title='bbox 364 839 484 867; x_wconf 89' lang='lat' dir='ltr'><strong>unquam</strong></span> <span class='ocrx_word' id='word_1_106' title='bbox 498 832 659 867; x_wconf 83' lang='lat' dir='ltr'><strong>imposuerit</strong></span> <span class='ocrx_word' id='word_1_107' title='bbox 672 841 678 860; x_wconf 76' lang='grc' dir='ltr'><strong>ι</strong></span> <span class='ocrx_word' id='word_1_108' title='bbox 693 831 740 860; x_wconf 88' lang='lat' dir='ltr'><strong>sed</strong></span> <span class='ocrx_word' id='word_1_109' title='bbox 752 840 815 859; x_wconf 90' lang='lat' dir='ltr'><strong>eum</strong></span> <span class='ocrx_word' id='word_1_110' title='bbox 829 832 942 859; x_wconf 86' lang='lat' dir='ltr'><strong>laudant</strong></span> <span class='ocrx_word' id='word_1_111' title='bbox 955 836 1055 866; x_wconf 70' lang='lat' dir='ltr'><strong>etprre-</strong></span> 
     </span>
    </p>
   </div>
   <div class='ocr_carea' id='block_1_19' title="bbox 264 876 1058 912">
    <p class='ocr_par' dir='ltr' id='par_1_19' title="bbox 264 876 1058 912">
     <span class='ocr_line' id='line_1_19' title="bbox 264 876 1058 912; baseline 0 -8"><span class='ocrx_word' id='word_1_112' title='bbox 264 876 472 909; x_wconf 82' lang='lat' dir='ltr'><strong>dicantomnes.</strong></span> <span class='ocrx_word' id='word_1_113' title='bbox 480 882 508 905; x_wconf 84' lang='lat' dir='ltr'><strong>et</strong></span> <span class='ocrx_word' id='word_1_114' title='bbox 519 878 565 912; x_wconf 85' lang='lat' dir='ltr'><strong>qui</strong></span> <span class='ocrx_word' id='word_1_115' title='bbox 576 877 609 905; x_wconf 91' lang='lat' dir='ltr'><strong>ad</strong></span> <span class='ocrx_word' id='word_1_116' title='bbox 621 885 684 905; x_wconf 91' lang='lat' dir='ltr'><strong>eum</strong></span> <span class='ocrx_word' id='word_1_117' title='bbox 694 877 806 905; x_wconf 82' lang='lat' dir='ltr'><strong>veniunt</strong></span> <span class='ocrx_word' id='word_1_118' title='bbox 815 877 912 904; x_wconf 87' lang='lat' dir='ltr'><strong>nolunt</strong></span> <span class='ocrx_word' id='word_1_119' title='bbox 921 876 1058 904; x_wconf 83' lang='lat' dir='ltr'><strong>recedere.</strong></span> 
     </span>
    </p>
   </div>
   <div class='ocr_carea' id='block_1_20' title="bbox 1112 282 1904 320">
    <p class='ocr_par' dir='ltr' id='par_1_20' title="bbox 1112 282 1904 320">
     <span class='ocr_line' id='line_1_20' title="bbox 1112 282 1904 320; baseline 0.014 -13"><span class='ocrx_word' id='word_1_120' title='bbox 1112 282 1258 309; x_wconf 81' lang='grc' dir='ltr'><strong>κατέλιπον</strong></span> <span class='ocrx_word' id='word_1_121' title='bbox 1283 283 1311 310; x_wconf 86' lang='grc' dir='ltr'><strong>δὲ</strong></span> <span class='ocrx_word' id='word_1_122' title='bbox 1336 284 1384 310; x_wconf 77' lang='grc' dir='ltr'>καὶ</span> <span class='ocrx_word' id='word_1_123' title='bbox 1399 284 1611 320; x_wconf 71' lang='grc' dir='ltr'><strong>τελευτήσαντες</strong></span> <span class='ocrx_word' id='word_1_124' title='bbox 1622 296 1628 301; x_wconf 92' lang='grc'><strong>·</strong></span> <span class='ocrx_word' id='word_1_125' title='bbox 1655 287 1765 320; x_wconf 71' lang='grc' dir='ltr'>ἐδέξατο</span> <span class='ocrx_word' id='word_1_126' title='bbox 1782 290 1812 316; x_wconf 81' lang='grc' dir='ltr'><strong>δὲ</strong></span> <span class='ocrx_word' id='word_1_127' title='bbox 1829 291 1904 318; x_wconf 72' lang='grc' dir='ltr'>οὐδὲν</span> 
     </span>
    </p>
   </div>
   <div class='ocr_carea' id='block_1_21' title="bbox 1112 328 1904 371">
    <p class='ocr_par' dir='ltr' id='par_1_21' title="bbox 1112 328 1904 371">
     <span class='ocr_line' id='line_1_21' title="bbox 1112 328 1904 371; baseline 0.011 -17"><span class='ocrx_word' id='word_1_128' title='bbox 1112 328 1177 363; x_wconf 79' lang='grc' dir='ltr'>παρ’</span> <span class='ocrx_word' id='word_1_129' title='bbox 1189 329 1295 361; x_wconf 76' lang='grc' dir='ltr'>οὐδενὸς</span> <span class='ocrx_word' id='word_1_130' title='bbox 1318 329 1379 357; x_wconf 81' lang='grc' dir='ltr'><strong>οὐδὲ</strong></span> <span class='ocrx_word' id='word_1_131' title='bbox 1403 330 1513 358; x_wconf 84' lang='grc' dir='ltr'>πώποτε</span> <span class='ocrx_word' id='word_1_132' title='bbox 1524 339 1532 347; x_wconf 86' lang='grc'><em>’</em></span> <span class='ocrx_word' id='word_1_133' title='bbox 1545 332 1604 360; x_wconf 84' lang='grc' dir='ltr'>ἀλλ’</span> <span class='ocrx_word' id='word_1_134' title='bbox 1621 334 1720 366; x_wconf 72' lang='grc' dir='ltr'>αὐτοὺς</span> <span class='ocrx_word' id='word_1_135' title='bbox 1744 336 1904 371; x_wconf 73' lang='grc' dir='ltr'>οἰκονόμους</span> 
     </span>
    </p>
   </div>
   <div class='ocr_carea' id='block_1_22' title="bbox 1110 373 1902 413">
    <p class='ocr_par' dir='ltr' id='par_1_22' title="bbox 1110 373 1902 413">
     <span class='ocr_line' id='line_1_22' title="bbox 1110 373 1902 413; baseline 0.013 -14"><span class='ocrx_word' id='word_1_136' title='bbox 1110 373 1238 407; x_wconf 76' lang='grc' dir='ltr'>γενέσθαι</span> <span class='ocrx_word' id='word_1_137' title='bbox 1260 374 1314 401; x_wconf 84' lang='grc' dir='ltr'><strong>τῶν</strong></span> <span class='ocrx_word' id='word_1_138' title='bbox 1331 377 1562 413; x_wconf 81' lang='grc' dir='ltr'>προσφερομένων</span> <span class='ocrx_word' id='word_1_139' title='bbox 1582 379 1721 408; x_wconf 84' lang='grc' dir='ltr'>ἐκέλευσε.</span> <span class='ocrx_word' id='word_1_140' title='bbox 1748 382 1804 408; x_wconf 69' lang='grc' dir='ltr'><strong>Καὶ</strong></span> <span class='ocrx_word' id='word_1_141' title='bbox 1826 383 1902 409; x_wconf 76' lang='grc' dir='ltr'>σισύ-</span> 
     </span>
    </p>
   </div>
   <div class='ocr_carea' id='block_1_23' title="bbox 1110 421 1902 462">
    <p class='ocr_par' dir='ltr' id='par_1_23' title="bbox 1110 421 1902 462">
     <span class='ocr_line' id='line_1_23' title="bbox 1110 421 1902 462; baseline 0.008 -15"><span class='ocrx_word' id='word_1_142' title='bbox 1110 429 1162 456; x_wconf 87' lang='grc' dir='ltr'><strong>ραν</strong></span> <span class='ocrx_word' id='word_1_143' title='bbox 1172 421 1201 448; x_wconf 83' lang='grc' dir='ltr'><strong>δὲ</strong></span> <span class='ocrx_word' id='word_1_144' title='bbox 1213 421 1287 457; x_wconf 83' lang='grc' dir='ltr'>αὐτῷ</span> <span class='ocrx_word' id='word_1_145' title='bbox 1302 423 1316 449; x_wconf 88' lang='grc' dir='ltr'><strong>ό</strong></span> <span class='ocrx_word' id='word_1_146' title='bbox 1328 422 1416 458; x_wconf 83' lang='grc' dir='ltr'>μέγας</span> <span class='ocrx_word' id='word_1_147' title='bbox 1431 423 1560 456; x_wconf 81' lang='grc' dir='ltr'>Ἰάκωὸος</span> <span class='ocrx_word' id='word_1_148' title='bbox 1577 425 1629 452; x_wconf 80' lang='grc' dir='ltr'>ὑπό</span> <span class='ocrx_word' id='word_1_149' title='bbox 1643 434 1716 457; x_wconf 85' lang='grc' dir='ltr'>τινος</span> <span class='ocrx_word' id='word_1_150' title='bbox 1733 426 1809 462; x_wconf 76' lang='grc' dir='ltr'><strong>αὐτῷ</strong></span> <span class='ocrx_word' id='word_1_151' title='bbox 1825 435 1902 462; x_wconf 62' lang='grc' dir='ltr'>κομι-</span> 
     </span>
    </p>
   </div>
   <div class='ocr_carea' id='block_1_24' title="bbox 1111 467 1902 508">
    <p class='ocr_par' dir='ltr' id='par_1_24' title="bbox 1111 467 1902 508">
     <span class='ocr_line' id='line_1_24' title="bbox 1111 467 1902 508; baseline 0.009 -15"><span class='ocrx_word' id='word_1_152' title='bbox 1111 467 1220 494; x_wconf 80' lang='grc' dir='ltr'>σθεῖσαν</span> <span class='ocrx_word' id='word_1_153' title='bbox 1241 468 1417 496; x_wconf 84' lang='grc' dir='ltr'>ἀπέστειλεν·</span> <span class='ocrx_word' id='word_1_154' title='bbox 1435 469 1504 497; x_wconf 80' lang='grc' dir='ltr'>ἀλλὰ</span> <span class='ocrx_word' id='word_1_155' title='bbox 1527 471 1575 498; x_wconf 79' lang='grc' dir='ltr'>καὶ</span> <span class='ocrx_word' id='word_1_156' title='bbox 1602 471 1705 508; x_wconf 82' lang='grc' dir='ltr'>ταύτην</span> <span class='ocrx_word' id='word_1_157' title='bbox 1730 472 1902 508; x_wconf 76' lang='grc' dir='ltr'>ἀντέπεμψε,</span> 
     </span>
    </p>
   </div>
   <div class='ocr_carea' id='block_1_25' title="bbox 1111 513 1903 553">
    <p class='ocr_par' dir='ltr' id='par_1_25' title="bbox 1111 513 1903 553">
     <span class='ocr_line' id='line_1_25' title="bbox 1111 513 1903 553; baseline 0.008 -14"><span class='ocrx_word' id='word_1_158' title='bbox 1111 513 1314 549; x_wconf 85' lang='grc' dir='ltr'>στεγανωτέραν</span> <span class='ocrx_word' id='word_1_159' title='bbox 1332 515 1416 550; x_wconf 75' lang='grc' dir='ltr'>αὐτὴν</span> <span class='ocrx_word' id='word_1_160' title='bbox 1433 516 1481 542; x_wconf 59' lang='grc' dir='ltr'><strong>καὶ⁹</strong></span> <span class='ocrx_word' id='word_1_161' title='bbox 1497 516 1696 553; x_wconf 81' lang='grc' dir='ltr'>εὑεργεστέραν</span> <span class='ocrx_word' id='word_1_162' title='bbox 1721 517 1795 545; x_wconf 76' lang='grc' dir='ltr'><strong>ἰδών.</strong></span> <span class='ocrx_word' id='word_1_163' title='bbox 1818 518 1903 545; x_wconf 72' lang='grc' dir='ltr'>Εὐτε-</span> 
     </span>
    </p>
   </div>
   <div class='ocr_carea' id='block_1_26' title="bbox 1109 558 1902 599">
    <p class='ocr_par' dir='ltr' id='par_1_26' title="bbox 1109 558 1902 599">
     <span class='ocr_line' id='line_1_26' title="bbox 1109 558 1902 599; baseline 0.009 -15"><span class='ocrx_word' id='word_1_164' title='bbox 1109 558 1167 585; x_wconf 84' lang='grc' dir='ltr'>λέσι</span> <span class='ocrx_word' id='word_1_165' title='bbox 1181 558 1236 594; x_wconf 81' lang='grc' dir='ltr'><strong>γὰρ</strong></span> <span class='ocrx_word' id='word_1_166' title='bbox 1248 559 1307 586; x_wconf 83' lang='grc' dir='ltr'>λίαν</span> <span class='ocrx_word' id='word_1_167' title='bbox 1318 560 1366 587; x_wconf 78' lang='grc' dir='ltr'>καὶ</span> <span class='ocrx_word' id='word_1_168' title='bbox 1378 561 1488 594; x_wconf 83' lang='grc' dir='ltr'>εὐώνοις</span> <span class='ocrx_word' id='word_1_169' title='bbox 1500 562 1618 597; x_wconf 85' lang='grc' dir='ltr'>ίματίοις</span> <span class='ocrx_word' id='word_1_170' title='bbox 1632 563 1804 599; x_wconf 79' lang='grc' dir='ltr'><strong>κεχρημένος</strong></span> <span class='ocrx_word' id='word_1_171' title='bbox 1818 565 1902 592; x_wconf 75' lang='grc' dir='ltr'>διετέ-</span> 
     </span>
    </p>
   </div>
   <div class='ocr_carea' id='block_1_27' title="bbox 1109 602 1901 644">
    <p class='ocr_par' dir='ltr' id='par_1_27' title="bbox 1109 602 1901 644">
     <span class='ocr_line' id='line_1_27' title="bbox 1109 602 1901 644; baseline 0.009 -15"><span class='ocrx_word' id='word_1_172' title='bbox 1109 602 1160 631; x_wconf 86' lang='grc' dir='ltr'>λει,</span> <span class='ocrx_word' id='word_1_173' title='bbox 1179 603 1257 630; x_wconf 78' lang='grc' dir='ltr'>Οὕτω</span> <span class='ocrx_word' id='word_1_174' title='bbox 1270 604 1299 630; x_wconf 84' lang='grc' dir='ltr'><strong>δὲ</strong></span> <span class='ocrx_word' id='word_1_175' title='bbox 1315 605 1365 641; x_wconf 85' lang='grc' dir='ltr'>τὴν</span> <span class='ocrx_word' id='word_1_176' title='bbox 1381 607 1476 634; x_wconf 82' lang='grc' dir='ltr'>πενίαν</span> <span class='ocrx_word' id='word_1_177' title='bbox 1491 607 1582 643; x_wconf 78' lang='grc' dir='ltr'>πάσης</span> <span class='ocrx_word' id='word_1_178' title='bbox 1595 609 1806 644; x_wconf 73' lang='grc' dir='ltr'><strong>ἐρασμιωτέραν</strong></span> <span class='ocrx_word' id='word_1_179' title='bbox 1823 609 1901 644; x_wconf 60' lang='lat' dir='ltr'><strong>$1M-</strong></span> 
     </span>
    </p>
   </div>
   <div class='ocr_carea' id='block_1_28' title="bbox 1109 648 1902 691">
    <p class='ocr_par' dir='ltr' id='par_1_28' title="bbox 1109 648 1902 691">
     <span class='ocr_line' id='line_1_28' title="bbox 1109 648 1902 691; baseline 0.009 -16"><span class='ocrx_word' id='word_1_180' title='bbox 1109 648 1183 681; x_wconf 82' lang='grc' dir='ltr'>λείας</span> <span class='ocrx_word' id='word_1_181' title='bbox 1195 650 1297 685; x_wconf 82' lang='grc' dir='ltr'>ἠγεῖτο,</span> <span class='ocrx_word' id='word_1_182' title='bbox 1311 651 1350 684; x_wconf 80' lang='grc' dir='ltr'><strong>ὡς</strong></span> <span class='ocrx_word' id='word_1_183' title='bbox 1365 652 1433 688; x_wconf 83' lang='grc' dir='ltr'>μηδὲ</span> <span class='ocrx_word' id='word_1_184' title='bbox 1448 653 1497 689; x_wconf 81' lang='grc' dir='ltr'>τὴν</span> <span class='ocrx_word' id='word_1_185' title='bbox 1512 655 1664 688; x_wconf 77' lang='grc' dir='ltr'>ἀναγκαίαν</span> <span class='ocrx_word' id='word_1_186' title='bbox 1686 655 1758 690; x_wconf 81' lang='grc' dir='ltr'>ἔχειν</span> <span class='ocrx_word' id='word_1_187' title='bbox 1778 655 1823 682; x_wconf 74' lang='grc' dir='ltr'><strong>ἀεὶ</strong></span> <span class='ocrx_word' id='word_1_188' title='bbox 1838 664 1902 691; x_wconf 69' lang='grc' dir='ltr'>τρο·</span> 
     </span>
    </p>
   </div>
   <div class='ocr_carea' id='block_1_29' title="bbox 1110 692 1902 736">
    <p class='ocr_par' dir='ltr' id='par_1_29' title="bbox 1110 692 1902 736">
     <span class='ocr_line' id='line_1_29' title="bbox 1110 692 1902 736; baseline 0.01 -16"><span class='ocrx_word' id='word_1_189' title='bbox 1110 694 1173 729; x_wconf 80' lang='grc' dir='ltr'>φήν.</span> <span class='ocrx_word' id='word_1_190' title='bbox 1195 692 1261 723; x_wconf 81' lang='grc' dir='ltr'>υῐδα</span> <span class='ocrx_word' id='word_1_191' title='bbox 1284 697 1338 734; x_wconf 81' lang='grc' dir='ltr'><strong>γὰρ</strong></span> <span class='ocrx_word' id='word_1_192' title='bbox 1364 698 1493 731; x_wconf 74' lang='grc' dir='ltr'>πολλάκις</span> <span class='ocrx_word' id='word_1_193' title='bbox 1517 701 1693 736; x_wconf 82' lang='grc' dir='ltr'>ἀφικόμενος,</span> <span class='ocrx_word' id='word_1_194' title='bbox 1709 701 1756 727; x_wconf 77' lang='grc' dir='ltr'>καὶ</span> <span class='ocrx_word' id='word_1_195' title='bbox 1775 701 1902 736; x_wconf 76' lang='grc' dir='ltr'>εὐλογίαν</span> 
     </span>
    </p>
   </div>
   <div class='ocr_carea' id='block_1_30' title="bbox 1110 739 1902 782">
    <p class='ocr_par' dir='ltr' id='par_1_30' title="bbox 1110 739 1902 782">
     <span class='ocr_line' id='line_1_30' title="bbox 1110 739 1902 782; baseline 0.01 -16"><span class='ocrx_word' id='word_1_196' title='bbox 1110 739 1235 774; x_wconf 82' lang='grc' dir='ltr'>αἰτήσας,</span> <span class='ocrx_word' id='word_1_197' title='bbox 1251 743 1298 768; x_wconf 72' lang='grc' dir='ltr'><strong>καὶ</strong></span> <span class='ocrx_word' id='word_1_198' title='bbox 1312 742 1394 778; x_wconf 83' lang='grc' dir='ltr'>μηδὲν</span> <span class='ocrx_word' id='word_1_199' title='bbox 1411 743 1503 779; x_wconf 73' lang='grc' dir='ltr'>ἕτερον</span> <span class='ocrx_word' id='word_1_200' title='bbox 1517 745 1604 781; x_wconf 83' lang='grc' dir='ltr'>εὑρὼν</span> <span class='ocrx_word' id='word_1_201' title='bbox 1621 746 1637 782; x_wconf 78' lang='grc' dir='ltr'>ἢ</span> <span class='ocrx_word' id='word_1_202' title='bbox 1655 746 1702 773; x_wconf 76' lang='grc' dir='ltr'>δύο</span> <span class='ocrx_word' id='word_1_203' title='bbox 1724 747 1810 781; x_wconf 76' lang='grc' dir='ltr'>μόνας</span> <span class='ocrx_word' id='word_1_204' title='bbox 1825 747 1902 782; x_wconf 81' lang='grc' dir='ltr'>ἰσχά-</span> 
     </span>
    </p>
   </div>
   <div class='ocr_carea' id='block_1_31' title="bbox 1109 785 1902 829">
    <p class='ocr_par' dir='ltr' id='par_1_31' title="bbox 1109 785 1902 829">
     <span class='ocr_line' id='line_1_31' title="bbox 1109 785 1902 829; baseline 0.01 -18"><span class='ocrx_word' id='word_1_205' title='bbox 1109 785 1166 817; x_wconf 87' lang='grc' dir='ltr'>δας.</span> <span class='ocrx_word' id='word_1_206' title='bbox 1182 786 1283 814; x_wconf 78' lang='grc' dir='ltr'>Τούτου</span> <span class='ocrx_word' id='word_1_207' title='bbox 1295 788 1326 814; x_wconf 77' lang='grc' dir='ltr'>τὸ</span> <span class='ocrx_word' id='word_1_208' title='bbox 1347 788 1418 824; x_wconf 79' lang='grc' dir='ltr'>μέλι,</span> <span class='ocrx_word' id='word_1_209' title='bbox 1434 791 1481 818; x_wconf 81' lang='grc' dir='ltr'>καὶ</span> <span class='ocrx_word' id='word_1_210' title='bbox 1493 793 1550 823; x_wconf 86' lang='grc' dir='ltr'>τοῖς</span> <span class='ocrx_word' id='word_1_211' title='bbox 1563 792 1648 827; x_wconf 82' lang='grc' dir='ltr'>ὁρῶσι</span> <span class='ocrx_word' id='word_1_212' title='bbox 1664 793 1843 829; x_wconf 79' lang='grc' dir='ltr'>τριπόθητον,</span> <span class='ocrx_word' id='word_1_213' title='bbox 1855 793 1902 819; x_wconf 78' lang='grc' dir='ltr'>καὶ</span> 
     </span>
    </p>
   </div>
   <div class='ocr_carea' id='block_1_32' title="bbox 1110 831 1900 873">
    <p class='ocr_par' dir='ltr' id='par_1_32' title="bbox 1110 831 1900 873">
     <span class='ocr_line' id='line_1_32' title="bbox 1110 831 1900 873; baseline 0.011 -17"><span class='ocrx_word' id='word_1_214' title='bbox 1110 831 1165 863; x_wconf 86' lang='grc' dir='ltr'>τοῖς</span> <span class='ocrx_word' id='word_1_215' title='bbox 1182 831 1309 860; x_wconf 76' lang='grc' dir='ltr'>ἀκούουσι</span> <span class='ocrx_word' id='word_1_216' title='bbox 1325 833 1384 861; x_wconf 91' lang='grc' dir='ltr'>λίαν</span> <span class='ocrx_word' id='word_1_217' title='bbox 1407 835 1570 870; x_wconf 81' lang='grc' dir='ltr'>ἐπέραστον.</span> <span class='ocrx_word' id='word_1_218' title='bbox 1586 838 1688 864; x_wconf 80' lang='grc' dir='ltr'>Οὐδένα</span> <span class='ocrx_word' id='word_1_219' title='bbox 1710 839 1765 873; x_wconf 78' lang='grc' dir='ltr'>γὰρ</span> <span class='ocrx_word' id='word_1_220' title='bbox 1781 836 1842 864; x_wconf 74' lang='grc' dir='ltr'>οἶδα</span> <span class='ocrx_word' id='word_1_221' title='bbox 1854 838 1900 864; x_wconf 87' lang='grc' dir='ltr'>ἀν-</span> 
     </span>
    </p>
   </div>
   <div class='ocr_carea' id='block_1_33' title="bbox 1111 876 1901 920">
    <p class='ocr_par' dir='ltr' id='par_1_33' title="bbox 1111 876 1901 920">
     <span class='ocr_line' id='line_1_33' title="bbox 1111 876 1901 920; baseline 0.01 -17"><span class='ocrx_word' id='word_1_222' title='bbox 1111 876 1248 912; x_wconf 84' lang='grc' dir='ltr'>θρώπων,</span> <span class='ocrx_word' id='word_1_223' title='bbox 1267 879 1327 906; x_wconf 75' lang='grc' dir='ltr'>οὐδὲ</span> <span class='ocrx_word' id='word_1_224' title='bbox 1352 880 1406 908; x_wconf 80' lang='grc' dir='ltr'>τῶν</span> <span class='ocrx_word' id='word_1_225' title='bbox 1432 882 1530 918; x_wconf 79' lang='grc' dir='ltr'>κομιδῇ</span> <span class='ocrx_word' id='word_1_226' title='bbox 1555 883 1790 920; x_wconf 80' lang='grc' dir='ltr'>φιλοσκωμμόνων</span> <span class='ocrx_word' id='word_1_227' title='bbox 1814 883 1901 918; x_wconf 81' lang='grc' dir='ltr'>τούτῳ</span> 
     </span>
    </p>
   </div>
   <div class='ocr_carea' id='block_1_34' title="bbox 265 924 1902 965">
    <p class='ocr_par' dir='ltr' id='par_1_34' title="bbox 265 924 1902 965">
     <span class='ocr_line' id='line_1_34' title="bbox 265 924 1902 965; baseline 0.005 -14"><span class='ocrx_word' id='word_1_228' title='bbox 265 925 360 960; x_wconf 83' lang='grc' dir='ltr'>μῶμον</span> <span class='ocrx_word' id='word_1_229' title='bbox 380 925 569 952; x_wconf 81' lang='grc' dir='ltr'>ὲπιτεθεικότα</span> <span class='ocrx_word' id='word_1_230' title='bbox 583 925 702 953; x_wconf 85' lang='grc' dir='ltr'>πώποτε.</span> <span class='ocrx_word' id='word_1_231' title='bbox 731 925 810 954; x_wconf 51' lang='lat' dir='ltr'><strong>amt</strong></span> <span class='ocrx_word' id='word_1_232' title='bbox 835 925 936 957; x_wconf 77' lang='grc' dir='ltr'>πάντες</span> <span class='ocrx_word' id='word_1_233' title='bbox 958 924 1050 960; x_wconf 77' lang='grc' dir='ltr'>ᾄδουσι</span> <span class='ocrx_word' id='word_1_234' title='bbox 1065 925 1112 952; x_wconf 76' lang='grc' dir='ltr'>καὶ</span> <span class='ocrx_word' id='word_1_235' title='bbox 1128 925 1292 961; x_wconf 74' lang='grc' dir='ltr'>εὐφημοῦσι,</span> <span class='ocrx_word' id='word_1_236' title='bbox 1312 928 1358 954; x_wconf 70' lang='grc' dir='ltr'><strong>καὶ</strong></span> <span class='ocrx_word' id='word_1_237' title='bbox 1371 929 1435 964; x_wconf 87' lang='grc' dir='ltr'>παρ’</span> <span class='ocrx_word' id='word_1_238' title='bbox 1446 929 1528 956; x_wconf 69' lang='grc' dir='ltr'>αὑτὸν</span> <span class='ocrx_word' id='word_1_239' title='bbox 1551 931 1700 965; x_wconf 79' lang='grc' dir='ltr'>φοιτῶντες</span> <span class='ocrx_word' id='word_1_240' title='bbox 1719 932 1751 958; x_wconf 80' lang='grc' dir='ltr'>οὺ</span> <span class='ocrx_word' id='word_1_241' title='bbox 1778 932 1902 959; x_wconf 77' lang='grc' dir='ltr'>θέλουσιν</span> 
     </span>
    </p>
   </div>
   <div class='ocr_carea' id='block_1_35' title="bbox 263 971 490 1001">
    <p class='ocr_par' dir='ltr' id='par_1_35' title="bbox 263 971 490 1001">
     <span class='ocr_line' id='line_1_35' title="bbox 263 971 490 1001; baseline -0.009 -1"><span class='ocrx_word' id='word_1_242' title='bbox 263 971 414 1001; x_wconf 78' lang='grc' dir='ltr'>ἀπαλλάττε</span> <span class='ocrx_word' id='word_1_243' title='bbox 419 972 490 999; x_wconf 86' lang='grc' dir='ltr'>σθαι.</span> 
     </span>
    </p>
   </div>
   <div class='ocr_carea' id='block_1_36' title="bbox 472 1017 847 1046">
    <p class='ocr_par' dir='ltr' id='par_1_36' title="bbox 472 1017 847 1046">
     <span class='ocr_line' id='line_1_36' title="bbox 472 1017 847 1046; baseline -0.003 0"><span class='ocrx_word' id='word_1_244' title='bbox 472 1018 556 1046; x_wconf 76' lang='lat' dir='ltr'><strong>XXV.</strong></span> <span class='ocrx_word' id='word_1_245' title='bbox 567 1034 602 1038; x_wconf 98' lang='lat'><strong>—</strong></span> <span class='ocrx_word' id='word_1_246' title='bbox 619 1021 626 1029; x_wconf 89' lang='lat'>&#39;</span> <span class='ocrx_word' id='word_1_247' title='bbox 642 1017 847 1046; x_wconf 76' lang='lat' dir='ltr'><strong>ASCLEPIUS-</strong></span> 
     </span>
    </p>
   </div>
   <div class='ocr_carea' id='block_1_37' title="bbox 299 1062 1052 1101">
    <p class='ocr_par' dir='ltr' id='par_1_37' title="bbox 299 1062 1052 1101">
     <span class='ocr_line' id='line_1_37' title="bbox 299 1062 1052 1101; baseline -0.005 -9"><span class='ocrx_word' id='word_1_248' title='bbox 299 1065 421 1101; x_wconf 79' lang='lat' dir='ltr'><strong>Hujusce</strong></span> <span class='ocrx_word' id='word_1_249' title='bbox 434 1065 542 1092; x_wconf 86' lang='lat' dir='ltr'><strong>ordinis</strong></span> <span class='ocrx_word' id='word_1_250' title='bbox 563 1068 606 1092; x_wconf 88' lang='lat' dir='ltr'><strong>est</strong></span> <span class='ocrx_word' id='word_1_251' title='bbox 628 1064 806 1092; x_wconf 86' lang='lat' dir='ltr'><strong>admirandus</strong></span> <span class='ocrx_word' id='word_1_252' title='bbox 830 1070 940 1098; x_wconf 88' lang='lat' dir='ltr'><strong>quoque</strong></span> <span class='ocrx_word' id='word_1_253' title='bbox 959 1062 1052 1089; x_wconf 80' lang='lat' dir='ltr'><strong>Ascle-</strong></span> 
     </span>
    </p>
   </div>
   <div class='ocr_carea' id='block_1_38' title="bbox 263 1108 1052 1146">
    <p class='ocr_par' dir='ltr' id='par_1_38' title="bbox 263 1108 1052 1146">
     <span class='ocr_line' id='line_1_38' title="bbox 263 1108 1052 1146; baseline -0.005 -8"><span class='ocrx_word' id='word_1_254' title='bbox 263 1111 326 1146; x_wconf 83' lang='lat' dir='ltr'><strong>pius</strong></span> <span class='ocrx_word' id='word_1_255' title='bbox 341 1131 348 1144; x_wconf 89' lang='lat'><strong>,</strong></span> <span class='ocrx_word' id='word_1_256' title='bbox 368 1109 467 1138; x_wconf 87' lang='lat' dir='ltr'><strong>stadiis</strong></span> <span class='ocrx_word' id='word_1_257' title='bbox 476 1111 569 1137; x_wconf 88' lang='lat' dir='ltr'><strong>decem</strong></span> <span class='ocrx_word' id='word_1_258' title='bbox 584 1110 693 1137; x_wconf 81' lang='lat' dir='ltr'><strong>distans</strong></span> <span class='ocrx_word' id='word_1_259' title='bbox 704 1129 711 1141; x_wconf 87' lang='lat'><strong><em>,</em></strong></span> <span class='ocrx_word' id='word_1_260' title='bbox 726 1109 775 1137; x_wconf 88' lang='lat' dir='ltr'><strong>sed</strong></span> <span class='ocrx_word' id='word_1_261' title='bbox 793 1109 889 1136; x_wconf 86' lang='lat' dir='ltr'><strong>eodem</strong></span> <span class='ocrx_word' id='word_1_262' title='bbox 901 1109 995 1136; x_wconf 86' lang='lat' dir='ltr'><strong>vivens</strong></span> <span class='ocrx_word' id='word_1_263' title='bbox 1009 1108 1052 1134; x_wconf 87' lang='lat' dir='ltr'><strong>in-</strong></span> 
     </span>
    </p>
   </div>
   <div class='ocr_carea' id='block_1_39' title="bbox 263 1157 1054 1189">
    <p class='ocr_par' dir='ltr' id='par_1_39' title="bbox 263 1157 1054 1189">
     <span class='ocr_line' id='line_1_39' title="bbox 263 1157 1054 1189; baseline -0.003 -4"><span class='ocrx_word' id='word_1_264' title='bbox 263 1159 372 1186; x_wconf 86' lang='lat' dir='ltr'><strong>stituto.</strong></span> <span class='ocrx_word' id='word_1_265' title='bbox 393 1157 461 1184; x_wconf 80' lang='lat' dir='ltr'><strong>Nam</strong></span> <span class='ocrx_word' id='word_1_266' title='bbox 485 1161 514 1185; x_wconf 86' lang='lat' dir='ltr'><strong>et</strong></span> <span class='ocrx_word' id='word_1_267' title='bbox 534 1157 613 1184; x_wconf 89' lang='lat' dir='ltr'><strong>cibus</strong></span> <span class='ocrx_word' id='word_1_268' title='bbox 637 1157 707 1184; x_wconf 88' lang='lat' dir='ltr'><strong>idem</strong></span> <span class='ocrx_word' id='word_1_269' title='bbox 732 1157 792 1189; x_wconf 91' lang='lat' dir='ltr'><strong>illi,</strong></span> <span class='ocrx_word' id='word_1_270' title='bbox 814 1161 842 1184; x_wconf 87' lang='lat' dir='ltr'><strong>et</strong></span> <span class='ocrx_word' id='word_1_271' title='bbox 868 1157 1004 1188; x_wconf 88' lang='lat' dir='ltr'><strong>vestitus,</strong></span> <span class='ocrx_word' id='word_1_272' title='bbox 1027 1162 1054 1183; x_wconf 92' lang='lat' dir='ltr'><strong>et</strong></span> 
     </span>
    </p>
   </div>
   <div class='ocr_carea' id='block_1_40' title="bbox 263 1203 1054 1239">
    <p class='ocr_par' dir='ltr' id='par_1_40' title="bbox 263 1203 1054 1239">
     <span class='ocr_line' id='line_1_40' title="bbox 263 1203 1054 1239; baseline -0.001 -8"><span class='ocrx_word' id='word_1_273' title='bbox 263 1212 370 1232; x_wconf 86' lang='lat' dir='ltr'><strong>morum</strong></span> <span class='ocrx_word' id='word_1_274' title='bbox 390 1204 525 1232; x_wconf 84' lang='lat' dir='ltr'><strong>modestia</strong></span> <span class='ocrx_word' id='word_1_275' title='bbox 536 1225 543 1237; x_wconf 91' lang='lat'>,</span> <span class='ocrx_word' id='word_1_276' title='bbox 560 1209 587 1232; x_wconf 88' lang='lat' dir='ltr'><strong>et</strong></span> <span class='ocrx_word' id='word_1_277' title='bbox 605 1204 743 1239; x_wconf 91' lang='lat' dir='ltr'><strong>hospitum</strong></span> <span class='ocrx_word' id='word_1_278' title='bbox 757 1211 841 1236; x_wconf 87' lang='lat' dir='ltr'><strong>cura,</strong></span> <span class='ocrx_word' id='word_1_279' title='bbox 861 1208 888 1230; x_wconf 87' lang='lat' dir='ltr'><strong>et</strong></span> <span class='ocrx_word' id='word_1_280' title='bbox 905 1211 982 1230; x_wconf 90' lang='lat' dir='ltr'><strong>amor</strong></span> <span class='ocrx_word' id='word_1_281' title='bbox 998 1203 1054 1230; x_wconf 79' lang='lat' dir='ltr'><strong>fra-</strong></span> 
     </span>
    </p>
   </div>
   <div class='ocr_carea' id='block_1_41' title="bbox 262 1248 1053 1284">
    <p class='ocr_par' dir='ltr' id='par_1_41' title="bbox 262 1248 1053 1284">
     <span class='ocr_line' id='line_1_41' title="bbox 262 1248 1053 1284; baseline -0.003 -8"><span class='ocrx_word' id='word_1_282' title='bbox 262 1255 355 1282; x_wconf 84' lang='lat' dir='ltr'><strong>trum,</strong></span> <span class='ocrx_word' id='word_1_283' title='bbox 371 1249 528 1284; x_wconf 83' lang='lat' dir='ltr'><strong>lenitasque</strong></span> <span class='ocrx_word' id='word_1_284' title='bbox 553 1254 581 1276; x_wconf 88' lang='lat' dir='ltr'><strong>et</strong></span> <span class='ocrx_word' id='word_1_285' title='bbox 599 1248 784 1276; x_wconf 84' lang='lat' dir='ltr'><strong>mansuetudo</strong></span> <span class='ocrx_word' id='word_1_286' title='bbox 799 1268 806 1280; x_wconf 73' lang='grc'><strong>.</strong></span> <span class='ocrx_word' id='word_1_287' title='bbox 827 1252 854 1275; x_wconf 91' lang='lat' dir='ltr'><strong>et</strong></span> <span class='ocrx_word' id='word_1_288' title='bbox 878 1249 1053 1275; x_wconf 82' lang='lat' dir='ltr'><strong>conversatio</strong></span> 
     </span>
    </p>
   </div>
   <div class='ocr_carea' id='block_1_42' title="bbox 262 1293 1052 1330">
    <p class='ocr_par' dir='ltr' id='par_1_42' title="bbox 262 1293 1052 1330">
     <span class='ocr_line' id='line_1_42' title="bbox 262 1293 1052 1330; baseline -0.001 -8"><span class='ocrx_word' id='word_1_289' title='bbox 262 1303 326 1322; x_wconf 87' lang='lat' dir='ltr'><strong>cum</strong></span> <span class='ocrx_word' id='word_1_290' title='bbox 349 1294 423 1327; x_wconf 83' lang='lat' dir='ltr'><strong>Deo,</strong></span> <span class='ocrx_word' id='word_1_291' title='bbox 446 1299 473 1322; x_wconf 88' lang='lat' dir='ltr'><strong>et</strong></span> <span class='ocrx_word' id='word_1_292' title='bbox 497 1302 604 1323; x_wconf 78' lang='lat' dir='ltr'><strong>smtma</strong></span> <span class='ocrx_word' id='word_1_293' title='bbox 624 1299 771 1330; x_wconf 77' lang='lat' dir='ltr'><strong>paupertas</strong></span> <span class='ocrx_word' id='word_1_294' title='bbox 789 1302 795 1320; x_wconf 90' lang='lat'><strong>:</strong></span> <span class='ocrx_word' id='word_1_295' title='bbox 814 1293 922 1329; x_wconf 62' lang='grc'><strong>1264</strong></span> <span class='ocrx_word' id='word_1_296' title='bbox 943 1293 1052 1321; x_wconf 85' lang='lat' dir='ltr'><strong>virtutis</strong></span> 
     </span>
    </p>
   </div>
   <div class='ocr_carea' id='block_1_43' title="bbox 262 1340 1052 1376">
    <p class='ocr_par' dir='ltr' id='par_1_43' title="bbox 262 1340 1052 1376">
     <span class='ocr_line' id='line_1_43' title="bbox 262 1340 1052 1376; baseline -0.001 -8"><span class='ocrx_word' id='word_1_297' title='bbox 262 1345 363 1376; x_wconf 62' lang='lat' dir='ltr'><strong>praeter</strong></span> <span class='ocrx_word' id='word_1_298' title='bbox 383 1341 441 1369; x_wconf 68' lang='lat' dir='ltr'><strong>haec</strong></span> <span class='ocrx_word' id='word_1_299' title='bbox 457 1341 596 1368; x_wconf 82' lang='lat' dir='ltr'><strong>allluentia</strong></span> <span class='ocrx_word' id='word_1_300' title='bbox 609 1361 616 1373; x_wconf 88' lang='lat'><strong>,</strong></span> <span class='ocrx_word' id='word_1_301' title='bbox 633 1345 662 1368; x_wconf 87' lang='lat' dir='ltr'><strong>et</strong></span> <span class='ocrx_word' id='word_1_302' title='bbox 678 1349 744 1376; x_wconf 89' lang='lat' dir='ltr'><strong>opes</strong></span> <span class='ocrx_word' id='word_1_303' title='bbox 764 1341 944 1376; x_wconf 76' lang='lat' dir='ltr'><strong>philosophire</strong></span> <span class='ocrx_word' id='word_1_304' title='bbox 955 1361 962 1372; x_wconf 87' lang='lat'><strong><em>,</em></strong></span> <span class='ocrx_word' id='word_1_305' title='bbox 985 1340 1052 1367; x_wconf 85' lang='lat' dir='ltr'><strong>alia-</strong></span> 
     </span>
    </p>
   </div>
   <div class='ocr_carea' id='block_1_44' title="bbox 262 1386 1049 1422">
    <p class='ocr_par' dir='ltr' id='par_1_44' title="bbox 262 1386 1049 1422">
     <span class='ocr_line' id='line_1_44' title="bbox 262 1386 1049 1422; baseline -0.003 -7"><span class='ocrx_word' id='word_1_306' title='bbox 262 1394 317 1422; x_wconf 87' lang='lat' dir='ltr'><strong>que</strong></span> <span class='ocrx_word' id='word_1_307' title='bbox 335 1388 429 1415; x_wconf 84' lang='lat' dir='ltr'><strong>omnia</strong></span> <span class='ocrx_word' id='word_1_308' title='bbox 445 1394 507 1422; x_wconf 71' lang='lat' dir='ltr'><strong>quze</strong></span> <span class='ocrx_word' id='word_1_309' title='bbox 522 1386 556 1414; x_wconf 83' lang='lat' dir='ltr'><strong>de</strong></span> <span class='ocrx_word' id='word_1_310' title='bbox 568 1394 650 1414; x_wconf 86' lang='lat' dir='ltr'><strong>sacro</strong></span> <span class='ocrx_word' id='word_1_311' title='bbox 666 1387 714 1414; x_wconf 91' lang='lat' dir='ltr'><strong>illo</strong></span> <span class='ocrx_word' id='word_1_312' title='bbox 734 1387 824 1421; x_wconf 88' lang='lat' dir='ltr'><strong>capite</strong></span> <span class='ocrx_word' id='word_1_313' title='bbox 849 1387 1049 1414; x_wconf 82' lang='lat' dir='ltr'><strong>recensuimus.</strong></span> 
     </span>
    </p>
   </div>
   <div class='ocr_carea' id='block_1_45' title="bbox 261 1432 1051 1465">
    <p class='ocr_par' dir='ltr' id='par_1_45' title="bbox 261 1432 1051 1465">
     <span class='ocr_line' id='line_1_45' title="bbox 261 1432 1051 1465; baseline -0.003 -5"><span class='ocrx_word' id='word_1_314' title='bbox 261 1432 366 1460; x_wconf 81' lang='lat' dir='ltr'><strong>Ferunt</strong></span> <span class='ocrx_word' id='word_1_315' title='bbox 389 1436 480 1460; x_wconf 89' lang='lat' dir='ltr'><strong>autem</strong></span> <span class='ocrx_word' id='word_1_316' title='bbox 507 1433 585 1460; x_wconf 89' lang='lat' dir='ltr'><strong>illum</strong></span> <span class='ocrx_word' id='word_1_317' title='bbox 604 1437 662 1459; x_wconf 93' lang='lat' dir='ltr'><strong>tum</strong></span> <span class='ocrx_word' id='word_1_318' title='bbox 678 1432 782 1465; x_wconf 88' lang='lat' dir='ltr'><strong>ctiam,</strong></span> <span class='ocrx_word' id='word_1_319' title='bbox 804 1439 867 1459; x_wconf 88' lang='lat' dir='ltr'><strong>cum</strong></span> <span class='ocrx_word' id='word_1_320' title='bbox 880 1432 914 1459; x_wconf 88' lang='lat' dir='ltr'><strong>de</strong></span> <span class='ocrx_word' id='word_1_321' title='bbox 937 1439 1051 1459; x_wconf 89' lang='lat' dir='ltr'><strong>numero</strong></span> 
     </span>
    </p>
   </div>
   <div class='ocr_carea' id='block_1_46' title="bbox 261 1478 1052 1514">
    <p class='ocr_par' dir='ltr' id='par_1_46' title="bbox 261 1478 1052 1514">
     <span class='ocr_line' id='line_1_46' title="bbox 261 1478 1052 1514; baseline -0.003 -8"><span class='ocrx_word' id='word_1_322' title='bbox 261 1483 337 1506; x_wconf 83' lang='lat' dir='ltr'><strong>esset</strong></span> <span class='ocrx_word' id='word_1_323' title='bbox 353 1479 401 1514; x_wconf 87' lang='lat' dir='ltr'><strong>qui</strong></span> <span class='ocrx_word' id='word_1_324' title='bbox 419 1479 446 1506; x_wconf 91' lang='lat' dir='ltr'><strong>in</strong></span> <span class='ocrx_word' id='word_1_325' title='bbox 463 1479 524 1506; x_wconf 87' lang='lat' dir='ltr'><strong>vico</strong></span> <span class='ocrx_word' id='word_1_326' title='bbox 543 1479 690 1512; x_wconf 84' lang='lat' dir='ltr'><strong>habitant,</strong></span> <span class='ocrx_word' id='word_1_327' title='bbox 705 1479 854 1507; x_wconf 78' lang='lat' dir='ltr'><strong>asceticam</strong></span> <span class='ocrx_word' id='word_1_328' title='bbox 875 1482 902 1505; x_wconf 89' lang='lat' dir='ltr'><strong>et</strong></span> <span class='ocrx_word' id='word_1_329' title='bbox 926 1478 1052 1505; x_wconf 77' lang='lat' dir='ltr'><strong>modera-</strong></span> 
     </span>
    </p>
   </div>
   <div class='ocr_carea' id='block_1_47' title="bbox 261 1524 1050 1560">
    <p class='ocr_par' dir='ltr' id='par_1_47' title="bbox 261 1524 1050 1560">
     <span class='ocr_line' id='line_1_47' title="bbox 261 1524 1050 1560; baseline -0.001 -9"><span class='ocrx_word' id='word_1_330' title='bbox 261 1529 318 1551; x_wconf 89' lang='lat' dir='ltr'><strong>tam</strong></span> <span class='ocrx_word' id='word_1_331' title='bbox 337 1525 420 1552; x_wconf 82' lang='lat' dir='ltr'><strong>vitain</strong></span> <span class='ocrx_word' id='word_1_332' title='bbox 438 1525 544 1559; x_wconf 74' lang='lat' dir='ltr'><strong>egisse,</strong></span> <span class='ocrx_word' id='word_1_333' title='bbox 563 1526 724 1560; x_wconf 81' lang='lat' dir='ltr'><strong>nullamque</strong></span> <span class='ocrx_word' id='word_1_334' title='bbox 739 1533 772 1552; x_wconf 85' lang='lat' dir='ltr'><strong>ex</strong></span> <span class='ocrx_word' id='word_1_335' title='bbox 795 1524 914 1551; x_wconf 83' lang='lat' dir='ltr'><strong>aliorum</strong></span> <span class='ocrx_word' id='word_1_336' title='bbox 939 1531 1050 1551; x_wconf 84' lang='lat' dir='ltr'><strong>consor-</strong></span> 
     </span>
    </p>
   </div>
   <div class='ocr_carea' id='block_1_48' title="bbox 260 1570 1049 1606">
    <p class='ocr_par' dir='ltr' id='par_1_48' title="bbox 260 1570 1049 1606">
     <span class='ocr_line' id='line_1_48' title="bbox 260 1570 1049 1606; baseline 0 -10"><span class='ocrx_word' id='word_1_337' title='bbox 260 1570 301 1597; x_wconf 90' lang='lat' dir='ltr'><strong>tio</strong></span> <span class='ocrx_word' id='word_1_338' title='bbox 316 1571 453 1597; x_wconf 81' lang='lat' dir='ltr'><strong>maculam</strong></span> <span class='ocrx_word' id='word_1_339' title='bbox 468 1572 653 1598; x_wconf 66' lang='lat' dir='ltr'><strong>contraxisse.</strong></span> <span class='ocrx_word' id='word_1_340' title='bbox 681 1571 759 1598; x_wconf 90' lang='lat' dir='ltr'><strong>Unde</strong></span> <span class='ocrx_word' id='word_1_341' title='bbox 783 1571 830 1606; x_wconf 88' lang='lat' dir='ltr'><strong>qui</strong></span> <span class='ocrx_word' id='word_1_342' title='bbox 857 1574 974 1604; x_wconf 85' lang='lat' dir='ltr'><strong>utraque</strong></span> <span class='ocrx_word' id='word_1_343' title='bbox 994 1570 1049 1596; x_wconf 85' lang='lat' dir='ltr'><strong>vita</strong></span> 
     </span>
    </p>
   </div>
   <div class='ocr_carea' id='block_1_49' title="bbox 260 1615 1049 1651">
    <p class='ocr_par' dir='ltr' id='par_1_49' title="bbox 260 1615 1049 1651">
     <span class='ocr_line' id='line_1_49' title="bbox 260 1615 1049 1651; baseline 0 -9"><span class='ocrx_word' id='word_1_344' title='bbox 260 1619 318 1642; x_wconf 91' lang='lat' dir='ltr'><strong>tum</strong></span> <span class='ocrx_word' id='word_1_345' title='bbox 337 1615 410 1642; x_wconf 84' lang='lat' dir='ltr'><strong>civili</strong></span> <span class='ocrx_word' id='word_1_346' title='bbox 425 1621 481 1642; x_wconf 88' lang='lat' dir='ltr'><strong>tum</strong></span> <span class='ocrx_word' id='word_1_347' title='bbox 500 1617 622 1644; x_wconf 86' lang='lat' dir='ltr'><strong>solitaria</strong></span> <span class='ocrx_word' id='word_1_348' title='bbox 642 1617 786 1649; x_wconf 79' lang='lat' dir='ltr'><strong>excelluit,</strong></span> <span class='ocrx_word' id='word_1_349' title='bbox 806 1616 930 1651; x_wconf 82' lang='lat' dir='ltr'><strong>duplices</strong></span> <span class='ocrx_word' id='word_1_350' title='bbox 953 1615 1049 1643; x_wconf 87' lang='lat' dir='ltr'><strong>merito</strong></span> 
     </span>
    </p>
   </div>
   <div class='ocr_carea' id='block_1_50' title="bbox 260 1659 1048 1696">
    <p class='ocr_par' dir='ltr' id='par_1_50' title="bbox 260 1659 1048 1696">
     <span class='ocr_line' id='line_1_50' title="bbox 260 1659 1048 1696; baseline -0.003 -9"><span class='ocrx_word' id='word_1_351' title='bbox 260 1668 379 1688; x_wconf 85' lang='lat' dir='ltr'><strong>coronas</strong></span> <span class='ocrx_word' id='word_1_352' title='bbox 395 1661 520 1696; x_wconf 85' lang='lat' dir='ltr'><strong>recipiet.</strong></span> <span class='ocrx_word' id='word_1_353' title='bbox 538 1661 615 1688; x_wconf 80' lang='lat' dir='ltr'><strong>Multi</strong></span> <span class='ocrx_word' id='word_1_354' title='bbox 637 1669 720 1696; x_wconf 92' lang='lat' dir='ltr'><strong>porro</strong></span> <span class='ocrx_word' id='word_1_355' title='bbox 735 1665 763 1688; x_wconf 90' lang='lat' dir='ltr'><strong>et</strong></span> <span class='ocrx_word' id='word_1_356' title='bbox 783 1660 828 1687; x_wconf 90' lang='lat' dir='ltr'><strong>alii</strong></span> <span class='ocrx_word' id='word_1_357' title='bbox 845 1660 905 1694; x_wconf 81' lang='lat' dir='ltr'><strong>ejus</strong></span> <span class='ocrx_word' id='word_1_358' title='bbox 920 1659 1048 1686; x_wconf 76' lang='lat' dir='ltr'><strong>virtutem</strong></span> 
     </span>
    </p>
   </div>
   <div class='ocr_carea' id='block_1_51' title="bbox 1330 1019 1673 1049">
    <p class='ocr_par' dir='ltr' id='par_1_51' title="bbox 1330 1019 1673 1049">
     <span class='ocr_line' id='line_1_51' title="bbox 1330 1019 1673 1049; baseline 0.012 -4"><span class='ocrx_word' id='word_1_359' title='bbox 1330 1019 1394 1046; x_wconf 83' lang='lat' dir='ltr'><strong>KE&#39;.</strong></span> <span class='ocrx_word' id='word_1_360' title='bbox 1411 1035 1445 1040; x_wconf 90' lang='lat'><strong>-—</strong></span> <span class='ocrx_word' id='word_1_361' title='bbox 1460 1020 1673 1049; x_wconf 75' lang='grc' dir='ltr'><strong>ΑΣΚΛΠΠΙΟΣ.</strong></span> 
     </span>
    </p>
   </div>
   <div class='ocr_carea' id='block_1_52' title="bbox 1142 1062 1901 1102">
    <p class='ocr_par' dir='ltr' id='par_1_52' title="bbox 1142 1062 1901 1102">
     <span class='ocr_line' id='line_1_52' title="bbox 1142 1062 1901 1102; baseline 0.009 -14"><span class='ocrx_word' id='word_1_362' title='bbox 1142 1062 1250 1099; x_wconf 78' lang='grc' dir='ltr'>Ταύτης</span> <span class='ocrx_word' id='word_1_363' title='bbox 1263 1063 1320 1090; x_wconf 73' lang='grc' dir='ltr'>ἐστὶ</span> <span class='ocrx_word' id='word_1_364' title='bbox 1331 1064 1381 1099; x_wconf 87' lang='grc' dir='ltr'>τῆς</span> <span class='ocrx_word' id='word_1_365' title='bbox 1396 1066 1552 1101; x_wconf 78' lang='grc' dir='ltr'>συμμορίας</span> <span class='ocrx_word' id='word_1_366' title='bbox 1563 1067 1610 1093; x_wconf 73' lang='grc' dir='ltr'>καὶ</span> <span class='ocrx_word' id='word_1_367' title='bbox 1630 1067 1796 1102; x_wconf 79' lang='grc' dir='ltr'>Ἀσκληπιὸς</span> <span class='ocrx_word' id='word_1_368' title='bbox 1808 1069 1823 1095; x_wconf 90' lang='grc' dir='ltr'><strong>ό</strong></span> <span class='ocrx_word' id='word_1_369' title='bbox 1836 1068 1901 1095; x_wconf 69' lang='grc' dir='ltr'>θαυρ</span> 
     </span>
    </p>
   </div>
   <div class='ocr_carea' id='block_1_53' title="bbox 1108 1107 1900 1148">
    <p class='ocr_par' dir='ltr' id='par_1_53' title="bbox 1108 1107 1900 1148">
     <span class='ocr_line' id='line_1_53' title="bbox 1108 1107 1900 1148; baseline 0.008 -14"><span class='ocrx_word' id='word_1_370' title='bbox 1108 1107 1216 1143; x_wconf 84' lang='grc' dir='ltr'>μάσιος,</span> <span class='ocrx_word' id='word_1_371' title='bbox 1235 1108 1300 1136; x_wconf 81' lang='grc' dir='ltr'>δέκα</span> <span class='ocrx_word' id='word_1_372' title='bbox 1313 1109 1364 1144; x_wconf 84' lang='grc' dir='ltr'>μὲν</span> <span class='ocrx_word' id='word_1_373' title='bbox 1380 1110 1503 1142; x_wconf 79' lang='grc' dir='ltr'>σταδίους</span> <span class='ocrx_word' id='word_1_374' title='bbox 1521 1111 1696 1147; x_wconf 82' lang='grc' dir='ltr'>ἀφεστηκὼς,</span> <span class='ocrx_word' id='word_1_375' title='bbox 1708 1112 1756 1148; x_wconf 81' lang='grc' dir='ltr'>τὴν</span> <span class='ocrx_word' id='word_1_376' title='bbox 1773 1113 1858 1147; x_wconf 76' lang='grc' dir='ltr'>αὐτὴν</span> <span class='ocrx_word' id='word_1_377' title='bbox 1872 1114 1900 1140; x_wconf 71' lang='grc' dir='ltr'><em>δὲ</em></span> 
     </span>
    </p>
   </div>
   <div class='ocr_carea' id='block_1_54' title="bbox 1107 1150 1898 1193">
    <p class='ocr_par' dir='ltr' id='par_1_54' title="bbox 1107 1150 1898 1193">
     <span class='ocr_line' id='line_1_54' title="bbox 1107 1150 1898 1193; baseline 0.006 -14"><span class='ocrx_word' id='word_1_378' title='bbox 1107 1154 1245 1180; x_wconf 76' lang='grc' dir='ltr'>πολιτείαν</span> <span class='ocrx_word' id='word_1_379' title='bbox 1264 1154 1419 1190; x_wconf 76' lang='grc' dir='ltr'>ἐζηλωκώς.</span> <span class='ocrx_word' id='word_1_380' title='bbox 1434 1155 1488 1182; x_wconf 76' lang='grc' dir='ltr'><strong>Καὶ</strong></span> <span class='ocrx_word' id='word_1_381' title='bbox 1503 1156 1590 1191; x_wconf 83' lang='grc' dir='ltr'>τροφὴ</span> <span class='ocrx_word' id='word_1_382' title='bbox 1607 1156 1661 1192; x_wconf 80' lang='grc' dir='ltr'><strong>γὰρ</strong></span> <span class='ocrx_word' id='word_1_383' title='bbox 1676 1157 1752 1192; x_wconf 81' lang='grc' dir='ltr'>αὐτῷ</span> <span class='ocrx_word' id='word_1_384' title='bbox 1774 1158 1801 1192; x_wconf 87' lang='grc' dir='ltr'><strong>ἡ·</strong></span> <span class='ocrx_word' id='word_1_385' title='bbox 1816 1150 1898 1193; x_wconf 49' lang='lat' dir='ltr'><strong>mihi],</strong></span> 
     </span>
    </p>
   </div>
   <div class='ocr_carea' id='block_1_55' title="bbox 1104 1199 1897 1237">
    <p class='ocr_par' dir='ltr' id='par_1_55' title="bbox 1104 1199 1897 1237">
     <span class='ocr_line' id='line_1_55' title="bbox 1104 1199 1897 1237; baseline 0.006 -12"><span class='ocrx_word' id='word_1_386' title='bbox 1104 1199 1151 1225; x_wconf 78' lang='grc' dir='ltr'><strong>καὶ</strong></span> <span class='ocrx_word' id='word_1_387' title='bbox 1167 1199 1258 1234; x_wconf 72' lang='grc' dir='ltr'>ἐσθὴς,</span> <span class='ocrx_word' id='word_1_388' title='bbox 1273 1199 1319 1226; x_wconf 78' lang='grc' dir='ltr'>καὶ</span> <span class='ocrx_word' id='word_1_389' title='bbox 1335 1200 1418 1236; x_wconf 73' lang='grc' dir='ltr'>ἤθους</span> <span class='ocrx_word' id='word_1_390' title='bbox 1437 1201 1594 1236; x_wconf 79' lang='grc' dir='ltr'>μετριότης,</span> <span class='ocrx_word' id='word_1_391' title='bbox 1610 1202 1658 1228; x_wconf 76' lang='grc' dir='ltr'>καὶ</span> <span class='ocrx_word' id='word_1_392' title='bbox 1681 1203 1819 1237; x_wconf 77' lang='grc' dir='ltr'>φιλοξενία</span> <span class='ocrx_word' id='word_1_393' title='bbox 1830 1223 1836 1235; x_wconf 88' lang='grc'><strong>,</strong></span> <span class='ocrx_word' id='word_1_394' title='bbox 1851 1205 1897 1230; x_wconf 75' lang='grc' dir='ltr'>καὶ</span> 
     </span>
    </p>
   </div>
   <div class='ocr_carea' id='block_1_56' title="bbox 1104 1245 1896 1284">
    <p class='ocr_par' dir='ltr' id='par_1_56' title="bbox 1104 1245 1896 1284">
     <span class='ocr_line' id='line_1_56' title="bbox 1104 1245 1896 1284; baseline 0.006 -14"><span class='ocrx_word' id='word_1_395' title='bbox 1104 1245 1276 1280; x_wconf 81' lang='grc' dir='ltr'>φιλαδελφία,</span> <span class='ocrx_word' id='word_1_396' title='bbox 1289 1247 1427 1282; x_wconf 82' lang='grc' dir='ltr'>ἡμερότης</span> <span class='ocrx_word' id='word_1_397' title='bbox 1444 1256 1473 1273; x_wconf 87' lang='grc' dir='ltr'><strong>τε</strong></span> <span class='ocrx_word' id='word_1_398' title='bbox 1494 1248 1541 1274; x_wconf 74' lang='grc' dir='ltr'>καὶ</span> <span class='ocrx_word' id='word_1_399' title='bbox 1556 1248 1678 1282; x_wconf 80' lang='grc' dir='ltr'>πραότης</span> <span class='ocrx_word' id='word_1_400' title='bbox 1690 1268 1697 1280; x_wconf 91' lang='grc'><strong>,</strong></span> <span class='ocrx_word' id='word_1_401' title='bbox 1717 1249 1766 1275; x_wconf 74' lang='grc' dir='ltr'>καὶ</span> <span class='ocrx_word' id='word_1_402' title='bbox 1787 1250 1804 1283; x_wconf 83' lang='grc' dir='ltr'><strong>ή</strong></span> <span class='ocrx_word' id='word_1_403' title='bbox 1829 1250 1896 1284; x_wconf 62' lang='grc' dir='ltr'>πρὶς</span> 
     </span>
    </p>
   </div>
   <div class='ocr_carea' id='block_1_57' title="bbox 1101 1291 1895 1329">
    <p class='ocr_par' dir='ltr' id='par_1_57' title="bbox 1101 1291 1895 1329">
     <span class='ocr_line' id='line_1_57' title="bbox 1101 1291 1895 1329; baseline 0.006 -13"><span class='ocrx_word' id='word_1_404' title='bbox 1101 1291 1147 1317; x_wconf 75' lang='grc' dir='ltr'><strong>τὸν</strong></span> <span class='ocrx_word' id='word_1_405' title='bbox 1162 1291 1229 1317; x_wconf 66' lang='grc' dir='ltr'>Θεὸν</span> <span class='ocrx_word' id='word_1_406' title='bbox 1242 1292 1344 1327; x_wconf 74' lang='grc' dir='ltr'>ὁμιλία,</span> <span class='ocrx_word' id='word_1_407' title='bbox 1361 1293 1433 1328; x_wconf 81' lang='grc' dir='ltr'>καὶὴ</span> <span class='ocrx_word' id='word_1_408' title='bbox 1447 1293 1584 1329; x_wconf 72' lang='grc' dir='ltr'>ἀκροτάτη</span> <span class='ocrx_word' id='word_1_409' title='bbox 1597 1294 1676 1320; x_wconf 82' lang='grc' dir='ltr'>πενία</span> <span class='ocrx_word' id='word_1_410' title='bbox 1687 1304 1694 1310; x_wconf 83' lang='grc'><em>’</em></span> <span class='ocrx_word' id='word_1_411' title='bbox 1711 1295 1780 1329; x_wconf 69' lang='grc' dir='ltr'>πρὸς</span> <span class='ocrx_word' id='word_1_412' title='bbox 1791 1295 1895 1327; x_wconf 78' lang='grc' dir='ltr'>τούτοις</span> 
     </span>
    </p>
   </div>
   <div class='ocr_carea' id='block_1_58' title="bbox 1105 1337 1894 1374">
    <p class='ocr_par' dir='ltr' id='par_1_58' title="bbox 1105 1337 1894 1374">
     <span class='ocr_line' id='line_1_58' title="bbox 1105 1337 1894 1374; baseline 0.004 -11"><span class='ocrx_word' id='word_1_413' title='bbox 1105 1337 1151 1363; x_wconf 69' lang='grc' dir='ltr'>καὶ</span> <span class='ocrx_word' id='word_1_414' title='bbox 1168 1337 1184 1372; x_wconf 82' lang='grc' dir='ltr'>ἡ</span> <span class='ocrx_word' id='word_1_415' title='bbox 1200 1337 1250 1372; x_wconf 79' lang='grc' dir='ltr'>τῆς</span> <span class='ocrx_word' id='word_1_416' title='bbox 1263 1337 1363 1372; x_wconf 79' lang='grc' dir='ltr'>ἀρετῆς</span> <span class='ocrx_word' id='word_1_417' title='bbox 1382 1339 1534 1373; x_wconf 76' lang='grc' dir='ltr'>περιουσία,</span> <span class='ocrx_word' id='word_1_418' title='bbox 1561 1340 1607 1365; x_wconf 83' lang='grc' dir='ltr'>καὶ</span> <span class='ocrx_word' id='word_1_419' title='bbox 1631 1340 1681 1374; x_wconf 75' lang='grc' dir='ltr'>τῆς</span> <span class='ocrx_word' id='word_1_420' title='bbox 1701 1340 1862 1374; x_wconf 68' lang='grc' dir='ltr'>φιλοσοφίας</span> <span class='ocrx_word' id='word_1_421' title='bbox 1881 1341 1894 1367; x_wconf 83' lang='grc' dir='ltr'>ὁ</span> 
     </span>
    </p>
   </div>
   <div class='ocr_carea' id='block_1_59' title="bbox 1104 1382 1893 1420">
    <p class='ocr_par' dir='ltr' id='par_1_59' title="bbox 1104 1382 1893 1420">
     <span class='ocr_line' id='line_1_59' title="bbox 1104 1382 1893 1420; baseline 0.004 -12"><span class='ocrx_word' id='word_1_422' title='bbox 1104 1382 1229 1414; x_wconf 81' lang='grc' dir='ltr'>πλοῦτος,</span> <span class='ocrx_word' id='word_1_423' title='bbox 1246 1382 1291 1408; x_wconf 69' lang='grc' dir='ltr'><strong>καὶ</strong></span> <span class='ocrx_word' id='word_1_424' title='bbox 1305 1383 1388 1409; x_wconf 71' lang='grc' dir='ltr'>τᾶλλα</span> <span class='ocrx_word' id='word_1_425' title='bbox 1405 1383 1502 1414; x_wconf 80' lang='grc' dir='ltr'>πάντα,</span> <span class='ocrx_word' id='word_1_426' title='bbox 1517 1385 1566 1411; x_wconf 78' lang='grc' dir='ltr'>ὅσα</span> <span class='ocrx_word' id='word_1_427' title='bbox 1580 1385 1645 1419; x_wconf 68' lang='grc' dir='ltr'>περὶ</span> <span class='ocrx_word' id='word_1_428' title='bbox 1659 1385 1708 1420; x_wconf 82' lang='grc' dir='ltr'>τῆς</span> <span class='ocrx_word' id='word_1_429' title='bbox 1729 1386 1804 1420; x_wconf 73' lang='grc' dir='ltr'>ἱερᾶς</span> <span class='ocrx_word' id='word_1_430' title='bbox 1821 1386 1893 1411; x_wconf 78' lang='grc' dir='ltr'>ἐκεί‹</span> 
     </span>
    </p>
   </div>
   <div class='ocr_carea' id='block_1_60' title="bbox 1103 1428 1894 1466">
    <p class='ocr_par' dir='ltr' id='par_1_60' title="bbox 1103 1428 1894 1466">
     <span class='ocr_line' id='line_1_60' title="bbox 1103 1428 1894 1466; baseline 0.006 -11"><span class='ocrx_word' id='word_1_431' title='bbox 1103 1437 1152 1464; x_wconf 86' lang='grc' dir='ltr'><strong>νης</strong></span> <span class='ocrx_word' id='word_1_432' title='bbox 1167 1428 1342 1464; x_wconf 80' lang='grc' dir='ltr'>διεξήλθομεν</span> <span class='ocrx_word' id='word_1_433' title='bbox 1357 1429 1488 1464; x_wconf 81' lang='grc' dir='ltr'>κεφαλῆς.</span> <span class='ocrx_word' id='word_1_434' title='bbox 1506 1431 1574 1457; x_wconf 76' lang='grc' dir='ltr'>Φασὶ</span> <span class='ocrx_word' id='word_1_435' title='bbox 1592 1431 1619 1457; x_wconf 72' lang='grc' dir='ltr'>δὲ</span> <span class='ocrx_word' id='word_1_436' title='bbox 1638 1431 1729 1464; x_wconf 75' lang='grc' dir='ltr'>αὑτὸν,</span> <span class='ocrx_word' id='word_1_437' title='bbox 1755 1431 1801 1458; x_wconf 80' lang='grc' dir='ltr'><strong>καὶ</strong></span> <span class='ocrx_word' id='word_1_438' title='bbox 1813 1431 1894 1466; x_wconf 68' lang='grc' dir='ltr'>ἡνίκα</span> 
     </span>
    </p>
   </div>
   <div class='ocr_carea' id='block_1_61' title="bbox 1102 1474 1891 1511">
    <p class='ocr_par' dir='ltr' id='par_1_61' title="bbox 1102 1474 1891 1511">
     <span class='ocr_line' id='line_1_61' title="bbox 1102 1474 1891 1511; baseline 0.004 -11"><span class='ocrx_word' id='word_1_439' title='bbox 1102 1476 1158 1506; x_wconf 82' lang='grc' dir='ltr'>τοῖς</span> <span class='ocrx_word' id='word_1_440' title='bbox 1184 1474 1234 1510; x_wconf 85' lang='grc' dir='ltr'>τὴν</span> <span class='ocrx_word' id='word_1_441' title='bbox 1261 1475 1357 1511; x_wconf 83' lang='grc' dir='ltr'>κώμην</span> <span class='ocrx_word' id='word_1_442' title='bbox 1373 1476 1494 1503; x_wconf 75' lang='grc' dir='ltr'>οἰκοῦσιν</span> <span class='ocrx_word' id='word_1_443' title='bbox 1520 1476 1643 1511; x_wconf 84' lang='grc' dir='ltr'>ἀδελφοῖς</span> <span class='ocrx_word' id='word_1_444' title='bbox 1669 1478 1891 1511; x_wconf 79' lang='grc' dir='ltr'>συγκατείλεκτο,</span> 
     </span>
    </p>
   </div>
   <div class='ocr_carea' id='block_1_62' title="bbox 1102 1521 1893 1558">
    <p class='ocr_par' dir='ltr' id='par_1_62' title="bbox 1102 1521 1893 1558">
     <span class='ocr_line' id='line_1_62' title="bbox 1102 1521 1893 1558; baseline 0.005 -11"><span class='ocrx_word' id='word_1_445' title='bbox 1102 1521 1148 1547; x_wconf 74' lang='grc' dir='ltr'><strong>τὸν</strong></span> <span class='ocrx_word' id='word_1_446' title='bbox 1165 1522 1313 1557; x_wconf 74' lang='grc' dir='ltr'>ἀσκητικὸν</span> <span class='ocrx_word' id='word_1_447' title='bbox 1338 1523 1384 1550; x_wconf 73' lang='grc' dir='ltr'>καὶ</span> <span class='ocrx_word' id='word_1_448' title='bbox 1407 1523 1520 1558; x_wconf 83' lang='grc' dir='ltr'>κόσμιον</span> <span class='ocrx_word' id='word_1_449' title='bbox 1547 1523 1724 1550; x_wconf 71' lang='grc' dir='ltr'>ἀσπάσασθαι</span> <span class='ocrx_word' id='word_1_450' title='bbox 1751 1523 1820 1558; x_wconf 78' lang='grc' dir='ltr'>βίον,</span> <span class='ocrx_word' id='word_1_451' title='bbox 1846 1524 1893 1551; x_wconf 78' lang='grc' dir='ltr'>καὶ</span> 
     </span>
    </p>
   </div>
   <div class='ocr_carea' id='block_1_63' title="bbox 1105 1568 1892 1605">
    <p class='ocr_par' dir='ltr' id='par_1_63' title="bbox 1105 1568 1892 1605">
     <span class='ocr_line' id='line_1_63' title="bbox 1105 1568 1892 1605; baseline 0.001 -11"><span class='ocrx_word' id='word_1_452' title='bbox 1105 1568 1240 1603; x_wconf 78' lang='grc' dir='ltr'>μηδεμίαν</span> <span class='ocrx_word' id='word_1_453' title='bbox 1257 1570 1288 1595; x_wconf 83' lang='grc' dir='ltr'>ἐκ</span> <span class='ocrx_word' id='word_1_454' title='bbox 1303 1569 1352 1603; x_wconf 81' lang='grc' dir='ltr'>τῆς</span> <span class='ocrx_word' id='word_1_455' title='bbox 1369 1569 1422 1595; x_wconf 78' lang='grc' dir='ltr'>τῶν</span> <span class='ocrx_word' id='word_1_456' title='bbox 1433 1569 1539 1596; x_wconf 80' lang='grc' dir='ltr'>πολλῶν</span> <span class='ocrx_word' id='word_1_457' title='bbox 1553 1570 1693 1604; x_wconf 72' lang='grc' dir='ltr'>ἐπιμιξίας</span> <span class='ocrx_word' id='word_1_458' title='bbox 1710 1570 1800 1605; x_wconf 70' lang='grc' dir='ltr'>λώβην</span> <span class='ocrx_word' id='word_1_459' title='bbox 1815 1569 1892 1596; x_wconf 73' lang='grc' dir='ltr'><strong>ἐλκί-</strong></span> 
     </span>
    </p>
   </div>
   <div class='ocr_carea' id='block_1_64' title="bbox 1105 1614 1893 1650">
    <p class='ocr_par' dir='ltr' id='par_1_64' title="bbox 1105 1614 1893 1650">
     <span class='ocr_line' id='line_1_64' title="bbox 1105 1614 1893 1650; baseline 0.001 -10"><span class='ocrx_word' id='word_1_460' title='bbox 1105 1622 1158 1640; x_wconf 87' lang='grc' dir='ltr'>σαι.</span> <span class='ocrx_word' id='word_1_461' title='bbox 1182 1615 1225 1640; x_wconf 78' lang='grc' dir='ltr'>Ἐν</span> <span class='ocrx_word' id='word_1_462' title='bbox 1240 1614 1364 1650; x_wconf 78' lang='grc' dir='ltr'>ἑκατέρῳ</span> <span class='ocrx_word' id='word_1_463' title='bbox 1376 1614 1465 1641; x_wconf 80' lang='grc' dir='ltr'>τοίνυν</span> <span class='ocrx_word' id='word_1_464' title='bbox 1479 1615 1632 1650; x_wconf 73' lang='grc' dir='ltr'>διαπρέψας</span> <span class='ocrx_word' id='word_1_465' title='bbox 1644 1615 1704 1650; x_wconf 80' lang='grc' dir='ltr'>βίῳ,</span> <span class='ocrx_word' id='word_1_466' title='bbox 1719 1616 1759 1650; x_wconf 82' lang='grc' dir='ltr'>τῷ</span> <span class='ocrx_word' id='word_1_467' title='bbox 1771 1624 1800 1641; x_wconf 86' lang='grc' dir='ltr'><strong>τε</strong></span> <span class='ocrx_word' id='word_1_468' title='bbox 1819 1615 1893 1641; x_wconf 77' lang='grc' dir='ltr'>πολι·</span> 
     </span>
    </p>
   </div>
   <div class='ocr_carea' id='block_1_65' title="bbox 1103 1659 1891 1695">
    <p class='ocr_par' dir='ltr' id='par_1_65' title="bbox 1103 1659 1891 1695">
     <span class='ocr_line' id='line_1_65' title="bbox 1103 1659 1891 1695; baseline 0.003 -10"><span class='ocrx_word' id='word_1_469' title='bbox 1103 1659 1181 1694; x_wconf 80' lang='grc' dir='ltr'>τικῷ.</span> <span class='ocrx_word' id='word_1_470' title='bbox 1195 1661 1241 1686; x_wconf 69' lang='grc' dir='ltr'>καὶ</span> <span class='ocrx_word' id='word_1_471' title='bbox 1258 1661 1395 1695; x_wconf 77' lang='grc' dir='ltr'>ὲρημικῷ,</span> <span class='ocrx_word' id='word_1_472' title='bbox 1411 1661 1511 1687; x_wconf 84' lang='grc' dir='ltr'>διπλῶν</span> <span class='ocrx_word' id='word_1_473' title='bbox 1530 1662 1643 1693; x_wconf 74' lang='grc' dir='ltr'>εἰκότως</span> <span class='ocrx_word' id='word_1_474' title='bbox 1659 1661 1706 1688; x_wconf 70' lang='grc' dir='ltr'>καὶ</span> <span class='ocrx_word' id='word_1_475' title='bbox 1720 1662 1774 1688; x_wconf 82' lang='grc' dir='ltr'>τῶν</span> <span class='ocrx_word' id='word_1_476' title='bbox 1791 1662 1891 1694; x_wconf 67' lang='grc' dir='ltr'>στεφά-</span> 
     </span>
    </p>
   </div>
   <div class='ocr_carea' id='block_1_66' title="bbox 259 1704 1050 1745">
    <p class='ocr_par' dir='ltr' id='par_1_66' title="bbox 259 1705 1048 1741">
     <span class='ocr_line' id='line_1_66' title="bbox 259 1705 1048 1741; baseline -0.003 -8"><span class='ocrx_word' id='word_1_477' title='bbox 259 1707 378 1733; x_wconf 77' lang='lat' dir='ltr'><strong>:mnulati</strong></span> <span class='ocrx_word' id='word_1_478' title='bbox 395 1711 474 1740; x_wconf 90' lang='lat' dir='ltr'><strong>sunt,</strong></span> <span class='ocrx_word' id='word_1_479' title='bbox 494 1715 544 1735; x_wconf 85' lang='lat' dir='ltr'><strong>nec</strong></span> <span class='ocrx_word' id='word_1_480' title='bbox 562 1710 656 1735; x_wconf 77' lang='lat' dir='ltr'><strong>nostra</strong></span> <span class='ocrx_word' id='word_1_481' title='bbox 673 1708 763 1734; x_wconf 83' lang='lat' dir='ltr'><strong>solum</strong></span> <span class='ocrx_word' id='word_1_482' title='bbox 778 1707 858 1741; x_wconf 89' lang='lat' dir='ltr'><strong>plena</strong></span> <span class='ocrx_word' id='word_1_483' title='bbox 869 1709 927 1737; x_wconf 86' lang='lat' dir='ltr'><strong>est,</strong></span> <span class='ocrx_word' id='word_1_484' title='bbox 944 1705 992 1732; x_wconf 85' lang='lat' dir='ltr'><strong>sed</strong></span> <span class='ocrx_word' id='word_1_485' title='bbox 1010 1705 1048 1731; x_wconf 49' lang='lat' dir='ltr'><strong>vi.-</strong></span> 
     </span>
    </p>
   </div>
   <div class='ocr_carea' id='block_1_67' title="bbox 1103 1704 1890 1745">
    <p class='ocr_par' dir='ltr' id='par_1_67' title="bbox 1103 1704 1890 1742">
     <span class='ocr_line' id='line_1_67' title="bbox 1103 1704 1890 1742; baseline 0.003 -12"><span class='ocrx_word' id='word_1_486' title='bbox 1103 1713 1155 1730; x_wconf 86' lang='grc' dir='ltr'><strong>νων</strong></span> <span class='ocrx_word' id='word_1_487' title='bbox 1179 1704 1371 1740; x_wconf 78' lang='grc' dir='ltr'>ἀξιωθήσεται.</span> <span class='ocrx_word' id='word_1_488' title='bbox 1393 1705 1490 1732; x_wconf 69' lang='grc' dir='ltr'>Πολλοὶ</span> <span class='ocrx_word' id='word_1_489' title='bbox 1512 1705 1540 1732; x_wconf 80' lang='grc' dir='ltr'>δὲ</span> <span class='ocrx_word' id='word_1_490' title='bbox 1568 1707 1617 1733; x_wconf 69' lang='grc' dir='ltr'>καὶ</span> <span class='ocrx_word' id='word_1_491' title='bbox 1639 1707 1712 1733; x_wconf 81' lang='grc' dir='ltr'>ἄλλοι</span> <span class='ocrx_word' id='word_1_492' title='bbox 1737 1707 1785 1742; x_wconf 79' lang='grc' dir='ltr'>τὴν</span> <span class='ocrx_word' id='word_1_493' title='bbox 1797 1707 1890 1733; x_wconf 73' lang='grc' dir='ltr'>τούτου</span> 
     </span>
    </p>
   </div>
   <div class='ocr_carea' id='block_1_68' title="bbox 260 1751 1046 1788">
    <p class='ocr_par' dir='ltr' id='par_1_68' title="bbox 260 1751 1046 1788">
     <span class='ocr_line' id='line_1_68' title="bbox 260 1751 1046 1788; baseline 0 -9"><span class='ocrx_word' id='word_1_494' title='bbox 260 1753 327 1780; x_wconf 65' lang='lat' dir='ltr'><strong>cinae</strong></span> <span class='ocrx_word' id='word_1_495' title='bbox 347 1753 438 1788; x_wconf 79' lang='lat' dir='ltr'><strong>etjatn</strong></span> <span class='ocrx_word' id='word_1_496' title='bbox 457 1754 540 1781; x_wconf 89' lang='lat' dir='ltr'><strong>urbes</strong></span> <span class='ocrx_word' id='word_1_497' title='bbox 567 1757 595 1780; x_wconf 89' lang='lat' dir='ltr'><strong>et</strong></span> <span class='ocrx_word' id='word_1_498' title='bbox 615 1753 667 1780; x_wconf 89' lang='lat' dir='ltr'><strong>vici</strong></span> <span class='ocrx_word' id='word_1_499' title='bbox 684 1753 843 1787; x_wconf 86' lang='lat' dir='ltr'><strong>hujusmodi</strong></span> <span class='ocrx_word' id='word_1_500' title='bbox 863 1751 1046 1787; x_wconf 82' lang='lat' dir='ltr'><strong>philosophia.</strong></span> 
     </span>
    </p>
   </div>
   <div class='ocr_carea' id='block_1_69' title="bbox 259 1798 1047 1831">
    <p class='ocr_par' dir='ltr' id='par_1_69' title="bbox 259 1798 1047 1831">
     <span class='ocr_line' id='line_1_69' title="bbox 259 1798 1047 1831; baseline -0.003 -5"><span class='ocrx_word' id='word_1_501' title='bbox 259 1799 362 1828; x_wconf 84' lang='lat' dir='ltr'><strong>Horum</strong></span> <span class='ocrx_word' id='word_1_502' title='bbox 376 1807 448 1827; x_wconf 90' lang='lat' dir='ltr'><strong>unus</strong></span> <span class='ocrx_word' id='word_1_503' title='bbox 464 1804 506 1827; x_wconf 87' lang='lat' dir='ltr'><strong>est</strong></span> <span class='ocrx_word' id='word_1_504' title='bbox 518 1800 710 1827; x_wconf 86' lang='lat' dir='ltr'><strong>divinissimus</strong></span> <span class='ocrx_word' id='word_1_505' title='bbox 726 1799 846 1826; x_wconf 82' lang='lat' dir='ltr'><strong>Jacobns</strong></span> <span class='ocrx_word' id='word_1_506' title='bbox 857 1819 863 1831; x_wconf 85' lang='lat'><strong>,</strong></span> <span class='ocrx_word' id='word_1_507' title='bbox 880 1798 1047 1825; x_wconf 83' lang='lat' dir='ltr'><strong>domuncula</strong></span> 
     </span>
    </p>
   </div>
   <div class='ocr_carea' id='block_1_70' title="bbox 258 1843 1048 1880">
    <p class='ocr_par' dir='ltr' id='par_1_70' title="bbox 258 1843 1048 1880">
     <span class='ocr_line' id='line_1_70' title="bbox 258 1843 1048 1880; baseline -0.003 -9"><span class='ocrx_word' id='word_1_508' title='bbox 258 1845 375 1880; x_wconf 88' lang='lat' dir='ltr'><strong>quadam</strong></span> <span class='ocrx_word' id='word_1_509' title='bbox 393 1845 518 1872; x_wconf 87' lang='lat' dir='ltr'><strong>reclusus</strong></span> <span class='ocrx_word' id='word_1_510' title='bbox 535 1853 619 1880; x_wconf 87' lang='lat' dir='ltr'><strong>prope</strong></span> <span class='ocrx_word' id='word_1_511' title='bbox 634 1846 744 1875; x_wconf 88' lang='lat' dir='ltr'><strong>vicum,</strong></span> <span class='ocrx_word' id='word_1_512' title='bbox 760 1852 840 1879; x_wconf 86' lang='lat' dir='ltr'><strong>quem</strong></span> <span class='ocrx_word' id='word_1_513' title='bbox 868 1843 1008 1870; x_wconf 79' lang='lat' dir='ltr'><strong>Nitnuzam</strong></span> <span class='ocrx_word' id='word_1_514' title='bbox 1026 1843 1048 1859; x_wconf 80' lang='lat'><strong>&#39;°</strong></span> 
     </span>
    </p>
   </div>
   <div class='ocr_carea' id='block_1_71' title="bbox 257 1889 1048 1924">
    <p class='ocr_par' dir='ltr' id='par_1_71' title="bbox 257 1889 1048 1924">
     <span class='ocr_line' id='line_1_71' title="bbox 257 1889 1048 1924; baseline -0.001 -8"><span class='ocrx_word' id='word_1_515' title='bbox 257 1893 367 1917; x_wconf 87' lang='lat' dir='ltr'><strong>vocant.</strong></span> <span class='ocrx_word' id='word_1_516' title='bbox 384 1889 436 1922; x_wconf 87' lang='lat' dir='ltr'><strong>Qui</strong></span> <span class='ocrx_word' id='word_1_517' title='bbox 452 1898 514 1916; x_wconf 87' lang='lat' dir='ltr'><strong>cum</strong></span> <span class='ocrx_word' id='word_1_518' title='bbox 530 1890 577 1917; x_wconf 82' lang='lat' dir='ltr'><strong>lini</strong></span> <span class='ocrx_word' id='word_1_519' title='bbox 594 1890 656 1917; x_wconf 73' lang='lat' dir='ltr'><strong>vitm</strong></span> <span class='ocrx_word' id='word_1_520' title='bbox 671 1891 707 1917; x_wconf 85' lang='lat' dir='ltr'><strong>sit</strong></span> <span class='ocrx_word' id='word_1_521' title='bbox 725 1889 866 1924; x_wconf 81' lang='lat' dir='ltr'><strong>proximus</strong></span> <span class='ocrx_word' id='word_1_522' title='bbox 877 1909 883 1921; x_wconf 88' lang='grc'><strong>,</strong></span> <span class='ocrx_word' id='word_1_523' title='bbox 899 1896 1048 1916; x_wconf 81' lang='lat' dir='ltr'><strong>annorum-</strong></span> 
     </span>
    </p>
   </div>
   <div class='ocr_carea' id='block_1_72' title="bbox 258 1936 1048 1971">
    <p class='ocr_par' dir='ltr' id='par_1_72' title="bbox 258 1936 1048 1971">
     <span class='ocr_line' id='line_1_72' title="bbox 258 1936 1048 1971; baseline 0 -9"><span class='ocrx_word' id='word_1_524' title='bbox 258 1943 313 1970; x_wconf 91' lang='lat' dir='ltr'><strong>que</strong></span> <span class='ocrx_word' id='word_1_525' title='bbox 334 1936 454 1971; x_wconf 87' lang='lat' dir='ltr'><strong>amplins</strong></span> <span class='ocrx_word' id='word_1_526' title='bbox 476 1937 643 1971; x_wconf 81' lang='lat' dir='ltr'><strong>nonaginta.</strong></span> <span class='ocrx_word' id='word_1_527' title='bbox 667 1937 742 1964; x_wconf 88' lang='lat' dir='ltr'><strong>solus</strong></span> <span class='ocrx_word' id='word_1_528' title='bbox 764 1937 889 1963; x_wconf 82' lang='lat' dir='ltr'><strong>inclusus</strong></span> <span class='ocrx_word' id='word_1_529' title='bbox 913 1940 971 1966; x_wconf 84' lang='lat' dir='ltr'><strong>est.</strong></span> <span class='ocrx_word' id='word_1_530' title='bbox 999 1943 1048 1970; x_wconf 89' lang='lat' dir='ltr'><strong>per</strong></span> 
     </span>
    </p>
   </div>
   <div class='ocr_carea' id='block_1_73' title="bbox 258 1981 1046 2017">
    <p class='ocr_par' dir='ltr' id='par_1_73' title="bbox 258 1981 1046 2017">
     <span class='ocr_line' id='line_1_73' title="bbox 258 1981 1046 2017; baseline 0.001 -10"><span class='ocrx_word' id='word_1_531' title='bbox 258 1984 404 2016; x_wconf 81' lang='lat' dir='ltr'><strong>angustum</strong></span> <span class='ocrx_word' id='word_1_532' title='bbox 421 1981 546 2008; x_wconf 78' lang='lat' dir='ltr'><strong>foramen</strong></span> <span class='ocrx_word' id='word_1_533' title='bbox 563 1982 673 2017; x_wconf 81' lang='lat' dir='ltr'><strong>oblique</strong></span> <span class='ocrx_word' id='word_1_534' title='bbox 688 1982 816 2008; x_wconf 81' lang='lat' dir='ltr'><strong>inﬂexum</strong></span> <span class='ocrx_word' id='word_1_535' title='bbox 833 1989 963 2016; x_wconf 85' lang='lat' dir='ltr'><strong>responsa</strong></span> <span class='ocrx_word' id='word_1_536' title='bbox 982 1981 1046 2008; x_wconf 86' lang='lat' dir='ltr'><strong>red-</strong></span> 
     </span>
    </p>
   </div>
   <div class='ocr_carea' id='block_1_74' title="bbox 257 2027 1046 2063">
    <p class='ocr_par' dir='ltr' id='par_1_74' title="bbox 257 2027 1046 2063">
     <span class='ocr_line' id='line_1_74' title="bbox 257 2027 1046 2063; baseline 0 -9"><span class='ocrx_word' id='word_1_537' title='bbox 257 2027 342 2060; x_wconf 83' lang='lat' dir='ltr'><strong>dens,</strong></span> <span class='ocrx_word' id='word_1_538' title='bbox 359 2028 405 2056; x_wconf 85' lang='lat' dir='ltr'><strong>sed</strong></span> <span class='ocrx_word' id='word_1_539' title='bbox 421 2029 456 2055; x_wconf 82' lang='lat' dir='ltr'><strong>ita</strong></span> <span class='ocrx_word' id='word_1_540' title='bbox 475 2032 505 2055; x_wconf 89' lang='lat' dir='ltr'><strong>ut</strong></span> <span class='ocrx_word' id='word_1_541' title='bbox 521 2036 574 2056; x_wconf 90' lang='lat' dir='ltr'><strong>non</strong></span> <span class='ocrx_word' id='word_1_542' title='bbox 589 2029 722 2059; x_wconf 75' lang='lat' dir='ltr'><strong>videatur,</strong></span> <span class='ocrx_word' id='word_1_543' title='bbox 742 2036 791 2055; x_wconf 88' lang='lat' dir='ltr'><strong>nec</strong></span> <span class='ocrx_word' id='word_1_544' title='bbox 809 2029 870 2063; x_wconf 87' lang='lat' dir='ltr'><strong>igne</strong></span> <span class='ocrx_word' id='word_1_545' title='bbox 886 2033 984 2060; x_wconf 85' lang='lat' dir='ltr'><strong>utens,</strong></span> <span class='ocrx_word' id='word_1_546' title='bbox 996 2035 1046 2054; x_wconf 86' lang='lat' dir='ltr'><strong>nec</strong></span> 
     </span>
    </p>
   </div>
   <div class='ocr_carea' id='block_1_75' title="bbox 258 2073 1046 2108">
    <p class='ocr_par' dir='ltr' id='par_1_75' title="bbox 258 2073 1046 2108">
     <span class='ocr_line' id='line_1_75' title="bbox 258 2073 1046 2108; baseline -0.001 -8"><span class='ocrx_word' id='word_1_547' title='bbox 258 2073 360 2101; x_wconf 90' lang='lat' dir='ltr'><strong>lumine</strong></span> <span class='ocrx_word' id='word_1_548' title='bbox 375 2073 472 2102; x_wconf 73' lang='lat' dir='ltr'><strong>fruens</strong></span> <span class='ocrx_word' id='word_1_549' title='bbox 494 2075 624 2102; x_wconf 65' lang='lat' dir='ltr'><strong>lucernae.</strong></span> <span class='ocrx_word' id='word_1_550' title='bbox 642 2074 683 2100; x_wconf 72' lang='lat' dir='ltr'><strong>Me</strong></span> <span class='ocrx_word' id='word_1_551' title='bbox 700 2082 764 2101; x_wconf 82' lang='lat' dir='ltr'><strong>vero</strong></span> <span class='ocrx_word' id='word_1_552' title='bbox 787 2074 829 2101; x_wconf 88' lang='lat' dir='ltr'><strong>bis</strong></span> <span class='ocrx_word' id='word_1_553' title='bbox 852 2073 988 2108; x_wconf 74' lang='lat' dir='ltr'><strong>patefacta</strong></span> <span class='ocrx_word' id='word_1_554' title='bbox 1000 2073 1046 2107; x_wconf 85' lang='lat' dir='ltr'><strong>ja-</strong></span> 
     </span>
    </p>
   </div>
   <div class='ocr_carea' id='block_1_76' title="bbox 259 2118 1043 2153">
    <p class='ocr_par' dir='ltr' id='par_1_76' title="bbox 259 2118 1043 2153">
     <span class='ocr_line' id='line_1_76' title="bbox 259 2118 1043 2153; baseline -0.001 -7"><span class='ocrx_word' id='word_1_555' title='bbox 259 2126 312 2146; x_wconf 87' lang='lat' dir='ltr'><strong>nna</strong></span> <span class='ocrx_word' id='word_1_556' title='bbox 331 2118 435 2153; x_wconf 77' lang='lat' dir='ltr'><strong>ingredi</strong></span> <span class='ocrx_word' id='word_1_557' title='bbox 449 2119 551 2153; x_wconf 85' lang='lat' dir='ltr'><strong>jussit,</strong></span> <span class='ocrx_word' id='word_1_558' title='bbox 571 2120 644 2146; x_wconf 85' lang='lat' dir='ltr'><strong>hune</strong></span> <span class='ocrx_word' id='word_1_559' title='bbox 662 2120 727 2146; x_wconf 92' lang='lat' dir='ltr'><strong>mihi</strong></span> <span class='ocrx_word' id='word_1_560' title='bbox 752 2120 883 2146; x_wconf 88' lang='lat' dir='ltr'><strong>honorem</strong></span> <span class='ocrx_word' id='word_1_561' title='bbox 901 2119 1043 2151; x_wconf 83' lang='lat' dir='ltr'><strong>tribuens,</strong></span> 
     </span>
    </p>
   </div>
   <div class='ocr_carea' id='block_1_77' title="bbox 255 2165 1045 2200">
    <p class='ocr_par' dir='ltr' id='par_1_77' title="bbox 255 2165 1045 2200">
     <span class='ocr_line' id='line_1_77' title="bbox 255 2165 1045 2200; baseline 0 -9"><span class='ocrx_word' id='word_1_562' title='bbox 255 2168 281 2191; x_wconf 86' lang='lat' dir='ltr'><strong>et</strong></span> <span class='ocrx_word' id='word_1_563' title='bbox 296 2172 375 2192; x_wconf 92' lang='lat' dir='ltr'><strong>suum</strong></span> <span class='ocrx_word' id='word_1_564' title='bbox 397 2173 462 2199; x_wconf 77' lang='lat' dir='ltr'><strong>erga</strong></span> <span class='ocrx_word' id='word_1_565' title='bbox 480 2173 523 2192; x_wconf 90' lang='lat' dir='ltr'><strong>me</strong></span> <span class='ocrx_word' id='word_1_566' title='bbox 545 2173 668 2193; x_wconf 88' lang='lat' dir='ltr'><strong>amorem</strong></span> <span class='ocrx_word' id='word_1_567' title='bbox 684 2165 888 2193; x_wconf 85' lang='lat' dir='ltr'><strong>demonstrans.</strong></span> <span class='ocrx_word' id='word_1_568' title='bbox 904 2165 956 2198; x_wconf 82' lang='lat' dir='ltr'><strong>Qui</strong></span> <span class='ocrx_word' id='word_1_569' title='bbox 978 2172 1045 2200; x_wconf 80' lang='lat' dir='ltr'><strong>ergo</strong></span> 
     </span>
    </p>
   </div>
   <div class='ocr_carea' id='block_1_78' title="bbox 256 2209 1045 2245">
    <p class='ocr_par' dir='ltr' id='par_1_78' title="bbox 256 2209 1045 2245">
     <span class='ocr_line' id='line_1_78' title="bbox 256 2209 1045 2245; baseline 0 -9"><span class='ocrx_word' id='word_1_570' title='bbox 256 2210 419 2244; x_wconf 81' lang='lat' dir='ltr'><strong>superstites</strong></span> <span class='ocrx_word' id='word_1_571' title='bbox 440 2214 504 2237; x_wconf 86' lang='lat' dir='ltr'><strong>sunt</strong></span> <span class='ocrx_word' id='word_1_572' title='bbox 518 2211 642 2238; x_wconf 89' lang='lat' dir='ltr'><strong>oratione</strong></span> <span class='ocrx_word' id='word_1_573' title='bbox 657 2218 716 2238; x_wconf 92' lang='lat' dir='ltr'><strong>mea</strong></span> <span class='ocrx_word' id='word_1_574' title='bbox 737 2218 792 2237; x_wconf 89' lang='lat' dir='ltr'><strong>non</strong></span> <span class='ocrx_word' id='word_1_575' title='bbox 811 2214 901 2245; x_wconf 76' lang='lat' dir='ltr'><strong>egent.</strong></span> <span class='ocrx_word' id='word_1_576' title='bbox 925 2209 1045 2237; x_wconf 86' lang='lat' dir='ltr'><strong>Possunt</strong></span> 
     </span>
    </p>
   </div>
   <div class='ocr_carea' id='block_1_79' title="bbox 255 2255 1043 2292">
    <p class='ocr_par' dir='ltr' id='par_1_79' title="bbox 255 2255 1043 2292">
     <span class='ocr_line' id='line_1_79' title="bbox 255 2255 1043 2292; baseline 0 -10"><span class='ocrx_word' id='word_1_577' title='bbox 255 2255 326 2282; x_wconf 90' lang='lat' dir='ltr'><strong>cnim</strong></span> <span class='ocrx_word' id='word_1_578' title='bbox 339 2275 347 2287; x_wconf 79' lang='lat'><strong><em>,</em></strong></span> <span class='ocrx_word' id='word_1_579' title='bbox 362 2255 386 2282; x_wconf 89' lang='lat' dir='ltr'><strong>si</strong></span> <span class='ocrx_word' id='word_1_580' title='bbox 411 2256 512 2290; x_wconf 83' lang='lat' dir='ltr'><strong>velint,</strong></span> <span class='ocrx_word' id='word_1_581' title='bbox 531 2257 648 2283; x_wconf 90' lang='lat' dir='ltr'><strong>istorum</strong></span> <span class='ocrx_word' id='word_1_582' title='bbox 667 2257 848 2292; x_wconf 73' lang='lat' dir='ltr'><strong>philosophia:</strong></span> <span class='ocrx_word' id='word_1_583' title='bbox 870 2259 1043 2290; x_wconf 88' lang='lat' dir='ltr'><strong>spectatores</strong></span> 
     </span>
    </p>
   </div>
   <div class='ocr_carea' id='block_1_80' title="bbox 256 2299 1042 2337">
    <p class='ocr_par' dir='ltr' id='par_1_80' title="bbox 256 2299 1042 2337">
     <span class='ocr_line' id='line_1_80' title="bbox 256 2299 1042 2337; baseline 0.005 -11"><span class='ocrx_word' id='word_1_584' title='bbox 256 2300 325 2326; x_wconf 90' lang='lat' dir='ltr'><strong>Iicri.</strong></span> <span class='ocrx_word' id='word_1_585' title='bbox 356 2299 479 2327; x_wconf 88' lang='lat' dir='ltr'><strong>Posteris</strong></span> <span class='ocrx_word' id='word_1_586' title='bbox 501 2305 604 2333; x_wconf 84' lang='lat' dir='ltr'><strong>autent,</strong></span> <span class='ocrx_word' id='word_1_587' title='bbox 633 2306 661 2329; x_wconf 90' lang='lat' dir='ltr'><strong>et</strong></span> <span class='ocrx_word' id='word_1_588' title='bbox 684 2303 820 2330; x_wconf 91' lang='lat' dir='ltr'><strong>honorum</strong></span> <span class='ocrx_word' id='word_1_589' title='bbox 850 2307 964 2337; x_wconf 85' lang='lat' dir='ltr'><strong>aspectu</strong></span> <span class='ocrx_word' id='word_1_590' title='bbox 986 2311 1042 2330; x_wconf 89' lang='lat' dir='ltr'><strong>non</strong></span> 
     </span>
    </p>
   </div>
   <div class='ocr_carea' id='block_1_81' title="bbox 253 2344 1044 2384">
    <p class='ocr_par' dir='ltr' id='par_1_81' title="bbox 253 2344 1044 2384">
     <span class='ocr_line' id='line_1_81' title="bbox 253 2344 1044 2384; baseline 0.005 -13"><span class='ocrx_word' id='word_1_591' title='bbox 253 2344 432 2374; x_wconf 81' lang='lat' dir='ltr'><strong>fruentibus.</strong></span> <span class='ocrx_word' id='word_1_592' title='bbox 468 2345 502 2371; x_wconf 89' lang='lat' dir='ltr'><strong>ad</strong></span> <span class='ocrx_word' id='word_1_593' title='bbox 537 2346 682 2374; x_wconf 85' lang='lat' dir='ltr'><strong>utilitatem</strong></span> <span class='ocrx_word' id='word_1_594' title='bbox 718 2347 770 2374; x_wconf 85' lang='lat' dir='ltr'><strong>ista</strong></span> <span class='ocrx_word' id='word_1_595' title='bbox 812 2347 952 2375; x_wconf 75' lang='lat' dir='ltr'><strong>sufﬁcient</strong></span> <span class='ocrx_word' id='word_1_596' title='bbox 981 2357 1044 2384; x_wconf 61' lang='lat' dir='ltr'><strong>qua</strong></span> 
     </span>
    </p>
   </div>
   <div class='ocr_carea' id='block_1_82' title="bbox 253 2389 1042 2426">
    <p class='ocr_par' dir='ltr' id='par_1_82' title="bbox 253 2389 1042 2426">
     <span class='ocr_line' id='line_1_82' title="bbox 253 2389 1042 2426; baseline 0.006 -11"><span class='ocrx_word' id='word_1_597' title='bbox 253 2390 363 2416; x_wconf 90' lang='lat' dir='ltr'><strong>illorum</strong></span> <span class='ocrx_word' id='word_1_598' title='bbox 381 2389 561 2425; x_wconf 62' lang='lat' dir='ltr'><strong>philosophiae</strong></span> <span class='ocrx_word' id='word_1_599' title='bbox 581 2390 698 2418; x_wconf 83' lang='lat' dir='ltr'><strong>formam</strong></span> <span class='ocrx_word' id='word_1_600' title='bbox 719 2392 879 2419; x_wconf 86' lang='lat' dir='ltr'><strong>ostendunt.</strong></span> <span class='ocrx_word' id='word_1_601' title='bbox 898 2393 989 2426; x_wconf 85' lang='lat' dir='ltr'><strong>Quare</strong></span> <span class='ocrx_word' id='word_1_602' title='bbox 1009 2393 1042 2420; x_wconf 89' lang='lat' dir='ltr'><strong>de</strong></span> 
     </span>
    </p>
   </div>
   <div class='ocr_carea' id='block_1_83' title="bbox 254 2434 1042 2470">
    <p class='ocr_par' dir='ltr' id='par_1_83' title="bbox 254 2434 1042 2470">
     <span class='ocr_line' id='line_1_83' title="bbox 254 2434 1042 2470; baseline 0.005 -9"><span class='ocrx_word' id='word_1_603' title='bbox 254 2435 297 2462; x_wconf 90' lang='lat' dir='ltr'><strong>his</strong></span> <span class='ocrx_word' id='word_1_604' title='bbox 313 2434 442 2468; x_wconf 85' lang='lat' dir='ltr'><strong>loquendi</strong></span> <span class='ocrx_word' id='word_1_605' title='bbox 469 2435 550 2463; x_wconf 80' lang='lat' dir='ltr'><strong>ﬁnem</strong></span> <span class='ocrx_word' id='word_1_606' title='bbox 574 2436 619 2464; x_wconf 90' lang='lat' dir='ltr'><strong>hic</strong></span> <span class='ocrx_word' id='word_1_607' title='bbox 645 2436 760 2470; x_wconf 80' lang='lat' dir='ltr'><strong>faciens,</strong></span> <span class='ocrx_word' id='word_1_608' title='bbox 786 2442 814 2464; x_wconf 89' lang='lat' dir='ltr'><strong>et</strong></span> <span class='ocrx_word' id='word_1_609' title='bbox 841 2438 1042 2466; x_wconf 85' lang='lat' dir='ltr'><strong>benedictionis</strong></span> 
     </span>
    </p>
   </div>
   <div class='ocr_carea' id='block_1_84' title="bbox 254 2480 1044 2518">
    <p class='ocr_par' dir='ltr' id='par_1_84' title="bbox 254 2480 1044 2518">
     <span class='ocr_line' id='line_1_84' title="bbox 254 2480 1044 2518; baseline 0.009 -13"><span class='ocrx_word' id='word_1_610' title='bbox 254 2480 504 2508; x_wconf 83' lang='lat' dir='ltr'><strong>remunerationem</strong></span> <span class='ocrx_word' id='word_1_611' title='bbox 518 2490 671 2518; x_wconf 78' lang='lat' dir='ltr'><strong>exposcens</strong></span> <span class='ocrx_word' id='word_1_612' title='bbox 683 2503 690 2515; x_wconf 86' lang='lat'><strong><em>,</em></strong></span> <span class='ocrx_word' id='word_1_613' title='bbox 704 2483 746 2516; x_wconf 74' lang='lat' dir='ltr'><strong>,‘ad</strong></span> <span class='ocrx_word' id='word_1_614' title='bbox 765 2483 845 2511; x_wconf 87' lang='lat' dir='ltr'><strong>aliam</strong></span> <span class='ocrx_word' id='word_1_615' title='bbox 861 2485 1044 2512; x_wconf 87' lang='lat' dir='ltr'><strong>narrationem</strong></span> 
     </span>
    </p>
   </div>
   <div class='ocr_carea' id='block_1_85' title="bbox 254 2525 464 2556">
    <p class='ocr_par' dir='ltr' id='par_1_85' title="bbox 254 2525 464 2556">
     <span class='ocr_line' id='line_1_85' title="bbox 254 2525 464 2556; baseline 0.014 -4"><span class='ocrx_word' id='word_1_616' title='bbox 254 2532 297 2556; x_wconf 80' lang='lat' dir='ltr'><strong>me</strong></span> <span class='ocrx_word' id='word_1_617' title='bbox 311 2525 464 2555; x_wconf 78' lang='lat' dir='ltr'><strong>conferam.</strong></span> 
     </span>
    </p>
   </div>
   <div class='ocr_carea' id='block_1_86' title="bbox 402 2669 880 2705">
    <p class='ocr_par' dir='ltr' id='par_1_86' title="bbox 402 2669 880 2705">
     <span class='ocr_line' id='line_1_86' title="bbox 402 2669 880 2705; baseline 0.004 -7"><span class='ocrx_word' id='word_1_618' title='bbox 402 2669 508 2705; x_wconf 79' lang='lat'><strong>1265</strong></span> <span class='ocrx_word' id='word_1_619' title='bbox 524 2669 618 2698; x_wconf 77' lang='lat' dir='ltr'><strong>XXVI.</strong></span> <span class='ocrx_word' id='word_1_620' title='bbox 635 2687 669 2692; x_wconf 91' lang='lat'><strong>—</strong></span> <span class='ocrx_word' id='word_1_621' title='bbox 687 2671 880 2700; x_wconf 73' lang='lat' dir='ltr'><strong>SYMEONES.</strong></span> 
     </span>
    </p>
   </div>
   <div class='ocr_carea' id='block_1_87' title="bbox 287 2712 1041 2753">
    <p class='ocr_par' dir='ltr' id='par_1_87' title="bbox 287 2712 1041 2753">
     <span class='ocr_line' id='line_1_87' title="bbox 287 2712 1041 2753; baseline 0.011 -13"><span class='ocrx_word' id='word_1_622' title='bbox 287 2712 449 2749; x_wconf 82' lang='lat' dir='ltr'><strong>Symeonetn</strong></span> <span class='ocrx_word' id='word_1_623' title='bbox 469 2716 620 2749; x_wconf 86' lang='lat' dir='ltr'><strong>eximium,</strong></span> <span class='ocrx_word' id='word_1_624' title='bbox 646 2725 773 2753; x_wconf 77' lang='lat' dir='ltr'><strong>magnum</strong></span> <span class='ocrx_word' id='word_1_625' title='bbox 798 2719 874 2747; x_wconf 86' lang='lat' dir='ltr'><strong>orbis</strong></span> <span class='ocrx_word' id='word_1_626' title='bbox 905 2725 1041 2748; x_wconf 88' lang='lat' dir='ltr'><strong>terrarum</strong></span> 
     </span>
    </p>
   </div>
   <div class='ocr_carea' id='block_1_88' title="bbox 252 2759 1042 2800">
    <p class='ocr_par' dir='ltr' id='par_1_88' title="bbox 252 2759 1042 2800">
     <span class='ocr_line' id='line_1_88' title="bbox 252 2759 1042 2800; baseline 0.011 -15"><span class='ocrx_word' id='word_1_627' title='bbox 252 2759 425 2793; x_wconf 83' lang='lat' dir='ltr'><strong>miraculum,</strong></span> <span class='ocrx_word' id='word_1_628' title='bbox 441 2767 543 2789; x_wconf 85' lang='lat' dir='ltr'><strong>norunt</strong></span> <span class='ocrx_word' id='word_1_629' title='bbox 561 2770 656 2791; x_wconf 87' lang='lat' dir='ltr'><strong>omnes</strong></span> <span class='ocrx_word' id='word_1_630' title='bbox 671 2764 717 2798; x_wconf 88' lang='lat' dir='ltr'><strong>qui</strong></span> <span class='ocrx_word' id='word_1_631' title='bbox 740 2764 862 2792; x_wconf 82' lang='lat' dir='ltr'><strong>Romano</strong></span> <span class='ocrx_word' id='word_1_632' title='bbox 879 2771 975 2800; x_wconf 85' lang='lat' dir='ltr'><strong>parent</strong></span> <span class='ocrx_word' id='word_1_633' title='bbox 988 2767 1042 2794; x_wconf 90' lang='lat' dir='ltr'><strong>im-</strong></span> 
     </span>
    </p>
   </div>
   <div class='ocr_carea' id='block_1_89' title="bbox 1100 1750 1889 1788">
    <p class='ocr_par' dir='ltr' id='par_1_89' title="bbox 1100 1750 1889 1788">
     <span class='ocr_line' id='line_1_89' title="bbox 1100 1750 1889 1788; baseline 0.004 -13"><span class='ocrx_word' id='word_1_634' title='bbox 1100 1750 1240 1785; x_wconf 72' lang='grc' dir='ltr'>ἐζήλωσαν</span> <span class='ocrx_word' id='word_1_635' title='bbox 1256 1751 1366 1786; x_wconf 82' lang='grc' dir='ltr'>ἀρετὴν,</span> <span class='ocrx_word' id='word_1_636' title='bbox 1384 1753 1431 1778; x_wconf 79' lang='grc' dir='ltr'>καὶ</span> <span class='ocrx_word' id='word_1_637' title='bbox 1447 1751 1553 1787; x_wconf 80' lang='grc' dir='ltr'>πλήρης</span> <span class='ocrx_word' id='word_1_638' title='bbox 1567 1753 1615 1787; x_wconf 79' lang='grc' dir='ltr'><strong>οὐχ</strong></span> <span class='ocrx_word' id='word_1_639' title='bbox 1637 1754 1653 1788; x_wconf 85' lang='grc' dir='ltr'><strong>ή</strong></span> <span class='ocrx_word' id='word_1_640' title='bbox 1672 1753 1794 1788; x_wconf 75' lang='grc' dir='ltr'>ἡμετέρα</span> <span class='ocrx_word' id='word_1_641' title='bbox 1812 1753 1889 1787; x_wconf 75' lang='grc' dir='ltr'>μόνη,</span> 
     </span>
    </p>
   </div>
   <div class='ocr_carea' id='block_1_90' title="bbox 1099 1796 1890 1833">
    <p class='ocr_par' dir='ltr' id='par_1_90' title="bbox 1099 1796 1890 1833">
     <span class='ocr_line' id='line_1_90' title="bbox 1099 1796 1890 1833; baseline 0.001 -10"><span class='ocrx_word' id='word_1_642' title='bbox 1099 1796 1167 1823; x_wconf 83' lang='grc' dir='ltr'>ἀλλὰ</span> <span class='ocrx_word' id='word_1_643' title='bbox 1182 1797 1228 1823; x_wconf 72' lang='grc' dir='ltr'>καὶ</span> <span class='ocrx_word' id='word_1_644' title='bbox 1251 1797 1278 1823; x_wconf 79' lang='grc' dir='ltr'><strong>αί</strong></span> <span class='ocrx_word' id='word_1_645' title='bbox 1309 1797 1511 1831; x_wconf 79' lang='grc' dir='ltr'>γειτονεύουσαι</span> <span class='ocrx_word' id='word_1_646' title='bbox 1535 1799 1626 1830; x_wconf 77' lang='grc' dir='ltr'>πόλεις</span> <span class='ocrx_word' id='word_1_647' title='bbox 1642 1799 1689 1824; x_wconf 70' lang='grc' dir='ltr'>καὶ</span> <span class='ocrx_word' id='word_1_648' title='bbox 1716 1799 1820 1833; x_wconf 79' lang='grc' dir='ltr'>κῶμαι,</span> <span class='ocrx_word' id='word_1_649' title='bbox 1842 1799 1890 1832; x_wconf 74' lang='grc' dir='ltr'>τῆς</span> 
     </span>
    </p>
   </div>
   <div class='ocr_carea' id='block_1_91' title="bbox 1099 1841 1890 1877">
    <p class='ocr_par' dir='ltr' id='par_1_91' title="bbox 1099 1841 1890 1877">
     <span class='ocr_line' id='line_1_91' title="bbox 1099 1841 1890 1877; baseline 0 -7"><span class='ocrx_word' id='word_1_650' title='bbox 1099 1843 1205 1870; x_wconf 81' lang='grc' dir='ltr'>τοιᾶσδε</span> <span class='ocrx_word' id='word_1_651' title='bbox 1227 1842 1396 1877; x_wconf 84' lang='grc' dir='ltr'>φιλοσοφίας.</span> <span class='ocrx_word' id='word_1_652' title='bbox 1415 1841 1461 1874; x_wconf 73' lang='grc' dir='ltr'>Εἷς</span> <span class='ocrx_word' id='word_1_653' title='bbox 1477 1844 1505 1870; x_wconf 77' lang='grc' dir='ltr'><strong>δὲ</strong></span> <span class='ocrx_word' id='word_1_654' title='bbox 1524 1844 1626 1870; x_wconf 77' lang='grc' dir='ltr'>τούτων</span> <span class='ocrx_word' id='word_1_655' title='bbox 1643 1844 1702 1870; x_wconf 78' lang='grc' dir='ltr'>ἐστὶ</span> <span class='ocrx_word' id='word_1_656' title='bbox 1720 1843 1767 1870; x_wconf 69' lang='grc' dir='ltr'>καὶ</span> <span class='ocrx_word' id='word_1_657' title='bbox 1788 1845 1803 1870; x_wconf 88' lang='grc' dir='ltr'><strong>ό</strong></span> <span class='ocrx_word' id='word_1_658' title='bbox 1822 1844 1890 1870; x_wconf 80' lang='grc' dir='ltr'>θειό-</span> 
     </span>
    </p>
   </div>
   <div class='ocr_carea' id='block_1_92' title="bbox 1099 1889 1890 1925">
    <p class='ocr_par' dir='ltr' id='par_1_92' title="bbox 1099 1889 1890 1925">
     <span class='ocr_line' id='line_1_92' title="bbox 1099 1889 1890 1925; baseline 0 -10"><span class='ocrx_word' id='word_1_659' title='bbox 1099 1898 1179 1920; x_wconf 87' lang='grc' dir='ltr'>τατος</span> <span class='ocrx_word' id='word_1_660' title='bbox 1202 1889 1338 1920; x_wconf 77' lang='grc' dir='ltr'>Ἰάκωϐος,</span> <span class='ocrx_word' id='word_1_661' title='bbox 1354 1890 1383 1916; x_wconf 79' lang='grc' dir='ltr'>ἐν</span> <span class='ocrx_word' id='word_1_662' title='bbox 1398 1890 1512 1925; x_wconf 82' lang='grc' dir='ltr'>οἰκίσκῳ</span> <span class='ocrx_word' id='word_1_663' title='bbox 1528 1890 1582 1916; x_wconf 70' lang='grc' dir='ltr'>τινὶ</span> <span class='ocrx_word' id='word_1_664' title='bbox 1604 1889 1801 1924; x_wconf 76' lang='grc' dir='ltr'>καθειργμένος</span> <span class='ocrx_word' id='word_1_665' title='bbox 1816 1889 1890 1924; x_wconf 66' lang='grc' dir='ltr'>παρὰ</span> 
     </span>
    </p>
   </div>
   <div class='ocr_carea' id='block_1_93' title="bbox 1099 1935 1890 1972">
    <p class='ocr_par' dir='ltr' id='par_1_93' title="bbox 1099 1935 1890 1972">
     <span class='ocr_line' id='line_1_93' title="bbox 1099 1935 1890 1972; baseline 0 -11"><span class='ocrx_word' id='word_1_666' title='bbox 1099 1935 1180 1970; x_wconf 81' lang='grc' dir='ltr'>κώμῃ</span> <span class='ocrx_word' id='word_1_667' title='bbox 1208 1936 1347 1970; x_wconf 79' lang='grc' dir='ltr'>Νιμουζοῖν</span> <span class='ocrx_word' id='word_1_668' title='bbox 1363 1936 1518 1972; x_wconf 76' lang='grc' dir='ltr'>καλουμένῃ</span> <span class='ocrx_word' id='word_1_669' title='bbox 1531 1944 1537 1950; x_wconf 94' lang='grc'><strong>·</strong></span> <span class='ocrx_word' id='word_1_670' title='bbox 1553 1936 1582 1968; x_wconf 84' lang='grc' dir='ltr'>ὃς</span> <span class='ocrx_word' id='word_1_671' title='bbox 1600 1936 1646 1963; x_wconf 71' lang='grc' dir='ltr'>καὶ</span> <span class='ocrx_word' id='word_1_672' title='bbox 1672 1937 1736 1971; x_wconf 85' lang='grc' dir='ltr'>παρ’</span> <span class='ocrx_word' id='word_1_673' title='bbox 1764 1936 1830 1962; x_wconf 74' lang='grc' dir='ltr'>αὐτὸ</span> <span class='ocrx_word' id='word_1_674' title='bbox 1852 1935 1890 1961; x_wconf 80' lang='grc' dir='ltr'>ὢν</span> 
     </span>
    </p>
   </div>
   <div class='ocr_carea' id='block_1_94' title="bbox 1097 1982 1888 2018">
    <p class='ocr_par' dir='ltr' id='par_1_94' title="bbox 1097 1982 1888 2018">
     <span class='ocr_line' id='line_1_94' title="bbox 1097 1982 1888 2018; baseline 0 -11"><span class='ocrx_word' id='word_1_675' title='bbox 1097 1982 1144 2008; x_wconf 76' lang='grc' dir='ltr'>τοῦ</span> <span class='ocrx_word' id='word_1_676' title='bbox 1161 1982 1218 2016; x_wconf 72' lang='grc' dir='ltr'>βίον</span> <span class='ocrx_word' id='word_1_677' title='bbox 1231 1982 1261 2008; x_wconf 77' lang='grc' dir='ltr'>τὸ</span> <span class='ocrx_word' id='word_1_678' title='bbox 1274 1982 1363 2017; x_wconf 82' lang='grc' dir='ltr'>τέρμα</span> <span class='ocrx_word' id='word_1_679' title='bbox 1379 1983 1458 2018; x_wconf 75' lang='grc' dir='ltr'>(ἑτῶν</span> <span class='ocrx_word' id='word_1_680' title='bbox 1475 1983 1529 2017; x_wconf 78' lang='grc' dir='ltr'><strong>γάρ</strong></span> <span class='ocrx_word' id='word_1_681' title='bbox 1554 1983 1612 2008; x_wconf 75' lang='grc' dir='ltr'>ἐστι</span> <span class='ocrx_word' id='word_1_682' title='bbox 1635 1982 1767 2009; x_wconf 78' lang='grc' dir='ltr'>πλειόνων</span> <span class='ocrx_word' id='word_1_683' title='bbox 1783 1982 1799 2017; x_wconf 80' lang='grc' dir='ltr'><strong>ἦ</strong></span> <span class='ocrx_word' id='word_1_684' title='bbox 1814 1983 1888 2008; x_wconf 76' lang='grc' dir='ltr'>ἐννε-</span> 
     </span>
    </p>
   </div>
   <div class='ocr_carea' id='block_1_95' title="bbox 1102 2027 1888 2063">
    <p class='ocr_par' dir='ltr' id='par_1_95' title="bbox 1102 2027 1888 2063">
     <span class='ocr_line' id='line_1_95' title="bbox 1102 2027 1888 2063; baseline 0.001 -11"><span class='ocrx_word' id='word_1_685' title='bbox 1102 2027 1243 2061; x_wconf 83' lang='grc' dir='ltr'>νήκοντα),</span> <span class='ocrx_word' id='word_1_686' title='bbox 1259 2027 1339 2062; x_wconf 81' lang='grc' dir='ltr'>μόνος</span> <span class='ocrx_word' id='word_1_687' title='bbox 1356 2027 1528 2063; x_wconf 80' lang='grc' dir='ltr'>καθεῖρκται,</span> <span class='ocrx_word' id='word_1_688' title='bbox 1544 2027 1587 2054; x_wconf 79' lang='grc' dir='ltr'><strong>διά</strong></span> <span class='ocrx_word' id='word_1_689' title='bbox 1606 2036 1679 2058; x_wconf 85' lang='grc' dir='ltr'>τινος</span> <span class='ocrx_word' id='word_1_690' title='bbox 1693 2028 1808 2062; x_wconf 77' lang='grc' dir='ltr'>βραχέος</span> <span class='ocrx_word' id='word_1_691' title='bbox 1825 2027 1888 2062; x_wconf 69' lang='grc' dir='ltr'><strong>ὀρύ-</strong></span> 
     </span>
    </p>
   </div>
   <div class='ocr_carea' id='block_1_96' title="bbox 1098 2073 1888 2109">
    <p class='ocr_par' dir='ltr' id='par_1_96' title="bbox 1098 2073 1888 2109">
     <span class='ocr_line' id='line_1_96' title="bbox 1098 2073 1888 2109; baseline 0 -11"><span class='ocrx_word' id='word_1_692' title='bbox 1098 2080 1201 2106; x_wconf 80' lang='grc' dir='ltr'>γματος</span> <span class='ocrx_word' id='word_1_693' title='bbox 1230 2073 1384 2104; x_wconf 80' lang='grc' dir='ltr'>ἑλικοειδῶς</span> <span class='ocrx_word' id='word_1_694' title='bbox 1418 2073 1613 2109; x_wconf 77' lang='grc' dir='ltr'>ὀρωρυγμένου</span> <span class='ocrx_word' id='word_1_695' title='bbox 1645 2074 1696 2104; x_wconf 74' lang='grc' dir='ltr'><strong>τὰς</strong></span> <span class='ocrx_word' id='word_1_696' title='bbox 1727 2073 1888 2109; x_wconf 83' lang='grc' dir='ltr'>ἀποκρίσεις</span> 
     </span>
    </p>
   </div>
   <div class='ocr_carea' id='block_1_97' title="bbox 1097 2118 1890 2154">
    <p class='ocr_par' dir='ltr' id='par_1_97' title="bbox 1097 2118 1890 2154">
     <span class='ocr_line' id='line_1_97' title="bbox 1097 2118 1890 2154; baseline 0 -10"><span class='ocrx_word' id='word_1_697' title='bbox 1097 2118 1268 2153; x_wconf 79' lang='grc' dir='ltr'>ποιούμενος,</span> <span class='ocrx_word' id='word_1_698' title='bbox 1287 2119 1336 2153; x_wconf 81' lang='grc' dir='ltr'><strong>οὐχ</strong></span> <span class='ocrx_word' id='word_1_699' title='bbox 1349 2119 1486 2154; x_wconf 81' lang='grc' dir='ltr'>ὁρώμενος</span> <span class='ocrx_word' id='word_1_700' title='bbox 1501 2119 1540 2149; x_wconf 77' lang='grc' dir='ltr'>δὲ,</span> <span class='ocrx_word' id='word_1_701' title='bbox 1555 2119 1602 2145; x_wconf 71' lang='grc' dir='ltr'>καὶ</span> <span class='ocrx_word' id='word_1_702' title='bbox 1617 2119 1680 2145; x_wconf 73' lang='grc' dir='ltr'>οὔτε</span> <span class='ocrx_word' id='word_1_703' title='bbox 1695 2119 1763 2154; x_wconf 54' lang='grc' dir='ltr'>πυρὶ.</span> <span class='ocrx_word' id='word_1_704' title='bbox 1781 2119 1890 2154; x_wconf 78' lang='grc' dir='ltr'>χρώμε-</span> 
     </span>
    </p>
   </div>
   <div class='ocr_carea' id='block_1_98' title="bbox 1097 2164 1888 2201">
    <p class='ocr_par' dir='ltr' id='par_1_98' title="bbox 1097 2164 1888 2201">
     <span class='ocr_line' id='line_1_98' title="bbox 1097 2164 1888 2201; baseline 0.001 -11"><span class='ocrx_word' id='word_1_705' title='bbox 1097 2172 1151 2196; x_wconf 85' lang='grc' dir='ltr'>νος,</span> <span class='ocrx_word' id='word_1_706' title='bbox 1167 2164 1229 2191; x_wconf 80' lang='grc' dir='ltr'>οὔτε</span> <span class='ocrx_word' id='word_1_707' title='bbox 1244 2165 1381 2200; x_wconf 81' lang='grc' dir='ltr'>λυχνιαίου</span> <span class='ocrx_word' id='word_1_708' title='bbox 1393 2166 1481 2200; x_wconf 81' lang='grc' dir='ltr'>φωτὸς</span> <span class='ocrx_word' id='word_1_709' title='bbox 1493 2166 1649 2193; x_wconf 76' lang='grc' dir='ltr'>ἀπολαύων.</span> <span class='ocrx_word' id='word_1_710' title='bbox 1667 2166 1733 2201; x_wconf 82' lang='grc' dir='ltr'><strong>Ἐμὲ</strong></span> <span class='ocrx_word' id='word_1_711' title='bbox 1747 2166 1775 2192; x_wconf 81' lang='grc' dir='ltr'><strong>δὲ</strong></span> <span class='ocrx_word' id='word_1_712' title='bbox 1788 2165 1830 2197; x_wconf 75' lang='grc' dir='ltr'>δὶς</span> <span class='ocrx_word' id='word_1_713' title='bbox 1841 2164 1888 2200; x_wconf 83' lang='grc' dir='ltr'>τὴν</span> 
     </span>
    </p>
   </div>
   <div class='ocr_carea' id='block_1_99' title="bbox 1097 2210 1887 2247">
    <p class='ocr_par' dir='ltr' id='par_1_99' title="bbox 1097 2210 1887 2247">
     <span class='ocr_line' id='line_1_99' title="bbox 1097 2210 1887 2247; baseline 0 -10"><span class='ocrx_word' id='word_1_714' title='bbox 1097 2210 1181 2245; x_wconf 81' lang='grc' dir='ltr'>θύραν</span> <span class='ocrx_word' id='word_1_715' title='bbox 1208 2211 1316 2244; x_wconf 74' lang='grc' dir='ltr'>ἀνοίξας</span> <span class='ocrx_word' id='word_1_716' title='bbox 1342 2211 1395 2238; x_wconf 75' lang='grc' dir='ltr'>ἔσω</span> <span class='ocrx_word' id='word_1_717' title='bbox 1414 2212 1541 2246; x_wconf 87' lang='grc' dir='ltr'>γενέσθαι</span> <span class='ocrx_word' id='word_1_718' title='bbox 1566 2212 1730 2246; x_wconf 78' lang='grc' dir='ltr'>προσέταξε,</span> <span class='ocrx_word' id='word_1_719' title='bbox 1747 2211 1834 2247; x_wconf 78' lang='grc' dir='ltr'>ταύτῃ</span> <span class='ocrx_word' id='word_1_720' title='bbox 1854 2219 1887 2246; x_wconf 88' lang='grc' dir='ltr'><strong>με</strong></span> 
     </span>
    </p>
   </div>
   <div class='ocr_carea' id='block_1_100' title="bbox 1095 2256 1886 2293">
    <p class='ocr_par' dir='ltr' id='par_1_100' title="bbox 1095 2256 1886 2293">
     <span class='ocr_line' id='line_1_100' title="bbox 1095 2256 1886 2293; baseline 0.001 -11"><span class='ocrx_word' id='word_1_721' title='bbox 1095 2257 1216 2291; x_wconf 79' lang='grc' dir='ltr'>τιμήσας</span> <span class='ocrx_word' id='word_1_722' title='bbox 1231 2276 1238 2288; x_wconf 96' lang='grc'><strong>,</strong></span> <span class='ocrx_word' id='word_1_723' title='bbox 1256 2256 1304 2283; x_wconf 79' lang='grc' dir='ltr'>καὶ</span> <span class='ocrx_word' id='word_1_724' title='bbox 1319 2258 1352 2292; x_wconf 80' lang='grc' dir='ltr'>ἢν</span> <span class='ocrx_word' id='word_1_725' title='bbox 1366 2257 1422 2292; x_wconf 82' lang='grc' dir='ltr'>ἔχει</span> <span class='ocrx_word' id='word_1_726' title='bbox 1447 2258 1511 2293; x_wconf 79' lang='grc' dir='ltr'>περὶ</span> <span class='ocrx_word' id='word_1_727' title='bbox 1527 2258 1578 2292; x_wconf 70' lang='grc' dir='ltr'><strong>ἐμὲ</strong></span> <span class='ocrx_word' id='word_1_728' title='bbox 1595 2257 1713 2293; x_wconf 71' lang='grc' dir='ltr'>στοργήν</span> <span class='ocrx_word' id='word_1_729' title='bbox 1739 2257 1886 2289; x_wconf 80' lang='grc' dir='ltr'>ἐπιδείξας.</span> 
     </span>
    </p>
   </div>
   <div class='ocr_carea' id='block_1_101' title="bbox 1096 2299 1886 2338">
    <p class='ocr_par' dir='ltr' id='par_1_101' title="bbox 1096 2299 1886 2338">
     <span class='ocr_line' id='line_1_101' title="bbox 1096 2299 1886 2338; baseline 0.003 -11"><span class='ocrx_word' id='word_1_730' title='bbox 1096 2301 1128 2327; x_wconf 91' lang='grc' dir='ltr'><strong>Οί</strong></span> <span class='ocrx_word' id='word_1_731' title='bbox 1152 2301 1200 2336; x_wconf 84' lang='grc' dir='ltr'>μὲν</span> <span class='ocrx_word' id='word_1_732' title='bbox 1214 2299 1261 2328; x_wconf 78' lang='grc' dir='ltr'>οὖν</span> <span class='ocrx_word' id='word_1_733' title='bbox 1280 2302 1319 2330; x_wconf 78' lang='grc' dir='ltr'>ἔτι</span> <span class='ocrx_word' id='word_1_734' title='bbox 1335 2302 1475 2337; x_wconf 78' lang='grc' dir='ltr'>περιόντες</span> <span class='ocrx_word' id='word_1_735' title='bbox 1503 2302 1558 2329; x_wconf 87' lang='grc' dir='ltr'>τῶν</span> <span class='ocrx_word' id='word_1_736' title='bbox 1584 2303 1648 2337; x_wconf 76' lang='grc' dir='ltr'>παρ’</span> <span class='ocrx_word' id='word_1_737' title='bbox 1664 2302 1732 2338; x_wconf 80' lang='grc' dir='ltr'>ἐμοῦ</span> <span class='ocrx_word' id='word_1_738' title='bbox 1757 2303 1846 2336; x_wconf 83' lang='grc' dir='ltr'>λόγων</span> <span class='ocrx_word' id='word_1_739' title='bbox 1858 2302 1886 2329; x_wconf 78' lang='grc' dir='ltr'>οὒ</span> 
     </span>
    </p>
   </div>
   <div class='ocr_carea' id='block_1_102' title="bbox 1095 2348 1887 2385">
    <p class='ocr_par' dir='ltr' id='par_1_102' title="bbox 1095 2348 1887 2385">
     <span class='ocr_line' id='line_1_102' title="bbox 1095 2348 1887 2385; baseline 0.003 -11"><span class='ocrx_word' id='word_1_740' title='bbox 1095 2348 1211 2375; x_wconf 79' lang='grc' dir='ltr'>δέονται.</span> <span class='ocrx_word' id='word_1_741' title='bbox 1230 2349 1363 2376; x_wconf 84' lang='grc' dir='ltr'>Δύνανται</span> <span class='ocrx_word' id='word_1_742' title='bbox 1374 2351 1439 2385; x_wconf 79' lang='grc' dir='ltr'>γὰρ,</span> <span class='ocrx_word' id='word_1_743' title='bbox 1454 2350 1479 2375; x_wconf 85' lang='grc' dir='ltr'>εὶ</span> <span class='ocrx_word' id='word_1_744' title='bbox 1494 2349 1670 2384; x_wconf 83' lang='grc' dir='ltr'>ἐθελήσωσιν,</span> <span class='ocrx_word' id='word_1_745' title='bbox 1688 2349 1826 2376; x_wconf 80' lang='grc' dir='ltr'>αὐτόπται</span> <span class='ocrx_word' id='word_1_746' title='bbox 1841 2351 1887 2384; x_wconf 80' lang='grc' dir='ltr'>τῆς</span> 
     </span>
    </p>
   </div>
   <div class='ocr_carea' id='block_1_103' title="bbox 1095 2395 1886 2431">
    <p class='ocr_par' dir='ltr' id='par_1_103' title="bbox 1095 2395 1886 2431">
     <span class='ocr_line' id='line_1_103' title="bbox 1095 2395 1886 2431; baseline 0.009 -10"><span class='ocrx_word' id='word_1_747' title='bbox 1095 2395 1198 2422; x_wconf 83' lang='grc' dir='ltr'>τούτων</span> <span class='ocrx_word' id='word_1_748' title='bbox 1214 2395 1341 2429; x_wconf 79' lang='grc' dir='ltr'>γενέσθαι</span> <span class='ocrx_word' id='word_1_749' title='bbox 1356 2395 1526 2430; x_wconf 76' lang='grc' dir='ltr'>φιλοσοφίας.</span> <span class='ocrx_word' id='word_1_750' title='bbox 1541 2396 1604 2428; x_wconf 82' lang='grc' dir='ltr'>Τοῖς</span> <span class='ocrx_word' id='word_1_751' title='bbox 1621 2396 1643 2425; x_wconf 76' lang='grc' dir='ltr'><strong>δ’</strong></span> <span class='ocrx_word' id='word_1_752' title='bbox 1663 2396 1805 2431; x_wconf 76' lang='grc' dir='ltr'>ἐσομένοις</span> <span class='ocrx_word' id='word_1_753' title='bbox 1817 2417 1824 2429; x_wconf 74' lang='grc' dir='ltr'><strong>ς</strong></span> <span class='ocrx_word' id='word_1_754' title='bbox 1841 2395 1886 2422; x_wconf 68' lang='grc' dir='ltr'>καὶ</span> 
     </span>
    </p>
   </div>
   <div class='ocr_carea' id='block_1_104' title="bbox 1095 2441 1886 2478">
    <p class='ocr_par' dir='ltr' id='par_1_104' title="bbox 1095 2441 1886 2478">
     <span class='ocr_line' id='line_1_104' title="bbox 1095 2441 1886 2478; baseline 0.003 -12"><span class='ocrx_word' id='word_1_755' title='bbox 1095 2442 1144 2476; x_wconf 83' lang='grc' dir='ltr'>τῆς</span> <span class='ocrx_word' id='word_1_756' title='bbox 1157 2441 1258 2467; x_wconf 80' lang='grc' dir='ltr'>τούτων</span> <span class='ocrx_word' id='word_1_757' title='bbox 1271 2441 1302 2467; x_wconf 67' lang='grc' dir='ltr'>οὺ</span> <span class='ocrx_word' id='word_1_758' title='bbox 1316 2441 1551 2476; x_wconf 83' lang='grc' dir='ltr'>μεταλαγχάνουσι</span> <span class='ocrx_word' id='word_1_759' title='bbox 1563 2442 1638 2474; x_wconf 84' lang='grc' dir='ltr'>θέας,</span> <span class='ocrx_word' id='word_1_760' title='bbox 1651 2442 1734 2478; x_wconf 85' lang='grc' dir='ltr'>ἀρκεῖ</span> <span class='ocrx_word' id='word_1_761' title='bbox 1742 2443 1790 2468; x_wconf 74' lang='grc' dir='ltr'>καὶ</span> <span class='ocrx_word' id='word_1_762' title='bbox 1803 2442 1886 2468; x_wconf 82' lang='grc' dir='ltr'>ταῦτα</span> 
     </span>
    </p>
   </div>
   <div class='ocr_carea' id='block_1_105' title="bbox 1095 2487 1886 2523">
    <p class='ocr_par' dir='ltr' id='par_1_105' title="bbox 1095 2487 1886 2523">
     <span class='ocr_line' id='line_1_105' title="bbox 1095 2487 1886 2523; baseline 0.003 -10"><span class='ocrx_word' id='word_1_763' title='bbox 1095 2489 1135 2519; x_wconf 76' lang='grc' dir='ltr'><strong>εἰς</strong></span> <span class='ocrx_word' id='word_1_764' title='bbox 1151 2487 1296 2522; x_wconf 81' lang='grc' dir='ltr'>ὠφέλειαν,</span> <span class='ocrx_word' id='word_1_765' title='bbox 1310 2488 1360 2522; x_wconf 83' lang='grc' dir='ltr'>τῆς</span> <span class='ocrx_word' id='word_1_766' title='bbox 1375 2487 1478 2515; x_wconf 87' lang='grc' dir='ltr'>τούτων</span> <span class='ocrx_word' id='word_1_767' title='bbox 1493 2488 1654 2523; x_wconf 82' lang='grc' dir='ltr'>φιλοσοφίας</span> <span class='ocrx_word' id='word_1_768' title='bbox 1667 2489 1712 2515; x_wconf 83' lang='grc' dir='ltr'>τὸν</span> <span class='ocrx_word' id='word_1_769' title='bbox 1726 2488 1886 2523; x_wconf 80' lang='grc' dir='ltr'>χαρακτῆρα</span> 
     </span>
    </p>
   </div>
   <div class='ocr_carea' id='block_1_106' title="bbox 1095 2533 1887 2569">
    <p class='ocr_par' dir='ltr' id='par_1_106' title="bbox 1095 2533 1887 2569">
     <span class='ocr_line' id='line_1_106' title="bbox 1095 2533 1887 2569; baseline 0 -9"><span class='ocrx_word' id='word_1_770' title='bbox 1095 2533 1246 2560; x_wconf 85' lang='grc' dir='ltr'>δεικνύντα.</span> <span class='ocrx_word' id='word_1_771' title='bbox 1268 2533 1400 2560; x_wconf 83' lang='grc' dir='ltr'>Ἐνταῦθα</span> <span class='ocrx_word' id='word_1_772' title='bbox 1411 2534 1501 2561; x_wconf 81' lang='grc' dir='ltr'>τοίνυν</span> <span class='ocrx_word' id='word_1_773' title='bbox 1515 2535 1618 2561; x_wconf 79' lang='grc' dir='ltr'>καὶτὸν</span> <span class='ocrx_word' id='word_1_774' title='bbox 1629 2535 1810 2569; x_wconf 71' lang='grc' dir='ltr'>περὶτούτων</span> <span class='ocrx_word' id='word_1_775' title='bbox 1821 2543 1887 2569; x_wconf 88' lang='grc' dir='ltr'>συμ-</span> 
     </span>
    </p>
   </div>
   <div class='ocr_carea' id='block_1_107' title="bbox 1096 2580 1885 2616">
    <p class='ocr_par' dir='ltr' id='par_1_107' title="bbox 1096 2580 1885 2616">
     <span class='ocr_line' id='line_1_107' title="bbox 1096 2580 1885 2616; baseline 0.003 -10"><span class='ocrx_word' id='word_1_776' title='bbox 1096 2581 1217 2615; x_wconf 79' lang='grc' dir='ltr'>περάνας</span> <span class='ocrx_word' id='word_1_777' title='bbox 1228 2580 1316 2614; x_wconf 84' lang='grc' dir='ltr'>λόγον,</span> <span class='ocrx_word' id='word_1_778' title='bbox 1327 2581 1374 2607; x_wconf 75' lang='grc' dir='ltr'>καὶ</span> <span class='ocrx_word' id='word_1_779' title='bbox 1388 2582 1437 2616; x_wconf 85' lang='grc' dir='ltr'>τῆς</span> <span class='ocrx_word' id='word_1_780' title='bbox 1451 2581 1576 2616; x_wconf 78' lang='grc' dir='ltr'>εὐλογίας</span> <span class='ocrx_word' id='word_1_781' title='bbox 1589 2582 1639 2616; x_wconf 87' lang='grc' dir='ltr'>τὴν</span> <span class='ocrx_word' id='word_1_782' title='bbox 1656 2581 1791 2609; x_wconf 78' lang='grc' dir='ltr'>ἀντίδοσιν</span> <span class='ocrx_word' id='word_1_783' title='bbox 1803 2581 1885 2615; x_wconf 74' lang='grc' dir='ltr'>ἑπαγ-</span> 
     </span>
    </p>
   </div>
   <div class='ocr_carea' id='block_1_108' title="bbox 1096 2625 1724 2662">
    <p class='ocr_par' dir='ltr' id='par_1_108' title="bbox 1096 2625 1724 2662">
     <span class='ocr_line' id='line_1_108' title="bbox 1096 2625 1724 2662; baseline 0.002 -9"><span class='ocrx_word' id='word_1_784' title='bbox 1096 2625 1199 2661; x_wconf 80' lang='grc' dir='ltr'>γείλας,</span> <span class='ocrx_word' id='word_1_785' title='bbox 1214 2626 1257 2660; x_wconf 76' lang='grc' dir='ltr'><strong>ἐφ’</strong></span> <span class='ocrx_word' id='word_1_786' title='bbox 1273 2625 1366 2660; x_wconf 67' lang='grc' dir='ltr'>ἕτερον</span> <span class='ocrx_word' id='word_1_787' title='bbox 1384 2626 1507 2661; x_wconf 86' lang='grc' dir='ltr'>διήγημα</span> <span class='ocrx_word' id='word_1_788' title='bbox 1523 2626 1724 2662; x_wconf 79' lang='grc' dir='ltr'>μεταῦήσομαι.</span> 
     </span>
    </p>
   </div>
   <div class='ocr_carea' id='block_1_109' title="bbox 1325 2672 1654 2706">
    <p class='ocr_par' dir='ltr' id='par_1_109' title="bbox 1325 2672 1654 2706">
     <span class='ocr_line' id='line_1_109' title="bbox 1325 2672 1654 2706; baseline 0 -8"><span class='ocrx_word' id='word_1_789' title='bbox 1325 2672 1439 2706; x_wconf 55' lang='grc' dir='ltr'>κςορ-</span> <span class='ocrx_word' id='word_1_790' title='bbox 1456 2673 1654 2699; x_wconf 68' lang='grc' dir='ltr'><strong>ΣΥΜΕΩΝΗΣ.</strong></span> 
     </span>
    </p>
   </div>
   <div class='ocr_carea' id='block_1_110' title="bbox 1132 2717 1883 2754">
    <p class='ocr_par' dir='ltr' id='par_1_110' title="bbox 1132 2717 1883 2754">
     <span class='ocr_line' id='line_1_110' title="bbox 1132 2717 1883 2754; baseline 0.001 -10"><span class='ocrx_word' id='word_1_791' title='bbox 1132 2717 1279 2753; x_wconf 83' lang='grc' dir='ltr'>Συμεώνην</span> <span class='ocrx_word' id='word_1_792' title='bbox 1293 2718 1338 2744; x_wconf 73' lang='grc' dir='ltr'><strong>τὸν</strong></span> <span class='ocrx_word' id='word_1_793' title='bbox 1360 2718 1442 2749; x_wconf 84' lang='grc' dir='ltr'>πάνυ,</span> <span class='ocrx_word' id='word_1_794' title='bbox 1462 2718 1492 2745; x_wconf 79' lang='grc' dir='ltr'>τὸ</span> <span class='ocrx_word' id='word_1_795' title='bbox 1521 2718 1593 2754; x_wconf 78' lang='grc' dir='ltr'>μέγα</span> <span class='ocrx_word' id='word_1_796' title='bbox 1616 2718 1709 2754; x_wconf 80' lang='grc' dir='ltr'>θαῦμα</span> <span class='ocrx_word' id='word_1_797' title='bbox 1725 2719 1775 2753; x_wconf 80' lang='grc' dir='ltr'>τῆς</span> <span class='ocrx_word' id='word_1_798' title='bbox 1793 2719 1883 2746; x_wconf 79' lang='grc' dir='ltr'>οἰκου-</span> 
     </span>
    </p>
   </div>
   <div class='ocr_carea' id='block_1_111' title="bbox 1099 2763 1882 2800">
    <p class='ocr_par' dir='ltr' id='par_1_111' title="bbox 1099 2763 1882 2800">
     <span class='ocr_line' id='line_1_111' title="bbox 1099 2763 1882 2800; baseline 0 -10"><span class='ocrx_word' id='word_1_799' title='bbox 1099 2764 1192 2799; x_wconf 77' lang='grc' dir='ltr'>μένης,</span> <span class='ocrx_word' id='word_1_800' title='bbox 1216 2765 1288 2790; x_wconf 77' lang='grc' dir='ltr'>ἴσασι</span> <span class='ocrx_word' id='word_1_801' title='bbox 1302 2763 1350 2798; x_wconf 82' lang='grc' dir='ltr'>μὲν</span> <span class='ocrx_word' id='word_1_802' title='bbox 1370 2763 1488 2795; x_wconf 69' lang='grc' dir='ltr'>ἅπαντες</span> <span class='ocrx_word' id='word_1_803' title='bbox 1503 2765 1527 2790; x_wconf 78' lang='grc' dir='ltr'>οἱ</span> <span class='ocrx_word' id='word_1_804' title='bbox 1552 2764 1601 2800; x_wconf 80' lang='grc' dir='ltr'>τῆς</span> <span class='ocrx_word' id='word_1_805' title='bbox 1624 2764 1769 2799; x_wconf 84' lang='grc' dir='ltr'>Ῥωμαίων</span> <span class='ocrx_word' id='word_1_806' title='bbox 1784 2764 1882 2800; x_wconf 71' lang='grc' dir='ltr'>ἠγεμο-</span> 
     </span>
    </p>
   </div>
   <div class='ocr_carea' id='block_1_112' title="bbox 893 2845 1228 2874">
    <p class='ocr_par' dir='ltr' id='par_1_112' title="bbox 893 2845 1228 2874">
     <span class='ocr_line' id='line_1_112' title="bbox 893 2845 1228 2874; baseline -0.003 -2"><span class='ocrx_word' id='word_1_807' title='bbox 893 2845 1009 2874; x_wconf 67' lang='grc' dir='ltr'>γΑιιιΑῖ</span> <span class='ocrx_word' id='word_1_808' title='bbox 1029 2845 1228 2874; x_wconf 61' lang='grc' dir='ltr'>ινκγιίοκιῑε.</span> 
     </span>
    </p>
   </div>
   <div class='ocr_carea' id='block_1_113' title="bbox 285 2883 666 2917">
    <p class='ocr_par' dir='ltr' id='par_1_113' title="bbox 285 2883 666 2917">
     <span class='ocr_line' id='line_1_113' title="bbox 285 2883 666 2917; baseline 0.003 -5"><span class='ocrx_word' id='word_1_809' title='bbox 285 2883 306 2902; x_wconf 74' lang='grc'><strong>³⁵</strong></span> <span class='ocrx_word' id='word_1_810' title='bbox 324 2885 416 2915; x_wconf 77' lang='lat' dir='ltr'><strong>Dnzmt</strong></span> <span class='ocrx_word' id='word_1_811' title='bbox 432 2887 511 2913; x_wconf 75' lang='lat' dir='ltr'><strong>habet</strong></span> <span class='ocrx_word' id='word_1_812' title='bbox 525 2887 666 2917; x_wconf 49' lang='lat' dir='ltr'><strong>Hermus.</strong></span> 
     </span>
    </p>
   </div>
  </div>
