2064 3120
181 217 250 249 1465

779 213 982 244 RELIGIOSA
998 214 1190 244 HISTORIA.

1743 211 1810 245 1466

180 273 239 305 νίας
265 272 391 308 ὑπήκοοι·
417 272 539 306 ἔγνωσαν
561 271 589 298 δὲ
602 271 650 298 καὶ
669 271 782 307 Πέρσαι,
809 273 855 299 καὶ
869 273 966 308 Μῆδοι,

1021 273 1108 308 perio,
1140 275 1242 299 norunt
1268 275 1295 300 et
1323 271 1423 304 Persre,
1440 275 1467 299 et
1487 272 1556 300 Medi
1571 272 1594 288 ¹⁷
1610 276 1637 300 et
1651 271 1808 307 Ethiopes,

180 319 226 346 καὶ
241 318 378 350 Αἰθίοπες,
396 317 523 353 καὶπρὸς
542 317 648 349 Σκύθας
666 317 695 343 δὲ
716 317 778 349 τοὺς
802 318 929 353 Νομάδας
952 319 968 353 ἡ

181 365 258 399 φήμη
278 362 475 398 διαδραμοῦσα,
490 362 540 398 τὴν
557 361 633 388 τοῦδε
656 362 814 396 φιλοπονίαν
834 364 880 389 καὶ
896 363 970 398 φιλο-

181 409 276 444 σοφίαν
304 408 434 440 ὲδίδαξεν.
460 408 531 442 Ἐγὼ
553 408 581 434 δὲ
604 407 650 434 καὶ
686 408 813 441 πάντας,
840 409 878 440 ὡς
905 409 970 440 ἔπος

181 456 280 487 εἰπεῖν,
296 454 457 490 ἀνθρώπους
474 454 616 490 μάρτυρας
637 454 708 489 ἔχων
723 454 778 480 τῶν
803 454 873 490 ὑπὲρ
890 454 970 488 λόγον

182 500 306 534 ἀγώνων,
337 501 444 529 δέδοικα
465 500 496 527 τὸ
518 500 650 535 διήγημα,
680 500 717 536 μὴ
747 501 803 531 τοῖς
829 499 971 535 ἐσομένοις

163 537 167 541 ”
182 546 267 582 μῦθος
284 543 354 573 εἶναι
375 546 448 582 δόξῃ,
472 546 588 581 πάμπαν
610 546 660 582 τῆς
683 545 812 580 ἀληθείας
825 554 970 581 γεγυμνω-

184 591 273 627 μένος.
291 591 460 626 ’Υψηλὸτερα
484 591 537 627 γὰρ
553 591 604 626 τῆς
630 590 803 627 ἀνθρωπείας
817 590 925 625 φύσεως
935 590 970 617 τὰ

147 643 149 646 ·
181 638 323 673 γινόμενα.
336 637 444 665 Φιλοῦσι
457 637 485 664 δὲ
509 638 532 664 οἱ
558 637 698 672 ἅνθρωποι
712 638 745 672 τῇ
762 636 842 671 φύσει
861 637 970 672 μετρεῖν

181 683 215 709 τά
239 683 382 718 λεγόμενα·
404 684 428 710 εί
446 683 473 710 δέ
498 692 524 709 τι
547 683 601 710 τῶν
625 682 727 718 ταύτης
749 683 820 717 ὅρων
842 682 971 709 ἐπέκεινα

181 729 296 764 λέγοιτο,
321 729 420 764 ψευδὴς
445 731 502 761 τοῖς
529 729 582 756 τῶν
600 729 681 756 θείων
705 729 839 765 ἀμυήτοις
861 729 876 755 ὁ
891 727 970 762 λόγος

182 775 332 810 νομίζεται.
351 775 460 810 Ἐπειδὴ
479 775 506 801 δὲ
525 775 579 802 τῶν
598 775 782 802 εὐσεϐούντων
798 774 833 810 γῆ
855 774 902 800 καὶ
924 773 971 800 θά-

181 821 270 848 λασσα
287 821 404 856 πλήρης,
435 821 470 848 τά
485 829 514 847 τε
531 821 590 848 θεῖα
617 820 848 856 πεπαιδευμένων,
864 819 911 846 καὶ
922 819 969 845 τοῦ

182 868 315 901 παναγίου
330 867 487 903 Πνεύματος
513 868 563 903 τὴν
588 867 669 903 χάριν
691 866 900 901 δεδιδαγμένων,
915 866 970 896 τοῖς

181 914 391 950 λεχθησομένοις
415 915 465 941 οὐκ
491 915 697 950 ἀπιστήσουσιν,
728 913 796 940 ἀλλὰ
824 913 872 939 καὶ
898 912 970 947 μάλα

1020 317 1086 352 quin
1102 321 1128 345 et
1149 317 1181 345 ad
1202 316 1319 352 Scythas
1340 325 1451 352 quoque
1476 318 1608 346 nomadas
1621 319 1636 335 ⁴
1657 318 1810 354 pervadens

1022 363 1094 390 fama
1124 363 1207 398 hujus
1238 363 1390 391 immensos
1415 363 1524 391 labores
1554 368 1581 391 et
1604 364 1810 399 philosophiam

1020 409 1141 437 edocuit.
1164 409 1221 445 Ego
1243 416 1320 441 vero,
1345 408 1410 436 licet
1431 409 1585 436 oralionem
1615 410 1808 444 superantium

1020 456 1081 490 ejus
1095 456 1278 483 certaminum
1295 458 1379 483 testes
1394 454 1509 482 habeam
1525 455 1652 483 homines
1669 464 1753 491 prope
1767 456 1809 484 di-

1021 509 1081 529 cam
1105 501 1260 534 universos,
1283 501 1472 528 narrationem
1502 501 1612 536 aggredi
1633 502 1808 536 pertimesco,

1022 555 1056 574 ne
1070 547 1193 574 veritatis
1215 554 1331 582 prorsus
1348 553 1447 581 expers
1464 545 1556 573 fabula
1580 547 1700 581 posteris
1715 547 1809 574 videa-

1022 595 1077 618 tur.
1104 590 1193 626 Supra
1225 591 1374 618 humanam
1403 591 1476 619 enim
1505 596 1632 618 naturam
1659 597 1723 619 sunt
1749 600 1810 626 quae

1022 637 1100 665 fiunt.
1120 637 1214 665 Solent
1235 642 1325 665 autem
1344 637 1469 665 homines
1484 641 1582 664 natura
1598 638 1687 664 metiri
1702 645 1734 664 ea
1750 645 1810 672 qua:

1022 683 1162 711 dicuntur.
1183 683 1211 710 Si
1228 683 1294 718 quid
1319 691 1384 711 vero
1397 683 1505 711 dicatur
1526 683 1599 718 quod
1618 683 1678 718 ejus
1695 683 1810 711 excedat

1022 728 1135 760 limites,
1153 728 1223 756 falsa
1242 729 1349 756 videtur
1363 729 1453 756 oratio
1471 729 1505 757 iis
1520 729 1567 764 qui
1585 729 1686 757 divinis
1706 733 1810 765 myste-

1021 774 1071 802 riis
1095 774 1195 802 initiati
1229 782 1283 801 non
1311 779 1386 802 sunt.
1416 774 1552 808 Quoniam
1578 779 1669 803 autem
1694 779 1767 803 terra
1783 779 1810 803 et

1022 827 1098 847 mare
1124 820 1204 855 plena
1225 824 1290 847 sunt
1313 820 1377 855 piis,
1394 821 1453 856 qui,
1475 828 1537 848 cum
1561 821 1662 849 divinis
1689 821 1809 848 instituti

1022 866 1088 899 sint,
1111 870 1140 893 et
1159 866 1330 894 sanctissimi
1353 866 1473 901 Spiritus
1496 867 1612 902 gratiam
1635 871 1807 902 perspectam

1024 913 1152 946 habeant,
1172 913 1252 940 fidem
1277 913 1311 940 iis
1340 921 1401 948 quae
1426 913 1541 941 dicenda
1563 918 1628 942 sunt
1644 922 1697 940 non
1723 922 1806 948 nega-

181 959 367 987 πιστεύσουσι·
396 959 544 995 προθύμως
572 960 618 986 καὶ
645 958 804 994 θαρραλέως
821 958 969 992 ποιήσομαι

1022 959 1101 991 bunt,
1118 958 1165 986 sed
1185 959 1334 985 maximam
1359 959 1481 1002 habituri
1503 964 1578 992 sunt,
1597 959 1680 986 alacri
1700 959 1808 986 fidenti-

180 1006 229 1040 τὴν
240 1006 375 1041 διήγησιν.
394 1005 530 1041 ’Δρξομαι
546 1005 567 1032 δ’
581 1005 698 1037 ἐκεῖθεν,
714 1004 774 1031 ὅθεν
791 1005 838 1031 καὶ
853 1005 904 1038 τῆς
914 1004 969 1032 ἄνω

181 1052 304 1088 κλήσεως
316 1051 432 1087 ἠξιώθη.

216 1096 304 1132 Κώμη
319 1096 361 1128 τίς
372 1097 446 1123 ἐστιν
459 1097 488 1122 ἐν
502 1095 619 1131 μεθορίῳ
642 1097 690 1130 τῆς
708 1095 843 1130 ἡμετέρας
864 1094 911 1121 καὶ
920 1094 970 1128 τῆς

181 1143 301 1169 Κιλίκιον
321 1142 414 1178 χώρας
441 1142 611 1178 διακειμένη·
633 1143 714 1169 Σισὰν
728 1142 756 1168 δὲ
771 1142 855 1176 αὐτὴν
871 1142 971 1176 ὀνομά-

180 1177 347 1221 ζουσινίἘκ
359 1177 461 1224 ταύτης
483 1189 653 1224 ὁρμώμενος,
683 1189 836 1224 ποιμαίνειν
851 1189 882 1215 τὸ
896 1188 972 1224 πρῶ-

180 1244 226 1263 τον
250 1235 303 1262 ὑπὸ
328 1236 381 1263 τῶν
404 1236 608 1271 γεγεννηκότων
635 1236 789 1262 ὲδιδάσκετο
812 1235 968 1271 θρέμματα,

180 1281 224 1307 ἵνα
245 1281 316 1307 κατά
339 1281 419 1307 τοῦτο
433 1282 488 1312 τοῖς
504 1280 630 1316 μεγάλοις
647 1280 759 1315 ἀνδράσι
786 1279 969 1314 συμφέρηται,

186 1326 284 1352 Ἰακὼϐ
303 1326 344 1361 τῷ
376 1327 542 1362 πατριάρχῃ,
570 1326 618 1352 καὶ
652 1326 750 1360 Ἰωσὴφ
772 1325 811 1361 τῷ
840 1325 969 1360 σώφρονι,

180 1373 228 1399 καὶ
251 1373 354 1408 Μωῡσῇ
382 1372 421 1408 τῷ
442 1372 586 1408 νομοθέτῃ,
612 1372 659 1398 καὶ
691 1371 772 1398 Δαυῒδ
802 1371 840 1406 τῷ
866 1371 972 1406 βασιλεῖ

180 1417 228 1444 καὶ
249 1417 388 1453 προφήτῃ,
415 1417 462 1444 κα)⁸
493 1417 598 1453 Μιχαίᾳ
623 1417 662 1452 τῷ
680 1418 818 1452 προφήτῃ.
846 1416 893 1443 καὶ
915 1418 970 1448 τοῖς

180 1463 242 1490 κατ’
257 1463 378 1494 ἐκείνους
403 1463 556 1494 θεσπεσίοις
570 1463 694 1499 ἀνδράσι.
708 1462 826 1497 Νιφετοῦ
848 1462 876 1488 δέ
906 1471 970 1488 ποτε

179 1508 279 1535 πολλοῦ
299 1509 457 1543 γενομένου,
483 1509 530 1535 καὶ
559 1509 613 1535 τῶν
627 1508 769 1543 προϐάτων
786 1507 858 1534 ἔνδον
880 1507 970 1542 μένειν

180 1555 409 1591 ἠναγκασμένων,
429 1555 576 1590 ἀνακωχῆς
593 1554 759 1586 ἀπολαύσας,
776 1555 816 1585 εἰς
831 1554 877 1580 τὸν
900 1553 970 1580 θεῖον

179 1601 248 1627 νεὼν
264 1600 333 1636 μετὰ
354 1600 407 1627 τῶν
437 1600 580 1634 φυσάντων
609 1600 733 1634 ἀφίκετο.
752 1600 845 1626 Ταῦτα
873 1599 900 1626 δὲ
921 1599 970 1633 τῆς

181 1645 256 1680 ἱερᾶς
269 1645 348 1672 αὑτοῦ
364 1645 544 1679 διηγουμένης
559 1645 664 1679 ἀκήκοα
679 1644 810 1679 γλώττης.
830 1644 903 1678 Ἔφη
919 1643 972 1670 τοί·
984 1625 1005 1653 C

179 1699 228 1718 νυν
250 1691 301 1725 τῆς
315 1691 499 1725 εὖαγγελικῆς
512 1691 659 1725 ἀκηκοέναι
679 1691 780 1725 φωνῆς,
800 1690 971 1725 μακαριζού-

180 1746 231 1772 σης
247 1737 297 1772 μὲν
310 1737 372 1769 τοὺς
388 1737 531 1768 κλαίοντας
549 1738 596 1762 καὶ
618 1736 793 1768 πενθοῦντας,
817 1737 925 1768 ἀθλίους
942 1737 970 1764 δὲ

178 1783 243 1814 τοὺς
267 1783 405 1817 γελῶντας
426 1783 628 1818 ἀποκαλούσης,
657 1783 704 1809 καὶ
720 1781 855 1816 ζηλωτοὺς
872 1782 971 1818 ὀνομα-

179 1829 278 1864 ζούσης
293 1830 357 1861 τοὺς
377 1830 426 1864 τὴν
448 1829 536 1864 ψυχὴν
562 1829 683 1864 καθαρὰν
697 1830 894 1864 κεκτημένους,
923 1828 969 1856 καὶ

178 1877 263 1904 τᾶλλα
287 1877 337 1902 ὅσα
362 1875 468 1906 τούτοις
484 1875 669 1906 συνέζευκται.
696 1873 763 1901 Εἶτα
778 1875 887 1909 ἐρέσθαι
908 1875 969 1901 τινὰ

178 1923 234 1948 τῶν
257 1921 409 1957 παρόντων,
434 1921 461 1947 τί
478 1922 509 1948 ἄν
526 1929 567 1952 τις
594 1913 710 1955 ποιήσας
729 1921 830 1947 τούτων
854 1921 968 1948 ἕκαστον

179 1968 320 2002 κτήσαιτο·
332 1967 377 1993 τὸν
393 1966 422 1992 δὲ
437 1966 483 1992 τὸν
501 1966 642 2001 μοναδικὸν
656 1965 730 2000 αὐτῷ
747 1966 803 2000 βίον
817 1966 970 2001 ύπαγορεῦ-

181 2022 239 2045 σαι,
268 2013 315 2039 καὶ
329 2013 379 2048 τὴν
401 2012 487 2046 ἄκραν
515 2012 622 2047 ἐκείνην
640 2012 779 2047 ύποδεῖξαι
799 2012 967 2046 φιλοσοφίαν.

179 2058 331 2094 Δεξάμενος
359 2058 449 2085 τοίνυν
472 2058 519 2084 τοῦ
551 2058 624 2084 θείου
650 2058 730 2091 λόγου
756 2058 790 2084 τὰ
812 2059 968 2093 σπέρματα,

180 2106 226 2133 καὶ
242 2106 299 2136 ταῖς
325 2104 443 2139 βαθείαις
461 2104 510 2139 τῆς
533 2103 622 2138 ψυχῆς
647 2103 744 2135 αὖλαξι
765 2102 850 2129 ταῦτα
879 2102 969 2133 καλῶς

180 2151 370 2187 κατακρύψας,
380 2152 419 2182 είς
435 2151 480 2176 τὸν
495 2150 645 2182 πελάζοντα
657 2149 711 2175 τῶν
724 2149 807 2182 ἁγίων
823 2150 970 2184 μαρτύρων

179 2198 231 2233 ἔφη
252 2197 452 2232 δεδραμηκέναι
474 2195 567 2230 σηκόν.
599 2195 642 2221 Ἐν
667 2194 754 2229 τούτῳ
772 2194 800 2220 δὲ
823 2195 854 2229 τῇ
874 2195 909 2229 γῇ
934 2193 969 2220 τὰ

180 2243 283 2277 γόνατα
308 2244 355 2269 καὶ¹
386 2243 416 2269 τὸ
444 2242 569 2277 μέτωπον
589 2240 765 2276 προσερεῖσαί
787 2249 826 2272 τε,
853 2240 969 2265 καὶὶκε-

1022 1012 1074 1039 que
1086 1005 1177 1031 animo
1187 1005 1375 1032 narrationem
1389 1005 1543 1032 instituam.
1559 1005 1622 1033 Inde
1631 1010 1722 1033 autem
1732 1013 1811 1033 exor-

1022 1050 1093 1083 diar,
1109 1050 1181 1078 unde
1202 1051 1248 1078 ille
1269 1051 1369 1078 divina:
1386 1052 1539 1080 vocationis
1555 1052 1674 1086 sumpsit
1690 1052 1811 1080 initium.

1058 1096 1142 1124 Vicus
1158 1102 1199 1124 est
1216 1097 1242 1124 in
1262 1097 1389 1133 confinio
1406 1098 1526 1133 regionis
1542 1103 1642 1126 nostra
1655 1102 1682 1125 et
1695 1099 1810 1126 Cilicum

1021 1143 1103 1174 situs,
1121 1150 1200 1177 quem
1224 1143 1247 1159 "
1276 1142 1357 1170 Sisan
1383 1144 1538 1170 nominant.
1564 1143 1600 1170 Ex
1628 1143 1680 1170 hoc
1712 1147 1810 1176 ortus,

1021 1196 1087 1216 oves
1103 1189 1224 1224 primum
1238 1196 1252 1215 a
1269 1189 1431 1224 parentibus
1446 1197 1561 1224 pascere
1579 1189 1687 1223 didicit,
1701 1193 1730 1217 ut
1748 1189 1812 1216 hinc

1021 1234 1107 1261 etiam
1122 1241 1184 1261 cum
1204 1234 1310 1269 magnis
1334 1234 1400 1262 viris
1417 1235 1589 1267 conferatur,
1606 1233 1709 1262 Jacobo
1727 1237 1812 1269 patri-

1021 1279 1115 1312 archa,
1134 1284 1161 1307 et
1176 1279 1298 1315 Josepho
1321 1280 1493 1313 continente,
1507 1284 1535 1308 et
1550 1279 1625 1308 Mose
1642 1279 1810 1316 legislature,

1021 1328 1048 1351 et
1062 1324 1163 1352 Davide
1187 1332 1251 1359 rege
1272 1332 1304 1351 ac
1322 1325 1467 1359 propheta,
1485 1328 1513 1352 et
1528 1324 1640 1352 Michma
1666 1325 1811 1360 propheta,

1022 1370 1159 1398 ethorum
1178 1370 1315 1397 similibus
1338 1370 1406 1397 viris
1430 1370 1544 1397 divinis.
1565 1370 1633 1398 Cum
1647 1374 1739 1398 autem
1763 1370 1812 1397 ali-

1022 1416 1133 1450 quando
1151 1416 1196 1442 nix
1212 1415 1296 1442 multa
1311 1415 1472 1449 decidisset,
1487 1419 1515 1443 et
1528 1423 1594 1443 oves
1612 1416 1686 1443 intus
1699 1423 1813 1443 manere

1022 1464 1197 1495 cogerentur,
1208 1461 1293 1488 otium
1309 1461 1417 1496 1266
1432 1466 1532 1489 nactus
1550 1463 1583 1489 ad
1603 1462 1724 1489 divinqu
1742 1467 1812 1489 tem—

1023 1507 1097 1541 plum
1115 1507 1189 1534 venit
1208 1514 1269 1533 cum
1285 1507 1454 1541 parentibus.
1474 1507 1536 1535 llaec
1552 1516 1617 1535 vero
1631 1516 1738 1535 sacram
1752 1508 1812 1542 ejus

1023 1552 1142 1587 linguam
1166 1556 1323 1579 narrantem
1347 1552 1450 1580 audivi.
1475 1553 1573 1580 Aiebat
1594 1561 1659 1589 ergo
1671 1553 1812 1588 evangeli-

1022 1604 1083 1623 cam
1102 1604 1132 1624 se
1150 1605 1246 1624 vocem
1274 1597 1424 1631 audivisse,
1448 1606 1509 1633 qua:
1529 1599 1624 1626 beatos
1653 1599 1812 1633 pronuntiat

1021 1650 1069 1670 eos
1084 1642 1130 1677 qui
1146 1643 1211 1670 flent
1232 1647 1259 1670 et
1283 1643 1388 1678 lugent,
1411 1647 1438 1671 et
1462 1644 1579 1672 miseros
1599 1649 1676 1671 vocat
1699 1652 1747 1672 eos
1765 1644 1811 1679 qui

1022 1688 1124 1721 rident,
1147 1692 1174 1715 ct
1191 1688 1286 1716 felices
1318 1696 1367 1716 eos
1391 1689 1516 1717 nominat
1544 1690 1591 1725 qui
1616 1690 1719 1717 mundo
1746 1695 1811 1717 sunt

1021 1734 1114 1766 corde,
1137 1738 1163 1761 et
1188 1734 1241 1760 alia
1266 1742 1327 1769 quae
1344 1734 1387 1762 his
1413 1742 1537 1762 connexa
1553 1740 1628 1763 sunt.
1649 1736 1751 1763 Deinde
1767 1736 1810 1763 in-

1021 1786 1177 1816 terrogasse
1193 1780 1341 1816 quemdam
1362 1789 1395 1809 ex
1411 1782 1606 1817 praesentibus,
1632 1790 1686 1817 qua
1705 1783 1811 1810 ratione

1020 1827 1077 1854 haec
1097 1828 1229 1862 consequi
1251 1827 1352 1862 aliquis
1370 1828 1470 1862 possit,
1485 1831 1513 1856 et
1530 1828 1605 1855 illum
1629 1829 1811 1856 monasticam

1020 1873 1071 1908 ipsi
1096 1873 1180 1900 vitam
1197 1874 1381 1908 suggessisse,
1403 1882 1595 1909 smumamque
1619 1874 1692 1901 illam
1720 1879 1812 1902 osten-

1020 1918 1094 1946 disse
1113 1919 1327 1954 philosophiam.
1353 1917 1497 1955 Susceptis
1523 1919 1606 1954 igitur
1630 1919 1716 1946 divini
1735 1920 1809 1947 verbi

1020 1964 1184 1995 seminibus,
1210 1965 1279 1992 etin
1304 1965 1450 2000 profundis
1472 1965 1572 1993 anime
1589 1965 1675 1993 sulcis
1698 1963 1751 1993 rite
1767 1973 1810 1993 rc-

1020 2011 1151 2042 οοηιίἱιίε,
1176 2011 1203 2037 in
1232 2011 1352 2037 vicinam
1372 2017 1533 2038 sanctorum
1558 2016 1708 2047 martyrum
1724 2012 1809 2040 tndem

1020 2055 1175 2090 profectum
1200 2063 1229 2083 se
1246 2056 1366 2089 dicebat,
1390 2058 1417 2084 in
1438 2064 1527 2092 eoque
1544 2058 1660 2092 genibus
1677 2062 1703 2085 et
1722 2057 1812 2085 fronte

1021 2101 1079 2127 solo
1093 2100 1193 2133 allixis,
1215 2109 1277 2128 cum
1302 2103 1349 2136 qui
1371 2110 1469 2130 omnes
1497 2103 1623 2130 homines
1638 2104 1696 2130 vult
1718 2104 1811 2132 salvos

1022 2146 1078 2173 fieri
1098 2153 1205 2187 orasse.
1232 2151 1262 2174 ut
1279 2147 1368 2181 ipsum
1390 2148 1423 2174 ad
1441 2147 1588 2183 perfectam
1608 2149 1717 2183 pietatis
1738 2149 1810 2176 viam

1020 2191 1178 2220 deduceret.
1200 2192 1310 2220 Diutius
1324 2198 1412 2220 autem
1427 2194 1454 2220 in
1470 2194 1543 2221 hunc
1556 2195 1665 2221 modum
1682 2203 1810 2229 perseve-

1020 2238 1091 2266 ranti
1116 2238 1169 2266 sibi
1194 2238 1302 2266 dulcem
1324 2239 1470 2273 quemdam
1495 2248 1622 2268 somnum
1643 2241 1811 2275 Obrepsisse,

180 2289 276 2316 τσῦσαι
287 2289 333 2315 τὸν
346 2288 448 2320 πάντας
460 2287 618 2322 ἀνθρώπους
635 2286 732 2318 σώζειν
749 2286 884 2317 ἐθέλοντα,
904 2286 966 2312 ποδ-

1021 2284 1163 2319 visumque
1184 2285 1306 2312 oblatum
1321 2285 1478 2313 istiusmodi
1496 2295 1502 2313 :
1522 2295 1530 2312 ι
1547 2285 1748 2319 Fundamenta,
1768 2287 1810 2314 in-

181 2336 285 2371 ηγῆσαι
312 2334 393 2361 αὑτὸν
431 2334 498 2369 πρὸς
533 2333 582 2368 τὴν
613 2332 719 2359 τελείαν
753 2332 802 2366 τῆς
830 2331 971 2363 εύσεόείας

180 2381 250 2408 ὁδόν.
271 2380 334 2406 Ἐπὶ
361 2379 428 2406 πολὺ
449 2380 477 2406 δὲ
492 2379 587 2405 τοῦτον
605 2378 775 2413 διατρίψαντι
796 2377 841 2404 τὸν
858 2377 970 2412 τρόπον,

180 2426 265 2454 ὕπνον
281 2426 331 2461 μὲν
354 2425 428 2460 αὐτῷ
457 2425 653 2460 προσγενέσθαι
686 2425 746 2451 τινὰ.
766 2424 877 2461 γλυκὺν,
905 2423 969 2458 ὄναρ

180 2472 208 2498 δὲ
219 2471 320 2498 τοιόνδε
347 2470 507 2497 θεάσασθαι·
535 2480 543 2495 ι
569 2470 717 2505 Ὀρύττειν,
742 2469 969 2504 φησὶνπὲδὸκουν

181 2515 305 2550 θεμέλια,
332 2513 391 2542 εἶτά
418 2523 490 2545 τινος
515 2514 631 2546 ἑστῶτος
655 2514 775 2545 ἀκούειν,
805 2514 842 2546 ὡς
867 2514 907 2540 ἔτι
934 2522 969 2549 με

182 2561 308 2596 βαθύνειν
329 2562 359 2588 τὺ
382 2560 493 2596 ὄρυγμα
514 2561 564 2587 δεῖ·
594 2560 795 2596 προστεθεικὼς
820 2561 909 2587 τοίνυν
930 2560 968 2592 ὡς

178 2607 307 2634 ἐκέλευσε
333 2607 425 2643 βάθος,
456 2607 538 2634 πάλιν
565 2607 723 2642 ἐπειρώμην
742 2607 967 2635 διαναπαύεσθαι·

181 2652 249 2679 ἀλλὰ
266 2653 313 2679 καὶ
342 2651 420 2684 αὖθίς
443 2661 487 2688 μοι
510 2652 633 2687 ὀρύττειν
658 2652 835 2687 προσέταττε,
858 2653 904 2679 καὶ
932 2652 969 2688 μὴ

179 2698 276 2732 λήγειν
289 2697 336 2724 τοῦ
355 2697 447 2724 πόνου.
466 2698 532 2732 Τρὶς
548 2697 576 2724 δὲ
601 2706 646 2733 μοι
671 2697 750 2723 τοῦτο
772 2698 819 2724 καὶ
840 2699 968 2732 τετράκις

180 2743 386 2777 παρεγγυήσας,
400 2743 477 2773 τέλος
487 2743 669 2778 ἀποχρώντως
682 2742 752 2778 ἔχειν
767 2743 818 2777 ἔφη
832 2743 861 2770 τὺ
876 2743 966 2778 βάθος,

179 2788 228 2814 καὶ
253 2788 405 2824 οἰκοδομεῖν
427 2788 535 2820 ἀπόνως
557 2788 683 2814 ἐκέλευσε
699 2789 730 2814 τὸ
746 2789 846 2822 λοιπὸν,
866 2790 903 2822 ὡς
919 2791 965 2818 τοῦ

1022 2332 1093 2367 quit,
1110 2332 1176 2359 mihi
1191 2332 1294 2367 fodere
1310 2331 1431 2364 videbar,
1449 2336 1476 2360 et
1491 2337 1625 2361 astantem
1640 2334 1649 2343 “
1665 2333 1810 2368 quemdam

1023 2378 1131 2411 audire,
1154 2378 1202 2413 qui
1227 2377 1332 2406 diceret
1357 2378 1566 2413 profundiorem
1592 2378 1682 2405 adhuc
1707 2378 1810 2406 fossam

1025 2431 1068 2451 me
1088 2424 1178 2451 facere
1192 2428 1335 2459 oportere;
1360 2429 1386 2451 et
1402 2432 1464 2451 cum
1488 2424 1520 2451 ad
1535 2424 1750 2459 profunditatem
1763 2423 1811 2451 ad-

1018 2470 1149 2506 jecisscm
1163 2474 1194 2498 ut
1214 2471 1340 2505 jubebal,
1359 2475 1441 2506 atque
1459 2471 1557 2498 iterum
1570 2470 1714 2506 quiescere
1728 2477 1812 2497 cona-

1021 2524 1077 2548 rer,
1096 2517 1141 2544 ille
1157 2525 1266 2545 rursum
1285 2516 1389 2548 fodere.
1404 2525 1454 2545 nec
1472 2525 1486 2544 a
1501 2517 1593 2544 labore
1605 2524 1714 2544 cessare
1726 2517 1812 2551 impe-

1024 2563 1111 2590 rabat.
1127 2562 1213 2597 ‘,Quod
1234 2566 1277 2590 ter
1292 2568 1446 2597 quaterque
1470 2571 1532 2591 cum
1548 2562 1736 2598 praecepisset,
1753 2565 1811 2588 tan-

1022 2607 1084 2634 dem
1109 2608 1286 2635 sullicientem
1316 2615 1377 2635 esse
1400 2608 1573 2636 altitudinem
1593 2607 1674 2639 dixit,
1701 2611 1728 2634 et
1753 2607 1812 2634 sine

1023 2654 1115 2681 labore
1140 2655 1270 2688 deinceps
1295 2654 1432 2682 asdilicare
1450 2655 1545 2689 jussit.
1571 2656 1651 2690 quasi
1675 2658 1812 2682 cessasset

1023 2699 1110 2731 labor,
1139 2705 1166 2727 et
1185 2701 1254 2727 citra
1277 2701 1396 2729 laborem
1422 2701 1515 2729 futura
1533 2705 1606 2730 esset
1622 2700 1776 2728 :edilicatio.
1798 2709 1808 2725 ι

1023 2745 1092 2773 lluie
1117 2747 1286 2780 pracdictioui
1310 2747 1389 2775 [idem
1417 2756 1462 2776 res
1487 2751 1626 2775 astruuut.
1655 2746 1807 2774 Humanam

1021 2792 1122 2827 ‘lllippc
1152 2797 1278 2820 naturam
1310 2794 1447 2822 excedunt
1473 2802 1533 2830 quzo
1561 2799 1703 2829 geruntur.
1732 2792 1807 2820 llline

823 2879 938 2907 VARI/ii
960 2880 1158 2909 l.E(,‘.Tl0N|‘l\'.

219 2924 241 2939 "7
257 2922 318 2952 Indi
334 2924 411 2950 hath
430 2924 570 2952 llervctus.
591 2926 611 2940 "
629 2926 718 2953 Suam
737 2926 816 2954 llcrv.
