2064 3120
269 185 337 217 1467

745 183 989 214 ΤΗΕΟΒΟΚΕΤί
1007 182 1176 213 EPISCOPI
1202 183 1385 213 CYRENSIS

1828 181 1894 213 1468

267 241 339 267 enim
355 247 516 275 exsurgens,
535 239 567 266 ad
584 239 736 266 vicinorum
757 239 938 274 quorumdam
961 247 1054 266 mona-

1112 238 1187 264 πόνου
1214 238 1399 272 λωφήσαντος,
1432 237 1478 264 καὶ
1501 238 1550 273 τῆς
1580 236 1734 271 οἰκοδομίας
1761 237 1892 272 saepsit;

268 286 382 311 chorum
405 284 592 310 habitaculum
615 285 699 315 venit,
716 283 881 318 duobusque
900 283 979 311 almis
992 289 1053 309 cum

269 331 324 358 illis
340 335 475 362 versatus,
488 334 514 357 et
533 330 638 365 1267
653 329 827 364 perfectioris
841 330 950 356 virtutis
963 336 1054 355 amore

268 381 376 411 captus,
397 375 525 403 Tcledam
551 377 641 402 vicum
661 376 737 402 illum
762 375 850 411 petiit,
875 375 954 410 cujus
975 378 1054 401 antea

269 422 454 452 meminimus,
476 420 548 456 apud
571 429 651 456 quem
674 421 765 456 magni
780 425 807 448 et
823 421 909 447 divini
923 420 974 446 viri
988 421 1054 446 Am-

269 467 377 496 mianus
393 471 420 495 et
438 467 571 495 Eusebius
594 467 773 494 monasticam
792 467 948 501 palaestram
962 473 1056 493 erexe-

269 517 335 540 runt
349 521 356 539 :
376 513 424 540 sed
445 520 498 539 non
515 512 541 540 in
558 513 629 540 hanc
646 513 757 540 divinus
777 511 928 548 Symeones
944 519 973 538 se
990 518 1055 538 con-

269 560 342 592 tulit,
357 559 405 587 sed
424 559 451 586 in
473 559 598 592 alteram,
618 567 679 594 qua:
695 559 730 586 ab
745 566 777 586 ea
802 558 950 594 prodierat.
970 558 1056 585 Euse-

268 605 357 633 bunas
386 606 459 632 enirn
489 610 516 632 et
532 605 630 632 Abibio
647 605 680 637 ",
695 613 757 632 cum
780 605 872 640 magni
889 604 999 632 Eusebii
1012 604 1056 631 di-

270 651 386 686 sciplina
407 652 476 679 satis
495 651 614 679 fuissent
640 651 782 684 instructi,
798 650 852 678 hoc
877 650 1056 686 philosophia:

269 695 442 730 gymnasium
462 686 655 722 condiderant:
679 695 732 728 Qui
753 702 816 722 cum
833 695 918 722 animi
940 702 1056 722 concor-

269 739 314 765 dia
330 740 507 774 moribusque
535 743 591 766 tota
619 740 674 766 vita
690 739 893 772 consenserint,
910 740 984 767 velut
996 739 1056 766 ani-

270 791 340 809 mam
360 791 440 810 unam
460 784 567 811 duobus
583 784 612 811 in
627 784 792 819 corporibus
806 789 941 820 gerentes,
957 784 1057 811 multos

270 829 392 862 ejusdem
416 831 478 856 vita:
500 830 616 864 cupidos
640 830 804 857 habuerant.
820 830 868 857 His
883 833 974 858 autem
993 837 1056 857 cum

271 874 358 909 gloria
379 875 433 901 vita
453 875 564 906 timetis,
590 875 728 902 sodalium
746 875 939 911 praefecturam
963 883 1057 903 susce-

270 920 310 954 pit
326 919 504 948 admiraudus
524 919 699 953 Heliodorus,
719 921 766 956 qui
781 922 922 957 sexaginta
937 922 1058 956 quinque

272 972 358 992 annos
381 973 443 992 cum
461 966 570 998 vixerit,
587 967 656 995 duos
674 967 711 994 ibi
729 971 757 994 et
773 967 916 1002 sexaginta
933 967 1057 995 inclusus

271 1012 414 1046 transegit.
444 1011 543 1039 Tribus
568 1012 641 1040 enim
668 1012 740 1047 apud
767 1017 893 1047 parentes
924 1011 1058 1041 educatus

271 1057 365 1088 annis,
390 1056 423 1084 ad
439 1065 549 1092 gregem
571 1058 644 1084 hunc
661 1058 778 1085 allectus
803 1061 855 1089 est.
878 1064 941 1084 cum
961 1065 1057 1084 eorum

271 1109 333 1136 quae
347 1102 374 1128 in
397 1102 498 1129 sazculo
513 1107 579 1130 sunt
601 1102 670 1129 nihil
691 1102 805 1130 vidisset
828 1109 959 1136 unquam.
978 1101 1058 1130 Dice-

271 1148 319 1175 bat
331 1148 442 1182 quippe.
459 1148 513 1175 sibi
531 1156 582 1176 nec
598 1155 758 1183 porcorum,
775 1155 826 1175 nec
848 1147 992 1182 gallorum,
1010 1155 1060 1175 nec

273 1193 388 1220 aliorum
414 1194 572 1229 hujusmodi
595 1198 688 1221 notam
703 1194 821 1221 formam
839 1201 910 1220 esse.
933 1192 1011 1220 Hunc
1032 1196 1060 1220 et

271 1247 324 1276 ego
337 1241 392 1267 vidi
410 1248 543 1276 persaepe,
566 1247 730 1275 morumque
748 1240 952 1274 simplicitatem
971 1239 1059 1266 admi-

272 1291 349 1314 ratus
364 1295 437 1320 sum,
453 1292 480 1315 et
494 1287 577 1314 animi
593 1287 739 1322 puritatem
755 1293 922 1322 magnopere
936 1285 1058 1320 suspexi.

273 1334 353 1368 Apud
375 1334 447 1361 hunc
470 1334 553 1368 igitur
567 1332 742 1361 clarissimus
766 1332 811 1359 hic
830 1332 932 1358 athleta
951 1330 1060 1366 pietatis

274 1379 368 1406 decem
386 1387 521 1406 annorum
536 1378 625 1413 spatio
649 1378 812 1411 decertavit,
837 1382 861 1405 et
882 1385 944 1404 cum
971 1382 1061 1404 certa-

275 1424 380 1451 minum
395 1425 489 1451 socios
510 1424 625 1451 haberet
639 1425 789 1459 octoginta,
808 1423 890 1458 longe
906 1430 1001 1450 omnes
1019 1429 1063 1450 su-

273 1470 380 1504 peravit
395 1479 401 1496 :
414 1470 481 1497 adeo
495 1473 524 1497 ut
541 1477 603 1497 cum
620 1470 711 1497 caateri
729 1469 841 1498 alternis
857 1469 955 1497 diebus
970 1469 1060 1496 cibum

275 1521 427 1547 sumerent,
448 1521 532 1543 totam
555 1517 612 1551 ipse
631 1515 830 1543 hebdomadam
844 1516 954 1550 jejunus
971 1515 1062 1550 exple-

275 1566 327 1595 ret,
345 1570 417 1597 αιςτο
436 1562 588 1589 ferentibus
607 1562 773 1597 praepositis.
794 1566 820 1588 et
838 1570 900 1588 cum
919 1569 951 1589 eo
967 1563 1061 1588 rixan-
1075 1575 1099 1604 α

276 1609 350 1635 tibus
370 1608 492 1640 assidue,
514 1613 541 1636 et
566 1608 822 1635 immoderatioueln
848 1608 873 1634 id
899 1608 1062 1642 appellanti-

275 1654 340 1684 bus,
357 1661 406 1680 nec
419 1653 584 1688 persuadere
604 1653 708 1684 verbis,
733 1652 959 1686 alacritatemque
978 1651 1064 1679 refre-

276 1708 343 1727 nare
364 1699 530 1727 valentibus.
551 1701 559 1710 '
576 1699 656 1726 Illum
685 1699 794 1734 1268
820 1706 874 1733 ego,
902 1697 991 1733 ipsum
1016 1697 1063 1733 qui

275 1746 352 1781 gregi
375 1754 448 1773 nunc
462 1750 560 1780 praeest
588 1745 692 1778 audivi,
717 1752 779 1772 cutn
809 1750 934 1772 narraret
950 1744 1014 1772 fune
1029 1745 1063 1771 il-

275 1792 331 1819 lum
346 1799 378 1819 ex
400 1792 499 1826 palmis
517 1795 661 1822 contexto,
682 1790 756 1825 quod
776 1797 862 1825 genus
878 1790 1062 1824 asperrimum

276 1842 319 1865 est
332 1838 414 1864 etiam
427 1837 561 1874 manibus
582 1845 646 1863 cum
663 1836 795 1871 tangitur,
813 1836 920 1864 lumbos
932 1835 1063 1867 cinxisse,

276 1890 331 1910 non
354 1882 527 1910 extrinsecus
544 1881 728 1914 circumdato,
749 1881 796 1909 sed
817 1881 851 1908 ad
867 1885 957 1908 cutem
978 1889 1064 1915 oppo-

278 1928 342 1958 sito,
364 1933 391 1954 et
411 1931 466 1953 tam
489 1931 564 1954 arcte
579 1934 751 1961 compresso,
768 1930 797 1954 ut
820 1931 876 1953 tota
893 1926 938 1952 illa
954 1933 1017 1960 pars
1038 1927 1065 1953 in

276 1973 372 1998 orbem
389 1972 607 1999 exulceraretnr.
627 1971 660 1998 Et
676 1980 739 1999 cum
761 1972 821 1999 dies
836 1973 955 2007 amplius
971 1972 1066 1999 decem

279 2018 330 2044 hoc
349 2017 429 2044 modo
453 2017 641 2052 perdurassel,
680 2018 879 2053 sanguinisque
904 2009 989 2053 guttis
1016 2026 1065 2045 ett--

279 2067 435 2097 asperatum
454 2063 531 2090 ulcus
557 2063 684 2096 stillaret,
701 2068 813 2098 rogatus
838 2071 853 2090 a
877 2063 994 2098 quodam
1019 2063 1065 2098 qui

279 2108 383 2134 viderat
399 2116 459 2143 quae
478 2115 561 2136 causa
588 2113 663 2136 esset
687 2109 841 2144 sanguinis,
859 2116 922 2135 cum
944 2109 967 2135 is
984 2109 1067 2136 mole-

279 2154 314 2181 sti
330 2154 380 2181 sibi
404 2155 471 2181 nihil
493 2161 555 2182 esse
576 2154 775 2189 respondisset,
799 2154 852 2181 vim
870 2153 975 2181 faciens
991 2162 1066 2181 com-

280 2200 367 2227 milito
384 2208 495 2227 mauutn
524 2200 649 2232 immisit,
678 2204 705 2227 et
731 2207 843 2227 causam
873 2199 1064 2234 deprehendit,

1105 283 1230 314 εὐκόλως.
1256 293 1264 309 ι
1281 283 1373 319 Ταύτῃ
1393 285 1426 319 τῇ
1442 285 1593 320 προρρήσει
1615 283 1649 310 τὰ
1662 283 1815 318 πράγματα
1827 292 1896 318 μαρ-

1105 330 1191 363 τυρεῖ-
1208 330 1279 366 πέρα
1297 330 1351 364 γὰρ
1374 330 1423 365 τῆς
1436 330 1543 364 φύσεως
1564 329 1599 356 τὰ
1615 331 1756 365 γινόμενα.
1779 329 1897 355 Ἐκεῖθεν

1105 375 1223 407 ἀναστὰς
1246 375 1374 410 ἀσκητῶν
1403 385 1485 402 τινων
1522 376 1732 410 γειτονευόντων
1765 374 1897 401 κατέλαϐε

1106 420 1286 455 καταγώγιον.
1309 421 1361 448 Δύο
1384 422 1412 448 δὲ
1441 422 1533 454 αὐτοῖς
1562 421 1747 455 συνδιαγαγὼν
1768 421 1828 454 ἐτη,
1851 420 1897 446 καὶ

1106 468 1154 502 τῆς
1175 467 1347 503 τελειοτέρας
1372 469 1473 504 ἀρετῆς
1496 468 1633 504 ἐρασθεὶς,
1652 466 1768 493 Τελεδὰν
1791 467 1897 501 ἐκείνην

1105 512 1154 548 τὴν
1173 513 1270 548 κώμην
1290 513 1449 547 κατέλαϐεν,
1466 512 1500 549 ἧς
1523 515 1570 541 καὶ
1580 514 1699 550 πρόσθεν
1712 512 1896 548 ἐμνήσθημεν,

1107 559 1173 595 παρ’
1193 559 1226 595 ήν
1243 559 1267 585 οί
1284 559 1397 594 μεγάλοι
1417 559 1549 587 καὶ-θεῖοι
1562 560 1667 595 ἄνδρες,
1690 558 1841 594 ’Δμμιανὺς
1853 559 1898 584 καὶ

1107 605 1248 636 Εὐσέϐιος,
1259 605 1308 640 τὴν
1324 606 1477 640 ἀσκητικὴν
1495 605 1665 640 παλαίστραν
1676 604 1820 640 ἐπήξαντο.
1830 603 1897 629 Ἀλλ’

1106 651 1156 677 οὐκ
1175 651 1215 682 εἰς
1233 651 1337 686 ταύτην
1352 652 1366 678 ὁ
1380 650 1522 681 θεσπέσιος
1541 651 1689 686 Συμεώνης
1702 650 1827 684 ἀφίκετο,
1840 649 1898 675 ἀλλ’

1107 696 1146 727 είς
1163 695 1213 731 τὴν
1236 695 1332 732 ἑτέραν
1353 696 1402 731 τὴν
1421 697 1454 723 ὲκ
1469 696 1574 727 ταύτης
1589 695 1792 730 βλαστήσασαν.
1814 694 1899 720 Εὐσε-

1107 739 1196 772 ϐώνας
1210 740 1264 776 γὰρ
1281 741 1327 766 καὶ
1350 740 1490 772 Ἀδιδίων,
1509 740 1559 775 τῆς
1575 739 1707 766 Εὑσεϐίου
1718 738 1766 765 τοῦ
1779 738 1898 774 μεγάλου

1106 785 1276 816 διδασκαλίας
1298 785 1397 817 ἱκανῶς
1409 785 1621 816 ἀπολαύσαντες,
1636 785 1695 811 τόδε
1715 785 1745 810 τὸ
1761 784 1811 818 τῆς
1823 783 1900 816 φιλο-

1108 830 1203 864 σοφίας
1231 829 1443 866 ᾠκοδομήσαντο
1469 830 1687 865 φροντιστήριον.
1723 828 1900 863 Ὀμογνώμο-

1108 884 1153 907 νες
1173 875 1201 902 δὲ
1228 876 1272 903 διὰ
1303 876 1362 911 βίου
1392 876 1439 902 καὶ
1468 877 1615 911 ὁμότροποι
1645 875 1798 910 γεγονότες,
1819 873 1900 900 οἱονεὶ

1110 921 1175 956 μίαν
1194 920 1283 956 ψυχὴν
1310 921 1339 948 ἐν
1360 921 1406 948 δύο
1425 921 1549 956 σώμασιν
1572 921 1766 953 ἐπιδείξαντες.
1787 919 1900 950 πολλαὶς

1107 966 1186 1002 ἔσχον
1204 967 1251 994 τοῦ
1269 967 1326 1002 βίου
1342 967 1521 1003 συνεραστάς.
1536 967 1646 993 Τούτων
1656 967 1684 994 δὲ
1701 966 1760 1001 μετ’
1775 966 1899 997 εὐκλείας

1108 1012 1308 1045 ὑπεξελθόντων
1324 1013 1370 1039 τὸν
1384 1012 1454 1048 βίον,
1474 1012 1635 1047 Ἡλιόδωρος
1652 1012 1666 1036 ὁ
1681 1011 1834 1045 θαυμάσιος
1847 1011 1898 1044 τὴν

1107 1057 1162 1084 τῶν
1179 1057 1310 1084 συνοίκων
1324 1058 1472 1093 ἡγεμονίαν
1487 1056 1606 1089 ἐδέξατο*
1621 1056 1651 1088 ὃς
1673 1056 1753 1082 πέντε
1774 1056 1823 1082 καὶ
1838 1055 1900 1090 ἑξή-

1109 1111 1191 1130 κοντα
1200 1102 1247 1138 ἔτη
1258 1102 1415 1134 διαϐιώσας,
1427 1103 1473 1129 δύο
1488 1103 1535 1128 καὶ
1548 1103 1677 1138 ἐξήκοντα
1687 1102 1760 1128 ἔνδον
1776 1101 1900 1136 καθειργ-

1111 1147 1189 1183 μένος
1196 1147 1345 1174 διετέλεσεν
1357 1147 1414 1183 ἔτη·
1427 1148 1490 1183 τρία
1498 1147 1552 1183 γάρ
1561 1147 1607 1182 ἐτη
1620 1146 1697 1182 παρὰ
1706 1147 1763 1178 τοῖς
1771 1155 1900 1181 γεγεννη-

1110 1193 1170 1219 κόσι
1180 1194 1303 1227 τραφεὶς,
1320 1195 1359 1224 εὶς
1370 1193 1418 1229 τὴν
1430 1193 1530 1228 ἀγέλην
1538 1193 1695 1228 εἰσελήλυθε
1703 1193 1815 1228 ταύτην,
1825 1193 1900 1219 οὐδὲν

1109 1236 1164 1263 τῶν
1174 1237 1202 1263 ὲν
1212 1237 1250 1272 τῷ
1264 1237 1313 1272 βίῳ
1323 1238 1491 1272 γιγνομένων
1502 1237 1671 1272 θεασάμενος
1681 1237 1804 1283 ῑτώποτε.
1815 1237 1901 1271 Ἐφα-

1111 1291 1159 1309 σκε
1169 1283 1207 1315 δὲ,
1220 1283 1282 1318 μηδ’
1293 1283 1358 1310 αὐτὸ
1367 1283 1465 1310 εἰδέναι
1478 1283 1532 1309 τῶν
1542 1283 1651 1318 χοίρων,
1663 1283 1679 1317 ἢ
1692 1283 1746 1308 τῶν
1755 1282 1901 1316 ἀλεκτρυό-

1111 1330 1199 1364 νων,ή
1211 1329 1264 1355 τῶν
1275 1329 1362 1356 ἄλλων
1377 1329 1429 1356 τῶν
1442 1329 1572 1355 τοιούτων
1581 1328 1611 1355 τὸ
1621 1326 1701 1359 εἶδος.
1714 1327 1815 1354 Τούτου
1825 1327 1902 1361 κάγὼ

1111 1375 1243 1407 πολλάκις
1253 1375 1302 1410 τῆς
1314 1375 1379 1407 Θέας
1396 1376 1553 1409 ἁπήλαυσα,
1564 1374 1611 1401 καὶ
1628 1374 1683 1401 τῶν
1694 1374 1804 1409 τρόπων
1819 1373 1900 1400 ἐθαύ-

1113 1429 1188 1457 μασα
1200 1421 1249 1457 τὴν
1263 1421 1412 1456 ἁπλότητα,
1428 1422 1474 1448 καὶ
1488 1421 1502 1447 ὖ
1509 1419 1684 1456 περηγάσθην
1702 1419 1775 1454 μάλα
1789 1418 1838 1454 τὴν
1852 1418 1902 1453 τῆς

1111 1466 1202 1501 ψυχῆς
1212 1467 1394 1502 καθαρότητα.
1407 1467 1477 1501 Πρὸς
1488 1465 1582 1493 τοῦτον
1592 1465 1759 1500 ἀφικόμενος
1776 1465 1791 1491 ὁ
1805 1464 1902 1490 πέντα-

1113 1512 1174 1542 θλος
1183 1509 1260 1544 οὗτος
1276 1513 1325 1547 τῆς
1340 1512 1481 1543 εὐσεόείας
1494 1511 1658 1545 ἀγωνιστὴς,
1671 1510 1737 1536 δέκα
1756 1510 1804 1544 μὲν
1817 1508 1903 1536 διετέ-

1113 1558 1189 1585 λεσεν
1198 1558 1397 1593 ἀγωνιζόμενος
1409 1557 1464 1591 ἔτη·
1475 1557 1639 1592 ὀγδοήκοντα
1652 1556 1682 1582 δὲ
1698 1554 1903 1589 συναγωνιστὰς

1115 1603 1195 1638 ἔχων,
1217 1603 1430 1637 ὑπερηκόντισεν
1459 1601 1591 1632 ἅπαντας·
1617 1601 1666 1627 καὶ
1688 1600 1743 1626 τῶν
1760 1599 1847 1627 ἄλλων
1860 1599 1905 1626 διὰ

1114 1648 1161 1674 δύο
1180 1648 1290 1683 ἡμερῶν
1305 1647 1493 1674 ἀπολαυόντων
1509 1647 1625 1682 τροφῆς,
1645 1647 1738 1672 πᾶσαν
1756 1645 1848 1676 ἄσιτος
1861 1642 1905 1672 ob.

1115 1703 1160 1724 τος
1185 1694 1235 1729 τὴν
1266 1693 1400 1728 ἑϐδομάδα
1426 1693 1553 1728 διέμεινε.
1589 1692 1826 1727 Δυσχεραινόντων
1855 1691 1905 1726 μὲν

1114 1739 1169 1766 τῶν
1191 1739 1439 1774 προστατευάντων,
1464 1739 1511 1765 καὶ
1532 1738 1762 1773 ζυγομαχούντων
1779 1737 1842 1768 ἀεὶ,
1858 1737 1906 1763 καὶ

1115 1785 1226 1817 ἀταξίαν
1239 1786 1269 1811 τὸ
1286 1786 1400 1820 πρᾶγμα
1425 1783 1589 1816 καλούντων,
1604 1784 1635 1811 οὐ
1650 1783 1798 1810 πειθόντων
1812 1782 1842 1809 δὲ
1850 1783 1906 1812 τοῖς

1115 1830 1281 1864 λεγομένοις,
1291 1830 1352 1856 οὐδὲ
1367 1829 1490 1864 χαλιινοῦν
1512 1828 1668 1862 δυναμένων
1680 1827 1728 1862 τὴν
1740 1826 1904 1862 προθυμίαν.

1118 1875 1241 1901 Ἤκουσα
1251 1875 1278 1901 δὲ
1286 1874 1369 1900 αὺτοῦ
1385 1874 1488 1900 ἐκείνου
1500 1873 1678 1909 διηγουμένου
1686 1872 1734 1898 καὶ
1745 1871 1791 1897 τοῦ
1799 1870 1848 1897 νῦν
1857 1870 1907 1904 τῆς

1116 1920 1200 1953 αὐτῆς
1219 1920 1320 1954 ἀγέλης
1333 1918 1557 1954 ἡγεμονεύοντος,
1573 1918 1610 1949 ὡς
1623 1917 1741 1952 σχοινίον
1760 1916 1826 1942 ποτὲ
1853 1914 1907 1941 ἀπὸ

1117 1966 1244 2000 φοινίκων
1278 1964 1531 1999 κατεσκευασμένον
1554 1962 1644 1990 λαϐὼν
1673 1962 1849 1998 (τραχυτάτη
1878 1960 1907 1986 δὲ

1117 2011 1185 2045 αὕτη
1204 2011 1264 2037 λίαν
1284 2011 1330 2037 καὶ
1360 2010 1438 2045 χερσὶ
1468 2008 1709 2044 προσψαυοὺσαις),
1730 2007 1841 2039 διέζωσε
1857 2006 1907 2041 τὴν

1116 2057 1212 2090 ὀσφὺν,
1242 2055 1297 2082 οὔτ’
1314 2055 1412 2088 ἔξωθεν
1430 2055 1562 2090 περιθεὶς,
1580 2054 1637 2080 ἀλλ’
1651 2053 1726 2088 αὖτῷ
1747 2051 1907 2087 προσούσας

1117 2102 1155 2136 τῷ
1168 2102 1291 2136 δέρματι·
1312 2102 1358 2127 καὶ
1384 2101 1455 2127 οὕτω
1476 2100 1536 2126 λίαν
1561 2098 1749 2133 συνέσφιγξεν,
1768 2098 1806 2129 ὼς
1834 2097 1907 2124 ἇπαν

1117 2148 1204 2173 ἐκεῖνο
1227 2148 1254 2173 ὲν
1278 2147 1369 2181 κύκλῳ
1394 2147 1423 2172 τὸ
1447 2146 1529 2181 μέρος
1546 2145 1676 2176 ἑλκῶσαι,
1703 2140 1725 2177 ᾧ
1743 2143 1905 2178 περιέκειτο.

1124 2193 1166 2224 Ὠς
1176 2193 1203 2218 δὲ
1221 2193 1329 2225 πλείους
1352 2192 1367 2226 ἦ
1385 2191 1450 2218 δέκα
1463 2192 1570 2226 ἡμέρας
1590 2191 1684 2216 τοῦτον
1704 2189 1839 2216 διετέλεσε
1860 2188 1907 2214 τὸν

278 2247 479 2280 prmpositoque
495 2245 635 2272 indicavit.
653 2245 707 2278 Qui
730 2252 791 2272 mox
816 2245 892 2272 illum
908 2245 1061 2279 increpans.

1117 2240 1227 2274 τρόπον,
1245 2239 1292 2264 καὶ
1314 2238 1345 2264 τδ
1367 2237 1444 2269 ἕλκος
1468 2236 1660 2271 χαλεπώτερον
1680 2232 1907 2269 γιγνόμενον,αῖ-

277 2296 306 2318 et
322 2291 483 2323 obsecrans,
506 2291 600 2325 reique
615 2290 789 2318 atrocitatem
804 2291 952 2323 damnans,
972 2291 1068 2318 vincu-

280 2338 336 2363 lum
355 2337 421 2363 illud
447 2337 491 2363 vix
507 2337 608 2363 exemit
626 2346 632 2362 :
654 2336 702 2363 sed
718 2343 752 2363 ne
765 2337 805 2364 sic
818 2337 928 2372 quidem
943 2336 1067 2368 adduxit,

281 2387 310 2408 nt
327 2382 409 2408 ulceri
424 2381 587 2408 medicinam
606 2381 726 2416 aliquam
743 2381 894 2411 adhiberel.
909 2382 969 2409 Alia
986 2389 1067 2417 porro

283 2427 440 2461 luunsmodi
468 2431 624 2458 cernentes,
647 2426 779 2454 excedere
806 2427 884 2454 illum
905 2435 920 2454 e
940 2427 1067 2461 palaestra

280 2473 433 2506 jusserunt,
463 2479 497 2498 ne
518 2479 633 2506 corpore
663 2472 901 2504 imbecillioribus,
926 2477 954 2500 et
983 2479 1066 2508 supra

283 2517 355 2543 vires
389 2524 453 2543 suas
487 2517 609 2544 :emulari
651 2517 817 2546 conantibus
853 2518 954 2545 damno
982 2521 1065 2546 esset.

283 2561 416 2596 Egressus
432 2568 506 2596 ergo,
524 2566 551 2589 ct
573 2562 727 2590 desertiora
750 2562 851 2589 montis
879 2563 939 2590 loca
960 2566 1066 2598 petens,

281 2608 430 2634 ristcl‘nam
458 2608 536 2642 aquis
567 2615 693 2640 vacuam,
726 2615 777 2635 nec
800 2607 877 2635 valde
904 2607 1067 2642 profundam

283 2660 390 2684 uaezus,
405 2654 429 2679 in
441 2661 500 2680 eam
515 2661 544 2680 se
560 2654 649 2688 ipsum
661 2654 780 2685 demisit,
798 2653 889 2688 ibique
904 2652 958 2680 Deo
975 2653 1067 2680 laudes

284 2699 391 2725 obtulit.
407 2698 472 2725 Post
489 2699 548 2725 dies
574 2699 705 2733 quinque,
723 2698 885 2733 ptenitcntia
908 2697 981 2724 ducti
996 2704 1066 2732 prte-

285 2744 366 2780 positi
384 2743 451 2770 duos
467 2744 564 2771 misere
581 2751 643 2771 cum
670 2743 807 2771 mandatis
828 2746 856 2769 ut
874 2743 948 2768 illum
965 2749 1068 2776 quarre-

1120 2293 1203 2319 ματος
1217 2283 1291 2318 ἠφίει
1316 2283 1456 2317 σταγόνας,
1476 2283 1556 2317 ἤρετό
1571 2290 1611 2312 τις
1630 2281 1713 2308 αὑτὸν
1728 2280 1906 2314 θεασάμενος,

1117 2331 1158 2362 τίς
1178 2329 1284 2364 ἡαίτία
1305 2329 1350 2355 τοῦ
1375 2329 1504 2364 αῖματος’
1527 2327 1575 2354 τοῦ
1595 2327 1624 2353 δὲ
1646 2326 1730 2361 μηδὲν
1745 2325 1818 2360 ἔχειν
1832 2326 1908 2351 ἀνια-

1119 2378 1164 2412 ρὸν
1179 2376 1315 2410 λέγοντος,
1342 2375 1505 2410 βιασάμενος
1520 2375 1534 2400 ὁ
1561 2371 1765 2406 συναγωνιστὴς
1789 2371 1835 2397 καὶ
1858 2370 1907 2403 τὴν

1117 2424 1196 2459 χεῖρα
1211 2422 1332 2452 ἐνέϐαλε,
1356 2421 1404 2447 καὶ
1421 2421 1470 2455 τὴν
1489 2419 1579 2446 αἰτίαν
1605 2417 1756 2452 κατέμαθε,
1783 2417 1830 2442 καὶ
1844 2415 1908 2441 ταύ-

1119 2479 1177 2506 την.
1194 2469 1233 2504 τῷ
1246 2467 1455 2503 προστατεύοντι
1476 2467 1676 2500 κατεμήνυσεν.
1701 2463 1806 2490 Αὐτίκα
1819 2462 1907 2488 τοίνυν

1121 2515 1167 2541 καὶ
1188 2514 1334 2548 ἐπιτιμῶν,
1354 2512 1402 2539 καὶ
1427 2510 1602 2547 παρακαλῶν,
1632 2509 1678 2535 καὶ
1687 2507 1733 2534 τοῦ
1748 2507 1907 2542 πράγματος

1121 2560 1169 2595 τὴν
1188 2559 1317 2594 ὠμότητα
1337 2556 1498 2587 διαϐάλλων,
1520 2555 1596 2590 μόλις
1615 2555 1720 2580 ἐκεῖνον
1732 2552 1838 2579 διέλυσε
1863 2551 1908 2577 τὸν

1121 2594 1230 2639 δεσμόν.
1263 2603 1333 2628 ⁸Δλλ¹
1362 2601 1417 2628 οὐδ’
1436 2600 1522 2632 οὕτως
1548 2600 1642 2626 ἔπεισε
1669 2597 1819 2632 θεραπείαν
1848 2594 1906 2621 τινὰ

1121 2650 1218 2684 ἐκείνῳ
1243 2648 1283 2683 τῷ
1308 2648 1382 2674 ἕλκει
1407 2647 1611 2682 προσενεγκεῖν,
1638 2644 1722 2670 "Aith
1744 2643 1772 2669 δὲ
1796 2641 1906 2668 τοιαῦτα

1121 2695 1224 2730 δρῶντα
1247 2694 1374 2729 ὁρῶντες,
1401 2693 1554 2727 ἀναχωρεῖν
1571 2691 1621 2725 τῆς
1643 2690 1814 2723 παλαίστρας
1836 2686 1906 2713 ὲκείς

1122 2750 1170 2776 νης
1184 2741 1317 2773 ἐκέλευον,
1330 2739 1367 2771 ὡς
1394 2739 1427 2766 ἂν
1442 2738 1478 2774 μὴ
1500 2739 1554 2769 τοῖς
1572 2736 1764 2771 ἀσθενέστερον
1780 2734 1810 2761 τὸ
1828 2732 1905 2767 σῶμα

906 2829 1018 2857 \‘ARHﬁ
1036 2829 1234 2857 [.liCTlONES.

327 2880 348 2895 ²’¹
369 2878 473 2906 Abite».
488 2878 594 2906 llcrvet.
