2064 3120
225 202 291 235 1469

821 202 1026 234 RELIGIOSA
1045 202 1236 232 HISTORIA.

1772 198 1839 231 1470

222 262 413 296 διακειμένοις,
430 262 477 287 καὶ
491 262 587 297 ζηλοῦν
602 262 636 288 τὰ
649 262 719 297 ὑπὲρ
734 262 847 297 δύναμιν
862 263 1006 298 πειρωμέ-

1058 264 1119 288 rent
1134 266 1161 287 et
1174 259 1344 287 redueerenl.
1361 257 1456 292 itaque
1475 260 1593 284 montem
1609 256 1742 282 obeuntes
1758 261 1841 288 quos-

222 315 286 338 νοις,
313 306 416 341 βλάϐης
434 307 521 338 αἴτιος
539 307 654 340 γένοιτο.
685 307 814 339 Ἑξελθὼν
837 309 936 339 τοίνυν,
961 309 1008 334 καὶ

222 352 257 378 τὰ
277 352 431 388 ἐρημότερα
454 353 501 379 τοῦ
531 353 609 386 ὅρους
640 353 811 387 καταλαόὼν,
840 354 887 381 καὶ
908 355 1008 381 λάκκον

222 397 283 424 τινὰ
300 397 387 431 εὑρὼν
414 397 537 433 ἄνυδρον,
563 398 611 424 καὶ
635 398 666 424 οὐ
688 399 748 425 λίαν
770 398 865 433 βαθὺν,
887 399 1007 434 καθῆκεν

223 443 263 473 είς
280 441 375 468 τοῦτον
390 442 496 475 ἑαυτὸν,
512 443 560 469 καὶ
576 443 615 478 τῷ
625 443 683 477 Θεῷ
705 444 754 478 τὴν
775 444 909 478 ὑμνιῷαν
928 452 1008 480 προσ-

223 487 314 522 έφερε.
344 486 428 513 Πέντε
451 487 480 513 δὲ
502 487 697 523 διαγενομένων
714 488 834 523 ἡμερῶν,
851 488 1005 523 μεταμελη-

223 532 314 564 θέντες
339 534 363 558 οἱ
387 533 437 568 τῆς
461 533 632 568 παλαίστρας
660 535 766 568 ἐκείνης
794 534 938 568 ἡγεμόνες.
961 534 1007 560 δύο

221 577 297 609 τινὰς
313 577 479 616 ἐξέῖτεμψαν,
498 578 661 614 ἐπιζητῆσαί
681 587 709 605 τε
734 579 814 605 αὐτὸν
831 579 878 605 καὶ
893 580 1006 613 ἀγαγεῖν

223 624 428 658 ἐπιτρέψαντες.
456 624 600 659 Τοιγάρτοι
625 624 654 650 τὺ
668 624 730 659 ὅρος
747 620 818 650 οὗτοι
843 624 1006 659 περινοστή-

224 677 329 700 σαντες,
353 669 449 703 ἤροντό
474 677 548 699 τινας
571 669 628 695 ἐκεῖ
654 669 799 704 θρέμματα
823 668 965 704 νέμοντας,
982 669 1008 694 ετ

222 723 283 740 τινα
310 714 456 741 ἐθεάσαντο
477 714 575 741 τοιόνδε
597 714 694 750 χρῶμα
718 714 826 748 ἔχοντα,
847 714 894 740 καὶ
914 715 1006 748 σχῆμα

223 761 424 796 περικείμενον.
455 760 498 791 Ὡς
525 760 553 786 δὲ
578 760 623 786 τὸν
640 760 739 787 λάκκον
754 760 778 786 oi
796 760 924 794 ποιμένες
955 760 1007 786 ὑπ-

222 807 336 839 έδειξαν,
361 806 446 832 πολλὰ
474 806 523 841 μὲν
546 806 627 837 εὐθὺς
650 805 827 840 κατεὸόησαν·
842 806 958 840 σχοινίον
978 805 1006 831 δὲ

221 852 286 878 εὐθὺ
298 852 471 886 κομίσαντες,
499 853 546 878 σὺν
569 851 659 887 πολλῷ
678 852 759 878 αὑτὸν
775 853 943 887 ἀνιμήσαντο
958 851 1007 878 πό-

222 907 269 931 νῳ.
284 897 321 922 Οὑ
346 896 400 931 γὰρ
411 898 443 931 τῇ
457 896 561 930 καθόδῳ
577 897 774 931 παραπλησίως
795 898 811 931 ἠ
831 896 922 928 ἄνοδος
933 898 1006 923 ἐστιν

222 944 349 978 εὐπετὴς.
378 942 481 976 Ὀλίγον
509 943 598 969 τοίνυν
627 944 692 978 παρ’
722 942 836 974 ἐκείνοις
862 931 1043 978 διατρίψαςθ

221 990 325 1024 χρόνον,
346 990 385 1020 εἷς
402 989 564 1015 Τελάνισσον
588 990 703 1023 ἀφίκετο
725 989 832 1024 κώμην,
849 991 882 1025 τῇ
899 990 1005 1024 κορυφῇ

221 1036 262 1069 ἐφ’
287 1032 366 1072 ᾖνῦν
381 1035 495 1070 ἕστηκεν
522 1035 713 1069 ὑποκειμένην.
738 1035 781 1061 Ἑν
802 1035 886 1070 ταύτῃ
910 1035 1006 1070 μικρὸν

220 1081 341 1107 οἰκίσκον
363 1080 461 1115 εὑρὼν,
485 1081 547 1115 τρία
570 1080 766 1115 καθειργμένος
783 1081 932 1107 διετέλεσεν
947 1081 1005 1116 ἐτη.

220 1125 317 1159 Αὔξειν
334 1125 361 1152 δὲ
381 1126 425 1152 ἀεὶ
452 1125 500 1160 τῆς
526 1126 626 1160 ἀρετῆς
638 1125 683 1151 τὸν
706 1125 819 1152 πλοῦτον
835 1125 1005 1160 φιλονεικῶν,

220 1172 377 1206 ἐπεθύμησε
399 1172 502 1206 Μωῠσῇ
520 1172 565 1198 καὶ
585 1171 661 1206 Ἠλίᾳ
681 1174 734 1203 τοῖς
755 1172 837 1203 θείοις
853 1171 1006 1207 ἀνθρώποις

219 1217 416 1252 παραπλησίως
424 1217 626 1251 τεσσαράκοντα
639 1217 691 1251 ἡμέ
697 1225 745 1251 ρας
754 1217 846 1249 ἄσιτος
856 1217 1005 1253 διαμεῖναι.

219 1263 273 1289 Καὶ
291 1262 380 1288 πείθει
409 1262 455 1306 τον
482 1262 632 1296 θαυμάσιον
659 1263 773 1294 Βάσσον,
800 1263 829 1294 ὃς
853 1264 1006 1298 τηνικαῦτα

219 1308 319 1339 πολλὰς
328 1308 495 1343 περιώδευσέ
510 1308 606 1342 κώμας
621 1309 676 1339 τοῖς
691 1308 760 1335 κατά
776 1308 872 1344 κώμην
888 1310 1005 1344 ἱερεῦσιν

219 1353 382 1384 ἐπιστατῶν,
407 1353 490 1388 μηδὲν
514 1353 588 1380 ἔνδον
608 1354 657 1388 μὲν
681 1345 852 1384 καταλιπεῖνί
879 1355 957 1389 πηλῷ
977 1355 1005 1381 δὲ

219 1401 383 1435 καταχρῖσαι
407 1400 457 1435 τὴν
487 1400 583 1434 θύραν.
601 1399 656 1426 Τοῦ
675 1400 704 1427 δὲ
724 1401 772 1428 καὶ
795 1401 845 1436 τήν
861 1401 1005 1428 δυσκολίαν

217 1445 265 1471 τοῦ
295 1446 456 1480 πράγματος
481 1446 708 1481 ὑπαγορεύοντος.
734 1447 782 1473 καὶ
811 1446 1005 1481 παραινοῦντος

221 1491 259 1525 μὴ
274 1491 395 1525 νομίζειν
420 1491 521 1526 ἀρετὴν
541 1489 610 1518 εἶναι
627 1492 673 1518 τὸν
689 1491 775 1526 βίαιον
794 1491 918 1518 θάνατον·
937 1501 1005 1518 κατ-

217 1536 317 1570 ηγορία
329 1536 383 1571 γὰρ
405 1536 485 1569 αὕτη,
504 1537 551 1562 καὶ
567 1537 692 1572 μεγίστη,
714 1537 762 1563 καὶ
786 1537 892 1572 πρώτηθ
905 1546 914 1562 ι
926 1537 1006 1564 ’Δλλά

218 1581 249 1607 σύ
261 1590 304 1615 γε,
317 1582 380 1617 ἔφη,
406 1579 428 1608 ὦ
445 1583 545 1617 Πάτερ,
560 1582 625 1609 δέκα
650 1591 695 1617 μοι
709 1582 808 1617 ἄρτους
823 1583 871 1610 καὶ
886 1584 1004 1618 στάμνον

217 1626 314 1658 ὓδατος
334 1627 448 1658 ἀπόθου,
470 1628 521 1654 κᾶν
540 1628 588 1654 ἴδω
600 1628 629 1654 τὸ
642 1627 721 1662 σῶμα
747 1630 851 1662 τροφῆς
867 1629 1005 1663 δεόμενον,

218 1672 407 1707 μεταλήψομαι
422 1673 534 1699 τούτων.
559 1683 569 1698 ι
593 1673 717 1707 Ἐγένετο
738 1673 776 1705 ὠς
799 1674 936 1700 ἐκέλευσε·
958 1675 1007 1701 καὶ

215 1718 250 1744 τὰ
278 1719 327 1752 μὲν
353 1719 507 1750 ἀπετίθετο,
529 1720 545 1753 ἡ
564 1719 634 1754 θύρα
647 1719 675 1746 δὲ
690 1719 735 1746 τὸν
748 1720 834 1754 πηλὸν
847 1720 1004 1755 ὑπεδέχετο.

217 1763 294 1789 Μετὰ
312 1763 339 1789 δὲ
363 1764 393 1790 τὸ
405 1764 481 1795 τέλος
498 1765 551 1790 τῶν
565 1764 687 1800 ἡμερῶν,
700 1763 750 1801 ἧκε
767 1766 815 1800 μὲν
826 1767 840 1792 ὁ
856 1766 1006 1801 θαυμάσιος

216 1810 318 1839 ἐκεῖνος
348 1810 396 1835 καὶ
421 1810 469 1835 τοῦ
499 1810 566 1836 Θεοῦ
594 1810 736 1845 ἄνθρωπος
763 1810 876 1844 Βάσσος,
907 1812 954 1838 τὸν
977 1812 1006 1838 δὲ

215 1853 300 1887 πηλον
321 1853 439 1886 ἀφελὼν,
462 1855 508 1880 καὶ
534 1855 582 1888 τῆς
600 1854 686 1890 θύρας
705 1855 770 1882 εἵσω
784 1857 939 1891 γενόμενος,
959 1854 1005 1883 εὗ-

216 1906 245 1932 ρε
264 1898 313 1929 μὲν
336 1898 391 1924 τῶν
408 1898 497 1932 ἄρτων
514 1899 558 1924 τὴν
574 1898 700 1933 ἀριθμὸν,
718 1897 781 1934 εὗρε
796 1900 823 1925 δὲ
841 1900 931 1935 πλήρη
957 1901 1005 1926 καὶ

213 1943 260 1969 τὸν
273 1944 391 1977 στάμνον
410 1944 456 1970 τοῦ
482 1943 589 1975 ὕδατος,
610 1944 691 1970 αὐτὸν
707 1944 734 1970 δὲ
755 1944 857 1971 ἄπνουν
871 1946 1006 1981 ὲρριμμέη

214 1998 270 2019 νον,
286 1989 332 2014 καὶ
346 1989 409 2015 οὔτε
422 1989 599 2023 φθέγγεσθαι,
613 1989 676 2016 οὕτε
693 1991 828 2017 κινεῖσθαι
845 1991 1003 2026 δυνάμενον.

216 2034 356 2068 Σπογγιὰν
372 2035 462 2060 τοίνυν
486 2035 600 2069 αἰτήσας
634 2035 682 2061 καὶ
700 2036 784 2072 ταύτῃ
800 2036 830 2062 τὸ
852 2037 938 2071 στόμα
950 2037 1005 2063 δια-

216 2077 313 2112 σρέξας
327 2077 374 2104 καὶ
386 2078 553 2110 ἁποκλύσας,
567 2080 756 2115 προσήνεγκεν
769 2081 845 2114 αὑτῷ
853 2082 906 2107 τῶν
924 2082 1004 2109 θείων

217 2123 374 2157 μυστηρίων
404 2124 437 2150 τὰ
461 2124 592 2158 σύμϐολα.
623 2126 678 2151 Καὶ
708 2125 795 2157 οὕτως
827 2127 871 2153 διὰ
902 2127 1005 2154 τούτων

216 2168 402 2203 ἀναρρωσθεὶς
432 2170 564 2205 ἀνέστησέ
590 2179 619 2197 τε
644 2171 750 2203 ἑαυτὸν,
765 2172 812 2198 καὶ
833 2174 935 2208 τροφῆς
957 2182 1005 2208 μερ

214 2215 293 2249 τρξας
313 2215 454 2249 μετέλαὸε,
472 2215 640 2251 θριδακίνας,
652 2217 698 2243 καὶ
719 2218 816 2252 σέρεις,
834 2218 881 2244 καὶ
894 2219 928 2244 τὰ
942 2219 1004 2244 τού-

1018 1607 1040 1636 ο

1060 306 1122 333 dam
1150 304 1197 339 qui
1221 311 1286 331 oves
1311 303 1348 330 ibi
1366 302 1518 337 pascebant
1544 300 1696 336 percontati
1717 304 1791 331 sunt,
1806 306 1840 326 an

1058 356 1222 386 quemquam
1239 348 1290 375 hoc
1305 348 1362 375 oris
1383 347 1485 379 colore,
1506 351 1534 373 et
1555 347 1595 373 sic
1612 346 1736 373 indutum
1754 345 1840 372 vidis-

1058 400 1147 428 sent;
1177 401 1295 428 cumque
1319 393 1357 419 illi
1393 393 1540 419 cisternam
1568 394 1840 420 commonstrassent.

1058 448 1171 476 magnos
1192 439 1285 467 statim
1307 439 1443 465 clamores
1464 436 1619 468 ediderunt,
1634 440 1661 462 et
1677 436 1759 462 allato
1775 434 1840 462 fune

1061 485 1261 521 mult01269
1276 485 1352 512 illum
1367 490 1430 510 cum
1451 483 1545 509 labore
1564 482 1728 508 eduxerunt.
1747 480 1840 514 Neque

1056 533 1129 561 enim
1160 539 1236 567 aeque
1263 530 1352 558 facilis
1378 533 1420 556 est
1452 534 1584 555 ascensus
1612 534 1644 553 ac
1678 526 1840 553 descensus.

1057 578 1136 604 Brevi
1149 584 1214 611 ergo
1240 581 1361 610 tempore
1391 573 1463 608 apud
1492 572 1553 599 illos
1583 574 1779 601 commoratus,
1813 571 1840 597 in

1058 623 1232 650 Telanissum
1249 622 1271 637 '°
1288 620 1377 647 vicum
1394 619 1534 653 profectus
1558 621 1610 649 est,
1628 616 1730 643 montis
1745 616 1841 643 vertici

1057 669 1084 695 in
1102 675 1156 703 quo
1169 675 1242 694 nunc
1255 667 1330 701 degit
1346 665 1496 693 subditum.
1518 664 1546 691 ln
1563 664 1614 691 hoc
1630 669 1740 697 parvam
1755 661 1842 689 oﬁ‘en-

1045 714 1125 751 _dens
1148 712 1355 743 domunculam,
1382 714 1438 737 tres
1461 716 1548 736 armos
1574 708 1699 735 inclusus
1720 706 1840 734 mansit:

1056 758 1221 792 virtutisque
1234 764 1301 791 opes
1316 763 1416 790 augere
1425 756 1451 781 in
1463 755 1522 781 dies
1531 753 1711 783 contendens,
1722 751 1841 786 quadra-

1056 805 1132 840 ginta
1148 803 1218 833 dies,
1232 802 1304 829 sicut
1318 801 1404 828 divini
1416 801 1474 838 _viri
1490 799 1579 826 Moses
1590 802 1618 826 et
1632 797 1714 830 Elias,
1729 797 1842 831 jejunus

1056 849 1208 883 transigere
1230 846 1397 881 concupivit.
1430 844 1533 872 Suadet
1564 845 1657 878 itaque
1681 843 1842 869 admirando

1056 896 1153 926 Basso,
1166 894 1213 929 qui
1228 900 1294 920 tunc
1314 892 1445 926 temporis
1467 891 1568 917 multos
1588 889 1664 916 vicos
1680 888 1843 916 circumibat

1058 941 1162 968 vicanis
1179 938 1329 974 praesidens
1354 936 1553 967 sacerdotibus,
1574 939 1604 962 ut
1621 935 1698 962 intus
1715 934 1782 960 nihil
1800 940 1843 961 re-

1058 987 1174 1020 linquat,
1190 989 1216 1012 et
1237 985 1295 1010 luto
1316 983 1428 1017 januam
1451 981 1587 1008 obstruat.
1614 980 1662 1007 lllo
1685 985 1776 1007 autem
1803 979 1842 1005 rei

1058 1031 1242 1059 diﬂicultatem
1265 1032 1439 1064 suggerente,
1460 1031 1487 1054 et
1514 1030 1642 1053 monente
1658 1032 1691 1052 ne
1712 1025 1841 1051 virtutem

1056 1084 1119 1104 esse
1148 1078 1257 1110 putaret
1284 1078 1398 1101 mortem
1427 1071 1575 1098 violentam
1610 1069 1736 1103 (crimen
1768 1068 1842 1095 enim

1058 1122 1128 1148 lianc
1143 1127 1205 1147 esse
1218 1119 1335 1154 primum
1347 1121 1374 1144 et
1386 1115 1558 1148 maximum),
1578 1123 1587 1139 ‹
1599 1114 1633 1141 At
1647 1114 1656 1124 '
1673 1118 1713 1145 tu,
1726 1120 1742 1139 o
1755 1116 1841 1147 pater,

1056 1165 1157 1200 inquit,
1182 1164 1274 1190 decem
1301 1162 1345 1189 hic
1372 1160 1439 1187 mihi
1456 1167 1540 1194 panes
1562 1166 1677 1193 appone,
1702 1163 1730 1185 et
1745 1163 1843 1184 urnam

1057 1220 1144 1248 aquae,
1160 1216 1188 1238 et
1207 1218 1266 1245 ego,
1283 1209 1307 1236 si
1323 1208 1416 1235 videro
1431 1214 1534 1241 corpus
1548 1205 1611 1232 cibo
1629 1204 1762 1239 indigere,
1780 1203 1844 1230 hinc

1056 1264 1173 1285 sumam.
1203 1254 1316 1281 Factum
1343 1257 1385 1280 est
1415 1256 1443 1279 ut
1468 1251 1630 1286 imperabat,
1669 1253 1697 1276 et
1722 1249 1844 1284 reposita

1057 1306 1122 1331 sunt
1140 1303 1203 1334 ista,
1227 1305 1254 1328 et
1279 1300 1423 1327 obstructa
1450 1298 1506 1324 luto
1520 1297 1616 1331 janua.
1635 1295 1735 1322 Finitis
1753 1299 1843 1321 autem

1056 1348 1165 1379 diebus,
1191 1347 1268 1374 venit
1283 1343 1464 1371 admirandus
1483 1343 1529 1369 ille
1549 1342 1664 1374 Bassus,
1684 1341 1726 1367 vir
1740 1340 1797 1371 Dei,
1817 1343 1846 1366 et

1057 1394 1114 1420 luto
1137 1395 1228 1418 amoto
1247 1390 1359 1425 januam
1376 1389 1530 1423 ingressus,
1550 1393 1651 1421 panum
1668 1385 1777 1420 quidem
1791 1392 1844 1411 nu-

1056 1445 1164 1466 merum
1200 1436 1318 1468 invenit,
1349 1438 1377 1462 et
1413 1440 1512 1460 urnam
1542 1439 1620 1466 aqua;
1656 1431 1788 1466 plenam:
1818 1433 1847 1457 at

1057 1485 1148 1520 ipsum
1176 1483 1329 1511 exanimem
1349 1483 1531 1516 prostratum,
1548 1485 1598 1504 nec
1611 1476 1696 1511 loqui,
1714 1482 1764 1502 nec
1785 1482 1846 1502 mo-

1055 1538 1120 1558 vere
1144 1537 1173 1557 se
1192 1528 1338 1555 valentem.
1361 1525 1452 1558 Quare
1480 1528 1592 1556 accepta
1607 1521 1721 1556 spongia
1738 1528 1801 1548 cum
1813 1527 1846 1548 os

1056 1576 1117 1611 ejus
1130 1575 1318 1601 liuluectasset
1333 1576 1361 1598 et
1378 1570 1502 1600 eluisset,
1518 1568 1674 1594 divinorum
1689 1566 1727 1592 illi
1743 1570 1846 1601 myste-

1055 1621 1160 1648 riorum
1185 1617 1307 1653 symbola
1335 1614 1487 1650 impasuit:
1520 1612 1621 1647 quibus
1650 1611 1847 1638 corroboratus

1056 1665 1146 1693 erexit
1161 1671 1201 1696 se,
1219 1667 1246 1689 et
1271 1661 1326 1688 cibi
1351 1659 1555 1694 aliquantulum
1576 1656 1703 1691 sumpsit,
1723 1655 1846 1682 lactucas

1055 1715 1082 1737 et
1100 1709 1203 1745 intyba,
1228 1711 1255 1735 ct
1272 1707 1314 1734 luis
1337 1705 1436 1733 similia
1460 1703 1592 1739 paulatim
1616 1700 1760 1733 mandens,
1776 1700 1846 1727 etin

1056 1754 1231 1783 stomachum
1280 1751 1438 1779 demitteus.
1477 1747 1692 1782 Obstupefactus
1730 1752 1847 1779 magnus

1058 1790 1166 1835 1270
1189 1798 1292 1826 Bassus
1315 1797 1348 1823 ad
1374 1802 1483 1831 gregem
1506 1801 1585 1821 suum
1611 1791 1702 1823 rediit,
1720 1798 1846 1825 magnum

1055 1847 1108 1874 hoc
1137 1852 1253 1872 narrans
1278 1842 1455 1870 miraculum.
1488 1840 1603 1867 Sodales
1631 1839 1703 1865 enim
1731 1836 1847 1863 habebat

1056 1899 1138 1926 supra
1161 1890 1306 1920 ducentos,
1334 1888 1434 1923 quibus
1455 1894 1505 1913 nec
1527 1885 1696 1920 jumentum,
1722 1890 1772 1909 nec
1790 1889 1848 1908 mo.

1055 1937 1109 1964 lam
1137 1936 1237 1963 habere
1264 1933 1451 1969 permittebat,
1468 1938 1519 1958 nec
1536 1930 1658 1957 oblatum
1677 1936 1774 1955 aurum
1798 1933 1846 1953 ac-

1054 1982 1167 2016 cipere:
1202 1987 1251 2007 nec
1289 1979 1364 2006 foras
1394 1978 1470 2005 exire
1513 1983 1690 2011 quemquam,
1731 1973 1773 1999 vel
1813 1972 1848 1998 ad

1055 2026 1171 2054 emenda
1197 2024 1367 2055 necessaria,
1417 2023 1460 2050 vel
1486 2022 1639 2049 amicorum
1669 2019 1846 2047 visendarum

1054 2072 1153 2107 gratia,
1187 2071 1234 2098 sed
1257 2070 1332 2097 intus
1361 2075 1481 2099 manere,
1516 2068 1688 2101 missumque
1712 2073 1727 2092 a
1752 2064 1846 2092 divina

1053 2115 1141 2151 gratia
1166 2115 1268 2141 victum
1290 2113 1443 2147 suscipere.
1470 2111 1547 2138 Hanc
1574 2113 1659 2146 legem
1685 2111 1712 2137 in
1738 2109 1848 2136 hodier-

1054 2169 1119 2189 num
1148 2168 1233 2195 usque
1256 2159 1326 2186 diem
1348 2158 1496 2185 observant
1521 2157 1629 2183 sodales
1651 2161 1701 2182 :ct
1718 2155 1845 2189 quamvis

1059 2223 1175 2244 numero
1192 2214 1375 2245 excreverint,
1393 2212 1455 2239 data
1475 2215 1608 2246 praecepta
1626 2209 1776 2244 trangressi
1792 2215 1848 2235 non

214 2267 271 2289 τοις
286 2259 475 2295 παραπλήσια,
494 2260 564 2286 κατὰ
583 2261 669 2296 βραχὺ
689 2262 925 2297 διαμασσώμενος,
957 2264 1004 2290 καὶ

1057 2268 1134 2291 sunt.
1152 2262 1205 2289 Sed
1221 2261 1255 2287 ad
1273 2267 1400 2295 magnum
1419 2259 1582 2293 Symeouem
1599 2257 1688 2283 redeo.

214 2307 248 2341 τῇ
275 2307 375 2342 γαστρὶ
398 2308 602 2342 παραπέμπων.
635 2308 852 2345 ’Υπεραγασθεὶς
871 2311 962 2337 τοίνυν
988 2313 1002 2338 ὸ
1023 2311 1109 2346 μέγας
1128 2310 1232 2340 ἐκεῖνος
1246 2308 1361 2338 Βάσσος,
1374 2306 1423 2341 τὴν
1439 2304 1542 2331 οἰκείαν
1572 2303 1672 2338 ἀγέλην
1701 2302 1846 2334 κατέλαϐε,

215 2355 245 2380 τὸ
264 2354 335 2389 μέγα
348 2354 427 2381 τοῦτο
449 2355 628 2391 διηγούμενος
647 2357 751 2391 θαῦμα.
784 2358 894 2385 Πλείοσι
927 2359 982 2394 γὰρ
1004 2359 1020 2396 ἢ
1062 2358 1209 2387 διακοσίοις
1235 2356 1382 2385 θιασώταις
1411 2354 1520 2389 ἐχρῆτο,
1548 2354 1616 2387 μήτε
1640 2352 1736 2385 κτῆνος
1764 2350 1846 2385 ἐχειν,

218 2401 284 2435 μήτε
303 2400 389 2435 μύλην
413 2401 571 2436 ἐπιτρέψας,
594 2402 661 2437 μήτε
689 2403 799 2438 χρυσίον
816 2405 1038 2440 προσφερόμενον
1054 2402 1245 2438 ὑποδέχεσθαι,
1273 2402 1343 2436 μήτε
1375 2399 1436 2425 τινὰ
1469 2398 1522 2431 ἔξω
1545 2399 1593 2432 τῆς
1624 2396 1708 2432 θύρας
1729 2395 1805 2427 ίέναι,
1830 2395 1847 2430 ἡ

215 2454 241 2471 τι
254 2445 306 2471 τῶν
319 2446 475 2479 ἀναγκαίων
490 2447 671 2482 ὠνησόμενον,
688 2449 776 2484 ἤτινα
789 2450 843 2476 τῶν
857 2451 1004 2485 γνωρίμων
1023 2452 1165 2487 ὀψόμενον·
1181 2448 1238 2475 ἀλλ’
1253 2447 1326 2474 ἔνδον
1342 2446 1455 2479 διάγειν,
1472 2445 1519 2471 καὶ
1543 2444 1591 2478 τὴν
1609 2443 1662 2469 ἀπὸ
1694 2442 1744 2477 τῆς
1774 2441 1847 2472 θείας

216 2492 326 2527 Χάριτος
346 2494 527 2529 πεμπομένην
551 2495 653 2530 τροφήν
685 2496 875 2531 ὑποδέχεσθαι.
921 2498 1022 2525 Τοῦτον
1061 2499 1143 2534 μέχρι
1170 2497 1217 2523 καὶ
1234 2496 1353 2529 τήμερον
1379 2493 1424 2519 τὸν
1445 2492 1525 2526 νόμον
1549 2491 1573 2516 οί
1596 2489 1726 2516 θιασῶται
1747 2488 1847 2522 φυλάτ-

217 2547 302 2569 τουσιν
325 2540 372 2565 καὶ
394 2539 502 2573 πλείους
527 2542 666 2577 γενόμενοι
681 2544 730 2575 τὰς
751 2544 873 2577 δοθείσας
889 2545 919 2572 οὗ
938 2546 1096 2581 παρέϐησαν
1111 2544 1230 2575 ἐντολάς.
1254 2541 1327 2576 Ἐγὼ
1358 2540 1386 2567 δὲ
1406 2539 1453 2565 ἐπὶ
1487 2539 1532 2565 τὸν
1566 2537 1652 2573 μέγαν
1685 2536 1849 2571 διαϐήσομαι

217 2585 373 2619 Συμεώνην.

260 2630 305 2662 ἘΞ
327 2632 432 2658 ἐκείνου
456 2633 544 2659 τοίνυν
561 2635 641 2670 μέχρι
657 2636 702 2662 καὶ⁴
727 2637 846 2672 τήμερον
872 2638 954 2669 (ὀκτὼ
973 2639 1002 2665 δὲ

220 2676 267 2702 καὶ
283 2676 368 2702 εἴκοσι
377 2677 530 2713 διελήλυθεν
546 2680 616 2715 ἐτη),
629 2681 677 2712 τὰς
696 2683 900 2716 τεσσαράκοντα
914 2684 1005 2715 ἄσιτος

218 2720 339 2754 διαμένει
355 2722 471 2757 ἡμέρας·
487 2724 500 2750 ὁ
515 2725 542 2751 δὲ
555 2725 648 2759 χρόνος
663 2727 735 2762 καὶὴ
752 2727 850 2761 μελέτη
862 2728 908 2754 τοῦ
924 2729 1004 2755 πόνου

219 2765 248 2790 τὸ
271 2765 352 2792 πλέον
379 2767 519 2803 ἐσύλησεν.
546 2771 640 2797 Εἰώθει
671 2772 719 2806 μὲν
744 2773 796 2806 γὰρ
826 2773 874 2800 τὰς
893 2773 1004 2805 not-3:1;

1096 2636 1144 2662 Ille
1166 2635 1249 2670 igitur
1267 2640 1301 2660 ex
1317 2631 1364 2659 illo
1379 2635 1501 2664 tempore
1522 2628 1554 2655 ad
1578 2627 1651 2654 hunc
1668 2635 1755 2661 usque
1772 2628 1844 2655 diem

1061 2691 1109 2716 per
1136 2688 1223 2707 annos
1259 2677 1358 2713 viginti
1384 2680 1447 2703 octo
1482 2674 1672 2709 quadragenos
1701 2673 1759 2701 dies
1788 2673 1865 2712 sineA

1061 2730 1122 2756 cibo
1140 2726 1278 2760 transigit.
1297 2725 1416 2758 Tcmpus
1442 2726 1532 2749 anteiit
1553 2726 1578 2748 et
1601 2720 1760 2747 exnrcilalio
1790 2726 1845 2746 ma-

1060 2782 1141 2809 gnum
1164 2773 1265 2800 laboris
1290 2775 1393 2806 partem
1420 2768 1550 2796 detraxit.
1565 2767 1676 2794 Solrhui
1700 2766 1771 2792 cnim
1788 2764 1845 2799 pri-

858 2860 970 2887 Υλιὶέίιὶ
986 2860 1186 2888 LECTIOXES.

255 2903 274 2915 λθ
299 2903 435 2929 Tclauessu
441 2912 462 2927 ιη
480 2901 557 2929 Ηυιί·.
