2064 3120
231 165 296 198 1471

721 170 965 218 THEODQRETI
988 169 1159 200 EPISCOPI
1176 171 1358 202 CYRENSIS

1797 167 1863 200 1472

228 224 283 252 mis
298 223 395 252 niebus
422 229 507 258 stare,
531 224 672 260 Dcumque
699 226 833 254 laudare:
852 226 952 254 deinde
972 226 1018 253 ubi

1075 227 1178 262 ἡμέρας
1196 229 1317 261 ἑστάναι,
1339 227 1386 256 καὶ
1411 227 1457 254 τὸν
1485 228 1551 255 Θεὸν
1572 228 1714 263 ἀνυμνεῖν.
1730 224 1797 253 Εἶτα
1816 226 1863 253 τοῦ

228 277 331 305 corpus
358 271 505 308 stationem
531 275 643 306 propter
669 272 787 300 inediam
809 273 880 301 ferre
900 273 1018 308 amplius

229 322 284 341 non
298 319 413 350 poterat.
429 316 525 344 sedere
549 316 688 352 deinceps,
706 322 734 345 et
746 318 783 345 ita
799 319 921 347 divinam
939 319 1019 345 litur-

229 361 302 396 giam
343 361 508 389 exsolvere:
544 363 693 397 postremis
719 371 786 390 vero
810 364 907 392 diebus
935 365 1020 391 etiam

228 407 407 435 decumbere.
439 407 620 444 Consumptis
646 409 720 436 enim
754 409 886 444 paulatim
916 410 1021 437 exstin-

228 452 336 486 ctisque
370 452 477 480 viribus
499 453 592 488 jacere
629 455 826 482 semimortuus
860 455 1019 490 cogebatur.

229 495 377 529 Postquam
407 503 500 525 autem
526 499 554 526 in
576 499 705 526 columna
730 500 816 531 stetit.
843 500 941 527 adduci
966 508 1021 528 non

231 541 319 576 potuit
334 546 363 568 ut
379 542 571 576 descenderet,
588 544 725 578 aliamque
739 546 872 573 rationein
887 546 949 573 iniit
964 554 1018 581 qua

231 591 328 614 staret.
342 587 460 615 Trabem
476 589 549 616 enim
564 589 681 624 alligans
696 590 840 624 columna;
858 595 885 618 et
899 592 1022 625 seipsum

232 632 302 659 trabi
327 634 494 669 astringens,
523 635 705 670 quadraginta
733 635 792 664 dies
823 637 864 664 sic
892 638 1021 672 explevit.

230 675 357 704 Postharc
372 685 438 704 vero
449 678 554 713 majore
563 680 674 708 coalitus
690 685 802 716 accepta
811 682 910 716 gratia,
928 690 962 710 ne
972 683 1023 710 hoc

230 723 342 756 quidem
353 731 422 759 opus
436 725 529 752 habuit
540 726 642 753 auxilio
655 735 661 753 :
674 727 722 754 sed
736 728 806 755 cibis
818 729 947 756 omnibus
959 729 1022 757 abs-

231 769 324 797 tinens
338 770 519 805 quadraginta
535 772 594 800 dies
611 773 703 803 stetit.
719 774 862 802 alacritate
885 775 967 802 animi
985 775 1024 802 di-

231 814 352 849 vinaque
367 816 454 850 gratia
464 817 651 846 confirmatus.
666 817 765 846 Tribus
780 827 856 855 ergo,
876 825 904 847 ut
919 821 1022 848 dictum

230 864 284 890 est.
303 861 330 887 in
346 861 390 888 illa
410 862 577 891 domuncula
604 866 752 893 transactis
765 868 773 876 ⁸
789 867 880 897 annis.
897 867 930 894 ad
950 868 1022 895 cele-

231 905 380 934 berrimum
400 907 473 935 hunc
499 909 601 937 montis
618 911 747 938 verticem
768 912 852 944 venit,
873 913 1020 940 maceriam

233 952 337 987 1271
355 954 525 982 circumduci
545 957 718 992 praecipiens.
747 962 897 993 catcnaqnc
928 959 1019 986 ferrea

231 998 325 1033 viginti
340 999 496 1027 cubitorum
515 1000 658 1034 fabricata.
675 1003 792 1038 ejusque
810 1004 899 1038 capite
915 1013 971 1031 uno
985 1005 1019 1031 ad

231 1052 329 1072 saxum
351 1045 447 1081 ingens
465 1047 556 1080 ollim,
571 1048 658 1076 altero
673 1049 708 1076 ad
724 1050 850 1077 dextrum
870 1051 964 1086 pedem
986 1052 1019 1078 il-

232 1090 328 1125 ligato,
347 1096 377 1118 ut
395 1095 473 1119 extra
493 1093 595 1122 limites
616 1095 678 1122 illos
699 1103 748 1122 nec
779 1096 802 1123 si
828 1097 910 1124 vellet
928 1098 1020 1132 egredi

232 1141 338 1170 posset,
364 1137 440 1164 intus
458 1139 570 1169 mansit,
592 1139 691 1166 omium
711 1140 823 1168 assidue
851 1142 943 1169 animo
968 1143 1022 1175 agi-

231 1187 305 1214 tans,
318 1187 345 1210 et
360 1191 420 1218 qua:
446 1193 529 1219 supra
544 1186 630 1213 cmlos
647 1191 710 1213 sunt
726 1189 910 1223 contemplari
931 1189 956 1215 vi
971 1196 1020 1216 eo-

233 1235 313 1256 nans.
332 1229 431 1256 Mentis
458 1231 531 1257 enim
549 1232 669 1258 volatum
697 1232 763 1260 ferri
787 1233 926 1261 vinculum
954 1235 1020 1262 illud

231 1281 286 1301 non
303 1274 477 1310 impediebat.
495 1276 564 1303 Cum
590 1286 654 1305 vero
679 1278 859 1306 admirandus
885 1279 1020 1313 Meletius,

231 1320 278 1354 qui
301 1320 479 1349 Antiochense
503 1323 625 1358 regionis
651 1328 715 1351 tunc
734 1325 924 1361 episcopatum
945 1333 1021 1361 rcge-

231 1364 290 1398 bat,
304 1365 345 1392 vir
359 1367 502 1401 prudentia
516 1373 544 1396 ct
560 1369 738 1404 intelligentia
750 1371 852 1404 clarus,
867 1372 1022 1407 ingeniique

231 1411 347 1439 solertia
373 1417 502 1445 ornatus,
533 1423 768 1450 supervacaneum
796 1418 900 1445 diceret
919 1418 1020 1446 ferrum

231 1463 303 1488 esse.
320 1464 381 1484 cum
398 1458 431 1485 ad
460 1459 576 1486 rationis
593 1460 704 1487 vincula
728 1463 840 1496 corpori
869 1463 1021 1497 injicienda

231 1502 362 1531 voluntas
391 1504 540 1536 sufficeret,
571 1507 666 1540 cessit,
692 1511 719 1534 et
752 1508 936 1536 admonitioni
961 1511 1022 1544 ejus

231 1548 335 1582 paruit,
353 1549 498 1584 accitoque
516 1550 594 1578 fabro
606 1551 747 1578 vinculum
766 1553 940 1588 solvijussit.
965 1554 1018 1582 Sed

231 1593 295 1627 quia
317 1594 391 1620 cruri
407 1595 547 1630 applicata
582 1597 660 1631 pellis
683 1596 782 1630 fuerat,
814 1605 848 1624 ne
872 1605 973 1633 corpus
1005 1606 1018 1626 a

231 1638 308 1666 ferro
321 1639 476 1673 lrcdcretur,
494 1645 521 1667 et
535 1641 604 1668 hanc
622 1649 732 1677 quoque
747 1643 812 1677 quia
830 1648 946 1670 consula
959 1648 1018 1671 erat

231 1683 351 1720 diiTringi
370 1687 525 1720 oportebat,
544 1687 656 1715 cimices
675 1689 810 1716 maximos
824 1697 908 1724 supra
924 1690 1022 1725 viginti

232 1729 259 1756 iu
272 1737 303 1756 ea
319 1729 459 1758 latitantes
482 1731 557 1758 visos
581 1732 721 1764 dixerunt,
737 1737 764 1760 et
787 1734 839 1762 hoc
857 1743 886 1762 se
903 1743 1022 1770 conspe-

232 1776 306 1803 xisse
333 1775 477 1803 atlirmavit
509 1777 687 1805 admirandus
713 1779 849 1807 Meletius.
876 1780 931 1814 Ego
957 1789 1024 1808 vero

233 1822 335 1850 i.lcirco
348 1824 575 1855 commemoravi,
593 1829 623 1850 ut
643 1832 769 1859 magnam
794 1825 846 1852 viri
863 1827 1021 1860 patientiam

234 1869 298 1896 hinc
319 1869 402 1896 etiam
429 1869 615 1896 ostenderem.
643 1869 711 1896 Nam
728 1877 790 1897 cum
812 1872 909 1906 pellem
939 1880 1022 1900 manu

233 1915 426 1948 comprimere,
445 1918 472 1942 et
489 1922 585 1942 omnes
599 1923 716 1943 enecare
744 1915 823 1944 facile
843 1922 947 1952 posset,
965 1926 1023 1946 mo-

235 1960 321 1987 lestos
338 1968 448 1987 morsus
476 1961 629 1988 toleranter
643 1969 742 1996 passus
763 1967 814 1994 est,
830 1963 855 1989 in
885 1965 978 1998 parvis
993 1973 1023 1992 se

234 2005 350 2032 libenter
365 2005 398 2031 ad
421 2005 524 2040 majora
538 2007 689 2033 certamina
702 2015 844 2035 exercens.
860 2007 942 2036 Fama
957 2017 1023 2044 ergo

235 2058 283 2085 per
297 2058 394 2079 omnes
419 2059 482 2079 oras
510 2052 652 2083 volitante,
679 2054 883 2080 concurrebant
914 2062 1021 2087 omnes,

235 2103 289 2122 non
305 2096 388 2123 vicini
413 2097 504 2129 modo,
521 2097 567 2124 sed
589 2098 606 2124 ii
623 2098 704 2124 etiam
726 2098 773 2132 qui
795 2099 944 2126 multorum
966 2101 1023 2128 die-

234 2149 295 2169 rum
312 2142 410 2170 itinere
428 2143 588 2176 distabant;
607 2143 652 2170 alii
678 2144 845 2179 paralyticos
861 2145 1020 2179 otl‘crentcs,

234 2187 279 2214 alii
298 2187 445 2215 sanitatem
463 2188 545 2223 aegris
575 2189 758 2223 postulantes,
775 2189 820 2216 alii
854 2195 946 2224 patres
965 2191 1021 2218 ﬁeri

235 2236 372 2266 rogantes,
389 2237 416 2259 et
441 2234 514 2267 quod
532 2241 547 2260 a
572 2239 671 2260 natura
690 2242 746 2260 non
771 2240 945 2270 acceperant,
975 2244 1023 2271 per

235 2278 312 2304 illum
327 2279 452 2307 obtinere
466 2280 659 2314 deprecantes.
671 2279 722 2312 Qui
738 2280 907 2314 accipiebant
919 2287 1022 2316 autem,

234 2329 262 2351 et
274 2325 364 2359 petitis
380 2325 568 2359 potiebantur,
582 2332 644 2351 cum
655 2325 754 2359 gaudio
766 2326 872 2361 1272
885 2327 1020 2361 redibant,

235 2371 474 2405 praedicantesque
490 2370 622 2397 beneﬁcia
651 2379 711 2405 quae
731 2378 904 2406 acceperant,
938 2375 1024 2402 multo

234 2417 329 2450 plures
346 2417 379 2444 ad
402 2417 497 2443 eadem
515 2416 630 2450 pctcnda
656 2418 842 2445 concitabant.
869 2418 915 2446 Sic
933 2426 1024 2448 autem

236 2462 359 2496 undique
377 2461 553 2489 venientibus
567 2462 708 2493 omnibus,
725 2467 752 2490 et
779 2468 833 2490 tota
851 2464 892 2490 via
911 2464 1023 2493 ﬂuvium

236 2508 373 2540 imitante,
391 2508 534 2535 hominum
552 2509 665 2543 pelagus
686 2509 731 2537 illo
749 2510 774 2536 in
788 2510 849 2537 loco
864 2511 955 2539 videre
970 2517 1023 2545 est,

197 2585 204 2590 _
235 2553 336 2581 ﬂuvios
361 2553 539 2589 undiquaque
570 2554 716 2582 inﬂuentcs
743 2556 896 2590 excipiens.
931 2557 1024 2592 Neque

235 2600 309 2626 enim
325 2599 406 2635 hujus
429 2604 535 2627 tantum
564 2605 666 2628 nostrae
693 2602 811 2637 regionis
838 2604 935 2632 incolae
958 2614 1024 2632 con-

236 2645 336 2678 ﬂuunt,
352 2646 400 2674 sed
416 2651 443 2674 et.
459 2647 611 2680 lsmaelitae,
631 2651 659 2675 et
670 2647 770 2680 Persae,
795 2653 822 2676 et
836 2650 958 2677 Armenii
982 2651 1024 2680 his

237 2691 353 2724 subditi,
370 2696 398 2720 et
416 2691 519 2723 lbercs,
536 2697 563 2720 et
581 2693 740 2724 Homeritau,
767 2700 792 2721 et
808 2696 853 2729 qui
882 2696 935 2724 illis
955 2697 1024 2724 intc-

238 2737 327 2765 riores
340 2742 415 2765 sunt.
429 2738 534 2766 Venere
548 2739 633 2766 etiam
650 2740 727 2766 multi
744 2740 855 2768 ultimas
867 2740 1024 2769 Occidentis

236 2790 301 2810 oras
317 2783 481 2816 incolentes,
501 2788 527 2811 et
543 2784 667 2819 llispani,
685 2788 712 2811 ct
731 2784 868 2817 Britanni,
890 2792 915 2813 et
943 2786 1023 2820 Galli,

237 2828 285 2863 qui
312 2828 409 2856 horum
440 2830 550 2857 mcdia'
570 2830 705 2857 obtinent.
740 2829 776 2857 De
806 2829 881 2857 Italia
907 2839 1025 2866 namque

239 2882 438 2910 supervacuum
457 2881 497 2903 cst
513 2876 614 2904 dicere.
632 2875 733 2903 Ferunt
754 2876 826 2904 enim
854 2877 971 2904 maxima
997 2878 1023 2904 in

1071 272 1196 307 σώματος
1209 273 1254 300 διὰ.
1276 274 1324 309 τὴν
1343 274 1479 300 ἀπαστίαν
1494 273 1588 309 φέρειν
1602 273 1653 299 οὐκ
1675 272 1716 299 ἐτι
1729 271 1781 307 τὴν
1799 272 1863 298 στά-

1071 327 1113 346 σιν
1131 318 1278 354 ίσχύοντος,
1302 319 1438 355 καθῆσθαι
1452 319 1555 351 λοιπὸν,
1574 319 1622 347 καὶ
1638 318 1692 354 τὴν.
1709 318 1787 345 θείαν
1807 317 1862 344 λει-

1070 364 1199 398 τουργίαν
1226 364 1369 390 ἐπιτελεῖν·
1396 364 1446 395 τὰς
1459 364 1488 390 δὲ
1504 363 1661 395 τελευταίας
1684 363 1794 397 ἡμέρας
1816 363 1862 389 καὶ

1072 408 1291 444 προσκλίνεσθαι.
1308 410 1512 445 Δαπανωμένης
1534 410 1589 445 γὰρ
1608 409 1680 436 κατὰ
1698 409 1785 444 βραχὺ
1814 408 1863 442 τῆς

1074 453 1174 489 ἰσχύος,
1191 455 1238 481 καὶ
1253 455 1504 491 ἀποσϐεννυμένης,
1515 455 1621 482 κεῖσθαι
1630 454 1766 490 ἡμιθανὴς
1779 454 1862 488 ἡναγ-

1072 500 1180 532 κάζετο.
1203 501 1280 527 Ἐπεὶ
1297 501 1325 527 δὲ
1343 502 1388 528 ἐπὶ
1409 502 1456 528 τοῦ
1474 501 1561 533 κίονος
1579 501 1654 536 ἔστη,
1673 499 1795 527 κατιέναι
1815 500 1863 534 μὲν

1072 545 1122 572 οὑκ
1142 546 1277 581 ἠνείχετο,
1302 548 1494 582 ἐμηχανήσατο
1515 548 1543 574 δὲ
1564 547 1613 581 τὴν
1630 547 1724 574 στάσιν
1751 547 1863 581 ἑτέρως.

1073 591 1156 618 Δοκὺν
1176 592 1230 627 γάρ
1255 601 1315 618 τινα
1336 593 1491 628 προσδήσας
1503 593 1542 628 τῷ
1564 593 1645 624 κίονι,
1666 593 1715 619 καὶ
1737 591 1863 627 σχοινίοις

1074 635 1154 661 πάλιν
1181 636 1276 663 ἑαυτὸν
1296 637 1329 671 τῇ
1353 636 1424 671 δοκῷ
1443 637 1648 672 προσαρμόσας,
1663 636 1713 667 τὰς
1726 636 1864 670 τεσσαρά-

1074 690 1156 708 κοντα
1174 681 1246 708 οὕτω
1253 682 1403 709 διετέλεσεν
1416 683 1535 718 ἡμέρας.
1550 682 1627 709 Μετὰ
1639 682 1668 708 δὲ
1680 682 1767 708 ταῦτα
1777 681 1865 707 πλείο-

1074 736 1119 758 νος
1149 727 1244 754 λοιπὸν
1267 728 1317 763 τῆς
1342 728 1445 756 ἄνωθεν
1472 729 1584 763 χάριτος
1615 727 1785 759 ἀπολαύσας,
1804 727 1866 753 οὒὸὲ

1075 773 1176 808 ταύτης
1194 773 1290 809 ἐδεήθη
1314 775 1362 809 τῆς
1388 774 1523 810 βοηθείας.
1546 774 1604 801 ἀλλ’
1623 771 1722 809 ἓστηκέ
1737 774 1787 802 τὰς
1804 781 1867 799 τεσ-

1076 819 1232 854 σαράκοντα
1249 819 1365 854 ἡμέρας,
1385 820 1476 846 σιτίων
1496 820 1544 855 μὲν
1558 821 1608 847 οὐκ
1625 820 1780 851 ἀπολαύων,
1800 827 1866 853 προ-

1076 863 1161 900 θυμίᾳ
1176 863 1205 890 δὲ
1221 865 1269 890 καὶ
1295 863 1356 899 θεία
1377 863 1549 900 ῥωννύμενος
1565 865 1666 900 χάριτι.
1683 864 1755 899 Τρία
1765 863 1865 894 τοίνυν,

1073 910 1110 941 ὠς
1134 910 1212 945 ἔφην,
1223 911 1252 936 ἐν
1265 910 1361 945 ἐκείνῳ
1373 911 1411 946 τῷ
1435 911 1550 946 οἰκίσκῳ
1564 911 1724 942 διατελέσας
1741 911 1801 944 ἔτη.
1817 910 1867 944 τὴν

1075 955 1292 992 πολυθρύλλητον
1305 956 1407 991 ταύτην
1416 956 1549 983 κατέλαὸε
1559 956 1691 991 κορυφὴν,
1703 955 1827 990 θριγκίον
1838 955 1867 981 ἐν

1076 1001 1167 1036 κύκλῳ
1180 1002 1305 1036 γενέσθαι
1324 1003 1526 1037 παρεγγυήσας,
1548 1002 1643 1028 ἅλυσίν
1661 1010 1691 1028 τε
1707 1002 1739 1027 εκ
1756 1001 1866 1035 σιδήρου

1075 1047 1184 1081 πήχεων
1212 1047 1297 1073 εἴκοσι
1322 1048 1538 1078 κατασκευάσας,
1562 1048 1607 1074 καὶ
1628 1046 1730 1082 ταύτης
1749 1046 1867 1081 θατὲραν

1077 1093 1127 1128 μὲν
1150 1094 1237 1128 ἀρχὴν
1264 1094 1352 1129 πέτρᾳ
1379 1094 1495 1130 μεγίστῃ
1532 1093 1723 1129 προσηλώσας,
1749 1092 1866 1127 θατέραν

1075 1139 1102 1164 δὲ
1115 1139 1154 1173 τῷ
1167 1139 1246 1174 δεξιῷ
1264 1139 1325 1166 ποδὶ
1336 1140 1542 1175 προσαρμόσας,
1561 1139 1597 1171 ὡς
1622 1140 1655 1166 ἂν
1678 1139 1746 1174 μηδὲ
1772 1138 1866 1173 βουλό-

1077 1193 1156 1218 μενος
1174 1183 1226 1216 ἔξω
1247 1184 1301 1211 τῶν
1317 1185 1387 1220 ὅρων
1411 1184 1522 1211 ἐκείνων
1549 1185 1635 1216 ἀπίοι,
1659 1184 1753 1218 διῆγεν
1781 1183 1865 1214 ἔνδον,

1075 1230 1207 1264 διηνεκῶς
1229 1231 1275 1256 τὸν
1297 1231 1410 1266 οὐρανὸν
1441 1230 1654 1266 φανταζόμενος,
1679 1230 1727 1256 καὶ
1752 1229 1785 1255 τὰ
1812 1229 1867 1255 ἄνω

1075 1275 1129 1300 τῶν
1154 1275 1276 1310 οὐρανῶν
1296 1276 1408 1311 θεωρεῖν
1429 1275 1599 1311 βιαζόμενος.
1625 1276 1664 1301 Οὐ
1686 1275 1741 1309 γὰρ
1764 1274 1867 1300 ἐκώλυε

1075 1320 1125 1354 τῆς
1158 1320 1276 1352 διανοίας
1303 1321 1351 1355 τὴν
1378 1322 1476 1356 πτῆσιν
1497 1322 1511 1347 ὁ
1538 1320 1584 1347 τοῦ
1617 1321 1728 1355 σιδήρου
1757 1319 1865 1354 δεσμός.

1083 1365 1193 1401 Ἐπειδὴ
1209 1365 1236 1392 δὲ
1254 1366 1385 1398 Μελέτιος
1400 1368 1413 1393 ὸ
1428 1366 1590 1401 θαυμάσιος,
1617 1367 1779 1392 ἐπισκοπεῖν
1793 1374 1868 1399 τηνι-

1076 1411 1162 1439 καῦτα
1178 1412 1228 1446 τῆς
1249 1412 1385 1447 Ἀντιόχου
1404 1413 1507 1444 πόλεως
1523 1412 1689 1446 τεταγμένος
1703 1412 1752 1446 τὴν
1764 1411 1866 1446 χώραν,

1076 1460 1146 1493 ἀνὴρ
1172 1459 1300 1494 φρονήσει
1323 1459 1369 1485 καὶ
1395 1458 1500 1486 συνέσει
1519 1459 1646 1493 λάμπων,
1673 1458 1720 1484 καὶ
1743 1457 1869 1492 ἀγχινοίᾳ

1077 1505 1296 1540 κεκοσμημένος,
1314 1505 1440 1541 περιττὸν
1457 1505 1509 1540 ἔφη
1525 1505 1570 1531 τὸν
1593 1505 1713 1540 σίδηρον,
1730 1504 1869 1539 ἀρκούσης

1076 1552 1125 1585 τῆς
1140 1551 1252 1587 γνώμης
1269 1551 1366 1585 λογικὰ
1387 1552 1425 1586 τῷ
1449 1552 1556 1586 σώματι
1581 1551 1733 1586 περιθεῖναι
1760 1551 1866 1585 δεσμά·

1076 1597 1131 1631 εἶξε
1149 1599 1208 1633 μὲν,
1225 1599 1271 1625 καὶ
1293 1598 1342 1633 τὴν
1362 1597 1522 1633 παραίνεσιν
1543 1597 1678 1628 εὐπειθῶς
1698 1596 1866 1628 εἰσεδέξατο·

1077 1643 1181 1679 χαλκέα
1203 1644 1231 1670 δὲ
1255 1643 1387 1678 κληθῆναι
1401 1642 1542 1674 κελεύσας,
1561 1642 1640 1669 λῦσαι
1657 1641 1807 1678 προσέταξε
1823 1641 1868 1668 τὸν

1077 1689 1184 1724 δεσμόν.
1209 1688 1317 1723 Ἐπειδὴ
1333 1688 1361 1715 δὲ
1378 1689 1425 1715 καὶ
1451 1688 1538 1723 δέρμα
1563 1688 1602 1722 τῷ
1628 1688 1719 1714 σκέλει
1748 1688 1869 1722 προσήρ-

1079 1743 1173 1769 μοστο,
1193 1733 1230 1765 ὡς
1261 1734 1294 1760 ἂν
1318 1734 1354 1769 μὴ
1379 1734 1514 1769 λωὸηθείη
1539 1734 1592 1760 ὑπὸ
1618 1733 1664 1760 τοῦ
1696 1733 1808 1768 σιδήρου
1838 1734 1869 1759 τὸ

1079 1779 1167 1813 σῶμα,
1188 1779 1235 1804 καὶ
1254 1778 1306 1804 ἔδει
1333 1778 1379 1804 καὶ
1394 1778 1472 1804 τοῦτο
1488 1777 1724 1813 (συνερῤαμμένον
1739 1777 1794 1812 γὰρ
1810 1774 1866 1811 ἦν),

1077 1824 1268 1860 διαρραγῆναι.
1296 1824 1404 1854 πλείους
1432 1823 1447 1858 ἢ
1477 1823 1563 1849 εἴκοσι
1591 1823 1737 1858 μεγίστους
1764 1822 1869 1855 ἔφασαν

1077 1870 1169 1905 κόρεις
1188 1870 1217 1895 ἐν
1230 1870 1325 1902 ἐκείνῳ
1341 1868 1459 1895 κατιδεῖν
1479 1867 1688 1902 ὲμφωλεύοντας
1698 1874 1705 1881 ⁸
1720 1868 1768 1894 καὶ
1787 1867 1868 1893 τοῦτο

1077 1915 1129 1950 ἔφη
1143 1916 1155 1940 ὁ
1172 1915 1322 1949 θαυμάσιος
1343 1914 1487 1940 τεθεᾶσθαι
1501 1914 1644 1945 Μελέτιος.
1673 1913 1746 1947 Ἐγὼ
1771 1913 1799 1939 δὲ
1813 1914 1868 1939 ἁπ-

1077 1962 1279 1996 εμνημύνευσα,
1292 1961 1339 1995 τὴν
1355 1960 1455 1995 πολλὴν
1468 1960 1514 1986 τοῦ
1529 1960 1625 1995 ἀνδρὸς
1637 1959 1786 1986 κάντεῦθεν
1798 1968 1868 1994 καρ-

1076 2006 1170 2041 τερίαν
1184 2005 1348 2038 ἐπιδεικνύς.
1373 2006 1488 2041 Πιλῆσαι
1503 2006 1558 2040 γὰρ
1573 2007 1606 2041 τῇ
1624 2006 1697 2040 χειρὶ
1718 2006 1748 2031 τὸ
1769 2005 1866 2040 δέρμα,

1076 2054 1124 2080 καὶ
1139 2053 1294 2087 διαφθεῖραι
1309 2053 1412 2084 πάντας
1427 2053 1578 2087 δυνάμενος
1596 2052 1707 2088 ῥᾳδίως,
1723 2052 1778 2078 τῶν
1791 2053 1868 2078 ἀνια-

1078 2097 1132 2134 ρῶν
1147 2098 1295 2132 δηγμάτων
1321 2098 1444 2132 ἠνείχετο
1464 2097 1617 2133 καρτερῶν,
1643 2099 1671 2123 ὲν
1685 2098 1741 2128 τοῖς
1761 2098 1870 2132 μικροῖς

1075 2144 1125 2178 τὴν
1139 2144 1193 2170 τῶν
1209 2144 1340 2179 μειζόνων
1359 2144 1471 2178 ἀγώνων
1493 2143 1685 2177 ἀσπαζόμενος
1700 2143 1866 2178 γυμνασίαν.

1077 2191 1133 2225 Τῆς
1162 2191 1252 2217 τοίνυν
1278 2191 1371 2225 φήμης
1396 2190 1514 2217 πάντοσε
1538 2189 1711 2224 διαθεούσης,
1744 2188 1868 2214 συνέθεον

1077 2235 1207 2267 ἅπαντες,
1227 2235 1276 2269 οὐχ
1300 2236 1324 2261 οἱ
1353 2234 1552 2268 γειτονεύοντες
1577 2234 1668 2267 μόνον,
1693 2233 1762 2259 ἀλλὰ.
1779 2234 1826 2258 καὶ
1843 2234 1867 2259 οἱ

1077 2280 1181 2306 πολλῶν
1199 2281 1310 2315 ἡμερῶν
1335 2279 1522 2315 ἀφεστηκότες
1542 2280 1618 2306 ὀδόν·
1644 2280 1669 2305 οἱ
1700 2279 1749 2314 μὲν
1769 2287 1868 2314 παρει-

1077 2325 1175 2360 μένους
1203 2326 1233 2352 τὸ
1266 2325 1345 2360 σῶμα
1375 2326 1585 2360 προσφέροντες,
1615 2325 1639 2351 σί
1659 2325 1687 2351 δὲ
1716 2325 1869 2360 ἀρρώστοις

1076 2371 1170 2404 ὑγείαν
1191 2371 1339 2404 αἰτοῦντες,
1354 2372 1379 2397 οὶ
1393 2371 1421 2398 δὲ
1443 2371 1562 2406 πατέρας
1585 2371 1712 2404 γενέσθαι
1739 2380 1865 2406 παρακα-

1075 2416 1194 2448 λοῦντες,
1208 2417 1254 2443 καὶ
1265 2417 1278 2443 ὃ
1292 2416 1368 2452 παρὰ
1379 2417 1426 2451 τῆς
1440 2418 1546 2450 φύσεως
1559 2417 1610 2443 οὐκ
1624 2416 1731 2446 ἔλαϐον.
1746 2417 1867 2443 ικέτευον

1074 2463 1107 2489 δι’
1123 2463 1226 2489 ἐκείνου
1241 2463 1343 2490 λαῦεῑν.
1355 2463 1544 2497 Λαμϐἁνοντες
1558 2463 1596 2494 δὲ,
1609 2463 1656 2489 καὶ.
1668 2463 1723 2488 τῶν
1731 2463 1868 2498 αἰτήσεων

1076 2509 1269 2542 ἀπολαύοντες,
1296 2509 1354 2544 μετ’
1376 2509 1545 2544 εὐφροσύνης
1562 2509 1611 2543 μὲν
1628 2508 1797 2543 ἐπανῄεσαν·
1816 2517 1868 2544 κη-

1077 2554 1222 2591 ρύττοντες
1235 2555 1263 2581 δὲ
1279 2555 1328 2586 τὰς
1343 2554 1505 2590 εὐεργεσίας
1519 2551 1557 2581 ὧν
1579 2554 1684 2589 έτυχον,
1710 2554 1868 2581 πολλαπλα-

1077 2600 1152 2632 σίους
1166 2600 1221 2626 τῶν
1234 2599 1323 2633 αὐτῶν
1349 2600 1529 2635 δεησομένους
1546 2599 1710 2634 ἐξέπεμπον.
1740 2599 1820 2626 Οὕτω
1838 2600 1867 2626 δὲ

1078 2648 1186 2673 πάντων
1205 2645 1372 2681 πανταχόθεν
1392 2646 1608 2680 ἀφικνουμένων,
1625 2647 1672 2672 καὶ
1688 2646 1780 2681 πάσης
1804 2647 1866 2673 ὁδοῦ

1076 2693 1197 2727 ποταμὸν
1215 2692 1398 2727 μιμουμένης,
1412 2692 1529 2726 πέλαγος
1543 2692 1591 2718 ἀνθ
1597 2691 1693 2726 ρώπων
1707 2691 1783 2718 ἔστιν
1800 2692 1868 2718 ἰδεῖν

1077 2739 1106 2765 ὲν
1124 2738 1220 2773 ἐκείνῳ
1233 2738 1428 2773 συνιστάμενον
1453 2738 1492 2772 τῷ
1509 2738 1601 2772 χωρίῳ
1618 2738 1681 2768 τοὺς
1698 2737 1868 2772 πανταχόθεν

1076 2783 1221 2819 δεχόμενον
1247 2783 1396 2818 ποταμούς.
1433 2783 1470 2809 Οὐ
1490 2784 1543 2818 γὰρ
1577 2783 1656 2818 μόνον
1681 2784 1704 2809 οἱ
1736 2784 1785 2818 τὴν
1806 2783 1868 2810 καθ’

1077 2830 1151 2865 ἡμᾶς
1180 2828 1343 2864 οἰκουμένην
1365 2829 1503 2860 οἰκοῦντες
1531 2828 1700 2864 συρῤέουσιν,
1727 2829 1795 2855 ἀλλὰ
1821 2829 1868 2854 καὶ

1083 2874 1261 2911 Ίτμαηλῖται,
1280 2876 1325 2903 καὶ
1339 2877 1452 2912 Πέρσαι,
1483 2875 1529 2902 καὶ
1561 2875 1697 2910 Ἀρμένιοι
1724 2875 1748 2900 oi
1766 2875 1867 2901 τούτων
