2064 3120
209 173 276 206 1473

809 175 1012 205 RELIGIOSA
1032 177 1223 208 HISTORIA.

1759 178 1826 211 1474

207 230 367 267 ὑποχείριοι,
385 230 430 257 καὶ
443 230 559 266 Ἴϐηρες,
583 231 630 257 καὶ⁸
649 231 803 266 ’ομηρῖται,
820 232 865 257 καὶ
879 232 903 257 ot
920 232 990 258 ἐκει-

1045 232 1127 259 Roma
1142 233 1278 261 celebrem
1305 232 1374 262 adeo
1399 235 1487 261 virum
1505 241 1576 267 esse,
1596 239 1626 262 ut
1651 235 1678 263 in
1698 236 1826 264 omnibus

206 286 259 304 νων
272 276 415 312 ἐνδότεροι.
430 277 570 312 ’Δφίκοντο
583 277 611 303 δὲ
626 277 718 304 πολλοὶ
729 277 777 309 τὰς
790 277 840 312 τῆς
857 278 991 313 Ἐσπέρας

205 323 343 354 οἰκοῦντες
357 322 494 358 ἐσχατιὰς,
519 323 618 350 Σπάνοι
641 331 671 349 τε
696 324 741 349 καὶ
764 324 918 359 Βρεττανοὶ,
945 325 991 350 καὶ

206 367 333 400 Γαλάται,
346 369 370 394 οῑ
381 368 412 394 τὸ
425 368 506 402 μέσον
517 367 619 394 τούτων
634 367 804 403 κατέχοντες.
822 369 888 404 Περὶ
901 369 955 404 γὰρ
965 370 987 385 ⁸¹

1046 278 1216 305 officinarum
1230 279 1375 307 vestibulis
1405 287 1503 314 parvas
1531 281 1592 316 ejus
1619 281 1750 317 imagines
1768 286 1825 309 sta-

1045 327 1133 355 tuant,
1149 323 1263 350 tutelam
1277 331 1311 351 ex
1330 324 1372 352 his
1387 325 1536 359 quamdam
1555 327 1607 354 sibi
1623 331 1650 354 et
1665 327 1825 362 praesidium

1043 372 1246 404 comparantes.

213 413 326 445 Ἰταλίας
350 414 476 449 περιττὸν
510 414 557 441 καὶ
580 413 680 448 λέγειν.
703 414 772 440 Φασὶ
795 415 849 450 γὰρ
874 414 960 446 οὓτως
981 415 1010 441 ἐν
1032 414 1144 450 νῬώμῃ
1173 415 1206 450 τῇ
1238 415 1353 450 μεγίστη
1383 414 1601 451 πολυθρύλλητον
1624 417 1750 450 γενέσθαι
1781 416 1827 444 τὸν

205 462 299 497 ἄνδρα,
315 463 353 494 ὡς
368 463 397 489 ἐν
418 462 503 489 ἅπασι
522 463 578 493 τοῖς
598 461 652 488 τῶν
684 462 873 498 ἐργαστηρίων
913 461 1092 497 προπυλαίοις
1126 462 1232 494 εἰκόνας
1253 462 1327 498 αὑτῷ
1351 463 1482 498 βραχείας
1503 463 1665 498 ἀναστῆσαι,
1703 464 1828 500 φυλακήν

206 517 266 535 τινα
291 508 381 543 σφίσιν
404 508 496 540 αὐτοῖς
518 508 564 534 καὶ
591 508 740 542 ἀσφάλειαν
765 508 890 534 ἐντεῦθεν
911 509 1079 544 πορίζοντας.

246 553 354 588 Ἐπειδὴ
368 553 457 580 τοίνυν
470 553 586 588 ἀριθμοῦ
598 554 738 588 κρείττους
752 554 776 580 oi
787 553 990 589 ἀφικνούμενοι,

154 635 160 640 Δ
206 598 373 635 προσψαύειν
389 598 418 625 δὲ
443 599 561 630 ἅπαντες
584 599 752 635 ἐπεχείρουν,
775 600 821 626 καί
840 607 901 627 τινα
917 600 993 627 εὐλο-

205 645 268 678 γίαν
283 645 335 671 ἀπὸ
353 644 407 670 τῶν
426 644 594 680 δερματίνων
607 645 718 672 ἐκείνων
738 646 852 680 ἱματίων
866 647 969 682 τρυγᾷν
981 655 988 662 ·

207 690 315 725 πρῶτον
330 690 379 725 μὲν
393 690 442 724 τ’ής
466 690 548 725 τιμῆς
564 690 595 716 τὸ
614 691 782 726 ὑπερδάλλον
802 692 902 718 ἄτοπον
922 690 991 718 εἶναι

207 735 334 770 νομίζων,
363 735 457 761 ἔπειτα
483 735 530 762 καὶ
553 735 600 762 τοῦ
625 736 786 772 πράγματος
809 737 839 763 τὸ
862 737 990 764 ἐπίπονον

205 781 397 816 δυσχεραίνων,
412 781 461 816 τὴν
474 782 519 807 ἐπὶ
528 781 574 808 τοῦ
584 781 672 814 κίονος
682 783 874 818 ἐμηχανήσατο
885 783 988 810 στάσιν.

209 826 320 861 Πρῶτον
337 825 385 860 μὲν
404 825 434 857 ἐξ
446 826 557 860 πήχεων
570 826 707 862 τμηθῆναι
719 826 859 860 κελεύσας,
872 825 932 854 εἶτα
945 827 991 854 δύο

206 871 255 899 καὶ
268 871 343 903 δέκα,
361 871 429 906 μετὰ
443 871 470 897 δέ
484 871 569 897 ταῦτα
583 871 628 898 δύο
643 872 689 898 καὶ
702 873 798 905 εἴκοσι,
812 873 860 899 νῦν
869 873 896 900 δὲ
908 873 938 906 ἓξ
945 873 992 900 καὶ

206 918 368 952 τριάκοντα·
382 917 533 951 ἀναπτῆναι
547 916 601 951 γὰρ
615 918 655 949 είς
670 918 783 953 οὐρανὸν
802 919 917 953 ἐφίεται,
943 919 992 946 καὶ

206 962 255 996 τῆς
270 962 390 995 ἐπιγείου
411 960 513 996 ταύτης
529 960 719 997 ἀπαλλαγῆναι
742 962 892 999 διατριϐῆς.
921 963 991 998 Ἐγὼ

205 1006 305 1033 δέοὺδὲ
321 1004 369 1041 τῆς
388 1006 463 1038 θείας
482 1006 546 1032 ἄνευ
566 1007 721 1042 οἰκονομίας
743 1008 844 1044 ταύτην
868 1009 989 1035 πιστεύω

206 1052 332 1085 γενέσθαι
344 1052 394 1086 τὴν
408 1052 512 1078 στάσιν.
532 1048 625 1087 Οὗπερ
645 1053 736 1080 εἵνεκα
755 1054 818 1085 τοὺς
845 1054 994 1089 μεμψιμοί-

208 1106 271 1133 ρους
302 1097 451 1133 παρακαλῶ
483 1098 631 1133 χαλινῶσαι
655 1099 704 1134 τὴν
732 1100 866 1134 γλῶτταν,
884 1102 931 1128 καὶ
955 1102 992 1136 μὴ

208 1144 367 1179 ἐπιτρέπειν
381 1143 418 1175 ὡς
432 1143 510 1179 ἐτυχε
523 1145 652 1180 φέρεσθαι
666 1154 673 1161 ·
690 1148 799 1173 σκοπεῖν
817 1147 856 1178 δέ,
873 1147 910 1178 ὡς
930 1147 993 1174 πολ-

207 1188 286 1219 λάκις
299 1188 411 1216 τοιαῦτα
425 1190 439 1215 ὁ
455 1190 595 1225 Δεσπότης
617 1190 671 1217 τῶν
691 1191 883 1228 ρᾳθυμοτέρων
900 1193 992 1220 ἕνεκεν

206 1234 340 1268 ὡφελείας
351 1237 551 1270 ἐμηχανήσατο.
567 1236 621 1264 Καὶ
633 1236 687 1272 γὰρ
702 1237 747 1264 τὸν
767 1238 880 1264 Ἡσαΐαν
890 1239 992 1274 γυμνὸν

209 1280 256 1306 καὶ
270 1280 436 1315 ἀνυπόδητον
457 1280 564 1315 βαδίσαι
580 1281 748 1318 προσέταξε’
774 1283 880 1310 καὶτὸν
912 1283 992 1320 Ὶερε-

209 1326 274 1361 μίαν
290 1326 451 1361 περίζωσμα
466 1328 498 1362 τῇ
517 1327 598 1361 ὀσφύϊ
615 1328 776 1363 περιθεῖναι,
789 1329 835 1355 καὶ
854 1328 925 1356 οὕτω
937 1331 992 1362 τοῖς

208 1371 333 1398 ἀπειθέοι
348 1371 513 1407 προσφέρειν
524 1372 574 1408 τὴν
588 1373 756 1409 προφητείαν
768 1383 776 1390 σ
797 1375 844 1401 καὶ
858 1375 951 1402 ἄλλοτε
964 1376 993 1402 δέ

208 1416 315 1448 κλοιοὺς
335 1416 454 1449 ξυλίνους
469 1417 515 1443 καὶ
526 1418 650 1454 σιδηροῦς
672 1419 740 1454 μετὰ
759 1419 846 1446 ταῦτα
867 1420 906 1455 τῷ
929 1429 994 1456 τρα-

208 1462 282 1497 χήλῳ
310 1462 465 1497 περιϐαλεῖν
479 1463 547 1489 ’καὶ
573 1463 613 1499 τῷ
638 1464 718 1500 Ὠσηὲ
749 1467 864 1499 γυναῖκα
892 1466 994 1502 πόρνην

210 1507 314 1540 λαϐεῖν,
330 1508 376 1534 καὶ
400 1506 479 1540 αὖθις
506 1509 647 1544 ἀγαπῆσαι
667 1511 781 1544 γυναῖκα
799 1511 919 1546 πονηράν
946 1513 993 1539 καὶ

209 1554 351 1588 μοιχαλίδα
364 1562 372 1569 ·
394 1554 442 1580 καὶ
457 1554 494 1590 τῷ
516 1554 654 1590 Ίεζεκιὴλ,
681 1555 729 1582 ἐπὶ
748 1555 794 1582 τοῦ
810 1556 895 1589 δεξιοῦ
913 1557 993 1584 πλευ-

1160 532 1176 545 θ

1083 554 1218 587 Quoniam
1234 559 1324 583 autem
1340 553 1555 582 innumerabiles
1569 557 1646 582 erant
1661 555 1707 588 qui
1725 555 1826 583 adven-

1045 601 1150 631 tabant.
1181 605 1207 628 et
1235 605 1348 635 tangere
1377 608 1472 629 omnes
1489 601 1672 633 conabantur,
1694 605 1776 635 atque
1793 609 1828 629 ex

1044 646 1165 680 pelliceis
1184 646 1238 674 illis
1253 647 1375 674 vestibus
1392 646 1611 674 benedictionem
1628 646 1746 680 aliquam
1760 646 1829 673 hau-

1043 690 1119 717 rire:
1140 691 1260 725 primum
1279 691 1390 718 nimiam
1416 692 1529 719 honoris
1547 691 1764 726 magnitudinem
1781 691 1829 718 ah-

1045 735 1157 762 surdam
1172 736 1347 769 existimans,
1358 736 1456 764 deinde
1467 744 1522 764 rem
1538 740 1567 764 ut
1582 736 1745 763 laboriosam
1757 744 1829 771 aegre

1044 780 1146 813 ferens,
1168 782 1313 808 stationem
1328 782 1355 808 in
1370 781 1498 808 columna
1513 781 1688 816 excogitavit.
1702 781 1741 808 Ac
1755 782 1829 816 prin-

1044 826 1116 861 cipio
1133 826 1242 861 quidem
1274 834 1320 854 sex
1351 827 1507 854 cubitorum
1527 827 1594 854 caedi
1623 826 1718 861 jussit,
1734 831 1828 861 postea

1044 871 1200 903 duodecim,
1217 877 1274 899 tum
1300 872 1400 900 deinde
1430 873 1548 899 duorum
1578 877 1604 899 et
1620 872 1726 906 viginti,
1755 879 1830 899 nunc

1044 925 1109 944 vero
1136 925 1182 945 sex
1215 921 1242 944 et
1263 917 1385 952 triginta.
1405 917 1520 944 Evolare
1544 924 1664 952 namque
1680 917 1706 943 iu
1729 917 1828 944 caelum

1044 963 1131 997 cupit,
1148 968 1174 990 et
1190 963 1224 990 ab
1237 963 1288 990 hac
1318 968 1429 990 terrena
1462 963 1673 990 conversatione
1690 962 1828 990 recedere.

1044 1008 1100 1044 Ego
1113 1017 1178 1036 vero
1194 1010 1339 1037 stationem
1367 1009 1437 1036 hanc
1460 1017 1514 1036 non
1532 1009 1635 1044 absque
1657 1009 1750 1036 divino
1763 1017 1829 1036 con-

1044 1056 1106 1082 silio
1127 1055 1225 1082 factam
1250 1056 1344 1082 credo.
1363 1055 1546 1088 Quamobrem
1561 1063 1610 1083 eos
1633 1063 1682 1082 oro
1699 1063 1769 1090 quos
1784 1063 1828 1082 re-

1043 1101 1212 1136 prehendere
1231 1101 1357 1131 delectat,
1374 1105 1404 1128 ut
1425 1101 1523 1136 linguze
1550 1100 1658 1128 frenum
1684 1101 1829 1135 injiciant,

1043 1154 1131 1181 neque
1149 1146 1254 1181 1273
1268 1147 1341 1173 illam
1359 1151 1462 1174 temere
1482 1146 1549 1173 ferri
1567 1147 1679 1174 sinant:
1701 1146 1748 1173 sed
1765 1153 1831 1173 con-

1043 1192 1165 1219 siderent
1180 1191 1324 1218 Dominum
1341 1192 1404 1218 talia
1417 1199 1538 1227 persaepe
1553 1192 1586 1218 ad
1603 1192 1760 1226 segniorum
1774 1191 1830 1218 uti-

1043 1238 1148 1265 litatem
1166 1237 1333 1264 instituisse.
1350 1237 1415 1263 Nam
1430 1241 1457 1264 et
1473 1237 1567 1264 Isaiam
1585 1243 1595 1256 ιι
1611 1237 1714 1264 nudum
1728 1237 1831 1264 discal-

1044 1287 1206 1318 ceatumque
1221 1283 1443 1318 incederejussit
1461 1291 1468 1310 :
1492 1287 1522 1313 et
1548 1282 1694 1310 Jeremiam
1711 1282 1720 1299 ί
1739 1282 1831 1309 accin-

1043 1337 1106 1364 gere
1124 1329 1233 1356 lumbos
1248 1336 1325 1360 suos,
1340 1333 1421 1363 atque
1441 1329 1476 1355 ita
1491 1328 1663 1363 prophetiam
1682 1327 1831 1354 incredulis

1044 1373 1201 1400 eﬂ‘errezet
1226 1373 1375 1408 aliquando
1403 1376 1515 1400 catenas
1545 1372 1648 1407 ligneas
1677 1375 1704 1399 et
1735 1375 1830 1407 postea

1045 1418 1150 1446 ferreas
1165 1419 1237 1446 collo
1254 1418 1414 1454 imponere:
1431 1422 1458 1446 et
1478 1418 1575 1446 Oscam
1592 1425 1705 1445 uxorem
1723 1425 1832 1446 sumere

1045 1464 1233 1497 fornicariam,
1251 1469 1278 1492 et
1293 1472 1392 1492 rursus
1412 1464 1525 1499 diligere
1541 1472 1654 1492 uxorem
1676 1471 1788 1499 pravam
1803 1468 1832 1492 et

1045 1510 1207 1538 adulteram.
1233 1510 1267 1537 Et
1287 1506 1456 1538 Ezechielcm
1469 1515 1483 1530 ν
1501 1519 1582 1546 super
1605 1511 1678 1538 latus
1703 1510 1829 1538 dextrum

1045 1556 1166 1584 dormire
1182 1556 1241 1584 dies
1253 1556 1447 1592 quadraginta,
1463 1561 1490 1584 et
1507 1565 1590 1592 super
1605 1557 1748 1584 sinistrum
1765 1564 1830 1584 cen-

209 1598 258 1634 ροῦ
278 1599 481 1634 τεσσαράκοντα
509 1600 706 1635 κατακλιθῆναι
731 1601 853 1637 ἡμέρας,
879 1603 926 1629 καὶ
948 1603 992 1630 ἐπὶ

1045 1606 1100 1629 tum
1122 1605 1149 1629 et
1167 1602 1388 1638 quinquaginta:
1416 1607 1442 1630 et
1464 1610 1586 1635 rursum,
1615 1603 1759 1638 perfodere
1777 1603 1830 1631 sibi

207 1645 255 1671 τοῦ
272 1644 412 1680 εὐωνύμου
442 1645 611 1681 πεντήκοντα
627 1645 673 1672 καὶ
692 1646 804 1673 ἑκατόν·
827 1647 874 1673 καὶ
901 1647 992 1680 πάλιν,

207 1690 328 1725 διορῦξαι
352 1693 450 1726 τοῖχον,
470 1692 517 1718 καὶ
539 1691 673 1726 φεύγοντα
697 1692 823 1725 ἐξελθεῖν,
846 1694 892 1719 καὶ
914 1695 995 1728 αίχμ-

197 1755 199 1758 -
214 1737 332 1764 αλωσίαν
347 1737 376 1764 ἐν
391 1737 478 1773 ἑαυτῷ
490 1737 647 1772 διαγράψαι·
658 1738 703 1764 καὶ
714 1738 807 1764 ἄλλοτε
824 1739 850 1765 δὲ
864 1739 939 1774 ξίφος
955 1740 995 1771 εἰς

209 1783 301 1819 ἀκμὴν
316 1783 483 1819 παραθήξαι,
495 1783 543 1810 καὶ
555 1781 686 1818 ξύρασθαι
695 1783 781 1818 τούτῳ
798 1783 846 1819 τὴν
861 1784 993 1819 κεφαλὴν,

209 1830 256 1855 καὶ
269 1829 390 1864 τετραχῆ
403 1829 451 1860 τὰς
469 1831 565 1863 τρίχας
581 1827 690 1861 διελεῖν,
714 1829 761 1855 καὶ
777 1829 922 1864 ἀπονεῖμαι
946 1830 995 1861 τὰς

212 1875 262 1910 μὲν
275 1876 315 1906 είς
327 1875 397 1906 τόδε,
413 1874 461 1904 τὰς
473 1873 501 1900 δὲ
515 1874 556 1905 εἰς
568 1873 640 1906 τόδε,
666 1874 709 1900 ἵνα
730 1873 767 1910 μὴ
781 1875 888 1902 ἅπαντα
908 1883 994 1901 κατα-

210 1912 291 1955 λέγω.
309 1920 433 1946 Γίνεσθαι
449 1920 478 1946 δὲ
495 1920 597 1946 τούτων
618 1920 733 1946 ἕκαστον
756 1920 920 1955 προσέταττε
939 1920 994 1946 τῶν

210 1967 278 1993 ὅλων
296 1967 311 1993 ὁ
325 1966 466 2001 πρύτανις,
481 1965 545 1997 τοὺς
560 1964 632 2000 λόγῳ
655 1965 692 2000 μὴ
717 1965 905 2000 πειθομένους,
927 1966 994 2000 μηδέ

171 2004 175 2010 ”
211 2012 260 2046 τῆς
275 2010 442 2046 προφητείας
459 2009 565 2036 ἐπαΐειν
587 2006 777 2044 ἀνεχομένους,
798 2009 837 2045 τῷ
860 2011 910 2044 τῆς
929 2010 995 2036 θεω-

213 2059 273 2092 ρίας
300 2056 443 2091 παραδόξῳ
470 2055 616 2089 συλλέγων,
645 2055 693 2082 καὶ
723 2055 778 2082 τῶν
802 2055 994 2090 θεσπισμάτων

209 2101 319 2130 ἀκούειν
344 2101 572 2136 παρασκευάζων.
594 2101 643 2132 Τίς
667 2100 721 2135 γὰρ
733 2101 783 2127 οὐκ
805 2101 838 2128 ἂν
857 2101 993 2136 ἐξεπλάγη

211 2147 282 2174 θεῖον
295 2147 437 2182 ἄνθρωπον
452 2147 555 2181 γυμνὸν
575 2146 717 2181 βαδίζοντα
731 2146 858 2182 θεωρὼν;
883 2147 930 2179 Τίς
944 2147 995 2174 οὐκ

212 2193 244 2219 ἂν
258 2193 308 2228 τὴν
319 2193 407 2219 αἰτίαν
424 2192 471 2218 τοῦ
491 2192 652 2227 γιγνομένου
681 2191 776 2227 μαθεῖν
792 2192 925 2228 ἐπόθησε;
946 2192 994 2224 Τίς

211 2239 239 2265 δὲ
250 2239 300 2266 οὐκ
316 2238 348 2265 ἂν
362 2238 459 2274 ἦρετο·
480 2238 512 2264 Τί
531 2238 631 2273 δήποτε
653 2238 740 2275 πόρνῃ
756 2240 887 2265 συνοικεῖν
901 2239 915 2265 ὁ
928 2247 994 2275 προ-

1045 1647 1188 1682 parietem,
1207 1650 1234 1674 et
1251 1655 1299 1682 per
1314 1655 1376 1675 eum
1393 1646 1523 1682 effugere,
1538 1648 1785 1684 captivitatemque
1802 1649 1830 1675 in

1045 1694 1138 1728 seipso
1158 1693 1304 1729 designare
1324 1703 1331 1721 :
1350 1693 1418 1721 alias
1443 1694 1523 1721 etiam
1540 1699 1553 1712 ι
1569 1694 1652 1729 gladii
1673 1695 1759 1722 aciem
1782 1703 1830 1723 ex—

1047 1747 1157 1772 acuere,
1173 1743 1201 1767 et
1214 1744 1296 1774 caput
1308 1739 1414 1771 radere,
1433 1739 1559 1774 pilosque
1576 1740 1770 1775 quadrifariam
1786 1740 1831 1768 di-

1045 1786 1147 1818 videre,
1161 1789 1244 1820 atque
1259 1785 1312 1812 hoc
1325 1785 1370 1812 illa
1385 1789 1473 1820 parte,
1487 1789 1514 1812 et
1532 1786 1582 1812 hac
1596 1786 1661 1813 illud
1680 1786 1778 1818 facere,
1795 1793 1831 1813 ne

1045 1832 1136 1858 omnia
1161 1838 1350 1866 percenseam.
1385 1830 1489 1858 Horum
1520 1831 1736 1866 unumquodque
1771 1831 1830 1858 fieri

1042 1876 1126 1911 jussit
1136 1876 1327 1903 universorum
1342 1875 1508 1906 moderator,
1519 1882 1567 1902 eos
1581 1876 1629 1909 qui
1643 1875 1761 1903 sermoni
1775 1882 1829 1902 non

1044 1921 1187 1956 parebant,
1203 1923 1230 1947 et
1243 1920 1393 1954 prophetia:
1417 1927 1500 1947 aures
1518 1920 1640 1954 praebere
1655 1920 1828 1953 abnuebant,

1045 1965 1194 2001 spectaculi
1211 1965 1424 1993 admirabilitate
1435 1966 1579 2000 colligens,
1591 1971 1617 1992 et
1631 1966 1664 1992 ad
1681 1965 1830 1993 audiendas

1045 2013 1256 2040 vaticinationes
1273 2013 1416 2040 inducens.
1435 2011 1503 2045 Quis
1517 2013 1588 2039 enim
1602 2019 1657 2039 non
1677 2012 1829 2046 obstupuit,

1045 2065 1107 2085 cum
1124 2058 1246 2085 divinum
1261 2058 1399 2092 hominem
1428 2058 1531 2085 nudum
1548 2058 1734 2085 ambulantem
1754 2059 1830 2086 vide-

1045 2107 1087 2129 ret
1100 2103 1111 2130 ?
1126 2103 1189 2137 quis
1209 2103 1268 2136 ejus
1283 2103 1321 2130 rei
1337 2111 1449 2130 causam
1465 2110 1637 2138 cognoscere
1652 2111 1706 2129 non
1724 2102 1832 2130 deside-

1045 2149 1136 2175 ravit?
1151 2148 1218 2180 Quis
1231 2155 1313 2182 porro
1329 2148 1486 2175 sciscitatus
1508 2155 1562 2174 non
1579 2151 1632 2180 est,
1650 2156 1700 2174 cur
1720 2148 1829 2175 tandem

1045 2201 1107 2220 cum
1122 2194 1271 2221 fornicaria
1301 2194 1422 2220 habitare
1448 2193 1579 2228 propheta
1598 2201 1651 2220 non
1678 2194 1831 2227 gravetur?

1048 2238 1081 2266 Ut
1096 2239 1178 2273 igitur
1189 2239 1285 2266 horum
1298 2239 1515 2273 unumquodque
1532 2239 1724 2265 universorum
1740 2238 1830 2266 Deus'

212 2284 300 2319 φήτης
311 2284 455 2319 ἀνέχεται;
473 2283 604 2319 Καθάπερ
616 2283 706 2310 τοίνυν
725 2283 837 2310 ἐκείνων
856 2283 970 2310 ἕκαστον
982 2284 992 2310 ί

1049 2285 1107 2312 fieri
1123 2285 1216 2320 jussit,
1234 2289 1264 2312 ut
1278 2285 1436 2320 ignavorum
1449 2292 1482 2312 ac
1497 2284 1624 2312 desidum
1639 2284 1751 2311 utilitati
1768 2292 1831 2311 con-

210 2330 265 2356 τῶν
280 2329 347 2356 ὅλων
361 2329 426 2361 Θεὸς
438 2329 563 2363 γενέσθαι
574 2328 736 2364 προσέταξε,
745 2328 795 2363 τῆς
804 2329 857 2354 τῶν
870 2328 994 2364 ῥᾳστώνῃ

212 2377 354 2409 συζώντων
380 2375 605 2412 προμηθούμενος
626 2374 779 2409 ὠφελείας·
805 2374 877 2401 οὕτω
897 2375 944 2401 καὶ
964 2374 995 2401 τὸ

212 2422 305 2450 καινὸν
316 2422 394 2449 τοῦτο
410 2421 457 2448 καὶ
474 2421 625 2458 παράδοξον
641 2421 827 2456 ἐπρυτάνευσε
839 2421 938 2456 θέαμα,
956 2420 995 2455 τῷ

212 2470 281 2505 ξένῳ
295 2469 398 2500 πάντας
414 2468 501 2495 ἐλκων
522 2468 563 2499 είς
585 2467 712 2502 θεωρίαν,
736 2467 782 2494 καὶ
799 2467 913 2503 πιθανὴν
939 2467 995 2498 τοῖς

212 2516 418 2550 ἀφικνουμένοις
446 2513 663 2550 παρασκευάζων
691 2513 740 2548 τὴν
773 2513 996 2549 προσφερομένην

213 2561 384 2597 παραίνεσιν.
406 2560 442 2586 Τὸ
459 2560 513 2595 γὰρ
529 2559 622 2585 καινὸν
641 2557 689 2584 τοῦ
714 2558 849 2594 θεάματος
868 2559 995 2594 ἐνέχυρον

213 2607 358 2642 ἀξιόχρεων
373 2607 476 2641 γίνεται
485 2605 531 2632 τοῦ
543 2604 705 2640 διδάγματος
718 2613 724 2620 ·
745 2604 792 2631 καὶ
803 2605 818 2630 ὁ
830 2606 869 2636 εἰς
879 2604 996 2640 θεωρίαν

213 2653 408 2688 ἀφικνούμενος
430 2652 465 2678 τὰ
480 2651 539 2678 θεῖα
556 2650 708 2682 παιδευθεὶς
730 2650 919 2686 ἐπανέρχεται.
941 2650 995 2677 Καὶ

252 2735 264 2750 ⁵
279 2730 331 2759 lsa.
347 2739 392 2762 xz,
404 2731 431 2757 2.
472 2731 481 2748 ί
493 2729 593 2758 Jerem.
610 2738 631 2763 ι,
652 2730 684 2757 17
696 2737 703 2762 ;
716 2737 810 2762 xxvm,
825 2729 869 2757 l2.
907 2734 924 2748 ιι
937 2728 992 2755 Ose

1045 2728 1101 2761 .2;
1120 2735 1160 2761 ιιι,
1174 2729 1200 2754 1.

1051 2332 1175 2359 suleret:
1195 2332 1235 2359 sic
1249 2336 1275 2358 ct
1296 2339 1395 2359 novum
1416 2330 1488 2358 istud
1508 2329 1752 2364 admirandumque
1769 2337 1829 2364 spe-

1048 2376 1185 2403 ctaculum
1202 2376 1331 2407 instituit.
1354 2379 1382 2402 ut
1395 2382 1491 2402 omnes
1506 2374 1546 2402 rei
1571 2374 1694 2401 novitate
1718 2374 1752 2401 ad
1772 2382 1832 2408 spc-

1048 2422 1179 2449 ctandum
1191 2422 1373 2457 pertraheret,
1385 2420 1609 2456 probabilemque
1620 2419 1831 2447 adventantibus

1048 2467 1178 2495 traditam
1196 2467 1304 2503 1274
1325 2467 1378 2494 sibi
1398 2466 1611 2493 admonitionem
1629 2465 1759 2493 eﬂiceret.
1777 2464 1832 2493 No-

1048 2513 1121 2540 vitas
1130 2513 1202 2540 enim
1218 2513 1370 2547 spectaculi
1381 2513 1508 2539 idoneum
1525 2512 1622 2546 pignus
1634 2516 1676 2538 est
1689 2510 1830 2543 doctrinae.
1856 2534 1861 2540 .

1049 2563 1075 2586 et
1090 2559 1135 2594 qui
1155 2559 1188 2586 ad
1203 2559 1380 2594 spectandum
1397 2558 1470 2585 venit
1491 2557 1593 2584 divinis
1619 2557 1741 2584 imbutus
1754 2564 1832 2584 rece-

1049 2605 1098 2632 dit.
1111 2604 1145 2631 Et
1158 2604 1388 2640 quemadmodum
1404 2603 1450 2638 qui
1463 2603 1535 2638 apud
1547 2602 1673 2630 homines
1687 2602 1832 2637 imperium
1857 2605 1863 2609 ‘

1049 2649 1185 2682 obtinent,
1217 2656 1268 2684 per
1294 2653 1448 2684 temporum
1479 2647 1624 2675 intervalla
1658 2653 1833 2674 nummorum

1244 2732 1259 2747 γ
1273 2726 1372 2754 Ezech.
1388 2735 1424 2758 Iv,
1440 2726 1536 2759 4n",
1553 2725 1580 2753 5.
1618 2729 1632 2744 ι
1646 2724 1745 2752 Ezech.
1766 2732 1791 2757 v,
1803 2724 1831 2752 1.

846 2786 962 2814 VARle
983 2785 1186 2815 LECTIONES.

250 2834 272 2851 ⁸¹
289 2834 338 2861 llic
352 2837 428 2861 locus
439 2834 472 2861 de
484 2834 558 2862 cultu
574 2833 712 2862 Simeonis
724 2834 751 2861 in
762 2833 838 2862 Italia
863 2834 998 2868 reperitur
1025 2833 1107 2860 etiam
1132 2833 1158 2860 in
1182 2831 1296 2860 Joannis
1321 2831 1447 2860 Damasc.
1476 2839 1518 2859 or.
1541 2829 1587 2863 111,
1607 2829 1642 2856 οε
1657 2829 1753 2864 imagg.
1771 2832 1791 2856 t.
1809 2827 1833 2865 1,

214 2878 241 2905 p.
261 2870 323 2903 566,
340 2869 376 2896 Le
386 2869 494 2902 Quienii
509 2873 536 2897 et
551 2869 578 2896 in
595 2869 669 2897 Actis
681 2869 778 2904 synodi
796 2868 910 2897 Nicacnae
922 2876 953 2901 ιι,
972 2871 1024 2895 act.
1039 2868 1067 2894 ι.
