2064 3120
241 164 310 195 1275

739 160 978 190 THEODORETI
999 161 1168 192 EPISCOPI
1183 160 1365 190 CYRENSIS

1803 158 1866 189 1-276

239 222 371 258 imagines
393 224 515 250 mutant.
541 221 650 247 leonum
675 219 812 246 interdum
830 218 945 254 efﬁgiem
972 219 1021 246 im-

1084 219 1167 255 ὒσπερ
1177 220 1201 245 οὶ
1218 218 1371 253 βασιλεύειν
1386 217 1439 243 τῶν
1455 216 1606 250 ἀνθρώπων
1631 217 1771 250 λαχόντες,
1788 215 1867 250 ἀμεί-

238 270 400 305 primentcs.
418 266 557 293 interdum
575 266 717 293 stellarum
735 270 761 292 et
783 265 956 300 angelorum,
982 265 1023 292 in-

238 311 345 339 terdum
360 317 430 338 novo
448 310 610 337 charactere
627 309 778 344 pretiosius
794 317 891 336 aurum
909 309 1024 336 reddere

238 361 390 386 conantes:
410 356 450 382 sic
466 356 659 383 universorum
679 354 734 381 iter
747 373 754 384 .
773 359 904 389 tanquam
930 355 1024 382 chara-

238 407 328 430 cteres
347 400 494 436 quosdam,
516 408 602 428 novas
618 400 686 428 istas
701 399 884 434 diversasque
901 401 962 427 vita:
979 408 1024 426 ra-

237 449 327 476 tiones
344 448 437 483 pietati
457 446 599 481 adjiciens,
614 453 668 473 non
691 445 754 473 ﬁdei
778 446 950 473 alumnorum
965 451 1025 473 tan-

238 493 391 525 tummodo,
409 492 458 520 sed
489 491 682 519 incredulitate
706 499 815 526 quoque
842 492 1024 518 laborantium

238 538 346 572 linguas
359 537 392 564 ad
410 537 578 564 laudandum
591 537 705 564 excitat.
723 536 859 572 Quodque
872 538 928 564 haec
943 537 979 564 ita
996 545 1026 565 se

240 584 368 615 habeant,
386 590 440 610 non
458 583 540 610 verba
559 587 706 613 testantur.
733 583 780 610 sed
809 591 853 610 res
876 584 941 618 ipsae
967 584 1024 610 cla-

240 633 326 657 mant.
340 629 538 656 lsmaelitarnm
556 629 629 656 enim
645 629 729 656 millia
740 630 952 664 quamplurima,
966 637 1026 665 quae

242 675 391 710 impietatis
417 674 528 709 caligini
552 674 722 705 servierant,
749 674 832 702 stalio
854 675 899 701 illa
924 676 951 702 in
978 683 1026 702 eo-

239 723 333 749 lumna
348 720 528 748 illuminavit.
545 719 612 747 Nam
631 720 716 748 veluti
732 728 815 755 super
830 721 1026 749 candelabrum

240 766 352 802 aliquod
383 766 471 802 posita
503 765 673 793 lucidissima
694 766 751 793 haec
781 767 904 798 lucerna,
933 767 1027 795 radios

240 813 309 840 solis
322 813 412 840 instar
426 818 523 839 omnes
539 811 566 838 in
586 816 680 846 partes
693 812 804 839 emisit:
820 812 976 847 Iberasque.
998 816 1028 840 ut

240 857 308 888 dixi,
323 862 350 884 et
372 857 527 889 Armenios,
546 861 574 884 et
595 857 694 885 Persas
714 857 887 889 accedentes.
913 863 940 886 et
961 858 1028 886 divi-

1075 264 1151 291 60uo1
1174 264 1243 291 κατά
1264 272 1324 290 τινα
1339 263 1435 298 χρόνου
1451 261 1573 296 περίοδον
1587 261 1636 293 τὰς
1661 260 1715 287 τῶν
1731 261 1866 296 νομισμά-

1073 319 1129 337 των
1146 311 1264 342 εἰκόνας,
1289 309 1353 335 ποτὲ
1369 309 1417 343 μὲν
1435 308 1549 334 λεόντων
1571 306 1753 338 ὲκτυποῦντες
1778 305 1866 332 ἱνδάλο

1078 365 1162 391 ματα,
1177 355 1242 382 ποτε
1255 355 1282 381 δὲ
1296 354 1419 389 ἀστέρων
1431 353 1477 380 καὶ
1491 353 1613 387 ἀγγέλων
1623 360 1630 366 ·
1640 352 1734 379 ἄλλοτε
1751 351 1790 386 τῷ
1801 351 1867 385 ξένῳ

1074 401 1228 437 χαρακτῆρι
1253 400 1415 435 τιμιώτερον
1440 398 1600 432 ἀποφαίνειν
1628 397 1796 434 πειρώμενοι
1823 398 1867 423 τὸν

1075 447 1175 483 χρυσόν
1185 455 1193 462 θ
1214 446 1301 477 οὓτως
1315 446 1328 471 ό
1345 444 1398 471 τῶν
1413 444 1481 471 ὅλων
1500 444 1704 479 Παμὸασιλεὺς,
1719 441 1776 469 οἷόν
1793 451 1868 474 τινας

1075 493 1262 530 χαρακτῆρας,
1288 492 1338 522 τὰς
1367 491 1463 521 καινὰς
1490 489 1592 521 ταύτας
1616 489 1663 516 καὶ
1694 489 1869 520 accendant;

1075 538 1215 570 πολιτείας
1231 537 1265 572 τῇ
1282 536 1411 571 εὐσεϐείᾳ
1423 535 1584 570 περιτιθεὶς,
1598 536 1629 562 οὐ
1647 535 1728 570 μόνον
1738 534 1793 560 τῶν
1808 542 1867 564 τρο-

1077 584 1167 619 φίμων
1194 582 1242 616 τῆς
1267 581 1396 612 πίστεως,
1421 580 1490 607 ἀλλὰ
1512 580 1559 606 καὶ
1580 579 1634 606 τῶν
1662 579 1713 614 τὴν
1740 579 1869 605 ἀπιστίαν

1076 628 1235 660 νοσούντων,
1250 627 1289 659 είς
1307 626 1445 662 εὐφημίαν
1457 626 1506 658 τὰς
1524 625 1648 659 γλώττας
1665 626 1745 652 κινεῖ.
1760 624 1813 650 Καὶ
1827 625 1868 650 ὅτι

1076 674 1163 701 ταῦτα
1181 673 1276 700 τοῦτον
1297 673 1353 707 ἔχει
1373 672 1418 699 τὸν
1440 671 1551 707 τρόπον,
1573 671 1604 697 οὐ
1621 670 1695 704 λόγοι
1719 670 1868 705 μάρτυρες,

1076 720 1134 747 ἀλλ’
1148 721 1166 754 ἡ
1181 719 1235 746 τῶν
1258 718 1428 754 πραγμάτων
1442 717 1502 752 βοή,
1525 717 1596 748 Τοὺς
1611 715 1665 751 γὰρ
1684 716 1868 750 Ἱσμαηλίτας,

1078 765 1178 797 πολλὰς
1193 765 1326 800 μυριάδας
1339 765 1379 799 τῷ
1393 763 1468 798 ζόφῳ
1480 763 1530 798 τῆς
1539 762 1666 794 ἀσεδείας
1675 762 1868 792 δουλευούσας,

1077 813 1095 847 ἡ
1114 812 1160 838 ἐπὶ
1185 811 1232 837 τοῦ
1255 811 1344 841 κίονος
1363 809 1479 843 ὲςὼτισε
1495 809 1598 840 στάσις.
1623 808 1729 843 Ὠαπερ
1750 808 1806 842 γὰρ
1823 808 1870 834 ὲπί

1078 865 1150 888 τινος
1164 856 1274 892 λυχνίας
1287 855 1377 886 τεθεὶς
1393 855 1408 881 ὸ
1421 854 1577 888 φανώτατος
1587 851 1665 885 οὗτος
1676 853 1869 889 λύχνος,ήλίου

240 910 304 930 num
316 903 483 938 baptismum
499 902 664 937 accipientes
680 903 774 930 videre
802 908 856 930 est.
884 903 1028 932 lsmaelitat

1084 903 1156 937 5ίκην
1181 902 1297 929 πάντοσε
1322 901 1371 932 τὰς
1397 901 1510 931 ἀκτῖνας
1536 899 1690 933 ἐξέπεμψν
1721 899 1770 926 καὶ
1797 900 1872 926 ἔστιν

241 951 332 975 autem
348 947 489 974 turmatim
517 947 669 980 venientes,
692 948 802 976 ducenti
826 950 920 982 simul,
934 954 961 977 et
976 955 1029 978 tre-

241 994 325 1024 centi.
342 1001 373 1020 ac
386 993 523 1021 interdum
539 993 626 1025 mille,
643 995 762 1029 patrium
787 1003 909 1022 errorem
931 1003 1028 1031 magna

240 1047 309 1067 voce
336 1040 484 1074 abnegant,
509 1040 657 1067 simulacra
681 1048 741 1075 quae
764 1041 907 1068 coluerant
936 1049 1028 1069 coram

241 1091 342 1119 magno
358 1084 407 1111 illo
427 1084 530 1110 lumine
550 1088 738 1116 conterentes,
755 1083 925 1119 Venerisque
952 1085 1028 1119 orgia

241 1130 383 1164 ejurantes
400 1129 494 1164 (hujus
512 1130 614 1164 quippe
628 1129 762 1158 daemonis
779 1130 883 1157 cultum
911 1130 1029 1166 amplexi

240 1176 296 1212 jam
321 1176 387 1204 olim
417 1175 549 1210 fuerant).
582 1175 685 1203 divinis
711 1177 851 1211 mysteriis
873 1177 1028 1209 initiantur.

242 1222 316 1257 leges
333 1221 367 1249 ab
385 1221 433 1248 illa
451 1229 531 1248 sacra
549 1221 643 1256 lingua
663 1221 842 1256 aceipientes,
859 1226 886 1249 et
909 1221 1031 1257 paternis

243 1267 369 1295 moribus
388 1266 585 1298 vaiedicentes,
612 1266 812 1302 asinornmque
835 1267 983 1302 agrestium
1004 1271 1032 1294 et

244 1313 412 1342 camelorum
437 1312 543 1348 1275
568 1320 644 1340 esum
671 1317 843 1348 respuentes.
875 1313 965 1348 Atque
981 1313 1031 1341 hos

244 1358 305 1393 ipse
321 1357 375 1384 vidi
391 1360 418 1384 et
432 1356 538 1387 audivi,
566 1363 628 1382 cum
650 1360 677 1383 ct
693 1360 832 1391 paternam
864 1357 1031 1391 impietatem

245 1403 417 1434 abdicarent.
432 1402 633 1436 ctevangelica:
652 1401 785 1429 doctrinae
804 1409 948 1429 assensum
967 1410 1035 1438 pra-

248 1447 355 1476 berent.
373 1446 434 1474 lam
456 1450 484 1474 et
507 1446 659 1482 periculum
682 1447 766 1474 semel
793 1447 847 1473 adii
871 1447 1032 1475 maximum.

245 1493 314 1520 Nam
329 1499 391 1520 cum
406 1491 539 1527 iussisset
566 1491 622 1525 ille,
642 1495 674 1518 ut
701 1491 734 1518 ad
748 1498 793 1518 me
816 1491 989 1524 accederent,
1006 1496 1034 1519 et

247 1537 447 1566 sacerdotalem
461 1536 682 1564 benedictionem
700 1536 866 1572 acciperent,
884 1537 1032 1564 maximum

1080 949 1143 975 ἰδεῖν
1166 948 1213 974 καὶ
1238 947 1361 982 Ἴϐηρας.
1391 947 1430 978 ὡς
1458 946 1536 980 ἔφην,
1560 946 1606 972 καὶ
1627 946 1801 980 ’Δρμενεους,
1825 947 1872 972 καὶ

1080 993 1188 1027 Πέρσας
1207 991 1435 1026 ἀφικνουμένους,
1453 991 1500 1018 καὶ
1519 990 1567 1017 τοῦ
1584 990 1657 1017 θείου
1682 991 1873 1026 βαπτίσματος

1080 1036 1277 1067 ἀπολαύοντας.
1297 1036 1467 1071 ’Ῑσμαηλῖται
1488 1035 1517 1062 δὲ
1540 1035 1613 1062 κατά
1632 1036 1788 1071 συμμορίας
1817 1037 1872 1070 ἀφ-

1081 1082 1248 1117 ικνούμενοι,
1274 1081 1405 1108 διακόσιοι
1431 1081 1502 1108 κατά
1518 1081 1626 1112 ταυτὸν,
1646 1081 1694 1108 καὶ
1710 1082 1872 1116 τριακόσιοι,

1080 1128 1137 1154 ἐστι
1151 1127 1172 1154 δ’
1188 1128 1232 1154 ὅτε
1252 1128 1300 1154 καὶ
1316 1126 1409 1162 χίλιοι,
1431 1125 1576 1162 ἀρνοῦνται
1601 1127 1650 1161 μὲν
1672 1126 1722 1162 τὴν
1743 1127 1873 1162 πατρῴαν

1079 1173 1219 1208 ὲξαπάτην
1235 1172 1304 1208 μετὰ
1315 1172 1390 1207 βοῆς,
1411 1172 1447 1198 τὰ
1463 1172 1492 1198 δὲ
1508 1172 1557 1198 ὐπ’
1577 1171 1688 1198 ἐκείνων
1705 1172 1873 1199 σεωσθὲντα

1080 1218 1178 1245 εἴδωλα
1196 1218 1250 1253 πρὸ
1264 1219 1311 1244 τοο
1334 1218 1453 1253 μεγάλου
1471 1217 1575 1244 ἐκείνου
1596 1217 1744 1253 φωστῆρος
1765 1218 1874 1253 συντρί-

1082 1263 1186 1295 ϐοντες,
1205 1263 1252 1290 καὶ
1271 1264 1327 1294 τοῖς
1343 1263 1394 1298 τῆς
1414 1262 1574 1298 Ἀφροδίτης
1594 1263 1699 1298 ὀργίοις
1721 1263 1871 1289 ὰποταττό-

1084 1319 1160 1345 μενοι
1194 1309 1314 1345 (ταύτης
1339 1309 1394 1344 γὰρ
1418 1308 1549 1335 ἀνέκαθεν
1575 1309 1624 1344 τῆς
1660 1308 1788 1343 δαίμονος
1814 1317 1877 1335 κατ-

1082 1354 1208 1387 εδέξαντο
1217 1355 1267 1390 τὴν
1276 1353 1426 1389 λατρείαν),
1440 1354 1494 1380 τῶν
1502 1353 1581 1380 θείων
1593 1353 1759 1381 ἀπολαύουσι
1774 1362 1877 1389 μυστη-

1085 1401 1168 1436 ρίων
1187 1400 1286 1436 νόμους
1317 1400 1392 1434 παρὰ
1422 1399 1472 1434 τῆς
1496 1399 1573 1434 ἱερᾶς
1603 1399 1711 1434 ἐκείνης
1737 1398 1876 1434 δεχόμενοι

1083 1445 1219 1481 γλώσσης,
1231 1447 1279 1472 καὶ
1291 1446 1348 1477 τοῖς
1362 1445 1434 1472 ἔθεσι
1451 1445 1507 1475 τοῖς
1524 1444 1662 1480 πατρῴοις
1679 1445 1785 1480 χαίρειν
1803 1445 1871 1478 φρά-

1085 1490 1187 1523 ζοντες,
1213 1490 1268 1517 τῶν
1286 1498 1316 1516 τε
1330 1490 1398 1517 δνων
1418 1489 1472 1516 τῶν
1492 1489 1607 1525 ἀγρίων,
1631 1490 1686 1516 τῶν
1701 1499 1731 1517 τε
1747 1490 1878 1525 καμήλων

1084 1535 1134 1572 τὴν
1156 1536 1257 1570 ἐδωδὴν
1279 1535 1493 1570 ἀπαρνούμενοι.
1525 1535 1580 1562 Καὶ
1607 1535 1712 1562 τούτων
1741 1536 1877 1572 αὐτόπτης

248 1584 312 1610 illos
325 1583 421 1610 dicens
436 1590 469 1610 ex
487 1589 518 1609 ea
534 1581 653 1609 fructum
679 1587 869 1617 percepturos,
898 1583 924 1609 hi
939 1582 1032 1610 barba-

1088 1582 1222 1617 ἐγενόμην
1240 1581 1306 1615 ἐγὼ,
1322 1582 1368 1609 καὶ
1386 1583 1503 1617 ἀκήκοα,
1519 1578 1569 1608 ’καὶ
1588 1581 1638 1617 τὴν
1663 1582 1795 1618 πατρῴαν
1811 1584 1877 1610 ἀσέ-

249 1626 307 1654 rico
322 1627 425 1661 impetu
443 1626 594 1657 irruentes,
610 1625 657 1652 alii
672 1633 686 1652 ει
707 1626 806 1658 fronte,
833 1625 877 1652 alii
905 1633 920 1652 a
938 1629 1014 1660 tergo
1027 1646 1035 1658 ,

249 1673 296 1699 alii
315 1679 328 1698 a
343 1672 476 1699 lateribus
494 1672 651 1703 trahebant,
665 1676 692 1698 et
704 1671 750 1706 qui
767 1671 930 1698 remotiores
945 1676 1036 1704 erant,

250 1725 335 1752 super
354 1718 423 1744 alios
439 1717 672 1749 conscendentes,
700 1724 854 1751 manusque
875 1717 1039 1751 protenden-

251 1768 305 1792 tes.
323 1763 388 1789 ant‘
404 1763 517 1790 barbam
545 1762 696 1794 vellebant,
715 1765 760 1788 aut
784 1765 874 1789 vestes
896 1761 1037 1796 discerpe-

252 1809 331 1835 bant.
349 1809 387 1834 Ac
404 1815 446 1834 me
476 1807 601 1842 profecto
626 1807 671 1834 isti
694 1806 896 1834 vehementiore
922 1807 1035 1834 incursu

250 1859 424 1885 cnecasscnt,
455 1853 510 1880 nisi
537 1853 647 1880 sublato
680 1852 803 1880 clamore
827 1859 924 1880 omnes
953 1853 1034 1880 dissi-

251 1904 354 1935 passet.

1088 1628 1165 1655 σειαν
1189 1628 1375 1663 ἀρνουμένων,
1396 1628 1444 1655 καὶ
1469 1629 1502 1662 τῇ
1529 1628 1693 1664 εὐαγγελικῇ
1718 1629 1878 1665 διδασκαλίᾳ

1089 1672 1299 1708 συντιθεμένων.
1319 1673 1375 1700 Καὶ
1391 1673 1512 1699 κίνδυνον
1529 1673 1557 1699 δὲ
1574 1673 1648 1705 ἅπαξ
1670 1673 1806 1708 ὑπέμεινα
1828 1674 1877 1707 μέ-

1087 1726 1191 1752 γιστον.
1207 1719 1292 1751 Αὐτὸς
1307 1719 1357 1754 μὲν
1375 1719 1429 1754 γὰρ
1450 1719 1542 1750 αὐτοῖς
1564 1719 1723 1754 προσελθεῖν
1738 1720 1877 1750 ἐκέλευσε,

1089 1764 1135 1790 καὶ
1150 1765 1216 1799 παρ’
1230 1764 1297 1800 ἐμοῦ
1312 1765 1361 1800 τὴν
1374 1765 1515 1800 ἱερατικὴν
1532 1765 1658 1799 εὐλογίαν
1675 1765 1778 1795 λαϐεῖν,
1801 1767 1881 1800 μέγι-

1090 1818 1152 1836 στον
1179 1810 1269 1846 φήσας
1290 1811 1387 1843 αὐτοὺς
1401 1810 1525 1837 ὶντεῦθεν
1551 1811 1750 1845 καρπώσασθαι
1773 1812 1878 1846 κέρδος·

1090 1855 1327 1891 βαρὸαρικώτερον
1351 1856 1380 1883 δὲ
1412 1857 1610 1892 συνδραμόντες
1634 1857 1750 1889 ἐκεῖνοι,
1776 1859 1799 1884 oi
1830 1858 1880 1892 μὲν

1088 1900 1243 1937 ἔμπροσθεν
1254 1899 1356 1934 εἷλκον,
1371 1902 1396 1928 οἱ
1410 1901 1438 1928 δὲ
1453 1902 1574 1934 δπισθεν,
1591 1902 1666 1929 ἄλλοι
1684 1903 1717 1929 ἐκ
1737 1902 1858 1937 πλαγίων
1869 1910 1879 1918 ·

251 1948 276 1974 οί
292 1947 321 1974 δὲ
339 1946 507 1981 ἀφεστῶτες,
532 1945 587 1972 τῶν
603 1945 690 1971 ἀλλων
708 1944 907 1976 ἐπιϐαίνοντες.
931 1945 978 1972 καὶ
994 1946 1043 1977 τὰς
1063 1948 1157 1983 χεῖρας
1183 1949 1386 1984 προτείνοντες,
1403 1950 1427 1975 oi
1447 1949 1496 1984 μὲν
1521 1949 1552 1975 τὺ
1567 1949 1671 1983 γένειον
1691 1946 1793 1980 εἷλκον,
1809 1951 1833 1976 οἱ
1850 1949 1879 1976 δὲ

251 1992 305 2019 τῶν
332 1991 446 2027 ἱματίων
473 1989 700 2025 ἐπελαμϐάνοντο.
725 1989 784 2016 Κᾶν
809 1989 962 2026 ἀπεπνίγην
989 1991 1041 2017 ὑπὸ
1077 1993 1125 2027 τῆς
1153 1994 1266 2019 ἐκείνων
1283 1993 1451 2029 θερμοτέρας
1466 1993 1608 2029 προσόδου,
1624 1994 1648 2019 εί
1664 1994 1702 2029 μὴ
1715 1993 1764 2030 βοῇ
1778 1995 1878 2030 χρησά-

254 2048 332 2074 μενος
348 2038 534 2066 ἀπεσκέδασεν
552 2038 685 2069 ἃπαντας.

286 2085 380 2113 Talem
397 2093 411 2112 a
431 2084 571 2112 dicacibus
592 2084 672 2112 irrisa
690 2084 817 2112 columna
835 2084 954 2113 fructum
966 2085 1029 2114 ede-

252 2133 308 2164 bat,
325 2135 430 2158 tantum
446 2130 546 2157 divina:
556 2129 720 2164 cognitionis
734 2130 839 2158 radium
856 2131 1036 2158 barbarorum

252 2177 389 2205 mentibus
409 2176 582 2204 infundebat.
601 2175 669 2203 Nam
685 2181 712 2203 et
736 2177 809 2204 aliud
824 2178 858 2205 ab
877 2178 920 2206 his
936 2178 1036 2206 factum

1119 2085 1256 2120 Τοιαύτην
1272 2087 1286 2112 ό
1308 2086 1360 2112 ὑπὸ
1377 2085 1430 2112 τῶν
1454 2085 1691 2120 φιλοσκωμμόνων
1718 2088 1879 2122 σκωπτόμε-

1090 2140 1135 2163 νος
1152 2131 1217 2158 κίων
1235 2131 1368 2166 ὠφέλειαν
1395 2131 1541 2164 ἀνέϐλυσε,
1558 2133 1606 2159 καὶ
1624 2132 1760 2168 τοσαύτην
1783 2134 1879 2161 ἀκτῖνα

1090 2177 1254 2211 θεογνωσὶας
1280 2179 1339 2209 ταῖς
1359 2177 1413 2204 τῶν
1429 2177 1573 2213 βαρϐάρων
1591 2178 1723 2210 διανοίαις
1742 2180 1879 2214 κατέπεμς

252 2228 293 2250 est
309 2223 465 2257 hujusmodi
481 2232 488 2250 :
503 2221 628 2257 Rogabat
642 2223 733 2250 tribus
749 2230 802 2250 una
816 2223 937 2251 divinum
955 2224 1028 2252 homi

1090 2222 1150 2258 ψεν.
1168 2221 1232 2250 Οἶδα
1246 2223 1273 2250 δὲ
1286 2223 1330 2249 καὶ
1343 2223 1406 2250 ἄλλο
1423 2224 1476 2250 ὑπὸ
1496 2224 1599 2251 τούτων
1614 2225 1714 2251 τοιόνδε
1730 2226 1880 2260 γεγενημέ-

253 2276 325 2299 nem,
341 2273 371 2294 ut
392 2267 543 2302 phylarcho
565 2274 616 2295 suo
639 2267 861 2302 deprecationem
876 2269 997 2303 aliquam
1012 2274 1040 2298 et

253 2312 470 2340 benedictionem
490 2312 690 2339 transmitteret
705 2321 711 2338 :
728 2312 781 2339 alia
796 2320 860 2340 vero
870 2321 930 2348 qua:
945 2314 1041 2341 aderat

253 2357 340 2383 tribus
365 2355 565 2389 refragabatur.
587 2362 642 2382 non
670 2356 770 2383 debere
799 2356 893 2384 dicens
912 2357 944 2384 ad
964 2358 1039 2385 illum

253 2402 325 2429 mitti
347 2400 577 2432 benedictionem,
600 2400 647 2428 sed
669 2401 702 2428 ad
726 2402 824 2429 ducem
837 2410 917 2430 suum
935 2411 942 2429 :
964 2403 1040 2430 illum

250 2448 326 2474 enim
354 2446 566 2480 injustissimum
593 2454 664 2478 esse,
689 2454 768 2473 suum
784 2455 849 2474 vero
869 2448 988 2475 alienum
1007 2448 1041 2475 ab

254 2491 400 2525 injustitia.
419 2491 484 2518 Post
503 2491 612 2525 longam
638 2496 727 2519 autem
743 2494 946 2521 contentionem
963 2494 1042 2522 alter-

253 2537 441 2572 cationentque
457 2536 643 2570 barbaricam,
665 2538 775 2565 tandem
799 2539 826 2566 in
843 2547 902 2566 sese
923 2540 1040 2568 invicem

254 2583 404 2610 irruerunt.
419 2581 473 2617 Ego
484 2590 547 2609 vero
561 2583 652 2611 multis
667 2583 729 2611 illos
737 2585 827 2612 verbis
841 2585 967 2614 hortatus
981 2594 1040 2614 sum

254 2632 285 2655 It
298 2627 462 2655 desisterent
484 2638 491 2655 :
516 2636 597 2663 posse
626 2637 743 2665 namque
764 2631 852 2658 virum
871 2632 992 2660 divinum
1015 2637 1042 2660 et

254 2674 358 2701 buicct
384 2674 422 2701 illi
439 2674 656 2703 benedictionem
673 2677 817 2711 impartiri.
845 2676 945 2705 Verum
967 2683 994 2705 et
1014 2679 1040 2706 hi

255 2718 389 2753 negabant
405 2717 455 2745 hac
479 2718 553 2745 illum
575 2720 656 2753 potiri
674 2724 811 2754 oportere,
833 2725 859 2748 et
874 2721 912 2748 illi
925 2722 1041 2749 alterum

256 2764 308 2790 bac
328 2763 456 2792 fraudare
471 2765 637 2792 nitebantur.
659 2765 744 2794 Minas
760 2771 851 2794 autem
865 2767 910 2795 ille
924 2768 1042 2804 desuper

256 2809 406 2843 intentans,
428 2819 564 2847 canesque
583 2812 692 2848 1276
714 2813 865 2848 appellans.
888 2815 1041 2842 contentio-

255 2862 317 2882 nem
343 2863 414 2891 agre
436 2857 551 2883 scdasit.
570 2856 632 2884 Htec
652 2861 742 2884 autem
765 2865 797 2884 eo
818 2860 1040 2891 commemoravi.

1091 2277 1144 2296 νον·
1161 2269 1278 2295 Ἰκέτευε
1307 2269 1354 2303 μία
1380 2269 1451 2304 φυλὴ
1468 2270 1515 2297 τὸν
1540 2270 1609 2296 θεῖον
1629 2270 1785 2305 ἄνθρωπον,
1798 2272 1880 2307 εὐχήν

1089 2322 1150 2341 τινα
1174 2314 1221 2340 καὶ
1237 2314 1362 2348 εὐλογίαν
1378 2314 1519 2350 ἐκπέμψαι
1531 2315 1571 2350 τῷ
1586 2315 1711 2352 σφετέρῳ
1729 2316 1857 2351 φυλάρχῳ
1870 2325 1876 2331 ·

1090 2358 1157 2394 ἀλλη
1170 2359 1200 2386 δὲ
1214 2359 1284 2394 φυλὴ
1303 2359 1429 2394 παροῦσα
1444 2360 1582 2395 ἀντέλεγε,
1601 2361 1638 2396 μὴ
1652 2361 1708 2387 δεῖν
1725 2362 1821 2396 ἐκεινῳ
1832 2363 1881 2396 τὴν

1091 2404 1217 2438 εὐλογίαν
1245 2405 1439 2440 ἐκπεμφθῆναι
1464 2405 1594 2439 λέγουσα,
1618 2406 1687 2433 ἀλλά
1712 2405 1753 2440 τῷ
1783 2407 1881 2442 ἑαυτῆς

1090 2450 1223 2485 ἡγεμόνι·
1237 2451 1283 2476 τὶν
1300 2451 1351 2486 μὲν
1371 2451 1425 2486 γὰρ
1447 2451 1613 2478 ἀδικώτατον
1634 2449 1717 2484 εἶναι,
1727 2453 1772 2478 τὸν
1783 2452 1810 2478 δὲ
1825 2453 1882 2478 ἀδι-

1091 2495 1155 2527 κίας
1169 2495 1318 2531 ἀλλότριον.
1339 2497 1456 2532 Μακρᾶς
1474 2497 1502 2524 δὲ
1529 2497 1695 2531 φιλονεικίας
1720 2499 1879 2532 γενομένης.

1091 2541 1139 2567 καὶ
1165 2541 1301 2577 διαμάχης
1319 2542 1499 2578 βαρϐαρικῆς,
1512 2543 1543 2569 τὸ
1559 2543 1716 2570 τελευταῖον
1727 2544 1788 2570 κατ’
1805 2543 1882 2577 ἀλλῄ

1091 2586 1146 2612 λων
1166 2586 1320 2622 ἐχώρησαν,
1343 2587 1414 2622 Ἐγὼ
1427 2587 1454 2614 δὲ
1468 2587 1574 2620 πολλοῖς
1594 2588 1767 2624 χρησάμενος
1781 2589 1879 2623 λόγοις,

1094 2632 1207 2667 ἡσυχίαν
1223 2632 1294 2668 ἐχειν
1309 2633 1457 2668 παρῄνουν,
1467 2633 1505 2665 ὼς
1516 2633 1548 2660 ἂν
1562 2635 1736 2669 ἀποχρῶντος
1751 2634 1796 2661 τοῦ
1809 2634 1879 2660 θείω

1092 2678 1187 2714 ἀνδρὸς
1202 2679 1248 2706 καὶ
1272 2679 1359 2714 τούτῳ
1374 2680 1492 2714 κάκείνῳ
1508 2680 1668 2714 μεταδοῦναι
1681 2680 1730 2714 τῆς
1743 2680 1877 2714 εὐλογίας,

1099 2723 1179 2751 Ἀλλὰ
1193 2725 1240 2751 καὶ
1253 2721 1328 2751 οὗτοι
1347 2725 1450 2759 ιλεγον,
1472 2725 1509 2761 μὴ
1523 2725 1578 2752 δεῖν
1595 2727 1698 2752 ἐκεῖνον
1722 2726 1823 2761 ταύτης
1838 2734 1879 2751 τυ-

1092 2771 1172 2804 χεῖν,
1188 2771 1310 2797 κάκεῖνοι
1336 2771 1440 2806 ταύτης
1468 2772 1629 2807 ἀποστερεῖν
1658 2771 1807 2806 ἐπειρῶντο
1835 2771 1878 2797 τὶν

1092 2816 1194 2851 ἕτερον.
1219 2817 1382 2852 ’Λπειλήσας
1391 2817 1420 2844 δὲ
1433 2817 1524 2849 αὐτοῖς
1540 2817 1652 2850 ἄνωθεν,
1669 2818 1716 2843 καὶ
1728 2817 1812 2848 κύνας
1827 2824 1877 2842 κα-

1093 2862 1184 2894 λέσας,
1204 2863 1282 2898 μόγις
1298 2863 1346 2891 τὴν
1368 2863 1534 2893 φιλονεικίαν
1558 2863 1717 2890 κατέσϐεσε.
1739 2862 1830 2889 Ταῦτα
1847 2862 1873 2888 δὲ
