2064 3120
184 175 254 208 1477

801 183 1003 213 RELIGIOSA
1024 184 1214 216 HISTORIA.

1747 196 1814 228 1478

180 235 258 269 ἔφην,
275 234 405 267 ἐπιδεῖξαι
429 235 517 262 αὐτῶν
535 237 583 271 τῆς
601 237 719 270 διανοίας
733 239 850 275 θελήσας
861 241 910 276 τὴν
925 241 964 268 πί-

1025 248 1053 269 ut
1068 251 1169 279 quanta
1197 246 1307 274 illorum
1330 249 1414 276 animi
1439 249 1505 279 fides
1529 257 1601 280 esset
1627 255 1812 285 ostenderem.

181 288 248 306 στιν.
268 280 305 307 Οὐ
318 280 372 314 γὰρ
387 281 420 307 ἂν
432 281 502 308 οὕτω
522 283 581 308 κατ’
595 283 719 319 ἀλλήλων
733 285 883 321 ἐμάνησαν,
898 288 922 313 εί
935 288 973 324 μὴ

181 326 314 362 μεγίστην
330 327 402 362 ἔχειν
412 327 528 363 δύναμιν
546 330 592 356 τοῦ
607 329 750 358 θεσπεσίου
764 332 908 368 ἀνθρώπου
924 335 972 370 τὴν

179 372 304 407 εὐλογίαν
321 373 476 401 ἐπίστευον.
497 372 574 401 Εἶδον
589 375 617 402 δὲ
633 376 680 402 καὶ
701 377 795 404 ἄλλοτε
817 378 910 414 θαῦμα
925 389 972 414 γε·

158 408 160 410 ’
179 419 331 453 γενημένον
354 420 487 454 ἀοίδιμον.
505 420 641 448 Εἰσελθὼν
664 423 719 458 γάρ
739 432 780 454 τις
793 408 970 460 (Σαρακηνλῦν

178 464 207 490 δὲ
219 465 267 491 καὶ
279 462 356 496 οὗτος
375 465 511 501 φύλαρχος
524 464 580 501 ἦν),
596 468 646 502 τὴν
661 468 735 496 θείαν
748 470 869 497 ἱκέτευσε
884 481 969 506 κεφα-

178 509 239 545 λην,
252 511 395 546 ἐπαμῦναι
423 512 501 548 ἀνδρὶ
524 513 596 539 κατὰ
613 513 662 550 τὴν
684 514 743 541 ὁδὸν
769 516 914 551 παρεθέντι
936 519 969 545 τὰ

181 557 249 591 μέλη
270 557 316 583 τοῦ
338 557 474 592 σώματος.
496 558 592 592 Ἔλεγε
609 560 637 586 δὲ
652 560 731 587 τοῦτο
744 562 814 589 κατὰ
833 563 882 598 τὴν
897 564 970 591 Καλο

178 602 280 629 λίνικον
301 603 441 639 (φρούριον
460 603 487 630 δὲ
504 603 574 640 αὕτη
602 606 741 641 μέγιστον)
757 608 970 646 ὑπομεμενηκέ-

178 656 221 675 ναι
239 649 268 674 τὸ
284 649 380 680 πάθος.
399 650 574 686 Κομισθέντα
586 652 676 678 τοίνυν
691 653 731 685 είς
745 654 827 688 μέσον
848 656 969 691 ἀρνηθῆ-

177 702 221 719 ναι
236 694 362 720 ἐκέλευσε
375 695 425 729 τὴν
448 696 502 722 τῶν
527 697 668 731 προγόνων
693 699 831 727 ἀσέϐειαν.
861 702 969 738 Ἐπειδὴ

177 739 206 766 δὲ
225 739 342 774 ἄσμενος
371 742 535 775 κατεδέξατο
547 763 555 774 ,
574 744 622 770 καὶ⁹
643 745 799 780 ὑπήκουσε,
816 748 863 774 καὶ
877 748 908 774 τὺ
922 758 970 775 κε-

176 784 287 812 λευσθὲν
302 786 502 822 ὲξεπλήρωσεν,
522 789 605 824 ἤρετο
624 791 648 816 εί
677 792 802 818 πιστεύει
813 793 852 828 τῷ
869 795 967 831 Πατρὶ,

177 831 224 857 καὶ
238 830 276 866 τῷ
291 834 430 866 μονογενεῖ
445 833 511 868 Υίῷ,
529 835 574 861 καὶ
598 835 636 870 τῷ
656 836 727 872 ἁγίῳ
744 838 895 874 Πνεύματι.
912 840 967 867 Τοῦ

175 877 204 903 δὲ
219 877 356 905 πιστεύειν
385 879 603 915 ὁμολογήσαντος
617 902 624 913 ,
645 892 654 908 ‹
677 883 807 917 Ταύταις,
827 885 890 921 ἔφη,
907 889 967 919 ταῖς

175 924 376 958 προσηγορίαις
398 925 546 958 πιστεύων,
563 927 705 964 ἀνάστηθι.
721 939 730 955 1
756 929 799 962 Ὡς
814 931 841 958 δὲ
852 932 965 969 ἀνέστη,
984 919 1005 946 Β

176 969 341 1002 προσέταξεν
366 970 412 996 ἐπ’
427 970 510 1006 ὤμων
526 973 618 1008 φέρειν
637 974 684 1001 τὸν
711 975 849 1012 φύλαρχον
871 979 968 1014 μέχρις

176 1013 260 1049 αὐτῆς
283 1014 334 1049 τῆς
356 1015 461 1052 κλίνης.
488 1018 624 1052 Μέγιστον
641 1020 670 1047 δὲ
691 1019 748 1056 εἶχε
771 1022 861 1058 σῶμα.
883 1013 938 1051 Καλι
953 1025 968 1051 ὁ

176 1060 226 1094 μὲν
240 1059 329 1088 λαϐὼν
356 1064 514 1096 παραυτίκα
536 1064 639 1100 ᾤχετο·
657 1067 689 1093 Οί
713 1068 742 1095 δὲ
769 1070 902 1105 παρόντες
927 1073 968 1103 εἰς

174 1105 309 1140 ὑμνῳδίαν
324 1107 370 1133 τοῦ
388 1108 455 1135 Θεοῦ
472 1110 522 1142 τὰς
537 1110 664 1145 γλώσσας
686 1114 825 1150 ἐκίνησαν.
840 1116 924 1144 Τοῦτο
939 1118 967 1144 δὲ

174 1151 324 1186 προσέταξε
342 1154 387 1179 τὸν
404 1155 544 1192 Δεσπότην
571 1159 758 1194 μιμούμενος·
772 1161 802 1193 ὃς
823 1162 862 1197 τῷ
879 1171 967 1199 παρα-

173 1197 245 1233 λύτῳ
257 1199 349 1234 φέρειν
356 1201 404 1236 τὴν
413 1201 506 1238 κλίνην
516 1203 668 1233 ἐκέλευσεν.
678 1206 757 1234 Ἀλλὰ
768 1207 862 1244 μηδεὶς
872 1197 967 1246 τυραν-

173 1244 231 1270 νίδα
251 1245 368 1272 καλείτω
393 1248 443 1282 τὴν
467 1248 592 1284 μίμησιν.
608 1251 695 1278 Αὑτοῦ
716 1253 771 1289 γάρ
789 1255 847 1281 ἐστι
870 1244 964 1291 φωνή-

176 1298 185 1314 ι
199 1289 227 1316 '0
239 1292 375 1319 πιστεύων
390 1293 429 1325 εἰς
446 1295 457 1320 ὲ
462 1294 506 1330 μὲ,
520 1295 554 1323 τὰ
565 1296 634 1332 ἔργα
643 1297 661 1325 ἃ
679 1298 735 1333 ἐγὼ
746 1301 826 1332 ποιῶ,
840 1289 965 1336 κάκεῖνος

175 1337 293 1371 ποιήσει,
312 1339 358 1365 καὶ
375 1339 486 1373 μείζονα
511 1341 614 1369 τούτων
631 1345 751 1380 ποιήσει.
772 1355 781 1371 ι
796 1347 850 1374 Καὶ
863 1348 964 1385 ταύτης

172 1381 200 1407 δὲ
216 1382 266 1417 τῆς
294 1384 459 1418 ἐπαγγελίας
486 1386 518 1413 τὸ
538 1387 617 1419 τέλος
638 1389 822 1426 ἐθεασάμεθα.
842 1393 897 1429 Τῆς
911 1381 965 1430 γάρ

171 1427 219 1453 τοῦ
236 1429 338 1464 Κυρίου
353 1431 432 1462 σκιᾶς
440 1431 558 1467 οὐδαμοῦ
571 1427 902 1474 θαῦμαέργασαμένηςίή
916 1427 964 1466 τού

173 1476 291 1510 μεγάλου
319 1477 422 1513 Πέτρου
441 1480 516 1512 σκιὰ.
542 1481 590 1508 καὶ
607 1481 722 1509 θάνατον
746 1483 836 1516 ἔλυσε,
858 1485 905 1512 καὶ
921 1486 964 1512 νό-

173 1530 236 1553 σους
259 1522 388 1558 ἐξήλασε,
411 1525 459 1552 καὶ
484 1525 615 1561 δαίμονας
644 1528 837 1562 ἐφυγάδευσεν.
856 1531 927 1557 Ἀλλ’
949 1531 963 1557 ὁ

1024 289 1116 325 Neque
1129 291 1202 319 enim
1217 293 1244 320 in
1263 294 1370 329 seipsos
1387 295 1427 322 sic
1443 296 1630 330 insaniissent,
1655 301 1707 328 nisi
1728 302 1812 331 divini

1024 335 1142 364 hominis
1157 337 1375 367 benedictionem
1389 341 1442 368 vim
1456 343 1600 370 maximam
1612 345 1712 374 habere
1727 349 1815 375 credi-

1023 381 1140 410 dissent.
1163 383 1224 411 Vidi
1246 392 1330 419 porro
1344 389 1371 413 et
1392 387 1466 415 aliud
1485 389 1593 417 celebre
1607 390 1709 419 factum
1727 395 1812 421 mira-

1022 427 1125 454 culmn.
1147 429 1293 465 ingressus
1306 431 1416 465 quidam
1435 432 1505 467 (erat
1527 438 1617 462 autem
1639 436 1684 464 hic
1702 445 1813 473 quoque

1028 473 1196 508 phylarchus
1211 474 1434 512 Saracenorum),
1451 478 1574 506 divinum
1598 486 1680 516 caput
1701 483 1810 518 orabat,

1022 523 1052 546 ut
1067 527 1145 554 opem
1164 520 1246 549 ferret
1273 522 1386 554 homini.
1409 524 1453 551 cui
1476 526 1595 561 paralysi
1618 528 1707 555 soluta
1726 530 1751 556 in
1767 530 1810 557 via

1022 563 1128 592 fuerant
1145 569 1266 595 membra
1276 570 1411 604 corporis.
1424 570 1522 598 Aiebat
1542 576 1633 600 autem
1647 574 1680 601 ad
1697 574 1811 602 Callini-

1021 618 1093 640 cum.
1109 613 1183 646 quod
1201 615 1343 642 castellum
1363 620 1406 643 est
1421 617 1579 651 maximum,
1601 618 1628 645 in
1648 618 1722 647 hunc
1736 628 1810 648 mor-

1022 655 1085 682 bum
1101 657 1242 685 incidisse.
1255 659 1323 686 Cum
1337 660 1359 687 is
1371 668 1435 696 ergo
1444 662 1543 690 allatus
1552 667 1625 691 esset
1637 663 1663 690 in
1676 665 1809 698 medium,

1018 701 1101 736 jussit
1123 707 1154 729 nt
1182 704 1316 739 majorum
1349 706 1519 741 impietatem
1546 708 1705 744 abnegaret.
1731 710 1808 744 Quod

1020 746 1066 774 ille
1080 754 1141 773 cum
1152 749 1270 777 libenter
1285 751 1453 785 admisisset,
1471 753 1721 790 obtemperansqne
1731 757 1810 790 jussa

1019 790 1170 826 implesset.
1190 795 1294 829 rogavit
1314 803 1348 822 an
1368 797 1496 825 crederet
1513 797 1601 830 Patri,
1621 804 1649 827 et
1666 801 1810 836 unigenito

1019 836 1100 870 Filio,
1118 842 1145 865 et
1161 837 1274 874 Spiritui
1297 846 1405 869 sancto.
1426 843 1458 870 Et
1476 851 1538 871 cum
1560 846 1674 873 credere
1696 855 1725 875 se
1744 856 1809 882 pro-

1020 883 1111 912 fessus
1129 890 1221 918 esset,
1246 896 1255 912 ι
1277 887 1335 918 His.
1362 889 1468 923 inquit,
1496 891 1654 919 nominibus
1682 894 1808 926 credens,

1020 935 1110 964 surge.
1130 939 1139 955 ι
1161 929 1211 958 Ubi
1227 936 1318 959 autem
1333 934 1464 966 surrexit,
1478 935 1563 969 jussit
1576 940 1604 963 ut
1627 937 1808 972 phylarchum

1020 975 1144 1004 humeris
1164 978 1224 1005 suis
1242 978 1276 1005 ad
1302 979 1391 1014 ipsum
1407 988 1495 1016 usque
1509 982 1607 1010 lectum
1631 983 1725 1012 ferret.
1743 985 1811 1013 Erat

1019 1026 1109 1049 autem
1127 1023 1148 1050 is
1160 1031 1275 1059 c0rpore
1292 1027 1456 1060 praegrandi.
1477 1027 1536 1060 Quo
1553 1028 1597 1056 ille
1616 1029 1726 1058 sublato
1743 1038 1811 1059 con-

1019 1067 1109 1095 festim
1128 1068 1218 1096 abiit:
1240 1071 1286 1106 qui
1310 1079 1375 1099 vero
1392 1077 1543 1107 praesentes
1566 1075 1692 1109 aderant,
1716 1077 1742 1103 in
1763 1076 1808 1105 Dei

1019 1112 1126 1141 laudem
1146 1114 1254 1150 linguas
1275 1118 1442 1145 excitarunt.
1467 1117 1524 1146 Hoc
1552 1127 1633 1154 porro
1654 1121 1698 1148 ille
1716 1121 1809 1149 Domi-

1019 1164 1085 1185 num
1109 1158 1222 1187 imitans
1246 1163 1386 1197 praecepit,
1413 1163 1460 1197 qui
1485 1165 1638 1199 paralytico
1664 1165 1749 1199 jussit
1779 1171 1808 1194 ut

1018 1204 1150 1231 lectulum
1164 1213 1243 1233 suum
1264 1206 1357 1235 ferret.
1376 1208 1512 1236 Caeterum
1534 1210 1716 1239 imitationem
1736 1212 1808 1240 hanc

1019 1257 1100 1277 nemo
1120 1252 1294 1287 tyrannidem
1312 1258 1398 1281 vocet.
1414 1254 1479 1290 Ejus
1493 1256 1565 1282 enim
1581 1264 1632 1283 vox
1651 1263 1710 1284 est:
1730 1267 1739 1283 ι
1755 1258 1807 1291 Qui

1018 1296 1105 1323 credit
1121 1296 1148 1324 in
1166 1305 1219 1330 me,
1232 1305 1316 1334 opera
1332 1307 1393 1334 quae
1405 1308 1457 1335 ego
1469 1300 1542 1328 facio
1555 1306 1582 1329 ct
1595 1303 1652 1336 ipse
1668 1303 1759 1337 faciet,
1780 1310 1808 1331 et

1017 1342 1123 1377 majora
1149 1344 1246 1371 horum
1279 1343 1360 1372 faciet
1372 1350 1397 1373 1.
1427 1356 1436 1372 ι
1466 1346 1552 1382 Cujus
1579 1356 1646 1376 sane
1677 1351 1809 1383 promissi

1017 1392 1148 1416 eventum
1165 1389 1292 1417 vidimus.
1311 1390 1378 1417 Nam
1395 1399 1458 1420 cum
1475 1393 1572 1421 umbra
1599 1393 1706 1422 Domini
1724 1397 1808 1424 mira-

1016 1433 1108 1461 culum
1133 1443 1273 1472 nunquam
1304 1437 1414 1471 fecerit,
1442 1439 1533 1475 magni
1557 1439 1630 1467 Petri
1658 1442 1753 1468 umbra
1780 1447 1808 1470 et

1015 1484 1132 1508 mortem
1159 1482 1269 1514 delevit,
1299 1487 1327 1511 et
1354 1485 1465 1512 morbos
1492 1486 1593 1521 exegit,
1615 1490 1642 1514 et
1667 1486 1807 1515 daal-tones

1017 1525 1131 1562 fugavit.
1151 1528 1257 1564 1277
1274 1528 1375 1557 Verum
1391 1530 1525 1560 Dominus
1539 1539 1565 1559 et
1578 1533 1628 1560 ista
1645 1542 1693 1568 per
1710 1542 1807 1563 servos

171 1566 310 1602 Δεσπότης
339 1569 386 1595 καὶ
410 1569 495 1596 ταῦτα
526 1571 570 1598 διὰ
595 1572 649 1599 τῶν
672 1573 773 1601 δούλων
799 1575 909 1611 ἐνήργει
930 1576 964 1603 τὰ

1016 1581 1081 1601 suos
1094 1575 1226 1602 miracula
1239 1577 1376 1610 patrabat.
1392 1582 1420 1604 et
1439 1586 1514 1605 nunc
1533 1579 1659 1607 similiter
1676 1580 1736 1615 ejus
1755 1588 1806 1607 no-

173 1610 300 1646 θαύματα
313 1620 318 1626 ·
332 1614 378 1639 καὶ
391 1615 439 1641 νῦν
453 1614 482 1641 δὲ
498 1615 640 1649 ὡσαύτως,
654 1618 688 1653 τῇ
712 1619 806 1646 τούτου
821 1621 962 1656 κεχρημέ-

171 1665 217 1687 νος
233 1660 403 1695 προσηγορίᾳ
421 1661 455 1687 τὰ
486 1661 571 1697 μυρία
593 1664 607 1689 ὁ
623 1663 693 1695 θεῖος
714 1665 860 1701 Συμεώνης
880 1667 963 1703 ἐργά-

172 1701 249 1733 ζεται
272 1703 409 1738 θαύματα.
428 1707 530 1741 Συνέϐη
550 1708 604 1743 γὰρ
622 1709 669 1736 καὶ
690 1709 784 1746 ἕτερον
801 1701 901 1747 θαῦμα
914 1722 961 1748 γε-

171 1746 265 1774 νέσθαι
289 1749 340 1775 ὑπὸ
358 1750 456 1777 τούτου
474 1753 520 1779 τοῦ
540 1755 676 1790 προτέρου
692 1756 824 1791 μηδαμῶς
836 1746 962 1785 ἐλαττού-

173 1801 261 1827 μενον.
276 1795 334 1821 Τῶν
348 1796 402 1832 γὰρ
422 1798 461 1829 είς
471 1798 501 1824 τὸ
518 1800 650 1835 σωτήριον
666 1800 751 1836 ὄνομα
764 1802 810 1829 τοῦ
825 1804 960 1831 Δεσπὸτου

172 1839 292 1874 Χριστοῦ
317 1844 539 1871 πεπιστευκότων
558 1854 611 1878 τις,
632 1843 805 1885 Ίσμαηλίτης
818 1851 868 1877 οὐκ
891 1851 960 1888 ἄση-

173 1893 238 1919 μος,
257 1886 339 1922 εὐχὴν
367 1888 515 1923 ἐποιήσατο
548 1891 617 1926 πρὸς
643 1892 690 1919 τὸν
721 1893 786 1921 Θεὸν
813 1895 859 1921 ὑπ’
886 1896 960 1932 αὐτῷ

173 1931 301 1967 μάρτυρι,
319 1934 365 1960 καὶ
385 1934 542 1970 ὑπόσχεσιν.
558 1937 590 1963 Ἡ
605 1937 633 1964 δὲ
647 1938 791 1974 ὑπόσχεσις
811 1939 856 1977 ἦν,
871 1931 961 1980 πάσης

171 1977 319 2010 ἀφέξεσθαι
335 1979 382 2006 τοῦ
393 1980 487 2007 λοιποῦ
508 1982 589 2017 μέχρι
601 1983 695 2015 τέλους
707 1985 830 2021 ἐμψύχου
845 1977 958 2024 τροφῆς.

172 2023 280 2059 Ταύτην
302 2025 352 2051 οὐκ
378 2023 425 2052 οἶδ’
443 2027 518 2059 ὅπως
541 2029 630 2063 χρόνῳ
653 2030 706 2056 τινὶ
727 2030 777 2066 τὴν
794 2023 960 2066 ἐπαγγελίαν

171 2069 376 2104 παραδραμὼν,
393 2071 467 2106 ὄρνιν
500 2073 656 2106 καταθύσας
686 2075 787 2103 ὲσθίειν
816 2077 958 2114 ἐτόλμησε.

171 2114 194 2139 Τ
195 2114 225 2140 οὗ
238 2114 266 2140 δὲ
281 2115 348 2142 Θεοῦ
359 2117 440 2144 αὑτὸν
459 2117 492 2144 δι’
503 2119 613 2154 ἐλέγχου
634 2121 703 2156 πρὸς
722 2122 892 2160 ἐπιστροφὴν
915 2125 960 2152 ὲν-

170 2161 262 2194 ιγκεῖν
273 2161 459 2198 ἐθελήσαντος,
467 2165 514 2191 καὶ
523 2165 568 2192 τὸν
577 2167 673 2193 ἑαυτοῦ
682 2168 795 2203 τιμῆσαι
807 2169 960 2205 Θεράποντα

173 2206 299 2241 μάρτυρα
314 2208 363 2242 τῆς
380 2210 585 2245 παραϐαθείσης
606 2213 751 2248 γενόμενον
775 2215 958 2251 ὑποσχέσεως,

1015 1627 1077 1647 men
1094 1628 1232 1656 usurpans
1245 1622 1355 1650 divinus
1375 1623 1524 1659 Symeones
1537 1624 1680 1653 innumera
1701 1627 1806 1662 peragit

1015 1666 1158 1694 miracula.
1174 1667 1281 1694 Accidit
1297 1676 1416 1703 namque
1432 1674 1461 1696 ut
1484 1670 1558 1697 aliud
1582 1678 1691 1706 quoque
1713 1672 1747 1698 ab
1772 1681 1806 1699 eo

1016 1712 1094 1740 ﬁeret
1112 1713 1278 1741 miraculum
1303 1714 1390 1742 nihilo
1411 1715 1527 1744 inferius
1545 1717 1645 1751 priore.
1671 1718 1805 1746 lsmaelila

1015 1759 1089 1787 enim
1103 1759 1216 1795 quidam
1229 1760 1309 1788 exiis
1323 1761 1370 1796 qui
1392 1761 1419 1789 in
1436 1763 1559 1791 salutare
1576 1762 1678 1792 Christi
1698 1763 1806 1792 Domini

1014 1810 1114 1831 nomen
1132 1804 1318 1838 crediderant,
1338 1806 1452 1834 niinime
1474 1807 1622 1838 obscurus,
1641 1812 1733 1835 votum
1745 1809 1806 1843 ipso

1014 1852 1083 1876 teste
1105 1848 1160 1876 Deo
1185 1849 1300 1882 fecerat,
1325 1855 1351 1878 et
1377 1852 1604 1886 promissionem.
1636 1851 1806 1881 Promiserat

1014 1899 1104 1920 autem
1128 1893 1263 1926 futurum,
1281 1900 1312 1921 ut
1339 1895 1469 1930 deinceps
1496 1900 1629 1931 perpetuo
1654 1896 1806 1926 abstineret

1013 1939 1050 1966 ab
1065 1947 1115 1967 esu
1134 1939 1258 1974 cujusvis
1275 1940 1400 1967 animati.
1426 1939 1503 1967 Hanc
1529 1941 1575 1968 ille
1592 1941 1806 1976 promissionem

1014 1985 1108 2012 nescio
1121 1993 1175 2020 quo
1192 1990 1273 2020 pacto
1286 1990 1480 2021 transgressus
1498 1986 1646 2021 aliquando
1657 1990 1804 2014 mactatam
1851 1983 1857 1989 ’

1014 2030 1143 2065 gallinam
1161 2038 1245 2059 ausus
1260 2036 1303 2059 est
1319 2032 1472 2060 comedere.
1491 2032 1577 2065 Quem
1598 2032 1672 2061 Deus
1686 2033 1719 2060 ad
1733 2040 1804 2062 con-

1014 2075 1168 2103 versionem
1185 2080 1263 2104 cerlo
1277 2076 1380 2104 indicio
1394 2077 1495 2105 ducere
1517 2085 1580 2105 cum
1595 2078 1688 2111 vellet,
1708 2077 1803 2107 famu-

1014 2121 1126 2156 lumque
1139 2129 1221 2149 suum
1242 2122 1379 2150 honorare
1394 2123 1441 2156 qui
1466 2122 1546 2150 testis
1571 2121 1661 2150 fuerat
1681 2123 1803 2158 promis-

1014 2168 1112 2200 sionis,
1128 2168 1156 2195 in
1174 2167 1273 2203 lapidis
1298 2173 1425 2195 naturam
1446 2168 1553 2203 gallina:
1578 2175 1643 2196 caro
1669 2175 1804 2198 conversa

1013 2219 1080 2242 est:
1102 2214 1169 2241 adeo
1192 2220 1220 2240 ut
1248 2222 1298 2241 nec
1324 2214 1348 2241 si
1367 2214 1447 2241 vellet
1468 2214 1553 2241 edere
1583 2214 1702 2249 amplius
1727 2214 1802 2241 illam

171 2253 212 2283 είς
237 2252 310 2279 λίθου
330 2254 409 2288 φύσιν
435 2256 452 2290 ἡ
469 2256 537 2292 σὰρξ
563 2257 613 2291 τῆς
638 2259 743 2293 ὄρνιθος
772 2262 960 2296 μετεϐάλλετο,

1016 2265 1116 2296 posset.
1135 2260 1187 2293 Qui
1208 2261 1280 2287 enim
1308 2260 1334 2287 id
1351 2261 1394 2287 edi
1420 2264 1524 2295 posset,
1543 2260 1614 2294 quod
1636 2260 1689 2287 cibi
1717 2268 1801 2288 causa

171 2297 241 2324 ὥστε
260 2300 326 2334 μηδὲ
356 2300 516 2335 βουλόμενον
532 2303 661 2332 δύνασθαι
687 2306 779 2333 λοιπὸν
794 2308 894 2335 ἐσθίειν
910 2310 960 2336 αὖ»

171 2344 225 2370 τόν.
246 2345 307 2376 Πῶς
326 2346 380 2382 γὰρ
407 2344 463 2373 οἷόν
486 2357 514 2374 τε
532 2347 577 2384 ἦν,
595 2351 649 2377 ἀπὸ
673 2353 856 2387 πετρωϐέντος
875 2351 960 2391 οὗπερ

171 2391 211 2422 εἰς
231 2390 333 2426 βρῶσιν
359 2393 505 2428 ἐπείληπτο
532 2395 657 2431 σώματος
684 2398 784 2425 ἐσθίειν
811 2400 959 2434 δύνασθαι;

171 2439 262 2474 Ταύτῃ
279 2439 464 2474 καταπλαγεὶς
483 2442 496 2467 ό
513 2441 649 2478 βάρϐαρος
670 2445 704 2478 τῇ
729 2446 871 2480 παραδόξῳ
898 2447 959 2483 Θέᾳ,

172 2485 221 2511 συν
236 2485 324 2520 πολλῷ
339 2486 414 2521 τάχει
426 2487 472 2513 τὸν
487 2488 558 2514 ὅσιον
579 2490 779 2525 κατελάμὸανε,
794 2492 824 2518 τὸ
839 2501 961 2528 κεκρυμ-

173 2530 253 2565 μένον
264 2532 302 2562 είς
317 2531 374 2566 φῶς
391 2533 552 2569 προσφέρων
568 2535 728 2571 ἁμάρτημα,
745 2538 790 2564 καὶ
804 2538 853 2574 τὴν
873 2539 959 2574 παρά-

172 2577 252 2603 ϐασιν
268 2577 464 2613 ἀνακηρύττων
491 2581 567 2612 πᾶσι,
588 2582 633 2608 καὶ
657 2583 703 2609 τοῦ
733 2584 902 2620 πταίσματος
928 2587 959 2612 ὲκ

171 2623 239 2651 Θεοῦ
256 2626 421 2662 συγγνώμην
439 2627 598 2662 αἰτούμενος
611 2636 617 2643 '
636 2629 683 2655 καὶ
697 2630 742 2656 τὸν
757 2631 834 2664 ἅγιον
846 2633 885 2663 είς
901 2634 960 2659 ἐπι-

170 2671 284 2705 κουρίαν
298 2671 398 2704 καλῶν,
416 2673 453 2704 ὡς
465 2673 498 2700 ἂν
515 2675 576 2706 ταῖς
595 2676 808 2711 παντοδυνάμοις
820 2678 902 2705 αὑτοῦ
919 2679 960 2704 εὑ-

171 2717 233 2750 χαῖς
247 2716 300 2744 τῶν
317 2717 425 2753 δεσμῶν
439 2719 520 2745 αὐτὸν
531 2720 580 2754 τῆς
595 2720 732 2756 ἁμαρτίας
744 2722 877 2750 ἑλκύσειε.
889 2724 958 2750 Πολ-

170 2761 212 2788 λοὶ
224 2762 253 2788 δὲ
267 2762 315 2789 τοῦ
329 2763 467 2798 θαύματος
481 2765 611 2793 αὐτόπται
632 2767 761 2801 γεγόνασι
770 2788 778 2799 ,
790 2769 820 2795 τὸ
835 2770 903 2805 πρὸς
921 2770 959 2805 τῷ

171 2807 264 2843 στήθει
278 2809 360 2844 μέρος
375 2809 404 2842 ἐξ
414 2810 506 2838 ὀστέου
525 2813 571 2840 καὶ
592 2813 665 2840 λίθου
680 2815 857 2850 συγκείμενον
871 2817 960 2853 ψηλα-

205 2900 219 2921 γ
236 2895 312 2924 Joan.
339 2906 393 2928 xxv,
415 2897 456 2927 1‘2.

1014 2311 1152 2341 sumptum
1186 2306 1214 2333 in
1244 2305 1362 2341 lapidem
1393 2305 1561 2332 transierat?
1587 2304 1802 2340 Obstupefactus

1014 2353 1147 2380 inusitato
1171 2352 1329 2387 spectaculo
1344 2351 1480 2379 barbarus
1504 2351 1538 2378 ad
1569 2355 1696 2378 sanctum
1717 2351 1802 2379 celer-

1013 2399 1082 2426 rime
1096 2398 1236 2434 profectus
1256 2403 1308 2429 est.
1335 2398 1473 2425 occultum
1497 2402 1638 2432 pecrratum
1665 2397 1692 2424 in
1713 2397 1800 2425 lucem

1013 2444 1168 2480 proferens.
1178 2449 1205 2471 et
1218 2443 1464 2479 transgressionem
1479 2449 1555 2469 suam
1572 2441 1702 2469 omnibus
1717 2449 1802 2494 enun:

1013 2491 1096 2522 tians,
1117 2490 1267 2525 delictique
1291 2489 1396 2517 veniam
1421 2495 1434 2514 a
1462 2487 1517 2515 Deo
1535 2492 1640 2523 petens,
1663 2491 1691 2515 et
1709 2487 1801 2516 sancti

1013 2537 1145 2563 auxilium
1159 2537 1302 2568 invocans,
1313 2540 1342 2562 ut
1359 2534 1487 2570 precibus
1499 2536 1557 2561 suis
1566 2533 1800 2569 omnipotentibul

1012 2583 1118 2617 peccati
1133 2582 1253 2610 vinculis
1269 2582 1357 2616 ipsum
1380 2581 1544 2608 exsolveret.
1566 2579 1728 2606 Miraculum
1747 2579 1800 2607 hoc

1013 2630 1091 2657 multi
1107 2636 1284 2664 conspexere,
1308 2629 1354 2663 qui
1372 2628 1479 2663 gallinae
1501 2631 1605 2661 partem
1626 2626 1730 2661 pectori
1750 2626 1800 2654 ad-

1013 2677 1161 2704 haerentem
1178 2683 1211 2702 cx
1226 2682 1288 2702 osse
1303 2678 1329 2702 et
1344 2673 1434 2709 lapide
1447 2672 1592 2700 conflatam
1605 2675 1798 2699 attrectarunt.

1013 2723 1068 2757 ligo
1089 2729 1153 2748 vero
1170 2728 1225 2748 non
1238 2720 1328 2748 solum
1342 2718 1469 2746 miraculi
1480 2722 1628 2752 spectator,
1644 2717 1689 2744 sed
1708 2724 1798 2744 rerum

1011 2769 1094 2797 etiam
1109 2768 1265 2795 futurarum
1291 2765 1477 2801 praedictionis
1493 2764 1601 2799 1278
1622 2763 1731 2790 auditor
1746 2761 1796 2788 fui.

1013 2815 1080 2843 Nam
1098 2819 1124 2843 et
1138 2813 1290 2843 siccitatem
1304 2813 1379 2840 illaut
1399 2819 1459 2846 qna:
1477 2811 1592 2842 exstitit,
1617 2814 1798 2844 magnamque
