2064 3120
262 160 331 194 H79

762 157 1005 188 THEODORETI
1025 155 1194 186 EPISCOI'I
1212 154 1393 184 CYRENSIS

1832 150 1898 184 1480

260 219 325 247 anni
343 217 526 249 sterilitatem,
547 224 579 244 ac
604 219 725 244 secutam
742 223 774 243 ex
799 224 830 243 ea
850 215 950 243 famem
971 214 1054 242 simul

1108 214 1252 248 φήσαντες.
1266 211 1338 246 Ἐγὼ
1346 211 1373 238 δὲ
1383 211 1414 238 οὺ
1427 211 1506 246 μόνον
1519 210 1572 236 τῶν
1586 209 1734 246 ῡαυμάτων
1749 210 1896 246 αὐτόπτης,

261 271 344 300 atque
355 267 459 299 pestem
480 263 591 290 biennio
609 267 672 289 ante
688 261 827 296 prmdixit,
844 262 948 296 virgam
963 261 1052 287 Immi-

261 311 342 338 nibus
358 310 498 337 incussam
515 316 529 335 a
548 316 578 336 se
596 308 684 335 visam
698 307 806 339 dicens,
827 311 855 334 et
868 307 973 342 flagella
993 315 1053 342 qua:

262 357 377 386 inferret
404 356 616 391 significantem.
633 356 710 383 Alias
738 356 821 383 etiam
852 355 950 382 bruchi
971 363 1053 390 quem

261 407 363 431 vocant
391 403 573 438 irruptionem
603 401 819 437 praenuntiavit,
851 408 966 435 eamque
998 409 1054 427 nun

262 457 394 485 magnum
412 449 608 476 detrimentum
628 448 787 478 allaturam.
810 447 976 482 supplicium
991 455 1053 474 mox

263 495 451 529 subsequente
483 494 577 521 divina
610 494 769 521 clementia.
804 492 931 528 Triginta
963 497 1054 520 autem

263 541 360 568 diebus
385 540 504 576 elapsis,
525 539 737 567 innumerabilis
765 538 875 574 quidem
902 544 996 566 exorta
1014 543 1057 566 est

264 587 424 618 multitudo.
437 587 474 613 ita
491 591 519 612 nt
535 586 602 614 solis
614 585 706 613 radios
718 585 880 616 dissecarct,
896 587 904 596 '
915 585 1056 612 umbram-

263 639 316 666 que
333 630 453 658 etIiceret
470 639 477 657 :
494 630 577 665 idque
594 637 645 658 nos
668 637 765 657 omnes
787 629 893 664 liquido
914 629 1056 664 perspexi-

264 684 335 704 mus.
353 676 487 704 Caaterum
513 676 563 703 soli
586 676 729 703 brutorum
753 675 934 703 animantium
956 676 1057 710 pabulo

265 723 371 753 nocuit.
399 723 541 750 hominum
569 730 635 750 vero
660 722 793 750 alimenta
820 722 896 749 nulla
919 730 952 750 ex
980 727 1057 758 parte

265 770 346 797 laesit.
363 768 427 796 Mihi
443 769 538 801 etiam,
558 776 620 796 cum
639 768 787 811 a‘quodam
801 776 984 804 oppugnarer,
1003 768 1058 795 ini-

266 816 329 842 mici
345 815 456 842 exitium
473 814 630 850 quindecim
644 819 706 842 ante
718 814 816 842 diebus
833 815 971 849 praedixit,
987 822 1057 849 prae-

266 860 453 895 dictionisque
471 860 614 887 veritatem
630 859 798 895 experientia
816 861 937 895 comperi
950 860 983 886 ³¹.
996 860 1056 887 Alia

267 906 424 940 hujusmodi
439 905 530 933 sciens
548 906 669 940 prudens
678 906 813 937 omittam,
827 906 959 934 orationis
968 907 1058 935 vitans

266 952 465 988 prolixitatem,
495 952 648 986 praesertim
671 958 733 978 eum
759 951 794 978 ad
811 951 1056 980 demonstrandam

266 997 418 1032 spiritalem
429 996 490 1029 ejus
512 996 736 1031 perspicientiam
754 995 806 1023 ista
825 996 972 1023 sufﬁciant.

267 1051 335 1074 σεως
357 1041 407 1077 τὴν
433 1041 562 1076 ἀλήθειαν
588 1041 700 1076 ἔμαθον.
717 1041 772 1068 Καὶ
801 1041 868 1068 ἄλλα
893 1042 922 1068 δὲ
945 1041 1057 1070 τοιαῦτα

266 1089 295 1115 τὸ
309 1089 405 1124 μῆκος.
429 1089 548 1124 Ἀπόχρη
563 1088 592 1114 δὲ
603 1089 650 1115 καὶ
673 1088 758 1115 ταῦτα
774 1088 860 1121 δεῖξαι
877 1089 925 1124 τῆς
941 1090 1058 1122 διανοίας

302 1136 389 1171 llujns
405 1136 477 1171 apud
491 1144 581 1171 regem
598 1143 708 1171 quoque
723 1135 870 1164 Persarum
886 1137 984 1173 ingens
1001 1138 1057 1174 glo-

266 1183 307 1209 ria
327 1182 388 1208 l‘uit.
408 1181 441 1209 Ut
457 1185 605 1208 narrarunt
617 1181 689 1209 enim
707 1182 754 1217 qui
770 1182 803 1209 ad
820 1190 882 1209 eum
895 1183 977 1218 legati
993 1191 1057 1218 pro—

267 1227 330 1254 [celi
352 1231 426 1260 sunt,
452 1226 599 1261 diligenter
623 1227 829 1260 sciscitabatur,
851 1235 978 1262 quaenam
1005 1229 1058 1255 viri

266 1275 320 1300 vita
334 1277 418 1303 esset.
435 1276 462 1299 et
477 1272 633 1307 cuiusmodi
651 1273 793 1300 miracula.
809 1272 862 1301 Sed
874 1277 901 1301 et
911 1274 1057 1310 conjugem

266 1319 327 1353 ejus
353 1319 428 1345 aiunt
448 1322 474 1346 et
504 1319 594 1345 oleum
616 1319 651 1346 ab
679 1327 712 1347 eo
742 1319 851 1355 1279
881 1321 1056 1348 benedictum

267 1364 390 1400 petiisse,
407 1369 434 1391 et
449 1368 581 1399 tanquam
606 1364 709 1392 donum
730 1366 881 1393 maximum
905 1368 1057 1402 accepisse.

267 1410 339 1444 Quin
364 1415 391 1437 et
415 1411 487 1445 regis
516 1411 661 1438 domestici
691 1419 805 1446 omnes,
832 1413 904 1440 fama
932 1416 1058 1449 permoti,

267 1456 393 1490 quamvis
413 1463 428 1482 ιι
455 1456 541 1491 magis
567 1456 670 1484 multas
684 1462 781 1484 contra
805 1458 882 1486 illum
908 1460 1060 1488 calumnias

267 1502 408 1535 audirent,
425 1506 453 1529 et
475 1507 607 1530 accurate
630 1504 876 1537 percontabantur,
894 1509 922 1533 et
946 1513 976 1533 re
996 1514 1059 1541 per-

268 1551 361 1582 specta
379 1546 502 1574 divinum
522 1548 611 1574 virum
631 1549 818 1584 appellabant.
839 1549 943 1578 Caetera
966 1555 1058 1579 autem

268 1593 348 1620 turba
373 1593 407 1620 ad
432 1594 568 1621 muliones
589 1595 740 1627 accedens,
757 1599 785 1622 et
809 1595 842 1623 ad
866 1596 1009 1625 ministros
1027 1605 1058 1624 ac

267 1639 379 1671 milites,
393 1643 420 1666 et
441 1640 573 1674 pecunias
591 1639 752 1672 offerebant,
770 1644 796 1668 et
817 1645 847 1668 ut
869 1641 922 1669 olei
946 1642 1058 1670 benedi-
1073 1632 1093 1660 ε

268 1685 370 1712 ctionis
390 1685 539 1721 participes
559 1686 657 1713 ﬁerent
681 1686 878 1714 obsecrabant.
906 1688 1059 1716 lsmaelita-

267 1739 328 1758 rum
350 1735 439 1758 autem
462 1732 568 1766 regina,
588 1732 689 1760 sterilis
714 1740 777 1760 cum
795 1738 880 1766 esset,
898 1734 1060 1770 liberosque

268 1781 385 1812 optaret,
406 1778 494 1813 primo
519 1778 630 1812 quidem
656 1779 749 1806 missis
760 1780 928 1814 quibusdam
954 1789 985 1807 ex
1003 1781 1059 1815 pri-

268 1824 403 1856 moribus,
418 1828 446 1850 ut
462 1828 548 1851 mater
558 1824 634 1851 ﬁeret
648 1825 803 1852 obsecravit
816 1835 823 1852 :
838 1830 984 1861 postquam
994 1835 1060 1855 vero

268 1877 381 1904 compos
397 1870 450 1896 voti
468 1869 539 1896 facta
558 1874 610 1902 est,
637 1871 799 1906 peperitque
816 1875 845 1898 ut
866 1876 987 1907 optarat,
1011 1881 1059 1900 na—

269 1920 327 1942 tum
338 1923 428 1950 regem
446 1915 584 1950 accipiens
596 1915 629 1942 ad
645 1915 769 1943 divinum
785 1924 878 1944 senem
892 1919 1035 1946 contendit
1051 1929 1056 1946 :

269 1965 296 1989 et
312 1961 376 1995 quia
396 1960 559 1987 mulieribus
579 1960 669 1988 aditus
693 1969 746 1988 non
767 1962 893 1996 patebat,
910 1963 1002 1996 .Inisso
1026 1965 1058 1992 ad

270 2007 346 2033 illum
362 2006 476 2038 infante,
489 2007 595 2041 rogavit
606 2011 635 2034 ut
651 2007 870 2035 benedictionem
887 2010 1057 2044 impetraret.

273 2061 282 2077 ι
300 2051 374 2079 'l'uus
393 2051 467 2079 enim
483 2056 535 2084 est,
553 2053 653 2087 inquit,
675 2053 719 2080 hic
736 2054 905 2089 manipulus.
923 2054 979 2090 Ego
995 2063 1057 2083 cum

269 2098 397 2133 lacrymis
409 2105 524 2132 precum
535 2106 630 2126 semen
647 2099 752 2126 contuli
770 2109 776 2128 :
792 2104 821 2127 tu
835 2108 868 2128 ex
882 2102 987 2129 semine
1001 2109 1058 2128 ma-

269 2144 392 2179 nipulum
405 2143 536 2177 eduxisti,
559 2144 660 2172 divinae
683 2145 778 2181 gratiae
795 2146 915 2182 pluviam
933 2147 1058 2175 oratione

268 2194 315 2217 tua
331 2189 452 2218 eliciens.
465 2199 474 2216 ι

305 2276 357 2304 Sed
373 2285 519 2313 quousque
543 2277 652 2305 tandem
675 2278 805 2306 Atlantici
828 2280 913 2307 maris
932 2280 1055 2307 altitudi-

268 2331 328 2351 nem
345 2324 433 2350 metiri
445 2323 548 2351 conor?
565 2323 632 2351 Nam
643 2324 716 2351 sicut
733 2325 803 2352 hanc
821 2325 943 2353 dimetiri
964 2327 1055 2354 homi-

269 2377 317 2396 nes
327 2373 474 2403 nequeunt,
488 2369 528 2395 sic
542 2370 694 2397 orationem
708 2375 877 2405 exsuperant
893 2379 954 2407 qua:
965 2373 1057 2400 abillo

268 2414 336 2441 ﬁunt
350 2413 483 2449 quotidie.
501 2413 557 2448 Ego
574 2420 665 2442 autem
678 2415 738 2450 ejus
750 2420 814 2443 ante
829 2417 886 2444 haec
902 2419 993 2445 omnia
1006 2419 1055 2446 ad-

268 2460 353 2487 miror
360 2459 543 2487 constantiam
554 2468 561 2493 ;
572 2465 668 2490 noctes
675 2462 747 2489 enim
760 2463 873 2498 diesque
882 2465 916 2492 ab
929 2466 1057 2494 omnibus

268 2509 327 2533 erat
343 2505 429 2532 visus.
446 2503 562 2533 Foribus
577 2507 650 2534 enim
673 2507 780 2541 ablatis,
801 2511 928 2545 murique
940 2511 1056 2546 disjccla

269 2555 346 2586 parte
362 2559 415 2579 non
434 2552 556 2585 minima,
575 2561 677 2581 novum
694 2556 824 2584 omnibus
841 2561 868 2584 et
889 2559 1054 2593 stupendum

1105 259 1173 286 ἀλλὰ
1191 259 1303 293 καὶτῆς
1326 257 1380 284 τῶν
1399 256 1589 292 γενησομένων
1606 257 1787 292 προρρήσεως
1809 257 1898 290 ἐγενό-

1107 314 1161 340 μην
1177 304 1326 339 ἀκροατής.
1342 303 1398 330 Καὶ
1424 303 1478 337 γὰρ
1491 302 1536 329 τον
1551 302 1698 337 γενόμενον
1718 301 1837 336 αὖχμὺν,
1853 303 1898 328 καὶ

1106 351 1154 387 τὴν
1180 350 1279 385 πολλὴν
1297 349 1405 383 ἐκείνην
1435 348 1481 375 τοῦ
1506 348 1582 379 ἔτους
1610 348 1761 383 ἀκαρπίαν,
1780 348 1829 374 καὶ
1855 347 1899 374 τὸν

1105 396 1326 431 ἀκολιυθήσαντα
1352 394 1441 429 λιμὸν,
1456 393 1523 428 ὁμοῦ
1545 402 1574 420 τε
1599 392 1647 420 καὶ
1664 393 1770 428 λοιμὸν,
1785 393 1840 427 πρὸ
1854 393 1899 419 δύο

1106 440 1183 469 εἶπεν
1209 441 1351 471 ἐνιαυτῶν,
1367 440 1465 475 ῥάϐδον
1486 438 1604 475 εἰρηκὼς
1619 439 1766 466 τεθεᾶσθαι
1777 438 1835 470 τοῖς
1854 440 1898 465 ἁν-

1107 487 1227 523 θρώποις
1249 486 1463 522 ἐπιφερομένην,
1481 486 1527 512 καὶ
1552 486 1602 517 τὰς
1625 485 1659 512 δι’
1686 485 1772 520 αὐτῆς
1789 494 1899 520 προμη-

1107 534 1223 561 νύουσαν
1249 532 1393 568 μάστιγας.
1408 532 1462 558 Καὶ
1484 531 1577 558 ἄλλοτε
1605 531 1632 557 δὲ
1658 531 1708 566 τῆς
1728 531 1900 565 καλουμένης

1108 580 1222 615 κάμπης
1246 579 1294 614 τὴν
1321 577 1474 614 προσϐολὴν
1494 577 1681 613 προεδήλωσε,
1703 577 1752 603 καὶ
1769 576 1808 608 ὡς
1825 575 1900 603 οὐδὲν

1109 626 1180 661 μέγα
1203 625 1371 660 λυμανεῖται,
1387 623 1436 659 τῆς
1465 622 1539 654 Gala;
1561 622 1766 658 φιλανθρωπίας
1791 623 1902 649 ἀκολου-

1108 671 1208 706 θούσης
1221 671 1255 706 τῇ
1282 669 1414 705 τιμωρίᾳ.
1430 669 1585 705 Τριάκοντα
1599 668 1627 695 δὲ
1649 668 1813 695 διελθουσῶν
1837 669 1902 703 ἡμε-

1111 716 1175 752 ρῶν,
1189 715 1290 750 ἐπέστη
1319 714 1368 750 μὲν
1386 713 1488 749 πλῆθος
1502 715 1625 749 ἄπειρον,
1642 713 1680 745 ὡς
1697 712 1745 740 καὶ
1761 713 1902 748 διατεμεῖν

1108 764 1157 798 τὴν
1171 763 1279 794 ἀκτῖνα,
1296 761 1343 787 καὶ
1354 760 1494 795 σχεδιάσαι
1510 759 1590 786 σκιάν
1605 769 1611 775 ·
1624 759 1672 786 καὶ
1686 759 1767 786 τοῦτο
1780 759 1902 795 ἀκριϐῶς

1109 808 1283 845 ἐθεασάμεθα
1301 808 1411 839 πάντες.
1427 807 1515 834 Μόνον
1539 807 1567 833 δὲ
1581 807 1626 833 τὸν
1640 807 1695 833 τῶν
1710 806 1816 841 ἀλόγων
1829 806 1903 842 χιλὸν

1111 856 1277 891 ἐλυμήνατο,
1303 853 1364 880 οὐδὲ
1392 853 1456 888 μίαν
1484 852 1574 887 λώϐην
1601 854 1635 888 τῇ
1661 853 1716 879 τῶν
1749 852 1904 888 ἀνθρώπων

1077 893 1097 921 Β
1113 901 1335 937 προσενεγκοῦσα
1346 901 1444 935 τροφῇ.
1465 899 1520 925 Καὶ
1536 899 1597 933 ἐμοὶ
1610 898 1639 925 δὲ
1660 899 1713 925 ὑπό
1729 907 1804 930 τινος
1822 899 1902 925 πολε-

1113 949 1249 986 μουμένῳ,
1266 948 1319 982 πρὸ
1345 945 1542 973 πεντεκαίδεκα
1563 946 1698 980 ἐμήνυσεν
1717 944 1832 980 ἡμερῶν
1854 945 1903 979 τὴν

1110 996 1157 1022 τοῦ
1177 993 1306 1028 πολεμίου
1324 991 1481 1024 κατάλυσιν,
1494 991 1542 1018 καὶ
1563 992 1595 1026 τῇ
1611 991 1694 1026 πείρᾳ
1711 991 1763 1026 τῆς
1779 991 1904 1026 προρρή-

1076 1041 1225 1077 πᾶιμπολλα
1246 1038 1429 1073 ἐπιστάμενος
1453 1038 1587 1073 παρήσω,
1605 1036 1712 1071 φεύγων
1742 1035 1790 1063 τοῦ
1824 1036 1904 1071 λόγου

1078 1089 1160 1117 αὐτοῦ
1174 1088 1223 1123 τὴν
1239 1086 1428 1121 πνευματικὴν
1442 1085 1569 1120 θεωρίαν.

1146 1135 1240 1170 Τούτῳ
1261 1134 1328 1161 πολὺ
1352 1133 1382 1160 τὸ
1406 1133 1486 1164 κλέος
1502 1133 1549 1159 καὶ
1573 1132 1648 1168 παρὰ
1669 1132 1709 1167 τῷ
1723 1131 1837 1168 Περσῶν
1854 1131 1904 1167 βα-

1112 1181 1190 1208 σιλεῖ.
1211 1180 1254 1212 Ὠς
1269 1179 1324 1215 γὰρ
1351 1179 1376 1205 οἱ
1405 1179 1474 1214 πρὸς
1498 1179 1602 1205 ἐκεῖνον
1626 1177 1789 1213 ἀφικόμενοι
1806 1178 1904 1212 διηγή-

1111 1235 1192 1254 σαντο
1206 1225 1345 1262 πρέσϐεις,
1359 1224 1498 1259 ἐπιμελῶς
1511 1224 1687 1254 ἐπυνθάνετο,
1702 1223 1746 1255 τίς
1759 1232 1789 1250 τε
1801 1224 1843 1258 εἴη
1857 1220 1904 1250 τοῦ

1110 1272 1205 1307 ἀνδρὸς
1218 1272 1232 1298 ὁ
1246 1271 1313 1307 βίος,
1323 1271 1369 1298 καὶ
1384 1271 1448 1297 ποῖα
1462 1270 1495 1296 τὰ
1513 1269 1651 1305 θαύματα.
1662 1270 1719 1306 Τὴν
1735 1269 1763 1296 δὲ
1777 1269 1901 1304 ὁμόζυγα

1110 1319 1204 1346 τούτου
1220 1319 1286 1353 φασὶ
1301 1318 1348 1345 καὶ
1363 1318 1452 1345 ἔλαιον
1469 1316 1578 1352 αἰτῆσαι
1601 1317 1650 1352 τῆς
1664 1316 1762 1343 τούτου
1777 1315 1903 1348 εὐλογίας

1111 1364 1273 1400 ἠξιωμένον,
1291 1364 1338 1390 καὶ
1357 1363 1394 1395 ὠς
1410 1363 1537 1398 μέγιστον
1555 1362 1641 1398 δῶρον
1657 1361 1836 1397 κομίσασθαι.
1849 1359 1905 1387 Καὶ

1112 1411 1135 1437 οἱ
1153 1410 1216 1445 περὶ
1235 1408 1347 1444 βασιλέα
1361 1408 1389 1435 δὲ
1413 1408 1512 1439 πάντες
1531 1407 1584 1434 ὑπὸ
1599 1408 1648 1443 τῆς
1665 1407 1761 1441 φήμης
1771 1406 1902 1441 βαλλόμε-

1111 1464 1162 1488 νοι,
1179 1456 1226 1482 καὶ
1247 1454 1348 1486 πολλὰς
1370 1453 1446 1488 παρὰ
1457 1453 1512 1480 τῶν
1531 1453 1625 1488 μάγων
1644 1452 1705 1479 κατ’
1721 1451 1806 1479 αὐτοῦ
1822 1459 1901 1478 συκο-

1112 1504 1226 1537 φαντίας
1256 1501 1407 1537 δεχόμενοι,
1421 1501 1467 1527 καὶ
1492 1500 1615 1536 ἀκριϐῶς
1644 1498 1843 1530 ἐπυνθάνοντο,
1858 1497 1903 1524 xui.

1111 1549 1299 1583 διδασκόμενοι
1320 1547 1390 1574 θεῖον
1413 1547 1497 1583 ἄνδρα
1524 1546 1675 1582 ὠνόμαζον.
1701 1545 1730 1572 '0
1756 1545 1785 1572 δὲ
1811 1544 1902 1575 λοιπὸς

1111 1594 1204 1630 ὅμιλος
1218 1595 1274 1626 τοῖς
1293 1593 1460 1629 ὀρεωκόμοις
1483 1593 1652 1628 προσιόντες,
1672 1592 1720 1619 καὶ
1734 1591 1902 1622 καθικέταις,

1111 1640 1158 1666 καὶ
1177 1639 1366 1675 στρατιώταις,
1381 1639 1428 1666 καὶ
1447 1629 1579 1674 χρήματα
1596 1638 1776 1674 προσέφερον,
1794 1636 1841 1663 καὶ
1855 1636 1902 1670 τῆς

1110 1685 1156 1712 τοῦ
1184 1686 1274 1712 ὲλαίου
1291 1685 1413 1719 εὐλογίας
1430 1685 1576 1721 μετασχεῖν
1603 1684 1736 1711 ἱκέτευον.
1758 1683 1830 1710 Ἡδὲ
1849 1683 1904 1710 τῶν

1117 1731 1295 1767 Ἰσμαηλιτῶν
1322 1730 1463 1766 βασίλισσα
1477 1751 1485 1764 ,
1501 1731 1616 1766 στερίφη
1638 1728 1707 1757 οὖσα
1734 1730 1781 1757 καὶ
1799 1730 1903 1756 παίδων

1111 1778 1252 1814 ὲφιεμένη,
1273 1778 1380 1813 πρῶτον
1406 1777 1455 1813 μέν
1481 1786 1557 1810 τινας
1572 1777 1628 1804 τῶν
1654 1777 1813 1810 ἀξιωτάτων
1833 1777 1902 1803 ἁπο-

1112 1824 1260 1857 στείλασα,
1281 1823 1408 1858 γενέσθαι
1440 1823 1530 1858 μήτηρ
1559 1823 1710 1849 ἱκέτευσεν.
1741 1822 1852 1857 Ἐπειδὴ
1876 1822 1903 1848 δὲ

1111 1870 1190 1906 ἔτυχε
1204 1869 1253 1905 τῆς
1263 1869 1407 1904 αἰτήσεως,
1425 1868 1472 1895 καὶ
1488 1868 1567 1903 ἐσχεν
1583 1869 1620 1900 ὼς
1633 1867 1763 1902 ἐπόθησε,
1776 1868 1822 1894 τὸν
1840 1876 1904 1901 γεν-

1110 1917 1225 1952 νηθὲντα
1240 1915 1359 1942 λαϐοῦσα
1373 1915 1495 1950 βασιλέα,
1510 1915 1578 1950 προς
1592 1915 1638 1941 τὸν
1658 1914 1730 1941 θεῖον
1745 1914 1902 1950 πρεσϐύτην

1111 1964 1212 1999 ἔδραμε
1232 1973 1239 1979 ·
1257 1964 1304 1990 καὶ
1328 1963 1420 1998 ἐπειδὴ
1445 1963 1568 1997 γυναιξὶν
1581 1963 1632 1989 οὐκ
1655 1962 1756 1989 εἰσιτὸν
1772 1961 1818 1998 ἦν,
1834 1962 1903 1998 πρὸς

1110 2011 1192 2037 αὐτὸν
1208 2009 1337 2045 πέμψασα
1363 2010 1393 2036 τὺ
1419 2009 1528 2045 βρέφος,
1547 2009 1598 2044 τῆς
1620 2009 1686 2045 παρ’
1699 2008 1784 2036 αὑτοῦ
1811 2010 1902 2044 τυχεῖν

1111 2055 1234 2089 εὐλογίας
1252 2055 1356 2081 ἱκέτευε
1374 2063 1380 2070 ·
1402 2065 1411 2081 ι
1426 2055 1474 2081 Σὺν
1497 2055 1562 2091 γὰρ,
1580 2055 1644 2090 ἔφη,
1662 2055 1722 2082 τόδε
1738 2055 1768 2081 τὸ
1779 2055 1901 2091 δράγμα.

1117 2100 1187 2135 Ἐγὼ
1206 2101 1253 2136 μὲν
1279 2101 1331 2137 γὰρ
1353 2101 1422 2136 μετά
1446 2101 1571 2136 δακρύων
1589 2101 1620 2127 τὸ
1644 2101 1695 2136 τῆς
1720 2101 1804 2136 εὐχῆς
1819 2109 1903 2136 προσ-

1110 2147 1225 2182 ενήνοχα
1243 2147 1354 2182 σπέρμα
1366 2154 1373 2162 ·
1395 2147 1427 2173 σὺ
1446 2146 1476 2173 δὲ
1492 2147 1524 2174 τὸ
1536 2147 1648 2182 σπέρμα
1664 2147 1821 2182 πεποίηκας
1836 2147 1903 2182 δρα-

1109 2201 1179 2228 γμα,
1195 2193 1245 2228 τῆς
1270 2193 1345 2225 θείας
1362 2193 1473 2228 χάριτος
1490 2193 1535 2220 διὰ
1552 2193 1708 2228 προσευχῆς
1719 2193 1838 2226 ἑλκύσας
1855 2193 1903 2219 τὸν

1110 2238 1199 2266 ὑετόν.
1220 2248 1229 2264 ι

1152 2287 1231 2313 Ἀλλὰ
1247 2287 1327 2323 μέχρι
1345 2288 1409 2314 πότε
1424 2287 1567 2322 φιλονεικῶ
1578 2288 1713 2323 μετρῆσαι
1726 2289 1774 2315 τοῦ
1793 2289 1903 2315 Ἀτλαν-

1110 2333 1187 2359 τικοῦ
1205 2333 1340 2367 πελάγους
1357 2334 1386 2360 τὸ
1416 2333 1517 2369 βάθο;;
1532 2334 1637 2369 Ὥσπερ
1658 2335 1713 2370 γάρ
1730 2335 1823 2362 ἐκεῖνα
1847 2337 1904 2365 τοῖς

1109 2378 1262 2414 ἀνθρώποις
1279 2379 1433 2414 ἀμέτρητα,
1446 2379 1533 2411 οὕτως
1545 2379 1704 2415 ὑπερϐαίνει
1726 2381 1854 2416 διήγησιν
1870 2382 1905 2408 τὰ

1109 2424 1169 2451 καθ’
1185 2424 1293 2460 ἡμέραν
1319 2424 1364 2450 ὑπ’
1379 2425 1485 2452 ἐκείνου
1500 2426 1640 2460 γινόμενα.
1668 2426 1740 2460 Ἐγὼ
1763 2427 1791 2452 δὲ
1818 2427 1903 2453 αὐτοῦ

1109 2469 1162 2505 πρὸ
1177 2469 1277 2497 τούτων
1301 2470 1429 2498 ἁπάντων
1452 2472 1501 2507 τὴν
1519 2472 1667 2508 καρτερίαν
1681 2472 1826 2508 θαυμάζω.
1845 2474 1903 2500 Νύ-

1109 2524 1184 2552 κτωρ
1198 2516 1253 2552 γὰρ
1266 2517 1313 2543 καὶ
1326 2518 1497 2554 μεθ’ἡμέραν
1511 2518 1626 2553 ἕστηκεν
1641 2519 1694 2546 ὑπὸ
1711 2520 1823 2546 πάντων
1832 2520 1903 2556 69d)—

1111 2569 1201 2596 μενος.
1213 2563 1268 2595 Τὰς
1291 2563 1375 2599 θύρας
1401 2564 1454 2599 γὰρ
1480 2564 1606 2599 ἀφελὼν,
1622 2566 1669 2592 καὶ
1686 2566 1734 2592 τοῦ
1754 2566 1902 2601 περιϐόλου

900 2647 1017 2675 νΔΙὶΙᾸΞ
1038 2648 1241 2679 LECTIONES.

303 2687 944 2739 1:.ﬂie'agduntprjnﬂeryetiversionebaec:
961 2705 969 2737 ς
987 2697 1058 2739 Quin
1072 2698 1193 2739 etiamei
1212 2700 1362 2739 aliquando
1376 2702 1441 2729 visae
1451 2707 1515 2730 sunt
1534 2702 1595 2730 duae
1621 2704 1716 2738 virgae,
1748 2712 1810 2739 qua:
1828 2705 1901 2733 fere.-

267 2724 490 2768 lian‘tp'rrquidem
506 2727 538 2767 de
549 2727 638 2767 cumlis,
652 2727 682 2767 _in
703 2733 804 2768 terram
820 2735 909 2757 autem
926 2724 1089 2768 orientalem
1103 2724 1515 2764 ’éideiiaiﬁ'EI'SEEMEEEEJI
1622 2724 1716 2766 εἱίἐιέἔῖ

931 2759 1899 2809 insprrectionemrs’i—giii

266 2797 840 2842 tushgstAvi-sippemsmulusqpeVlacryinis
854 2804 881 2827 et
897 2803 1026 2842 precibus
1045 2804 1165 2831 assiduis
1178 2797 1309 2840 reupressit
1329 2797 1900 2842 plag'ag‘Q'uifr'dni

301 2830 713 2878 9:110:11.t‘ei‘iljﬁ‘gﬁllqutll‘idlll
732 2830 1036 2878 θεῖ-ιοιΡεΙΓδΔέΓιιηῌτιιιι
1053 2830 1308 2878 πιιιοιοξέίᾙτῇ-θνιί

266 2864 427 2893 adversante
439 2867 579 2894 voluntate
593 2864 709 2902 accepto
722 2872 763 2896 est
775 2870 921 2906 retardata,
937 2877 962 2900 et
974 2864 1591 2913 ibtrinisecusiin-mralis
