2064 3120
196 172 261 206 1481

804 175 1008 207 RELIGIOSA
1026 176 1220 208 HISTORIA.

1744 180 1811 212 148³2

195 231 277 266 μέρος
302 230 352 257 οὐκ
379 230 518 266 ἐλάχιστον
547 231 709 263 καταλύσας,
739 233 878 268 πρόκειται
909 233 976 259 πᾶσι

1033 233 1213 264 spectaculum
1230 232 1401 267 proponitur.
1425 232 1501 260 Nunc
1515 233 1623 268 quidem
1642 234 1720 270 longo
1735 241 1813 264 stans

194 276 282 311 θέαμα
297 276 389 303 καινὸν
404 277 451 303 καὶ
467 277 618 312 παράδοξον
631 286 637 293 '
658 277 705 305 νῦν
728 278 777 313 μὲν
796 278 881 310 ἑστὼς
897 278 978 314 μέχρι

194 321 302 355 πολλοῦ,
318 321 366 349 νῦν
378 322 405 348 δὲ
428 322 502 357 θαμὰ
518 323 791 359 κατακαμπτόμενος,
807 324 854 351 καὶ
870 323 908 358 τῷ
920 323 979 358 Θεῷ

195 367 357 403 προσφέρων
385 368 578 404 προσκύνησιν.
603 368 699 395 Πολλοὶ
721 369 813 396 δὲκαὶ
834 369 979 405 ἀριθμοῦσι

193 413 247 439 τῶν
269 412 393 440 ἑστώτων
412 414 526 440 ταυτασὶ
549 414 598 446 τὰς
623 415 832 450 προσκυνήσεις.
848 415 939 448 ’Ἅπαξ
952 415 980 441 δέ

194 468 234 491 τις
249 459 303 486 τῶν
322 460 370 487 σὺν
384 460 445 495 ἐμοὶ
460 460 548 496 χιλίας
562 461 610 488 καὶ
622 461 760 493 διακοσίας
773 461 841 498 πρὸς
852 461 980 497 τέτταρσι

194 505 241 530 καὶ
265 505 468 540 τεσσαράκοντα
490 505 656 542 ἀριθμήσας,
669 504 729 533 εἷτα
746 507 873 540 ὀκλάσας,
890 507 980 542 ἀφῆκε

145 563 148 565 >
193 550 242 586 τὴν
265 550 366 585 ψῆφον.
395 550 587 578 Κατακύπτων
613 551 641 578 δὲ
667 552 711 578 ἀεὶ
734 553 790 583 τοῖς
815 551 870 578 τῶν
893 552 981 578 ποδῶν

194 596 335 628 δακτύλοις
360 597 544 632 προσπελάζει
568 598 598 624 τὸ
624 597 760 633 μέτωπον.
784 597 874 631 Ἂπαξ
888 597 917 624 δὲ
930 597 981 633 τῆς

195 642 340 677 ἑϐδομάδος
354 642 480 678 τροψὴνή
495 643 601 680 γαστὴρ
619 643 814 679 ὑποδεχομένη,
824 643 870 670 καὶ
880 643 981 679 ταύτην

195 689 325 724 βραχεῖαν
338 709 346 721 ,
364 688 485 721 εὐπετῶς
501 689 723 724 ὲπικάμπτεσθαι
742 689 781 724 τῷ
795 688 871 725 νώτῳ
890 697 980 724 παρα-

195 735 287 768 χωρεῖ.
296 733 362 760 Φασὶ
372 733 401 760 δὲ
415 734 468 760 ἀπὸ
482 734 531 769 τῆς
548 734 668 766 στάσεως
682 735 728 761 καὶ
744 734 850 769 χρόνιον
867 733 944 765 ἕλκος
951 733 981 759 ἐν

195 778 300 814 θατέρῳ
315 779 442 813 γενέσθαι
455 780 525 812 ποδὶ,
542 780 589 806 καὶ
601 779 734 815 διηνεκῶς
753 780 878 807 πλεῖστον
895 779 981 815 ἰχῶρα

195 824 299 850 ἐκεῖθεν
307 823 490 859 ὲκκρίνεσθαι.
501 824 650 859 Ἀλλ’ὅμως
661 824 737 850 οὐδὲν
746 824 858 851 τουτωνὶ
868 824 921 864 τῶγ
933 832 981 851 πα-

195 869 250 896 θῶν
259 869 308 904 τὴν
322 869 480 905 φιλοσοφίαν
496 869 638 906 ἐξήλεγξεν
649 879 655 886 ·
667 862 735 897 ἀλλὰ
745 871 821 905 φέρει
838 862 979 904 γενναίως,

195 917 242 943 καὶ
259 917 292 943 τὰ
305 917 426 950 ἑκούσια,
439 917 486 944 καὶ
500 917 535 944 τὰ
551 917 667 944 ἀκούσια
679 916 724 943 καὶ
735 916 835 944 τούτων
848 917 981 943 κάκείνων

196 963 230 998 τῇ
247 961 386 998 προθυμίᾳ
400 962 619 998 περιγενόμενος.
633 962 718 990 Τοῦτο
733 962 761 989 δὲ
779 963 810 989 τὸ
825 963 903 994 ἕλκος
920 963 982 989 ὑπο-

194 1009 277 1042 δεῖξαί
289 1017 341 1036 τινι
363 1009 521 1044 ἠναγκάσθη
537 1009 618 1035 ποτέ·
643 1009 808 1045 διηγήσομαι
820 1009 849 1035 δὲ
873 1008 920 1035 καὶ
932 1008 982 1044 τὴν

195 1055 295 1082 αἰτίαν.
317 1055 442 1089 Ἀφίκετό
452 1063 494 1086 τις
505 1054 558 1080 ἀπὺ
578 1054 734 1090 Ῥαϐαίνης,
744 1054 813 1090 ἀνὴρ
827 1054 980 1086 σπουδαῖος,

195 1101 242 1128 καὶ
257 1102 289 1136 τῇ
305 1101 350 1127 τοῦ
363 1100 480 1136 Χριστοῦ
490 1100 613 1135 διακονίᾳ
628 1100 819 1136 τετιμημένος.
834 1098 917 1133 Οὗτος
932 1101 981 1136 τὴν

195 1147 316 1182 κορυφὴν
333 1147 441 1182 ἐκείνην
454 1146 632 1174 καταλαϐών·
650 1156 660 1173 ι
680 1147 747 1174 Εἰπέ
766 1155 821 1182 μοι,
836 1147 898 1183 ἔφη,
915 1147 982 1183 πρὸς

193 1193 243 1228 τῆς
265 1192 392 1227 ἀληθείας
409 1192 504 1228 αὐτῆς,
523 1193 573 1228 τῆς
594 1193 649 1220 τῶν
667 1192 817 1228 ἀνθρώπων
833 1193 911 1228 γένος
923 1193 980 1220 ἑπι-

196 1239 360 1276 στρεψάτης,
379 1238 520 1274 ἄνθρωπος
535 1236 568 1272 εἷ,
580 1238 596 1274 ἢ
609 1238 750 1274 ἀσώματος
771 1238 851 1274 φύσις
864 1247 871 1272 ;
887 1248 896 1264 ι
915 1239 982 1265 Δυσ-

195 1285 366 1321 χερανάντων
387 1284 415 1311 δὲ
441 1284 508 1319 πρὸς
521 1284 573 1320 τὴν
591 1284 724 1320 ἐρώτησιν
746 1285 800 1311 τῶν
829 1284 980 1320 παρόντων,

196 1332 274 1368 σιγὴν
295 1331 344 1366 μὲν
367 1331 443 1365 ἄγειν
467 1331 592 1357 ἐκέλευσε
618 1330 721 1363 πάντας
734 1340 741 1347 ·
759 1331 826 1366 πρὸς
839 1332 940 1358 ἐκεῖνον
954 1330 982 1357 δὲ

195 1376 247 1411 ἔφη
261 1384 267 1391 ·
279 1376 311 1402 Τί
324 1376 355 1412 δή
373 1384 437 1402 ποτε
456 1375 557 1411 ταύτην
571 1377 620 1412 τὴν
638 1376 734 1405 πεῦσιν
752 1377 954 1412 προσήνεγκαςς
969 1385 977 1402 ι

195 1422 247 1449 Τοῦ
260 1422 289 1449 δὲ
299 1422 439 1458 εἰρηκότος
449 1430 456 1437 ’
470 1431 479 1448 ι
496 1421 538 1454 Ὠς
555 1421 663 1449 πάντων
679 1422 769 1449 ἀκούω
785 1422 981 1458 θρυλλούντων,

194 1468 231 1501 ὡς
245 1468 307 1495 οὔτε
325 1469 435 1502 ἐσθίεις,
453 1467 515 1495 οὕτε
533 1468 688 1500 καθεύδεις⁸
705 1468 855 1504 ἀνθρώπων
869 1470 897 1496 δὲ
917 1470 982 1497 ἐκά-

195 1523 273 1550 τερον
298 1514 362 1541 ἴδιον
375 1523 382 1530 '
397 1514 426 1541 ού
444 1514 498 1550 γὰρ
516 1514 548 1541 ἄν
560 1523 601 1546 τις
621 1514 721 1549 ταύτην
739 1514 808 1550 ἔχων
825 1514 873 1550 τὴν
890 1515 980 1548 φύσιν,

195 1561 297 1596 τροφῆς
313 1560 374 1595 δίχα
397 1560 443 1588 καὶ
471 1560 555 1587 ὕπνου
579 1560 748 1587 διαϐιώσειεν
761 1568 769 1576 ”
789 1571 797 1586 ι
817 1561 981 1588 ἐπιτεθεῖναι

197 1607 245 1641 μὲν
262 1605 300 1641 τῷ
312 1605 380 1632 κίονι
397 1606 517 1642 κλίμακα
528 1605 704 1641 προσέταξεν,
718 1606 849 1642 ἀναϐῆναί
860 1615 889 1633 τε
909 1608 980 1634 ἐκεί-

195 1661 240 1680 νον
250 1652 440 1684 ἑκέλευσε,κα“ι
452 1653 559 1688 πρῶτον
574 1652 621 1687 μὲν
636 1653 684 1683 τὰς
696 1653 789 1688 χεῖρας
803 1653 980 1688 καταμαθεῖν,

196 1697 255 1725 εἶτα⁴
273 1698 327 1725 ἔσω
342 1697 389 1725 τοῦ
404 1697 563 1734 δερματίνου
580 1697 752 1733 περιϐολαίου
772 1699 821 1733 τὴν
837 1699 913 1733 χεῖρα
933 1698 981 1734 βα-

196 1743 261 1775 λεῖν,
277 1744 324 1770 καὶ
340 1744 402 1770 ίδεῖν
415 1744 452 1779 μὴ
465 1744 528 1775 τοὺς
545 1743 628 1775 πόδας
644 1744 734 1778 μόνον,
750 1744 817 1770 ἀλλὰ
827 1744 873 1770 καὶ
890 1745 919 1771 τὸ
934 1754 982 1779 χα-

196 1789 348 1816 λεπώτατον
361 1790 448 1821 ἕλκος.
464 1789 537 1816 Ἰδὼν
553 1790 581 1816 δὲ
597 1790 644 1816 καὶ
658 1789 798 1825 θαυμάσας
814 1791 827 1816 ὁ
841 1790 999 1826 ἄνθρωπος’

196 1834 245 1870 τὴν
255 1834 301 1862 τοῦ
317 1835 412 1867 ἕλκους
425 1835 586 1870 ὑπερϐολὴν,
602 1836 649 1862 καὶ
663 1837 729 1871 παρ’
743 1835 826 1862 αὑτοῦ
840 1836 932 1871 μαθὼν
944 1836 982 1868 ὡς

197 1881 328 1908 ἀπολαύει
341 1883 443 1917 τροφῆς
456 1903 463 1915 ,
478 1882 656 1917 κατελήλυθεν
672 1881 776 1909 ἐκεῖθεν
785 1903 791 1913 ,
803 1883 870 1918 πρὸς
888 1883 937 1918 ἐμὲ
953 1883 981 1909 δὲ

197 1926 362 1961 ἀφικόμενος
374 1926 521 1962 διηγήσατο
538 1927 636 1953 πάντα.
655 1927 698 1953 Ἐν
711 1927 739 1953 δὲ
754 1929 812 1959 ταῖς
824 1928 982 1962 δημοτελέσι

198 1972 366 2008 πανηγύρεσι
379 1973 424 2000 καὶ
433 1973 515 2008 ἄλλην
531 1973 711 1999 ἐπιδείκνυται
724 1973 880 2008 καρτερίαν.
905 1973 982 2001 Μετὰ

198 2018 251 2054 γὰρ
262 2018 336 2053 ἡλίου
353 2019 457 2054 δυσμὰς
471 2018 523 2050 ἕως
547 2017 580 2045 ἂν
600 2015 676 2050 οὗτος
701 2018 781 2044 πάλιν
795 2019 834 2050 είς
854 2018 898 2045 τὸν
915 2018 982 2054 ἑῷον

199 2059 323 2099 ὁρίζοντα
336 2064 463 2099 γένηται,
482 2064 531 2095 τὰς
551 2064 645 2099 χεῖρας
671 2063 817 2090 ἀνατείνων
839 2064 879 2095 είς
901 2064 982 2099 ούρα-

198 2109 242 2136 νὸν
258 2110 402 2145 παννύχιον
413 2110 537 2145 ἕστηκεν,
555 2108 618 2136 οὗτε
643 2108 719 2144 ὕπνῳ
734 2109 902 2145 θελγόμενος,
919 2109 981 2136 οὔτε

199 2156 251 2183 ὑπὸ
269 2156 350 2183 πόνου
368 2155 525 2191 νικώμενος.

240 2202 283 2230 Ἐν
293 2201 428 2233 τοσούτοις
439 2201 468 2227 δὲ
482 2201 583 2234 πόνοις,
599 2201 645 2227 καὶ
661 2200 881 2237 κατορθωμάτων
896 2201 980 2237 ὄγκῳ,

1031 281 1162 313 tempore,
1179 286 1253 305 nunc
1269 278 1396 315 subinde
1416 287 1446 306 se
1470 279 1621 313 inflectens,
1640 280 1749 317 Deoquc
1767 283 1813 308 nd-

1031 324 1181 351 orationem
1200 324 1308 359 1280
1332 324 1457 352 offerens.
1477 326 1515 352 Ac
1535 327 1612 353 multi
1636 334 1703 355 sane
1720 331 1813 355 astan-

1031 369 1099 396 tium
1113 370 1123 380 ⁴
1137 369 1312 397 adorationes
1335 370 1402 398 istas
1418 376 1590 398 enumerant.
1610 372 1697 400 Semel
1723 379 1813 401 autem

1031 415 1141 450 quidam
1160 415 1241 443 exiis
1255 416 1300 450 qui
1313 423 1418 442 mecum
1436 420 1526 449 erant,
1543 425 1604 444 cum
1619 418 1695 446 mille
1712 419 1816 447 dnccn-

1031 465 1072 489 tas
1084 461 1265 497 quadraginta
1275 465 1393 496 quatuor
1406 468 1605 496 enumerasset,
1619 463 1708 492 fesstts
1721 470 1815 499 postea

1031 514 1177 534 numerare
1191 507 1305 535 destitit.
1329 508 1443 542 Semper
1455 511 1558 540 autem,
1573 516 1634 535 cum
1651 516 1681 537 se
1700 510 1816 538 inclina<

1032 553 1087 585 bat,
1102 553 1135 580 ad
1152 553 1255 588 digitos
1279 561 1366 588 usque
1383 553 1482 588 pedum
1503 553 1620 582 frontem
1643 556 1815 584 admovebat.

1029 597 1098 624 Nam
1108 605 1171 625 cum
1187 599 1271 626 semel
1284 599 1310 626 in
1327 598 1498 627 hebdomade
1507 599 1597 626 cibum
1610 605 1704 628 venter
1714 602 1816 636 capiat,

1031 650 1149 678 eumque
1159 644 1300 679 exiguum,
1315 644 1396 671 dorso
1414 644 1540 671 concedit
1557 649 1586 671 ut
1603 644 1683 672 facile
1695 646 1817 673 inflecta-

1032 692 1086 715 tur.
1106 689 1292 716 Aiuntautem
1307 689 1345 715 illi
1366 696 1398 716 ex
1417 689 1724 716 stationeinveteratum
1739 691 1818 718 ulcus

1031 734 1127 767 fuisse,
1143 734 1312 770 multamque
1327 742 1361 762 ex
1375 742 1408 762 eo
1422 735 1527 762 saniem
1541 735 1715 763 continenter
1732 735 1818 763 deflu-

1031 780 1116 808 xisse.
1135 781 1169 807 At
1185 785 1276 809 tamen
1298 781 1367 808 nihil
1394 781 1510 809 istorum
1535 781 1596 817 ejus
1615 781 1818 816 philosophiam

1032 825 1160 854 labefecit
1186 835 1193 853 :
1221 826 1268 853 sed
1296 827 1387 853 omnia
1411 824 1520 854 fortiter
1547 828 1653 860 tolerat,
1680 831 1737 854 tum
1759 835 1820 862 qua;

1031 875 1131 906 sponte
1149 871 1233 904 subit,
1259 875 1314 899 tum
1331 879 1392 907 quae
1412 872 1514 900 nolenti
1541 873 1679 905 accidunt,
1698 879 1727 900 ut
1745 879 1820 900 utra-

1033 925 1087 953 que
1110 917 1192 944 animi
1222 918 1365 945 alacritate
1390 918 1537 953 pervincit.
1565 918 1623 946 Hoc
1640 927 1722 954 porro
1740 920 1819 947 ulcus

1033 962 1142 989 cuidam
1163 963 1322 997 aliquando,
1338 970 1391 997 qua
1406 963 1439 990 de
1452 971 1546 996 causa,
1560 964 1660 996 dica‘m,
1677 965 1821 992 ostendere

1033 1011 1147 1035 coactus
1162 1012 1214 1035 est.
1237 1007 1356 1035 Venerat
1376 1015 1390 1034 a
1405 1007 1524 1035 Babazna
1545 1008 1567 1024 ³³
1583 1009 1694 1043 quidam
1714 1010 1755 1036 vir
1771 1011 1820 1036 bo-

1032 1061 1096 1086 nus,
1106 1053 1267 1089 Christique
1278 1053 1410 1081 famulatu
1422 1053 1584 1082 honoratus.
1601 1054 1626 1082 ls
1641 1055 1675 1082 ad
1688 1063 1820 1083 cacumen

1034 1099 1100 1128 illud
1112 1107 1172 1127 cuzn
1185 1099 1364 1131 ascendisset,
1380 1107 1390 1124 ι
1406 1099 1453 1126 Dic
1471 1099 1548 1132 mihi,
1563 1100 1662 1135 inquit,
1676 1101 1820 1135 peripsam

1033 1147 1186 1177 veritatem,
1207 1152 1268 1180 quae
1290 1145 1439 1172 humanum
1462 1152 1548 1180 genus
1567 1146 1601 1172 ad
1623 1153 1652 1173 se
1673 1148 1819 1178 convertit,

1033 1193 1150 1220 ltomoue
1164 1199 1205 1223 es,
1225 1199 1259 1218 an
1278 1191 1440 1226 incorporea
1455 1191 1576 1230 natura?
1594 1200 1604 1217 ι
1623 1191 1708 1227 AEgre
1727 1197 1818 1219 autem

1033 1238 1274 1273 interrogationem
1302 1237 1457 1265 ferentibus
1485 1238 1594 1264 cunctis
1620 1238 1666 1273 qui
1689 1239 1818 1270 aderant,

1033 1283 1115 1311 silere
1130 1290 1226 1310 omnes
1238 1282 1330 1316 jussit,
1344 1287 1371 1309 et
1387 1282 1464 1309 illum
1477 1283 1639 1318 alloquens:
1657 1292 1666 1308 ι
1685 1284 1740 1311 Cur
1755 1285 1817 1316 hoc,

1033 1329 1088 1362 ait,
1117 1329 1277 1356 sciscitatus
1300 1328 1351 1356 es?
1370 1337 1380 1354 ›
1401 1327 1434 1355 Et
1458 1335 1520 1355 cum
1542 1328 1588 1356 ille
1610 1329 1818 1364 respondisset:

1036 1384 1045 1400 ι
1060 1374 1128 1408 Quia
1143 1374 1242 1409 jactari
1259 1374 1294 1401 ab
1308 1373 1435 1402 omnibus
1449 1374 1540 1406 video,
1556 1378 1583 1402 te
1601 1381 1652 1402 nec
1664 1375 1818 1405 comedere.

1029 1428 1083 1448 nec
1097 1420 1236 1448 dormire:
1250 1420 1392 1447 hominum
1405 1423 1495 1448 autem
1509 1420 1649 1455 proprium
1660 1425 1701 1448 est
1715 1426 1820 1448 utrum-

1032 1474 1096 1501 que,
1113 1473 1202 1500 neque
1217 1465 1289 1493 enim
1306 1465 1453 1500 quisquam
1468 1469 1509 1492 est
1525 1465 1576 1492 hac
1592 1465 1724 1501 praeditus
1738 1470 1820 1493 natu-

1033 1521 1073 1546 ra,
1086 1513 1132 1548 qui
1150 1513 1254 1547 absque
1273 1512 1335 1539 cibo
1352 1516 1380 1540 et
1398 1519 1498 1540 somno
1516 1512 1599 1539 vitam
1623 1512 1725 1540 ducat:
1743 1522 1752 1539 ι
1772 1514 1819 1540 ad-

995 1575 1016 1604 C
1035 1559 1136 1587 moveri
1147 1559 1248 1587 scalam
1261 1559 1354 1593 jussit,
1368 1558 1500 1594 illumque
1514 1559 1663 1587 ascendere
1679 1561 1817 1594 prtecepit,

1035 1613 1067 1633 ac
1085 1606 1174 1640 primo
1187 1605 1296 1640 quidem
1311 1611 1408 1633 manus
1423 1605 1579 1640 explorare,
1600 1605 1699 1632 deinde
1712 1605 1818 1640 1281

1035 1651 1087 1679 sub
1100 1651 1239 1686 pelliceam
1253 1655 1353 1678 vestem
1371 1658 1482 1677 manum
1496 1650 1653 1683 immittere,
1672 1654 1700 1677 et
1720 1651 1821 1678 intueri

1036 1704 1091 1724 non
1117 1696 1199 1731 pedes
1221 1700 1338 1729 tantum,
1366 1695 1413 1724 sed
1439 1696 1519 1723 ulcus
1534 1696 1616 1723 etiam
1637 1696 1818 1724 teterrimum.

1035 1742 1216 1777 Conspicatus
1235 1745 1326 1770 autem
1341 1742 1384 1769 vir
1411 1741 1468 1774 ille,
1497 1742 1702 1777 admiratusque
1720 1743 1821 1770 ulceris

1036 1786 1263 1822 magnitudinem,
1281 1787 1438 1822 certiorque
1453 1787 1488 1813 ab
1505 1794 1538 1814 eo
1550 1785 1639 1814 factus
1653 1787 1742 1821 ipsum
1759 1787 1821 1814 cibo

1035 1832 1118 1866 vesci,
1137 1831 1278 1860 descendit
1309 1832 1395 1864 illinc.
1421 1836 1448 1860 et
1464 1831 1499 1859 ad
1522 1840 1565 1860 me
1593 1832 1706 1860 veniens
1728 1833 1820 1860 omnia

1035 1879 1166 1907 narravit.
1195 1878 1224 1906 ln
1249 1879 1366 1914 publicis
1395 1882 1485 1906 autem
1506 1878 1729 1906 solemnitatibus
1747 1880 1821 1906 aliud

1035 1925 1117 1953 etiam
1128 1925 1291 1953 constantiae
1306 1925 1443 1960 specimen
1458 1925 1645 1960 praebetJ’ost
1659 1925 1729 1952 solis
1746 1925 1819 1952 enim

1035 1978 1174 2003 occasum,
1189 1970 1278 2006 quoad
1292 1971 1363 1998 idem
1378 1978 1475 1998 rursus
1491 1971 1524 1997 ad
1545 1971 1715 1998 horizontem
1730 1971 1821 1997 ve:.iat

1035 2018 1207 2051 orientalem,
1229 2017 1355 2044 manibus
1380 2017 1408 2044 in
1432 2017 1533 2044 cazlum
1548 2018 1670 2044 extensis
1692 2020 1747 2044 stat
1762 2021 1820 2043 tuta

1035 2068 1126 2096 nocte,
1144 2071 1194 2090 nec
1209 2070 1306 2090 somno
1317 2062 1376 2097 capi
1393 2070 1422 2090 se
1440 2062 1544 2095 sinens,
1562 2071 1612 2091 nec
1625 2063 1719 2091 labore
1736 2063 1818 2090 vinci.

1071 2198 1099 2225 ιιι
1123 2197 1207 2225 tantis
1228 2199 1319 2224 autem
1343 2196 1494 2227 laboribus,
1508 2202 1738 2230 egregtorumque
1754 2195 1821 2222 faci-

199 2245 246 2272 καὶ
260 2245 355 2280 πλήθει
371 2244 528 2280 θαυμάτων,
549 2244 635 2277 οὕτως
654 2245 712 2272 ἐστὶ
732 2245 762 2272 τὺ
787 2246 913 2282 φρόνημα
933 2246 981 2282 μέ-

1038 2253 1134 2274 norum
1163 2244 1351 2279 amplitudine,
1378 2247 1405 2271 et
1429 2243 1626 2270 miraculorum
1655 2242 1819 2277 frequentia,

198 2299 282 2327 τριος;
296 2291 333 2322 ὡς
356 2291 464 2318 πάντων
475 2289 626 2326 ἀνθρώπων
641 2291 712 2318 κατὰ
730 2291 779 2328 τὴν
798 2292 877 2325 ἀξίαν
903 2292 984 2319 ὕστα-

198 2345 253 2368 τος.
276 2335 347 2371 Πρὸς
373 2336 402 2362 δὲ
421 2335 460 2371 τῷ
479 2336 583 2371 μετρίῳ
606 2337 779 2372 φρονήματι,
796 2337 844 2365 καὶ
865 2337 983 2374 εὐπρόσ-

198 2383 257 2414 οδος
282 2382 342 2408 λίαν
361 2381 438 2415 ἐστὶ,
468 2381 515 2408 καὶ
541 2382 661 2416 γλυκὺς,
690 2383 737 2409 καὶ
762 2382 908 2418 ἐπίχαρις,
936 2383 984 2410 καὶ

200 2428 267 2464 πρὸς
280 2429 395 2455 ἕκαστον
410 2429 464 2455 τῶν
475 2428 673 2463 διαλεγομένων
688 2429 911 2464 ἀποκρινόμενος,
929 2430 984 2456 εἴτε

200 2475 382 2511 χειροτέχνης,
390 2474 444 2501 εἴτε
461 2475 620 2510 προσαίτης,
631 2475 684 2501 εἴτε
696 2475 823 2510 ἄγροικος
834 2475 887 2511 εἴη.
899 2477 982 2502 Ἔλα-

200 2520 230 2546 ϐε
252 2519 280 2546 δὲ
300 2520 347 2546 καὶ
367 2519 416 2554 τῆς
434 2519 605 2551 διδασκαλίας
622 2519 698 2556 παρὰ
727 2520 773 2547 τοῦ
797 2521 983 2557 μεγαλοδώρου

200 2566 332 2592 Δεσπότου
358 2566 389 2592 τὸ
409 2565 511 2602 δῶρον·
536 2567 583 2593 καὶ
605 2565 645 2597 δίς
669 2567 786 2602 ἑκάστης
806 2567 913 2603 ἡμέρας
935 2569 984 2600 τὰς

200 2610 374 2645 παραινέσεις
392 2610 564 2646 ποιούμενος,
588 2611 728 2643 ἐπικλύζει
744 2612 797 2638 τῶν
831 2613 984 2640 ἀκουόντων

200 2656 249 2687 τὰς
263 2656 357 2690 ἀκοὰς,
381 2657 426 2683 ἐπὶ
450 2657 560 2693 χάριτος
586 2658 658 2692 μάλα
677 2657 875 2694 διαλεγόμενος,
891 2660 937 2686 καὶ
951 2660 985 2686 τὰ

201 2702 248 2729 τοῦ
271 2702 342 2729 θείου
367 2703 525 2738 Πνεύματος
539 2703 701 2739 προσφέρων
731 2704 912 2740 παιδεύματα,
938 2706 984 2732 καὶ

201 2747 341 2776 ἀνανεύειν
356 2749 396 2780 εἰς
416 2749 539 2784 οὐρανὸν,
571 2749 617 2776 καὶ
642 2749 775 2776 πέτασθαι
808 2752 982 2786 παρεγγυῶν,

1036 2295 1112 2320 tanta
1123 2295 1167 2319 est
1185 2291 1245 2324 ejus
1257 2290 1340 2317 animi
1355 2288 1518 2320 moderatio,
1534 2295 1567 2315 ac
1585 2287 1608 2315 si
1628 2287 1750 2315 omnium
1771 2289 1820 2315 ho-

1036 2338 1141 2365 minum
1165 2336 1276 2364 inﬁmus
1294 2340 1377 2363 esset.
1398 2335 1500 2362 Praeter
1519 2333 1680 2362 modestiam
1698 2341 1773 2366 vero,
1794 2338 1821 2360 et

1036 2384 1111 2412 aditu
1126 2383 1216 2411 facilis
1234 2384 1243 2393 '
1256 2385 1308 2413 est,
1326 2385 1353 2409 et
1372 2380 1492 2408 aﬂ’abilis
1508 2386 1540 2407 ac
1552 2379 1658 2412 suavis,
1674 2379 1822 2413 unicuique

1036 2437 1131 2459 eorum
1154 2427 1324 2464 respondens
1341 2427 1389 2463 qui
1407 2426 1596 2461 alloquuntur,
1612 2425 1669 2453 sive
1689 2424 1778 2459 opifex
1798 2425 1822 2451 is

1037 2477 1084 2510 sit,
1097 2477 1155 2504 sive
1167 2474 1320 2505 mendicus,
1339 2474 1397 2501 sive
1410 2472 1581 2500 rusticanus.
1600 2470 1738 2499 Doctriuze
1751 2479 1822 2506 quo-

1036 2532 1088 2559 que
1114 2523 1216 2550 donum
1245 2528 1259 2548 a
1291 2520 1396 2547 liberali
1424 2518 1541 2546 Domino
1562 2517 1670 2552 accepit
1694 2526 1700 2544 :
1724 2520 1751 2544 et.
1780 2517 1821 2543 his

1037 2569 1162 2605 quotidie
1182 2566 1389 2595 exhortationes
1410 2565 1529 2597 habens,
1550 2562 1719 2590 audientium
1739 2570 1822 2588 aures

1037 2616 1145 2650 irrigat,
1162 2613 1229 2641 scite
1249 2612 1398 2639 admodum
1419 2610 1572 2642 disserens,
1585 2613 1611 2636 et
1630 2608 1715 2635 divini
1735 2607 1823 2642 Spiri-

1038 2667 1081 2689 tus
1096 2661 1262 2687 documenta
1282 2656 1425 2688 exhibens,
1449 2655 1604 2690 jubensque
1622 2654 1649 2681 in
1665 2654 1763 2682 coelum
1781 2660 1822 2679 re-

1040 2707 1157 2741 spicere,
1174 2708 1200 2732 et
1223 2703 1339 2733 evolare.
1359 2706 1441 2736 atque
1471 2707 1485 2727 a
1515 2703 1587 2728 terra
1614 2699 1766 2730 discedere,
1795 2703 1822 2725 et

1039 2758 1153 2787 regnum
1175 2748 1247 2785 quod
1269 2750 1445 2783 exspectatur
1467 2745 1633 2781 cogitatione
1652 2752 1774 2776 versare,
1794 2747 1822 2771 et

838 2839 953 2868 ΥΑΙΠΑΞ
975 2839 1175 2868 LECTIONES.

239 2881 262 2898 ³⁵
281 2881 322 2908 Ab
334 2881 468 2907 Arabena.
486 2881 567 2908 Herv.

363 2927 494 2957 Ριτιιοι..
520 2927 578 2958 Gn.
599 2927 755 2958 LXXXII.

1623 2922 1663 2953 1ιῖ
