2064 3120
230 209 299 242 1485

836 210 1039 241 RELlGlOSA
1060 210 1251 240 HISTORIA.

1786 207 1852 239 1486

228 269 318 304 ψυχῆς
334 269 504 306 ἀνθρωπίνης
518 269 577 297 οὐδὲ
595 270 659 305 μιᾶς
673 269 933 304 μεταλαγχάνοντες,
945 268 1015 296 οὔτω

1075 268 1270 303 idipiscuntur.
1285 268 1336 294 Alii
1351 274 1435 301 porro
1455 267 1481 293 in
1505 265 1704 298 tabernaculis,
1721 270 1747 293 et
1764 265 1808 292 alii
1825 266 1853 292 in

228 315 278 350 τῆς
291 316 466 351 ἀναρρήσεως
483 316 674 343 ἀπολαύουσιν.
692 316 783 342 Ἀλλοι
798 316 826 342 δὲ
848 317 876 342 ἐν
891 316 1013 351 σκηναῖς,

230 361 277 388 καὶ
290 362 378 398 ἕτεροι
390 363 418 388 ἐν
435 362 566 394 καλύϐαις
578 361 726 396 διάγοντες,
742 362 788 389 τὸν
805 362 870 389 Θεὸν
881 361 1016 396 ἁνυμνοῦ-

231 415 282 434 σιν.
297 407 329 433 Οί
343 407 370 434 δὲ
384 408 428 433 τὸν
442 408 471 433 ὲν
483 407 591 441 ἄντροις
615 407 664 434 καὶ
679 407 822 442 σπηλαίοις
848 408 1016 439 ἀσπάζονται

230 451 298 486 βίον.
321 451 417 479 Πολλοὶ
433 452 471 484 δὲ,
487 449 524 479 ὧν
548 452 627 479 ὲνίων
645 452 832 488 ἐμνήσθημεν,
853 453 902 479 οὐκ
919 452 1016 489 ἄντρον

229 496 348 531 ἐχειν,οὺ
362 496 502 531 σπήλαιον,
518 497 548 523 ού
563 497 677 533 σκηνὴν,
690 498 719 524 οὐ
743 497 864 532 καλύῦην
889 497 1017 533 ἐπείσθη-

231 551 281 569 σαν
292 551 298 559 ·
311 542 378 569 ἀλλὰ
393 542 489 578 γυμνῷ
499 543 538 578 τῷ
551 542 613 579 ἀέρι
630 544 665 570 τὰ
681 544 800 578 σφέτερα
812 543 925 579 σώματα
938 543 1018 570 δεδω-

231 588 320 621 κότες,
338 588 391 615 τῶν
404 589 533 615 ἐναντίων
548 590 699 624 ποιοτήτων
713 590 855 624 ἀνέχονται
865 598 871 604 ·
887 590 952 616 ποτὲ
968 590 1017 625 μὲν

230 634 269 668 τῷ
285 633 384 670 κρυμῷ
394 634 433 667 τῷ
446 635 558 670 ἀκράτῳ
574 635 762 670 πηγνύμενοι·
777 635 842 661 ποτὲ
856 635 884 662 δὲ
899 635 938 670 τῷ
951 635 1017 671 πυρὶ

231 680 280 715 τῆς
301 681 408 712 ἀκτῖνος
421 681 593 716 φλεγόμενοι,
615 681 670 707 Καὶ
684 682 785 708 τούτων
800 681 828 708 δὲ
852 679 885 708 αὖ
902 683 982 708 πάλιν
1004 683 1018 708 ὀ

233 723 288 758 βίος
302 723 438 758 διάφορος.
451 725 481 751 Οί
500 724 549 759 μὲν
565 724 618 760 γὰρ
633 725 731 752 ἑστῶσι
746 725 886 761 διηνεκῶς,
899 727 922 752 οἱ
936 727 964 753 δὲ
977 727 1018 759 είς

231 769 366 804 καθέδραν
388 770 433 796 καὶ
449 771 542 797 στάσιν
563 771 612 805 τὴν
628 771 737 806 ἡμέραν
754 772 895 807 μερίζουσι
925 772 974 799 καὶ
993 773 1018 799 οί

234 815 282 849 μὲν
297 815 326 841 ἐν
341 814 474 850 θριγκίοις
488 815 544 842 τισὶ
559 815 764 851 καθειργμένοι,
780 817 833 843 τῶν
850 817 955 844 πολλῶν
970 817 1019 849 τὰς

233 860 375 892 συνουσίας
392 860 571 893 ἐκκλίνουσιν,
589 861 613 888 οἱ
628 861 656 888 δὲ
678 861 765 888 οὐδενὶ
778 861 889 897 τοιούτῳ
913 861 1020 898 καλύμ-

235 915 299 941 ματι
312 906 459 942 χρώμενοι,
472 907 631 943 πρόκεινται
649 908 716 934 πᾶσι
729 909 786 940 τοῖς
800 908 969 943 βουλομένοις
980 908 1020 940 είς

1069 313 1186 348 tuguriis
1203 313 1343 348 ngClilt‘S.
1362 313 1444 339 Deum
1465 312 1604 339 celebrant
1625 321 1631 339 :
1651 312 1696 338 alii
1715 312 1741 337 in
1763 311 1852 337 antris
1890 327 1898 334 .

1068 362 1095 386 et
1110 359 1252 394 speluncis
1272 359 1362 385 vivere
1375 358 1539 385 maluerunt.
1555 357 1656 388 Multis,
1673 365 1790 392 quorum
1808 357 1856 382 ali-

1069 413 1139 440 quos
1161 405 1392 437 memoravimus,
1411 411 1460 431 nec
1482 409 1602 436 antrum,
1623 411 1672 431 nec
1695 403 1855 438 speluncam

1069 450 1169 478 habere
1185 450 1298 485 placuit.
1314 457 1363 476 nec
1381 449 1601 481 tabernaculum,
1620 456 1669 475 nec
1689 449 1829 483 tugurium
1847 457 1854 474 :

1071 495 1180 532 1284
1195 496 1242 523 sed
1259 495 1335 522 nudo
1355 495 1411 522 aeri
1432 501 1550 528 corpora
1573 501 1622 521 sua
1642 495 1855 524 committentes.

1070 542 1223 569 contrarias
1235 541 1379 576 perferunt
1390 541 1550 576 qualitates,
1561 548 1634 567 nunc
1649 539 1748 574 frigore
1761 541 1857 567 immo-

1070 587 1131 615 dico
1146 588 1281 619 concreti,
1301 596 1373 615 nunc
1392 588 1457 615 solis
1471 587 1617 614 ardoribus
1633 587 1748 621 perusti.
1768 588 1858 622 Atque

1071 633 1169 660 horum
1187 641 1284 661 rursus
1301 634 1356 660 vita
1375 633 1484 660 diversa
1502 636 1553 660 est.
1569 633 1684 665 Quidam
1699 633 1771 660 enim
1784 637 1858 660 staut

1071 685 1221 714 perpetuo:
1239 680 1285 708 alii
1298 680 1418 708 statione
1435 687 1466 707 ac
1483 679 1605 707 sessione
1620 679 1692 706 diem
1711 679 1855 706 dividunt:

1071 729 1098 751 et
1122 725 1168 751 alii
1191 725 1302 759 quidem
1328 725 1456 753 maceriis
1482 724 1647 760 quihusdam
1670 725 1857 759 circutttscpli,

1071 770 1220 798 multorum
1236 770 1324 798 vitant
1341 779 1520 807 congressum
1540 781 1546 798 :
1564 772 1609 798 alii
1630 772 1704 798 nullo
1723 771 1858 805 ejusmodi

1072 820 1232 850 tegumento
1254 822 1374 849 utentes,
1393 819 1522 846 omnibus
1543 818 1589 852 qui
1612 817 1790 852 contemplari
1812 825 1859 844 eos

1073 861 1167 888 volunt
1183 862 1273 896 palam
1291 866 1356 890 sunt
1375 862 1504 896 expositi.
1519 862 1585 895 Qum
1607 862 1714 897 singula
1732 863 1859 897 persi‘qui

1074 913 1186 934 necesse
1198 906 1292 939 habui,
1304 915 1366 934 cutn
1380 907 1532 934 admirandi
1548 907 1673 935 Baradati
1692 908 1774 934 vitam
1791 907 1861 934 sori-

233 953 359 986 θεωρίαν.
376 953 485 980 Τούτων
505 953 534 980 δὲ
553 953 669 980 ἕκαστον
684 955 730 980 ἐπὶ
750 954 798 981 τοῦ
823 954 955 990 παρόντος
978 954 1019 981 δι-

1075 952 1135 979 bere
1151 952 1347 980 instituissem.
1368 952 1460 980 Novas
1476 954 1549 980 enim
1575 954 1618 981 hic
1636 954 1717 980 etiam
1737 953 1859 988 patiendi

233 997 350 1029 εξελθεῖν
369 997 554 1034 ἠναγκάσθην,
569 999 616 1026 τοῦ
637 998 787 1034 θαυμασίου
803 1000 959 1035 Βαραδάτου
975 1000 1021 1027 τὸν

235 1043 290 1078 βίον
304 1043 435 1080 ἐθελήσας
449 1045 615 1080 συγγράψαι.
634 1045 723 1072 Καινὰ
735 1046 789 1081 γὰρ
810 1048 857 1073 καὶ
873 1043 950 1078 οὗτος
972 1047 1021 1072 ἐπ-

234 1088 327 1124 ενόησε
343 1089 491 1125 καρτερίας
507 1090 721 1126 ἐπιτηδεύματα.
733 1091 844 1127 Πρῶτον
861 1091 909 1127 μὲν
924 1092 978 1128 γὰρ
993 1093 1021 1119 ἐν

233 1135 347 1170 οἰκίσκῳ
369 1136 464 1170 χρόνον
488 1135 572 1162 πολὺν
594 1136 691 1163 ἑαυτὸν
706 1135 861 1172 καθείρξας,
879 1137 928 1171 τῆς
947 1137 1021 1169 θείας

235 1180 318 1215 μόνης
331 1179 509 1215 ψυχαγωγίας
526 1181 676 1216 ἀπήλαυεν.
695 1182 815 1208 Ἐκεῖθεν
829 1182 878 1217 τὴν
895 1182 1022 1218 ὑπερκειο

236 1228 320 1264 μένην
335 1228 495 1256 καταλαϐὼν
509 1229 615 1264 ῥαχίαν,
631 1229 677 1256 καὶ
691 1228 806 1256 κιὸωτόν
817 1237 877 1256 τινα
892 1228 1022 1265 βραχεῖαν

233 1274 293 1300 οὐδὲ
306 1274 345 1309 τῷ
363 1274 469 1310 σώματι
483 1275 639 1310 σύμμετρον
655 1276 686 1302 ὲκ
700 1275 786 1307 ξύλων
803 1276 1020 1309 κατασκευάσας,

234 1321 263 1345 ὲν
274 1321 342 1356 αύτῇ
358 1321 447 1356 διῆγε,
460 1322 644 1348 κατακύπτειν
657 1321 789 1356 διηνεκῶς
803 1322 1020 1357 ἠναγκασμένος,

235 1367 272 1392 Οὐ
290 1366 344 1402 γὰρ
352 1364 425 1402 εἶχεν
439 1367 504 1402 ὕψος
523 1368 664 1404 ίσόμετρον
675 1367 713 1403 τῷ
726 1368 808 1403 μήκει
822 1368 868 1394 τοῦ
886 1368 1020 1403 σώματος.

235 1413 271 1439 0'3
285 1413 371 1440 σανίσι
385 1413 412 1439 δέ
425 1422 456 1448 γε
473 1414 543 1449 αὕτη
553 1414 735 1449 συνήρμοστο,
745 1413 812 1441 ἀλλὰ
827 1415 887 1445 ταῖς
902 1414 1022 1448 κιγκλίσι

236 1459 435 1494 παραπλησίως
451 1459 599 1494 διηνοικτο,
612 1459 659 1485 καὶ¹
679 1460 740 1490 ταῖς
754 1461 931 1493 φωταγωγοῖς
942 1459 1022 1494 ἐῴκει

234 1507 293 1537 ταῖς
312 1505 461 1540 εὺρυτέρας
476 1505 605 1540 ἐχούσαις
615 1505 662 1531 τοῦ
677 1505 765 1539 φωτὸς
780 1505 828 1536 τὰς
845 1505 972 1536 εἰσόδους.
986 1502 1022 1532 Οὗ

235 1552 325 1586 χάριν,
342 1550 405 1577 οὒτε
427 1553 487 1583 ταῖς
511 1551 565 1578 τῶν
585 1551 671 1577 ὑετῶν
696 1551 884 1587 ἀπηλλάττετο
906 1551 1023 1587 προσϐο-

235 1598 304 1629 λαῖς,
330 1596 391 1624 οὔτε
414 1598 464 1632 τῆς
486 1597 604 1632 ἡλιακῆς
624 1596 802 1632 ἠλευθεροῦτο
831 1596 938 1631 φλογὸς,
965 1596 1022 1622 ἀλλ’

235 1644 377 1678 ἀμφότεροι
393 1646 448 1675 τοῖς
467 1644 556 1675 ἄλλοις
583 1644 738 1679 ὑπαιθρίοις
756 1644 953 1678 παραπλησίως
968 1642 1022 1669 ἐδέ”
1037 1629 1058 1657 C

236 1699 297 1724 χετο
309 1698 315 1703 ·
331 1690 500 1716 ἐπλεονέκτει
514 1690 542 1716 δὲ
560 1690 632 1725 μόνῳ
645 1689 684 1725 τῷ
694 1690 742 1725 τῆς
758 1688 922 1725 καθείρξεως
939 1688 1021 1723 πόνῳ.

237 1736 324 1762 Πολυν
335 1736 362 1762 δὲ
377 1736 472 1770 χρὸνον
487 1736 581 1764 τοῦτον
595 1736 749 1767 διατελέσας
763 1736 808 1762 τὶν
823 1735 933 1771 τρόπον,
945 1734 1023 1761 ὕστε-

238 1789 283 1815 ρον
293 1780 447 1816 ἐξελήλυθε,
463 1783 522 1812 ταῖς
534 1781 581 1807 τοῦ
600 1781 744 1808 θεσπεσίου
768 1781 905 1812 Θεοδότου,
931 1780 960 1811 ὃς
974 1780 1024 1815 τὴν

237 1827 432 1862 ἀρχιερατικὴν
442 1828 491 1862 τῆς
510 1827 669 1862 Ἀντιοχέων
684 1827 763 1853 ἔλαϐε
781 1826 936 1862 προεδρίαν,
953 1834 1024 1861 παρ-

239 1874 374 1898 αινέσεσιν
387 1872 472 1904 εἴξας.
482 1873 602 1908 ’Ἑστηκε
618 1873 708 1908 μέντοι
721 1872 850 1906 διηνεκῶς
863 1873 902 1903 είς
913 1871 1025 1908 ούρανὺν

238 1919 286 1949 τὰς
307 1919 400 1953 χεῖρας
421 1918 559 1951 ἐκτείνων,
582 1919 629 1945 καὶ
654 1919 699 1945 τὸν
723 1918 778 1944 τῶν
801 1918 869 1945 ὅλων
893 1917 958 1944 Θεὸν
978 1918 1026 1945 ἀν-

238 1965 341 1999 υμνῶν,
359 1964 432 1991 ἅπαν
445 1965 475 1991 τὸ
500 1964 580 2000 σῶμα
602 1964 642 2000 τῷ
658 1964 812 2000 δερματίνῳ
825 1963 1026 1998 συγκαλύπτων

238 2010 330 2045 χιτῶνι
342 2017 348 2024 ·
366 2009 431 2044 περὶ
447 2009 495 2044 τὴν
509 2011 570 2045 ῥῖνα
586 2010 615 2036 δὲ
633 2009 727 2045 μόνην,
745 2009 792 2036 καὶ
805 2009 835 2036 τὸ
851 2010 948 2044 στόμα,
961 2009 1027 2045 βρα-

239 2058 313 2091 χεῖαν
337 2056 377 2092 τῷ
396 2057 531 2092 πνεύματι
555 2056 733 2091 παρείσδυσιν
756 2055 965 2087 καταλέλοιπεν,
983 2055 1027 2082 ἴνα

239 2103 359 2138 ἀναπνέῃ
369 2103 416 2129 τὸν
428 2102 517 2128 κοινὸν
533 2102 601 2138 ἀέρα
612 2102 764 2137 δεχόμενος,
781 2102 931 2137 ἐπειδήπερ
941 2101 1028 2134 ἄλλως

239 2150 288 2184 ζῇν
302 2149 351 2184 οὑχ
365 2149 407 2176 οἶα
421 2158 450 2176 τε
475 2149 529 2175 τῶν
545 2148 696 2183 ἀνθρώπων
710 2149 726 2183 ἡ
749 2147 840 2183 φύσις.
858 2148 913 2174 Καὶ
933 2147 1027 2174 τοῦτον

240 2196 347 2222 ᾶπαντα
371 2195 502 2230 ὑπομένει
531 2195 575 2221 τὸν
600 2194 691 2226 πόνον,
714 2194 764 2221 οὐκ
789 2193 924 2228 εὔρωστον
948 2192 1028 2228 σῶμα

241 2241 341 2277 λαχὼν,
358 2241 426 2268 ἀλλὰ
439 2242 486 2268 καὶ
501 2241 561 2268 λίαν
582 2241 689 2273 πολλοῖς
723 2239 886 2275 βαλλόμενος
910 2238 1024 2266 πάθεσι·

241 2287 340 2320 ζέουσα
358 2287 387 2313 δὲ
404 2288 421 2322 ὴ
439 2286 588 2322 προθυμία,
605 2286 652 2314 καὶ
666 2285 706 2321 τῷ
731 2285 795 2320 θείῳ
819 2285 900 2320 ἔρωτι
920 2293 1026 2320 πυρπο-
1043 2307 1063 2333 D

239 2335 368 2369 λουμένη,
385 2333 508 2369 βιάζεται
523 2335 614 2360 πονεῖν
639 2333 670 2360 τὺ
695 2334 786 2359 πονεῖν
813 2332 842 2358 οὐ
867 2331 1025 2366 δυνάμενον.

240 2379 295 2405 Καὶ
316 2378 366 2409 τὰς
392 2378 494 2413 φρένας
519 2378 548 2404 δὲ
575 2377 681 2404 συνέσει
698 2376 914 2411 κεκοσμημένος,
931 2376 1029 2410 ἄριστα

240 2424 352 2455 καὶτὰς
368 2423 478 2455 πεύσεις
495 2424 541 2450 καὶ
564 2423 616 2454 τὰς
644 2422 803 2458 ἀποκρίσεις
822 2422 957 2448 ποιεῖται·
981 2420 1029 2448 καὶ

242 2471 426 2504 συλλογίζεται
457 2470 530 2496 ἐστιν
556 2470 599 2496 ὅτε
621 2468 675 2496 τῶν
708 2469 770 2500 τοὺς
798 2467 1029 2503 ’Δριστοτελικοὺς

241 2517 418 2552 λαϐυρίνθους
442 2516 634 2550 ἀνεγνωκότων
659 2515 770 2550 ἄμεινόν
794 2523 822 2541 τε
850 2515 896 2541 καὶ
911 2513 1029 2541 δυνατώ-

241 2572 329 2598 τερον.
354 2563 398 2589 Ἑν
415 2562 489 2598 αύτῷ
505 2562 533 2588 δὲ
552 2561 590 2587 ὢν
609 2561 648 2596 τῷ
664 2561 725 2595 ὕψει
742 2562 790 2596 τῆς
803 2561 913 2596 ἀρετῆς,
934 2561 983 2587 οὐκ
996 2560 1028 2594 ἐᾷ

237 2602 427 2643 ίςυναναὸἦναι
441 2609 471 2635 τὸ
484 2608 622 2643 φρόνημα,
638 2607 704 2633 ἀλλὰ
720 2606 794 2633 κάτω
806 2606 899 2641 ἕρπειν
911 2605 1027 2638 κελεύει,

243 2655 307 2691 περὶ
324 2656 393 2682 αὐτὰ
407 2654 454 2681 τοῦ
477 2654 557 2688 ὅρους
578 2653 612 2680 τὰ
637 2649 870 2688 κράσπεδα.·οἷδε
891 2651 944 2686 γὰρ
964 2652 1028 2686 ὅσην

243 2701 316 2727 ἕλκει
332 2700 432 2735 βλάϐην
453 2699 656 2735 φλεγμαίνουσα
672 2698 711 2733 τῷ
740 2697 817 2732 τύφῳ
833 2697 946 2724 διάνοια.
968 2698 1029 2723 Τοι-

244 2746 313 2781 αύτη
328 2747 357 2773 ὲν
371 2746 511 2780 κεφαλαίῳ
528 2745 575 2772 καὶ
590 2746 607 2780 ἡ
621 2744 697 2771 τοῦδε
721 2743 880 2778 φιλοσοφία·
898 2743 930 2778 ἢν
951 2744 1029 2776 αὐξο-

246 2792 330 2826 μένην
344 2791 448 2825 γένοιτο
472 2791 520 2826 τὴν
543 2790 645 2817 νύσσαν
669 2789 716 2816 τοῦ
739 2789 838 2824 δρόμου
854 2788 1027 2814 καταλαϐεῖν.

245 2837 330 2872 Κοινὴ
347 2837 400 2872 γὰρ
412 2836 564 2872 εὐφροσύνη
583 2836 637 2863 τῶν
655 2835 784 2866 εὐσεϐῶν,
803 2834 856 2860 τῶν
875 2834 1030 2869 νικηφόρων

244 2883 346 2911 τούτων
361 2884 377 2918 ἠ
393 2882 511 2910 εὔκλεια.
539 2882 604 2918 Ἐμὲ
625 2882 652 2908 δὲ
672 2882 715 2917 εἴη
732 2882 790 2912 ταῖς
805 2880 900 2907 τούτου
919 2880 1029 2914 ὑπερει-

1072 1000 1147 1024 artes
1162 997 1320 1032 exquisivit.
1343 997 1381 1024 Ac
1400 998 1490 1033 primo
1512 998 1622 1033 quidem
1646 998 1811 1025 domuncula
1832 1007 1862 1025 se

1073 1041 1162 1076 ipsum
1182 1042 1264 1079 longo
1280 1047 1405 1079 tempore
1429 1043 1573 1071 includens
1596 1045 1654 1071 sola
1671 1043 1717 1072 llci
1735 1044 1861 1071 cousola-
1884 1053 1888 1057 ”

1073 1087 1150 1115 tione
1167 1088 1321 1117 fruebatur.
1342 1089 1409 1117 Inde
1429 1090 1627 1125 superpositam
1643 1098 1736 1126 rupem
1755 1095 1860 1125 peti-us.

1073 1141 1157 1169 parva
1167 1135 1285 1169 quadam
1295 1143 1360 1163 arca
1368 1136 1495 1170 corporis
1504 1143 1661 1163 mensuram
1673 1143 1725 1163 non
1735 1141 1862 1171 :eqnante

1071 1187 1105 1207 ex
1126 1179 1206 1216 lignis
1218 1180 1362 1214 fabricata,
1374 1181 1400 1208 in
1417 1189 1447 1209 ea
1459 1181 1584 1216 degebat,
1601 1182 1786 1217 deorsumque
1799 1191 1861 1217 per-

1073 1227 1154 1258 petuo
1176 1224 1316 1252 incurvari
1337 1225 1495 1261 cogebatur,
1518 1234 1580 1253 eum
1603 1226 1774 1253 altitudinem
1799 1236 1861 1254 eor-

1073 1270 1150 1304 poris
1171 1271 1328 1305 proceritati
1349 1279 1440 1307 parem
1465 1280 1519 1300 non
1541 1273 1662 1300 haberet.
1687 1273 1780 1308 Neque
1799 1282 1863 1300 vero

1073 1316 1223 1351 compactis
1243 1317 1385 1345 asseribus
1405 1318 1450 1344 illa
1467 1319 1620 1350 constabat,
1638 1320 1684 1347 sed
1696 1324 1790 1355 aperta
1803 1326 1864 1348 erat

1073 1362 1257 1390 cancellorum
1272 1363 1299 1390 in
1313 1371 1428 1396 morem.
1444 1364 1598 1400 similisque
1615 1365 1740 1393 fetu-stris
1753 1375 1812 1400 qua:
1826 1368 1865 1394 lu-

1074 1407 1156 1435 minis
1180 1407 1310 1436 introitus
1340 1409 1451 1437 latiores
1482 1410 1592 1437 habent.
1619 1410 1678 1443 Quo
1705 1412 1804 1444 lielvat,
1835 1418 1864 1440 nt

1075 1462 1163 1489 neque
1178 1455 1212 1482 ab
1228 1455 1329 1490 impetu
1346 1456 1445 1491 pluvia:
1460 1456 1590 1484 immunis
1606 1461 1691 1491 esset,
1704 1465 1752 1485 nec
1768 1466 1782 1484 a
1797 1460 1863 1486 solis

1075 1501 1174 1529 ardore
1195 1501 1280 1528 libera
1303 1511 1309 1529 :
1327 1502 1372 1529 sed
1392 1506 1539 1537 utrumque
1559 1502 1645 1530 nihilo
1668 1505 1759 1532 secius
1782 1512 1863 1539 quam

1074 1555 1135 1582 quae
1157 1548 1208 1576 sub
1231 1549 1277 1576 dio
1298 1553 1363 1576 sunt
1387 1552 1541 1584 exciperet;
1559 1550 1568 1561 ⁶
1585 1550 1635 1578 hoc
1655 1559 1710 1578 uno
1726 1553 1864 1586 superior,

1075 1593 1148 1627 quod
1165 1593 1329 1622 inclusionis
1346 1595 1423 1621 labor
1438 1595 1595 1622 accedebat.
1609 1595 1675 1623 Cum
1699 1599 1788 1623 autem
1804 1597 1866 1623 (liii-

1076 1644 1159 1668 turno
1175 1645 1298 1676 tempore
1314 1643 1388 1669 hune
1404 1642 1430 1669 iu
1453 1642 1563 1670 modum
1578 1644 1753 1678 perstitisset,
1771 1650 1865 1678 postea

1075 1694 1206 1722 egressus
1225 1682 1277 1718 est:
1293 1686 1379 1714 divini
1398 1687 1544 1719 Theodoti,
1563 1688 1607 1715 cui
1629 1689 1794 1723 pontiﬁcalis
1810 1690 1866 1715 Au-

1075 1733 1259 1760 tioohensium
1285 1733 1364 1760 sedes
1392 1733 1539 1768 obtigerat,
1561 1733 1672 1760 monitis
1692 1734 1800 1769 1285
1815 1735 1866 1761 ob-

1075 1784 1241 1814 temperans.
1266 1779 1326 1806 Slat
1351 1784 1440 1806 autem
1463 1779 1576 1807 assidue
1597 1787 1695 1807 manus
1717 1781 1866 1808 extendens

1075 1826 1102 1853 in
1117 1826 1227 1858 cmlum,
1241 1830 1267 1853 et
1278 1827 1466 1854 universorum
1482 1827 1565 1854 Deum
1582 1826 1707 1858 laudans,
1723 1830 1868 1862 totumque

1076 1880 1178 1907 corpus
1200 1872 1314 1908 pellieea
1331 1872 1465 1908 obtegens
1477 1875 1567 1900 tunica
1581 1881 1587 1900 :
1603 1873 1676 1899 circa
1693 1880 1789 1900 nasum
1803 1881 1867 1899 vero

1076 1922 1103 1945 et
1123 1926 1155 1946 os
1168 1919 1269 1950 solum,
1282 1919 1419 1946 modicum
1429 1919 1538 1955 spiritui
1553 1923 1670 1947 meatum
1687 1918 1806 1953 reliquit,
1821 1926 1868 1953 per

1075 1971 1155 1999 quem
1178 1965 1312 1999 respiret,
1332 1971 1563 1999 communemque
1582 1972 1672 1992 aerem
1693 1964 1790 1994 ducat,
1808 1964 1868 1992 sine

1077 2018 1132 2045 quo
1157 2010 1249 2038 vivere
1275 2011 1397 2038 humana
1422 2016 1522 2039 natura
1551 2019 1607 2038 non
1637 2015 1738 2047 posset.
1766 2011 1866 2038 Totum

1077 2063 1160 2090 porro
1177 2056 1252 2083 hunc
1272 2056 1393 2084 laborem
1416 2058 1550 2088 sustinet,
1567 2064 1628 2084 cum
1649 2064 1750 2092 corpus
1769 2060 1867 2084 nactus

1078 2102 1115 2130 sit
1130 2102 1243 2130 minime
1261 2103 1415 2134 robustum.
1431 2111 1464 2130 ac
1479 2104 1574 2132 multis
1590 2104 1693 2131 morbis
1705 2104 1865 2136 obnoxium,

1078 2148 1125 2176 sed
1147 2147 1258 2176 fervens
1275 2149 1358 2176 animi
1379 2149 1520 2182 alacritas,
1542 2149 1690 2185 divinoque
1711 2158 1805 2177 amore.
1827 2151 1870 2177 in~

1077 2200 1171 2225 censa.
1188 2193 1313 2221 laborare
1328 2194 1395 2221 illud
1415 2195 1565 2229 compellit,
1585 2195 1659 2231 quod
1675 2195 1801 2224 laborare
1813 2204 1867 2224 non

1079 2242 1178 2274 potest.
1190 2238 1249 2266 Jam
1265 2247 1329 2267 vero
1345 2241 1444 2268 mentis
1456 2239 1636 2276 intelligentia
1654 2245 1800 2276 pmstans,
1817 2249 1866 2276 0p-

1078 2286 1144 2312 time
1160 2285 1313 2320 interrogat
1332 2290 1358 2314 et
1379 2287 1535 2321 respondet,
1552 2287 1712 2323 rectiusque
1729 2288 1868 2315 interdum

1080 2339 1111 2358 ac
1125 2331 1265 2365 potentius
1280 2336 1502 2366 argumentatur,
1519 2339 1600 2367 quam
1622 2332 1668 2367 qui
1685 2333 1712 2360 in
1732 2333 1868 2361 Aristote-

1080 2375 1140 2402 licis
1162 2375 1328 2411 labyrinthis
1348 2376 1450 2404 versati
1473 2380 1546 2404 sunt.
1573 2376 1698 2413 Curaque
1721 2378 1754 2405 ad
1778 2379 1838 2413 ipsu
1852 2387 1868 2404 ιι

1079 2421 1190 2448 virtutis
1221 2420 1359 2457 fastigium
1388 2422 1560 2456 pervenerit,
1587 2430 1642 2450 non
1675 2423 1808 2457 permittit
1840 2428 1869 2450 ut

1081 2467 1164 2494 animi
1190 2467 1278 2495 fastus
1301 2467 1382 2494 simul
1409 2468 1552 2501 ascendat,
1575 2468 1622 2495 sed
1647 2467 1718 2495 infra
1744 2469 1818 2495 illum
1835 2471 1869 2496 ad

1080 2511 1158 2548 ipsas
1182 2514 1283 2541 montis
1312 2513 1419 2542 radices
1447 2522 1544 2549 repere
1568 2514 1658 2550 jubet.
1685 2514 1766 2541 Novit
1794 2515 1867 2543 enim

1079 2563 1214 2594 quantum
1238 2560 1332 2587 damni
1359 2559 1431 2586 fastu
1456 2559 1550 2587 inﬂata
1574 2568 1652 2588 mens
1673 2560 1779 2588 aﬂerat.
1808 2560 1869 2588 llmc

1080 2606 1162 2641 igitur
1177 2607 1204 2633 in
1225 2614 1335 2633 summa
1354 2607 1436 2642 hujus
1456 2611 1499 2634 est
1521 2607 1692 2642 philosophia
1711 2616 1718 2635 :
1737 2616 1796 2642 qua:
1814 2608 1870 2634 titi-

1080 2660 1142 2679 nam
1164 2653 1203 2680 sic
1226 2657 1343 2686 crescat,
1364 2658 1393 2680 ut
1417 2653 1450 2681 ad
1472 2662 1571 2682 cursus
1597 2660 1695 2682 metam
1723 2657 1869 2690 pertiugat.

1080 2698 1240 2726 Communis
1251 2698 1322 2725 enim
1336 2699 1442 2734 piorum
1455 2703 1498 2726 est
1509 2699 1615 2732 laetitia,
1629 2700 1763 2727 victorum
1776 2701 1871 2733 hujus-

1083 2743 1155 2770 tuodi
1185 2743 1282 2778 gloria.
1311 2742 1374 2770 Mihi
1402 2752 1467 2771 vero
1494 2745 1598 2772 utinam
1623 2745 1719 2772 horum
1746 2746 1871 2780 precibus

1083 2789 1201 2817 subnixo
1216 2790 1356 2825 contingat
1374 2791 1409 2818 ab
1422 2791 1473 2818 hoc
1492 2795 1584 2819 monte
1607 2800 1662 2819 non
1681 2792 1775 2826 procul
1798 2792 1871 2818 absi-

1083 2841 1165 2867 εισι-ε,
1181 2836 1228 2863 sed
1248 2837 1380 2871 paulatim
1397 2837 1556 2871 ascendere,
1576 2842 1603 2866 et
1619 2839 1734 2866 istorum
1751 2843 1872 2865 content-

1083 2882 1203 2915 platione
1217 2883 1348 2910 recreari.

245 2931 357 2966 δίμενον
377 2931 552 2965 προσευχαῖς,
575 2929 612 2965 μὴ
628 2929 722 2965 πόρρω
745 2928 822 2955 τοῦδε
846 2927 972 2962 γενέσθαι
986 2927 1033 2953 τοῦ
1053 2927 1149 2962 ἔρα-λς·
1167 2928 1233 2955 alii:
1250 2929 1421 2966 xa‘.:zp.:zp’.‘;
1437 2930 1579 2966 ἁναεῇναι,
1613 2930 1658 2956 καὶ
1693 2930 1751 2961 ταῖς
1771 2927 1871 2957 τούτων

247 2979 382 3014 ἐντρυφᾷς)
397 2977 534 3013 θεωρίαις.
