2064 3120
212 189 220 220 i
227 188 278 220 487

394 244 511 272 XXVI“.
534 260 544 264 ι
554 261 564 265 ο
585 244 813 274 TllALliL/LUS.

244 292 336 326 Neque
364 290 491 318 Thalcltei
523 290 610 318 silebo
635 291 822 318 narrationem
850 299 856 318 :
884 290 993 325 plenum

208 337 280 365 cuitu
293 341 336 365 cst
345 335 478 363 miraculo
491 335 687 370 spectaculum.
705 334 759 362 Nec
775 343 839 363 vero
856 335 917 362 aliis
932 339 993 362 tan-

209 389 264 410 tum
291 381 470 409 narrantibtts
494 381 603 416 1286
623 380 725 413 audivi,
751 381 798 408 sed
824 381 914 408 oculis
936 381 994 415 ipse

208 428 262 455 vidi
293 427 483 454 admirandum
517 427 715 462 spectaculum.
749 426 886 454 Vicesimu
920 425 993 453 enim

209 474 296 501 stadio
319 481 334 500 a
357 472 469 500 Gabalis
491 473 569 510 (urbs
589 480 620 500 ea
644 476 685 500 est
708 480 792 508 parva
814 478 840 499 n-t
860 473 993 507 elegans),

208 521 305 558 collem
324 519 471 555 quemdam
486 527 547 546 cum
565 519 722 550 insedisset,
739 519 764 545 in
781 526 834 553 quo
849 518 993 545 delubrum

209 569 269 592 erat
283 566 454 593 daemonibus
468 565 637 597 dedicatum,
649 569 675 592 et
690 565 725 591 ab
744 565 834 599 impiis
849 565 915 592 olim
934 572 994 591 ere—

209 611 267 638 bris
281 611 427 639 sacriﬁciis
445 611 623 641 honoratum.
644 611 772 646 exiguum
796 610 831 637 ibi
855 611 994 646 tugurium

211 655 315 682 deﬁxit.
339 655 464 684 Nefarios
484 661 575 684 autem
596 657 658 685 illos
680 657 741 684 ideo
764 658 854 684 colere
871 665 900 685 se
920 657 995 684 dice-

211 701 286 733 bant,
304 705 334 728 ut
352 710 475 737 magnam
491 702 600 729 illorutn
616 702 806 730 crudelitatem
822 702 922 730 hostiis
938 703 996 737 pla-

211 755 273 774 cere
286 747 450 775 niterentur.
471 747 564 775 Multis
585 748 658 775 enim
680 748 766 775 exitio
780 753 869 780 erant,
885 753 912 775 et
927 755 995 783 prse-

210 794 392 828 tereuntibus,
411 795 420 805 ‘
439 798 466 822 ct
482 795 745 830 propinquantibus,
763 803 817 822 non
838 795 995 822 hominibus

209 841 302 875 modo,
317 841 364 869 sed
378 847 404 869 et
419 842 515 875 asinis,
529 848 556 870 et
571 843 665 875 mulis,
679 847 704 869 ct
720 843 818 873 bobus,
831 847 858 869 ct
873 843 970 870 ovibus
987 851 994 869 :

210 894 264 913 non
286 887 419 914 bellantes
440 895 503 914 ettm
522 887 623 920 brutis,
641 887 688 914 sed
709 887 868 914 hominibus
886 894 934 922 per
949 886 995 913 illa

703 190 944 220 TllEUDGRE'l‘l
959 189 1125 219 EPISL‘UI’I
1145 190 1328 219 CYRENSIS

1769 189 1835 221 1ιὶ88

1276 245 1342 271 ΚΗ’.
1355 260 1389 264 --κ
1405 244 1607 271 ΘᾹΛΕΛΑΙΟΣ.

1084 292 1152 318 Οὐδὲ
1179 291 1326 318 Θαλελαίου
1355 291 1501 326 σιγήσομαι
1520 290 1550 316 τὸ
1573 290 1712 326 διήγημα,
1738 290 1834 325 μεστδν

1048 337 1102 373 γὰρ
1117 338 1147 364 τὸ
1167 337 1258 373 θέαμα
1273 337 1423 372 θαύματος.
1447 337 1504 363 Οὐκ
1526 336 1614 364 ἄλλων
1640 336 1668 362 δὲ
1699 336 1778 371 μόνον
1798 337 1833 362 δι-

1049 382 1231 418 ηγησαμένων
1244 382 1361 417 ἀκήκοα,
1375 381 1443 408 ἀλλὰ
1469 381 1515 408 καὶ
1539 382 1676 416 αὐτόπτης
1704 381 1834 415 ἐγενόμην

1048 425 1094 452 τοῦ
1113 425 1263 461 παραδόξου
1282 425 1428 461 θαύματος.
1451 425 1516 451 Ἀπὸ
1542 425 1655 451 σταδίων
1669 425 1724 459 γὰρ
1751 425 1834 451 εἴκοςι

1050 471 1176 499 Γαϐάλων
1194 471 1288 507 (πόλις
1311 471 1340 497 δὲ
1362 471 1430 506 αὓτη
1447 470 1551 506 σμικρὰ.
1573 471 1622 497 καὶ
1644 471 1832 506 χαριεστάτη),

1048 518 1128 553 λόφον
1144 518 1205 545 τινὰ
1227 517 1396 550 καταλαϐὼν,
1422 517 1452 543 ὲν
1525 517 1638 552 τέμενος
1654 514 1688 552 ἦν
1714 517 1835 551 δαίμοσιν

1048 564 1239 599 ἀνακείμενον,
1257 563 1304 590 καὶ
1320 563 1373 589 ὑπὸ
1397 562 1452 589 τῶν
1471 562 1555 589 πάλαι
1576 561 1715 588 διῐσσεϐὦν
1729 561 1836 593 πολλαῖς

1049 610 1153 641 θυσίαις
1168 609 1333 645 τιμώμενον,
1352 609 1472 644 σμικράν
1485 617 1545 634 τινα
1565 607 1688 642 καλύῦην
1708 608 1834 643 ἐπήξατο.

1056 656 1235 691 Ἐθεράπευον
1258 656 1286 683 δὲ
1301 656 1364 687 τοὺς
1388 654 1561 691 ἀλιτηρίους,
1579 654 1618 686 ὡς
1647 654 1762 688 ἔφασαν,
1788 655 1836 688 τὴν

1050 703 1149 739 πολλὴν
1163 703 1253 730 αὐτῶν
1268 702 1397 737 ὠμότητα
1417 702 1524 733 θυσίαις
1548 701 1680 736 πραΰνειν
1699 700 1836 735 πειρώμεη

1049 757 1099 775 νοι.
1128 748 1239 780 Πολλοῖς
1258 748 1312 783 γὰρ
1338 747 1523 783 ἐλυμαίνοντο,
1553 747 1601 774 καὶ
1629 746 1767 782 παριοῦσι,
1792 747 1834 772 καῖ

1049 795 1259 828 γειτονεύουσιν,
1270 794 1320 820 οὐκ
1332 793 1487 828 ἀνθρώποις
1501 793 1601 828 μόνοις,
1617 792 1685 819 ἀλλὰ
1700 792 1746 819 καὶ
1757 793 1836 823 ὄνοις,

1049 841 1096 867 καὶ
1110 841 1243 877 ἡμιόνοις,
1261 841 1308 866 καὶ
1325 839 1411 875 βουσὶ,
1428 840 1475 866 καὶ
1487 839 1646 874 προὸἁτοις·
1662 839 1693 865 οὗ
1711 840 1766 870 τοῖς
1776 839 1838 865 ἀλό-

1049 896 1108 922 γοις
1122 887 1314 922 πολεμοῦντες,
1333 886 1400 913 ἀλλά
1416 886 1460 912 διὰ
1483 885 1585 912 τούτων
1608 886 1665 915 τοῖς
1685 884 1836 920 ἀνθρώποις

210 931 327 958 insidias
345 932 500 959 tendentes.
521 931 598 960 Tunc
617 939 683 967 ergo
703 926 897 959 adventantem
920 931 995 958 illutn

1049 933 1280 964 ἐπιϐουλεύοντες.
1297 933 1365 960 Τότε
1380 932 1470 959 τοίνυν
1481 933 1646 968 ἀφικόμενον
1663 931 1759 958 τοῦτον
1774 932 1838 957 [δόν-

210 981 364 1010 cernentes,
377 981 532 1011 perterrere
548 977 658 1012 quidem
674 979 766 1004 conati
786 983 862 1009 sunt,
879 977 927 1004 sed
944 976 996 1003 mi—

209 1024 282 1050 nilne
301 1026 460 1058 potuerunt,
481 1031 544 1050 cum
560 1030 622 1050 eum
646 1022 712 1050 Iides
726 1027 890 1058 protegeret,
905 1027 932 1050 et
947 1029 997 1057 pro

207 1077 242 1098 eo
257 1070 344 1106 gratia
363 1076 507 1106 pugnaret.
526 1069 605 1098 Unde
623 1070 700 1098 rabie
722 1078 754 1097 ac
774 1070 868 1097 furore
889 1070 995 1105 perciti,

209 1116 341 1144 adversus
356 1116 478 1144 consitas
493 1116 528 1144 ibi
544 1117 659 1144 arbores
677 1117 828 1144 irruerunt.
847 1115 930 1143 Erant
947 1124 996 1143 au-

203 1166 263 1191 ‘tcm
279 1162 306 1189 in
322 1162 392 1190 colle
408 1162 455 1190 illo
467 1166 493 1190 et
508 1162 576 1190 licus
591 1166 618 1189 et
632 1163 699 1190 oleae
716 1163 838 1190 virentes
850 1163 974 1197 plurimae
988 1171 994 1188 :

210 1215 242 1234 ex
264 1208 365 1243 quibus
383 1208 475 1236 subito
493 1209 595 1236 evulsa:
614 1208 728 1235 fuerunt
749 1208 895 1242 plusquam
914 1208 998 1242 quiti-

209 1257 305 1288 geutae.
326 1254 407 1287 Quod
429 1254 538 1288 quidem
563 1254 741 1282 narrantibus
762 1254 860 1282 vicinis
885 1254 997 1281 rusticis

209 1300 338 1335 cognovi,
350 1300 396 1334 qui
414 1307 476 1327 cum
495 1299 644 1335 impietatis
657 1300 721 1328 olim
738 1301 854 1335 caligine
869 1305 997 1328 teneren-

205 1350 266 1377 ‘tur,
282 1352 330 1380 per
348 1345 431 1380 hujus
448 1342 606 1372 "doctrinam
628 1353 660 1372 ac
681 1346 812 1372 miracttla
836 1345 937 1372 divina:
952 1352 998 1371 co-

209 1391 341 1427 gnitionis
361 1391 450 1418 lumen
468 1396 661 1426 perceperunt.
683 1391 715 1418 Et
730 1393 859 1427 quoniam
877 1392 998 1427 philoso-

210 1437 282 1472 phizn
313 1437 441 1464 athletam
472 1436 565 1465 infesti
592 1437 732 1465 dicinoues
763 1438 804 1464 his
830 1438 913 1464 rebus
943 1446 997 1465 nott

209 1481 381 1516 expulerant,
413 1481 481 1508 alias
508 1489 604 1509 rursus
632 1482 774 1509 machinas
805 1481 996 1510 admoverunt.

210 1527 296 1555 Noctu
324 1528 396 1554 enim
419 1527 568 1560 ululantes,
591 1531 619 1555 et
647 1528 787 1563 lampadas
813 1533 996 1562 ostentantes,

210 1579 342 1601 terrorem
365 1573 478 1608 injicere
500 1574 684 1606 conabantur,
705 1578 732 1602 et
751 1579 868 1602 mentem
887 1580 997 1609 pertur-

210 1621 285 1648 bare.
309 1619 343 1647 Ut
365 1627 429 1647 vero
445 1619 565 1648 insullus
585 1620 694 1647 illortun
713 1628 808 1647 omnes
823 1621 929 1654 derisit,
952 1621 998 1648 illo

211 1666 318 1701 1287
329 1665 437 1693 tandem
449 1666 743 1702 relicto,did‘ugerunt.
756 1667 816 1702 lpsc
826 1670 918 1694 autem
930 1667 998 1696 rotis

209 1713 315 1740 duabus
344 1713 497 1747 fabricatis,
519 1722 636 1749 quarttm
668 1714 802 1742 diatnetcr
831 1713 916 1742 duum
939 1717 998 1740 erat

209 1760 376 1793 cubitorum,
395 1765 470 1788 rotas
484 1761 580 1788 ambas
596 1761 709 1794 tabulis,
726 1769 781 1789 non
799 1761 873 1789 inter
887 1769 917 1789 se
932 1769 998 1789 con-

209 1807 305 1839 nexis,
337 1806 385 1834 sed
414 1806 582 1834 distantibus
610 1807 759 1842 copulavit.
788 1806 892 1834 Deinde
922 1808 998 1836 intus

209 1852 320 1886 sedens,
340 1852 494 1887 cuneisque
509 1856 536 1879 et
556 1853 642 1879 clavis
658 1851 793 1880 distantes
813 1853 875 1880 illas
889 1852 998 1881 tabulas

209 1899 330 1934 deligens
344 1919 351 1931 ,
367 1899 419 1927 sub
437 1899 484 1926 dio
504 1902 590 1926 rotam
605 1899 695 1925 evexit
709 1908 715 1926 :
731 1899 782 1925 tria
805 1899 856 1925 alia
879 1907 994 1934 procera

211 1946 283 1979 ligna
302 1945 328 1971 in
348 1949 448 1972 terram
466 1944 587 1979 deﬁgens
598 1963 605 1975 ,
621 1949 646 1972 et
660 1944 804 1979 superiora
819 1945 929 1972 illorum
949 1953 996 1973 ca-

212 1992 266 2026 pita
284 1990 364 2026 lignis
382 1990 442 2018 aliis
465 1990 651 2022 committens,
675 1990 831 2026 horumque
856 1992 883 2018 in
907 1992 997 2020 medio

211 2037 346 2072 duplicem
378 2036 453 2065 illam
485 2039 574 2063 rotam
609 2036 719 2071 illigans
754 2041 780 2063 et
813 2038 995 2072 suspendens.

212 2084 299 2119 Hujus
323 2087 413 2110 autem
431 2083 548 2118 spatium
572 2081 690 2109 interius
706 2082 822 2110 duorum
839 2084 996 2111 cubitorum

211 2130 383 2158 altitudinem
405 2129 497 2162 habet,
518 2128 604 2156 cubiti
622 2136 688 2156 vero
711 2129 793 2156 unius
814 2130 994 2157 latitudinem.

211 2177 239 2204 lu
261 2177 311 2204 hoc
334 2176 380 2204 ille
402 2175 538 2207 residens,
555 2175 597 2202 vel
623 2174 714 2209 potius
736 2183 899 2210 suspensus,
917 2177 997 2203 anuis

209 2223 264 2256 jam
285 2222 378 2249 decem
399 2219 540 2256 perpetuis
554 2219 613 2254 egit
630 2229 636 2246 ε
652 2224 679 2247 et
698 2227 761 2246 cum
783 2225 861 2247 vasto
883 2220 919 2247 sit
934 2228 996 2247 cor-

1047 987 1103 1011 τες,
1121 979 1322 1014 καταπλήττειν
1336 978 1486 1014 ἐπειρῶντο
1503 978 1564 1013 μὲν,
1585 979 1635 1004 οὐκ
1650 977 1781 1012 ἠδύναντο
1798 978 1836 1008 δὲ,

1047 1025 1094 1052 καὶ
1110 1025 1160 1060 τῆς
1174 1025 1292 1057 πίστεως
1303 1024 1552 1061 περιφραττούσης,
1565 1025 1612 1051 καὶ
1627 1024 1837 1060 ύπερμαχούσης

1047 1071 1096 1106 τῆς
1112 1071 1234 1106 χάριτος.
1247 1070 1391 1106 Τοιγάρτοι
1406 1069 1508 1106 λύσσης
1533 1070 1581 1096 καὶ
1600 1070 1697 1105 μανίας
1715 1069 1837 1104 ἀναπλη-

1048 1115 1173 1148 σθέντες,
1198 1115 1271 1143 κατὰ
1296 1115 1351 1142 τῶν
1375 1116 1434 1142 ἐκεῖ
1460 1115 1672 1150 πεφυτευμένων
1696 1114 1837 1150 ὲχώρηται

1047 1161 1172 1198 δένδρων.
1188 1162 1287 1188 Πολλαὶ
1309 1161 1337 1187 δὲ
1354 1162 1418 1197 περὶ
1432 1162 1478 1187 τὸν
1498 1160 1579 1195 λόφον
1592 1161 1694 1187 ἐκεῖνον
1712 1162 1794 1187 συκαῖ
1808 1169 1837 1186 τε

1048 1209 1095 1236 καὶ
1120 1208 1209 1236 ἐλαῖαι
1225 1208 1366 1244 τεθηλυῖαι
1385 1207 1533 1243 ἐτύγχανον
1558 1205 1647 1234 οὖσαι.
1667 1207 1714 1235 Ἐκ
1735 1207 1836 1233 τούτων

1048 1254 1158 1286 πλείους
1186 1255 1202 1290 ἦ
1231 1254 1411 1285 πεντακοσίας
1441 1253 1606 1287 ἐξαπιναίως
1631 1253 1838 1287 ἀνατπασθῆιαὶ

1048 1309 1126 1335 φασι.
1139 1301 1194 1328 Καὶ
1204 1301 1283 1327 τοῦτο
1293 1300 1347 1327 τῶν
1359 1299 1566 1334 γειτονευόντων
1580 1299 1717 1334 ἀγροίκων
1734 1299 1838 1333 att-ﬁcu-

1049 1347 1137 1382 μένων
1148 1347 1270 1382 ἀκήκοαε
1287 1347 1311 1373 οἳ
1340 1347 1425 1373 πάλαι
1450 1345 1489 1380 τῷ
1503 1345 1554 1381 τῆς
1576 1345 1704 1376 ἀσεϐείας
1724 1347 1837 1379 κατεχό-

1050 1401 1125 1426 μενοι
1139 1393 1223 1427 ζόφῳ,
1240 1392 1284 1419 διὰ
1297 1392 1345 1427 τῆς
1359 1391 1456 1419 τούτου
1475 1391 1650 1422 διδασκαλίας
1666 1400 1695 1417 τε
1711 1391 1758 1417 καὶ
1775 1392 1834 1416 θαυ-

1051 1437 1228 1473 ματουργίας,
1258 1437 1288 1463 τὸ
1311 1437 1362 1471 τῆς
1391 1436 1557 1470 θεογνωσίας
1576 1435 1740 1469 ὑπεδέξαντο
1769 1436 1836 1469 ςῶς.

1055 1483 1164 1518 Ἐπειδὴ
1177 1483 1206 1509 δὲ
1218 1483 1264 1509 καὶ
1279 1483 1357 1509 τοῦτο
1366 1483 1515 1518 δράσαντες
1528 1482 1553 1508 οί
1565 1482 1698 1517 ἀλιτήριοι
1712 1482 1836 1517 δαίμονες

1048 1529 1098 1556 οὑκ
1114 1529 1265 1561 ἐδεδίξαντο
1277 1529 1328 1564 τῆς
1338 1529 1498 1563 φιλοσοφίας
1515 1529 1561 1555 τὸν
1573 1528 1704 1564 ἀθλητὴν,
1721 1529 1770 1554 καὶ
1782 1529 1837 1554 ἓτε-

1051 1584 1084 1611 ρα
1094 1574 1172 1607 αὖθις
1187 1576 1356 1611 προσέφερον
1368 1576 1474 1610 μηχανή
1480 1583 1563 1610 ματα.
1579 1575 1696 1610 Νύκτωρ
1712 1574 1767 1609 γὰρ
1780 1575 1837 1600 ὀλο-

1049 1623 1117 1658 λυγῇ
1135 1623 1282 1659 χρώμενοι,
1299 1623 1348 1649 καὶ
1366 1622 1511 1658 λαμπάδας
1524 1621 1734 1653 ἐπιδεικνύντες,
1752 1621 1837 1648 ἐκδει-

1051 1669 1153 1704 ματοῦν
1163 1669 1322 1706 ἐπειρῶντο,
1332 1669 1378 1696 καὶ
1388 1668 1501 1704 θόρυϐον
1516 1668 1644 1704 ἐμϐαλεῖν
1655 1668 1693 1702 τῷ
1705 1667 1834 1702 λογισμῷ.

1055 1715 1099 1747 Ὠς
1113 1715 1141 1741 δὲ
1153 1715 1243 1746 πάσας
1261 1715 1351 1742 αὐτῶν
1365 1715 1413 1746 τὰς
1438 1715 1549 1749 ἐφόδους
1565 1714 1705 1747 ἐγέλασεν,
1726 1713 1836 1749 ὕστερον

1049 1761 1130 1789 αὐτὸν
1160 1761 1356 1793 καταλιπόντες
1384 1761 1552 1796 ἀπέδρασαν.
1569 1761 1599 1787 '0
1616 1760 1644 1787 δὲ
1664 1760 1711 1786 δύο
1724 1761 1836 1794 τροχοὺς

1049 1807 1258 1840 κατασκευάσας
1273 1806 1320 1834 δύο
1332 1807 1443 1842 πήχεων
1459 1807 1605 1842 διάμετρον
1625 1806 1747 1840 ἔχοντας,
1762 1805 1835 1831 σανὶ-

1050 1863 1091 1881 σιν
1103 1855 1133 1882 ού
1159 1855 1398 1890 συνηρμοσμέναις
1411 1852 1551 1889 ἀλλήλαις,
1565 1851 1634 1879 ἀλλὰ
1654 1851 1715 1887 διχὰ
1728 1851 1836 1885 διεστη-

1049 1900 1137 1932 κυίαις
1153 1900 1237 1935 ἄμφω
1260 1899 1403 1932 συνέζευξε
1423 1899 1461 1925 τὼ
1473 1898 1571 1935 τροχὼ.
1587 1896 1652 1925 Εἶτα
1678 1897 1752 1923 ἔνδον
1770 1896 1836 1922 καο-

1050 1947 1122 1978 ίσας.
1138 1947 1185 1972 καὶ
1199 1946 1315 1981 γόμφοις
1330 1946 1378 1972 καὶ
1388 1945 1463 1981 ἥλοις
1479 1946 1528 1977 τὰς
1547 1945 1718 1980 διεστηκυίας
1730 1943 1836 1974 ὲκείνας

1048 1991 1209 2026 καταπήξας
1223 1990 1342 2023 σανίδας,
1364 1989 1496 2025 ὕπαιθρον
1511 1989 1644 2025 ὲξήρτησε
1660 1989 1707 2015 τὸν
1720 1988 1817 2024 τροχόν
1827 1996 1833 2002 ·

1047 2038 1110 2074 τρία
1125 2038 1207 2073 ’ἐτερα
1224 2037 1290 2071 ξύλα
1311 2036 1400 2072 ὑψηλὰ
1413 2038 1453 2068 είς
1466 2037 1516 2072 τὴν
1534 2036 1586 2071 γῆν
1602 2035 1773 2070 καταπήξας,
1789 2035 1835 2060 καὶ

1047 2085 1096 2117 τὰς
1111 2085 1167 2112 ἄνω
1181 2084 1283 2111 τούτων
1302 2083 1388 2120 ἀρχὰς
1404 2083 1492 2115 ξύλοις
1514 2083 1617 2118 ἑτέροις
1640 2081 1772 2116 συνάψας,
1788 2081 1835 2107 καὶ

1047 2131 1149 2158 τούτων
1163 2131 1192 2157 ὲν
1206 2131 1281 2166 μέσῳ
1297 2129 1452 2165 προσδήσας
1467 2129 1513 2155 τὸν
1527 2128 1640 2155 διπλοῦν
1656 2129 1760 2155 ἐκεῖνον
1771 2136 1834 2162 τρο-

1047 2178 1104 2213 χὸν,
1121 2178 1168 2203 καὶ
1189 2177 1339 2212 αἱωρήσας.
1353 2177 1455 2202 Τούτου
1470 2176 1498 2202 δὲ
1512 2175 1543 2202 τὸ
1557 2174 1632 2206 ἐντὸς
1648 2174 1694 2200 δύο
1719 2174 1769 2209 μὲν
1786 2175 1838 2208 πή-

1048 2230 1117 2257 χεων
1137 2222 1194 2256 ἔχει
1210 2222 1241 2248 τὸ
1264 2221 1341 2256 ὕψος,
1356 2222 1457 2257 πήχεος
1478 2221 1507 2247 δὲ
1526 2220 1556 2247 τὺ
1571 2218 1659 2255 εὖρος.
1680 2219 1725 2246 Ἐν
1748 2219 1835 2253 τούτῳ

211 2277 286 2303 pore,
314 2277 363 2297 nec
392 2269 491 2297 sedens
517 2268 654 2296 cervicem
681 2268 788 2303 erigere
816 2271 919 2302 potest,
947 2267 994 2295 sed

1049 2268 1213 2302 καθήμενος,
1239 2267 1340 2302 μᾶλλον
1358 2267 1388 2293 δὲ
1414 2267 1602 2303 κρεμάμενος,
1619 2265 1684 2292 δέκα
1702 2265 1770 2296 τέως
1795 2265 1834 2290 δι-

210 2317 341 2343 incurvus
356 2323 464 2349 semper
484 2318 575 2341 manet
599 2313 689 2341 fronte
709 2313 826 2348 genibus
845 2312 936 2340 afﬁxa.
954 2313 995 2339 Ad

211 2363 283 2389 hunc
303 2370 352 2397 ego
368 2369 430 2389 cum
446 2361 596 2392 vertissent,
611 2360 714 2387 divinis
734 2359 886 2394 Evangeliis
906 2360 995 2387 inten-

210 2414 284 2443 tum,
302 2415 454 2444 magnoque
473 2407 564 2434 studio
581 2406 700 2434 fructum
721 2415 755 2434 ex
773 2407 816 2433 his
839 2410 994 2442 captantem

210 2455 312 2482 inveni.
334 2452 504 2487 interrogavi
527 2457 618 2480 autem
641 2460 718 2480 nova
745 2453 825 2480 istius
848 2460 995 2480 conversa—

211 2500 292 2528 tionis
303 2507 415 2527 causam
424 2499 531 2527 discere
545 2499 670 2535 cupiens.
680 2500 714 2526 At
728 2500 782 2532 ille,
795 2499 889 2526 Grmca
903 2499 994 2534 lingua

210 2545 395 2581 respondens,
414 2552 475 2572 nam
492 2549 572 2580 gente
591 2544 662 2573 Cilix
680 2549 738 2572 erat
755 2553 761 2571 :
781 2554 790 2570 (
812 2544 878 2579 Ego,
895 2544 993 2578 inquit,

210 2591 306 2619 multis
329 2595 445 2618 onustus
468 2591 600 2626 peccatis,
627 2594 654 2618 et
679 2591 822 2618 intentatis
852 2590 995 2625 suppliciis

212 2637 291 2665 iidem
308 2637 424 2669 habens,
445 2637 496 2665 hoc
512 2638 574 2665 vita:
593 2645 680 2672 genus
704 2636 869 2671 excogitavi,
893 2643 922 2662 ut
938 2645 994 2664 me-

210 2684 318 2711 diocres
334 2683 471 2711 cruciatus
492 2684 601 2718 corpori
621 2682 758 2718 inﬂigens,
778 2682 993 2717 impendentium

211 2729 319 2756 illorum
337 2729 497 2763 gravitatem
515 2729 655 2763 effugiam.
672 2727 819 2755 Gravio‘res
840 2728 913 2755 euitn
930 2729 938 2737 ‘
955 2727 994 2754 illi

210 2771 284 2808 sunt,
305 2783 358 2802 non
375 2775 527 2810 quantitate
546 2775 647 2806 solum,
670 2774 718 2801 sed
736 2774 794 2808 ipsa
809 2774 891 2800 etiam
908 2773 995 2808 quali-

209 2824 283 2853 tate;
313 2824 377 2848 sunt
399 2821 472 2848 enim
498 2820 688 2848 involuntarii.
714 2818 791 2852 Quod
810 2826 875 2846 vero
896 2823 995 2854 praeter

209 2866 375 2893 voluntatem
393 2865 433 2899 ﬁt,
446 2865 523 2893 valde
537 2865 665 2892 acerbum
680 2868 723 2892 est
737 2874 743 2890 :
755 2863 828 2899 quod
846 2868 936 2891 autem
953 2869 996 2891 est

209 2911 406 2945 voluntarium,
429 2911 552 2947 quamvis
582 2911 749 2939 laboriosum
771 2910 816 2943 sit,
839 2910 929 2937 minus
951 2914 994 2938 est

1048 2313 1171 2342 ετέλεσεν
1187 2313 1243 2347 ἔτη.
1266 2313 1349 2347 Σῶμα
1371 2313 1398 2339 δὲ
1423 2312 1551 2347 μέγιστον
1578 2312 1657 2346 ἔχων,
1685 2311 1747 2337 οὐδὲ
1767 2311 1835 2336 καῦ-

1047 2359 1147 2394 ήμενος
1162 2359 1292 2395 ἀνορθοῦν
1309 2359 1420 2385 δύναται
1435 2358 1480 2385 τὸν
1502 2357 1618 2393 αὐχένα·
1643 2356 1711 2384 ἀλλὰ
1735 2365 1834 2390 συγκε-

1047 2404 1140 2438 κυφὼς
1157 2405 1200 2431 ἀεὶ
1229 2405 1355 2438 κάθηται,
1380 2406 1435 2437 τοῖς
1452 2404 1546 2438 γόνασι
1569 2404 1782 2439 προσηλωμένον
1805 2404 1835 2430 τὸ

1047 2451 1192 2486 πρόσωπον
1212 2451 1292 2485 ἔχων.
1325 2451 1397 2486 Πρὸς
1421 2450 1514 2477 τοῦτον
1539 2450 1721 2485 ἀφικόμενος,
1758 2447 1835 2484 εὗρον

1046 2497 1126 2523 αὑτὸν
1141 2497 1194 2522 τῶν
1218 2497 1298 2523 θείων
1326 2496 1499 2531 Εὐαγγελίων
1521 2497 1570 2531 τὴν
1590 2496 1724 2530 ὠφέλειαν
1743 2496 1835 2522 συλλέ-

1046 2552 1138 2577 γοντα.
1164 2543 1286 2578 Ἧρόμην
1303 2543 1341 2574 δὲ,
1364 2543 1459 2577 μαθεῖν
1477 2543 1525 2578 τῆς
1546 2545 1643 2578 καινῆς
1659 2543 1767 2578 ἐκείνης
1785 2552 1833 2568 πο-

1046 2589 1147 2619 λιτείας
1155 2589 1203 2624 τὴν
1214 2590 1303 2616 αἰτίαν
1315 2589 1404 2616 ποθῶν
1412 2597 1418 2604 ·
1435 2591 1448 2616 ὁ
1459 2588 1487 2615 δὲ
1495 2591 1527 2624 τῇ
1546 2588 1650 2615 Ἐλλάδι
1661 2589 1835 2624 χρησάμενος

1047 2636 1123 2670 φωνῇ
1136 2643 1145 2650 ο
1168 2635 1246 2668 Κίλιξ
1267 2635 1320 2670 γὰρ
1343 2636 1373 2661 τὺ
1389 2635 1466 2669 γένος
1486 2635 1633 2670 ἐτύγχανεν
1653 2635 1708 2660 ὢν·
1724 2644 1734 2660 ‹
1752 2635 1834 2667 Ἐγὼ,

1046 2680 1115 2715 ἔφη,
1142 2681 1250 2712 πολλοῖς
1279 2681 1458 2715 ὑποκείμενος
1480 2680 1676 2716 ἁμαρτήμασι,
1699 2679 1747 2705 καὶ
1774 2680 1833 2709 ταῖς

1045 2725 1241 2760 ἠπειλημέναις
1255 2725 1401 2761 τιμωρίαις
1420 2724 1565 2756 πιστεύων,
1583 2724 1642 2750 τόδε
1663 2723 1710 2750 τοῦ
1726 2723 1783 2758 βίου
1805 2724 1833 2749 τὸ

1045 2769 1114 2802 εἶδος
1133 2771 1305 2805 ἑπινενόηχα,
1327 2771 1453 2802 κολάσεις
1477 2771 1589 2806 μετρίας
1606 2770 1644 2805 τῷ
1660 2770 1765 2804 σώματι
1782 2777 1834 2803 μνι-

1045 2816 1212 2851 χανώμενος,
1235 2817 1268 2843 ἶν’
1293 2817 1403 2843 ἐκείνων
1424 2817 1479 2843 τῶν
1507 2816 1739 2851 προσδοκωμένων
1764 2817 1832 2842 ὑπο-

1047 2863 1157 2898 συλήσω
1170 2864 1215 2889 τὸν
1232 2863 1324 2897 ὄγκον.
1342 2863 1536 2898 Χαλεπώτεραι
1549 2862 1605 2898 γὰρ
1626 2863 1738 2894 ἐκεῖναι,
1751 2862 1782 2888 οὐ
1798 2864 1830 2897 τῇ

1047 2910 1175 2944 ποσότητι
1192 2909 1280 2945 μόνον,
1307 2910 1374 2936 ἀλλὰ
1387 2909 1434 2938 καὶ
1458 2909 1525 2944 αὐτῇ
1543 2910 1574 2943 τῇ
1593 2908 1728 2943 ποιότητι·
1750 2907 1831 2934 ἀκού-
