2064 3120
272 169 339 203 H89

877 171 1079 204 RELIGlOSA
1101 170 1291 200 HISTORIA.

1826 167 1891 201 1ᾹέΙο

271 232 323 250 σιοι
340 223 401 259 γάρ.
417 223 453 250 Τὸ
469 223 496 250 δὲ
513 225 587 260 παρὰ
599 223 710 259 γνώμην
724 222 892 258 γιγνόμενον,
907 224 967 250 λίαν
979 225 1053 250 ἀνια-

1108 223 1261 249 molestum.
1276 222 1450 255 Spontaneus
1467 222 1539 250 enim
1556 222 1637 249 labor.
1648 225 1702 252 est,
1717 228 1771 248 non
1785 222 1889 248 violen-

271 268 335 304 ρόν·
354 268 385 294 τὸ
409 268 438 295 δὲ
462 268 622 301 ἐθελούσιον,
646 268 697 295 κᾶν
725 268 852 294 ἐπίπονον
873 265 954 303 ἧττόν
981 269 1054 294 ἔστιν

271 312 404 348 ἀλγεινόν.
423 313 587 349 Αὐθαίρετος
603 312 668 348 γὰρ,
685 312 744 339 ἀλλ’
762 313 793 340 οὐ
819 313 903 348 βίαιος
923 315 937 340 ὁ
963 314 1052 345 πόνος.

273 358 332 387 Ἵνα
343 359 443 391 τοίνυν,
461 359 523 394 ἔφη,
540 361 599 390 ταῖς
615 360 728 394 μικραῖς
745 358 857 391 ταύταις
874 360 961 391 ἁνίαις
976 360 1054 386 ἐλατ-

272 404 352 431 τὼσω
365 405 400 432 τὰ
417 404 640 441 προσδοκώμενα,
666 405 738 440 μέγα
763 405 886 432 ἐντεῦθεν
900 405 1005 434 ἀποίσω
1026 405 1056 432 τὸ

273 450 377 485 κέρδος.
393 460 401 475 ι
418 451 524 477 Τούτων
540 450 658 482 ἀκούσας
676 450 735 477 λίαν
755 450 837 477 αὐτὸν
850 451 900 485 τῆς
919 451 1056 486 ᾀγχινοίας

274 496 485 531 ὑπερηγάσθην·
510 496 550 522 ὅτι
566 496 595 522 οὐ
613 496 692 530 μόνον
714 496 784 532 ὑπὲρ
803 496 837 523 τὰ
857 496 969 530 κείμενα
985 497 1057 531 ἠγω-

273 541 361 573 νίζετο
387 541 547 577 σκάμματα,
563 543 610 568 καὶ
626 541 693 569 ἄλλα
713 542 818 568 οἴκοθεν
835 542 942 568 ὑπενόει
958 542 1058 576 ἀγωνί-

274 595 380 622 σματα·
401 586 459 613 ἀλλ’
475 588 516 614 ὅτι
532 587 579 613 καὶ
600 587 702 614 τούτων
716 587 766 618 τὰς
782 587 872 619 αἰτίας
887 588 1056 621 ὲπεγὶνωσκέ

272 641 313 665 τε,
334 633 380 659 καὶ
401 632 497 664 ἄλλους
515 633 648 660 ἐδίδασκε.
671 635 725 660 Καὶ
748 633 874 668 θαύματα
889 633 916 660 δὲ
938 633 982 660 διὰ
1009 634 1057 668 τῆς

273 679 367 705 τούτου
382 679 536 715 προσευχῆς
552 680 639 707 πολλὰ
658 680 780 715 γίνεσθαι
806 680 908 714 ἔφασαν
931 680 955 705 οἱ
980 681 1058 714 περί-

274 732 354 756 οικοι,
368 724 417 750 οὐκ
432 723 582 759 ἀνθρώπων
598 724 693 760 μόνον,
706 725 774 751 ἀλλὰ
790 724 837 752 καὶ
853 723 995 759 καμήλων,
1011 726 1058 751 καὶ

273 771 352 803 δνων,
373 771 420 798 καὶ
432 772 550 807 ἡμιόνων
564 771 711 808 θεραπείας
729 772 929 799 ἀπολαυόντων.
949 769 1057 798 Ἐντεῦ-

274 816 319 843 θεν
334 817 446 852 ἀσεϐείᾳ
461 818 545 846 πάλαι
557 819 738 854 κατεχόμενον
752 819 839 846 ἐκεῖνο
849 818 920 845 ἅπαν
930 817 960 844 τὸ
973 817 1057 848 ἔθνος,

273 866 322 900 τὴν
340 865 388 900 μὲν
415 865 545 900 πατρῴαν
565 865 702 900 ὲξαπάτην
726 865 849 901 ἠρνήθη,
870 864 917 891 τοῦ
943 864 1014 891 θείου
1030 863 1058 890 δὲ

1109 272 1164 296 tus.
1179 268 1257 301 Quod
1272 268 1294 294 si
1304 267 1407 302 parvis,
1418 267 1518 302 inquit,
1529 267 1759 297 liismolestiisea
1770 267 1888 293 minuam

1110 314 1218 350 1288
1240 321 1300 348 quae
1317 318 1522 348 exspectantur,
1537 321 1665 349 magnum
1685 313 1749 341 hinc
1769 315 1887 340 referam

1109 360 1225 387 lucrum.
1246 369 1254 384 ι
1275 359 1322 387 llis
1338 359 1450 392 auditis,
1473 360 1614 387 solertiam
1635 359 1696 394 ejus
1717 360 1893 387 vehementer

1110 405 1261 432 admiratus
1281 412 1353 436 sunt.
1373 404 1447 439 quod
1471 411 1524 431 non
1543 404 1632 432 solum
1652 404 1723 432 ultra
1744 404 1892 432 constituta

1111 456 1261 480 scammata
1285 451 1450 481 decertaret.
1477 450 1586 486 aliaque
1607 450 1641 477 de
1668 458 1718 478 suo
1743 450 1893 477 certamina

1110 498 1280 532 excogitaret
1293 507 1298 524 :
1311 497 1358 525 sed
1375 496 1447 532 quod
1461 496 1558 523 horum
1572 503 1670 524 causas
1683 500 1709 524 et
1722 496 1780 530 ipse
1790 501 1892 526 nosset,

1111 547 1138 570 et
1160 543 1230 570 alios
1247 543 1369 570 doceret.
1400 542 1530 577 )liracula
1558 537 1641 577 porro
1661 541 1742 576 hujus
1768 541 1894 576 precibus

1111 589 1195 616 multa
1208 589 1266 616 licri
1283 594 1365 616 testes
1377 592 1444 615 sunt
1457 588 1549 620 ricini,
1563 595 1618 616 non
1633 586 1791 614 hominibus
1801 587 1893 618 modo,

1112 643 1206 662 verum
1219 635 1301 662 etiam
1318 635 1444 666 camelis,
1462 638 1489 661 et
1510 633 1607 667 asinis,
1629 637 1656 661 et
1675 633 1758 660 mulis
1772 633 1894 659 curatio—

1112 688 1176 707 num
1199 680 1320 707 remedia
1340 680 1567 715 percipientibus.
1585 680 1656 707 Hinc
1675 682 1733 706 tota
1755 687 1820 714 gens
1836 679 1894 711 illa,

1111 732 1173 752 eum
1197 725 1335 759 impietate
1349 725 1414 752 olim
1432 725 1579 757 laboraret,
1600 728 1742 760 paternam
1758 724 1895 760 deceptio-

1112 779 1172 797 nem
1190 771 1336 804 abdicavit,
1368 772 1508 806 divinique
1532 771 1645 799 luminis
1667 770 1814 806 splendore
1835 771 1896 797 illu-

1112 819 1198 843 strata
1214 820 1267 843 est.
1280 815 1381 843 Horum
1398 815 1483 844 fretus
1494 816 1607 848 auxilio,
1619 816 1772 843 daemonum
1788 822 1896 850 quoque

1111 861 1256 889 delubrum
1283 861 1391 894 evertit,
1417 866 1442 889 et
1465 862 1595 897 templum
1625 861 1774 889 maximum
1800 860 1896 887 trium-

276 910 364 944 φωτὸς
380 910 429 946 τὴν
443 911 540 946 αἴγλην
554 911 671 943 ἐδέξατο.
683 910 794 943 Τούτοις
805 910 944 945 χρώμενος
959 909 1057 944 ὑπουρ-

1113 907 1264 943 phautibus
1286 908 1452 942 martyribus
1482 907 1580 939 erexit,
1605 907 1659 935 diis
1688 906 1765 934 falsis
1788 906 1896 934 divinos

273 958 342 991 γοῖς,
362 957 409 983 καὶ
429 957 460 983 τὸ
484 957 537 983 τῶν
559 957 693 992 δαιμόνων
713 957 846 983 κατέλυσε
872 955 996 991 τέμενος,
1015 955 1062 982 καὶ

274 1002 357 1036 σηκὸν
379 1002 506 1037 μέγιστον
523 1004 578 1034 τοῖς
599 1002 763 1034 καλλινίκοις
786 1003 915 1038 ἀνήγειρε
933 1001 1061 1037 μάρτυσι,

272 1049 329 1079 τοῖς
355 1047 541 1083 ψευδωνύμοις
568 1048 639 1080 θεοῖς
661 1049 723 1081 τοὺς
743 1048 831 1080 θείους
857 1048 1000 1080 ἀντιτάξας
1020 1056 1063 1074 νε-

275 1092 367 1129 κρούς.
382 1093 449 1126 Ταῖς
473 1094 501 1120 δὲ
523 1093 624 1121 τούτων
642 1095 683 1130 εἴη
709 1094 887 1130 πρεσϐείαις,
904 1094 949 1120 καὶ
968 1093 1062 1120 τοῦτον

274 1137 343 1171 μετὰ
357 1139 406 1174 τῆς
422 1138 508 1173 αὐτῆς
521 1139 599 1175 νίκης
620 1139 675 1166 τῶν
694 1140 807 1174 ἀγώνων
827 1139 857 1166 τὺ
870 1139 960 1175 τέρμα
981 1147 1063 1166 κατα-

1113 958 1237 982 mortuos
1255 957 1406 989 oppOnens.
1423 953 1545 987 Quorum
1560 954 1667 981 utinam
1689 952 1895 981 intercessioni-

1112 1001 1164 1029 bus
1191 1000 1345 1036 contingat,
1369 1005 1396 1028 et
1422 1001 1495 1028 hunc
1527 1001 1560 1028 ad
1588 1001 1767 1029 certaminum
1796 1005 1894 1027 metam

1112 1047 1206 1075 eadem
1222 1055 1284 1074 eum
1298 1047 1415 1074 victoria
1433 1047 1588 1082 pervenire,
1603 1050 1631 1074 et
1648 1055 1698 1074 nos
1714 1046 1803 1074 abhis
1818 1050 1845 1072 et
1861 1045 1896 1072 ab

1113 1092 1159 1120 illo
1180 1093 1301 1128 adjutos,
1324 1093 1424 1120 divina:
1450 1093 1629 1129 philosophia:
1652 1093 1832 1121 certaminum
1851 1099 1894 1118 [ιτα

1112 1137 1210 1166 dentes
1224 1138 1292 1166 ellici
1310 1142 1457 1166 amatores.

271 1185 373 1218 λαϐεῖν,
388 1187 434 1214 καὶ
444 1187 516 1223 ἡμᾶς
527 1187 580 1214 ὑπὸ
590 1187 691 1215 τούτων
706 1188 834 1216 κάκείνου
846 1187 1053 1225 βοηθουμένους,
1073 1186 1190 1222 ἐραστὰς
1207 1187 1334 1222 γενέσθαι
1351 1187 1468 1224 θερμοὺς
1482 1186 1536 1214 τῶν
1552 1187 1599 1222 τῆς
1630 1186 1786 1222 φιλοσοφίας
1823 1185 1896 1219 ἀγω-

274 1231 420 1264 νισμάτων.
440 1232 536 1268 Ἀμήν.

442 1277 506 1306 KO'.
518 1279 704 1307 -ΜΑΡΑΝΔ
717 1279 764 1307 καὶ
778 1280 882 1308 ΚΥΡΑ.

307 1322 368 1350 Τῶν
389 1323 507 1359 ἀρίστων
530 1325 634 1361 ἀνδρῶν
656 1325 705 1362 τὴν
732 1326 870 1354 πολιτείαν
886 1325 1056 1362 συγγράψας,

273 1367 409 1402 προῦργον
421 1368 523 1403 νομίζω
537 1369 583 1396 καὶ
594 1369 731 1403 γυναικῶν
744 1370 819 1397 οὐδὲν
830 1368 911 1407 ἦττον
922 1371 945 1397 εί
960 1370 996 1406 μὴ
1012 1370 1059 1397 κα)⁸

274 1413 372 1450 μᾶλλον
384 1414 577 1450 ἠγωνισμένων
592 1416 802 1453 ἐπιμνησθῆναι.
819 1412 903 1443 Abeat
914 1416 966 1451 γὰρ
980 1416 1059 1452 εὐφη-

273 1459 338 1494 μίας
352 1460 472 1495 μείζονός
487 1462 555 1488 είσιν
571 1461 727 1498 ἀξιώτεραι,
746 1462 826 1498 φύσιν
839 1463 888 1499 μὲν
899 1463 1058 1490 ἀσθενεστέ-

273 1514 322 1540 ραν
337 1506 477 1541 λαχοῦσαι,
488 1507 537 1543 τὴν
550 1507 634 1543 αὐτὴν
649 1508 677 1534 δὲ
697 1510 753 1541 τοῖς
773 1508 883 1544 ἀνδράσι
904 1508 1057 1544 προθυμίαν

271 1550 501 1585 ἐπιδεικνύμεναι,
516 1552 624 1588 καὶτῆς
639 1554 804 1589 προγονικῆς
819 1553 947 1589 αἰσχύνης
966 1553 996 1580 τὸ
1009 1553 1055 1588 γέ-

271 1605 316 1627 νος
337 1596 536 1633 ὲλευθεροῦσαι.
561 1587 702 1634 Μαράναςν
719 1599 747 1626 δὲ
764 1587 810 1626 καὶ
831 1587 987 1633 Κύραςηὲπὶ
1011 1599 1057 1627 τοῦ
1073 1587 1094 1617 C

271 1642 405 1678 παρόντος
421 1643 621 1680 μνησθήσομαι,
646 1646 674 1672 αἳ
692 1645 740 1678 τὰς
768 1646 850 1678 ἄλλας
876 1647 984 1679 ἁπάσας
1002 1648 1058 1679 τοῖς

270 1687 320 1721 τῆς
340 1688 486 1723 καρτερίας
512 1690 686 1725 νενικήκασιν
705 1691 804 1723 ἄθλοις.
821 1691 939 1724 Ταύταις
958 1692 1058 1728 πατρὶς

273 1733 322 1766 μὲν
340 1734 355 1768 ἡ
373 1733 501 1770 Βέρροια,
519 1735 597 1769 γένος
608 1736 636 1762 δὲ
652 1736 682 1762 τὸ
699 1737 748 1772 τῆς
773 1737 899 1772 πατρίδος
912 1737 1056 1773 ἐπίσημον,

270 1779 357 1814 τροφὴ
370 1779 398 1805 δὲ
413 1779 452 1814 τῷ
469 1780 541 1814 γένει
554 1781 741 1816 συμϐαίνουσα
753 1790 760 1797 ⁶
776 1782 845 1810 ἀλλὰ
859 1782 959 1810 τούτων
971 1784 1057 1810 ἁπάν-

270 1833 324 1851 των
339 1825 524 1860 ὑπεριδοῦσαι,
543 1828 589 1854 καὶ
610 1827 696 1863 βραχύ
714 1836 739 1854 τι
753 1828 805 1864 πρὸ
824 1828 870 1855 τοῦ
886 1829 990 1861 ἄστεως
1005 1839 1058 1864 χω-

274 1870 329 1905 ρίον
342 1871 547 1906 περιϐαλοῦσαι,
563 1872 611 1898 καὶ
622 1872 686 1899 εἴσω
698 1872 791 1899 τούτου
809 1873 964 1908 γενόμεναι,
979 1873 1057 1909 πηλῷ

272 1917 320 1943 καὶ
332 1916 414 1949 λίθοις
433 1917 481 1953 τὴν
493 1917 579 1952 θύραν
595 1918 815 1953 ἀνῳκοδόμησαν.
837 1919 1006 1954 Κοινωνῆσαι
1029 1919 1056 1946 δὲ

271 1963 366 1994 αὑταῖς
385 1962 461 1989 τοῦδε
471 1963 518 1990 τοῦ
540 1963 599 1999 βίον
614 1964 662 1996 τὰς
683 1963 849 1999 θεραπαίνας
871 1964 1056 2000 προθυμηθείη

272 2015 331 2039 σας,
345 2006 398 2039 ἔξω
420 2007 497 2034 τοῦδε
527 2008 573 2034 τοῦ
595 2008 739 2044 περιϐόλου
757 2009 873 2044 σμικρὸν
895 2009 1056 2045 δειμάμεναι

271 2052 452 2088 καταγώγιον,
468 2054 497 2081 ὲν
511 2054 606 2091 ἐκείνῳ
625 2055 728 2090 διάγειν
746 2055 902 2084 ἐκέλευσαν,
921 2056 1056 2094 Ἑφορῶσι

269 2099 299 2125 δὲ
313 2096 391 2126 αὗται
403 2099 447 2129 διὰ
471 2101 590 2137 σμικρᾶς
603 2110 675 2133 τινος
696 2101 801 2137 θυρίδος
821 2103 856 2129 τὰ
875 2102 920 2128 ὑπ’
945 2102 1057 2130 ἐκείνων

271 2145 414 2180 γινόμενα·
428 2147 474 2173 καὶ
485 2146 524 2179 εἷς
539 2156 568 2173 τε
583 2147 738 2183 προσευχὴν
751 2147 826 2184 θαμὰ
837 2148 996 2181 διανιστᾶσι,
1011 2149 1056 2175 καὶ

270 2191 309 2221 είς
323 2191 367 2217 τὸν
381 2191 450 2218 θεῖον
461 2191 550 2227 ἔρωτα
567 2192 759 2227 πυρπολοῦσιν.
783 2189 868 2220 Αὗται
888 2193 916 2219 δὲ
941 2193 1002 2221 οὔτε
1017 2191 1056 2220 οἷ-

271 2245 329 2270 κον,
340 2237 402 2264 οὕτε
417 2238 536 2273 καλύὸην
553 2238 672 2274 ἔχουσαι,
683 2239 729 2265 τὸν
744 2238 876 2274 ὕπαιθρον
888 2240 1056 2271 ἀσπάζονται

272 2282 338 2316 βίον.
365 2283 437 2310 ’Δντὶ
447 2283 475 2309 δὲ
489 2283 584 2319 θύρας,
602 2283 715 2319 βραχεῖὰ
729 2293 770 2315 τις
785 2284 879 2316 αὐταῖς
897 2284 974 2319 θυρὶς
992 2293 1056 2315 κατ-

270 2329 444 2363 εσκεύασται,
460 2330 494 2356 δι’
513 2328 546 2366 ἧς
563 2331 611 2365 τήν
624 2339 652 2356 τε
674 2331 826 2365 ἀναγκαίαν
842 2331 944 2366 τροφὴν
967 2332 1054 2358 εἰσδέ-

270 2383 373 2410 χονται,
389 2376 434 2402 καὶ
451 2377 510 2407 ταῖς
527 2376 594 2411 πρὸς
608 2376 693 2408 αὑτὰς
708 2377 917 2412 ἀφικνουμέναις
932 2377 1055 2413 προσδια-

270 2420 393 2454 λέγονται
410 2420 540 2455 γυναιξίν.
553 2422 598 2453 Ei;
610 2421 637 2448 δὲ
652 2423 753 2456 ταύτην
772 2421 886 2457 ὥρισται
900 2422 948 2457 τὴν
963 2431 1055 2449 συνου-

272 2467 332 2493 σίαν
344 2467 393 2502 τῆς
411 2468 599 2502 Πεντηκοστῆς
614 2468 626 2494 ὁ
647 2468 740 2504 καιρός
752 2476 759 2482 ·
775 2468 845 2495 κατὰ
857 2469 909 2503 γὰρ
922 2468 966 2494 τὸν
978 2468 1056 2495 ἄλλον

270 2513 365 2548 χρόνον
381 2513 425 2539 τὸν
442 2513 552 2548 ἡσύχιον
568 2514 733 2544 ἀσπάζονται
759 2513 823 2549 βίον.
849 2514 881 2540 Ἦ
900 2514 1017 2549 Μαράνα
1028 2514 1056 2540 δὲ

271 2560 338 2594 μόνη
353 2560 412 2591 ταῖς
425 2559 637 2595 ἀφικνουμέναις
648 2560 799 2594 διαλέγεται
811 2569 817 2576 ·
829 2561 877 2597 τῆς
893 2560 946 2596 γὰρ
961 2559 1055 2596 ἑτέρας

270 2604 355 2635 οὐδεὶς
373 2605 474 2640 ἀκήκοε
496 2605 603 2632 πώποτε
619 2605 825 2641 ᾳθεγξαμένης,’
850 2605 1054 2641 σιδηροφοροῦσι

270 2650 307 2681 δὲ,
322 2651 367 2676 καὶ
379 2651 503 2677 τοσοῦτον
529 2651 641 2686 φέρουσι
664 2651 782 2687 φορτίον,
810 2651 849 2682 ὡς
871 2651 919 2686 τὴν
950 2651 1053 2688 Κύραν,

271 2696 462 2732 ἀσθενέστερον
477 2697 555 2732 σῶμα
569 2697 713 2733 λαχοῦσαν,
731 2697 810 2733 μέχρι
832 2698 881 2734 τῆς
897 2698 947 2736 γῆς
971 2706 1054 2724 κατοι-

272 2743 454 2778 κέιμπτεσθαι,
468 2744 513 2770 καὶ
527 2745 656 2779 ἀνορθοῦν
666 2744 696 2770 τὸ
712 2745 789 2780 σῶμα
800 2745 899 2780 ἥκιστα
915 2744 1053 2772 δύνασθαι.

271 2788 311 2815 Τὰ
329 2788 357 2814 δὲ
373 2790 528 2823 περιϐόλαια
547 2790 662 2826 μέγιστα
682 2790 787 2825 ἔχουσιν
799 2811 807 2824 ,
822 2790 858 2822 ὡς
879 2790 995 2820 ὄπισθεν,
1007 2791 1055 2826 μὲν

273 2835 468 2869 ἀποσύρεσθαι,
494 2836 541 2862 καὶ
561 2836 681 2872 ἀκριϐῶς
697 2836 895 2871 συγκαλύπτειν
918 2836 956 2863 τὼ
971 2836 1034 2863 πόδε
1047 2845 1053 2852 ’

273 2879 423 2918 ἔμπροσθεν
436 2881 462 2908 δὲ
478 2882 572 2918 μέχρις
584 2883 668 2919 αὐτῆς
682 2884 728 2920 τῆς
748 2883 835 2919 ζώνης
855 2883 1004 2917 καθίῖσθαῑ,
1026 2884 1055 2910 τὸ

1270 1277 1366 1305 XXIX.
1385 1293 1414 1298 —
1424 1277 1568 1305 MARANA
1589 1281 1616 1305 et
1628 1277 1731 1306 CYltA.

1143 1322 1337 1351 Prastantium
1365 1323 1488 1352 virorum
1504 1323 1713 1351 conversatione
1738 1323 1875 1358 descripta
1888 1343 1895 1355 ,

1109 1376 1200 1404 operae
1214 1369 1332 1405 pretium
1344 1369 1473 1397 existimo
1489 1369 1605 1397 feminas
1629 1369 1711 1399 etiam
1728 1376 1898 1397 commemo-

1110 1422 1181 1448 rare,
1199 1423 1314 1451 quarum
1328 1415 1414 1443 nihilo
1440 1415 1559 1448 minora,
1594 1415 1642 1444 sed
1672 1415 1775 1451 majora
1807 1416 1897 1451 potius

1111 1463 1259 1491 certamina
1270 1462 1391 1490 fuerunt.
1405 1462 1450 1490 lite
1464 1470 1580 1498 namque
1593 1462 1690 1498 majori
1704 1463 1782 1490 laude
1793 1462 1896 1497 dignio—

1111 1516 1155 1536 res
1172 1512 1248 1540 sunt,
1273 1516 1333 1543 quae
1353 1508 1529 1535 infirmiorem
1560 1512 1685 1536 naturam
1710 1517 1772 1536 cum
1795 1510 1897 1536 sortitae

1115 1554 1180 1587 sint,
1194 1553 1316 1581 eamdem
1334 1561 1396 1581 cum
1410 1554 1473 1581 viris
1490 1553 1574 1580 animi
1589 1554 1756 1581 alacritatem
1769 1554 1896 1582 ostende-

1111 1604 1185 1633 runt,
1204 1607 1345 1635 genusque
1361 1608 1441 1632 suum
1462 1599 1497 1628 ab
1518 1599 1591 1627 avito
1613 1599 1746 1628 dedecore
1774 1601 1897 1627 vindica-

1110 1649 1183 1672 runt.
1198 1645 1314 1673 Maranae
1328 1651 1418 1674 autem
1434 1650 1461 1673 et
1474 1646 1552 1682 Cyrae
1563 1646 1591 1674 in
1601 1654 1722 1682 praesens
1733 1647 1895 1673 mentionem

1110 1691 1220 1722 faciam1
1236 1700 1296 1726 qua:
1311 1693 1465 1720 tolerantia:
1494 1692 1690 1719 certaminibus
1706 1692 1814 1727 1289
1829 1692 1896 1719 alias

1109 1745 1204 1765 omnes
1230 1737 1330 1766 vicere.
1363 1737 1411 1765 llis
1428 1737 1515 1772 patria
1532 1737 1642 1772 quidem
1672 1741 1714 1764 est
1742 1736 1893 1763 Berrlima:

1108 1790 1193 1818 genus
1207 1786 1297 1810 autem
1316 1783 1342 1809 in
1359 1783 1447 1817 patria
1464 1782 1583 1813 illustre,
1600 1786 1628 1809 et
1654 1781 1779 1809 educatio
1804 1782 1895 1817 generi

1109 1829 1289 1858 conveniens.
1311 1827 1364 1857 Sed
1391 1829 1439 1856 his.
1461 1828 1591 1856 omnibus
1627 1828 1803 1863 contemptis,
1832 1836 1894 1854 cum

1108 1874 1236 1909 exiguum
1247 1873 1392 1909 quemdam
1413 1874 1503 1901 locum
1524 1878 1587 1902 ante
1603 1874 1698 1902 urhem
1724 1874 1895 1909 circumspc-

1107 1919 1223 1951 xissent,
1240 1920 1266 1946 in
1286 1927 1404 1954 eumque
1419 1919 1579 1952 intrassent,
1612 1919 1681 1947 luto,
1699 1927 1731 1947 ac
1759 1919 1897 1954 lapidibus

1106 1965 1217 2000 ianuam
1231 1964 1405 1992 obstruere.
1417 1963 1547 1992 Famulas
1566 1967 1671 1997 autem,
1680 1965 1689 1975 ‘
1699 1972 1761 2000 qua:
1772 1964 1895 2000 ejusdem

1108 2012 1170 2038 vita:
1188 2011 1338 2045 participes
1362 2011 1420 2037 fieri
1448 2010 1588 2043 volebant,
1609 2014 1689 2040 extra
1711 2011 1762 2038 hoc
1787 2015 1895 2046 septum

1108 2064 1191 2091 parvo
1221 2061 1326 2086 structo
1342 2056 1511 2088 habitaculo,
1536 2057 1563 2087 in
1582 2065 1615 2084 eo
1629 2057 1726 2092 degere
1739 2057 1891 2092 jusserunt.

1107 2102 1279 2132 Contuentur
1295 2105 1384 2128 autem
1405 2101 1470 2136 ipsa:
1483 2108 1531 2135 per
1548 2101 1715 2130 fencstellam
1729 2110 1790 2137 quae
1808 2104 1841 2129 ab
1854 2103 1897 2130 cis

1107 2151 1249 2182 geruntur,
1271 2153 1373 2181 easque
1384 2146 1417 2175 ad
1433 2146 1583 2175 orationem
1596 2145 1752 2182 frequenter
1764 2148 1893 2180 excitant,

1107 2199 1134 2221 et
1152 2193 1185 2220 ad
1201 2192 1324 2220 divinum
1342 2200 1462 2219 antorem
1477 2192 1638 2221 incendunt.
1665 2193 1736 2228 Ipsa
1752 2201 1817 2221 vero
1843 2202 1894 2221 nec

1075 2253 1094 2279 η
1109 2240 1230 2272 domum,
1247 2247 1297 2267 nec
1312 2239 1451 2274 tugurium
1479 2238 1622 2271 habentes,
1654 2239 1705 2266 sub
1740 2240 1786 2266 dio
1809 2239 1891 2266 vitam

1107 2286 1222 2315 ducunt.
1236 2285 1269 2313 Et
1293 2285 1385 2320 janure
1410 2284 1471 2311 loco
1499 2292 1584 2319 parva
1613 2284 1735 2319 quzedam
1769 2285 1886 2312 fenestra

1107 2332 1178 2363 facta
1191 2337 1243 2366 est,
1262 2339 1310 2367 per
1325 2339 1406 2367 quam
1421 2336 1448 2359 et
1475 2332 1579 2360 victum
1606 2331 1791 2359 necessarium
1822 2331 1893 2358 acci-

1107 2379 1196 2414 piunt,
1212 2382 1239 2406 et
1254 2386 1317 2405 cum
1334 2378 1443 2406 feminis
1460 2386 1520 2413 qua).
1531 2378 1564 2405 ad
1586 2385 1632 2406 eas
1662 2377 1776 2405 veniunt
1803 2378 1890 2404 collu-

1107 2431 1239 2461 quuntur.
1256 2425 1295 2452 Ad
1312 2432 1476 2460 congressus
1493 2423 1747 2459 autemliujusmodi
1762 2424 1891 2458 designa-

1108 2476 1164 2499 tum
1181 2475 1223 2499 est
1239 2476 1345 2506 tempus
1355 2470 1533 2499 Pentecostes
1548 2471 1627 2500 :aliis
1642 2471 1713 2498 enim
1722 2470 1892 2504 temporibus

1107 2516 1245 2543 silentium
1255 2516 1414 2543 observant.
1426 2515 1533 2543 Marana
1547 2523 1629 2551 porro
1644 2523 1706 2542 cum
1719 2515 1891 2543 adventanti-
1935 2531 1938 2540 ν

1106 2561 1157 2589 bus
1171 2561 1228 2589 sola
1239 2561 1360 2598 loquitur
1369 2570 1375 2587 :
1384 2560 1498 2588 alterum
1512 2569 1576 2589 vero
1589 2561 1743 2595 loquentem
1754 2568 1833 2588 nemo
1842 2568 1893 2586 uu-

1106 2614 1189 2642 quam
1221 2607 1334 2635 audivit.
1353 2606 1466 2634 Ferrum
1492 2611 1609 2644 gestant,
1634 2610 1794 2642 tantumque
1821 2615 1892 2634 onus

1108 2653 1208 2685 ferunt,
1219 2652 1336 2688 utCyra,
1348 2661 1408 2688 qua:
1424 2653 1601 2681 imbecilliore
1614 2657 1655 2681 est
1668 2661 1793 2688 corpore,
1806 2660 1891 2687 usque

1107 2699 1140 2727 ad
1161 2704 1260 2727 terram
1280 2699 1448 2732 incurvetur,
1461 2704 1488 2726 et
1500 2706 1601 2733 corpus
1615 2698 1720 2734 erigere
1736 2698 1891 2725 nullatenus

1108 2745 1204 2781 possit.
1223 2745 1347 2773 Amictus
1363 2745 1462 2772 habent
1478 2745 1633 2780 perlongos,
1656 2745 1693 2772 ita
1722 2748 1752 2771 ut
1776 2752 1791 2770 a
1815 2748 1891 2778 tergo

1109 2792 1263 2824 trahantur,
1280 2795 1307 2818 et
1324 2790 1405 2825 pedes
1421 2798 1534 2825 prorsus
1549 2793 1651 2825 legant,
1678 2789 1801 2816 anterius
1827 2797 1890 2815 vero

1109 2844 1196 2872 usque
1207 2836 1239 2864 ad
1251 2844 1347 2866 ιοιιιιιιι
1359 2836 1632 2872 ipsamdescendunt,
1643 2836 1737 2863 facient
1747 2840 1770 2863 et
1780 2835 1895 2868 collum,

1108 2888 1132 2912 et
1152 2888 1272 2920 pectora,
1299 2887 1324 2911 et
1355 2891 1451 2910 humus
1488 2883 1597 2918 penitus
1627 2882 1807 2910 occultantes.
1837 2881 1894 2914 HM,
