2064 3120
208 198 280 231 11193

813 196 1017 228 RELIGIOSA
1038 196 1231 228 HISTORIA.

1756 196 1824 230 1494

205 255 266 286 λους
283 252 485 281 ὲκδιδάσκουσα.
500 253 599 280 Τούτου
618 255 709 280 εἵνεκα
731 254 777 281 καὶ
792 254 890 290 πολλῆς
906 254 985 281 αὑτὸν
1000 278 1002 284 ,

1052 253 1124 282 ribus
1144 255 1323 290 persuadens,
1339 257 1369 281 ut
1380 254 1523 283 facultates
1546 262 1611 283 luas
1628 255 1656 283 in
1681 255 1748 284 Illud
1773 257 1824 284 im-

205 299 363 335 ἐπιμελείας
387 299 502 334 ἠξίωσε,
523 299 572 334 τὴν
593 299 698 335 μητέρα
713 299 841 332 πείσασα,
866 300 912 326 καὶ
925 299 987 330 τοὺς

206 344 346 378 ἀδελφοὺς,
365 344 404 374 εἰς
421 343 514 370 τοῦτον
532 343 685 379 δαπανῆσαι
701 343 735 370 τὰ
754 343 828 371 ὄντα.
843 343 950 380 Τροφὴν
965 344 987 370 δ’

205 390 260 424 ἔχει
288 388 332 414 τὸν
360 389 446 423 φακὸν
466 389 685 425 ἀποὸρεχάμενον
712 389 796 417 ὕδατι.
823 390 878 416 Καὶ
895 389 988 417 τοῦτον

205 435 312 461 ἅπαντα
331 435 462 470 ὑπομένει
476 435 521 462 τὸν
536 435 632 468 πόνον,
654 435 760 471 σώματι
780 436 990 472 κατεσκηλιτευ-

208 481 280 516 μένῳ
299 481 346 507 καὶ
357 481 466 516 ἡμιθνεῖ
480 481 620 517 χρωμένη.
635 482 803 509 Λεπτότατον
818 482 872 518 γὰρ
886 483 915 508 τὸ
931 482 990 517 δέρ-

208 539 254 564 μα,
275 530 321 556 καὶ
336 530 498 564 ύμενοειδὲς,
515 531 623 562 λεπτοῖς
637 532 693 562 τοῖς
709 530 812 562 ὀστέοις
826 530 989 565 περίκειται.

206 575 253 600 καὶ
265 574 381 610 πιμελῆς
396 575 442 601 καὶ
457 575 565 610 σαρκῶν
582 575 634 601 ὑπὸ
653 575 707 602 τῶν
721 575 809 601 πόνων
823 574 992 609 δαπανηθέν-

206 628 270 646 των.
288 621 432 656 Πρόκειται
443 620 471 647 δὲ
484 621 550 648 πᾶσι
566 622 621 653 τοῖς
635 621 699 656 ὸρᾷν
713 620 797 655 αὐτὴν
811 620 991 655 βουλομένοις,

207 666 253 693 καὶ
268 666 392 701 ἀνδράσι,
408 667 455 693 καὶ
481 667 614 700 γυναιξὶν,
639 666 700 694 οὔτε
719 666 811 701 ὁρῶσα
836 666 992 700 πρόσωπον,

206 712 268 739 οὔτε
279 713 363 747 ἑτέρῳ
378 712 536 748 προτιθείσα
549 712 710 746 πρόσωπον·
726 711 782 739 ἀλλ’
807 711 927 746 ἀκριϐῶς
946 710 994 745 μὲν

208 758 247 793 τῷ
265 758 429 794 περιϐολαίῳ
444 757 648 793 καλυπτομένη,
664 757 744 794 μέχρι
756 765 786 783 τε
803 757 857 783 τῶν
874 756 995 790 γονάτων

210 804 472 839 κατακαμπτομένη.
489 804 582 830 Λεπτα
598 803 626 830 δὲ
642 803 700 829 λίαν
715 802 763 828 καὶ
777 802 870 836 ἄσημα
882 801 996 836 φθεγγο-

211 849 289 884 μένη,
311 849 380 884 μετὰ
394 849 517 885 δακρύων
534 849 562 876 δὲ
579 848 670 876 ἁεὶτὰ
689 848 823 883 λεγόμενα
842 846 996 882 προφέρου-

210 904 253 923 σα.
275 894 404 927 Πολλάκις
416 895 470 930 γάρ
487 904 536 930 μου
555 894 673 921 λαϐοῦσα
688 894 736 929 τὴν
756 893 855 927 δεξιὰν,
877 893 924 919 καὶ
940 893 997 924 τοῖς

1039 300 1196 334 penderem.
1210 300 1294 327 Cibus
1304 307 1386 336 porro
1401 300 1489 329 illiest
1502 301 1562 329 lens
1574 309 1646 336 aqua
1658 301 1820 329 madefacta.

1040 345 1227 381 Laboremque
1244 346 1316 373 hunc
1333 350 1422 373 totum
1435 346 1564 380 sustinet,
1582 354 1643 374 cum
1661 355 1777 383 corpore
1787 347 1823 375 sit

1039 391 1182 424 exhausto,
1195 399 1226 419 ac
1242 392 1432 420 semimortua.
1450 391 1626 420 Tenuissima
1648 394 1721 421 enim
1738 394 1822 425 cutis,
1851 391 1859 394 ”

1039 441 1066 463 et
1081 437 1244 465 membrana:
1273 437 1384 469 similis,
1410 437 1524 465 tenuia‘
1549 445 1614 466 ossa
1640 439 1823 473 eircumtegit,

1041 483 1121 518 adipe
1138 491 1276 518 carneque
1292 490 1338 518 per
1352 483 1459 511 labores
1488 483 1669 518 consumptis.
1697 485 1822 511 Omnium

1041 532 1132 555 autem
1153 528 1241 555 oculis
1258 528 1382 563 exposita
1411 531 1454 556 est
1484 529 1531 563 qui
1562 528 1722 563 conspicere
1749 529 1823 556 illam

1042 574 1147 606 volunt,
1166 579 1222 601 tum
1238 574 1314 606 viris,
1331 578 1387 602 tum
1402 574 1521 607 feminis,
1547 581 1598 601 nee
1618 573 1713 600 faciem
1741 575 1825 601 ullius

1043 620 1180 654 aspiciens
1192 621 1262 655 ipsa,
1271 628 1322 648 nec
1335 619 1429 648 faciem
1443 620 1489 648 ulli
1499 619 1674 655 spectandam
1684 619 1824 655 prtebeus:

1043 667 1091 693 sed
1110 667 1210 693 amictu
1223 667 1333 701 penitus
1348 669 1473 694 contecta
1486 687 1493 699 ,
1511 670 1538 694 et
1561 665 1598 693 ad
1624 673 1712 701 genua
1740 674 1826 701 usque

1045 712 1287 740 incurvataaExili
1301 716 1391 741 autem
1421 712 1567 740 admodum
1593 720 1661 740 voce
1688 719 1738 739 nec
1761 713 1828 740 satis

1044 765 1176 792 expressa
1191 759 1318 793 loquens,
1336 766 1399 786 cum
1414 758 1544 794 lacrymis
1556 765 1665 793 semper
1695 758 1827 793 loquitur.

1047 803 1123 839 Smpe
1135 804 1207 831 enim
1223 804 1360 832 dexteram
1377 812 1464 832 meam
1486 804 1668 840 prehendens,
1691 807 1719 830 et
1741 802 1830 830 oculis

1046 849 1106 876 suis
1120 849 1278 880 adnuerens,
1294 849 1334 876 sic
1346 849 1527 877 madefactam
1539 848 1656 881 dimisit,
1687 851 1717 875 ut
1740 848 1831 883 lacry-

1048 902 1107 922 mas
1117 902 1214 922 manus
1232 895 1290 929 ipsa
1303 895 1430 922 stillaret.
1452 894 1518 922 Eam
1545 894 1638 929 igitur,
1656 901 1717 928 qua:
1746 894 1830 920 tantis

209 941 356 976 ὀφθαλμοῖς
373 941 507 973 ἐπιθεῖσα,
523 941 594 967 οὕτω
607 940 751 976 διάϐροχον
767 938 917 974 γενομένην
927 938 997 973 ἀφῆ-

1052 939 1298 974 abundansopibus
1322 939 1511 974 philosophiae,
1543 940 1656 974 perinde
1680 944 1709 966 ut
1735 939 1780 973 qui
1803 940 1830 966 in

209 994 267 1020 κεν,
282 986 319 1017 ὡς
335 986 418 1021 αύτὴν
433 986 583 1019 ἀποστάξαι
598 986 646 1021 τὴν
659 987 736 1021 χεῖρα
746 984 775 1012 τὸ
789 986 915 1020 δάκρυον.
941 983 997 1019 Τὴν

209 1031 255 1060 οὖν
272 1034 300 1060 ὲν
317 1033 436 1068 τοσούτῳ
463 1032 571 1067 πλούτῳ
593 1031 752 1066 φιλοσοφίας
772 1033 827 1062 τοῖς
844 1031 872 1058 ὲν
896 1029 996 1065 ἐσχάτῃ

210 1079 277 1112 ζῶσι
291 1080 371 1115 πενίᾳ
385 1079 585 1114 παραπλησίως
605 1077 787 1114 δακρύουσαν,
807 1077 854 1103 καὶ
869 1076 998 1112 ὀλοφυρο-

211 1126 304 1162 μένην,
317 1126 364 1152 καὶ
381 1126 537 1158 στένουσαν,
554 1125 628 1156 ποῖος
641 1124 673 1151 ἂν
691 1123 774 1157 ἀξίως
788 1123 940 1149 ἐπαινέσειε
952 1122 998 1148 λό-

209 1180 275 1206 γοςς
297 1171 325 1198 ’0
336 1171 390 1207 γὰρ
405 1171 505 1207 θερμὸς
518 1171 582 1206 περὶ
596 1171 641 1197 τὸν
653 1170 719 1197 Θεὸν
731 1169 798 1206 ἔρως
811 1170 898 1196 ἐκεῖνο
913 1168 997 1195 τίκτει

211 1217 242 1243 τὸ
258 1217 374 1252 δάκρυον
386 1236 393 1248 ,
421 1217 461 1248 εἰς
486 1217 536 1251 τὴν
559 1216 634 1242 θείαν
652 1216 769 1251 Θεωρίαν
786 1214 931 1250 πυρσεύων
952 1214 999 1240 τὸν

211 1261 284 1294 νοῦν,
305 1263 350 1289 καὶ
366 1263 426 1294 ταῖς
445 1263 536 1289 ἀκτῖσι
556 1261 668 1294 νύττων,
686 1262 732 1288 καὶ
746 1262 785 1294 εἰς
806 1261 855 1296 τὴν
874 1260 998 1288 ἐντεῦθεν

210 1307 380 1342 κατεπείγων
398 1307 555 1343 μετάϐασιν.
574 1308 628 1334 Καὶ
644 1308 672 1334 ὲν
686 1307 791 1338 τούτοις
804 1306 833 1333 δὲ
851 1306 999 1342 διημερεύ-

210 1353 278 1381 ουσά
298 1362 326 1380 τε
347 1353 394 1380 κοιλ⁸
414 1353 671 1389 διανυκτερεύουσα,
688 1353 749 1379 οὐδὲ
768 1352 823 1379 τῶν
849 1352 937 1379 ἄλλων
950 1352 1000 1387 τῆς

212 1398 313 1435 ἀρετῆς
329 1399 405 1426 εἱδῶν
419 1399 532 1434 ἀμελεῖ*
551 1399 618 1426 ἀλλὰ
637 1397 784 1432 θεραπεύει
798 1398 847 1433 μὲν
863 1398 901 1429 εἰς
921 1397 1000 1424 δύνα-

213 1453 259 1479 μιν
274 1445 336 1476 τοὺς
351 1445 478 1480 ἀρίστους
494 1445 647 1480 ἀγωνιστὰς
657 1465 665 1478 ,
692 1441 729 1472 ὧν
744 1443 931 1479 ἐμνήσθημεν,
953 1443 1000 1469 καὶ

212 1489 258 1522 οὓς
279 1491 473 1527 παρελίπομεν.
491 1491 642 1526 Θεραπεύει
656 1490 684 1517 δὲ
700 1490 819 1521 καὶτοὺς
834 1489 901 1524 πρὸς
917 1487 1000 1524 αὐτὴν

213 1536 437 1572 ἀφικνουμένους,
454 1536 621 1571 κατάγεσθαι
636 1535 685 1571 μὲν
703 1535 777 1572 παρὰ
791 1534 829 1570 τῷ
842 1536 890 1570 τῆς
905 1534 1001 1570 κώμης

213 1582 323 1617 ποιμένι
341 1582 498 1615 κελεύουσα,
516 1582 586 1618 αὐτὴ
600 1582 628 1609 δε
645 1581 695 1613 τὰς
715 1581 808 1617 χρείας
830 1581 938 1612 ἁπάσας
955 1581 1001 1606 ὲκ-

215 1628 372 1662 πέμπουσα.
392 1628 539 1664 Πρόκειται
554 1628 608 1664 γὰρ
623 1628 692 1664 αὐτῇ
718 1628 752 1654 τὰ
765 1627 813 1663 τῆς
835 1628 937 1662 μητρὸς
953 1626 1001 1653 καὶ

214 1673 269 1701 τῶν
290 1674 412 1710 ἀδελφῶν
433 1676 473 1707 είς
488 1675 622 1710 δαπάνην,
648 1675 697 1710 τὴν
721 1674 753 1701 δι’
766 1675 851 1709 αὐτῆς
877 1673 1001 1708 εὐλογίαν

216 1720 402 1755 καρπούμενα.
421 1719 518 1756 Κάμοῦ
536 1721 563 1747 δὲ
578 1722 619 1752 εἰς
638 1721 725 1747 ἐκεῖνο
738 1720 768 1747 τὺ
781 1720 862 1756 μέρος
873 1721 1002 1754 ἀφικνου-

218 1765 310 1798 μένου,
324 1766 354 1792 τὸ
365 1766 451 1793 νότιον
461 1767 488 1793 δὲ
502 1767 550 1802 τῆς
564 1767 699 1802 ἡμετέρας
711 1766 802 1802 χώρας
815 1766 883 1799 ἐστὶ,
897 1767 943 1793 καὶ
953 1766 1004 1802 ἄρ·

216 1819 289 1842 τους,
305 1811 351 1837 καὶ
365 1810 485 1845 ὀπώρας,
499 1811 547 1837 καὶ
563 1811 607 1836 τὸν
620 1811 763 1846 διάϐροχον
784 1810 889 1846 πέμπει
905 1810 1002 1845 φακόν.

222 1855 302 1883 Ἀλλὰ
319 1857 398 1891 μέχρι
415 1857 478 1883 πότε
494 1856 620 1891 μηκύνων
639 1857 741 1891 ταύτης
757 1855 806 1891 τὴν
818 1855 919 1891 ἀρετὴν
933 1856 1004 1883 arta.

217 1911 267 1929 σαν
285 1902 435 1937 διηγεῖσθαι
458 1902 611 1936 φιλονεικῶ,
637 1901 694 1928 δέον
709 1901 755 1928 καὶ
781 1900 835 1927 τῶν
855 1900 942 1927 ἄλλων
964 1901 1004 1932 είς

219 1947 300 1982 μέσον
316 1946 471 1982 προτιθέναι
488 1946 531 1973 τὸν
547 1945 612 1981 βίον,
626 1945 653 1972 αἳ
677 1946 724 1972 καὶ
746 1945 858 1980 ταύτην,
877 1945 1004 1977 κάκείνας

217 1990 254 2019 ὧν
266 1993 383 2028 πρόσθεν
397 1992 546 2028 ἐμνήσθην,
567 1992 749 2027 ἐμιμήσαντο;
773 1991 871 2018 Πολλαὶ
887 1991 941 2026 γὰρ
959 1990 1005 2018 καὶ

218 2039 306 2071 ἄλλαι,
323 2039 350 2065 αἳ
365 2038 414 2073 μὲν
429 2039 474 2064 τὸν
490 2038 632 2074 μοναδικδν
655 2037 813 2072 ἠσπάσαντο
838 2037 894 2072 βίον
905 2058 912 2070 ,
935 2037 963 2063 αῖ
977 2037 1005 2063 δὲ

218 2086 267 2121 τὴν
283 2086 349 2121 μετὰ
361 2086 490 2112 πλειόνων
505 2085 650 2121 ἠγάπησαν
671 2084 816 2115 πολιτείαν,
833 2084 870 2116 ὡς
881 2085 926 2110 καὶ
943 2093 1005 2110 πεν-

219 2132 336 2167 τήκοντα
351 2132 398 2158 καὶ
420 2131 569 2163 διακοσίας,
587 2131 634 2158 καὶ
660 2131 777 2161 πλείους,
807 2130 853 2156 καὶ
878 2130 1005 2160 ἐλάττους

220 2178 289 2204 κατὰ
302 2177 398 2203 ταυτὸν
416 2176 559 2211 βιοτεύειν,
575 2177 640 2212 μιᾶς
651 2175 817 2211 ἀνεχομένοις
832 2175 945 2210 τροφῆς,
961 2175 1006 2203 ἐπὶ

219 2224 324 2260 ψιάθων
342 2224 421 2259 μόνον
445 2222 585 2250 καθεύδειν
611 2221 795 2256 αἱρουμένας,
821 2221 868 2247 καὶ
891 2221 939 2251 τὰς
958 2220 1007 2255 μὲν

222 2273 314 2309 χεῖρας
341 2270 531 2306 ἁπονεμούσας
553 2268 628 2305 ἐρίῳ,
656 2267 752 2304 ὕμνοις
768 2267 796 2294 δὲ
809 2267 860 2302 τὴν
884 2266 1007 2300 γλῶτταν
1024 2277 1046 2305 υ

222 2317 396 2352 ἀφιερούσας.

259 2363 350 2398 Μυρία
362 2363 388 2389 δὲ
400 2361 511 2388 τοιαῦτα
527 2361 573 2391 χαὶ
592 2360 707 2396 ἀριθμὸν
718 2359 837 2386 νικῶντα
852 2358 1009 2393 φιλοσοφίας

225 2409 283 2436 ἐστὶ
299 2409 503 2444 φροντιστήρια,
515 2408 564 2433 οὐκ
578 2407 606 2433 ὲν
616 2408 648 2442 τῇ
662 2405 785 2442 ἡμετέρᾳ
795 2405 822 2432 δὲ
840 2405 928 2441 μόνον,
943 2404 1010 2431 ἀλλὰ

224 2455 272 2482 καὶ
290 2453 359 2481 κατὰ
372 2454 460 2480 πᾶσαν
476 2453 526 2488 τὴν
539 2453 606 2479 Ἕω.
621 2452 730 2487 Πλήρης
745 2451 773 2478 δὲ
784 2451 884 2477 τούτων
897 2450 943 2477 καὶ
954 2450 1010 2477 Πα-

225 2500 357 2535 λαιστίνη,
373 2499 419 2526 καὶ
435 2499 581 2532 Αἴγυπτος,
598 2498 645 2524 καὶ
667 2497 755 2528 Ἀσία,
777 2497 823 2523 καὶ
834 2496 943 2528 Πόντος,
963 2496 1011 2522 καὶ

225 2546 343 2582 Εὐρώπη
362 2546 445 2572 πᾶσα.
469 2544 512 2577 Ἐξ
529 2541 558 2570 οὗ
575 2543 628 2579 γὰρ
643 2544 656 2569 ὁ
668 2543 805 2577 Δεσπότης
827 2543 942 2578 Χριστὶς
962 2542 1011 2576 τὴν

228 2591 380 2627 Παρθενίαν
397 2590 526 2626 ἐτίμησεν
537 2589 589 2616 ὑπὸ
605 2588 738 2625 παρθένου
755 2588 870 2623 τεχθεὶς,
886 2589 948 2620 τοὺς
963 2588 1011 2623 τῆς

228 2637 372 2672 παρθενίας
383 2637 518 2672 λειμῶνας
529 2637 546 2672 ὴ
559 2637 639 2671 φύσις
653 2636 811 2671 ἐϐλάστησε,
823 2636 869 2662 καὶ
880 2636 913 2662 τὰ
925 2634 1010 2670 εὐώδη

228 2684 313 2710 ταῦτα
328 2683 374 2709 καὶ
386 2683 530 2718 ἁμάραντα
542 2683 610 2717 ἄνθη
622 2682 772 2717 προσφέρει
840 2682 949 2716 ποιητῇ,
962 2681 1012 2707 οὐκ

229 2731 268 2761 sic
283 2730 365 2764 ἄρρεν
381 2729 427 2755 καὶ
441 2728 507 2764 θῆλυ
524 2729 573 2763 τὴν
587 2728 687 2763 ἀρετὴν
702 2727 884 2763 διακρίνουσα,
897 2726 957 2753 οὐδὲ
974 2726 1012 2757 εἰς

229 2778 276 2804 δᾶο
294 2776 423 2811 διαφορὰς
443 2777 492 2809 τὴν
515 2774 673 2809 φιλοσοφίαν
694 2773 862 2809 μερίζουσα“
880 2771 1013 2806 σωμάτων

231 2823 294 2858 γὰρ,
309 2822 365 2848 ἀλλ’
382 2822 412 2848 οὐ
428 2821 521 2856 ψυχῶν
537 2821 566 2847 τὸ
582 2821 719 2856 διάφορον.
736 2830 745 2846 ‹
769 2819 812 2846 Ἑν
832 2819 886 2854 γὰρ
904 2817 1014 2853 Χριστῷ

238 2868 343 2901 Ἰησοῦ,
367 2867 438 2894 κατὰ
452 2867 496 2892 τὸν
517 2866 587 2893 θεῖον
607 2866 777 2897 Ἀπὸστολον,
801 2865 851 2891 οὐκ
868 2863 907 2890 ἔνι
932 2863 1014 2898 ἄρσεν

233 2913 278 2940 καὶ
294 2911 361 2946 θῆλυ
374 2919 380 2924 '
403 2920 412 2936 ι
437 2910 486 2945 μία
501 2910 528 2936 δὲ
546 2911 592 2937 καὶ
612 2910 724 2947 ἀνδράσι
740 2909 786 2937 καὶ
806 2908 910 2944 -ίυναιξὶ
937 2916 1014 2943 κεχο-

1047 992 1155 1013 summa
1168 989 1288 1020 egestate
1304 986 1407 1018 vivunt,
1434 985 1611 1021 lacrymatur,
1638 990 1665 1012 et
1690 986 1773 1020 luget.
1799 992 1831 1012 ac

1047 1031 1222 1066 ingemiscit.
1258 1039 1382 1067 quaenam
1412 1039 1462 1067 pro
1487 1032 1584 1059 merito
1610 1032 1721 1060 laudare
1746 1032 1832 1066 possit

1046 1078 1158 1106 oratio?
1174 1077 1280 1105 Ardens
1296 1078 1369 1106 enim
1386 1078 1414 1105 in
1433 1079 1517 1106 Deum
1537 1086 1614 1105 amor
1630 1078 1680 1105 has
1697 1078 1768 1112 parit
1795 1078 1833 1104 la-

1047 1131 1167 1159 crymas,
1185 1129 1302 1151 mentem
1315 1124 1348 1151 ad
1366 1124 1485 1153 divinam
1502 1125 1655 1152 accendens
1665 1123 1834 1158 contempla-

1048 1170 1160 1202 tionem,
1182 1170 1355 1205 stimulisque
1369 1177 1502 1206 pungens,
1519 1174 1547 1197 et
1559 1177 1658 1205 urgens
1676 1174 1705 1196 ut
1720 1177 1755 1196 ex
1781 1170 1834 1195 hac

1052 1216 1108 1243 vita
1130 1216 1255 1244 excedat.
1272 1216 1367 1251 Neque
1382 1216 1530 1249 vcro,dum
1550 1215 1577 1244 in
1591 1216 1634 1243 his
1654 1216 1712 1244 dies
1726 1219 1835 1243 noctes-

1048 1269 1101 1296 que
1116 1270 1146 1289 se
1162 1265 1282 1294 exercet,
1294 1261 1348 1288 alia
1364 1261 1497 1288 virtutum
1509 1268 1609 1296 genera
1633 1261 1749 1296 negligit
1765 1269 1771 1288 :
1787 1261 1834 1289 sed

1048 1314 1142 1335 curam
1161 1314 1209 1342 pro
1228 1306 1334 1334 viribus
1351 1306 1423 1341 gerit
1436 1306 1727 1341 pratstantissimorum
1746 1306 1835 1334 athle-

1049 1357 1148 1385 tarum,
1164 1360 1279 1387 quorum
1307 1353 1474 1380 mentionem
1492 1351 1615 1382 fecimus.
1636 1357 1663 1379 et
1683 1360 1753 1387 quos
1765 1359 1832 1386 prte-

1049 1399 1230 1426 termisimus.
1242 1398 1343 1425 Curam
1357 1405 1452 1425 eorum
1466 1405 1574 1432 quoque
1585 1398 1665 1433 gerit,
1675 1397 1721 1433 qui
1732 1397 1764 1424 ad
1777 1397 1837 1424 illos

1049 1444 1173 1476 veniunt,
1187 1443 1258 1478 apud
1277 1443 1330 1471 vici
1351 1447 1489 1478 pastorem
1510 1443 1644 1471 diversari
1661 1451 1709 1471 eos
1725 1443 1837 1478 jubeus.

1050 1495 1077 1518 et
1090 1490 1182 1517 omnia
1198 1490 1252 1517 illis
1268 1489 1421 1517 necessaria
1439 1488 1617 1516 submittens.
1634 1487 1738 1516 Praesto
1763 1488 1838 1516 enim

1051 1536 1090 1564 illi
1111 1539 1175 1564 sunt
1188 1534 1221 1563 ad
1239 1539 1364 1570 smnptus
1376 1534 1515 1562 faciendos
1543 1535 1640 1562 matris
1668 1533 1840 1569 fratrumque

1053 1575 1278 1617 facultates,qum
1290 1589 1337 1616 per
1354 1580 1460 1616 1293
1477 1587 1537 1608 eam
1549 1580 1769 1608 benedictionem
1793 1587 1839 1608 ac-

1053 1627 1168 1663 cipiunt.
1184 1627 1256 1660 Quin
1275 1631 1302 1654 et
1316 1627 1381 1654 mihi
1396 1627 1489 1658 etiam,
1502 1633 1565 1654 cum
1597 1625 1631 1653 ad
1649 1634 1709 1654 eam
1734 1630 1840 1662 partem

1052 1673 1144 1707 venio,
1167 1680 1226 1708 quae
1237 1673 1342 1708 regioni
1366 1677 1468 1701 nostra:
1482 1672 1516 1700 ad
1534 1676 1658 1700 austrum
1673 1672 1725 1700 sita
1749 1676 1800 1704 est,
1813 1676 1840 1699 et

1053 1726 1150 1754 panes,
1173 1722 1200 1746 et
1217 1718 1334 1752 fructus,
1353 1722 1380 1745 et
1404 1718 1506 1746 lentem
1527 1717 1712 1745 madefactam
1741 1717 1838 1745 mittit.

1055 1764 1108 1792 Sed
1117 1772 1261 1800 quousque
1280 1764 1387 1792 tandem
1401 1763 1557 1791 orationem
1571 1762 1724 1799 produceus
1732 1770 1840 1790 omnem

1054 1812 1113 1847 ejus
1137 1812 1265 1839 virtutem
1294 1818 1433 1846 exponere
1456 1809 1603 1842 contendo,
1634 1816 1697 1836 eum
1725 1808 1839 1835 aliarum

1054 1864 1163 1892 quoque
1176 1856 1298 1883 vitamin
1316 1850 1434 1882 medium
1454 1855 1577 1889 proferre
1601 1853 1754 1886 conveniat,
1781 1860 1841 1887 qua:

1054 1903 1159 1931 ethauc
1172 1902 1268 1929 etillas
1289 1908 1404 1936 quarum
1421 1901 1497 1936 prius
1514 1899 1701 1930 meminimus,
1731 1898 1842 1925 imitata:

1056 1953 1119 1976 sunt
1129 1948 1139 1975 τ
1149 1948 1239 1975 Multae
1252 1947 1386 1982 siquidem
1397 1945 1467 1979 alia),
1481 1946 1579 1981 partim
1593 1944 1745 1972 solitariam
1760 1943 1842 1970 vitam

1056 1997 1120 2021 sunt
1137 1993 1276 2028 amplexae,
1290 1992 1388 2027 partim
1405 1991 1508 2019 versari
1522 1998 1583 2017 cum
1598 1990 1723 2024 pluribus
1738 1989 1842 2016 malue-

1057 2043 1131 2073 runt,
1161 2039 1198 2066 ita
1227 2043 1255 2065 ut
1291 2038 1415 2065 ducentze
1448 2040 1475 2063 et
1503 2035 1712 2071 quinquaginta,
1740 2041 1785 2060 aut
1811 2041 1842 2059 eo

1057 2085 1150 2120 plures
1179 2083 1357 2119 paucioresve
1370 2090 1423 2109 una
1437 2082 1545 2117 degant,
1555 2089 1609 2108 uno
1617 2078 1679 2108 cibo
1692 2083 1842 2111 vescentes,

1057 2137 1140 2165 super
1152 2129 1249 2156 storeis
1264 2128 1330 2155 solis
1348 2126 1469 2154 dormire
1487 2126 1584 2156 solitae,
1603 2129 1630 2152 et
1647 2131 1743 2151 manus
1776 2123 1839 2158 qui-

1058 2176 1118 2204 dem
1144 2174 1262 2202 lanificio
1289 2173 1468 2206 addicentes,
1496 2172 1618 2207 linguam
1650 2178 1712 2198 vero
1736 2170 1852 2207 hiantis-

1059 2225 1263 2250 εοιιδεοιεπιιος.

1097 2357 1210 2386 Exstant
1224 2361 1314 2385 autem
1335 2355 1441 2383 infinita
1464 2360 1664 2388 numerumque
1689 2352 1855 2380 excedentia-

1064 2403 1218 2431 islinsmodi
1236 2402 1412 2438 philosophiae
1424 2399 1578 2436 gymnasia,
1597 2406 1651 2425 non
1676 2397 1704 2424 in
1734 2397 1844 2432 regione

1063 2458 1281 2485 nostratanlum,
1292 2453 1339 2480 sed
1353 2459 1400 2488 per
1410 2455 1496 2478 totum
1505 2449 1586 2477 etiam
1600 2448 1748 2476 Orientem.
1767 2446 1848 2474 Plena

1064 2501 1124 2529 istis
1141 2504 1169 2527 et
1181 2500 1334 2531 Palaestina,
1352 2503 1380 2526 et
1395 2498 1541 2534 Egyptus,
1554 2501 1581 2524 et
1596 2497 1605 2506 ⁸
1624 2495 1699 2528 Asia,
1714 2491 1748 2522 ‘et
1777 2493 1848 2521 Pon-

1064 2551 1120 2578 tus,
1137 2550 1163 2574 et
1181 2545 1289 2580 Europa
1307 2544 1452 2572 uni\'ersa..
1472 2543 1509 2570 Ex
1540 2549 1595 2578 quo
1622 2541 1694 2568 enim
1723 2539 1852 2567 Christus

1065 2590 1196 2619 Dominus
1208 2590 1240 2617 de
1253 2589 1364 2624 Virgine
1378 2596 1494 2616 nascens
1503 2587 1684 2622 virginitatem
1695 2584 1848 2615 honoravit,

1064 2635 1230 2672 virginitatis
1257 2639 1334 2670 prata
1355 2638 1452 2661 natura
1484 2633 1624 2668 produxit.
1652 2635 1678 2658 ct
1698 2630 1850 2658 odoriferos

1066 2682 1134 2709 istos
1167 2688 1217 2708 nec
1252 2686 1372 2714 unquam
1404 2682 1608 2705 marcescentes
1636 2676 1716 2703 ﬂores
1744 2674 1849 2710 profert

1066 2727 1201 2758 Creatmi,
1217 2725 1426 2760 haudquaquam
1448 2723 1475 2751 in
1493 2722 1645 2750 masculum
1668 2726 1694 2748 et
1722 2720 1849 2748 feminam

1066 2773 1195 2800 Virtutem
1214 2771 1394 2805 distinguens,
1418 2776 1507 2802 neque
1533 2767 1561 2794 in
1589 2767 1657 2793 duas
1686 2764 1852 2792 tliﬂ'ereutias

1069 2818 1189 2853 partiens
1202 2815 1412 2852 philosophiam.
1425 2815 1580 2848 Corporum
1608 2813 1692 2844 enim,
1713 2818 1767 2839 non
1790 2810 1850 2836 aui-

1070 2870 1176 2890 marum
1199 2867 1240 2889 est
1256 2860 1418 2887 dillerentia.
1438 2868 1446 2884 ι
1477 2858 1506 2886 ln
1539 2857 1650 2885 Christo
1677 2856 1748 2884 enim
1775 2855 1856 2885 Jesu,.

1069 2909 1140 2936 sicut
1163 2907 1273 2935 divinus
1289 2906 1326 2933 ait
1351 2905 1510 2941 Apostolus,
1545 2911 1598 2932 non
1628 2906 1670 2930 est
1701 2901 1859 2933 masculus,
