  <div class='ocr_page' id='page_1' title='image "/cluster/home/n/w/nwhite01/storage/ocr_20150623/82/njp.32101077772802/809.png"; bbox 0 0 2064 3120; ppageno 0'>
   <div class='ocr_carea' id='block_1_1' title="bbox 229 172 297 204">
    <p class='ocr_par' dir='ltr' id='par_1_1' title="bbox 229 172 297 204">
     <span class='ocr_line' id='line_1_1' title="bbox 229 172 297 204; baseline 0 0"><span class='ocrx_word' id='word_1_1' title='bbox 229 172 297 204; x_wconf 70' lang='grc' dir='ltr'><strong>14υῦ</strong></span> 
     </span>
    </p>
   </div>
   <div class='ocr_carea' id='block_1_2' title="bbox 719 175 1353 207">
    <p class='ocr_par' dir='ltr' id='par_1_2' title="bbox 719 175 1353 207">
     <span class='ocr_line' id='line_1_2' title="bbox 719 175 1353 207; baseline 0.002 -2"><span class='ocrx_word' id='word_1_2' title='bbox 719 175 960 206; x_wconf 78' lang='lat' dir='ltr'><strong>THEODORETI</strong></span> <span class='ocrx_word' id='word_1_3' title='bbox 981 176 1151 207; x_wconf 85' lang='lat' dir='ltr'><strong>EPISCOPI</strong></span> <span class='ocrx_word' id='word_1_4' title='bbox 1171 176 1353 207; x_wconf 76' lang='lat' dir='ltr'><strong>CYRENSIS</strong></span> 
     </span>
    </p>
   </div>
   <div class='ocr_carea' id='block_1_3' title="bbox 1789 173 1855 206">
    <p class='ocr_par' dir='ltr' id='par_1_3' title="bbox 1789 173 1855 206">
     <span class='ocr_line' id='line_1_3' title="bbox 1789 173 1855 206; baseline 0.015 -1"><span class='ocrx_word' id='word_1_5' title='bbox 1789 173 1855 206; x_wconf 72' lang='grc'>1496</span> 
     </span>
    </p>
   </div>
   <div class='ocr_carea' id='block_1_4' title="bbox 228 229 1014 270">
    <p class='ocr_par' dir='ltr' id='par_1_4' title="bbox 228 229 1014 264">
     <span class='ocr_line' id='line_1_4' title="bbox 228 229 1014 264; baseline 0.003 -7"><span class='ocrx_word' id='word_1_6' title='bbox 228 237 317 264; x_wconf 70' lang='lat' dir='ltr'><strong>neQuc</strong></span> <span class='ocrx_word' id='word_1_7' title='bbox 333 230 433 257; x_wconf 72' lang='lat' dir='ltr'><strong>Mnina</strong></span> <span class='ocrx_word' id='word_1_8' title='bbox 446 235 467 256; x_wconf 84' lang='grc' dir='ltr'><strong>ι.</strong></span> <span class='ocrx_word' id='word_1_9' title='bbox 490 240 497 257; x_wconf 76' lang='grc' dir='ltr'><strong>ι</strong></span> <span class='ocrx_word' id='word_1_10' title='bbox 515 229 574 258; x_wconf 87' lang='lat' dir='ltr'><strong>Una</strong></span> <span class='ocrx_word' id='word_1_11' title='bbox 585 235 674 259; x_wconf 86' lang='lat' dir='ltr'><strong>autem</strong></span> <span class='ocrx_word' id='word_1_12' title='bbox 686 236 713 259; x_wconf 71' lang='lat' dir='ltr'><strong>et</strong></span> <span class='ocrx_word' id='word_1_13' title='bbox 732 233 797 260; x_wconf 86' lang='lat' dir='ltr'><strong>viris</strong></span> <span class='ocrx_word' id='word_1_14' title='bbox 811 237 837 261; x_wconf 90' lang='lat' dir='ltr'><strong>et</strong></span> <span class='ocrx_word' id='word_1_15' title='bbox 850 233 1014 261; x_wconf 75' lang='lat' dir='ltr'><strong>mulieribus</strong></span> 
     </span>
    </p>
   </div>
   <div class='ocr_carea' id='block_1_5' title="bbox 1065 229 1856 270">
    <p class='ocr_par' dir='ltr' id='par_1_5' title="bbox 1068 230 1856 270">
     <span class='ocr_line' id='line_1_5' title="bbox 1068 230 1856 270; baseline -0.003 -10"><span class='ocrx_word' id='word_1_16' title='bbox 1068 234 1184 270; x_wconf 82' lang='grc' dir='ltr'>ρήγηται</span> <span class='ocrx_word' id='word_1_17' title='bbox 1202 234 1302 265; x_wconf 78' lang='grc' dir='ltr'>πίστις.</span> <span class='ocrx_word' id='word_1_18' title='bbox 1322 243 1330 259; x_wconf 80' lang='lat' dir='ltr'><strong>t</strong></span> <span class='ocrx_word' id='word_1_19' title='bbox 1350 230 1398 264; x_wconf 76' lang='grc' dir='ltr'>Εἷς</span> <span class='ocrx_word' id='word_1_20' title='bbox 1421 232 1475 268; x_wconf 67' lang='grc' dir='ltr'>γὰρ</span> <span class='ocrx_word' id='word_1_21' title='bbox 1497 233 1617 268; x_wconf 76' lang='grc' dir='ltr'>Κύριος,</span> <span class='ocrx_word' id='word_1_22' title='bbox 1640 232 1690 268; x_wconf 99' lang='grc' dir='ltr'><strong>μία</strong></span> <span class='ocrx_word' id='word_1_23' title='bbox 1708 232 1809 263; x_wconf 74' lang='grc' dir='ltr'>πίστις,</span> <span class='ocrx_word' id='word_1_24' title='bbox 1826 232 1856 258; x_wconf 80' lang='grc' dir='ltr'>ἓν</span> 
     </span>
    </p>
   </div>
   <div class='ocr_carea' id='block_1_6' title="bbox 228 277 1012 312">
    <p class='ocr_par' dir='ltr' id='par_1_6' title="bbox 228 277 1012 312">
     <span class='ocr_line' id='line_1_6' title="bbox 228 277 1012 312; baseline 0.008 -10"><span class='ocrx_word' id='word_1_25' title='bbox 228 277 328 303; x_wconf 81' lang='lat' dir='ltr'><strong>donata</strong></span> <span class='ocrx_word' id='word_1_26' title='bbox 343 281 385 304; x_wconf 92' lang='lat' dir='ltr'><strong>est</strong></span> <span class='ocrx_word' id='word_1_27' title='bbox 405 277 480 304; x_wconf 86' lang='lat' dir='ltr'><strong>tides.</strong></span> <span class='ocrx_word' id='word_1_28' title='bbox 501 286 510 302; x_wconf 73' lang='grc' dir='ltr'><strong>ι</strong></span> <span class='ocrx_word' id='word_1_29' title='bbox 534 277 608 304; x_wconf 80' lang='lat' dir='ltr'><strong>L‘nns</strong></span> <span class='ocrx_word' id='word_1_30' title='bbox 623 279 694 304; x_wconf 84' lang='lat' dir='ltr'><strong>enim</strong></span> <span class='ocrx_word' id='word_1_31' title='bbox 713 279 854 312; x_wconf 88' lang='lat' dir='ltr'><strong>Dominus,</strong></span> <span class='ocrx_word' id='word_1_32' title='bbox 864 288 918 308; x_wconf 92' lang='lat' dir='ltr'><strong>una</strong></span> <span class='ocrx_word' id='word_1_33' title='bbox 935 280 1012 311; x_wconf 81' lang='lat' dir='ltr'><strong>fides.</strong></span> 
     </span>
    </p>
   </div>
   <div class='ocr_carea' id='block_1_7' title="bbox 228 323 1014 362">
    <p class='ocr_par' dir='ltr' id='par_1_7' title="bbox 228 323 1014 362">
     <span class='ocr_line' id='line_1_7' title="bbox 228 323 1014 362; baseline 0.006 -14"><span class='ocrx_word' id='word_1_34' title='bbox 228 331 312 349; x_wconf 88' lang='lat' dir='ltr'><strong>unum</strong></span> <span class='ocrx_word' id='word_1_35' title='bbox 331 323 476 358; x_wconf 82' lang='lat' dir='ltr'><strong>baptisma.</strong></span> <span class='ocrx_word' id='word_1_36' title='bbox 498 323 575 351; x_wconf 90' lang='lat' dir='ltr'><strong>Unus</strong></span> <span class='ocrx_word' id='word_1_37' title='bbox 586 324 658 352; x_wconf 89' lang='lat' dir='ltr'><strong>Deus</strong></span> <span class='ocrx_word' id='word_1_38' title='bbox 673 330 699 352; x_wconf 87' lang='lat' dir='ltr'><strong>et</strong></span> <span class='ocrx_word' id='word_1_39' title='bbox 714 325 796 353; x_wconf 85' lang='lat' dir='ltr'><strong>Pater</strong></span> <span class='ocrx_word' id='word_1_40' title='bbox 810 327 943 359; x_wconf 88' lang='lat' dir='ltr'><strong>omnium,</strong></span> <span class='ocrx_word' id='word_1_41' title='bbox 969 327 1014 362; x_wconf 90' lang='lat' dir='ltr'><strong>qui</strong></span> 
     </span>
    </p>
   </div>
   <div class='ocr_carea' id='block_1_8' title="bbox 227 370 1015 406">
    <p class='ocr_par' dir='ltr' id='par_1_8' title="bbox 227 370 1015 406">
     <span class='ocr_line' id='line_1_8' title="bbox 227 370 1015 406; baseline 0.005 -12"><span class='ocrx_word' id='word_1_42' title='bbox 227 374 268 395; x_wconf 73' lang='lat' dir='ltr'><strong>est</strong></span> <span class='ocrx_word' id='word_1_43' title='bbox 283 375 366 402; x_wconf 86' lang='lat' dir='ltr'><strong>super</strong></span> <span class='ocrx_word' id='word_1_44' title='bbox 374 375 482 402; x_wconf 80' lang='lat' dir='ltr'><strong>omnes,</strong></span> <span class='ocrx_word' id='word_1_45' title='bbox 495 372 522 396; x_wconf 87' lang='lat' dir='ltr'><strong>et</strong></span> <span class='ocrx_word' id='word_1_46' title='bbox 536 377 585 404; x_wconf 81' lang='lat' dir='ltr'><strong>per</strong></span> <span class='ocrx_word' id='word_1_47' title='bbox 603 370 709 406; x_wconf 61' lang='lat'><strong>1294</strong></span> <span class='ocrx_word' id='word_1_48' title='bbox 718 372 822 401; x_wconf 79' lang='lat' dir='ltr'><strong>otiniia.</strong></span> <span class='ocrx_word' id='word_1_49' title='bbox 836 376 863 399; x_wconf 89' lang='lat' dir='ltr'><strong>et</strong></span> <span class='ocrx_word' id='word_1_50' title='bbox 888 372 914 398; x_wconf 95' lang='lat' dir='ltr'><strong>in</strong></span> <span class='ocrx_word' id='word_1_51' title='bbox 931 373 1015 398; x_wconf 88' lang='lat' dir='ltr'><strong>omni-</strong></span> 
     </span>
    </p>
   </div>
   <div class='ocr_carea' id='block_1_9' title="bbox 226 414 1014 452">
    <p class='ocr_par' dir='ltr' id='par_1_9' title="bbox 226 414 1014 452">
     <span class='ocr_line' id='line_1_9' title="bbox 226 414 1014 452; baseline 0.006 -12"><span class='ocrx_word' id='word_1_52' title='bbox 226 414 288 441; x_wconf 82' lang='lat' dir='ltr'><strong>bus.</strong></span> <span class='ocrx_word' id='word_1_53' title='bbox 302 414 455 449; x_wconf 90' lang='lat' dir='ltr'><strong>Unicuique</strong></span> <span class='ocrx_word' id='word_1_54' title='bbox 469 420 558 443; x_wconf 88' lang='lat' dir='ltr'><strong>autem</strong></span> <span class='ocrx_word' id='word_1_55' title='bbox 575 421 699 444; x_wconf 88' lang='lat' dir='ltr'><strong>nostrum</strong></span> <span class='ocrx_word' id='word_1_56' title='bbox 713 417 776 444; x_wconf 82' lang='lat' dir='ltr'><strong>data</strong></span> <span class='ocrx_word' id='word_1_57' title='bbox 790 423 832 444; x_wconf 84' lang='lat' dir='ltr'><strong>est</strong></span> <span class='ocrx_word' id='word_1_58' title='bbox 854 419 940 452; x_wconf 73' lang='lat' dir='ltr'><strong>gratia</strong></span> <span class='ocrx_word' id='word_1_59' title='bbox 969 426 1014 446; x_wconf 86' lang='lat' dir='ltr'><strong>sc-</strong></span> 
     </span>
    </p>
   </div>
   <div class='ocr_carea' id='block_1_10' title="bbox 226 460 1014 491">
    <p class='ocr_par' dir='ltr' id='par_1_10' title="bbox 226 460 1014 491">
     <span class='ocr_line' id='line_1_10' title="bbox 226 460 1014 491; baseline 0.005 -5"><span class='ocrx_word' id='word_1_60' title='bbox 226 460 347 487; x_wconf 90' lang='lat' dir='ltr'><strong>cuudum</strong></span> <span class='ocrx_word' id='word_1_61' title='bbox 370 468 526 488; x_wconf 83' lang='lat' dir='ltr'><strong>mensuram</strong></span> <span class='ocrx_word' id='word_1_62' title='bbox 556 461 713 489; x_wconf 78' lang='lat' dir='ltr'><strong>donatioriis</strong></span> <span class='ocrx_word' id='word_1_63' title='bbox 737 463 873 491; x_wconf 77' lang='lat' dir='ltr'><strong>Christi&#39;.</strong></span> <span class='ocrx_word' id='word_1_64' title='bbox 894 473 903 489; x_wconf 73' lang='grc' dir='ltr'><strong>ι</strong></span> <span class='ocrx_word' id='word_1_65' title='bbox 923 463 1014 491; x_wconf 89' lang='lat' dir='ltr'><strong>Unum</strong></span> 
     </span>
    </p>
   </div>
   <div class='ocr_carea' id='block_1_11' title="bbox 225 506 1014 545">
    <p class='ocr_par' dir='ltr' id='par_1_11' title="bbox 225 506 1014 545">
     <span class='ocr_line' id='line_1_11' title="bbox 225 506 1014 545; baseline 0.008 -14"><span class='ocrx_word' id='word_1_66' title='bbox 225 506 306 532; x_wconf 82' lang='lat' dir='ltr'><strong>etiam</strong></span> <span class='ocrx_word' id='word_1_67' title='bbox 323 514 435 541; x_wconf 78' lang='lat' dir='ltr'><strong>regnum</strong></span> <span class='ocrx_word' id='word_1_68' title='bbox 449 508 581 535; x_wconf 59' lang='lat' dir='ltr'><strong>calorum</strong></span> <span class='ocrx_word' id='word_1_69' title='bbox 608 509 758 536; x_wconf 83' lang='lat' dir='ltr'><strong>victoribus</strong></span> <span class='ocrx_word' id='word_1_70' title='bbox 780 510 922 545; x_wconf 85' lang='lat' dir='ltr'><strong>proposuit</strong></span> <span class='ocrx_word' id='word_1_71' title='bbox 951 517 1014 545; x_wconf 75' lang='lat' dir='ltr'><strong>ago-</strong></span> 
     </span>
    </p>
   </div>
   <div class='ocr_carea' id='block_1_12' title="bbox 226 552 1015 590">
    <p class='ocr_par' dir='ltr' id='par_1_12' title="bbox 226 552 1015 590">
     <span class='ocr_line' id='line_1_12' title="bbox 226 552 1015 590; baseline 0.005 -12"><span class='ocrx_word' id='word_1_72' title='bbox 226 552 356 585; x_wconf 82' lang='lat' dir='ltr'><strong>notlieta,</strong></span> <span class='ocrx_word' id='word_1_73' title='bbox 389 560 537 581; x_wconf 78' lang='lat' dir='ltr'><strong>commune</strong></span> <span class='ocrx_word' id='word_1_74' title='bbox 568 554 621 582; x_wconf 92' lang='lat' dir='ltr'><strong>hoc</strong></span> <span class='ocrx_word' id='word_1_75' title='bbox 650 555 791 590; x_wconf 65' lang='lat' dir='ltr'><strong>praemium</strong></span> <span class='ocrx_word' id='word_1_76' title='bbox 818 556 1015 583; x_wconf 72' lang='lat' dir='ltr'><strong>certaminibus</strong></span> 
     </span>
    </p>
   </div>
   <div class='ocr_carea' id='block_1_13' title="bbox 226 598 1015 635">
    <p class='ocr_par' dir='ltr' id='par_1_13' title="bbox 226 598 1015 635">
     <span class='ocr_line' id='line_1_13' title="bbox 226 598 1015 635; baseline 0.005 -11"><span class='ocrx_word' id='word_1_77' title='bbox 226 598 408 627; x_wconf 82' lang='lat' dir='ltr'><strong>constituens.</strong></span> <span class='ocrx_word' id='word_1_78' title='bbox 425 599 516 627; x_wconf 73' lang='lat' dir='ltr'><strong>Multae</strong></span> <span class='ocrx_word' id='word_1_79' title='bbox 529 600 622 635; x_wconf 82' lang='lat' dir='ltr'><strong>igitur,</strong></span> <span class='ocrx_word' id='word_1_80' title='bbox 649 601 769 635; x_wconf 83' lang='lat' dir='ltr'><strong>ut-dixi,</strong></span> <span class='ocrx_word' id='word_1_81' title='bbox 799 606 825 629; x_wconf 85' lang='lat' dir='ltr'><strong>et</strong></span> <span class='ocrx_word' id='word_1_82' title='bbox 850 602 970 630; x_wconf 91' lang='lat' dir='ltr'><strong>virorum</strong></span> <span class='ocrx_word' id='word_1_83' title='bbox 988 607 1015 629; x_wconf 90' lang='lat' dir='ltr'><strong>et</strong></span> 
     </span>
    </p>
   </div>
   <div class='ocr_carea' id='block_1_14' title="bbox 227 643 1016 684">
    <p class='ocr_par' dir='ltr' id='par_1_14' title="bbox 227 643 1016 684">
     <span class='ocr_line' id='line_1_14' title="bbox 227 643 1016 684; baseline 0.009 -15"><span class='ocrx_word' id='word_1_84' title='bbox 227 643 391 672; x_wconf 81' lang='lat' dir='ltr'><strong>feminarum</strong></span> <span class='ocrx_word' id='word_1_85' title='bbox 409 645 542 680; x_wconf 71' lang='lat' dir='ltr'><strong>palaestra:</strong></span> <span class='ocrx_word' id='word_1_86' title='bbox 565 650 631 674; x_wconf 85' lang='lat' dir='ltr'><strong>sunt</strong></span> <span class='ocrx_word' id='word_1_87' title='bbox 648 647 770 681; x_wconf 87' lang='lat' dir='ltr'><strong>pietatis,</strong></span> <span class='ocrx_word' id='word_1_88' title='bbox 786 647 938 684; x_wconf 55' lang='lat' dir='ltr'><strong>non&#39;apud</strong></span> <span class='ocrx_word' id='word_1_89' title='bbox 965 655 1016 676; x_wconf 89' lang='lat' dir='ltr'><strong>nos</strong></span> 
     </span>
    </p>
   </div>
   <div class='ocr_carea' id='block_1_15' title="bbox 225 692 1014 730">
    <p class='ocr_par' dir='ltr' id='par_1_15' title="bbox 225 692 1014 730">
     <span class='ocr_line' id='line_1_15' title="bbox 225 692 1014 730; baseline 0.008 -14"><span class='ocrx_word' id='word_1_90' title='bbox 225 692 427 725; x_wconf 71' lang='lat' dir='ltr'><strong>tantummodo,</strong></span> <span class='ocrx_word' id='word_1_91' title='bbox 443 700 537 720; x_wconf 88' lang='lat' dir='ltr'><strong>verum</strong></span> <span class='ocrx_word' id='word_1_92' title='bbox 550 693 632 721; x_wconf 90' lang='lat' dir='ltr'><strong>etiam</strong></span> <span class='ocrx_word' id='word_1_93' title='bbox 646 694 673 722; x_wconf 90' lang='lat' dir='ltr'><strong>in</strong></span> <span class='ocrx_word' id='word_1_94' title='bbox 690 694 770 730; x_wconf 84' lang='lat' dir='ltr'><strong>Syria</strong></span> <span class='ocrx_word' id='word_1_95' title='bbox 786 695 926 727; x_wconf 87' lang='lat' dir='ltr'><strong>universa,</strong></span> <span class='ocrx_word' id='word_1_96' title='bbox 944 698 971 722; x_wconf 88' lang='lat' dir='ltr'><strong>et</strong></span> <span class='ocrx_word' id='word_1_97' title='bbox 987 695 1014 722; x_wconf 92' lang='lat' dir='ltr'><strong>in</strong></span> 
     </span>
    </p>
   </div>
   <div class='ocr_carea' id='block_1_16' title="bbox 225 735 1014 777">
    <p class='ocr_par' dir='ltr' id='par_1_16' title="bbox 225 735 1014 777">
     <span class='ocr_line' id='line_1_16' title="bbox 225 735 1014 777; baseline 0.008 -15"><span class='ocrx_word' id='word_1_98' title='bbox 225 735 383 770; x_wconf 55' lang='lat' dir='ltr'><strong>Palaestina,</strong></span> <span class='ocrx_word' id='word_1_99' title='bbox 410 743 436 766; x_wconf 89' lang='lat' dir='ltr'><strong>et</strong></span> <span class='ocrx_word' id='word_1_100' title='bbox 464 739 491 766; x_wconf 89' lang='lat' dir='ltr'><strong>in</strong></span> <span class='ocrx_word' id='word_1_101' title='bbox 521 739 628 772; x_wconf 88' lang='lat' dir='ltr'><strong>Cilicia,</strong></span> <span class='ocrx_word' id='word_1_102' title='bbox 647 744 673 768; x_wconf 87' lang='lat' dir='ltr'><strong>et</strong></span> <span class='ocrx_word' id='word_1_103' title='bbox 703 741 732 768; x_wconf 88' lang='lat' dir='ltr'><strong>in</strong></span> <span class='ocrx_word' id='word_1_104' title='bbox 752 740 958 777; x_wconf 83' lang='lat' dir='ltr'><strong>Mesopotamia.</strong></span> <span class='ocrx_word' id='word_1_105' title='bbox 986 740 1014 768; x_wconf 91' lang='lat' dir='ltr'><strong>In</strong></span> 
     </span>
    </p>
   </div>
   <div class='ocr_carea' id='block_1_17' title="bbox 226 780 1014 820">
    <p class='ocr_par' dir='ltr' id='par_1_17' title="bbox 226 780 1014 820">
     <span class='ocr_line' id='line_1_17' title="bbox 226 780 1014 820; baseline 0.006 -12"><span class='ocrx_word' id='word_1_106' title='bbox 226 780 346 816; x_wconf 63' lang='lat' dir='ltr'><strong>.‘Egypto</strong></span> <span class='ocrx_word' id='word_1_107' title='bbox 360 790 424 810; x_wconf 88' lang='lat' dir='ltr'><strong>vero</strong></span> <span class='ocrx_word' id='word_1_108' title='bbox 437 782 528 810; x_wconf 78' lang='lat' dir='ltr'><strong>ferunt</strong></span> <span class='ocrx_word' id='word_1_109' title='bbox 541 784 665 819; x_wconf 81' lang='lat' dir='ltr'><strong>quaedam</strong></span> <span class='ocrx_word' id='word_1_110' title='bbox 681 792 742 813; x_wconf 86' lang='lat' dir='ltr'><strong>esse</strong></span> <span class='ocrx_word' id='word_1_111' title='bbox 754 785 933 815; x_wconf 82' lang='lat' dir='ltr'><strong>monasteria.</strong></span> <span class='ocrx_word' id='word_1_112' title='bbox 951 793 1014 820; x_wconf 70' lang='lat' dir='ltr'><strong>qua:</strong></span> 
     </span>
    </p>
   </div>
   <div class='ocr_carea' id='block_1_18' title="bbox 225 828 1015 867">
    <p class='ocr_par' dir='ltr' id='par_1_18' title="bbox 225 828 1015 867">
     <span class='ocr_line' id='line_1_18' title="bbox 225 828 1015 867; baseline 0.005 -13"><span class='ocrx_word' id='word_1_113' title='bbox 225 828 346 855; x_wconf 80' lang='lat' dir='ltr'><strong>virorum</strong></span> <span class='ocrx_word' id='word_1_114' title='bbox 360 828 479 857; x_wconf 85' lang='lat' dir='ltr'><strong>habeant</strong></span> <span class='ocrx_word' id='word_1_115' title='bbox 491 830 525 858; x_wconf 87' lang='lat' dir='ltr'><strong>ad</strong></span> <span class='ocrx_word' id='word_1_116' title='bbox 541 831 663 866; x_wconf 87' lang='lat' dir='ltr'><strong>quinque</strong></span> <span class='ocrx_word' id='word_1_117' title='bbox 685 831 780 865; x_wconf 85' lang='lat' dir='ltr'><strong>millia,</strong></span> <span class='ocrx_word' id='word_1_118' title='bbox 811 839 880 867; x_wconf 91' lang='lat' dir='ltr'><strong>opus</strong></span> <span class='ocrx_word' id='word_1_119' title='bbox 911 831 1015 859; x_wconf 84' lang='lat' dir='ltr'><strong>facien-</strong></span> 
     </span>
    </p>
   </div>
   <div class='ocr_carea' id='block_1_19' title="bbox 225 873 1015 914">
    <p class='ocr_par' dir='ltr' id='par_1_19' title="bbox 225 873 1015 914">
     <span class='ocr_line' id='line_1_19' title="bbox 225 873 1015 914; baseline 0.008 -15"><span class='ocrx_word' id='word_1_120' title='bbox 225 874 304 906; x_wconf 90' lang='lat' dir='ltr'><strong>tium,</strong></span> <span class='ocrx_word' id='word_1_121' title='bbox 330 873 470 910; x_wconf 85' lang='lat' dir='ltr'><strong>Deumque</strong></span> <span class='ocrx_word' id='word_1_122' title='bbox 497 876 601 906; x_wconf 89' lang='lat' dir='ltr'><strong>interea</strong></span> <span class='ocrx_word' id='word_1_123' title='bbox 625 877 807 911; x_wconf 82' lang='lat' dir='ltr'><strong>laudantium,</strong></span> <span class='ocrx_word' id='word_1_124' title='bbox 836 878 881 913; x_wconf 85' lang='lat' dir='ltr'><strong>qui</strong></span> <span class='ocrx_word' id='word_1_125' title='bbox 904 878 1015 914; x_wconf 78' lang='lat' dir='ltr'><strong>opificio</strong></span> 
     </span>
    </p>
   </div>
   <div class='ocr_carea' id='block_1_20' title="bbox 226 922 1013 959">
    <p class='ocr_par' dir='ltr' id='par_1_20' title="bbox 226 922 1013 959">
     <span class='ocr_line' id='line_1_20' title="bbox 226 922 1013 959; baseline 0.008 -13"><span class='ocrx_word' id='word_1_126' title='bbox 226 927 277 947; x_wconf 79' lang='lat' dir='ltr'><strong>suo</strong></span> <span class='ocrx_word' id='word_1_127' title='bbox 291 928 344 947; x_wconf 92' lang='lat' dir='ltr'><strong>non</strong></span> <span class='ocrx_word' id='word_1_128' title='bbox 363 922 451 949; x_wconf 85' lang='lat' dir='ltr'><strong>solum</strong></span> <span class='ocrx_word' id='word_1_129' title='bbox 480 923 584 951; x_wconf 84' lang='lat' dir='ltr'><strong>victum</strong></span> <span class='ocrx_word' id='word_1_130' title='bbox 610 929 706 959; x_wconf 86' lang='lat' dir='ltr'><strong>parant</strong></span> <span class='ocrx_word' id='word_1_131' title='bbox 736 925 935 957; x_wconf 79' lang='lat' dir='ltr'><strong>necessarium,</strong></span> <span class='ocrx_word' id='word_1_132' title='bbox 967 925 1013 953; x_wconf 88' lang='lat' dir='ltr'><strong>scd</strong></span> 
     </span>
    </p>
   </div>
   <div class='ocr_carea' id='block_1_21' title="bbox 227 967 1014 1005">
    <p class='ocr_par' dir='ltr' id='par_1_21' title="bbox 227 967 1014 1005">
     <span class='ocr_line' id='line_1_21' title="bbox 227 967 1014 1005; baseline 0.008 -14"><span class='ocrx_word' id='word_1_133' title='bbox 227 967 377 1001; x_wconf 82' lang='lat' dir='ltr'><strong>peregrinis</strong></span> <span class='ocrx_word' id='word_1_134' title='bbox 401 968 483 995; x_wconf 89' lang='lat' dir='ltr'><strong>etiam</strong></span> <span class='ocrx_word' id='word_1_135' title='bbox 501 969 700 1005; x_wconf 80' lang='lat' dir='ltr'><strong>egentibusque</strong></span> <span class='ocrx_word' id='word_1_136' title='bbox 723 970 900 998; x_wconf 81' lang='lat' dir='ltr'><strong>subveniunt.</strong></span> <span class='ocrx_word' id='word_1_137' title='bbox 915 969 1014 998; x_wconf 85' lang='lat' dir='ltr'><strong>Verum</strong></span> 
     </span>
    </p>
   </div>
   <div class='ocr_carea' id='block_1_22' title="bbox 226 1014 1014 1049">
    <p class='ocr_par' dir='ltr' id='par_1_22' title="bbox 226 1014 1014 1049">
     <span class='ocr_line' id='line_1_22' title="bbox 226 1014 1014 1049; baseline 0.008 -11"><span class='ocrx_word' id='word_1_138' title='bbox 226 1014 317 1040; x_wconf 82' lang='lat' dir='ltr'><strong>omnia</strong></span> <span class='ocrx_word' id='word_1_139' title='bbox 335 1022 475 1048; x_wconf 82' lang='lat' dir='ltr'><strong>enarrare,</strong></span> <span class='ocrx_word' id='word_1_140' title='bbox 494 1024 548 1044; x_wconf 90' lang='lat' dir='ltr'><strong>non</strong></span> <span class='ocrx_word' id='word_1_141' title='bbox 565 1017 631 1044; x_wconf 89' lang='lat' dir='ltr'><strong>mibi</strong></span> <span class='ocrx_word' id='word_1_142' title='bbox 647 1021 763 1049; x_wconf 84' lang='lat' dir='ltr'><strong>tantum,</strong></span> <span class='ocrx_word' id='word_1_143' title='bbox 777 1017 825 1045; x_wconf 90' lang='lat' dir='ltr'><strong>sed</strong></span> <span class='ocrx_word' id='word_1_144' title='bbox 840 1023 867 1045; x_wconf 85' lang='lat' dir='ltr'><strong>et</strong></span> <span class='ocrx_word' id='word_1_145' title='bbox 886 1017 1014 1044; x_wconf 87' lang='lat' dir='ltr'><strong>omnibus</strong></span> 
     </span>
    </p>
   </div>
   <div class='ocr_carea' id='block_1_23' title="bbox 226 1059 1013 1099">
    <p class='ocr_par' dir='ltr' id='par_1_23' title="bbox 226 1059 1013 1099">
     <span class='ocr_line' id='line_1_23' title="bbox 226 1059 1013 1099; baseline 0.006 -14"><span class='ocrx_word' id='word_1_146' title='bbox 226 1059 368 1088; x_wconf 82' lang='lat' dir='ltr'><strong>historicis</strong></span> <span class='ocrx_word' id='word_1_147' title='bbox 380 1062 548 1097; x_wconf 85' lang='lat' dir='ltr'><strong>impossibile</strong></span> <span class='ocrx_word' id='word_1_148' title='bbox 558 1063 650 1091; x_wconf 79' lang='lat' dir='ltr'><strong>fuerit.</strong></span> <span class='ocrx_word' id='word_1_149' title='bbox 663 1063 741 1097; x_wconf 88' lang='lat' dir='ltr'><strong>Quod</strong></span> <span class='ocrx_word' id='word_1_150' title='bbox 753 1064 775 1091; x_wconf 90' lang='lat' dir='ltr'><strong>si</strong></span> <span class='ocrx_word' id='word_1_151' title='bbox 789 1064 919 1099; x_wconf 86' lang='lat' dir='ltr'><strong>possibile</strong></span> <span class='ocrx_word' id='word_1_152' title='bbox 931 1064 1013 1096; x_wconf 83' lang='lat' dir='ltr'><strong>foret,</strong></span> 
     </span>
    </p>
   </div>
   <div class='ocr_carea' id='block_1_24' title="bbox 224 1109 1014 1144">
    <p class='ocr_par' dir='ltr' id='par_1_24' title="bbox 224 1109 1014 1144">
     <span class='ocr_line' id='line_1_24' title="bbox 224 1109 1014 1144; baseline 0.003 -9"><span class='ocrx_word' id='word_1_153' title='bbox 224 1114 461 1143; x_wconf 70' lang='lat' dir='ltr'><strong>Supervacaneum</strong></span> <span class='ocrx_word' id='word_1_154' title='bbox 479 1112 570 1136; x_wconf 86' lang='lat' dir='ltr'><strong>tamen</strong></span> <span class='ocrx_word' id='word_1_155' title='bbox 586 1109 708 1136; x_wconf 79' lang='lat' dir='ltr'><strong>futurum</strong></span> <span class='ocrx_word' id='word_1_156' title='bbox 725 1113 861 1144; x_wconf 89' lang='lat' dir='ltr'><strong>putarem,</strong></span> <span class='ocrx_word' id='word_1_157' title='bbox 890 1114 1014 1137; x_wconf 85' lang='lat' dir='ltr'><strong>ostenta-</strong></span> 
     </span>
    </p>
   </div>
   <div class='ocr_carea' id='block_1_25' title="bbox 224 1155 1014 1191">
    <p class='ocr_par' dir='ltr' id='par_1_25' title="bbox 224 1155 1014 1191">
     <span class='ocr_line' id='line_1_25' title="bbox 224 1155 1014 1191; baseline 0.001 -10"><span class='ocrx_word' id='word_1_158' title='bbox 224 1155 382 1190; x_wconf 83' lang='lat' dir='ltr'><strong>tionemque</strong></span> <span class='ocrx_word' id='word_1_159' title='bbox 403 1155 478 1182; x_wconf 90' lang='lat' dir='ltr'><strong>omni</strong></span> <span class='ocrx_word' id='word_1_160' title='bbox 509 1155 600 1183; x_wconf 76' lang='lat' dir='ltr'><strong>{ructu</strong></span> <span class='ocrx_word' id='word_1_161' title='bbox 628 1155 789 1182; x_wconf 81' lang='lat' dir='ltr'><strong>carituram.</strong></span> <span class='ocrx_word' id='word_1_162' title='bbox 811 1155 846 1182; x_wconf 88' lang='lat' dir='ltr'><strong>lis</strong></span> <span class='ocrx_word' id='word_1_163' title='bbox 867 1156 939 1182; x_wconf 89' lang='lat' dir='ltr'><strong>enim</strong></span> <span class='ocrx_word' id='word_1_164' title='bbox 966 1155 1014 1191; x_wconf 89' lang='lat' dir='ltr'><strong>qui</strong></span> 
     </span>
    </p>
   </div>
   <div class='ocr_carea' id='block_1_26' title="bbox 223 1200 1014 1237">
    <p class='ocr_par' dir='ltr' id='par_1_26' title="bbox 223 1200 1014 1237">
     <span class='ocr_line' id='line_1_26' title="bbox 223 1200 1014 1237; baseline 0.003 -10"><span class='ocrx_word' id='word_1_165' title='bbox 223 1200 370 1228; x_wconf 81' lang='lat' dir='ltr'><strong>utilitatem</strong></span> <span class='ocrx_word' id='word_1_166' title='bbox 383 1201 503 1235; x_wconf 84' lang='lat' dir='ltr'><strong>aliquam</strong></span> <span class='ocrx_word' id='word_1_167' title='bbox 523 1209 620 1237; x_wconf 82' lang='lat' dir='ltr'><strong>capere</strong></span> <span class='ocrx_word' id='word_1_168' title='bbox 643 1202 771 1236; x_wconf 82' lang='lat' dir='ltr'><strong>cupiunt,</strong></span> <span class='ocrx_word' id='word_1_169' title='bbox 799 1201 937 1229; x_wconf 78' lang='lat' dir='ltr'><strong>sufficiunt</strong></span> <span class='ocrx_word' id='word_1_170' title='bbox 954 1209 1014 1237; x_wconf 78' lang='lat' dir='ltr'><strong>quae</strong></span> 
     </span>
    </p>
   </div>
   <div class='ocr_carea' id='block_1_27' title="bbox 223 1246 1013 1283">
    <p class='ocr_par' dir='ltr' id='par_1_27' title="bbox 223 1246 1013 1283">
     <span class='ocr_line' id='line_1_27' title="bbox 223 1246 1013 1283; baseline 0.001 -10"><span class='ocrx_word' id='word_1_171' title='bbox 223 1246 297 1274; x_wconf 89' lang='lat' dir='ltr'><strong>dicta</strong></span> <span class='ocrx_word' id='word_1_172' title='bbox 311 1251 385 1280; x_wconf 88' lang='lat' dir='ltr'><strong>sunt,</strong></span> <span class='ocrx_word' id='word_1_173' title='bbox 400 1250 429 1274; x_wconf 92' lang='lat' dir='ltr'><strong>ut</strong></span> <span class='ocrx_word' id='word_1_174' title='bbox 445 1247 499 1275; x_wconf 90' lang='lat' dir='ltr'><strong>voti</strong></span> <span class='ocrx_word' id='word_1_175' title='bbox 515 1251 656 1283; x_wconf 80' lang='lat' dir='ltr'><strong>compotes</strong></span> <span class='ocrx_word' id='word_1_176' title='bbox 674 1248 750 1275; x_wconf 84' lang='lat' dir='ltr'><strong>ﬁant.</strong></span> <span class='ocrx_word' id='word_1_177' title='bbox 764 1247 868 1276; x_wconf 89' lang='lat' dir='ltr'><strong>Idcirco</strong></span> <span class='ocrx_word' id='word_1_178' title='bbox 879 1248 952 1275; x_wconf 80' lang='lat' dir='ltr'><strong>enirn</strong></span> <span class='ocrx_word' id='word_1_179' title='bbox 970 1247 1013 1275; x_wconf 90' lang='lat' dir='ltr'><strong>di-</strong></span> 
     </span>
    </p>
   </div>
   <div class='ocr_carea' id='block_1_28' title="bbox 223 1293 1014 1328">
    <p class='ocr_par' dir='ltr' id='par_1_28' title="bbox 223 1293 1014 1328">
     <span class='ocr_line' id='line_1_28' title="bbox 223 1293 1014 1328; baseline 0.003 -8"><span class='ocrx_word' id='word_1_180' title='bbox 223 1300 318 1320; x_wconf 79' lang='lat' dir='ltr'><strong>versas</strong></span> <span class='ocrx_word' id='word_1_181' title='bbox 334 1293 405 1321; x_wconf 83' lang='lat' dir='ltr'><strong>vitas</strong></span> <span class='ocrx_word' id='word_1_182' title='bbox 419 1294 607 1328; x_wconf 82' lang='lat' dir='ltr'><strong>exposuimus,</strong></span> <span class='ocrx_word' id='word_1_183' title='bbox 623 1298 650 1321; x_wconf 87' lang='lat' dir='ltr'><strong>et</strong></span> <span class='ocrx_word' id='word_1_184' title='bbox 661 1293 825 1322; x_wconf 81' lang='lat' dir='ltr'><strong>feminarum</strong></span> <span class='ocrx_word' id='word_1_185' title='bbox 841 1294 1014 1322; x_wconf 83' lang='lat' dir='ltr'><strong>narrationes</strong></span> 
     </span>
    </p>
   </div>
   <div class='ocr_carea' id='block_1_29' title="bbox 223 1339 1014 1375">
    <p class='ocr_par' dir='ltr' id='par_1_29' title="bbox 223 1339 1014 1375">
     <span class='ocr_line' id='line_1_29' title="bbox 223 1339 1014 1375; baseline 0.003 -10"><span class='ocrx_word' id='word_1_186' title='bbox 223 1339 256 1366; x_wconf 81' lang='lat' dir='ltr'><strong>ad</strong></span> <span class='ocrx_word' id='word_1_187' title='bbox 274 1347 321 1366; x_wconf 85' lang='lat' dir='ltr'><strong>cas</strong></span> <span class='ocrx_word' id='word_1_188' title='bbox 336 1347 397 1374; x_wconf 64' lang='lat' dir='ltr'><strong>quae</strong></span> <span class='ocrx_word' id='word_1_189' title='bbox 415 1340 535 1367; x_wconf 88' lang='lat' dir='ltr'><strong>virorum</strong></span> <span class='ocrx_word' id='word_1_190' title='bbox 553 1346 632 1367; x_wconf 87' lang='lat' dir='ltr'><strong>erant</strong></span> <span class='ocrx_word' id='word_1_191' title='bbox 646 1340 808 1375; x_wconf 88' lang='lat' dir='ltr'><strong>adjecimus,</strong></span> <span class='ocrx_word' id='word_1_192' title='bbox 836 1344 865 1367; x_wconf 93' lang='lat' dir='ltr'><strong>ut</strong></span> <span class='ocrx_word' id='word_1_193' title='bbox 893 1340 1014 1368; x_wconf 86' lang='lat' dir='ltr'><strong>habeant</strong></span> 
     </span>
    </p>
   </div>
   <div class='ocr_carea' id='block_1_30' title="bbox 223 1384 1015 1422">
    <p class='ocr_par' dir='ltr' id='par_1_30' title="bbox 223 1384 1015 1422">
     <span class='ocr_line' id='line_1_30' title="bbox 223 1384 1015 1422; baseline 0.004 -11"><span class='ocrx_word' id='word_1_194' title='bbox 223 1389 250 1411; x_wconf 89' lang='lat' dir='ltr'><strong>et</strong></span> <span class='ocrx_word' id='word_1_195' title='bbox 262 1392 353 1418; x_wconf 81' lang='lat' dir='ltr'><strong>senes,</strong></span> <span class='ocrx_word' id='word_1_196' title='bbox 367 1388 394 1412; x_wconf 84' lang='lat' dir='ltr'><strong>et</strong></span> <span class='ocrx_word' id='word_1_197' title='bbox 406 1384 532 1420; x_wconf 85' lang='lat' dir='ltr'><strong>juvenes,</strong></span> <span class='ocrx_word' id='word_1_198' title='bbox 549 1391 576 1413; x_wconf 91' lang='lat' dir='ltr'><strong>et</strong></span> <span class='ocrx_word' id='word_1_199' title='bbox 586 1385 703 1419; x_wconf 76' lang='lat' dir='ltr'><strong>feminze,</strong></span> <span class='ocrx_word' id='word_1_200' title='bbox 713 1386 882 1422; x_wconf 78' lang='lat' dir='ltr'><strong>exemplaria</strong></span> <span class='ocrx_word' id='word_1_201' title='bbox 895 1386 1015 1421; x_wconf 89' lang='lat' dir='ltr'><strong>philoso-</strong></span> 
     </span>
    </p>
   </div>
   <div class='ocr_carea' id='block_1_31' title="bbox 223 1430 1010 1468">
    <p class='ocr_par' dir='ltr' id='par_1_31' title="bbox 223 1430 1010 1468">
     <span class='ocr_line' id='line_1_31' title="bbox 223 1430 1010 1468; baseline 0.005 -12"><span class='ocrx_word' id='word_1_202' title='bbox 223 1430 304 1464; x_wconf 67' lang='lat' dir='ltr'><strong>phiae,</strong></span> <span class='ocrx_word' id='word_1_203' title='bbox 331 1436 492 1466; x_wconf 75' lang='lat' dir='ltr'><strong>gratamque</strong></span> <span class='ocrx_word' id='word_1_204' title='bbox 519 1431 572 1459; x_wconf 84' lang='lat' dir='ltr'><strong>sibi</strong></span> <span class='ocrx_word' id='word_1_205' title='bbox 596 1432 715 1467; x_wconf 88' lang='lat' dir='ltr'><strong>quisque</strong></span> <span class='ocrx_word' id='word_1_206' title='bbox 741 1433 824 1460; x_wconf 89' lang='lat' dir='ltr'><strong>vitam</strong></span> <span class='ocrx_word' id='word_1_207' title='bbox 852 1433 1010 1468; x_wconf 78' lang='lat' dir='ltr'><strong>exprimens</strong></span> 
     </span>
    </p>
   </div>
   <div class='ocr_carea' id='block_1_32' title="bbox 222 1478 1013 1515">
    <p class='ocr_par' dir='ltr' id='par_1_32' title="bbox 222 1478 1013 1515">
     <span class='ocr_line' id='line_1_32' title="bbox 222 1478 1013 1515; baseline 0.004 -11"><span class='ocrx_word' id='word_1_208' title='bbox 222 1478 284 1505; x_wconf 72' lang='lat' dir='ltr'><strong>vita:</strong></span> <span class='ocrx_word' id='word_1_209' title='bbox 297 1486 354 1505; x_wconf 80' lang='lat' dir='ltr'><strong>suae</strong></span> <span class='ocrx_word' id='word_1_210' title='bbox 364 1479 486 1514; x_wconf 79' lang='lat' dir='ltr'><strong>regulam</strong></span> <span class='ocrx_word' id='word_1_211' title='bbox 496 1485 527 1506; x_wconf 86' lang='lat' dir='ltr'><strong>ac</strong></span> <span class='ocrx_word' id='word_1_212' title='bbox 543 1486 668 1506; x_wconf 90' lang='lat' dir='ltr'><strong>normam</strong></span> <span class='ocrx_word' id='word_1_213' title='bbox 694 1479 793 1507; x_wconf 87' lang='lat' dir='ltr'><strong>habeat</strong></span> <span class='ocrx_word' id='word_1_214' title='bbox 807 1487 866 1507; x_wconf 88' lang='lat' dir='ltr'><strong>eam</strong></span> <span class='ocrx_word' id='word_1_215' title='bbox 895 1487 957 1515; x_wconf 67' lang='lat' dir='ltr'><strong>qute</strong></span> <span class='ocrx_word' id='word_1_216' title='bbox 986 1480 1013 1507; x_wconf 92' lang='lat' dir='ltr'><strong>in</strong></span> 
     </span>
    </p>
   </div>
   <div class='ocr_carea' id='block_1_33' title="bbox 223 1524 1014 1561">
    <p class='ocr_par' dir='ltr' id='par_1_33' title="bbox 223 1524 1014 1561">
     <span class='ocr_line' id='line_1_33' title="bbox 223 1524 1014 1561; baseline 0.004 -11"><span class='ocrx_word' id='word_1_217' title='bbox 223 1524 383 1552; x_wconf 82' lang='lat' dir='ltr'><strong>narratione</strong></span> <span class='ocrx_word' id='word_1_218' title='bbox 397 1525 563 1552; x_wconf 84' lang='lat' dir='ltr'><strong>continetur.</strong></span> <span class='ocrx_word' id='word_1_219' title='bbox 592 1524 623 1551; x_wconf 85' lang='lat' dir='ltr'><strong>Et</strong></span> <span class='ocrx_word' id='word_1_220' title='bbox 640 1525 870 1560; x_wconf 82' lang='lat' dir='ltr'><strong>quemadmodum</strong></span> <span class='ocrx_word' id='word_1_221' title='bbox 893 1526 1014 1561; x_wconf 84' lang='lat' dir='ltr'><strong>pictores</strong></span> 
     </span>
    </p>
   </div>
   <div class='ocr_carea' id='block_1_34' title="bbox 222 1570 1050 1618">
    <p class='ocr_par' dir='ltr' id='par_1_34' title="bbox 222 1570 1050 1618">
     <span class='ocr_line' id='line_1_34' title="bbox 222 1570 1050 1618; baseline 0.001 -20"><span class='ocrx_word' id='word_1_222' title='bbox 222 1570 251 1598; x_wconf 88' lang='lat' dir='ltr'><strong>in</strong></span> <span class='ocrx_word' id='word_1_223' title='bbox 263 1570 441 1606; x_wconf 82' lang='lat' dir='ltr'><strong>archetypum</strong></span> <span class='ocrx_word' id='word_1_224' title='bbox 455 1571 604 1604; x_wconf 86' lang='lat' dir='ltr'><strong>intuentes,</strong></span> <span class='ocrx_word' id='word_1_225' title='bbox 616 1576 642 1599; x_wconf 92' lang='lat' dir='ltr'><strong>et</strong></span> <span class='ocrx_word' id='word_1_226' title='bbox 652 1572 748 1600; x_wconf 90' lang='lat' dir='ltr'><strong>oculos</strong></span> <span class='ocrx_word' id='word_1_227' title='bbox 759 1571 910 1605; x_wconf 88' lang='lat' dir='ltr'><strong>imitantur,</strong></span> <span class='ocrx_word' id='word_1_228' title='bbox 925 1577 952 1599; x_wconf 92' lang='lat' dir='ltr'><strong>et</strong></span> <span class='ocrx_word' id='word_1_229' title='bbox 966 1579 1014 1599; x_wconf 86' lang='lat' dir='ltr'><strong>na-</strong></span> <span class='ocrx_word' id='word_1_230' title='bbox 1028 1587 1050 1618; x_wconf 65' lang='grc' dir='ltr'><strong>ρ</strong></span> 
     </span>
    </p>
   </div>
   <div class='ocr_carea' id='block_1_35' title="bbox 221 1618 1015 1653">
    <p class='ocr_par' dir='ltr' id='par_1_35' title="bbox 221 1618 1015 1653">
     <span class='ocr_line' id='line_1_35' title="bbox 221 1618 1015 1653; baseline 0.001 -9"><span class='ocrx_word' id='word_1_231' title='bbox 221 1624 292 1649; x_wconf 82' lang='lat' dir='ltr'><strong>sum,</strong></span> <span class='ocrx_word' id='word_1_232' title='bbox 309 1620 336 1644; x_wconf 85' lang='lat' dir='ltr'><strong>et</strong></span> <span class='ocrx_word' id='word_1_233' title='bbox 349 1624 389 1651; x_wconf 73' lang='lat' dir='ltr'><strong>os,</strong></span> <span class='ocrx_word' id='word_1_234' title='bbox 398 1621 424 1645; x_wconf 91' lang='lat' dir='ltr'><strong>et</strong></span> <span class='ocrx_word' id='word_1_235' title='bbox 432 1624 526 1653; x_wconf 74' lang='lat' dir='ltr'><strong>genas,</strong></span> <span class='ocrx_word' id='word_1_236' title='bbox 540 1621 567 1645; x_wconf 86' lang='lat' dir='ltr'><strong>et</strong></span> <span class='ocrx_word' id='word_1_237' title='bbox 579 1625 670 1651; x_wconf 86' lang='lat' dir='ltr'><strong>aures,</strong></span> <span class='ocrx_word' id='word_1_238' title='bbox 685 1621 712 1646; x_wconf 91' lang='lat' dir='ltr'><strong>et</strong></span> <span class='ocrx_word' id='word_1_239' title='bbox 723 1618 826 1650; x_wconf 87' lang='lat' dir='ltr'><strong>vultus,</strong></span> <span class='ocrx_word' id='word_1_240' title='bbox 841 1621 868 1646; x_wconf 91' lang='lat' dir='ltr'><strong>et</strong></span> <span class='ocrx_word' id='word_1_241' title='bbox 883 1618 958 1653; x_wconf 89' lang='lat' dir='ltr'><strong>ipsos</strong></span> <span class='ocrx_word' id='word_1_242' title='bbox 970 1626 1015 1645; x_wconf 91' lang='lat' dir='ltr'><strong>ca-</strong></span> 
     </span>
    </p>
   </div>
   <div class='ocr_carea' id='block_1_36' title="bbox 221 1662 1017 1700">
    <p class='ocr_par' dir='ltr' id='par_1_36' title="bbox 221 1662 1017 1700">
     <span class='ocr_line' id='line_1_36' title="bbox 221 1662 1017 1700; baseline 0.001 -10"><span class='ocrx_word' id='word_1_243' title='bbox 221 1663 285 1698; x_wconf 86' lang='lat' dir='ltr'><strong>pitis</strong></span> <span class='ocrx_word' id='word_1_244' title='bbox 301 1662 445 1698; x_wconf 68' lang='lat' dir='ltr'><strong>barbmquc</strong></span> <span class='ocrx_word' id='word_1_245' title='bbox 454 1663 534 1698; x_wconf 91' lang='lat' dir='ltr'><strong>pilos,</strong></span> <span class='ocrx_word' id='word_1_246' title='bbox 556 1670 588 1691; x_wconf 90' lang='lat' dir='ltr'><strong>ac</strong></span> <span class='ocrx_word' id='word_1_247' title='bbox 608 1668 740 1700; x_wconf 66' lang='lat' dir='ltr'><strong>praeterea</strong></span> <span class='ocrx_word' id='word_1_248' title='bbox 753 1664 905 1692; x_wconf 87' lang='lat' dir='ltr'><strong>sessionem</strong></span> <span class='ocrx_word' id='word_1_249' title='bbox 916 1671 948 1691; x_wconf 84' lang='lat' dir='ltr'><strong>ac</strong></span> <span class='ocrx_word' id='word_1_250' title='bbox 960 1668 1017 1693; x_wconf 90' lang='lat' dir='ltr'><strong>sta-</strong></span> 
     </span>
    </p>
   </div>
   <div class='ocr_carea' id='block_1_37' title="bbox 221 1708 1017 1744">
    <p class='ocr_par' dir='ltr' id='par_1_37' title="bbox 221 1708 1017 1744">
     <span class='ocr_line' id='line_1_37' title="bbox 221 1708 1017 1744; baseline 0.003 -9"><span class='ocrx_word' id='word_1_251' title='bbox 221 1708 336 1740; x_wconf 88' lang='lat' dir='ltr'><strong>tionem,</strong></span> <span class='ocrx_word' id='word_1_252' title='bbox 345 1713 373 1736; x_wconf 85' lang='lat' dir='ltr'><strong>et~</strong></span> <span class='ocrx_word' id='word_1_253' title='bbox 382 1713 477 1743; x_wconf 77' lang='lat' dir='ltr'><strong>gestus</strong></span> <span class='ocrx_word' id='word_1_254' title='bbox 485 1709 560 1744; x_wconf 88' lang='lat' dir='ltr'><strong>ipsos</strong></span> <span class='ocrx_word' id='word_1_255' title='bbox 567 1709 709 1737; x_wconf 90' lang='lat' dir='ltr'><strong>oculorum</strong></span> <span class='ocrx_word' id='word_1_256' title='bbox 719 1709 760 1738; x_wconf 84' lang='lat' dir='ltr'><strong>vel</strong></span> <span class='ocrx_word' id='word_1_257' title='bbox 770 1709 882 1743; x_wconf 86' lang='lat' dir='ltr'><strong>hilares,</strong></span> <span class='ocrx_word' id='word_1_258' title='bbox 890 1710 931 1738; x_wconf 82' lang='lat' dir='ltr'><strong>rel</strong></span> <span class='ocrx_word' id='word_1_259' title='bbox 941 1709 1017 1738; x_wconf 86' lang='lat' dir='ltr'><strong>terri-</strong></span> 
     </span>
    </p>
   </div>
   <div class='ocr_carea' id='block_1_38' title="bbox 220 1754 1012 1790">
    <p class='ocr_par' dir='ltr' id='par_1_38' title="bbox 220 1754 1012 1790">
     <span class='ocr_line' id='line_1_38' title="bbox 220 1754 1012 1790; baseline 0.003 -9"><span class='ocrx_word' id='word_1_260' title='bbox 220 1754 305 1782; x_wconf 88' lang='lat' dir='ltr'><strong>biles:</strong></span> <span class='ocrx_word' id='word_1_261' title='bbox 317 1754 423 1790; x_wconf 77' lang='lat'><strong>1295</strong></span> <span class='ocrx_word' id='word_1_262' title='bbox 434 1755 473 1782; x_wconf 88' lang='lat' dir='ltr'><strong>sic</strong></span> <span class='ocrx_word' id='word_1_263' title='bbox 482 1762 575 1782; x_wconf 89' lang='lat' dir='ltr'><strong>eorum</strong></span> <span class='ocrx_word' id='word_1_264' title='bbox 587 1755 634 1790; x_wconf 90' lang='lat' dir='ltr'><strong>qui</strong></span> <span class='ocrx_word' id='word_1_265' title='bbox 643 1755 820 1790; x_wconf 87' lang='lat' dir='ltr'><strong>scriptionem</strong></span> <span class='ocrx_word' id='word_1_266' title='bbox 834 1756 905 1783; x_wconf 89' lang='lat' dir='ltr'><strong>hanc</strong></span> <span class='ocrx_word' id='word_1_267' title='bbox 919 1756 1012 1790; x_wconf 83' lang='lat' dir='ltr'><strong>legunt</strong></span> 
     </span>
    </p>
   </div>
   <div class='ocr_carea' id='block_1_39' title="bbox 221 1801 1014 1837">
    <p class='ocr_par' dir='ltr' id='par_1_39' title="bbox 221 1801 1014 1837">
     <span class='ocr_line' id='line_1_39' title="bbox 221 1801 1014 1837; baseline 0.003 -11"><span class='ocrx_word' id='word_1_268' title='bbox 221 1808 445 1835; x_wconf 87' lang='lat' dir='ltr'><strong>unumquemque</strong></span> <span class='ocrx_word' id='word_1_269' title='bbox 455 1804 569 1836; x_wconf 88' lang='lat' dir='ltr'><strong>oportet,</strong></span> <span class='ocrx_word' id='word_1_270' title='bbox 580 1801 626 1828; x_wconf 92' lang='lat' dir='ltr'><strong>ubi</strong></span> <span class='ocrx_word' id='word_1_271' title='bbox 638 1801 720 1828; x_wconf 86' lang='lat' dir='ltr'><strong>vitam</strong></span> <span class='ocrx_word' id='word_1_272' title='bbox 728 1801 846 1837; x_wconf 83' lang='lat' dir='ltr'><strong>aliquam</strong></span> <span class='ocrx_word' id='word_1_273' title='bbox 854 1801 1014 1828; x_wconf 88' lang='lat' dir='ltr'><strong>imitandam</strong></span> 
     </span>
    </p>
   </div>
   <div class='ocr_carea' id='block_1_40' title="bbox 221 1846 1009 1882">
    <p class='ocr_par' dir='ltr' id='par_1_40' title="bbox 221 1846 1009 1882">
     <span class='ocr_line' id='line_1_40' title="bbox 221 1846 1009 1882; baseline 0.003 -9"><span class='ocrx_word' id='word_1_274' title='bbox 221 1846 273 1873; x_wconf 87' lang='lat' dir='ltr'><strong>sibi</strong></span> <span class='ocrx_word' id='word_1_275' title='bbox 293 1847 477 1881; x_wconf 81' lang='lat' dir='ltr'><strong>proposuerit,</strong></span> <span class='ocrx_word' id='word_1_276' title='bbox 488 1846 522 1874; x_wconf 91' lang='lat' dir='ltr'><strong>ad</strong></span> <span class='ocrx_word' id='word_1_277' title='bbox 535 1847 608 1874; x_wconf 89' lang='lat' dir='ltr'><strong>illam</strong></span> <span class='ocrx_word' id='word_1_278' title='bbox 622 1854 704 1882; x_wconf 90' lang='lat' dir='ltr'><strong>quam</strong></span> <span class='ocrx_word' id='word_1_279' title='bbox 720 1847 909 1882; x_wconf 79' lang='lat' dir='ltr'><strong>delcgitsuam</strong></span> <span class='ocrx_word' id='word_1_280' title='bbox 921 1848 1009 1882; x_wconf 89' lang='lat' dir='ltr'><strong>ipsius</strong></span> 
     </span>
    </p>
   </div>
   <div class='ocr_carea' id='block_1_41' title="bbox 223 1893 1014 1928">
    <p class='ocr_par' dir='ltr' id='par_1_41' title="bbox 223 1893 1014 1928">
     <span class='ocr_line' id='line_1_41' title="bbox 223 1893 1014 1928; baseline 0.004 -10"><span class='ocrx_word' id='word_1_281' title='bbox 223 1893 408 1921; x_wconf 78' lang='lat' dir='ltr'><strong>conformare.</strong></span> <span class='ocrx_word' id='word_1_282' title='bbox 422 1893 454 1919; x_wconf 79' lang='lat' dir='ltr'><strong>Et</strong></span> <span class='ocrx_word' id='word_1_283' title='bbox 468 1893 697 1928; x_wconf 85' lang='lat' dir='ltr'><strong>quemadmodum</strong></span> <span class='ocrx_word' id='word_1_284' title='bbox 707 1893 778 1921; x_wconf 81' lang='lat' dir='ltr'><strong>fabri</strong></span> <span class='ocrx_word' id='word_1_285' title='bbox 790 1894 837 1928; x_wconf 92' lang='lat' dir='ltr'><strong>qui</strong></span> <span class='ocrx_word' id='word_1_286' title='bbox 846 1894 1014 1922; x_wconf 80' lang='lat' dir='ltr'><strong>adamussim</strong></span> 
     </span>
    </p>
   </div>
   <div class='ocr_carea' id='block_1_42' title="bbox 223 1938 1029 1978">
    <p class='ocr_par' dir='ltr' id='par_1_42' title="bbox 223 1938 1029 1978">
     <span class='ocr_line' id='line_1_42' title="bbox 223 1938 1029 1978; baseline 0.002 -13"><span class='ocrx_word' id='word_1_287' title='bbox 223 1939 331 1966; x_wconf 86' lang='lat' dir='ltr'><strong>tabulas</strong></span> <span class='ocrx_word' id='word_1_288' title='bbox 355 1938 496 1974; x_wconf 84' lang='lat' dir='ltr'><strong>dirigunt,</strong></span> <span class='ocrx_word' id='word_1_289' title='bbox 522 1946 556 1966; x_wconf 86' lang='lat' dir='ltr'><strong>eo</strong></span> <span class='ocrx_word' id='word_1_290' title='bbox 575 1947 663 1974; x_wconf 85' lang='lat' dir='ltr'><strong>usque</strong></span> <span class='ocrx_word' id='word_1_291' title='bbox 679 1939 818 1974; x_wconf 76' lang='lat' dir='ltr'><strong>superﬂua</strong></span> <span class='ocrx_word' id='word_1_292' title='bbox 845 1940 1029 1978; x_wconf 77' lang='lat' dir='ltr'><strong>detraliunt,&#39;</strong></span> 
     </span>
    </p>
   </div>
   <div class='ocr_carea' id='block_1_43' title="bbox 222 1985 1012 2021">
    <p class='ocr_par' dir='ltr' id='par_1_43' title="bbox 222 1985 1012 2021">
     <span class='ocr_line' id='line_1_43' title="bbox 222 1985 1012 2021; baseline 0.003 -10"><span class='ocrx_word' id='word_1_293' title='bbox 222 1985 314 2019; x_wconf 87' lang='lat' dir='ltr'><strong>quoad</strong></span> <span class='ocrx_word' id='word_1_294' title='bbox 329 1985 461 2020; x_wconf 75' lang='lat' dir='ltr'><strong>apposita:</strong></span> <span class='ocrx_word' id='word_1_295' title='bbox 472 1985 574 2021; x_wconf 73' lang='lat' dir='ltr'><strong>regula:</strong></span> <span class='ocrx_word' id='word_1_296' title='bbox 586 1986 744 2013; x_wconf 84' lang='lat' dir='ltr'><strong>consentire</strong></span> <span class='ocrx_word' id='word_1_297' title='bbox 758 1986 876 2013; x_wconf 88' lang='lat' dir='ltr'><strong>tabulam</strong></span> <span class='ocrx_word' id='word_1_298' title='bbox 892 1986 1012 2014; x_wconf 81' lang='lat' dir='ltr'><strong>videant:</strong></span> 
     </span>
    </p>
   </div>
   <div class='ocr_carea' id='block_1_44' title="bbox 223 2030 1014 2067">
    <p class='ocr_par' dir='ltr' id='par_1_44' title="bbox 223 2030 1014 2067">
     <span class='ocr_line' id='line_1_44' title="bbox 223 2030 1014 2067; baseline 0.001 -9"><span class='ocrx_word' id='word_1_299' title='bbox 223 2031 264 2058; x_wconf 86' lang='lat' dir='ltr'><strong>sic</strong></span> <span class='ocrx_word' id='word_1_300' title='bbox 277 2030 352 2058; x_wconf 88' lang='lat' dir='ltr'><strong>illum</strong></span> <span class='ocrx_word' id='word_1_301' title='bbox 367 2035 494 2067; x_wconf 81' lang='lat' dir='ltr'><strong>oportet,</strong></span> <span class='ocrx_word' id='word_1_302' title='bbox 510 2032 557 2067; x_wconf 88' lang='lat' dir='ltr'><strong>qui</strong></span> <span class='ocrx_word' id='word_1_303' title='bbox 576 2032 659 2059; x_wconf 89' lang='lat' dir='ltr'><strong>vitam</strong></span> <span class='ocrx_word' id='word_1_304' title='bbox 675 2032 795 2067; x_wconf 87' lang='lat' dir='ltr'><strong>aliquam</strong></span> <span class='ocrx_word' id='word_1_305' title='bbox 813 2032 913 2060; x_wconf 88' lang='lat' dir='ltr'><strong>imitari</strong></span> <span class='ocrx_word' id='word_1_306' title='bbox 929 2032 1014 2066; x_wconf 82' lang='lat' dir='ltr'><strong>velit,</strong></span> 
     </span>
    </p>
   </div>
   <div class='ocr_carea' id='block_1_45' title="bbox 222 2077 1013 2114">
    <p class='ocr_par' dir='ltr' id='par_1_45' title="bbox 222 2077 1013 2114">
     <span class='ocr_line' id='line_1_45' title="bbox 222 2077 1013 2114; baseline 0.004 -11"><span class='ocrx_word' id='word_1_307' title='bbox 222 2085 283 2104; x_wconf 85' lang='lat' dir='ltr'><strong>eam</strong></span> <span class='ocrx_word' id='word_1_308' title='bbox 307 2077 360 2105; x_wconf 84' lang='lat' dir='ltr'><strong>sibi</strong></span> <span class='ocrx_word' id='word_1_309' title='bbox 382 2078 483 2113; x_wconf 73' lang='lat' dir='ltr'><strong>regulze</strong></span> <span class='ocrx_word' id='word_1_310' title='bbox 502 2079 563 2106; x_wconf 84' lang='lat' dir='ltr'><strong>loco</strong></span> <span class='ocrx_word' id='word_1_311' title='bbox 578 2079 733 2114; x_wconf 88' lang='lat' dir='ltr'><strong>applicare,</strong></span> <span class='ocrx_word' id='word_1_312' title='bbox 750 2086 782 2106; x_wconf 90' lang='lat' dir='ltr'><strong>ac</strong></span> <span class='ocrx_word' id='word_1_313' title='bbox 801 2079 860 2106; x_wconf 88' lang='lat' dir='ltr'><strong>vitii</strong></span> <span class='ocrx_word' id='word_1_314' title='bbox 879 2079 952 2114; x_wconf 87' lang='lat' dir='ltr'><strong>quod</strong></span> <span class='ocrx_word' id='word_1_315' title='bbox 970 2086 1013 2106; x_wconf 89' lang='lat' dir='ltr'><strong>re-</strong></span> 
     </span>
    </p>
   </div>
   <div class='ocr_carea' id='block_1_46' title="bbox 220 2121 1014 2161">
    <p class='ocr_par' dir='ltr' id='par_1_46' title="bbox 220 2121 1014 2161">
     <span class='ocr_line' id='line_1_46' title="bbox 220 2121 1014 2161; baseline 0.004 -11"><span class='ocrx_word' id='word_1_316' title='bbox 220 2121 329 2151; x_wconf 49' lang='lat' dir='ltr'><strong>‘dundat</strong></span> <span class='ocrx_word' id='word_1_317' title='bbox 344 2128 503 2160; x_wconf 85' lang='lat' dir='ltr'><strong>amputare,</strong></span> <span class='ocrx_word' id='word_1_318' title='bbox 519 2129 547 2153; x_wconf 90' lang='lat' dir='ltr'><strong>et</strong></span> <span class='ocrx_word' id='word_1_319' title='bbox 555 2125 666 2153; x_wconf 87' lang='lat' dir='ltr'><strong>virtutis</strong></span> <span class='ocrx_word' id='word_1_320' title='bbox 680 2133 740 2161; x_wconf 64' lang='lat' dir='ltr'><strong>qua‘.</strong></span> <span class='ocrx_word' id='word_1_321' title='bbox 752 2125 853 2153; x_wconf 86' lang='lat' dir='ltr'><strong>desunt</strong></span> <span class='ocrx_word' id='word_1_322' title='bbox 865 2133 1014 2161; x_wconf 86' lang='lat' dir='ltr'><strong>apponere.</strong></span> 
     </span>
    </p>
   </div>
   <div class='ocr_carea' id='block_1_47' title="bbox 223 2168 1012 2207">
    <p class='ocr_par' dir='ltr' id='par_1_47' title="bbox 223 2168 1012 2207">
     <span class='ocr_line' id='line_1_47' title="bbox 223 2168 1012 2207; baseline 0.006 -12"><span class='ocrx_word' id='word_1_323' title='bbox 223 2168 279 2196; x_wconf 85' lang='lat' dir='ltr'><strong>liae</strong></span> <span class='ocrx_word' id='word_1_324' title='bbox 293 2170 366 2196; x_wconf 90' lang='lat' dir='ltr'><strong>enim</strong></span> <span class='ocrx_word' id='word_1_325' title='bbox 377 2169 410 2197; x_wconf 88' lang='lat' dir='ltr'><strong>dc</strong></span> <span class='ocrx_word' id='word_1_326' title='bbox 418 2177 502 2198; x_wconf 88' lang='lat' dir='ltr'><strong>causa</strong></span> <span class='ocrx_word' id='word_1_327' title='bbox 516 2170 677 2206; x_wconf 87' lang='lat' dir='ltr'><strong>scriptionis</strong></span> <span class='ocrx_word' id='word_1_328' title='bbox 691 2171 813 2199; x_wconf 88' lang='lat' dir='ltr'><strong>laborem</strong></span> <span class='ocrx_word' id='word_1_329' title='bbox 827 2171 1012 2207; x_wconf 86' lang='lat' dir='ltr'><strong>suscepimus,</strong></span> 
     </span>
    </p>
   </div>
   <div class='ocr_carea' id='block_1_48' title="bbox 223 2215 1011 2253">
    <p class='ocr_par' dir='ltr' id='par_1_48' title="bbox 223 2215 1011 2253">
     <span class='ocr_line' id='line_1_48' title="bbox 223 2215 1011 2253; baseline 0.005 -12"><span class='ocrx_word' id='word_1_330' title='bbox 223 2215 351 2243; x_wconf 88' lang='lat' dir='ltr'><strong>utilitatis</strong></span> <span class='ocrx_word' id='word_1_331' title='bbox 376 2217 552 2244; x_wconf 84' lang='lat' dir='ltr'><strong>occasionem</strong></span> <span class='ocrx_word' id='word_1_332' title='bbox 568 2217 602 2245; x_wconf 88' lang='lat' dir='ltr'><strong>iis</strong></span> <span class='ocrx_word' id='word_1_333' title='bbox 623 2218 672 2252; x_wconf 92' lang='lat' dir='ltr'><strong>qui</strong></span> <span class='ocrx_word' id='word_1_334' title='bbox 698 2217 790 2244; x_wconf 84' lang='lat' dir='ltr'><strong>volent</strong></span> <span class='ocrx_word' id='word_1_335' title='bbox 817 2222 1011 2253; x_wconf 86' lang='lat' dir='ltr'><strong>proponentes.</strong></span> 
     </span>
    </p>
   </div>
   <div class='ocr_carea' id='block_1_49' title="bbox 1067 278 1857 315">
    <p class='ocr_par' dir='ltr' id='par_1_49' title="bbox 1067 278 1857 315">
     <span class='ocr_line' id='line_1_49' title="bbox 1067 278 1857 315; baseline -0.004 -8"><span class='ocrx_word' id='word_1_336' title='bbox 1067 280 1217 315; x_wconf 85' lang='grc' dir='ltr'>βάπτισμα·</span> <span class='ocrx_word' id='word_1_337' title='bbox 1236 278 1276 311; x_wconf 78' lang='grc' dir='ltr'>εἷς</span> <span class='ocrx_word' id='word_1_338' title='bbox 1291 279 1358 312; x_wconf 82' lang='grc' dir='ltr'>Θεὸς</span> <span class='ocrx_word' id='word_1_339' title='bbox 1373 279 1418 306; x_wconf 65' lang='grc' dir='ltr'>καὶ</span> <span class='ocrx_word' id='word_1_340' title='bbox 1435 279 1529 315; x_wconf 80' lang='grc' dir='ltr'>Πατὴρ</span> <span class='ocrx_word' id='word_1_341' title='bbox 1553 279 1672 311; x_wconf 82' lang='grc' dir='ltr'>πάντων,</span> <span class='ocrx_word' id='word_1_342' title='bbox 1695 279 1710 304; x_wconf 86' lang='grc' dir='ltr'>ὁ</span> <span class='ocrx_word' id='word_1_343' title='bbox 1731 279 1777 304; x_wconf 72' lang='grc' dir='ltr'><strong>ἐπὶ</strong></span> <span class='ocrx_word' id='word_1_344' title='bbox 1790 279 1857 305; x_wconf 82' lang='grc' dir='ltr'>πάν-</span> 
     </span>
    </p>
   </div>
   <div class='ocr_carea' id='block_1_50' title="bbox 1065 324 1858 360">
    <p class='ocr_par' dir='ltr' id='par_1_50' title="bbox 1065 324 1858 360">
     <span class='ocr_line' id='line_1_50' title="bbox 1065 324 1858 360; baseline -0.003 -8"><span class='ocrx_word' id='word_1_345' title='bbox 1065 335 1129 358; x_wconf 83' lang='grc' dir='ltr'>των,</span> <span class='ocrx_word' id='word_1_346' title='bbox 1147 327 1194 353; x_wconf 78' lang='grc' dir='ltr'>καὶ</span> <span class='ocrx_word' id='word_1_347' title='bbox 1217 326 1260 353; x_wconf 76' lang='grc' dir='ltr'><strong>διὰ</strong></span> <span class='ocrx_word' id='word_1_348' title='bbox 1287 327 1406 358; x_wconf 79' lang='grc' dir='ltr'>πάντων,</span> <span class='ocrx_word' id='word_1_349' title='bbox 1427 326 1474 352; x_wconf 78' lang='grc' dir='ltr'>καὶ</span> <span class='ocrx_word' id='word_1_350' title='bbox 1500 327 1529 352; x_wconf 83' lang='grc' dir='ltr'>ὲν</span> <span class='ocrx_word' id='word_1_351' title='bbox 1546 326 1629 352; x_wconf 84' lang='grc' dir='ltr'>πᾶσιν</span> <span class='ocrx_word' id='word_1_352' title='bbox 1646 325 1730 360; x_wconf 79' lang='grc' dir='ltr'>ἡμῖν’</span> <span class='ocrx_word' id='word_1_353' title='bbox 1750 324 1797 350; x_wconf 72' lang='grc' dir='ltr'>καὶ</span> <span class='ocrx_word' id='word_1_354' title='bbox 1818 325 1858 350; x_wconf 68' lang='grc' dir='ltr'><strong>ἐνὶ</strong></span> 
     </span>
    </p>
   </div>
   <div class='ocr_carea' id='block_1_51' title="bbox 1067 370 1860 409">
    <p class='ocr_par' dir='ltr' id='par_1_51' title="bbox 1067 370 1860 409">
     <span class='ocr_line' id='line_1_51' title="bbox 1067 370 1860 409; baseline -0.005 -9"><span class='ocrx_word' id='word_1_355' title='bbox 1067 374 1173 409; x_wconf 81' lang='grc' dir='ltr'><strong>ἑκάστῳ</strong></span> <span class='ocrx_word' id='word_1_356' title='bbox 1188 373 1266 409; x_wconf 79' lang='grc' dir='ltr'>ἡμῶν</span> <span class='ocrx_word' id='word_1_357' title='bbox 1281 373 1359 407; x_wconf 78' lang='grc' dir='ltr'>ἐδόθη</span> <span class='ocrx_word' id='word_1_358' title='bbox 1372 373 1388 407; x_wconf 80' lang='grc' dir='ltr'>ὴ</span> <span class='ocrx_word' id='word_1_359' title='bbox 1404 371 1484 407; x_wconf 81' lang='grc' dir='ltr'>χάρις</span> <span class='ocrx_word' id='word_1_360' title='bbox 1500 371 1570 398; x_wconf 79' lang='grc' dir='ltr'>κατὰ</span> <span class='ocrx_word' id='word_1_361' title='bbox 1588 371 1617 397; x_wconf 81' lang='grc' dir='ltr'><strong>τὺ</strong></span> <span class='ocrx_word' id='word_1_362' title='bbox 1632 370 1730 406; x_wconf 77' lang='grc' dir='ltr'>μέτρον</span> <span class='ocrx_word' id='word_1_363' title='bbox 1746 370 1796 405; x_wconf 73' lang='grc' dir='ltr'>τῆς</span> <span class='ocrx_word' id='word_1_364' title='bbox 1808 370 1860 396; x_wconf 86' lang='grc' dir='ltr'>δω-</span> 
     </span>
    </p>
   </div>
   <div class='ocr_carea' id='block_1_52' title="bbox 1067 415 1858 456">
    <p class='ocr_par' dir='ltr' id='par_1_52' title="bbox 1067 415 1858 456">
     <span class='ocr_line' id='line_1_52' title="bbox 1067 415 1858 456; baseline -0.008 -9"><span class='ocrx_word' id='word_1_365' title='bbox 1067 421 1130 456; x_wconf 83' lang='grc' dir='ltr'>ρεᾶς</span> <span class='ocrx_word' id='word_1_366' title='bbox 1142 419 1188 446; x_wconf 79' lang='grc' dir='ltr'>τοῦ</span> <span class='ocrx_word' id='word_1_367' title='bbox 1205 418 1332 455; x_wconf 76' lang='grc' dir='ltr'>Χριστοῦ.</span> <span class='ocrx_word' id='word_1_368' title='bbox 1350 428 1358 444; x_wconf 75' lang='grc' dir='ltr'><strong>ι</strong></span> <span class='ocrx_word' id='word_1_369' title='bbox 1376 419 1448 445; x_wconf 82' lang='grc' dir='ltr'>Μίαν</span> <span class='ocrx_word' id='word_1_370' title='bbox 1463 417 1491 444; x_wconf 84' lang='grc' dir='ltr'>δὲ</span> <span class='ocrx_word' id='word_1_371' title='bbox 1515 417 1564 444; x_wconf 74' lang='grc' dir='ltr'>καὶ</span> <span class='ocrx_word' id='word_1_372' title='bbox 1582 416 1720 452; x_wconf 80' lang='grc' dir='ltr'>βασιλείαν</span> <span class='ocrx_word' id='word_1_373' title='bbox 1734 415 1858 451; x_wconf 76' lang='grc' dir='ltr'>οὐρανῶν</span> 
     </span>
    </p>
   </div>
   <div class='ocr_carea' id='block_1_53' title="bbox 1065 459 1859 500">
    <p class='ocr_par' dir='ltr' id='par_1_53' title="bbox 1065 459 1859 500">
     <span class='ocr_line' id='line_1_53' title="bbox 1065 459 1859 500; baseline -0.008 -7"><span class='ocrx_word' id='word_1_374' title='bbox 1065 465 1237 500; x_wconf 77' lang='grc' dir='ltr'><strong>ἀγωνοθέτης</strong></span> <span class='ocrx_word' id='word_1_375' title='bbox 1252 467 1308 496; x_wconf 84' lang='grc' dir='ltr'>τοῖς</span> <span class='ocrx_word' id='word_1_376' title='bbox 1321 465 1479 500; x_wconf 70' lang='grc' dir='ltr'>νικηφόροις</span> <span class='ocrx_word' id='word_1_377' title='bbox 1492 463 1672 499; x_wconf 77' lang='grc' dir='ltr'>προτέθηκεν,</span> <span class='ocrx_word' id='word_1_378' title='bbox 1690 459 1770 488; x_wconf 73' lang='grc' dir='ltr'>ἄυλον</span> <span class='ocrx_word' id='word_1_379' title='bbox 1780 461 1859 488; x_wconf 78' lang='grc' dir='ltr'>τοῦτο</span> 
     </span>
    </p>
   </div>
   <div class='ocr_carea' id='block_1_54' title="bbox 1066 506 1857 546">
    <p class='ocr_par' dir='ltr' id='par_1_54' title="bbox 1066 506 1857 546">
     <span class='ocr_line' id='line_1_54' title="bbox 1066 506 1857 546; baseline -0.008 -8"><span class='ocrx_word' id='word_1_380' title='bbox 1066 512 1155 538; x_wconf 82' lang='grc' dir='ltr'>κοινὸν</span> <span class='ocrx_word' id='word_1_381' title='bbox 1171 512 1227 543; x_wconf 82' lang='grc' dir='ltr'>τοῖς</span> <span class='ocrx_word' id='word_1_382' title='bbox 1240 510 1346 544; x_wconf 82' lang='grc' dir='ltr'>ἀγῶσιν</span> <span class='ocrx_word' id='word_1_383' title='bbox 1364 509 1470 546; x_wconf 82' lang='grc' dir='ltr'>ὁρίσας.</span> <span class='ocrx_word' id='word_1_384' title='bbox 1489 508 1593 535; x_wconf 80' lang='grc' dir='ltr'>Πολλαὶ</span> <span class='ocrx_word' id='word_1_385' title='bbox 1612 508 1714 540; x_wconf 79' lang='grc' dir='ltr'>τοίνυν,</span> <span class='ocrx_word' id='word_1_386' title='bbox 1727 508 1765 539; x_wconf 84' lang='grc' dir='ltr'>ὠς</span> <span class='ocrx_word' id='word_1_387' title='bbox 1779 506 1857 542; x_wconf 73' lang='grc' dir='ltr'>ἔφην,</span> 
     </span>
    </p>
   </div>
   <div class='ocr_carea' id='block_1_55' title="bbox 1066 554 1858 593">
    <p class='ocr_par' dir='ltr' id='par_1_55' title="bbox 1066 554 1858 593">
     <span class='ocr_line' id='line_1_55' title="bbox 1066 554 1858 593; baseline -0.006 -8"><span class='ocrx_word' id='word_1_388' title='bbox 1066 558 1113 586; x_wconf 74' lang='grc' dir='ltr'>καὶ</span> <span class='ocrx_word' id='word_1_389' title='bbox 1124 557 1230 593; x_wconf 83' lang='grc' dir='ltr'>ἀνδρῶν</span> <span class='ocrx_word' id='word_1_390' title='bbox 1246 558 1299 584; x_wconf 73' lang='grc' dir='ltr'>εἰσι</span> <span class='ocrx_word' id='word_1_391' title='bbox 1313 557 1360 584; x_wconf 73' lang='grc' dir='ltr'>καὶ</span> <span class='ocrx_word' id='word_1_392' title='bbox 1377 556 1513 591; x_wconf 85' lang='grc' dir='ltr'>γυναικῶν</span> <span class='ocrx_word' id='word_1_393' title='bbox 1525 555 1666 586; x_wconf 80' lang='grc' dir='ltr'>εὐσεϐείας</span> <span class='ocrx_word' id='word_1_394' title='bbox 1681 554 1858 589; x_wconf 79' lang='grc' dir='ltr'>παλαίστραι,</span> 
     </span>
    </p>
   </div>
   <div class='ocr_carea' id='block_1_56' title="bbox 1065 599 1860 640">
    <p class='ocr_par' dir='ltr' id='par_1_56' title="bbox 1065 599 1860 640">
     <span class='ocr_line' id='line_1_56' title="bbox 1065 599 1860 640; baseline -0.006 -9"><span class='ocrx_word' id='word_1_395' title='bbox 1065 604 1094 630; x_wconf 85' lang='grc' dir='ltr'>οὺ</span> <span class='ocrx_word' id='word_1_396' title='bbox 1116 604 1181 640; x_wconf 79' lang='grc' dir='ltr'>παρ’</span> <span class='ocrx_word' id='word_1_397' title='bbox 1195 604 1261 639; x_wconf 81' lang='grc' dir='ltr'>ἡμῖν</span> <span class='ocrx_word' id='word_1_398' title='bbox 1280 603 1370 639; x_wconf 88' lang='grc' dir='ltr'>μόνον,</span> <span class='ocrx_word' id='word_1_399' title='bbox 1385 602 1452 629; x_wconf 75' lang='grc' dir='ltr'>ἀλλὰ</span> <span class='ocrx_word' id='word_1_400' title='bbox 1471 602 1518 629; x_wconf 76' lang='grc' dir='ltr'>καὶ</span> <span class='ocrx_word' id='word_1_401' title='bbox 1534 603 1563 628; x_wconf 84' lang='grc' dir='ltr'>ὲν</span> <span class='ocrx_word' id='word_1_402' title='bbox 1574 601 1659 637; x_wconf 76' lang='grc' dir='ltr'>Συρίᾳ</span> <span class='ocrx_word' id='word_1_403' title='bbox 1670 601 1756 636; x_wconf 78' lang='grc' dir='ltr'>πάσῃ,</span> <span class='ocrx_word' id='word_1_404' title='bbox 1773 599 1820 626; x_wconf 77' lang='grc' dir='ltr'>καὶ</span> <span class='ocrx_word' id='word_1_405' title='bbox 1831 601 1860 626; x_wconf 80' lang='grc' dir='ltr'>ἐν</span> 
     </span>
    </p>
   </div>
   <div class='ocr_carea' id='block_1_57' title="bbox 1066 647 1861 686">
    <p class='ocr_par' dir='ltr' id='par_1_57' title="bbox 1066 647 1861 686">
     <span class='ocr_line' id='line_1_57' title="bbox 1066 647 1861 686; baseline -0.008 -8"><span class='ocrx_word' id='word_1_406' title='bbox 1066 651 1244 686; x_wconf 77' lang='grc' dir='ltr'><strong>Παλαιστίνῃ.</strong></span> <span class='ocrx_word' id='word_1_407' title='bbox 1257 650 1305 677; x_wconf 70' lang='grc' dir='ltr'>καὶ</span> <span class='ocrx_word' id='word_1_408' title='bbox 1323 650 1352 676; x_wconf 80' lang='grc' dir='ltr'>ὲν</span> <span class='ocrx_word' id='word_1_409' title='bbox 1369 649 1492 685; x_wconf 78' lang='grc' dir='ltr'><strong>Κιλικίᾳ,</strong></span> <span class='ocrx_word' id='word_1_410' title='bbox 1507 649 1554 676; x_wconf 81' lang='grc' dir='ltr'>καὶ</span> <span class='ocrx_word' id='word_1_411' title='bbox 1568 649 1597 675; x_wconf 76' lang='grc' dir='ltr'>ὲν</span> <span class='ocrx_word' id='word_1_412' title='bbox 1611 649 1644 683; x_wconf 85' lang='grc' dir='ltr'><strong>τῇ</strong></span> <span class='ocrx_word' id='word_1_413' title='bbox 1661 647 1731 683; x_wconf 80' lang='grc' dir='ltr'>μέσῃ</span> <span class='ocrx_word' id='word_1_414' title='bbox 1745 647 1799 673; x_wconf 81' lang='grc' dir='ltr'>τῶν</span> <span class='ocrx_word' id='word_1_415' title='bbox 1812 655 1861 676; x_wconf 75' lang='grc' dir='ltr'>πο-</span> 
     </span>
    </p>
   </div>
   <div class='ocr_carea' id='block_1_58' title="bbox 1065 693 1862 732">
    <p class='ocr_par' dir='ltr' id='par_1_58' title="bbox 1065 693 1862 732">
     <span class='ocr_line' id='line_1_58' title="bbox 1065 693 1862 732; baseline -0.008 -8"><span class='ocrx_word' id='word_1_416' title='bbox 1065 697 1160 732; x_wconf 80' lang='grc' dir='ltr'>ταμῶν</span> <span class='ocrx_word' id='word_1_417' title='bbox 1171 705 1177 712; x_wconf 89' lang='grc'>·</span> <span class='ocrx_word' id='word_1_418' title='bbox 1195 697 1224 723; x_wconf 83' lang='grc' dir='ltr'>ὲν</span> <span class='ocrx_word' id='word_1_419' title='bbox 1237 695 1368 731; x_wconf 73' lang='grc' dir='ltr'>Αἰγύπτῳ</span> <span class='ocrx_word' id='word_1_420' title='bbox 1385 695 1413 722; x_wconf 84' lang='grc' dir='ltr'><em>δέ</em></span> <span class='ocrx_word' id='word_1_421' title='bbox 1432 704 1497 729; x_wconf 82' lang='grc' dir='ltr'>φασι</span> <span class='ocrx_word' id='word_1_422' title='bbox 1513 695 1561 721; x_wconf 67' lang='grc' dir='ltr'>καὶ</span> <span class='ocrx_word' id='word_1_423' title='bbox 1573 694 1625 721; x_wconf 81' lang='grc' dir='ltr'>ἀνὰ</span> <span class='ocrx_word' id='word_1_424' title='bbox 1640 694 1721 720; x_wconf 81' lang='grc' dir='ltr'>πέντε</span> <span class='ocrx_word' id='word_1_425' title='bbox 1738 693 1862 728; x_wconf 72' lang='grc' dir='ltr'><strong>χιλιάδας</strong></span> 
     </span>
    </p>
   </div>
   <div class='ocr_carea' id='block_1_59' title="bbox 1066 740 1862 779">
    <p class='ocr_par' dir='ltr' id='par_1_59' title="bbox 1066 740 1862 779">
     <span class='ocr_line' id='line_1_59' title="bbox 1066 740 1862 779; baseline -0.006 -9"><span class='ocrx_word' id='word_1_426' title='bbox 1066 743 1171 779; x_wconf 81' lang='grc' dir='ltr'>ἀνδρῶν</span> <span class='ocrx_word' id='word_1_427' title='bbox 1191 743 1264 778; x_wconf 79' lang='grc' dir='ltr'>ἔχειν</span> <span class='ocrx_word' id='word_1_428' title='bbox 1285 743 1344 770; x_wconf 74' lang='grc' dir='ltr'>ἔνια</span> <span class='ocrx_word' id='word_1_429' title='bbox 1363 742 1559 778; x_wconf 78' lang='grc' dir='ltr'>φροντιστήρια</span> <span class='ocrx_word' id='word_1_430' title='bbox 1581 740 1794 776; x_wconf 75' lang='grc' dir='ltr'><strong>ἐργαζομένων,</strong></span> <span class='ocrx_word' id='word_1_431' title='bbox 1813 740 1862 766; x_wconf 68' lang='grc' dir='ltr'>καὶ</span> 
     </span>
    </p>
   </div>
   <div class='ocr_carea' id='block_1_60' title="bbox 1068 786 1861 826">
    <p class='ocr_par' dir='ltr' id='par_1_60' title="bbox 1068 786 1861 826">
     <span class='ocr_line' id='line_1_60' title="bbox 1068 786 1861 826; baseline -0.008 -9"><span class='ocrx_word' id='word_1_432' title='bbox 1068 789 1168 826; x_wconf 76' lang='grc' dir='ltr'>μεταξὺ</span> <span class='ocrx_word' id='word_1_433' title='bbox 1181 790 1228 816; x_wconf 79' lang='grc' dir='ltr'>τὸν</span> <span class='ocrx_word' id='word_1_434' title='bbox 1239 790 1378 824; x_wconf 78' lang='grc' dir='ltr'>Δεσπότην</span> <span class='ocrx_word' id='word_1_435' title='bbox 1390 788 1582 824; x_wconf 82' lang='grc' dir='ltr'>ἀνυμνούντων</span> <span class='ocrx_word' id='word_1_436' title='bbox 1593 795 1599 801; x_wconf 92' lang='grc'><strong>·</strong></span> <span class='ocrx_word' id='word_1_437' title='bbox 1613 787 1659 814; x_wconf 76' lang='grc' dir='ltr'>καὶ</span> <span class='ocrx_word' id='word_1_438' title='bbox 1673 786 1703 812; x_wconf 76' lang='grc' dir='ltr'>οὐ</span> <span class='ocrx_word' id='word_1_439' title='bbox 1720 786 1800 822; x_wconf 80' lang='grc' dir='ltr'>μόνον</span> <span class='ocrx_word' id='word_1_440' title='bbox 1811 786 1861 821; x_wconf 75' lang='grc' dir='ltr'>τὴν</span> 
     </span>
    </p>
   </div>
   <div class='ocr_carea' id='block_1_61' title="bbox 1066 832 1862 871">
    <p class='ocr_par' dir='ltr' id='par_1_61' title="bbox 1066 832 1862 871">
     <span class='ocr_line' id='line_1_61' title="bbox 1066 832 1862 871; baseline -0.006 -9"><span class='ocrx_word' id='word_1_441' title='bbox 1066 835 1220 870; x_wconf 80' lang='grc' dir='ltr'>ἀναγκαίαν</span> <span class='ocrx_word' id='word_1_442' title='bbox 1238 836 1269 863; x_wconf 79' lang='grc' dir='ltr'>ὲκ</span> <span class='ocrx_word' id='word_1_443' title='bbox 1286 835 1340 864; x_wconf 83' lang='grc' dir='ltr'>τῶν</span> <span class='ocrx_word' id='word_1_444' title='bbox 1356 835 1444 871; x_wconf 74' lang='grc' dir='ltr'>ἔργων</span> <span class='ocrx_word' id='word_1_445' title='bbox 1461 833 1650 870; x_wconf 76' lang='grc' dir='ltr'>ποριζομένων</span> <span class='ocrx_word' id='word_1_446' title='bbox 1664 832 1780 868; x_wconf 74' lang='grc' dir='ltr'>τροφὴν,</span> <span class='ocrx_word' id='word_1_447' title='bbox 1793 832 1862 858; x_wconf 66' lang='grc' dir='ltr'>ἀλλὰ</span> 
     </span>
    </p>
   </div>
   <div class='ocr_carea' id='block_1_62' title="bbox 1067 877 1863 916">
    <p class='ocr_par' dir='ltr' id='par_1_62' title="bbox 1067 877 1863 916">
     <span class='ocr_line' id='line_1_62' title="bbox 1067 877 1863 916; baseline -0.006 -8"><span class='ocrx_word' id='word_1_448' title='bbox 1067 882 1114 909; x_wconf 82' lang='grc' dir='ltr'>καὶ</span> <span class='ocrx_word' id='word_1_449' title='bbox 1128 882 1212 914; x_wconf 79' lang='grc' dir='ltr'>ξένοις</span> <span class='ocrx_word' id='word_1_450' title='bbox 1227 881 1437 916; x_wconf 73' lang='grc' dir='ltr'>ἀφικνουμένοις</span> <span class='ocrx_word' id='word_1_451' title='bbox 1448 880 1495 907; x_wconf 75' lang='grc' dir='ltr'>καὶ</span> <span class='ocrx_word' id='word_1_452' title='bbox 1510 879 1671 914; x_wconf 75' lang='grc' dir='ltr'>πενομένοις</span> <span class='ocrx_word' id='word_1_453' title='bbox 1685 877 1863 913; x_wconf 79' lang='grc' dir='ltr'>ἐπικουρούν-</span> 
     </span>
    </p>
   </div>
   <div class='ocr_carea' id='block_1_63' title="bbox 1065 922 1864 961">
    <p class='ocr_par' dir='ltr' id='par_1_63' title="bbox 1065 922 1864 961">
     <span class='ocr_line' id='line_1_63' title="bbox 1065 922 1864 961; baseline -0.009 -5"><span class='ocrx_word' id='word_1_454' title='bbox 1065 938 1130 956; x_wconf 87' lang='grc' dir='ltr'>των.</span> <span class='ocrx_word' id='word_1_455' title='bbox 1151 928 1232 955; x_wconf 79' lang='grc' dir='ltr'>Ἀλλὰ</span> <span class='ocrx_word' id='word_1_456' title='bbox 1247 927 1335 954; x_wconf 82' lang='grc' dir='ltr'>πάντα</span> <span class='ocrx_word' id='word_1_457' title='bbox 1348 925 1513 961; x_wconf 76' lang='grc' dir='ltr'><strong>διηγεῖσθαι,</strong></span> <span class='ocrx_word' id='word_1_458' title='bbox 1531 925 1582 951; x_wconf 77' lang='grc' dir='ltr'>οὐκ</span> <span class='ocrx_word' id='word_1_459' title='bbox 1597 925 1659 959; x_wconf 71' lang='grc' dir='ltr'>ἐμοὶ</span> <span class='ocrx_word' id='word_1_460' title='bbox 1682 924 1775 959; x_wconf 82' lang='grc' dir='ltr'>μόνον,</span> <span class='ocrx_word' id='word_1_461' title='bbox 1794 922 1864 950; x_wconf 76' lang='grc' dir='ltr'>ἀλλὰ</span> 
     </span>
    </p>
   </div>
   <div class='ocr_carea' id='block_1_64' title="bbox 1066 970 1863 1009">
    <p class='ocr_par' dir='ltr' id='par_1_64' title="bbox 1066 970 1863 1009">
     <span class='ocr_line' id='line_1_64' title="bbox 1066 970 1863 1009; baseline -0.008 -8"><span class='ocrx_word' id='word_1_462' title='bbox 1066 975 1113 1002; x_wconf 74' lang='grc' dir='ltr'>καὶ</span> <span class='ocrx_word' id='word_1_463' title='bbox 1133 975 1199 1001; x_wconf 81' lang='grc' dir='ltr'>πᾶσι</span> <span class='ocrx_word' id='word_1_464' title='bbox 1214 972 1421 1009; x_wconf 73' lang='grc' dir='ltr'>συγγραφεῦσιν</span> <span class='ocrx_word' id='word_1_465' title='bbox 1438 972 1578 999; x_wconf 79' lang='grc' dir='ltr'>ἀδύνατον.</span> <span class='ocrx_word' id='word_1_466' title='bbox 1595 971 1628 997; x_wconf 72' lang='lat' dir='ltr'><strong>Et</strong></span> <span class='ocrx_word' id='word_1_467' title='bbox 1643 970 1672 996; x_wconf 76' lang='grc' dir='ltr'>δὲ</span> <span class='ocrx_word' id='word_1_468' title='bbox 1689 970 1736 996; x_wconf 79' lang='grc' dir='ltr'>καὶ</span> <span class='ocrx_word' id='word_1_469' title='bbox 1749 970 1863 996; x_wconf 64' lang='grc' dir='ltr'>δυνατὶν</span> 
     </span>
    </p>
   </div>
   <div class='ocr_carea' id='block_1_65' title="bbox 1064 1016 1863 1056">
    <p class='ocr_par' dir='ltr' id='par_1_65' title="bbox 1064 1016 1863 1056">
     <span class='ocr_line' id='line_1_65' title="bbox 1064 1016 1863 1056; baseline -0.006 -9"><span class='ocrx_word' id='word_1_470' title='bbox 1064 1019 1109 1056; x_wconf 80' lang='grc' dir='ltr'>ἦν,</span> <span class='ocrx_word' id='word_1_471' title='bbox 1128 1020 1266 1056; x_wconf 74' lang='grc' dir='ltr'>παρέλκον</span> <span class='ocrx_word' id='word_1_472' title='bbox 1295 1019 1363 1046; x_wconf 80' lang='grc' dir='ltr'>εἶναι</span> <span class='ocrx_word' id='word_1_473' title='bbox 1387 1019 1501 1054; x_wconf 81' lang='grc' dir='ltr'>νομίζω,</span> <span class='ocrx_word' id='word_1_474' title='bbox 1533 1017 1580 1045; x_wconf 70' lang='grc' dir='ltr'>καὶ</span> <span class='ocrx_word' id='word_1_475' title='bbox 1609 1016 1766 1052; x_wconf 81' lang='grc' dir='ltr'>φιλοτιμίαν</span> <span class='ocrx_word' id='word_1_476' title='bbox 1786 1016 1863 1043; x_wconf 64' lang='grc' dir='ltr'>οὖὸὲν</span> 
     </span>
    </p>
   </div>
   <div class='ocr_carea' id='block_1_66' title="bbox 1065 1062 1863 1102">
    <p class='ocr_par' dir='ltr' id='par_1_66' title="bbox 1065 1062 1863 1102">
     <span class='ocr_line' id='line_1_66' title="bbox 1065 1062 1863 1102; baseline -0.006 -9"><span class='ocrx_word' id='word_1_477' title='bbox 1065 1067 1179 1102; x_wconf 84' lang='grc' dir='ltr'>ἔχουσαν</span> <span class='ocrx_word' id='word_1_478' title='bbox 1194 1066 1298 1102; x_wconf 80' lang='grc' dir='ltr'>κέρδος.</span> <span class='ocrx_word' id='word_1_479' title='bbox 1313 1066 1374 1097; x_wconf 83' lang='grc' dir='ltr'>Τοῖς</span> <span class='ocrx_word' id='word_1_480' title='bbox 1392 1065 1447 1100; x_wconf 73' lang='grc' dir='ltr'><strong>γὰρ</strong></span> <span class='ocrx_word' id='word_1_481' title='bbox 1459 1063 1553 1100; x_wconf 78' lang='grc' dir='ltr'>ὂνησίν</span> <span class='ocrx_word' id='word_1_482' title='bbox 1567 1072 1629 1090; x_wconf 87' lang='grc' dir='ltr'>τινα</span> <span class='ocrx_word' id='word_1_483' title='bbox 1639 1062 1788 1098; x_wconf 74' lang='grc' dir='ltr'><strong>δρέπεσθαι</strong></span> <span class='ocrx_word' id='word_1_484' title='bbox 1801 1062 1863 1097; x_wconf 80' lang='grc' dir='ltr'>βου-</span> 
     </span>
    </p>
   </div>
   <div class='ocr_carea' id='block_1_67' title="bbox 1065 1107 1863 1148">
    <p class='ocr_par' dir='ltr' id='par_1_67' title="bbox 1065 1107 1863 1148">
     <span class='ocr_line' id='line_1_67' title="bbox 1065 1107 1863 1148; baseline -0.006 -10"><span class='ocrx_word' id='word_1_485' title='bbox 1065 1112 1188 1148; x_wconf 80' lang='grc' dir='ltr'>λομένοις</span> <span class='ocrx_word' id='word_1_486' title='bbox 1201 1111 1310 1146; x_wconf 81' lang='grc' dir='ltr'>ἀπόχρη</span> <span class='ocrx_word' id='word_1_487' title='bbox 1325 1111 1372 1137; x_wconf 77' lang='grc' dir='ltr'>καὶ</span> <span class='ocrx_word' id='word_1_488' title='bbox 1386 1110 1419 1137; x_wconf 68' lang='grc' dir='ltr'><strong>τὰ</strong></span> <span class='ocrx_word' id='word_1_489' title='bbox 1435 1109 1570 1145; x_wconf 76' lang='grc' dir='ltr'>εἰρημένα</span> <span class='ocrx_word' id='word_1_490' title='bbox 1593 1109 1746 1145; x_wconf 71' lang='grc' dir='ltr'>παρασχεῖν</span> <span class='ocrx_word' id='word_1_491' title='bbox 1767 1107 1798 1133; x_wconf 80' lang='grc' dir='ltr'>τὸ</span> <span class='ocrx_word' id='word_1_492' title='bbox 1813 1116 1863 1133; x_wconf 83' lang='grc' dir='ltr'>πο-</span> 
     </span>
    </p>
   </div>
   <div class='ocr_carea' id='block_1_68' title="bbox 1065 1154 1862 1193">
    <p class='ocr_par' dir='ltr' id='par_1_68' title="bbox 1065 1154 1862 1193">
     <span class='ocr_line' id='line_1_68' title="bbox 1065 1154 1862 1193; baseline -0.008 -8"><span class='ocrx_word' id='word_1_493' title='bbox 1065 1158 1206 1193; x_wconf 83' lang='grc' dir='ltr'>θούμενον.</span> <span class='ocrx_word' id='word_1_494' title='bbox 1219 1157 1321 1184; x_wconf 76' lang='grc' dir='ltr'>Τούτου</span> <span class='ocrx_word' id='word_1_495' title='bbox 1336 1157 1390 1192; x_wconf 75' lang='grc' dir='ltr'><strong>γὰρ</strong></span> <span class='ocrx_word' id='word_1_496' title='bbox 1409 1157 1502 1189; x_wconf 75' lang='grc' dir='ltr'>ἕνεκα,</span> <span class='ocrx_word' id='word_1_497' title='bbox 1522 1155 1570 1182; x_wconf 65' lang='grc' dir='ltr'>καὶ</span> <span class='ocrx_word' id='word_1_498' title='bbox 1584 1154 1720 1189; x_wconf 74' lang='grc' dir='ltr'>διαφόρων</span> <span class='ocrx_word' id='word_1_499' title='bbox 1741 1154 1862 1188; x_wconf 80' lang='grc' dir='ltr'>ἐμνημο-</span> 
     </span>
    </p>
   </div>
   <div class='ocr_carea' id='block_1_69' title="bbox 1064 1199 1862 1239">
    <p class='ocr_par' dir='ltr' id='par_1_69' title="bbox 1064 1199 1862 1239">
     <span class='ocr_line' id='line_1_69' title="bbox 1064 1199 1862 1239; baseline -0.008 -9"><span class='ocrx_word' id='word_1_500' title='bbox 1064 1203 1200 1239; x_wconf 79' lang='grc' dir='ltr'>νεύσαμεν</span> <span class='ocrx_word' id='word_1_501' title='bbox 1229 1202 1304 1238; x_wconf 80' lang='grc' dir='ltr'>βίων,</span> <span class='ocrx_word' id='word_1_502' title='bbox 1327 1203 1373 1229; x_wconf 63' lang='grc' dir='ltr'>καὶ</span> <span class='ocrx_word' id='word_1_503' title='bbox 1396 1201 1534 1236; x_wconf 83' lang='grc' dir='ltr'>γυναικῶν</span> <span class='ocrx_word' id='word_1_504' title='bbox 1551 1201 1711 1235; x_wconf 72' lang='grc' dir='ltr'>διηγήματα.</span> <span class='ocrx_word' id='word_1_505' title='bbox 1728 1200 1784 1231; x_wconf 84' lang='grc' dir='ltr'>τοῖς</span> <span class='ocrx_word' id='word_1_506' title='bbox 1806 1199 1862 1225; x_wconf 83' lang='grc' dir='ltr'><strong>τῶν</strong></span> 
     </span>
    </p>
   </div>
   <div class='ocr_carea' id='block_1_70' title="bbox 1064 1245 1862 1285">
    <p class='ocr_par' dir='ltr' id='par_1_70' title="bbox 1064 1245 1862 1285">
     <span class='ocr_line' id='line_1_70' title="bbox 1064 1245 1862 1285; baseline -0.006 -9"><span class='ocrx_word' id='word_1_507' title='bbox 1064 1249 1169 1285; x_wconf 82' lang='grc' dir='ltr'>ἀνδρῶν</span> <span class='ocrx_word' id='word_1_508' title='bbox 1182 1248 1428 1285; x_wconf 76' lang='grc' dir='ltr'><strong>προστεθείκαμεν,</strong></span> <span class='ocrx_word' id='word_1_509' title='bbox 1442 1248 1474 1274; x_wconf 75' lang='grc' dir='ltr'><strong>ἵν’</strong></span> <span class='ocrx_word' id='word_1_510' title='bbox 1483 1247 1564 1283; x_wconf 84' lang='grc' dir='ltr'>ἔχωσι</span> <span class='ocrx_word' id='word_1_511' title='bbox 1576 1247 1624 1273; x_wconf 74' lang='grc' dir='ltr'><strong>καὶ</strong></span> <span class='ocrx_word' id='word_1_512' title='bbox 1639 1245 1802 1282; x_wconf 69' lang='grc' dir='ltr'>πρεσὸὑται,</span> <span class='ocrx_word' id='word_1_513' title='bbox 1815 1246 1862 1272; x_wconf 74' lang='grc' dir='ltr'>καὶ</span> 
     </span>
    </p>
   </div>
   <div class='ocr_carea' id='block_1_71' title="bbox 1064 1290 1861 1329">
    <p class='ocr_par' dir='ltr' id='par_1_71' title="bbox 1064 1290 1861 1329">
     <span class='ocr_line' id='line_1_71' title="bbox 1064 1290 1861 1329; baseline -0.005 -8"><span class='ocrx_word' id='word_1_514' title='bbox 1064 1295 1130 1328; x_wconf 85' lang='grc' dir='ltr'>νέοι,</span> <span class='ocrx_word' id='word_1_515' title='bbox 1147 1295 1193 1321; x_wconf 82' lang='grc' dir='ltr'>καὶ</span> <span class='ocrx_word' id='word_1_516' title='bbox 1215 1295 1356 1329; x_wconf 84' lang='grc' dir='ltr'>γυναῖκες,</span> <span class='ocrx_word' id='word_1_517' title='bbox 1386 1293 1545 1328; x_wconf 57' lang='grc' dir='ltr'>φιλοσοφίας</span> <span class='ocrx_word' id='word_1_518' title='bbox 1570 1292 1714 1328; x_wconf 75' lang='grc' dir='ltr'><strong>ἀρχέτυπα</strong></span> <span class='ocrx_word' id='word_1_519' title='bbox 1728 1300 1735 1306; x_wconf 94' lang='grc'><strong>·</strong></span> <span class='ocrx_word' id='word_1_520' title='bbox 1753 1291 1799 1318; x_wconf 70' lang='grc' dir='ltr'>καὶ</span> <span class='ocrx_word' id='word_1_521' title='bbox 1815 1290 1861 1317; x_wconf 70' lang='grc' dir='ltr'>τὸν</span> 
     </span>
    </p>
   </div>
   <div class='ocr_carea' id='block_1_72' title="bbox 1065 1337 1861 1376">
    <p class='ocr_par' dir='ltr' id='par_1_72' title="bbox 1065 1337 1861 1376">
     <span class='ocr_line' id='line_1_72' title="bbox 1065 1337 1861 1376; baseline -0.006 -8"><span class='ocrx_word' id='word_1_522' title='bbox 1065 1341 1233 1376; x_wconf 83' lang='grc' dir='ltr'>καταθύμιον</span> <span class='ocrx_word' id='word_1_523' title='bbox 1246 1341 1361 1372; x_wconf 70' lang='grc' dir='ltr'>ἕκαστος</span> <span class='ocrx_word' id='word_1_524' title='bbox 1379 1339 1584 1375; x_wconf 72' lang='grc' dir='ltr'>ἐκματτόμενος</span> <span class='ocrx_word' id='word_1_525' title='bbox 1606 1338 1675 1374; x_wconf 81' lang='grc' dir='ltr'>βίον,</span> <span class='ocrx_word' id='word_1_526' title='bbox 1690 1338 1739 1373; x_wconf 76' lang='grc' dir='ltr'><strong>ἔχῃ</strong></span> <span class='ocrx_word' id='word_1_527' title='bbox 1761 1337 1861 1364; x_wconf 77' lang='grc' dir='ltr'>κανόνα</span> 
     </span>
    </p>
   </div>
   <div class='ocr_carea' id='block_1_73' title="bbox 1063 1385 1860 1423">
    <p class='ocr_par' dir='ltr' id='par_1_73' title="bbox 1063 1385 1860 1423">
     <span class='ocr_line' id='line_1_73' title="bbox 1063 1385 1860 1423; baseline -0.005 -9"><span class='ocrx_word' id='word_1_528' title='bbox 1063 1388 1124 1414; x_wconf 82' lang='grc' dir='ltr'>τινὰ</span> <span class='ocrx_word' id='word_1_529' title='bbox 1143 1388 1189 1414; x_wconf 70' lang='grc' dir='ltr'>καὶ</span> <span class='ocrx_word' id='word_1_530' title='bbox 1202 1387 1330 1423; x_wconf 82' lang='grc' dir='ltr'>γνώμονα</span> <span class='ocrx_word' id='word_1_531' title='bbox 1351 1386 1398 1413; x_wconf 81' lang='grc' dir='ltr'>τοῦ</span> <span class='ocrx_word' id='word_1_532' title='bbox 1413 1386 1525 1418; x_wconf 74' lang='grc' dir='ltr'>οἰκείου,</span> <span class='ocrx_word' id='word_1_533' title='bbox 1543 1386 1588 1413; x_wconf 74' lang='grc' dir='ltr'><strong>τὸν</strong></span> <span class='ocrx_word' id='word_1_534' title='bbox 1606 1387 1635 1412; x_wconf 82' lang='grc' dir='ltr'>ἐν</span> <span class='ocrx_word' id='word_1_535' title='bbox 1652 1385 1691 1420; x_wconf 80' lang='grc' dir='ltr'>τῷ</span> <span class='ocrx_word' id='word_1_536' title='bbox 1712 1385 1860 1420; x_wconf 73' lang='grc' dir='ltr'>ὃιηγήματι</span> 
     </span>
    </p>
   </div>
   <div class='ocr_carea' id='block_1_74' title="bbox 1064 1431 1861 1470">
    <p class='ocr_par' dir='ltr' id='par_1_74' title="bbox 1064 1431 1861 1470">
     <span class='ocr_line' id='line_1_74' title="bbox 1064 1431 1861 1470; baseline -0.006 -9"><span class='ocrx_word' id='word_1_537' title='bbox 1064 1434 1201 1470; x_wconf 81' lang='grc' dir='ltr'>κείμενον.</span> <span class='ocrx_word' id='word_1_538' title='bbox 1216 1434 1269 1461; x_wconf 66' lang='grc' dir='ltr'><strong>Καὶ</strong></span> <span class='ocrx_word' id='word_1_539' title='bbox 1283 1434 1408 1469; x_wconf 75' lang='grc' dir='ltr'>καθάπερ</span> <span class='ocrx_word' id='word_1_540' title='bbox 1418 1435 1441 1459; x_wconf 88' lang='grc' dir='ltr'>οἱ</span> <span class='ocrx_word' id='word_1_541' title='bbox 1457 1433 1597 1467; x_wconf 66' lang='grc' dir='ltr'>ζωγράφοι</span> <span class='ocrx_word' id='word_1_542' title='bbox 1611 1432 1650 1463; x_wconf 76' lang='grc' dir='ltr'>εις</span> <span class='ocrx_word' id='word_1_543' title='bbox 1663 1432 1694 1458; x_wconf 78' lang='grc' dir='ltr'><strong>τὸ</strong></span> <span class='ocrx_word' id='word_1_544' title='bbox 1707 1431 1861 1467; x_wconf 81' lang='grc' dir='ltr'>ἀρχέτυπον</span> 
     </span>
    </p>
   </div>
   <div class='ocr_carea' id='block_1_75' title="bbox 1064 1478 1859 1516">
    <p class='ocr_par' dir='ltr' id='par_1_75' title="bbox 1064 1478 1859 1516">
     <span class='ocr_line' id='line_1_75' title="bbox 1064 1478 1859 1516; baseline -0.008 -8"><span class='ocrx_word' id='word_1_545' title='bbox 1064 1481 1230 1516; x_wconf 81' lang='grc' dir='ltr'>ἀφορῶντες,</span> <span class='ocrx_word' id='word_1_546' title='bbox 1247 1480 1293 1506; x_wconf 84' lang='grc' dir='ltr'>καὶ</span> <span class='ocrx_word' id='word_1_547' title='bbox 1311 1479 1469 1514; x_wconf 70' lang='grc' dir='ltr'>ὀφθαλμοὺς</span> <span class='ocrx_word' id='word_1_548' title='bbox 1484 1478 1690 1513; x_wconf 81' lang='grc' dir='ltr'>ἀπομιμοῦνται</span> <span class='ocrx_word' id='word_1_549' title='bbox 1701 1499 1708 1510; x_wconf 83' lang='grc'><strong>,</strong></span> <span class='ocrx_word' id='word_1_550' title='bbox 1727 1478 1774 1504; x_wconf 77' lang='grc' dir='ltr'>καὶ</span> <span class='ocrx_word' id='word_1_551' title='bbox 1789 1478 1859 1512; x_wconf 76' lang='grc' dir='ltr'>ῥῖνα,</span> 
     </span>
    </p>
   </div>
   <div class='ocr_carea' id='block_1_76' title="bbox 1065 1521 1859 1561">
    <p class='ocr_par' dir='ltr' id='par_1_76' title="bbox 1065 1521 1859 1561">
     <span class='ocr_line' id='line_1_76' title="bbox 1065 1521 1859 1561; baseline -0.006 -8"><span class='ocrx_word' id='word_1_552' title='bbox 1065 1526 1112 1554; x_wconf 79' lang='grc' dir='ltr'>καὶ</span> <span class='ocrx_word' id='word_1_553' title='bbox 1126 1527 1224 1561; x_wconf 86' lang='grc' dir='ltr'>στόμα,</span> <span class='ocrx_word' id='word_1_554' title='bbox 1241 1526 1288 1552; x_wconf 74' lang='grc' dir='ltr'>καὶ</span> <span class='ocrx_word' id='word_1_555' title='bbox 1303 1525 1429 1560; x_wconf 72' lang='grc' dir='ltr'>παρειὰς,</span> <span class='ocrx_word' id='word_1_556' title='bbox 1445 1525 1493 1552; x_wconf 74' lang='grc' dir='ltr'>καὶ</span> <span class='ocrx_word' id='word_1_557' title='bbox 1507 1521 1576 1557; x_wconf 83' lang='grc' dir='ltr'>ὦτα,</span> <span class='ocrx_word' id='word_1_558' title='bbox 1593 1524 1640 1551; x_wconf 83' lang='grc' dir='ltr'>καὶ</span> <span class='ocrx_word' id='word_1_559' title='bbox 1662 1524 1789 1559; x_wconf 80' lang='grc' dir='ltr'>μέτωπα,</span> <span class='ocrx_word' id='word_1_560' title='bbox 1814 1523 1859 1550; x_wconf 76' lang='grc' dir='ltr'>καὶ</span> 
     </span>
    </p>
   </div>
   <div class='ocr_carea' id='block_1_77' title="bbox 1066 1569 1858 1607">
    <p class='ocr_par' dir='ltr' id='par_1_77' title="bbox 1066 1569 1858 1607">
     <span class='ocr_line' id='line_1_77' title="bbox 1066 1569 1858 1607; baseline -0.005 -8"><span class='ocrx_word' id='word_1_561' title='bbox 1066 1572 1151 1604; x_wconf 80' lang='grc' dir='ltr'>αὐτὰς</span> <span class='ocrx_word' id='word_1_562' title='bbox 1164 1572 1213 1607; x_wconf 80' lang='grc' dir='ltr'><strong>τῆς</strong></span> <span class='ocrx_word' id='word_1_563' title='bbox 1225 1571 1345 1606; x_wconf 65' lang='grc' dir='ltr'>κεφαλῆς</span> <span class='ocrx_word' id='word_1_564' title='bbox 1357 1571 1404 1598; x_wconf 78' lang='grc' dir='ltr'>καὶ</span> <span class='ocrx_word' id='word_1_565' title='bbox 1419 1570 1465 1597; x_wconf 76' lang='grc' dir='ltr'>τοῦ</span> <span class='ocrx_word' id='word_1_566' title='bbox 1480 1570 1584 1604; x_wconf 83' lang='grc' dir='ltr'>γενείου</span> <span class='ocrx_word' id='word_1_567' title='bbox 1598 1569 1648 1602; x_wconf 75' lang='grc' dir='ltr'><strong>τὰς</strong></span> <span class='ocrx_word' id='word_1_568' title='bbox 1670 1569 1774 1605; x_wconf 81' lang='grc' dir='ltr'>τρίχας·</span> <span class='ocrx_word' id='word_1_569' title='bbox 1792 1569 1858 1604; x_wconf 63' lang='grc' dir='ltr'>προς</span> 
     </span>
    </p>
   </div>
   <div class='ocr_carea' id='block_1_78' title="bbox 1065 1615 1855 1654">
    <p class='ocr_par' dir='ltr' id='par_1_78' title="bbox 1065 1615 1855 1654">
     <span class='ocr_line' id='line_1_78' title="bbox 1065 1615 1855 1654; baseline -0.006 -8"><span class='ocrx_word' id='word_1_570' title='bbox 1065 1618 1170 1651; x_wconf 85' lang='grc' dir='ltr'>τούτοις</span> <span class='ocrx_word' id='word_1_571' title='bbox 1184 1619 1212 1645; x_wconf 76' lang='grc' dir='ltr'>δὲ</span> <span class='ocrx_word' id='word_1_572' title='bbox 1223 1618 1271 1645; x_wconf 70' lang='grc' dir='ltr'>καὶ</span> <span class='ocrx_word' id='word_1_573' title='bbox 1285 1618 1429 1654; x_wconf 81' lang='grc' dir='ltr'>καθέδραν,</span> <span class='ocrx_word' id='word_1_574' title='bbox 1443 1618 1490 1644; x_wconf 74' lang='grc' dir='ltr'>καὶ</span> <span class='ocrx_word' id='word_1_575' title='bbox 1501 1617 1608 1648; x_wconf 81' lang='grc' dir='ltr'>στάσιν,</span> <span class='ocrx_word' id='word_1_576' title='bbox 1621 1616 1670 1643; x_wconf 70' lang='grc' dir='ltr'>καὶ</span> <span class='ocrx_word' id='word_1_577' title='bbox 1682 1615 1752 1642; x_wconf 73' lang='grc' dir='ltr'>αὐτὰ</span> <span class='ocrx_word' id='word_1_578' title='bbox 1769 1615 1855 1650; x_wconf 78' lang='grc' dir='ltr'>μέντοι</span> 
     </span>
    </p>
   </div>
   <div class='ocr_carea' id='block_1_79' title="bbox 1065 1660 1856 1700">
    <p class='ocr_par' dir='ltr' id='par_1_79' title="bbox 1065 1660 1856 1700">
     <span class='ocr_line' id='line_1_79' title="bbox 1065 1660 1856 1700; baseline -0.008 -8"><span class='ocrx_word' id='word_1_579' title='bbox 1065 1664 1119 1692; x_wconf 76' lang='grc' dir='ltr'><strong>τῶν</strong></span> <span class='ocrx_word' id='word_1_580' title='bbox 1134 1664 1281 1700; x_wconf 76' lang='grc' dir='ltr'>ὀφθαλμῶν</span> <span class='ocrx_word' id='word_1_581' title='bbox 1306 1663 1341 1690; x_wconf 86' lang='grc' dir='ltr'><strong>τὰ</strong></span> <span class='ocrx_word' id='word_1_582' title='bbox 1365 1662 1430 1699; x_wconf 78' lang='grc' dir='ltr'>ἤθη,</span> <span class='ocrx_word' id='word_1_583' title='bbox 1449 1664 1504 1690; x_wconf 77' lang='grc' dir='ltr'>εἴτε</span> <span class='ocrx_word' id='word_1_584' title='bbox 1522 1662 1644 1698; x_wconf 78' lang='grc' dir='ltr'>χαροπὰ,</span> <span class='ocrx_word' id='word_1_585' title='bbox 1668 1661 1725 1688; x_wconf 82' lang='grc' dir='ltr'>εἴτε</span> <span class='ocrx_word' id='word_1_586' title='bbox 1743 1660 1856 1696; x_wconf 71' lang='grc' dir='ltr'>βλοσυρὰ</span> 
     </span>
    </p>
   </div>
   <div class='ocr_carea' id='block_1_80' title="bbox 1066 1708 1859 1747">
    <p class='ocr_par' dir='ltr' id='par_1_80' title="bbox 1066 1708 1859 1747">
     <span class='ocr_line' id='line_1_80' title="bbox 1066 1708 1859 1747; baseline -0.008 -9"><span class='ocrx_word' id='word_1_587' title='bbox 1066 1711 1110 1747; x_wconf 84' lang='grc' dir='ltr'>εῐη</span> <span class='ocrx_word' id='word_1_588' title='bbox 1121 1720 1127 1727; x_wconf 87' lang='grc'>·</span> <span class='ocrx_word' id='word_1_589' title='bbox 1146 1710 1216 1738; x_wconf 67' lang='grc' dir='ltr'>οὕτω</span> <span class='ocrx_word' id='word_1_590' title='bbox 1235 1711 1369 1747; x_wconf 80' lang='grc' dir='ltr'>προσήκει</span> <span class='ocrx_word' id='word_1_591' title='bbox 1382 1710 1429 1736; x_wconf 75' lang='grc' dir='ltr'><strong>καὶ</strong></span> <span class='ocrx_word' id='word_1_592' title='bbox 1445 1709 1498 1736; x_wconf 84' lang='grc' dir='ltr'>τῶν</span> <span class='ocrx_word' id='word_1_593' title='bbox 1511 1708 1733 1744; x_wconf 68' lang='grc' dir='ltr'>ἐντυγχανόντων</span> <span class='ocrx_word' id='word_1_594' title='bbox 1746 1708 1859 1734; x_wconf 72' lang='grc' dir='ltr'>ἕκαστον</span> 
     </span>
    </p>
   </div>
   <div class='ocr_carea' id='block_1_81' title="bbox 1066 1754 1860 1795">
    <p class='ocr_par' dir='ltr' id='par_1_81' title="bbox 1066 1754 1860 1795">
     <span class='ocr_line' id='line_1_81' title="bbox 1066 1754 1860 1795; baseline -0.008 -10"><span class='ocrx_word' id='word_1_595' title='bbox 1066 1758 1129 1795; x_wconf 75' lang='grc' dir='ltr'>τῇδε</span> <span class='ocrx_word' id='word_1_596' title='bbox 1140 1759 1174 1794; x_wconf 82' lang='grc' dir='ltr'>τῇ</span> <span class='ocrx_word' id='word_1_597' title='bbox 1193 1758 1352 1793; x_wconf 74' lang='grc' dir='ltr'>συγγραφῇ,</span> <span class='ocrx_word' id='word_1_598' title='bbox 1365 1757 1422 1792; x_wconf 84' lang='grc' dir='ltr'>βίον</span> <span class='ocrx_word' id='word_1_599' title='bbox 1439 1756 1500 1783; x_wconf 73' lang='grc' dir='ltr'>τινὰ</span> <span class='ocrx_word' id='word_1_600' title='bbox 1519 1755 1662 1791; x_wconf 79' lang='grc' dir='ltr'>μιμεῖσθαι</span> <span class='ocrx_word' id='word_1_601' title='bbox 1678 1754 1860 1790; x_wconf 78' lang='grc' dir='ltr'>προαιρούμε-</span> 
     </span>
    </p>
   </div>
   <div class='ocr_carea' id='block_1_82' title="bbox 1066 1799 1859 1840">
    <p class='ocr_par' dir='ltr' id='par_1_82' title="bbox 1066 1799 1859 1840">
     <span class='ocr_line' id='line_1_82' title="bbox 1066 1799 1859 1840; baseline -0.006 -9"><span class='ocrx_word' id='word_1_602' title='bbox 1066 1813 1122 1837; x_wconf 83' lang='grc' dir='ltr'>νον,</span> <span class='ocrx_word' id='word_1_603' title='bbox 1138 1805 1204 1840; x_wconf 73' lang='grc' dir='ltr'>πρὸς</span> <span class='ocrx_word' id='word_1_604' title='bbox 1219 1805 1323 1831; x_wconf 77' lang='grc' dir='ltr'>ἐκεῖνον</span> <span class='ocrx_word' id='word_1_605' title='bbox 1336 1803 1365 1830; x_wconf 79' lang='grc' dir='ltr'>ὃν</span> <span class='ocrx_word' id='word_1_606' title='bbox 1384 1804 1559 1838; x_wconf 78' lang='grc' dir='ltr'>προαιρεῖται</span> <span class='ocrx_word' id='word_1_607' title='bbox 1576 1802 1622 1828; x_wconf 78' lang='grc' dir='ltr'>τὸν</span> <span class='ocrx_word' id='word_1_608' title='bbox 1645 1802 1746 1828; x_wconf 72' lang='grc' dir='ltr'>οἰκεῖον</span> <span class='ocrx_word' id='word_1_609' title='bbox 1765 1799 1859 1836; x_wconf 72' lang='grc' dir='ltr'>ῥυθμί-</span> 
     </span>
    </p>
   </div>
   <div class='ocr_carea' id='block_1_83' title="bbox 1065 1846 1857 1885">
    <p class='ocr_par' dir='ltr' id='par_1_83' title="bbox 1065 1846 1857 1885">
     <span class='ocr_line' id='line_1_83' title="bbox 1065 1846 1857 1885; baseline -0.006 -8"><span class='ocrx_word' id='word_1_610' title='bbox 1065 1850 1133 1883; x_wconf 81' lang='grc' dir='ltr'>ζειν.</span> <span class='ocrx_word' id='word_1_611' title='bbox 1150 1850 1204 1877; x_wconf 75' lang='grc' dir='ltr'><strong>Καὶ</strong></span> <span class='ocrx_word' id='word_1_612' title='bbox 1218 1849 1313 1885; x_wconf 82' lang='grc' dir='ltr'>ὥσπερ</span> <span class='ocrx_word' id='word_1_613' title='bbox 1330 1850 1354 1876; x_wconf 77' lang='lat' dir='ltr'><strong>ot</strong></span> <span class='ocrx_word' id='word_1_614' title='bbox 1365 1849 1488 1880; x_wconf 85' lang='grc' dir='ltr'>τέκτονες</span> <span class='ocrx_word' id='word_1_615' title='bbox 1502 1850 1535 1884; x_wconf 85' lang='grc' dir='ltr'>τῇ</span> <span class='ocrx_word' id='word_1_616' title='bbox 1552 1849 1660 1884; x_wconf 77' lang='grc' dir='ltr'>σπαρτῇ</span> <span class='ocrx_word' id='word_1_617' title='bbox 1682 1848 1732 1879; x_wconf 75' lang='grc' dir='ltr'><strong>τὰς</strong></span> <span class='ocrx_word' id='word_1_618' title='bbox 1751 1846 1857 1877; x_wconf 75' lang='grc' dir='ltr'>σανίδας</span> 
     </span>
    </p>
   </div>
   <div class='ocr_carea' id='block_1_84' title="bbox 1050 1886 1857 1930">
    <p class='ocr_par' dir='ltr' id='par_1_84' title="bbox 1050 1886 1857 1930">
     <span class='ocr_line' id='line_1_84' title="bbox 1050 1886 1857 1930; baseline -0.006 -8"><span class='ocrx_word' id='word_1_619' title='bbox 1050 1892 1276 1926; x_wconf 66' lang='grc' dir='ltr'>’ἀπευθύνοντεῇ</span> <span class='ocrx_word' id='word_1_620' title='bbox 1295 1895 1376 1930; x_wconf 78' lang='grc' dir='ltr'>μέχρι</span> <span class='ocrx_word' id='word_1_621' title='bbox 1391 1894 1522 1921; x_wconf 70' lang='grc' dir='ltr'>τοσούτου</span> <span class='ocrx_word' id='word_1_622' title='bbox 1535 1893 1565 1920; x_wconf 76' lang='grc' dir='ltr'>τὸ</span> <span class='ocrx_word' id='word_1_623' title='bbox 1580 1892 1708 1927; x_wconf 62' lang='grc' dir='ltr'>περιττὴν</span> <span class='ocrx_word' id='word_1_624' title='bbox 1728 1886 1857 1926; x_wconf 65' lang='grc' dir='ltr'>ἁφαιροῦ-</span> 
     </span>
    </p>
   </div>
   <div class='ocr_carea' id='block_1_85' title="bbox 1067 1937 1857 1975">
    <p class='ocr_par' dir='ltr' id='par_1_85' title="bbox 1067 1937 1857 1975">
     <span class='ocr_line' id='line_1_85' title="bbox 1067 1937 1857 1975; baseline -0.008 -7"><span class='ocrx_word' id='word_1_625' title='bbox 1067 1950 1120 1974; x_wconf 81' lang='grc' dir='ltr'>σιν,</span> <span class='ocrx_word' id='word_1_626' title='bbox 1133 1941 1187 1973; x_wconf 73' lang='grc' dir='ltr'>ἕως</span> <span class='ocrx_word' id='word_1_627' title='bbox 1203 1941 1236 1968; x_wconf 83' lang='grc' dir='ltr'>ἂν</span> <span class='ocrx_word' id='word_1_628' title='bbox 1251 1941 1296 1967; x_wconf 78' lang='grc' dir='ltr'><strong>τὸν</strong></span> <span class='ocrx_word' id='word_1_629' title='bbox 1311 1941 1410 1968; x_wconf 77' lang='grc' dir='ltr'>κανόνα</span> <span class='ocrx_word' id='word_1_630' title='bbox 1430 1939 1609 1975; x_wconf 74' lang='grc' dir='ltr'>παραθέντες,</span> <span class='ocrx_word' id='word_1_631' title='bbox 1627 1938 1688 1972; x_wconf 80' lang='grc' dir='ltr'>ἴσην</span> <span class='ocrx_word' id='word_1_632' title='bbox 1709 1937 1857 1972; x_wconf 75' lang='grc' dir='ltr'>γενομένην</span> 
     </span>
    </p>
   </div>
   <div class='ocr_carea' id='block_1_86' title="bbox 1065 1982 1859 2022">
    <p class='ocr_par' dir='ltr' id='par_1_86' title="bbox 1065 1982 1859 2022">
     <span class='ocr_line' id='line_1_86' title="bbox 1065 1982 1859 2022; baseline -0.006 -9"><span class='ocrx_word' id='word_1_633' title='bbox 1065 1986 1115 2022; x_wconf 83' lang='grc' dir='ltr'>τὴν</span> <span class='ocrx_word' id='word_1_634' title='bbox 1130 1986 1225 2013; x_wconf 84' lang='grc' dir='ltr'>σανίδα</span> <span class='ocrx_word' id='word_1_635' title='bbox 1238 1986 1387 2013; x_wconf 79' lang='grc' dir='ltr'>Θεάσωνται</span> <span class='ocrx_word' id='word_1_636' title='bbox 1401 1994 1407 2001; x_wconf 91' lang='grc'>·</span> <span class='ocrx_word' id='word_1_637' title='bbox 1428 1984 1499 2012; x_wconf 75' lang='grc' dir='ltr'>οὕτω</span> <span class='ocrx_word' id='word_1_638' title='bbox 1515 1984 1543 2010; x_wconf 77' lang='grc' dir='ltr'>δὲ</span> <span class='ocrx_word' id='word_1_639' title='bbox 1560 1984 1606 2011; x_wconf 90' lang='grc' dir='ltr'><strong>τδν</strong></span> <span class='ocrx_word' id='word_1_640' title='bbox 1622 1983 1722 2019; x_wconf 78' lang='grc' dir='ltr'>ζηλοῦν</span> <span class='ocrx_word' id='word_1_641' title='bbox 1732 1991 1792 2010; x_wconf 81' lang='grc' dir='ltr'>τινα</span> <span class='ocrx_word' id='word_1_642' title='bbox 1805 1982 1859 2016; x_wconf 74' lang='grc' dir='ltr'>βίον</span> 
     </span>
    </p>
   </div>
   <div class='ocr_carea' id='block_1_87' title="bbox 1067 2029 1857 2068">
    <p class='ocr_par' dir='ltr' id='par_1_87' title="bbox 1067 2029 1857 2068">
     <span class='ocr_line' id='line_1_87' title="bbox 1067 2029 1857 2068; baseline -0.006 -9"><span class='ocrx_word' id='word_1_643' title='bbox 1067 2032 1239 2068; x_wconf 82' lang='grc' dir='ltr'>βουλόμενον,</span> <span class='ocrx_word' id='word_1_644' title='bbox 1256 2032 1346 2067; x_wconf 80' lang='grc' dir='ltr'>ἐαυτῷ</span> <span class='ocrx_word' id='word_1_645' title='bbox 1357 2031 1452 2058; x_wconf 80' lang='grc' dir='ltr'>τοῦτον</span> <span class='ocrx_word' id='word_1_646' title='bbox 1462 2030 1522 2057; x_wconf 69' lang='grc' dir='ltr'>ἀντὶ</span> <span class='ocrx_word' id='word_1_647' title='bbox 1539 2029 1651 2061; x_wconf 76' lang='grc' dir='ltr'>κανόνος</span> <span class='ocrx_word' id='word_1_648' title='bbox 1667 2029 1857 2065; x_wconf 73' lang='grc' dir='ltr'>παρατιθέναι,</span> 
     </span>
    </p>
   </div>
   <div class='ocr_carea' id='block_1_88' title="bbox 1066 2074 1860 2112">
    <p class='ocr_par' dir='ltr' id='par_1_88' title="bbox 1066 2074 1860 2112">
     <span class='ocr_line' id='line_1_88' title="bbox 1066 2074 1860 2112; baseline -0.006 -8"><span class='ocrx_word' id='word_1_649' title='bbox 1066 2077 1113 2104; x_wconf 76' lang='grc' dir='ltr'>καὶ</span> <span class='ocrx_word' id='word_1_650' title='bbox 1129 2076 1178 2112; x_wconf 84' lang='grc' dir='ltr'>τῆς</span> <span class='ocrx_word' id='word_1_651' title='bbox 1189 2085 1219 2102; x_wconf 81' lang='grc' dir='ltr'><strong>τε</strong></span> <span class='ocrx_word' id='word_1_652' title='bbox 1234 2075 1333 2108; x_wconf 81' lang='grc' dir='ltr'>κακίας</span> <span class='ocrx_word' id='word_1_653' title='bbox 1346 2076 1515 2103; x_wconf 78' lang='grc' dir='ltr'>ἀποκόπτειν</span> <span class='ocrx_word' id='word_1_654' title='bbox 1532 2075 1562 2102; x_wconf 82' lang='grc' dir='ltr'>τὸ</span> <span class='ocrx_word' id='word_1_655' title='bbox 1582 2074 1712 2110; x_wconf 81' lang='grc' dir='ltr'>περιττὸν</span> <span class='ocrx_word' id='word_1_656' title='bbox 1723 2094 1730 2105; x_wconf 88' lang='grc'><strong>,</strong></span> <span class='ocrx_word' id='word_1_657' title='bbox 1750 2074 1796 2100; x_wconf 79' lang='grc' dir='ltr'>καὶ</span> <span class='ocrx_word' id='word_1_658' title='bbox 1812 2074 1860 2106; x_wconf 76' lang='grc' dir='ltr'>τῆς</span> 
     </span>
    </p>
   </div>
   <div class='ocr_carea' id='block_1_89' title="bbox 1066 2119 1861 2160">
    <p class='ocr_par' dir='ltr' id='par_1_89' title="bbox 1066 2119 1861 2160">
     <span class='ocr_line' id='line_1_89' title="bbox 1066 2119 1861 2160; baseline -0.009 -9"><span class='ocrx_word' id='word_1_659' title='bbox 1066 2124 1167 2160; x_wconf 83' lang='grc' dir='ltr'>ἀρετῆς</span> <span class='ocrx_word' id='word_1_660' title='bbox 1191 2122 1365 2158; x_wconf 76' lang='grc' dir='ltr'>ἀναπληροῦν</span> <span class='ocrx_word' id='word_1_661' title='bbox 1386 2122 1455 2149; x_wconf 85' lang='grc' dir='ltr'>ἃττα</span> <span class='ocrx_word' id='word_1_662' title='bbox 1481 2121 1649 2148; x_wconf 73' lang='grc' dir='ltr'>ἐλλείποντα.</span> <span class='ocrx_word' id='word_1_663' title='bbox 1675 2120 1778 2146; x_wconf 74' lang='grc' dir='ltr'>Τούτου</span> <span class='ocrx_word' id='word_1_664' title='bbox 1807 2119 1861 2154; x_wconf 72' lang='grc' dir='ltr'>γὰρ</span> 
     </span>
    </p>
   </div>
   <div class='ocr_carea' id='block_1_90' title="bbox 1066 2165 1858 2204">
    <p class='ocr_par' dir='ltr' id='par_1_90' title="bbox 1066 2165 1858 2204">
     <span class='ocr_line' id='line_1_90' title="bbox 1066 2165 1858 2204; baseline -0.006 -8"><span class='ocrx_word' id='word_1_665' title='bbox 1066 2170 1158 2196; x_wconf 83' lang='grc' dir='ltr'>εἵνεκα</span> <span class='ocrx_word' id='word_1_666' title='bbox 1174 2169 1222 2196; x_wconf 81' lang='grc' dir='ltr'><strong>καὶ</strong></span> <span class='ocrx_word' id='word_1_667' title='bbox 1237 2169 1282 2196; x_wconf 64' lang='grc' dir='ltr'>τὴν</span> <span class='ocrx_word' id='word_1_668' title='bbox 1297 2169 1345 2204; x_wconf 83' lang='grc' dir='ltr'>τῆς</span> <span class='ocrx_word' id='word_1_669' title='bbox 1371 2167 1533 2202; x_wconf 64' lang='grc' dir='ltr'>συγγραφῆς</span> <span class='ocrx_word' id='word_1_670' title='bbox 1558 2165 1744 2201; x_wconf 73' lang='grc' dir='ltr'>ἀνεδεξάμεθα</span> <span class='ocrx_word' id='word_1_671' title='bbox 1767 2165 1858 2196; x_wconf 68' lang='grc' dir='ltr'>πόνον,</span> 
     </span>
    </p>
   </div>
   <div class='ocr_carea' id='block_1_91' title="bbox 1066 2211 1858 2251">
    <p class='ocr_par' dir='ltr' id='par_1_91' title="bbox 1066 2211 1858 2251">
     <span class='ocr_line' id='line_1_91' title="bbox 1066 2211 1858 2251; baseline -0.006 -9"><span class='ocrx_word' id='word_1_672' title='bbox 1066 2215 1201 2251; x_wconf 78' lang='grc' dir='ltr'>ὠφελείας</span> <span class='ocrx_word' id='word_1_673' title='bbox 1226 2214 1353 2250; x_wconf 80' lang='grc' dir='ltr'>ἀφορμὴν</span> <span class='ocrx_word' id='word_1_674' title='bbox 1379 2213 1554 2249; x_wconf 80' lang='grc' dir='ltr'>προτιθέντες</span> <span class='ocrx_word' id='word_1_675' title='bbox 1589 2213 1646 2244; x_wconf 79' lang='grc' dir='ltr'>τοῖς</span> <span class='ocrx_word' id='word_1_676' title='bbox 1670 2211 1858 2247; x_wconf 79' lang='grc' dir='ltr'>βουλομένοις·</span> 
     </span>
    </p>
   </div>
   <div class='ocr_carea' id='block_1_92' title="bbox 223 2258 1014 2297">
    <p class='ocr_par' dir='ltr' id='par_1_92' title="bbox 223 2261 1014 2297">
     <span class='ocr_line' id='line_1_92' title="bbox 223 2261 1014 2297; baseline 0.004 -9"><span class='ocrx_word' id='word_1_677' title='bbox 223 2261 278 2289; x_wconf 85' lang='lat' dir='ltr'><strong>Oro</strong></span> <span class='ocrx_word' id='word_1_678' title='bbox 302 2266 393 2289; x_wconf 85' lang='lat' dir='ltr'><strong>autem</strong></span> <span class='ocrx_word' id='word_1_679' title='bbox 418 2262 558 2295; x_wconf 86' lang='lat' dir='ltr'><strong>lectores,</strong></span> <span class='ocrx_word' id='word_1_680' title='bbox 584 2263 631 2297; x_wconf 93' lang='lat' dir='ltr'><strong>qui</strong></span> <span class='ocrx_word' id='word_1_681' title='bbox 653 2263 770 2290; x_wconf 87' lang='lat' dir='ltr'><strong>aliorum</strong></span> <span class='ocrx_word' id='word_1_682' title='bbox 793 2263 934 2291; x_wconf 90' lang='lat' dir='ltr'><strong>laboribus</strong></span> <span class='ocrx_word' id='word_1_683' title='bbox 957 2264 1014 2291; x_wconf 85' lang='lat' dir='ltr'><strong>sine</strong></span> 
     </span>
    </p>
   </div>
   <div class='ocr_carea' id='block_1_93' title="bbox 1065 2258 1862 2297">
    <p class='ocr_par' dir='ltr' id='par_1_93' title="bbox 1070 2258 1862 2296">
     <span class='ocr_line' id='line_1_93' title="bbox 1070 2258 1862 2296; baseline -0.008 -7"><span class='ocrx_word' id='word_1_684' title='bbox 1070 2261 1138 2296; x_wconf 77' lang='grc' dir='ltr'><strong>ἀξιῶ</strong></span> <span class='ocrx_word' id='word_1_685' title='bbox 1150 2262 1178 2289; x_wconf 82' lang='grc' dir='ltr'>δὲ</span> <span class='ocrx_word' id='word_1_686' title='bbox 1194 2261 1257 2293; x_wconf 73' lang='grc' dir='ltr'>τοὺς</span> <span class='ocrx_word' id='word_1_687' title='bbox 1269 2260 1488 2295; x_wconf 75' lang='grc' dir='ltr'>ἐντευξομένους,</span> <span class='ocrx_word' id='word_1_688' title='bbox 1501 2261 1558 2291; x_wconf 82' lang='grc' dir='ltr'>τοῖς</span> <span class='ocrx_word' id='word_1_689' title='bbox 1574 2259 1675 2295; x_wconf 81' lang='grc' dir='ltr'>ἑτέρων</span> <span class='ocrx_word' id='word_1_690' title='bbox 1691 2258 1783 2289; x_wconf 79' lang='grc' dir='ltr'>πόνοις</span> <span class='ocrx_word' id='word_1_691' title='bbox 1795 2258 1862 2284; x_wconf 67' lang='grc' dir='ltr'><strong>ἀπέ-</strong></span> 
     </span>
    </p>
   </div>
   <div class='ocr_carea' id='block_1_94' title="bbox 223 2307 1016 2344">
    <p class='ocr_par' dir='ltr' id='par_1_94' title="bbox 223 2307 1016 2344">
     <span class='ocr_line' id='line_1_94' title="bbox 223 2307 1016 2344; baseline 0.004 -10"><span class='ocrx_word' id='word_1_692' title='bbox 223 2307 318 2334; x_wconf 83' lang='lat' dir='ltr'><strong>laborc</strong></span> <span class='ocrx_word' id='word_1_693' title='bbox 347 2307 491 2339; x_wconf 82' lang='lat' dir='ltr'><strong>fruuntur,</strong></span> <span class='ocrx_word' id='word_1_694' title='bbox 519 2311 549 2334; x_wconf 93' lang='lat' dir='ltr'><strong>ut</strong></span> <span class='ocrx_word' id='word_1_695' title='bbox 573 2308 715 2336; x_wconf 88' lang='lat' dir='ltr'><strong>laboribus</strong></span> <span class='ocrx_word' id='word_1_696' title='bbox 738 2316 834 2344; x_wconf 88' lang='lat' dir='ltr'><strong>prcccs</strong></span> <span class='ocrx_word' id='word_1_697' title='bbox 854 2309 1016 2344; x_wconf 85' lang='lat' dir='ltr'><strong>rependant.</strong></span> 
     </span>
    </p>
   </div>
   <div class='ocr_carea' id='block_1_95' title="bbox 224 2353 1016 2391">
    <p class='ocr_par' dir='ltr' id='par_1_95' title="bbox 224 2353 1016 2391">
     <span class='ocr_line' id='line_1_95' title="bbox 224 2353 1016 2391; baseline 0.005 -11"><span class='ocrx_word' id='word_1_698' title='bbox 224 2353 311 2380; x_wconf 87' lang='lat' dir='ltr'><strong>Simul</strong></span> <span class='ocrx_word' id='word_1_699' title='bbox 332 2357 358 2381; x_wconf 87' lang='lat' dir='ltr'><strong>et</strong></span> <span class='ocrx_word' id='word_1_700' title='bbox 386 2353 448 2380; x_wconf 89' lang='lat' dir='ltr'><strong>illos</strong></span> <span class='ocrx_word' id='word_1_701' title='bbox 467 2361 578 2389; x_wconf 85' lang='lat' dir='ltr'><strong>precor,</strong></span> <span class='ocrx_word' id='word_1_702' title='bbox 602 2362 719 2390; x_wconf 87' lang='lat' dir='ltr'><strong>quorum</strong></span> <span class='ocrx_word' id='word_1_703' title='bbox 736 2355 820 2382; x_wconf 86' lang='lat' dir='ltr'><strong>vitam</strong></span> <span class='ocrx_word' id='word_1_704' title='bbox 844 2356 1016 2391; x_wconf 85' lang='lat' dir='ltr'><strong>conscripsi,</strong></span> 
     </span>
    </p>
   </div>
   <div class='ocr_carea' id='block_1_96' title="bbox 223 2399 1016 2437">
    <p class='ocr_par' dir='ltr' id='par_1_96' title="bbox 223 2399 1016 2437">
     <span class='ocr_line' id='line_1_96' title="bbox 223 2399 1016 2437; baseline 0.005 -12"><span class='ocrx_word' id='word_1_705' title='bbox 223 2407 258 2426; x_wconf 87' lang='lat' dir='ltr'><strong>ne</strong></span> <span class='ocrx_word' id='word_1_706' title='bbox 287 2407 329 2426; x_wconf 90' lang='lat' dir='ltr'><strong>mc</strong></span> <span class='ocrx_word' id='word_1_707' title='bbox 357 2399 489 2434; x_wconf 88' lang='lat' dir='ltr'><strong>procula</strong></span> <span class='ocrx_word' id='word_1_708' title='bbox 510 2400 625 2434; x_wconf 78' lang='lat' dir='ltr'><strong>spiritali</strong></span> <span class='ocrx_word' id='word_1_709' title='bbox 653 2408 748 2428; x_wconf 89' lang='lat' dir='ltr'><strong>eorum</strong></span> <span class='ocrx_word' id='word_1_710' title='bbox 776 2401 876 2429; x_wconf 86' lang='lat' dir='ltr'><strong>chorea</strong></span> <span class='ocrx_word' id='word_1_711' title='bbox 896 2402 1016 2437; x_wconf 91' lang='lat' dir='ltr'><strong>positum</strong></span> 
     </span>
    </p>
   </div>
   <div class='ocr_carea' id='block_1_97' title="bbox 222 2445 1016 2480">
    <p class='ocr_par' dir='ltr' id='par_1_97' title="bbox 222 2445 1016 2480">
     <span class='ocr_line' id='line_1_97' title="bbox 222 2445 1016 2480; baseline 0.005 -9"><span class='ocrx_word' id='word_1_712' title='bbox 222 2445 395 2480; x_wconf 70' lang='lat' dir='ltr'><strong>despiciant,</strong></span> <span class='ocrx_word' id='word_1_713' title='bbox 427 2446 475 2473; x_wconf 83' lang='lat' dir='ltr'><strong>sed</strong></span> <span class='ocrx_word' id='word_1_714' title='bbox 505 2445 577 2472; x_wconf 81' lang='lat' dir='ltr'><strong>infra</strong></span> <span class='ocrx_word' id='word_1_715' title='bbox 602 2446 739 2480; x_wconf 86' lang='lat' dir='ltr'><strong>jacenlem</strong></span> <span class='ocrx_word' id='word_1_716' title='bbox 774 2447 900 2480; x_wconf 88' lang='lat' dir='ltr'><strong>trahant,</strong></span> <span class='ocrx_word' id='word_1_717' title='bbox 929 2451 956 2475; x_wconf 85' lang='lat' dir='ltr'><strong>et</strong></span> <span class='ocrx_word' id='word_1_718' title='bbox 982 2448 1016 2475; x_wconf 90' lang='lat' dir='ltr'><strong>ad</strong></span> 
     </span>
    </p>
   </div>
   <div class='ocr_carea' id='block_1_98' title="bbox 222 2491 1016 2528">
    <p class='ocr_par' dir='ltr' id='par_1_98' title="bbox 222 2491 1016 2528">
     <span class='ocr_line' id='line_1_98' title="bbox 222 2491 1016 2528; baseline 0.004 -11"><span class='ocrx_word' id='word_1_719' title='bbox 222 2491 332 2518; x_wconf 86' lang='lat' dir='ltr'><strong>culmen</strong></span> <span class='ocrx_word' id='word_1_720' title='bbox 347 2491 459 2518; x_wconf 85' lang='lat' dir='ltr'><strong>virtutis</strong></span> <span class='ocrx_word' id='word_1_721' title='bbox 483 2491 654 2527; x_wconf 84' lang='lat' dir='ltr'><strong>perducant,</strong></span> <span class='ocrx_word' id='word_1_722' title='bbox 674 2492 816 2527; x_wconf 83' lang='lat' dir='ltr'><strong>choroque</strong></span> <span class='ocrx_word' id='word_1_723' title='bbox 844 2500 895 2520; x_wconf 91' lang='lat' dir='ltr'><strong>suo</strong></span> <span class='ocrx_word' id='word_1_724' title='bbox 916 2493 1016 2528; x_wconf 88' lang='lat' dir='ltr'><strong>adjun-</strong></span> 
     </span>
    </p>
   </div>
   <div class='ocr_carea' id='block_1_99' title="bbox 222 2537 1015 2575">
    <p class='ocr_par' dir='ltr' id='par_1_99' title="bbox 222 2537 1015 2575">
     <span class='ocr_line' id='line_1_99' title="bbox 222 2537 1015 2575; baseline 0.008 -13"><span class='ocrx_word' id='word_1_725' title='bbox 222 2541 287 2572; x_wconf 75' lang='lat' dir='ltr'><strong>gaut</strong></span> <span class='ocrx_word' id='word_1_726' title='bbox 298 2557 306 2570; x_wconf 94' lang='lat'><strong>,</strong></span> <span class='ocrx_word' id='word_1_727' title='bbox 324 2540 354 2564; x_wconf 90' lang='lat' dir='ltr'><strong>ut</strong></span> <span class='ocrx_word' id='word_1_728' title='bbox 369 2544 423 2563; x_wconf 93' lang='lat' dir='ltr'><strong>non</strong></span> <span class='ocrx_word' id='word_1_729' title='bbox 440 2537 544 2566; x_wconf 87' lang='lat' dir='ltr'><strong>alienas</strong></span> <span class='ocrx_word' id='word_1_730' title='bbox 561 2538 650 2565; x_wconf 91' lang='lat' dir='ltr'><strong>solum</strong></span> <span class='ocrx_word' id='word_1_731' title='bbox 665 2545 733 2575; x_wconf 89' lang='lat' dir='ltr'><strong>opes</strong></span> <span class='ocrx_word' id='word_1_732' title='bbox 749 2538 874 2572; x_wconf 87' lang='lat' dir='ltr'><strong>laudem,</strong></span> <span class='ocrx_word' id='word_1_733' title='bbox 891 2539 941 2566; x_wconf 86' lang='lat' dir='ltr'><strong>sed</strong></span> <span class='ocrx_word' id='word_1_734' title='bbox 957 2539 1015 2574; x_wconf 85' lang='lat' dir='ltr'><strong>ipse</strong></span> 
     </span>
    </p>
   </div>
   <div class='ocr_carea' id='block_1_100' title="bbox 223 2583 1013 2621">
    <p class='ocr_par' dir='ltr' id='par_1_100' title="bbox 223 2583 1013 2621">
     <span class='ocr_line' id='line_1_100' title="bbox 223 2583 1013 2621; baseline 0.009 -14"><span class='ocrx_word' id='word_1_735' title='bbox 223 2583 306 2610; x_wconf 64' lang='lat' dir='ltr'><strong>etiam</strong></span> <span class='ocrx_word' id='word_1_736' title='bbox 331 2583 420 2609; x_wconf 78' lang='lat' dir='ltr'><strong>laudis</strong></span> <span class='ocrx_word' id='word_1_737' title='bbox 437 2584 579 2611; x_wconf 87' lang='lat' dir='ltr'><strong>materiam</strong></span> <span class='ocrx_word' id='word_1_738' title='bbox 603 2584 722 2619; x_wconf 86' lang='lat' dir='ltr'><strong>aliquam</strong></span> <span class='ocrx_word' id='word_1_739' title='bbox 738 2592 903 2620; x_wconf 84' lang='lat' dir='ltr'><strong>consequar,</strong></span> <span class='ocrx_word' id='word_1_740' title='bbox 921 2593 1013 2621; x_wconf 85' lang='lat' dir='ltr'><strong>opere,</strong></span> 
     </span>
    </p>
   </div>
   <div class='ocr_carea' id='block_1_101' title="bbox 224 2627 1014 2665">
    <p class='ocr_par' dir='ltr' id='par_1_101' title="bbox 224 2627 1014 2665">
     <span class='ocr_line' id='line_1_101' title="bbox 224 2627 1014 2665; baseline 0.004 -11"><span class='ocrx_word' id='word_1_741' title='bbox 224 2627 330 2659; x_wconf 76' lang='lat' dir='ltr'><strong>verbis,</strong></span> <span class='ocrx_word' id='word_1_742' title='bbox 360 2633 386 2654; x_wconf 89' lang='lat' dir='ltr'><strong>et</strong></span> <span class='ocrx_word' id='word_1_743' title='bbox 410 2632 502 2656; x_wconf 83' lang='lat' dir='ltr'><strong>tuente</strong></span> <span class='ocrx_word' id='word_1_744' title='bbox 518 2628 680 2665; x_wconf 78' lang='lat' dir='ltr'><strong>gloriiicans</strong></span> <span class='ocrx_word' id='word_1_745' title='bbox 703 2630 896 2657; x_wconf 75' lang='lat' dir='ltr'><strong>universorum</strong></span> <span class='ocrx_word' id='word_1_746' title='bbox 914 2631 1014 2658; x_wconf 86' lang='lat' dir='ltr'><strong>Serva-</strong></span> 
     </span>
    </p>
   </div>
   <div class='ocr_carea' id='block_1_102' title="bbox 223 2674 1013 2712">
    <p class='ocr_par' dir='ltr' id='par_1_102' title="bbox 223 2674 1013 2712">
     <span class='ocr_line' id='line_1_102' title="bbox 223 2674 1013 2712; baseline 0.004 -11"><span class='ocrx_word' id='word_1_747' title='bbox 223 2680 310 2702; x_wconf 82' lang='lat' dir='ltr'><strong>toreni</strong></span> <span class='ocrx_word' id='word_1_748' title='bbox 332 2674 490 2708; x_wconf 72' lang='lat' dir='ltr'><strong>Christum,</strong></span> <span class='ocrx_word' id='word_1_749' title='bbox 509 2675 593 2703; x_wconf 87' lang='lat' dir='ltr'><strong>Dcunt</strong></span> <span class='ocrx_word' id='word_1_750' title='bbox 620 2674 765 2710; x_wconf 72' lang='lat' dir='ltr'><strong>uestrum,</strong></span> <span class='ocrx_word' id='word_1_751' title='bbox 793 2684 854 2703; x_wconf 84' lang='lat' dir='ltr'><strong>cum</strong></span> <span class='ocrx_word' id='word_1_752' title='bbox 872 2685 926 2712; x_wconf 89' lang='lat' dir='ltr'><strong>quo</strong></span> <span class='ocrx_word' id='word_1_753' title='bbox 940 2676 1013 2704; x_wconf 83' lang='lat' dir='ltr'><strong>Patri</strong></span> 
     </span>
    </p>
   </div>
   <div class='ocr_carea' id='block_1_103' title="bbox 223 2722 975 2758">
    <p class='ocr_par' dir='ltr' id='par_1_103' title="bbox 223 2722 975 2758">
     <span class='ocr_line' id='line_1_103' title="bbox 223 2722 975 2758; baseline 0.003 -10"><span class='ocrx_word' id='word_1_754' title='bbox 223 2722 309 2757; x_wconf 72' lang='lat' dir='ltr'><strong>gloria</strong></span> <span class='ocrx_word' id='word_1_755' title='bbox 321 2726 476 2758; x_wconf 85' lang='lat' dir='ltr'><strong>ctscmpcr,</strong></span> <span class='ocrx_word' id='word_1_756' title='bbox 489 2726 516 2750; x_wconf 91' lang='lat' dir='ltr'><strong>et</strong></span> <span class='ocrx_word' id='word_1_757' title='bbox 531 2723 557 2750; x_wconf 92' lang='lat' dir='ltr'><strong>in</strong></span> <span class='ocrx_word' id='word_1_758' title='bbox 571 2723 671 2750; x_wconf 61' lang='lat' dir='ltr'><strong>secula</strong></span> <span class='ocrx_word' id='word_1_759' title='bbox 688 2723 862 2752; x_wconf 63' lang='lat' dir='ltr'><strong>saeculorum.</strong></span> <span class='ocrx_word' id='word_1_760' title='bbox 877 2724 975 2751; x_wconf 82' lang='lat' dir='ltr'><strong>Amcu.</strong></span> 
     </span>
    </p>
   </div>
   <div class='ocr_carea' id='block_1_104' title="bbox 259 2855 795 2891">
    <p class='ocr_par' dir='ltr' id='par_1_104' title="bbox 259 2855 795 2891">
     <span class='ocr_line' id='line_1_104' title="bbox 259 2855 795 2891; baseline -0.002 -7"><span class='ocrx_word' id='word_1_761' title='bbox 259 2861 271 2876; x_wconf 74' lang='grc' dir='ltr'><strong>ι</strong></span> <span class='ocrx_word' id='word_1_762' title='bbox 283 2855 371 2885; x_wconf 73' lang='lat' dir='ltr'><strong>Galat.</strong></span> <span class='ocrx_word' id='word_1_763' title='bbox 387 2865 426 2889; x_wconf 86' lang='grc' dir='ltr'>ιιι,</span> <span class='ocrx_word' id='word_1_764' title='bbox 443 2856 488 2883; x_wconf 70' lang='grc' dir='ltr'><strong>ἳ8.</strong></span> <span class='ocrx_word' id='word_1_765' title='bbox 531 2864 541 2877; x_wconf 70' lang='grc' dir='ltr'>ιι</span> <span class='ocrx_word' id='word_1_766' title='bbox 560 2856 658 2891; x_wconf 69' lang='lat' dir='ltr'><strong>Epiros.</strong></span> <span class='ocrx_word' id='word_1_767' title='bbox 673 2865 708 2889; x_wconf 88' lang='lat' dir='ltr'><strong>tv,</strong></span> <span class='ocrx_word' id='word_1_768' title='bbox 726 2857 752 2888; x_wconf 75' lang='grc'>5,</span> <span class='ocrx_word' id='word_1_769' title='bbox 769 2857 795 2883; x_wconf 83' lang='lat' dir='ltr'><strong>(i.</strong></span> 
     </span>
    </p>
   </div>
   <div class='ocr_carea' id='block_1_105' title="bbox 1069 2303 1858 2343">
    <p class='ocr_par' dir='ltr' id='par_1_105' title="bbox 1069 2303 1858 2343">
     <span class='ocr_line' id='line_1_105' title="bbox 1069 2303 1858 2343; baseline -0.006 -9"><span class='ocrx_word' id='word_1_770' title='bbox 1069 2316 1122 2339; x_wconf 86' lang='grc' dir='ltr'><strong>νως</strong></span> <span class='ocrx_word' id='word_1_771' title='bbox 1137 2306 1338 2343; x_wconf 71' lang='grc' dir='ltr'>ἐντρυφῶντας,</span> <span class='ocrx_word' id='word_1_772' title='bbox 1350 2306 1489 2342; x_wconf 83' lang='grc' dir='ltr'>προσευχῇ</span> <span class='ocrx_word' id='word_1_773' title='bbox 1500 2305 1563 2336; x_wconf 80' lang='grc' dir='ltr'>τοὺς</span> <span class='ocrx_word' id='word_1_774' title='bbox 1574 2304 1671 2335; x_wconf 84' lang='grc' dir='ltr'>πόνους</span> <span class='ocrx_word' id='word_1_775' title='bbox 1681 2303 1858 2338; x_wconf 73' lang='grc' dir='ltr'>ἀμείψασθαι.</span> 
     </span>
    </p>
   </div>
   <div class='ocr_carea' id='block_1_106' title="bbox 1073 2347 1859 2384">
    <p class='ocr_par' dir='ltr' id='par_1_106' title="bbox 1073 2347 1859 2384">
     <span class='ocr_line' id='line_1_106' title="bbox 1073 2347 1859 2384; baseline -0.008 -5"><span class='ocrx_word' id='word_1_776' title='bbox 1073 2353 1199 2380; x_wconf 79' lang='grc' dir='ltr'>Ὶκετεὺω</span> <span class='ocrx_word' id='word_1_777' title='bbox 1216 2352 1243 2378; x_wconf 82' lang='grc' dir='ltr'>δὲ</span> <span class='ocrx_word' id='word_1_778' title='bbox 1259 2352 1305 2378; x_wconf 77' lang='grc' dir='ltr'>καὶ</span> <span class='ocrx_word' id='word_1_779' title='bbox 1314 2351 1436 2382; x_wconf 88' lang='grc' dir='ltr'>τούτους,</span> <span class='ocrx_word' id='word_1_780' title='bbox 1450 2347 1487 2377; x_wconf 87' lang='grc' dir='ltr'>ὧν</span> <span class='ocrx_word' id='word_1_781' title='bbox 1499 2349 1544 2375; x_wconf 77' lang='grc' dir='ltr'>τὸν</span> <span class='ocrx_word' id='word_1_782' title='bbox 1559 2349 1617 2384; x_wconf 86' lang='grc' dir='ltr'>βίον</span> <span class='ocrx_word' id='word_1_783' title='bbox 1633 2347 1859 2383; x_wconf 73' lang='grc' dir='ltr'>συνεγραψάμην,</span> 
     </span>
    </p>
   </div>
   <div class='ocr_carea' id='block_1_107' title="bbox 1070 2392 1862 2434">
    <p class='ocr_par' dir='ltr' id='par_1_107' title="bbox 1070 2392 1862 2434">
     <span class='ocr_line' id='line_1_107' title="bbox 1070 2392 1862 2434; baseline -0.009 -9"><span class='ocrx_word' id='word_1_784' title='bbox 1070 2398 1109 2434; x_wconf 83' lang='grc' dir='ltr'>μὴ</span> <span class='ocrx_word' id='word_1_785' title='bbox 1124 2398 1256 2434; x_wconf 80' lang='grc' dir='ltr'>περιιδεῖν</span> <span class='ocrx_word' id='word_1_786' title='bbox 1273 2406 1307 2434; x_wconf 85' lang='grc' dir='ltr'><strong>με</strong></span> <span class='ocrx_word' id='word_1_787' title='bbox 1326 2392 1420 2433; x_wconf 66' lang='grc' dir='ltr'>πόρρω</span> <span class='ocrx_word' id='word_1_788' title='bbox 1437 2397 1486 2431; x_wconf 80' lang='grc' dir='ltr'>τῆς</span> <span class='ocrx_word' id='word_1_789' title='bbox 1499 2395 1689 2431; x_wconf 84' lang='grc' dir='ltr'>πνευματικῆς</span> <span class='ocrx_word' id='word_1_790' title='bbox 1712 2393 1803 2420; x_wconf 82' lang='grc' dir='ltr'>αὐτῶν</span> <span class='ocrx_word' id='word_1_791' title='bbox 1817 2401 1862 2428; x_wconf 86' lang='grc' dir='ltr'>χο-</span> 
     </span>
    </p>
   </div>
   <div class='ocr_carea' id='block_1_108' title="bbox 1071 2438 1860 2480">
    <p class='ocr_par' dir='ltr' id='par_1_108' title="bbox 1071 2438 1860 2480">
     <span class='ocr_line' id='line_1_108' title="bbox 1071 2438 1860 2480; baseline -0.009 -9"><span class='ocrx_word' id='word_1_792' title='bbox 1071 2444 1144 2480; x_wconf 85' lang='grc' dir='ltr'>ρείας</span> <span class='ocrx_word' id='word_1_793' title='bbox 1160 2443 1298 2477; x_wconf 86' lang='grc' dir='ltr'>διάγοντα,</span> <span class='ocrx_word' id='word_1_794' title='bbox 1317 2442 1373 2470; x_wconf 80' lang='grc' dir='ltr'>ἀλλ’</span> <span class='ocrx_word' id='word_1_795' title='bbox 1389 2441 1537 2469; x_wconf 82' lang='grc' dir='ltr'>ἀνελκῦσαι</span> <span class='ocrx_word' id='word_1_796' title='bbox 1559 2441 1636 2467; x_wconf 81' lang='grc' dir='ltr'>κάτω</span> <span class='ocrx_word' id='word_1_797' title='bbox 1654 2439 1793 2474; x_wconf 79' lang='grc' dir='ltr'>κείμενον.</span> <span class='ocrx_word' id='word_1_798' title='bbox 1812 2438 1860 2465; x_wconf 81' lang='grc' dir='ltr'>καὶ</span> 
     </span>
    </p>
   </div>
   <div class='ocr_carea' id='block_1_109' title="bbox 1068 2484 1860 2526">
    <p class='ocr_par' dir='ltr' id='par_1_109' title="bbox 1068 2484 1860 2526">
     <span class='ocr_line' id='line_1_109' title="bbox 1068 2484 1860 2526; baseline -0.01 -9"><span class='ocrx_word' id='word_1_799' title='bbox 1068 2489 1137 2526; x_wconf 71' lang='grc' dir='ltr'>πρὸς</span> <span class='ocrx_word' id='word_1_800' title='bbox 1152 2490 1182 2517; x_wconf 79' lang='grc' dir='ltr'>τὸ</span> <span class='ocrx_word' id='word_1_801' title='bbox 1207 2489 1274 2525; x_wconf 74' lang='grc' dir='ltr'>ὕψος</span> <span class='ocrx_word' id='word_1_802' title='bbox 1297 2489 1346 2522; x_wconf 81' lang='grc' dir='ltr'>τῆς</span> <span class='ocrx_word' id='word_1_803' title='bbox 1373 2489 1474 2525; x_wconf 82' lang='grc' dir='ltr'>ἀρετῆς</span> <span class='ocrx_word' id='word_1_804' title='bbox 1492 2487 1651 2521; x_wconf 81' lang='grc' dir='ltr'>ἀναγαγεῖν,</span> <span class='ocrx_word' id='word_1_805' title='bbox 1670 2486 1717 2512; x_wconf 74' lang='grc' dir='ltr'>καὶ</span> <span class='ocrx_word' id='word_1_806' title='bbox 1739 2484 1779 2520; x_wconf 85' lang='grc' dir='ltr'>τῷ</span> <span class='ocrx_word' id='word_1_807' title='bbox 1803 2484 1860 2520; x_wconf 82' lang='grc' dir='ltr'>ἰδίῳ</span> 
     </span>
    </p>
   </div>
   <div class='ocr_carea' id='block_1_110' title="bbox 1067 2530 1860 2572">
    <p class='ocr_par' dir='ltr' id='par_1_110' title="bbox 1067 2530 1860 2572">
     <span class='ocr_line' id='line_1_110' title="bbox 1067 2530 1860 2572; baseline -0.011 -8"><span class='ocrx_word' id='word_1_808' title='bbox 1067 2536 1140 2572; x_wconf 84' lang='grc' dir='ltr'>χορῷ</span> <span class='ocrx_word' id='word_1_809' title='bbox 1155 2536 1289 2571; x_wconf 78' lang='grc' dir='ltr'>συνάψαι·</span> <span class='ocrx_word' id='word_1_810' title='bbox 1309 2535 1347 2567; x_wconf 83' lang='grc' dir='ltr'>ὡς</span> <span class='ocrx_word' id='word_1_811' title='bbox 1362 2535 1395 2562; x_wconf 83' lang='grc' dir='ltr'>ἂν</span> <span class='ocrx_word' id='word_1_812' title='bbox 1408 2536 1445 2570; x_wconf 84' lang='grc' dir='ltr'>μὴ</span> <span class='ocrx_word' id='word_1_813' title='bbox 1462 2534 1542 2569; x_wconf 83' lang='grc' dir='ltr'>μόνον</span> <span class='ocrx_word' id='word_1_814' title='bbox 1557 2531 1711 2568; x_wconf 84' lang='grc' dir='ltr'>εὐφημοίην</span> <span class='ocrx_word' id='word_1_815' title='bbox 1724 2530 1770 2557; x_wconf 68' lang='grc' dir='ltr'><strong>τὸν</strong></span> <span class='ocrx_word' id='word_1_816' title='bbox 1781 2530 1860 2557; x_wconf 80' lang='grc' dir='ltr'>ἀλλό-</span> 
     </span>
    </p>
   </div>
   <div class='ocr_carea' id='block_1_111' title="bbox 1066 2576 1858 2618">
    <p class='ocr_par' dir='ltr' id='par_1_111' title="bbox 1066 2576 1858 2618">
     <span class='ocr_line' id='line_1_111' title="bbox 1066 2576 1858 2618; baseline -0.009 -10"><span class='ocrx_word' id='word_1_817' title='bbox 1066 2591 1141 2618; x_wconf 83' lang='grc' dir='ltr'>τριον</span> <span class='ocrx_word' id='word_1_818' title='bbox 1158 2582 1283 2614; x_wconf 76' lang='grc' dir='ltr'>πλοῦτον,</span> <span class='ocrx_word' id='word_1_819' title='bbox 1300 2581 1369 2609; x_wconf 79' lang='grc' dir='ltr'>ἀλλὰ</span> <span class='ocrx_word' id='word_1_820' title='bbox 1381 2581 1427 2609; x_wconf 75' lang='grc' dir='ltr'>καὶ</span> <span class='ocrx_word' id='word_1_821' title='bbox 1441 2580 1521 2612; x_wconf 78' lang='grc' dir='ltr'>αὐτὸς</span> <span class='ocrx_word' id='word_1_822' title='bbox 1539 2578 1631 2614; x_wconf 82' lang='grc' dir='ltr'>σχοίην</span> <span class='ocrx_word' id='word_1_823' title='bbox 1642 2577 1717 2608; x_wconf 82' lang='grc' dir='ltr'>τινὰς</span> <span class='ocrx_word' id='word_1_824' title='bbox 1730 2576 1858 2612; x_wconf 74' lang='grc' dir='ltr'>ἀφορμὰς</span> 
     </span>
    </p>
   </div>
   <div class='ocr_carea' id='block_1_112' title="bbox 1067 2620 1857 2664">
    <p class='ocr_par' dir='ltr' id='par_1_112' title="bbox 1067 2620 1857 2664">
     <span class='ocr_line' id='line_1_112' title="bbox 1067 2620 1857 2664; baseline -0.011 -9"><span class='ocrx_word' id='word_1_825' title='bbox 1067 2628 1215 2664; x_wconf 72' lang='grc' dir='ltr'>εὐφημίας,</span> <span class='ocrx_word' id='word_1_826' title='bbox 1234 2628 1318 2663; x_wconf 72' lang='grc' dir='ltr'>ἔργῳ,</span> <span class='ocrx_word' id='word_1_827' title='bbox 1337 2627 1384 2654; x_wconf 77' lang='grc' dir='ltr'>καὶ</span> <span class='ocrx_word' id='word_1_828' title='bbox 1400 2626 1483 2661; x_wconf 75' lang='grc' dir='ltr'>λόγῳ,</span> <span class='ocrx_word' id='word_1_829' title='bbox 1502 2625 1550 2651; x_wconf 78' lang='grc' dir='ltr'>καὶ</span> <span class='ocrx_word' id='word_1_830' title='bbox 1563 2622 1665 2658; x_wconf 83' lang='grc' dir='ltr'>διανοίᾳ</span> <span class='ocrx_word' id='word_1_831' title='bbox 1680 2620 1800 2654; x_wconf 78' lang='grc' dir='ltr'>δοξάζων</span> <span class='ocrx_word' id='word_1_832' title='bbox 1813 2620 1857 2664; x_wconf 71' lang='grc' dir='ltr'>τὸν</span> 
     </span>
    </p>
   </div>
   <div class='ocr_carea' id='block_1_113' title="bbox 1067 2661 1856 2709">
    <p class='ocr_par' dir='ltr' id='par_1_113' title="bbox 1067 2661 1856 2709">
     <span class='ocr_line' id='line_1_113' title="bbox 1067 2661 1856 2709; baseline -0.013 -8"><span class='ocrx_word' id='word_1_833' title='bbox 1067 2661 1181 2709; x_wconf 64' lang='grc' dir='ltr'>Σωτῆρα</span> <span class='ocrx_word' id='word_1_834' title='bbox 1200 2661 1255 2700; x_wconf 80' lang='grc' dir='ltr'>τῶν</span> <span class='ocrx_word' id='word_1_835' title='bbox 1269 2661 1336 2699; x_wconf 72' lang='grc' dir='ltr'>ὅλων</span> <span class='ocrx_word' id='word_1_836' title='bbox 1353 2671 1480 2708; x_wconf 73' lang='grc' dir='ltr'>Χριστὸν,</span> <span class='ocrx_word' id='word_1_837' title='bbox 1495 2669 1541 2696; x_wconf 74' lang='grc' dir='ltr'><strong>τὸν</strong></span> <span class='ocrx_word' id='word_1_838' title='bbox 1559 2669 1625 2695; x_wconf 82' lang='grc' dir='ltr'>Θεὸν</span> <span class='ocrx_word' id='word_1_839' title='bbox 1643 2667 1730 2703; x_wconf 80' lang='grc' dir='ltr'>ἡμῶν,</span> <span class='ocrx_word' id='word_1_840' title='bbox 1751 2665 1811 2701; x_wconf 81' lang='grc' dir='ltr'>μεθ’</span> <span class='ocrx_word' id='word_1_841' title='bbox 1826 2661 1856 2691; x_wconf 67' lang='grc' dir='ltr'><strong>οὗ</strong></span> 
     </span>
    </p>
   </div>
   <div class='ocr_carea' id='block_1_114' title="bbox 1068 2711 1856 2755">
    <p class='ocr_par' dir='ltr' id='par_1_114' title="bbox 1068 2711 1856 2755">
     <span class='ocr_line' id='line_1_114' title="bbox 1068 2711 1856 2755; baseline -0.009 -10"><span class='ocrx_word' id='word_1_842' title='bbox 1068 2719 1106 2753; x_wconf 83' lang='grc' dir='ltr'>τῷ</span> <span class='ocrx_word' id='word_1_843' title='bbox 1122 2719 1210 2755; x_wconf 79' lang='grc' dir='ltr'>Ιῐατρὶ</span> <span class='ocrx_word' id='word_1_844' title='bbox 1228 2719 1329 2755; x_wconf 71' lang='grc' dir='ltr'>ἠδὸξα,</span> <span class='ocrx_word' id='word_1_845' title='bbox 1347 2719 1395 2745; x_wconf 75' lang='grc' dir='ltr'>σὺν</span> <span class='ocrx_word' id='word_1_846' title='bbox 1411 2717 1449 2752; x_wconf 81' lang='grc' dir='ltr'>τῷ</span> <span class='ocrx_word' id='word_1_847' title='bbox 1471 2716 1541 2751; x_wconf 81' lang='grc' dir='ltr'>ἁγίῳ</span> <span class='ocrx_word' id='word_1_848' title='bbox 1566 2713 1716 2749; x_wconf 82' lang='grc' dir='ltr'>Πνεὺματι,</span> <span class='ocrx_word' id='word_1_849' title='bbox 1741 2711 1790 2739; x_wconf 74' lang='grc' dir='ltr'>νῦν</span> <span class='ocrx_word' id='word_1_850' title='bbox 1811 2712 1856 2739; x_wconf 74' lang='grc' dir='ltr'>καὶ</span> 
     </span>
    </p>
   </div>
   <div class='ocr_carea' id='block_1_115' title="bbox 1069 2760 1741 2798">
    <p class='ocr_par' dir='ltr' id='par_1_115' title="bbox 1069 2760 1741 2798">
     <span class='ocr_line' id='line_1_115' title="bbox 1069 2760 1741 2798; baseline -0.006 -7"><span class='ocrx_word' id='word_1_851' title='bbox 1069 2766 1122 2798; x_wconf 78' lang='grc' dir='ltr'>ἀεὶ,</span> <span class='ocrx_word' id='word_1_852' title='bbox 1136 2767 1183 2793; x_wconf 74' lang='grc' dir='ltr'>καὶ</span> <span class='ocrx_word' id='word_1_853' title='bbox 1195 2767 1234 2798; x_wconf 82' lang='grc' dir='ltr'><strong>εἰς</strong></span> <span class='ocrx_word' id='word_1_854' title='bbox 1247 2766 1311 2797; x_wconf 72' lang='grc' dir='ltr'>τοὺς</span> <span class='ocrx_word' id='word_1_855' title='bbox 1325 2765 1425 2796; x_wconf 79' lang='grc' dir='ltr'>αἰῶνας</span> <span class='ocrx_word' id='word_1_856' title='bbox 1440 2763 1492 2791; x_wconf 78' lang='grc' dir='ltr'>τῶν</span> <span class='ocrx_word' id='word_1_857' title='bbox 1508 2762 1620 2789; x_wconf 85' lang='grc' dir='ltr'>αἰώνων.</span> <span class='ocrx_word' id='word_1_858' title='bbox 1648 2760 1741 2796; x_wconf 79' lang='grc' dir='ltr'>Ἀμήν.</span> 
     </span>
    </p>
   </div>
  </div>
