2064 3120
199 207 265 242 1497

203 287 349 296 ξ-η

700 210 840 249 ΟΠᾼΤῘΟ
868 210 916 239 DE
937 210 1069 240 DIVINA
1090 211 1315 240 CHARITATE.

1757 211 1824 242 1-398

357 379 530 446 ΤΟΥ
585 375 1025 445 ΜΑΚΑΡΙΟΥ
1078 378 1663 447 ΘΕΟΔΩΡΗΤΟΥ

840 496 1040 523 ΕΠΙΣΚΟΠΟΥ
1060 496 1180 523 ΚΥΡΘΥ

380 578 563 623 ΛΟΓΟΣ
600 578 729 621 ΠΕΡΙ
757 577 865 620 ΤΗΣ
890 577 1055 621 ΘΕΙΑΣ
1090 578 1188 620 ΚΑΙ
1210 575 1369 621 ΑΓΙΑΣ
1398 574 1637 621 ΑΓΑΠΗΣ.

978 682 1015 692 -νι

656 767 862 824 ΒΕΑΤΙ
895 767 1353 825 THEODORETI

845 876 998 904 EPlSCOPl
1015 875 1187 905 CYRENSIS

256 966 482 1014 ORATIO
551 965 624 1010 DE
694 963 906 1011 DIVINA
974 965 1050 1008 ET

293 1078 297 1091 1

1106 964 1327 1010 SANCTA
1395 965 1754 1011 CHABITATE.

230 1141 335 1167 Ἰῐλίκοι
353 1141 401 1175 μὲν
416 1141 439 1166 οἱ
454 1139 503 1175 τῆς
519 1139 622 1175 ἀρετῆς
638 1138 764 1173 ἀθληταὶ,
783 1137 830 1164 καὶ
844 1139 916 1169 ὅσοις
933 1137 977 1164 καὶ

1069 1138 1177 1174 1296
1200 1138 1301 1172 Quanti
1327 1139 1383 1166 sint
1407 1140 1515 1167 virtutis
1531 1142 1655 1174 athleta),
1684 1147 1712 1169 et
1736 1151 1816 1177 quam

190 1188 257 1219 οἵοις
281 1187 424 1220 στεφάνοις
442 1185 649 1221 λαμπρύνονται
664 1205 671 1217 ,
686 1183 780 1218 σαφῶς
803 1183 924 1210 διδάσκει
941 1182 975 1209 τὰ

191 1233 255 1268 περὶ
274 1233 364 1258 αὐτῶν
382 1231 575 1266 συγγραφέντα
596 1232 663 1266 ἡμῖν
685 1230 852 1265 διηγήματα.
872 1229 905 1255 El
921 1229 976 1263 γὰρ

189 1278 238 1305 καὶ
259 1278 296 1314 μὴ
316 1278 420 1309 πάντας
438 1277 528 1304 αὐτῶν
550 1277 673 1312 περιέχει
697 1278 761 1307 τοὺς
786 1275 899 1307 ἄθλους,
918 1274 975 1301 ἀλλ’

189 1324 298 1359 ἀπόχρη
318 1324 365 1350 καὶ
386 1323 420 1350 τὰ
444 1323 522 1356 ὀλίγα
547 1323 649 1355 παντὸς
671 1323 718 1348 τοῦ
741 1322 799 1357 βίον
822 1321 905 1354 δεῖξαι
930 1320 976 1347 τὸν

190 1370 364 1406 χαρακτῆρα.
388 1369 445 1396 Καὶ
468 1369 522 1405 γὰρ
549 1369 595 1396 τὸν
611 1369 711 1404 χρυσὸν
733 1369 781 1402 οὐχ
805 1367 913 1394 ἅπαντα
929 1367 975 1394 τὸν

193 1415 418 1452 προσφερόμενον
439 1414 587 1441 δαπανῶσα
610 1414 725 1449 ὴλίθος,
743 1413 802 1440 ἀλλ’
824 1412 907 1447 ὀλίγῳ
922 1412 975 1438 τινὶ

189 1462 410 1497 προστριῦομένη
436 1461 584 1496 δόκιμονῆ
611 1460 738 1495 ἀδόκιμον
767 1459 906 1485 δείκνυσι·
927 1458 975 1485 καὶ

190 1509 235 1535 τὸν
249 1507 362 1544 τοξότην
376 1507 404 1534 δὲ
419 1507 549 1538 ὡσαύτως
565 1506 594 1538 ἐξ
608 1505 706 1541 ὀλίγων
721 1505 877 1540 ἀφιεμένων
891 1503 975 1539 βελῶν

189 1554 345 1589 καταμάθοι
357 1554 388 1580 ἄν
402 1562 443 1584 τις
457 1552 589 1588 ἀκριϐῶς,
602 1551 657 1578 εἴτε
675 1551 774 1586 ἄριστα
786 1550 890 1582 τοξεύοι
905 1549 976 1576 κατὰ

191 1601 293 1628 σκοποῦ
321 1600 443 1635 βάλλων,
476 1599 532 1625 εἴτε
558 1598 610 1632 ἔξω
636 1598 763 1633 φέροιτο,
798 1596 848 1631 τὴν
875 1596 975 1631 τέχνην

189 1648 240 1674 οὐκ
254 1646 419 1682 ἠσκημένος.
438 1645 516 1671 Οὖτιν)
530 1645 577 1671 καὶ
590 1644 653 1674 τοὺς
669 1643 766 1674 ἄλλους
780 1642 915 1678 τεχνίτας,
931 1641 975 1668 ἵνα

191 1694 229 1730 μὴ
249 1693 310 1720 καθ’
323 1693 438 1718 ἕκαστον
454 1691 536 1725 λέγω,
552 1689 664 1716 δυνατὸν
679 1688 835 1723 διαγνῶναι,
852 1689 899 1714 καὶ
912 1688 974 1723 δροι

191 1739 277 1774 μέας,
298 1738 346 1764 καὶ
370 1736 526 1772 τραγῳδίας
548 1735 713 1770 ὑποκριτὰς,
732 1735 778 1761 καὶ
792 1733 973 1770 κυϐερνήτας,

1027 1185 1122 1211 multis
1141 1185 1325 1220 qualibusque
1342 1187 1452 1214 coronis
1466 1186 1603 1222 fulgeant,
1624 1189 1768 1223 perspicue
1784 1190 1818 1216 de

1026 1230 1081 1258 illis
1097 1238 1111 1257 a
1136 1231 1215 1258 nobis
1234 1232 1399 1266 conscripta:
1416 1234 1589 1261 narrationes
1605 1234 1702 1261 docent
1728 1244 1734 1261 :
1758 1243 1818 1270 quae

1027 1276 1136 1303 tametsi
1159 1283 1212 1303 non
1229 1280 1329 1304 cuncta
1345 1278 1455 1304 illorum
1473 1279 1633 1306 contineant
1648 1280 1798 1306 certamina
1809 1301 1816 1312 ,

1027 1322 1166 1349 sullieiunt
1182 1330 1248 1350 sane
1274 1323 1315 1352 vel
1341 1331 1428 1359 pauca
1448 1324 1481 1351 ad
1499 1325 1583 1352 totius
1599 1325 1661 1352 vita:
1680 1326 1814 1352 rationem

1027 1367 1199 1404 formamque
1228 1369 1484 1398 demonstrandam.
1514 1371 1619 1398 Etenim
1650 1379 1705 1398 non
1736 1379 1817 1398 onine

1026 1421 1123 1441 aurum
1143 1415 1254 1442 allatum
1272 1416 1411 1442 consumit
1424 1416 1493 1451 lapis
1510 1415 1628 1452 Lydius,
1644 1417 1691 1444 sed
1706 1425 1816 1452 parvam

1026 1460 1174 1495 quamdam
1198 1465 1302 1496 partem
1325 1461 1389 1488 dum
1416 1462 1526 1494 atterit,
1550 1462 1701 1496 probumne
1726 1463 1762 1489 sit
1783 1471 1816 1489 an

1026 1506 1210 1534 adulterinum
1251 1506 1432 1534 demonstrat.
1480 1507 1602 1542 Itemque
1645 1508 1818 1542 sagittarium

1026 1552 1161 1587 quispiam
1187 1560 1221 1579 ex
1248 1554 1343 1588 paucis
1365 1553 1427 1580 telis
1452 1554 1562 1581 etnissis
1583 1558 1714 1581 accurate
1736 1562 1818 1582 nosse

1026 1599 1165 1634 potuerit,
1197 1606 1246 1626 seu
1274 1599 1346 1626 bene
1370 1600 1479 1627 emittat
1508 1600 1624 1635 sagittas
1650 1600 1677 1627 in
1703 1608 1817 1635 scopum

1026 1645 1148 1679 dirigens
1161 1665 1168 1676 ,
1193 1652 1242 1672 seu
1262 1652 1276 1671 a
1293 1652 1378 1680 scopo
1396 1645 1504 1673 aberret
1518 1645 1545 1672 in
1561 1650 1619 1673 arte
1639 1653 1693 1673 non
1710 1647 1817 1673 excrci-

1030 1695 1114 1718 talus.
1131 1690 1263 1717 Eumdem
1279 1692 1361 1718 etiam
1377 1691 1404 1718 in
1431 1692 1542 1718 modum
1569 1692 1660 1719 caeteri
1677 1692 1798 1719 artiﬁces
1810 1712 1818 1724 ,

1027 1744 1062 1764 ne
1075 1736 1108 1763 de
1126 1736 1243 1771 singulis
1260 1736 1351 1764 dicere
1368 1737 1403 1763 sit
1418 1744 1498 1771 opus,
1516 1737 1660 1772 explorare
1672 1737 1752 1765 facile
1776 1743 1819 1765 est

190 1785 238 1811 καὶ
252 1785 418 1818 ναυπηγοὺς,
431 1783 477 1808 καὶ
494 1781 613 1817 ἰατροὺς,
627 1782 672 1807 καὶ
687 1781 833 1815 γηπόνους,
848 1781 896 1807 καὶ
911 1780 975 1811 τοὺς

1027 1787 1053 1809 ct
1075 1782 1191 1817 pugiles,
1208 1785 1235 1809 et
1252 1789 1388 1815 Cursores,
1413 1782 1520 1817 1297
1538 1787 1564 1809 ct
1587 1782 1729 1817 lragtedim
1745 1788 1818 1810 ιιι-ιο-

189 1829 286 1860 ἄλλους
299 1827 476 1859 ἁπαξαπλῶς,
489 1828 546 1853 ὅσοι
558 1827 618 1853 τινὰ
635 1825 853 1861 μεταχειρίζουσι
865 1826 973 1861 τέχνην·

1027 1835 1087 1860 res,
1108 1831 1134 1854 et
1153 1827 1370 1862 gubernatores,
1398 1831 1425 1854 et
1442 1828 1553 1855 navium
1573 1827 1768 1859 fabricatores,
1793 1833 1816 1854 rt

191 1877 271 1910 ἱκανὴ
287 1875 342 1909 γὰρ
366 1874 443 1908 ὀλίγη
463 1875 545 1908 πεῖρα
570 1873 686 1899 καὶτῶν
709 1873 899 1907 ἐπιστημόνων
915 1874 975 1899 ἑπι-

189 1921 275 1955 δεῖξαι
294 1920 342 1956 τὴν
357 1920 465 1955 τέχνην,
482 1919 527 1945 καὶ
542 1919 596 1945 τῶν
609 1919 721 1953 ὀνόματι
741 1919 813 1953 μόνῳ
827 1919 975 1954 χρωμένων

189 1968 298 2002 ἐλέγξαι
311 1967 359 2003 τὴν
373 1966 504 2002 ἀμαθίαν.
525 1965 645 2000 Ἀπόχρη
663 1965 763 1997 τοίνυν,
782 1966 819 1996 ὡς
832 1966 911 2000 ἔφην,
929 1966 977 1991 καὶ

190 2013 224 2040 τὰ
246 2014 323 2047 ὀλίγα
339 2012 530 2047 συγγραφέντα
546 2011 599 2037 τῶν
615 2011 723 2045 ἑκάστῳ
741 2010 974 2046 κατωρθωμένων,

190 2059 281 2085 πᾶσαν
303 2055 406 2090 διδάξαι
428 2057 477 2092 τὴν
499 2057 546 2082 τοῦ
566 2055 622 2091 βίου
640 2056 812 2091 προαίρεσιν.
839 2055 976 2089 Προσήκει

189 2105 218 2130 δὲ
234 2105 307 2139 ἡμᾶς
323 2104 369 2130 ἐπὶ
384 2104 430 2130 τοῦ
447 2103 590 2138 παρόντος,
610 2101 768 2137 ἐρευνῆσαι,
786 2101 833 2127 καὶ
849 2100 976 2136 ζητῆσαι,

190 2150 239 2177 καὶ
256 2150 425 2184 καταμαθεῖν
448 2148 588 2184 ἀκριὸὦς,
617 2147 699 2174 πόθεν
719 2146 873 2183 ὁρμώμενοι
896 2146 976 2182 τήνδε

189 2193 240 2228 τὴν
257 2193 393 2219 πολιτείαν
405 2193 575 2228 ἠσπάσαντο,
589 2192 636 2218 καὶ
653 2192 741 2223 ποίοις
755 2191 890 2227 χρώμενοι
903 2191 978 2225 λογι-

192 2240 281 2274 σμοῖς,
295 2239 380 2274 αὑτὴν
406 2238 555 2265 κατέλαϐον
575 2239 624 2274 τῆς
641 2237 800 2273 φιλοσοφίας
826 2238 876 2274 τὴν
896 2245 978 2273 κορυ-

191 2286 246 2321 φήν
257 2294 264 2300 ·
280 2286 321 2312 ὅτι
336 2286 389 2321 γὰρ
406 2285 436 2311 οὐ
452 2287 484 2320 τῇ
501 2284 579 2320 ῥώμῃ
594 2285 759 2321 θαρροῦντες
776 2284 823 2311 τοῦ
840 2285 976 2319 σώματος,

190 2331 244 2357 τῶν
268 2330 339 2365 ὑπὲρ
354 2330 403 2364 τὴν
426 2330 506 2364 φύσιν
533 2329 582 2365 τὴν
610 2330 782 2365 ἀνθρωπείαν
805 2330 975 2365 ἠράσθησαν,

190 2378 238 2404 καὶ
253 2378 315 2407 τοὺς
331 2376 415 2412 ταύτῃ
434 2376 576 2410 κειμένους
597 2376 771 2411 ὑπερέϐησαν
788 2375 886 2410 νόμους
899 2395 906 2407 ,
930 2375 977 2402 καὶ

190 2424 224 2450 τὰ
252 2422 375 2456 παγέντα
397 2423 453 2453 τοῖς
475 2424 524 2457 τῆς
547 2422 688 2453 εὐσεϐείας
711 2422 873 2456 ἀγωνισταῖς
894 2421 977 2456 ὑπερο

191 2469 331 2504 επήδησαν
344 2468 503 2503 σκάμματα,
522 2467 609 2503 σαφὴς
621 2469 637 2503 ἡ
648 2469 730 2503 πεῖρα
742 2467 910 2498 διδάσκαλος.
925 2467 977 2493 Οὐ-

191 2515 246 2545 δεὶς
262 2515 314 2549 γὰρ
336 2513 390 2539 τῶν
413 2513 462 2547 τῆς
485 2512 643 2547 φιλοσοφίας
659 2513 760 2548 ταύτης
776 2513 910 2548 ἀμοίρων,
925 2513 975 2549 τὴν

188 2559 292 2585 τούτων
310 2558 458 2594 καρτερίαν
483 2558 638 2591 ἐπεδείξατο
661 2558 782 2585 πώποτε.
802 2559 834 2586 El
857 2559 911 2594 γὰρ
929 2559 976 2586 καὶ

190 2605 312 2638 νίψωνται
331 2605 478 2639 ποιμένες,
495 2604 552 2630 ἁλλ’
574 2605 624 2631 οὐκ
645 2604 703 2630 ἀεί’
727 2605 773 2630 καὶ
795 2604 903 2640 ἄντροις
922 2606 976 2641 γὰρ

190 2651 327 2687 χρῶνται,
352 2651 398 2677 καὶ
412 2651 452 2682 εἰς
468 2650 517 2682 τὰς
537 2650 626 2682 οἰκίας
641 2651 786 2681 ί-’ἱπανιᾶσι1
810 2651 857 2677 xui.
875 2652 973 2686 ὺποδή-

192 2705 259 2731 μασι
274 2696 302 2722 δὲ
317 2696 378 2727 τοὺς
394 2696 476 2728 πόδας
490 2695 670 2728 καλύπτουσι,
688 2697 735 2722 καὶ
757 2696 894 2732 ἐσθήμασι
912 2697 975 2732 θερ-

193 2742 318 2778 μοτέροις
332 2742 366 2768 τὰ
379 2743 446 2768 ἄλλα
465 2742 536 2777 μέρη
553 2743 599 2769 τοῦ
618 2742 743 2778 σώματος
761 2743 953 2778 περιϐάλλουσι
967 2752 973 2759 ⁸

190 2789 240 2813 καὶ
254 2788 304 2819 δίς,
322 2788 369 2814 καὶ
380 2788 439 2823 τρὶς
454 2787 504 2822 τῆς
518 2787 635 2823 ἡμέρας,
650 2789 719 2823 τάχα
734 2788 762 2814 δὲ
777 2789 824 2815 καὶ
837 2789 974 2824 τετράκις,

190 2832 294 2867 τροφῆς
314 2832 488 2859 ἀπολαύουσι.
514 2833 568 2859 Καὶ
590 2833 750 2870 κρεωφαγία
765 2833 794 2860 δὲ
809 2833 855 2860 καὶ
872 2835 976 2860 οἰνοπο-

191 2878 238 2905 cia
257 2878 345 2913 πάσης
369 2878 488 2913 ἐσχάρας
515 2877 625 2913 ἄμεινον
647 2878 832 2914 διαθερμαίνει
857 2879 891 2907 τὰ
921 2879 968 2906 σώ-

192 2931 266 2959 ματα
285 2931 291 2939 ‘
312 2924 374 2951 ὅταν
390 2923 443 2959 γὰρ
463 2924 479 2958 ἡ
507 2924 617 2959 τοιαύτη
641 2925 727 2960 τροφὴ
755 2925 803 2960 τὴν
833 2925 975 2953 ἀλλοίωσιν

1026 1873 1147 1901 medicos
1160 1893 1168 1906 ,
1187 1878 1215 1900 et
1229 1873 1382 1909 agricolas,
1400 1876 1427 1900 et
1451 1873 1518 1901 alios
1530 1893 1536 1905 ,
1555 1878 1585 1901 ut
1604 1874 1688 1901 semel
1706 1874 1812 1905 dicam.

1026 1920 1204 1954 quicunque‘
1230 1923 1316 1947 artem
1334 1919 1454 1954 aliquam
1467 1923 1589 1946 tractant
1606 1929 1612 1947 :
1634 1919 1732 1947 suflicit
1746 1920 1817 1946 enim

1026 1966 1156 1999 exiguum
1174 1965 1314 1999 quoddam
1341 1965 1481 2000 specimen
1505 1966 1538 1993 ad
1564 1966 1713 2000 peritorum
1732 1970 1817 1992 artem

1028 2011 1282 2045 comprobandam‘,
1301 2015 1329 2038 et
1343 2019 1438 2038 eorum
1450 2031 1458 2045 ,
1472 2012 1519 2046 qui
1539 2012 1627 2039 solum
1643 2019 1741 2038 nomen
1767 2011 1818 2038 sihi

1027 2055 1187 2087 vindicant,
1211 2056 1395 2090 ignorantiam
1419 2058 1632 2093 coarguendam.
1657 2058 1819 2085 Suil'ecovint

1027 2101 1121 2136 igitur,
1140 2106 1171 2128 ut
1188 2102 1244 2129 dixi
1256 2121 1263 2134 ,
1282 2102 1326 2130 vel
1344 2103 1460 2137 paucula
1472 2103 1526 2151 illa
1541 2105 1697 2138 conscripta
1715 2103 1747 2130 de
1768 2104 1817 2134 iis.

1027 2154 1087 2181 qua:
1102 2146 1236 2181 prmclara
1255 2145 1290 2173 ab
1308 2145 1566 2181 unoquoquc'facta
1586 2154 1618 2174 ac
1634 2152 1709 2182 gesta
1735 2152 1816 2178 sunt.

1028 2192 1062 2219 ad
1082 2192 1240 2220 universam
1258 2191 1322 2219 vita:
1340 2192 1475 2220 rationem
1491 2192 1668 2220 edocendam.
1685 2192 1819 2220 Convenit

1027 2242 1120 2265 autem
1138 2246 1188 2265 nos
1202 2237 1228 2265 in
1246 2238 1375 2273 przesenti
1390 2238 1579 2273 perscrutari,
1596 2241 1624 2265 et
1641 2238 1817 2273 investigare,

1027 2293 1059 2312 ac
1082 2283 1242 2319 perdiscere
1271 2283 1382 2315 scdulo,
1409 2283 1548 2311 undenam
1564 2283 1690 2319 impulsi,
1709 2284 1817 2318 ejusce-

1028 2329 1100 2356 modi
1123 2329 1185 2356 vilze
1213 2329 1346 2356 rationem
1375 2330 1494 2364 amplexi
1519 2329 1593 2363 sint,
1619 2333 1645 2357 et
1662 2330 1818 2364 cujttstnodi

1027 2375 1068 2403 usi
1095 2374 1250 2402 rationibus
1272 2375 1305 2401 ad
1322 2375 1422 2402 divinae
1439 2375 1521 2409 hujus
1537 2375 1718 2410 philosophia:
1741 2374 1832 2402 fasti-'

1026 2421 1100 2456 gium
1130 2422 1303 2456 pertigeriut.
1328 2421 1395 2448 Nam
1414 2421 1485 2456 quod
1506 2430 1562 2449 non
1577 2422 1702 2457 corporis
1718 2422 1818 2449 robore

1028 2467 1108 2500 freti,
1124 2475 1185 2502 qum
1198 2467 1347 2494 humanam
1361 2471 1487 2494 naturain
1501 2467 1638 2495 excedunt
1650 2467 1816 2499 adamarint,

1028 2513 1216 2548 terminosque
1237 2508 1268 2540 ei
1289 2513 1455 2540 constitutos
1482 2512 1649 2547 transgressi
1680 2512 1753 2545 sint,
1784 2519 1816 2539 ac

1028 2563 1105 2593 septa
1131 2558 1243 2593 pietatis
1268 2558 1378 2585 athletis
1395 2558 1483 2584 deﬁxa
1505 2557 1704 2588 transilierint,
1728 2557 1816 2584 mani-

1028 2605 1097 2633 feste
1125 2605 1207 2632 docet
1245 2604 1426 2639 experientia.
1456 2603 1541 2631 Nemo
1569 2604 1704 2638 siquidem
1733 2603 1816 2637 hujus

1029 2650 1212 2685 philosophiae
1232 2657 1349 2684 expers,
1367 2648 1478 2675 illorum
1499 2647 1670 2674 tolerantiam
1693 2653 1813 2680 unquam

1028 2696 1160 2724 ostendit.
1178 2695 1285 2723 Etenim
1300 2695 1322 2721 si
1339 2694 1401 2721 nive
1414 2693 1579 2728 quandoque
1594 2696 1814 2728 conspergunlur

1027 2746 1168 2778 pastores,
1196 2741 1243 2768 sed
1277 2747 1331 2767 non
1356 2747 1464 2774 semper
1490 2748 1497 2766 :
1528 2738 1658 2774 quoniam
1684 2742 1711 2765 et
1726 2737 1814 2764 antris

1028 2793 1153 2819 utuntur,
1174 2791 1201 2814 et
1225 2787 1322 2813 dotnos
1346 2790 1491 2820 repetunt,
1518 2789 1544 2812 et
1559 2784 1658 2811 calceis
1674 2783 1756 2818 pedes
1772 2787 1812 2809 te-

1027 2841 1114 2870 gunt,
1145 2838 1173 2860 et
1200 2832 1378 2859 calidioribus
1405 2830 1576 2858 vestimentis
1598 2830 1667 2856 alias
1686 2828 1812 2862 corporis

1027 2888 1118 2918 partes
1138 2881 1288 2911 amicinnt,
1307 2883 1333 2907 et
1349 2879 1392 2906 bis
1411 2883 1484 2905 terve
1508 2878 1533 2905 in
1550 2877 1611 2910 die,
1629 2884 1660 2903 ac
1678 2877 1770 2903 forsan
1786 2879 1812 2901 et

1027 2932 1135 2963 quater,
1151 2927 1241 2954 cibum
1267 2929 1388 2953 sutuunl.
1415 2923 1467 2951 Sed
1483 2927 1509 2951 et
1529 2922 1621 2950 carnis
1637 2929 1701 2950 esus
1716 2942 1722 2955 ,
1741 2920 1810 2949 \‘iui-
