2064 3120
256 193 323 225 1499

747 191 990 224 THEODORETI
1009 191 1179 221 EPISCOPI
1197 192 1379 223 CYRENSIS

1808 189 1875 220 ῙΞἿΟ

251 257 304 284 que
328 252 418 283 potus,
445 247 544 283 quovis
567 247 629 275 foco
644 247 741 275 melius
763 256 879 283 corpora
897 246 1029 275 excalcia-

1087 245 1205 281 δέξηται.
1223 247 1269 273 καὶ
1283 244 1337 273 οἷον
1355 246 1377 273 ιθ
1382 246 1425 282 μῷ
1437 254 1488 272 τινι
1502 246 1681 281 διακριθεῖσαι,
1696 245 1744 272 καὶ
1755 245 1785 271 te
1800 243 1875 280 ἧπαρ

251 296 337 321 ciunt.
355 293 422 321 Cum
434 294 507 321 enim
525 293 660 328 ejusmodi
677 295 874 321 nutrimentum
891 294 1034 321 alteralum

251 340 353 371 fuerit,
370 345 396 366 et
414 339 493 374 quasi
511 340 620 375 quidam
638 340 699 368 colo
719 340 886 372 discretum,
910 344 934 366 el
957 340 1036 373 jecur

250 395 410 421 occupans,
434 387 460 413 in
483 387 643 421 sanguinem
666 390 803 414 mutatum
825 386 983 418 exstiterit,
1001 385 1034 412 ad

251 431 415 465 cor-quidem
430 439 477 465 per
493 431 600 466 1298
616 438 709 458 cavam
724 438 821 457 venam
849 431 1033 465 progreditur,

251 476 314 502 inde
328 484 392 503 vero
408 477 623 504 concalefactum
639 496 645 507 ,
663 476 742 511 quasi
764 484 812 510 per
841 477 975 510 quosdam
990 476 1034 503 di-

251 529 408 555 spersorum
419 528 549 548 venarum
563 521 728 553 conductus,
744 522 881 555 percurrit
893 522 1035 548 unirersas

252 572 344 601 partes
368 567 519 602 corporis:
547 575 712 603 quocunque
743 572 833 595 autem
859 568 1034 603 pervenerit,

253 621 305 639 non
321 617 426 640 tantum
445 614 537 646 irrieal
553 635 560 646 ,
578 614 666 641 sedet
683 615 754 649 ignis
768 614 854 641 instar
864 614 1034 646 excah-l‘arit,

253 659 406 694 meliusque
433 660 563 687 mollibus
581 660 702 687 vestibus
724 668 825 695 corpus
847 660 1034 688 circumfovet.

251 704 345 740 Neque
363 707 453 738 enim,
480 711 508 733 ut
525 707 648 733 nonnulli
669 706 845 738 existimant,
872 707 973 734 tunicae
985 726 992 737 .
1009 709 1036 733 et

252 755 321 786 toga:
333 771 340 784 ,
367 756 393 778 et
410 752 492 786 pallia
506 773 512 783 ,
538 752 647 786 corpori
666 754 786 787 prmbcnt
809 753 927 779 calorem
947 761 952 778 :
970 752 1037 780 alias

252 797 325 823 enim
346 801 371 823 et
398 796 480 830 lignis
508 799 536 823 et
556 796 694 831 lapidibus
719 796 820 831 quibus
846 797 1036 828 admoventur,

250 842 370 868 calorem
395 842 596 876 imprimerent.
614 841 648 868 At
663 849 744 869 nemo
761 841 831 868 vidit
860 850 979 876 unquam
1001 842 1036 868 li-

250 894 344 920 gnum,
373 886 526 920 lapidemve
548 886 707 914 calidiorem
729 894 743 914 a
769 887 893 914 vestibus
922 887 1034 914 factum.

1086 292 1296 325 καταλαϐοῦσα,
1317 292 1366 328 τὴν
1393 294 1434 324 εἰς
1452 289 1523 327 αἷμα
1553 292 1702 328 μεταὸολὴν
1728 292 1873 326 ὑπομείνῃ,

1086 340 1170 374 χωρεῖ
1185 339 1234 374 μὲν
1254 340 1294 370 είς
1307 339 1355 374 τὴν
1375 339 1488 374 καρδίαν
1509 338 1552 364 διὰ
1570 339 1619 373 τῆς
1643 337 1736 373 κοίλης
1759 337 1872 371 φλεὸός*

1086 385 1289 420 ὲκθερμαθεῖσα
1311 385 1356 416 δὲ,
1383 385 1505 415 ὲκεῖοεν,
1530 380 1586 410 οἷον
1604 382 1649 410 διά
1667 392 1746 409 τινων
1772 382 1874 417 ὀχετῶν

1084 431 1139 458 τῶν
1153 431 1361 466 διεσπαρμένων
1373 430 1492 465 φλεϐῶν.
1508 431 1548 461 εἷς
1563 429 1670 456 ἅπαντα
1684 429 1820 463 διατρέχει
1841 429 1873 455 τὰ

1086 477 1133 504 τοῦ
1147 476 1272 511 σώματος
1294 478 1394 512 μόρια·
1420 474 1450 504 οὗ
1471 476 1493 502 δ’
1512 476 1545 503 ἂν
1561 476 1704 511 ἀφίκηται,
1727 476 1776 502 οὐκ
1799 475 1874 510 ἄρδει

1088 522 1179 557 μόνον,
1196 522 1264 550 ἀλλά
1286 522 1332 548 καὶ
1352 521 1438 556 πυρδς
1454 522 1532 557 δίκην
1554 521 1743 556 ὲκθερμαίνει,
1760 520 1807 546 καὶ
1820 520 1874 546 τῶν

1088 568 1219 603 μαλακῶν
1242 568 1357 603 ἱματίων
1375 568 1486 603 ἄμεινον
1510 567 1673 603 περιθάλπει
1686 567 1717 594 τὸ
1731 567 1819 601 σῶμα.
1836 567 1872 593 Οὐ

1086 615 1151 649 γὰρ,
1168 614 1206 646 ὥς
1225 623 1296 646 τινες
1323 614 1555 649 ὑπολαμϐάνουσι,
1580 613 1702 648 χιτῶνες,
1720 614 1766 639 καὶ
1786 614 1873 647 ἀμπε-

1085 659 1174 694 χόναι,
1189 659 1236 686 καὶ
1249 657 1414 694 ὲφέστρίδες,
1428 660 1467 694 τῷ
1480 658 1601 694 στώματι
1615 659 1666 694 τὴν
1688 658 1793 693 θέρμην
1809 667 1875 694 παρ-

1087 705 1206 739 έχουσινσ
1225 705 1241 740 ἢ
1258 704 1312 740 γὰρ
1326 705 1369 737 ἂν,
1388 705 1434 731 καὶ
1449 705 1526 738 ξύλα,
1542 705 1591 731 καὶ
1605 704 1696 736 λίθους
1711 704 1874 739 ὲθέρμαναν,

1086 749 1128 782 οἷς
1151 751 1184 778 ἂν
1205 751 1340 778 ἐπέλασαν
1357 759 1365 767 ”
1384 751 1440 778 ἀλλ’
1455 751 1542 782 οὐδεὶς
1565 751 1697 778 ἐθεάσατο
1720 751 1839 780 πώποτε,
1857 750 1874 786 ἦ

1088 797 1166 830 ξύλον
1177 818 1184 829 .
1199 797 1215 832 ἢ
1231 797 1302 824 λίθον
1315 818 1323 829 ,
1341 798 1505 833 Θερμότερον
1523 797 1576 824 ὑπὸ
1590 797 1707 832 ἱματίων
1724 797 1876 832 γεγενημέ-

1087 850 1143 869 νον.
1161 842 1266 869 Οὐκοῦν
1289 843 1350 869 οὐδὲ
1378 843 1417 878 τῷ
1446 843 1553 878 σώματι
1578 842 1664 870 ταῦτα
1689 843 1804 878 παρέχει
1827 842 1876 876 τὴν

1088 887 1193 923 θέρμην
1206 895 1213 902 ·
1227 888 1295 914 ἀλλὰ
1305 887 1353 914 τοῦ
1370 888 1495 923 σώματος
1506 888 1592 915 ταῦτα
1605 887 1733 922 φυλάττει
1749 887 1799 922 τὴν
1816 886 1878 922 θέρ-

253 933 345 966 ltaque
369 932 480 966 corpori
509 932 629 959 calorem
659 932 712 958 ista
738 940 793 959 non
822 933 965 967 prmbent,
990 933 1035 960 sed

1091 941 1144 968 μην
1154 941 1161 948 ·
1176 933 1223 960 καὶ
1240 934 1366 969 ἀπείργει
1383 934 1433 970 μὲν
1448 934 1495 961 τοῦ
1515 933 1621 969 ψυχρσῦ
1634 933 1715 968 ἀέρος
1729 934 1780 965 τὴν
1791 941 1876 967 προς-

252 978 379 1012 corporis
403 978 523 1004 calorem
541 983 705 1004 conservant
724 978 856 1005 duntaxat.
873 988 880 1005 ε
904 983 930 1006 et
946 978 1038 1014 frigidi

251 1024 362 1058 quidem
379 1024 450 1051 aeris
464 1024 596 1058 impetum
612 1024 767 1058 propellunt
779 1046 786 1058 ,
802 1031 935 1052 exeuntes
947 1030 1037 1053 autem

250 1078 265 1095 ο
280 1077 397 1103 corpore
413 1077 530 1104 vapores
551 1070 724 1104 suscipiunt,
748 1070 837 1104 iisque
860 1075 888 1097 et
909 1070 1038 1097 calefiunt

250 1115 320 1149 ipsa.
337 1119 365 1142 et
380 1117 388 1125 ‘
403 1115 535 1142 calidiora
558 1116 667 1151 corpori
686 1116 876 1143 admoventur.
890 1117 980 1144 Testis
995 1121 1038 1144 est

250 1161 419 1196 experientia
445 1170 451 1188 :
484 1162 613 1196 quoniam
646 1161 772 1196 frigidum
798 1171 918 1197 persaepe
937 1163 1036 1190 lectum

251 1207 436 1241 ingredientes
449 1227 456 1239 ,
472 1207 565 1234 statim
579 1208 763 1242 applicatione
777 1210 902 1244 corporis
919 1213 1035 1236 stratum

250 1261 282 1279 ex
297 1253 396 1288 frigido
410 1253 527 1281 calidum
545 1253 695 1281 reddimus.
709 1254 823 1282 Constat
839 1255 922 1289 igitur
934 1263 1035 1290 corpus

249 1299 311 1325 (ibo
324 1306 355 1325 ac
375 1299 544 1326 nutrimento
560 1299 648 1334 magis
659 1319 666 1332 ,
679 1307 760 1334 quam
779 1301 942 1328 vestimento
959 1302 1015 1329 ullo
1026 1323 1035 1335 ,

251 1344 370 1371 calefieri
393 1353 399 1372 :
418 1349 445 1372 et
459 1345 506 1380 qui
521 1353 553 1372 eo
572 1353 658 1380 usque
683 1345 715 1372 ad
733 1347 885 1374 satietatem
900 1347 1036 1381 fruantur,

251 1389 408 1423 praesidium
426 1390 565 1417 sufﬁciens
581 1391 681 1418 habere
699 1391 845 1419 adversum
868 1392 977 1427 frigoris
996 1393 1037 1420 in-

249 1436 418 1463 cursionem.
442 1436 492 1464 Illo
519 1437 656 1471 siquidem
678 1446 780 1473 corpus
807 1443 933 1472 armant,
958 1443 986 1467 et
1003 1439 1036 1467 ad

249 1481 435 1508 resistendum
452 1482 516 1510 huic
532 1483 596 1510 anni
612 1485 768 1518 tempestati
794 1489 959 1520 praeparant.
984 1486 1036 1519 Qui

249 1535 314 1554 vero
341 1528 432 1555 cibum
458 1533 484 1556 et
505 1534 598 1564 potqu
621 1531 741 1564 quotidie
767 1539 820 1558 non
849 1539 982 1566 sumunt,
1010 1537 1037 1560 et

249 1573 362 1607 quando
391 1577 504 1601 sumunt
528 1574 683 1601 satietatem
708 1582 762 1602 non
786 1579 963 1610 exspectant,
988 1576 1035 1603 sed

249 1619 408 1652 flagrantem
434 1620 632 1655 appetitionem
653 1621 810 1654 refrenant,
831 1625 857 1649 et
871 1629 902 1649 ea
912 1626 1036 1651 vsumunt

249 1672 311 1699 quae
331 1665 443 1692 minime
461 1666 572 1700 corpori
588 1666 774 1694 calefacienda
790 1671 854 1694 sunt
871 1671 933 1703 apta
947 1688 954 1700 ,
974 1668 1038 1695 dum

249 1712 292 1738 γει
318 1711 420 1738 herbas
450 1713 602 1739 comedunt
628 1713 716 1739 instar
738 1713 898 1740 animalium
925 1714 1039 1741 rationis

250 1757 407 1791 expertium
424 1777 431 1789 ,
453 1757 495 1784 vel
521 1758 588 1785 solis
616 1758 724 1793 1299
747 1759 908 1787 madefactis
924 1767 1040 1787 vescun-

249 1806 294 1828 tur
315 1803 522 1836 leguminibus.
550 1811 697 1837 quemnam
727 1811 761 1831 ex
788 1804 923 1839 ejusmodi
952 1806 1041 1832 nutri-

251 1852 344 1874 iuento
371 1849 493 1875 calorem
514 1848 678 1876 hauserint?
706 1854 754 1877 aut
776 1855 875 1885 quanta
898 1858 930 1877 ac
951 1851 1040 1886 qualis

250 1892 314 1919 inde
331 1893 476 1928 sanguinis
505 1895 646 1929 scaturigo
662 1895 744 1923 fuerit
765 1895 777 1922 ’ὲ
803 1895 981 1930 Perspicuum
998 1902 1041 1925 est

250 1938 332 1972 igitur
361 1938 437 1965 nulla
463 1946 495 1965 ex
524 1943 600 1974 parte
628 1940 701 1968 alios
725 1941 823 1967 horum
853 1941 951 1969 studiis
978 1950 1040 1970 esse

250 1983 364 2011 similes.
395 1983 490 2018 Neque
523 1985 597 2011 enim
627 1993 681 2012 una
712 1985 862 2020 eademque
889 1980 930 2014 est
957 1988 1039 2014 restis

250 2030 346 2057 horum
371 2034 454 2064 atque
470 2031 580 2057 illorum
594 2051 601 2063 ,
618 2039 680 2058 cum
697 2032 753 2059 hatc
769 2032 806 2059 sit.
825 2033 976 2066 asperrima
989 2053 996 2065 ,
1014 2036 1040 2060 et

249 2076 363 2103 minime
395 2075 428 2103 ad
456 2065 673 2104 calefaciendiim
708 2079 885 2105 accommoda
912 2087 918 2105 :
953 2085 1040 2112 neque

249 2123 348 2150 similis
365 2128 407 2150 est
427 2123 535 2156 victus,
551 2118 599 2150 se!
614 2131 646 2150 ex
664 2124 797 2151 diametro
816 2132 953 2159 pugnans.
971 2124 1039 2151 Nam

247 2169 407 2203 pastoribus
420 2189 427 2200 .
444 2170 564 2204 aliisque
583 2169 719 2196 similibus
730 2189 737 2201 ,
758 2170 918 2202 comedendi
932 2174 1039 2205 tempus

247 2220 290 2243 est
305 2223 387 2243 omne
403 2220 511 2250 tempus
529 2224 536 2242 :
556 2223 608 2243 suo
630 2216 702 2242 enim
714 2216 835 2250 appetitu
858 2220 965 2252 tempus
983 2224 1039 2243 me-

1088 979 1170 1014 6ολήν
1185 987 1193 995 ⁸
1210 979 1396 1015 ὑποδεχόμενα
1415 980 1443 1007 δὲ
1458 981 1520 1012 τοὺς
1535 981 1567 1007 ὲκ
1577 980 1624 1007 τοῦ
1642 979 1769 1015 σώματος
1789 979 1876 1011 ἐξιόν-

1088 1034 1138 1057 τας
1158 1027 1272 1061 ἀτμοὺς,
1288 1027 1335 1053 καὶ
1360 1026 1535 1062 Θερμαίνεται
1556 1025 1672 1057 τούτοις,
1704 1026 1750 1052 καὶ
1777 1025 1874 1060 θερμὸ-

1088 1079 1156 1105 τερα
1180 1071 1342 1106 προσϐάλλει
1361 1071 1400 1107 τῷ
1413 1071 1527 1106 σώματι.
1539 1071 1594 1097 Καὶ
1612 1071 1717 1106 μάρτυς
1735 1070 1752 1104 ἡ
1773 1071 1855 1104 πεῖρα
1868 1077 1876 1083 ·

1087 1117 1181 1152 ψυχρᾷ
1203 1117 1257 1153 γὰρ
1276 1117 1407 1149 πολλάκις
1426 1119 1460 1152 τῇ
1485 1117 1564 1153 κλίνῃ
1587 1116 1820 1152 προσϐάλλοντες,
1842 1117 1874 1151 τῇ

1087 1161 1134 1188 τοῦ
1158 1161 1283 1197 σώματος
1307 1162 1400 1197 ὁμιλίᾳ
1424 1162 1529 1197 Θερμὴν
1548 1161 1597 1197 τὴν
1616 1161 1669 1197 πρὸ
1688 1162 1804 1197 βραχέος
1823 1161 1875 1196 ψυ-

1087 1208 1157 1243 χρὰν
1171 1208 1359 1243 ἀποτελοῦμεν
1376 1209 1529 1244 στρωμνήν.
1548 1207 1652 1235 Οὐκοῦν
1671 1209 1687 1244 ἡ
1705 1207 1793 1244 τροφὴ
1810 1217 1877 1234 παν-

1086 1254 1132 1286 τὸς
1163 1254 1271 1289 ἱματίου
1301 1254 1381 1280 πλέον
1406 1252 1593 1288 διαθερμαίνει
1618 1253 1650 1280 τὸ
1677 1252 1774 1287 σῶμα·
1800 1253 1824 1278 οῑ
1848 1252 1876 1278 δὲ

1086 1300 1189 1335 ταύτης
1207 1301 1247 1332 εἰς
1263 1300 1344 1335 κόρον
1361 1299 1616 1335 μεταλαμϐάνοντες
1628 1319 1635 1331 ,
1661 1298 1751 1333 ἔρυμα
1768 1298 1875 1332 ἔχουσιν

1087 1346 1190 1381 ἀρκοῦν
1214 1345 1282 1381 πρὸς
1296 1346 1345 1381 τὴν
1358 1346 1406 1372 τοῦ
1428 1345 1535 1381 κρυμοῦ
1553 1344 1716 1380 προσϐολήν.
1737 1343 1875 1370 Καῦοπλί-

1087 1391 1165 1423 ζουσι
1184 1391 1238 1426 γὰρ
1261 1391 1347 1427 ταύτῃ
1366 1391 1396 1417 τὸ
1419 1390 1507 1426 σῶμα,
1531 1391 1578 1417 καὶ
1598 1390 1721 1425 ἀντέχειν
1744 1390 1812 1425 πρὶς
1827 1390 1875 1424 τὴν

1086 1436 1216 1471 τοιαύτην
1238 1435 1285 1462 τοῦ
1312 1435 1389 1467 ἔτους
1411 1434 1668 1470 παρασκευάζουσιν
1686 1434 1772 1469 ὥραν.
1792 1435 1824 1461 Οἱ
1846 1434 1875 1461 δὲ

1089 1482 1157 1517 μήτε
1174 1481 1276 1513 σιτίων,
1292 1481 1361 1516 μήτε
1374 1481 1473 1514 ποτῶν,
1485 1481 1546 1507 καθ’
1561 1480 1680 1515 ἑκάστην
1694 1480 1882 1511 ἀπολαύοντες,

1086 1528 1136 1563 τὴν
1152 1527 1279 1562 ἡμέραν,
1305 1527 1352 1554 καὶ
1378 1526 1459 1563 ἡνίκα
1482 1527 1540 1554 δ’ἆν
1565 1526 1752 1559 ἀπολαύουσι,
1775 1526 1804 1552 οὺ
1831 1526 1876 1551 τὸν

1089 1574 1169 1608 κόρον
1195 1573 1393 1606 ἀναμένοντες,
1420 1572 1488 1599 ἀλλὰ
1510 1574 1559 1607 τὴν
1584 1571 1674 1608 ὖρεξιν
1700 1572 1877 1607 ἀκμάζουσαν

1089 1619 1270 1654 χαλινοῦντες,
1285 1620 1331 1646 καὶ
1348 1619 1610 1655 μεταλαμϐάνοντες.
1625 1619 1656 1646 οὐ
1673 1619 1728 1646 τῶν
1743 1619 1878 1654 θερμά-ναι

1090 1667 1248 1703 δυναμένων
1277 1667 1309 1693 τὸ
1334 1667 1433 1702 σῶμα,
1461 1665 1517 1693 ἀλλ’
1544 1666 1560 1701 ἦ
1587 1665 1795 1701 ποηφαγοῦντες
1822 1667 1878 1696 τοῖς

1090 1713 1198 1748 ἀλόγοις
1214 1713 1423 1749 παραπλησίως.
1443 1712 1459 1747 ἢ
1479 1711 1634 1746 διαϐρόχοις
1658 1711 1783 1746 ὀσπρίοις
1805 1710 1879 1745 χρώ-

1091 1768 1167 1795 μενοι
1187 1760 1299 1796 μόνοις.
1320 1761 1396 1786 ποῖον
1425 1759 1458 1786 ἂν
1484 1759 1514 1786 ἐκ
1544 1760 1594 1794 τῆς
1620 1757 1750 1792 τοιαύτης
1774 1757 1879 1792 τροφῆς

1090 1805 1238 1841 ἀρύσαιντο
1261 1804 1383 1838 θάλπος;
1409 1804 1479 1839 πόση
1501 1804 1524 1830 δ’
1551 1803 1585 1830 ἂν
1610 1802 1744 1834 ἐντεῦθεν,
1768 1802 1784 1838 ἢ
1814 1802 1879 1828 ποία

1090 1851 1167 1883 λιϐὰς
1182 1851 1296 1886 αἵματος
1310 1851 1432 1885 γένοιτ-φη
1454 1850 1522 1877 Κατ’
1547 1849 1623 1876 οὐδὲν
1647 1849 1737 1875 τοίνυν
1754 1849 1825 1874 ἔοικε
1846 1848 1880 1874 τὰ

1089 1897 1144 1924 τῶν
1159 1897 1246 1924 ἄλλων
1270 1898 1327 1928 τοῖς
1355 1897 1457 1923 τούτων
1483 1894 1709 1930 ἐπιτηδεύμασιν.
1737 1894 1805 1920 Οὔτε
1825 1894 1879 1928 γαρ

1090 1942 1172 1978 ἐσθὴς
1196 1943 1212 1977 ὴ
1237 1941 1307 1976 αὐτὴ
1329 1941 1432 1967 τούτων
1455 1940 1592 1967 κάκείνων
1607 1948 1614 1955 ·
1639 1939 1798 1974 τραχυτάτη
1826 1938 1879 1973 γὰρ

1090 1988 1158 2023 αὕτη
1170 2008 1178 2020 ,
1197 1988 1244 2014 καὶ
1259 1988 1359 2023 ἥκιστα
1375 1986 1510 2022 θερμάναι
1528 1985 1665 2020 δυναμένη
1682 1993 1688 1999 ·
1713 1984 1775 2010 οὔτε
1791 1985 1879 2019 τροςὴ

1089 2035 1181 2070 ὁμοία,
1196 2034 1254 2061 ἀλλ’
1270 2033 1378 2060 ἐναντία
1394 2034 1426 2059 ἐκ
1438 2032 1597 2067 διαμέτρου.
1615 2030 1732 2066 Ποιμέσι
1749 2031 1799 2064 μὲν
1811 2031 1877 2065 γὰρ,

1090 2080 1136 2107 καὶ
1151 2081 1206 2111 τοῖς
1218 2079 1309 2111 ἄλλοις
1325 2079 1380 2111 τοῖς
1398 2078 1541 2110 τοιούτοις,
1563 2077 1666 2112 τροφῆς
1689 2077 1783 2112 καιρὸς
1806 2076 1880 2107 ἄπας

1089 2125 1203 2161 καιρός·
1222 2127 1255 2162 τῇ
1274 2125 1361 2161 ὀρέξει
1383 2124 1437 2159 γὰρ
1454 2124 1587 2159 ὁρίζονται
1611 2123 1656 2150 τὸν
1680 2123 1776 2158 καιρδν
1789 2143 1795 2153 ,
1823 2123 1875 2148 κᾶν

1089 2168 1174 2198 ἕωθεν
1190 2171 1206 2206 ἡ
1220 2172 1300 2198 πεῖνα
1316 2169 1473 2206 προσϐάλλῃ
1487 2189 1494 2201 ,
1516 2168 1676 2204 παραυτίκα
1694 2169 1879 2204 προσφέρουσι

1089 2218 1139 2252 τὴν
1168 2217 1290 2252 τροφήνδ
1317 2217 1365 2243 καὶ⁵
1390 2215 1592 2251 προσφέρουσιν
1611 2215 1652 2241 ὅτι
1679 2215 1712 2241 ἂν
1737 2215 1823 2251 τύχῃ·
1847 2216 1878 2242 οὗ

247 2261 365 2294 tiuntur,
383 2266 410 2289 et
427 2269 489 2289 cum
506 2269 586 2288 mane
606 2269 654 2289 eos
668 2260 752 2288 fames
769 2261 910 2293 invaserit,
937 2261 1035 2289 ιιι-οειί-

1091 2263 1145 2298 γάρ
1165 2262 1291 2297 ὥρισται,
1306 2261 1387 2288 τοῦτο
1404 2261 1452 2296 μὲν
1476 2260 1587 2292 ἐσθίειν,
1606 2260 1696 2287 ἐκεῖνο
1715 2260 1744 2287 δὲ
1765 2261 1877 2295 ἥκιστα,

249 2308 292 2343 gio
304 2308 394 2336 cibum
410 2307 521 2342 capiunt
531 2317 536 2334 :
548 2308 660 2341 capiunt
671 2313 760 2334 autem
768 2308 876 2335 obvium
888 2315 1033 2343 quemque,

248 2362 310 2381 cum
332 2354 400 2388 ipsis
417 2353 560 2380 definitutn
579 2361 635 2380 non
658 2354 705 2385 sit.
736 2354 789 2381 hoc
806 2354 916 2388 quidem
938 2354 1033 2386 vesci,

248 2402 296 2428 illo
317 2408 383 2428 vero
411 2401 522 2427 minime
536 2419 544 2432 ,
576 2400 624 2428 sed
647 2401 858 2436 quibuscunque
880 2400 1034 2434 voluerint,

248 2447 335 2474 libere
348 2446 489 2473 fruuntur.
507 2447 542 2474 At
556 2446 598 2474 his
609 2467 616 2478 ,
632 2450 660 2474 et
675 2446 745 2479 dies,
764 2451 885 2481 tempora
900 2467 907 2477 .
921 2450 947 2474 et
960 2450 1034 2473 certa

248 2501 319 2520 esca:
336 2500 439 2527 genera
463 2496 551 2524 sunt,
569 2497 654 2527 atque
683 2500 820 2520 mensura:
843 2502 850 2520 :
876 2499 909 2519 ac
928 2493 1034 2520 seclusa

248 2539 331 2573 hujus
356 2538 478 2566 satietas.
510 2538 600 2572 Quare
624 2546 678 2566 non
705 2542 747 2566 est
761 2539 834 2574 quod
856 2538 1033 2574 querulorum

247 2585 384 2620 quispiam
410 2585 490 2612 nobis
507 2585 644 2620 agricolas
659 2605 667 2618 ,
688 2590 715 2612 et
731 2589 856 2619 pastores
869 2605 875 2617 ,
893 2588 919 2612 et
936 2589 1034 2612 nautas

248 2630 275 2657 in
291 2629 410 2656 medium
427 2629 568 2664 proferens
583 2649 590 2661 ,
608 2633 723 2657 conetur
737 2629 918 2656 maximorum
936 2629 1033 2656 horum

246 2675 369 2710 pugilum
386 2680 536 2702 extenuare
560 2675 724 2702 certamina.
739 2673 867 2707 Agricola
883 2673 1032 2708 siquidem,

246 2721 367 2749 interdiu
383 2721 513 2748 laborans
525 2741 532 2754 ,
548 2720 621 2748 domi
637 2724 720 2747 noctu
734 2720 867 2751 reﬁcitur,
881 2726 989 2746 omnem
1009 2719 1033 2746 ei

247 2775 342 2795 curam
357 2772 384 2794 et
397 2767 561 2802 obsequium
585 2767 813 2799 subministrante
841 2766 956 2800 conjuge
977 2774 983 2792 :
1007 2769 1035 2792 et

245 2817 338 2849 pastor
354 2813 484 2841 similiter
501 2817 600 2840 cuncta
623 2813 669 2839 illa
687 2811 715 2839 in
735 2816 862 2846 promptu
879 2812 960 2838 habet
974 2819 1035 2846 qua:

245 2860 376 2887 diximus.
400 2859 486 2887 Nauta
511 2866 596 2892 vero,
619 2865 721 2893 corpus
744 2858 853 2893 quidem
872 2858 938 2885 solis
959 2858 1033 2885 radio

247 2907 375 2941 exponit,
402 2905 450 2933 sed
477 2906 512 2933 ab
536 2905 615 2939 aquis
634 2903 784 2932 remedium
804 2903 880 2931 aii‘crt
903 2905 1032 2938 corpori:

1089 2309 1157 2336 ἀλλὰ
1173 2309 1282 2335 πάντων
1298 2304 1335 2334 ὧν
1349 2307 1382 2334 ἂν
1409 2305 1554 2337 ἐθέλωσιν,
1578 2305 1664 2336 ἀδεῶς
1683 2305 1878 2333 ἀπολαύουσιν.

1094 2353 1227 2381 Ἐνταῦοα
1241 2353 1269 2380 δὲ
1284 2353 1331 2380 καὶ
1346 2352 1466 2388 ἡμέραι,
1492 2351 1540 2378 καὶ
1558 2351 1666 2385 καιροὶ,
1683 2352 1730 2377 καὶ
1749 2352 1806 2386 εἴδη
1830 2353 1879 2387 τῆς

1087 2400 1202 2436 τροφῆς,
1218 2399 1266 2426 καὶ
1282 2399 1385 2434 μέτρα·
1407 2398 1454 2424 καὶ
1475 2398 1556 2432 κόρος
1578 2396 1680 2432 ταύτης
1704 2405 1877 2432 κεχωριςμε-

1087 2454 1141 2477 νος.
1156 2445 1260 2480 Μηδεὶς
1283 2443 1374 2470 τοίνυν
1396 2443 1462 2478 ἡμῖν
1485 2442 1540 2468 τῶν
1560 2442 1768 2477 μεμψιμοίρων,
1788 2443 1877 2477 γηπὸ-

1087 2501 1161 2524 νους,
1179 2491 1226 2518 καὶ
1238 2490 1380 2526 ποιμένας,
1394 2490 1441 2516 καὶ
1456 2488 1556 2520 ναύτας
1571 2489 1717 2524 προφέρων
1730 2489 1769 2519 είς
1784 2488 1876 2523 μέσον,

1089 2537 1249 2573 σμικρύνειν
1265 2536 1439 2572 ἐπιχειρείτω
1453 2535 1506 2561 τῶν
1522 2533 1658 2570 μεγίστων
1673 2533 1777 2560 τούτων
1793 2533 1877 2568 ἀϐλη-

1086 2585 1141 2611 τῶν
1155 2585 1216 2616 τοὺς
1236 2583 1355 2618 ἀγῶνας.
1372 2583 1406 2609 "U
1423 2591 1451 2608 τε
1472 2581 1526 2616 γὰρ
1547 2581 1676 2615 γηπόνος,
1695 2581 1755 2615 μεθ’
1770 2581 1878 2614 ἡμέραν

1088 2629 1204 2665 καμὼν,
1233 2630 1302 2655 οἴκοι
1327 2627 1509 2663 θεραπεύεται
1537 2626 1666 2661 νύκτωρ,
1689 2625 1779 2652 πᾶσαν
1803 2625 1877 2658 αὐτῷ

1087 2676 1233 2711 θεραπείαν
1251 2676 1301 2710 τῆς
1315 2674 1450 2710 ὁμοζύγου
1469 2673 1645 2709 ποριζούσης.
1664 2673 1720 2698 Καὶ
1743 2673 1756 2699 ὁ
1774 2672 1877 2707 may-ip

1086 2723 1115 2750 δὲ
1129 2722 1260 2753 ὡσαύτως
1277 2720 1475 2756 μεταλαγχάνει
1492 2719 1600 2746 πάντων
1613 2718 1737 2749 ἐκείνων,
1755 2714 1792 2743 ὧν
1810 2725 1877 2752 προ-

1088 2769 1257 2804 ειρήκαμεν·
1281 2768 1295 2793 ὁ
1322 2767 1350 2793 δὲ
1375 2766 1476 2800 ναύτης
1492 2765 1600 2800 δέχεται
1627 2764 1676 2798 μὲν
1701 2763 1751 2798 τὴν
1778 2763 1877 2789 ἀκτῖνα

1088 2814 1157 2841 κατά
1169 2814 1215 2840 τοῦ
1234 2814 1359 2848 σώματος
1371 2820 1377 2826 “
1393 2811 1460 2840 ἀλλὰ
1477 2811 1527 2846 τὴν
1539 2810 1592 2837 ἀπὸ
1606 2809 1660 2836 τῶν
1674 2809 1780 2836 ὑδάτων
1796 2808 1877 2842 θερα-

1089 2861 1167 2887 πείαν
1184 2860 1335 2895 προσφέρει
1358 2858 1396 2894 τῷ
1420 2857 1545 2894 σώματι·
1570 2856 1731 2890 ἐπινήχεται
1746 2854 1800 2889 γὰρ
1815 2855 1876 2880 δῖον

1090 2906 1223 2942 licitam,
1248 2906 1294 2932 καὶ
1312 2906 1344 2940 τῇ
1362 2903 1440 2939 φλογὶ
1455 2903 1504 2938 τῆς
1527 2901 1635 2934 ἀκτῖνος
1652 2899 1876 2935 ἀλεξιςεὰρμακον

1703 3031 1728 3050 l
