2064 3120
146 212 207 247 1501

650 213 789 244 ORATIO
817 214 864 244 DE
882 213 1012 243 DIVINA
1033 216 1258 248 CHABITATE-

1693 218 1760 250 153?.

144 269 292 305 προσφέρει
316 270 366 304 τὴν
384 269 438 296 τῶν
464 269 568 297 ὑδάτων
596 269 764 306 ψυχρότητα.
788 269 866 298 Οὗτοι
894 271 917 297 δὲ

974 278 1034 297 nam
1046 272 1071 298 in
1081 273 1123 299 his
1132 277 1205 299 natat
1214 276 1346 307 quantum
1357 273 1454 306 vult,et
1462 273 1558 301 solaris
1569 274 1635 300 radii
1645 274 1760 301 ﬂamina:

143 316 291 352 θεραπείας
311 316 360 350 μὲν
382 316 510 351 οὐδεμιᾶς
525 317 590 351 παρ’
605 317 712 349 οὐδενὸς
735 318 925 344 ἀπολαύουσιν.

143 362 180 389 Οὐ
200 362 254 397 γὰρ
274 363 428 388 συνοικοῦσι
439 363 576 396 γυναῖκες,
593 363 621 389 αἳ
635 365 691 394 τοῖς
703 364 814 398 ἀνδράσι
833 372 927 390 παντο-

142 408 230 443 δαπὴν
247 407 421 443 μηχανῶνται
441 408 617 444 παραψυχήν.
633 409 700 435 Οὔτε
714 409 741 435 δὲ
755 410 804 444 τῆς
817 411 926 442 ἀκτῖνος

143 454 307 489 θερμότερον
337 454 563 489 προσϐαλοὺσης,
588 455 638 489 τὴν
665 455 719 480 ἀπὸ
742 454 795 481 τῶν
821 455 926 481 ὑδάτων

142 500 322 534 ψυγαγωγίαν
347 500 563 535 προσφέρονταιι
585 500 615 526 οὺ
639 499 772 534 χειμῶνος
796 500 854 536 ὥρᾳ
876 501 926 535 τὴν

142 545 244 579 τροζρὴν
263 546 449 571 άντιτάττουσι
466 545 504 579 τῷ
530 545 648 580 κρυμῷ,
669 545 730 571 οὔτε
756 545 804 579 τῆς
829 545 924 577 νυκτὸς

141 590 190 625 τὴν
215 590 389 621 ἀνάπαυλαν,
409 587 465 617 οἷόν
485 599 510 617 τι
527 591 685 625 φάρμακον,
704 593 757 622 τοῖς
774 591 924 626 μεθημερι-

141 637 197 667 νοῖς
222 636 405 670 προσφέρουσι
433 637 523 667 πόνοις
541 644 548 652 ·
570 637 617 663 καὶ
640 635 749 670 μείζους
778 636 850 671 γὰρ,
878 636 924 662 καὶ

142 682 260 714 πλείους,
276 682 300 707 οί
317 681 418 716 ταύτης
431 682 487 708 τῶν
501 682 530 708 ἐν
547 683 637 717 ἡμέρᾳ
658 681 829 716 γιγνομὲνων
846 681 924 717 ἱδρώ-

139 736 202 754 των.
224 728 267 754 Ἐν
287 727 373 762 ταύτῃ
395 728 459 762 γάρ,
480 728 526 754 καὶ
539 729 590 763 τὴν
612 728 679 763 πρὸς
700 728 745 754 τὸν
761 727 844 754 ὕπνον
858 728 924 754 ἀνα-

137 773 259 807 δέχονται
288 774 393 808 πάλην,
428 774 475 800 καὶ
503 774 553 809 τῆς
583 775 712 808 γλυκείας
736 774 844 809 ἐκείνης
874 774 924 801 οὐκ

138 819 278 853 ἀνέχονται
303 819 408 854 ἥττης·
428 819 495 846 ἀλλὰ
524 821 574 855 τῆς
598 821 709 856 ἡδίστης
737 821 923 856 περιγίνονται

136 865 305 900 τυραννίδος,
329 866 375 892 καὶ
389 866 530 901 παννύχιοι
545 866 697 893 διατελοῦσι
721 867 766 893 τὸν
784 867 923 902 Δεσπότην

137 910 294 945 ὑμνοῦντες.
312 911 406 943 Οὐδεὶς
419 911 507 938 τοίνυν
522 912 575 938 τῶν
592 912 644 944 ἔξω
659 913 708 947 τῆς
726 912 829 940 τούτων
845 913 922 947 φιλο-

137 957 254 989 σοφίας,
277 957 327 992 τὴν
344 957 445 984 τούτων
463 958 643 985 ἐπιδέδεικται
665 959 822 994 καρτερίαν.
839 961 870 986 Εἰ
892 959 921 987 δὲ

138 1001 232 1036 μηδεὶς
249 1002 302 1029 τῶν
321 1002 408 1029 ἄλλων
432 1003 582 1037 ἀνθρώπων
600 1005 737 1039 ἀντισχεῖν
763 1005 832 1041 πρὸς
857 1006 921 1038 τοὺς

136 1048 275 1079 τοιούτους
302 1049 400 1080 πόνους
416 1049 578 1084 δεδύνηται,
594 1050 674 1084 δῆλον
699 1051 738 1082 ὡς
760 1052 774 1077 ό
792 1051 856 1086 περὶ
874 1051 920 1078 τὸν

136 1092 202 1119 Θεὸν
217 1093 285 1128 ἔρως
298 1094 449 1129 ὑπερῦῆναι
462 1096 524 1126 τοὺς
535 1096 584 1131 τῆς
595 1096 701 1130 φύσεως
714 1097 920 1131 παρεσκεύασεν

136 1139 231 1174 ὄρους’
249 1140 297 1167 καὶ
318 1141 357 1175 τῷ
378 1141 480 1168 ἄνωθεν
503 1143 598 1178 πυρσῷ
616 1143 850 1178 πυρπολούμενοι,
874 1144 921 1180 φέ-

137 1194 230 1220 ρουσιν
247 1186 389 1219 ἀσπασίως
402 1188 452 1224 τὴν
466 1188 511 1214 τοῦ
525 1189 631 1224 κρυμοῦ
648 1189 809 1225 προσϐολὴν,
824 1190 870 1216 καὶ
886 1192 918 1227 τῇ

137 1231 262 1258 ἐντεῦθεν
280 1232 382 1267 δρόσῳ.
412 1233 462 1267 τὴν
487 1234 535 1268 τῆς
560 1235 667 1266 ἀκτῖνος
694 1235 919 1270 κατα-πραΰνουσι

136 1276 233 1309 φλόγα.
250 1273 335 1308 Οὗτος
358 1277 457 1309 αὐτοὺς
483 1278 530 1304 καὶ
551 1280 667 1314 τρέφει,
694 1281 741 1307 καὶ
761 1281 855 1316 ἄρδει,
873 1281 920 1307 καὶ

137 1321 312 1357 περιϐάλλει,
335 1323 383 1349 καὶ
398 1323 485 1359 πτερὰ
499 1324 606 1357 δίδωσι,
631 1326 678 1352 καὶ
701 1327 830 1353 πέτεσθαι
850 1327 921 1354 διδά-

136 1376 217 1400 σκει,
242 1368 289 1394 καὶ
310 1369 356 1395 τὶν
375 1369 487 1404 οὐρανὸν
506 1370 681 1405 ὑπερϐαίνειν
703 1373 918 1407 παρασκευάζει,

135 1414 182 1440 καὶ
201 1413 246 1440 τὺν
268 1414 406 1449 ἐρώμενον
428 1414 465 1447 ὡς
480 1415 592 1443 δυνατὸν
609 1417 793 1450 ἐπιδείκνυσι,
819 1419 867 1445 καὶ
885 1420 918 1454 τῇ

134 1460 183 1494 τῆς
199 1458 315 1494 θεωρίας
331 1461 466 1496 φαντασίᾳ
489 1461 619 1497 πυρσεύει
638 1462 683 1489 τὸν
706 1463 797 1496 πόθον,
815 1463 862 1490 καὶ
878 1464 919 1490 δι-

134 1505 236 1540 εγείρει
262 1505 292 1532 τὸ
315 1506 443 1541 φίλτρον.
469 1506 516 1533 καὶ
539 1507 720 1544 σφοδροτέραν
744 1508 855 1542 ἐξάπτει
870 1509 919 1545 τὴν

134 1550 231 1584 φλόγα.
254 1550 387 1587 Καθάπερ
416 1552 470 1588 γὰρ
493 1553 517 1579 οἱ
546 1553 600 1580 τῶν
627 1555 760 1589 σωμάτων
789 1555 917 1590 ἐρῶντες,

978 317 1386 352 remediumopponitaquarum
1404 318 1730 352 l'rigiditatem.lliautem
1745 328 1758 345 a

976 369 1030 396 quo
1047 367 1180 389 curentur
1196 370 1250 390 non
1266 363 1378 390 habent.
1391 363 1484 397 Neque
1505 364 1576 390 cuitu
1602 365 1656 392 illis
1676 365 1759 391 cuba-

977 408 1063 434 bitant
1081 416 1179 436 uxores
1195 417 1255 443 qua:
1264 416 1345 436 omne
1356 416 1441 443 genus
1452 409 1541 435 solatii
1551 409 1619 436 viris
1635 411 1694 437 suis
1710 418 1759 446 0);-

976 457 1097 489 cogitaut
1115 464 1121 482 :
1141 463 1228 490 neque
1258 455 1363 489 1300
1379 455 1461 482 solari
1478 455 1555 481 radio
1577 455 1692 482 calidius
1713 464 1759 482 eos

976 501 1106 534 feriente,
1124 501 1321 536 refrigerantur
1336 502 1415 536 aquis
1437 509 1443 527 :
1459 508 1547 534 neque
1559 500 1672 527 hiberno
1688 505 1759 527 tein-

976 553 1040 580 pore
1053 552 1193 581 opponunt
1209 554 1297 574 escam
1314 546 1420 581 frigori,
1435 553 1524 579 neque
1537 546 1658 579 quietem
1671 547 1759 573 noctis

976 592 1048 618 velut
1063 593 1224 618 diurnorum
1239 592 1363 618 laborum
1377 592 1603 619 medicamentum
1617 591 1758 622 adhibent,

975 645 1036 664 cum
1053 642 1079 665 et
1098 639 1215 672 majores
1231 643 1258 666 et
1271 639 1362 673 plures
1380 638 1435 665 illis
1455 638 1539 671 hujus
1556 638 1611 665 sint
1626 637 1757 669 sudores,

974 691 1056 718 quam
1078 684 1144 710 diei.
1173 685 1208 711 De
1226 690 1307 712 nocte
1321 685 1393 711 enim
1410 693 1470 712 cum
1492 691 1587 711 somno
1603 685 1757 711 colluctan-

975 733 1030 760 tur,
1047 738 1134 763 neque
1152 730 1225 757 illius
1239 730 1383 757 dulcedine
1399 738 1428 757 se
1445 730 1515 757 vinci
1533 730 1692 765 patiuntur:
1709 730 1757 757 sed

974 776 1164 804 dulcissimam
1177 777 1250 803 illam
1264 777 1435 812 tyrannidem
1451 777 1563 804 vincunt
1574 777 1625 811 ipsi
1636 797 1643 809 ,
1662 780 1758 803 totatu-

973 829 1026 856 que
1043 826 1151 849 nectent
1171 823 1198 849 in
1217 822 1318 849 divinis
1336 822 1465 850 laudibus
1487 822 1654 856 transigunt.
1674 821 1758 848 Nemo

974 868 1056 902 igitur
1071 868 1169 895 horum
1189 868 1370 903 philosophiae
1384 875 1497 903 expers.
1519 876 1615 895 eorum
1635 868 1757 894 toleran-

975 915 1039 941 tiam
1056 914 1190 941 exhibuit.
1206 913 1283 947 Quod
1295 915 1318 942 si
1330 915 1422 941 nullus
1438 919 1600 941 ceterorum
1617 913 1757 940 hominum

973 959 1107 993 ejusmodi
1136 959 1276 986 laboribus
1302 959 1430 986 resistere
1451 960 1557 994 potuit,
1582 959 1758 986 manifestum

971 1011 1013 1032 est
1030 1013 1148 1032 amorem
1166 1005 1192 1031 in
1206 1005 1289 1031 Deum
1307 1004 1445 1037 elTecisse,
1463 1009 1492 1032 ut
1508 1006 1641 1032 terminos
1654 1010 1758 1031 natura:

971 1055 1134 1086 superarent
1159 1061 1165 1078 :
1192 1059 1366 1086 supernaque
1394 1052 1455 1078 illos
1480 1051 1588 1078 ﬂamma
1612 1051 1757 1082 incensos,

973 1096 1082 1132 frigoris
1095 1097 1224 1131 impetmn
1241 1097 1357 1124 libenter
1369 1097 1507 1124 sustinere
1517 1117 1523 1127 .
1539 1104 1570 1123 ac
1580 1097 1683 1123 cmlesti
1698 1104 1759 1123 rore

971 1143 1112 1178 perfusos,
1128 1143 1226 1170 solaris
1239 1142 1306 1170 radii
1318 1142 1455 1170 ﬂammam
1472 1143 1608 1176 mitigare.
1622 1142 1670 1168 llic
1683 1143 1758 1177 ipsos

971 1193 1000 1215 et
1017 1189 1123 1221 nutrit,
1139 1194 1165 1215 et
1183 1189 1297 1223 irrigat,
1318 1194 1342 1216 et
1361 1189 1461 1218 vestit.
1477 1189 1572 1216 etalas
1590 1189 1710 1223 praebet,
1727 1196 1759 1215 ac

970 1237 1065 1263 volare
1081 1236 1180 1269 docet,
1201 1240 1229 1264 et
1249 1240 1278 1263 ut
1306 1236 1407 1263 cmlum
1427 1236 1624 1263 transcendant
1658 1236 1757 1267 eﬂicit.

970 1285 997 1309 et
1017 1282 1148 1309 dilectum
1169 1282 1260 1316 quoad
1287 1282 1344 1309 ﬂeri
1371 1285 1460 1316 potest
1480 1282 1614 1313 ostendit,
1635 1287 1758 1309 contem-

971 1328 1154 1363 plationisque
1170 1328 1261 1362 specie
1274 1328 1439 1356 desiderium
1452 1328 1582 1360 incendit,
1599 1331 1626 1355 et
1637 1335 1757 1354 aurorem

969 1373 1073 1400 excitat
1083 1393 1090 1405 ,
1107 1373 1297 1407 ﬂammamque
1312 1373 1393 1401 iul'crt
1408 1373 1603 1401 ardentiorem.
1619 1372 1758 1405 Quemad-

969 1419 1080 1446 modum
1103 1419 1176 1446 enim
1198 1427 1346 1454 corporum
1363 1427 1457 1447 amore
1472 1419 1565 1454 capti,
1593 1426 1624 1446 ex
1643 1422 1758 1453 aspectu

969 1473 1066 1493 eorum
1092 1473 1162 1500 quos
1186 1469 1296 1498 amant,
1331 1465 1476 1492 materiam
1509 1465 1595 1492 amori
1624 1464 1758 1491 submini-

969 1515 1077 1543 strant,
1098 1512 1282 1545 ardoremque
1298 1511 1373 1538 illum
1390 1511 1542 1546 graviorem
1559 1511 1676 1538 reddunt
1692 1520 1699 1538 :
1718 1511 1758 1538 sic

969 1557 1016 1592 qui
1035 1557 1136 1583 divinae
1151 1556 1309 1584 dilectionis
1335 1556 1462 1583 stimulos
1480 1555 1668 1587 admiserunt,
1685 1555 1758 1583 divi-

133 1597 199 1633 ὓλην
219 1598 273 1624 ἀπὺ
288 1598 337 1633 τῆς
360 1598 423 1630 θέας
436 1599 491 1625 τῶν
509 1599 654 1635 ἐρωμένων
670 1600 708 1636 τῷ
723 1601 823 1637 φίλτρῳ
840 1603 916 1638 πορί-

971 1610 1033 1629 nam
1050 1602 1123 1629 illam
1148 1605 1175 1628 et
1191 1601 1324 1628 illibatam
1339 1600 1572 1635 pulchritudinem
1593 1601 1684 1627 animo
1701 1601 1758 1627 vol-

133 1643 228 1676 ζουσι,
252 1645 300 1671 καὶ
313 1644 358 1670 τὴν
377 1644 484 1680 οἶστρον
503 1646 605 1672 ἐκεῖνον
623 1646 812 1683 χαλεπώτερον
830 1649 917 1684 άπερ-

131 1690 262 1725 γάζονται
276 1699 283 1706 ·
301 1690 386 1721 οὕτως
409 1691 432 1717 οἱ
455 1691 504 1726 τῆς
528 1691 604 1723 θείας
628 1693 737 1728 ἀγάπης
759 1694 792 1720 τὰ
818 1694 917 1729 κέντρα

130 1737 284 1771 δεχόμενοι,
309 1736 340 1763 τὸ
359 1736 430 1762 θεῖον
447 1737 535 1763 ἐκεῖνο
558 1738 604 1764 καὶ
625 1738 763 1774 ἀκήρατον
783 1739 918 1772 φανταζό-

133 1791 210 1818 μενοι
227 1783 336 1815 κάλὶος,
354 1783 486 1819 ὀξυτέρας
504 1786 554 1820 τῆς
570 1786 680 1821 ἀγάπης
695 1787 743 1817 τὰς
756 1787 852 1819 ἀκίδας
873 1789 919 1823 ἑρ-

130 1829 272 1863 γάζονται,
282 1831 329 1856 καὶ
339 1831 394 1865 ὅσῳ
409 1830 490 1857 πλέον
502 1831 655 1857 ἀπολαῦσαι
667 1831 787 1863 ποθοῦσι,
798 1832 917 1868 τοσούτῳ

133 1875 234 1910 μᾶλλον
254 1876 300 1902 τὸν
314 1876 395 1910 κόρον
409 1874 559 1902 ἐλαύνουσι,
577 1876 615 1910 Τῇ
635 1876 684 1910 μὲν
699 1876 752 1910 γὰρ
767 1877 846 1913 ἡδονῇ
861 1877 916 1904 τῶν

132 1921 266 1956 σωμάτων
281 1921 424 1948 ἀκολουθεῖ
441 1919 583 1956 πλησμονὴ
593 1941 599 1951 ,
623 1922 637 1947 ὀ
652 1921 679 1948 δὲ
694 1921 763 1953 θεῖος
779 1923 849 1958 ἔρως
869 1923 916 1950 τοῦ

129 1969 213 2004 κόρου
228 1967 290 1999 τοὺς
304 1967 403 2002 νόμους
423 1967 454 1993 οὺ
472 1967 588 2002 δέχεται.
605 1967 732 1998 Τοιοῦτος
749 1966 783 2003 ἦν
798 1969 916 2004 Μωῡσῆς

129 2015 144 2040 ὁ
162 2014 248 2048 μέγας
271 2013 435 2048 νομοθέτης’
456 2012 486 2044 ὃς
515 2012 662 2045 πολλάκις,
687 2012 724 2044 ὼς
748 2013 856 2047 ἐφικτὸν
870 2014 917 2040 άν-

129 2060 232 2095 ορώπῳ
243 2081 249 2092 ,
269 2059 319 2094 τῆς
333 2059 408 2090 θείας
433 2059 549 2094 Θεωρίας
563 2059 688 2091 ἀξιωθεὶς
699 2079 706 2090 ,
727 2060 772 2085 καὶ
787 2060 917 2092 πολλάκις

128 2108 179 2141 τῇς
194 2106 332 2140 μακαρίας
346 2104 501 2136 ἀπολαύσας
518 2105 608 2140 φωνῆς
622 2124 629 2136 ,
652 2105 698 2131 καὶ
712 2106 916 2140 τεσσαράκοντα

127 2152 198 2178 κατὰ
215 2151 313 2177 ταύτὸν
325 2151 431 2185 ἡμέρας
451 2151 517 2177 εἴσω
527 2150 574 2176 τοῦ
587 2151 687 2184 γνόφου
701 2151 853 2185 γενόμενος,
870 2151 916 2178 καὶ

127 2197 178 2231 τὴν
192 2196 267 2222 θείειν
281 2195 440 2230 νομοθεσίαν
456 2195 613 2230 δεξάμενος,
630 2195 661 2221 οὑ
676 2195 756 2230 μόνον
770 2195 850 2230 κόρον
866 2196 916 2221 οὐκ

127 2242 224 2268 ἐλαϐεν
235 2264 241 2272 ,
259 2241 327 2268 ἀλλὰ
351 2242 398 2267 καὶ
414 2242 593 2276 σφοδροτέραν
611 2241 659 2268 καὶ
675 2241 843 2276 θερμοτέραν
864 2241 913 2277 τὴν

128 2287 278 2323 ἐπιθυμίαν
301 2288 444 2323 ἐκτήσατο.
462 2287 595 2323 Καθάπερ
610 2288 663 2322 γάρ
679 2296 740 2315 τινα
763 2289 846 2324 κάρον
860 2289 912 2315 ὑπὸ

127 2334 177 2367 τῆς
192 2334 238 2360 τοῦ
254 2333 354 2368 ἔρωτος
373 2334 476 2360 ἐκείνου
503 2333 648 2369 δεξάμενος
675 2334 759 2369 μέθης
773 2355 780 2366 ,
804 2335 851 2362 καὶ
874 2335 912 2370 τῷ

129 2379 234 2414 φίλτρῳ
247 2379 306 2404 λίαν
321 2379 514 2414 ἐκϐακχευθεὶς
524 2401 531 2411 ,
547 2380 595 2414 τὴν
617 2380 665 2414 μὲν
678 2381 780 2408 οἰκείαν
795 2381 911 2416 ἠγνόησε

128 2425 219 2458 ῳῦςιν,
235 2423 393 2458 ἐπεθύμησε
407 2424 435 2449 δὲ
450 2424 522 2455 ἰδεῖν,
541 2424 559 2450 ἃ.
575 2424 611 2459 μὴ
626 2424 704 2459 θέμις
717 2425 782 2451 ἰδεῖν
795 2433 802 2440 ⁸
817 2426 912 2462 ὥσπερ

126 2471 182 2504 γὰρ
203 2469 398 2505 ἐπιλαθόμενος
413 2469 461 2504 τῆς
483 2470 642 2502 δεσποτείας
655 2490 661 2502 ,
688 2471 734 2497 καὶ
750 2471 780 2497 τὸ
800 2472 910 2507 φίλτρον

125 2515 299 2549 λογιζόμενος
328 2514 425 2549 μόνον,
443 2514 495 2549 ἔφη
513 2515 581 2548 πρὸς
603 2515 648 2541 τὸν
668 2515 722 2542 τῶν
746 2516 813 2543 ὅλων
828 2517 909 2544 Θεόν⁹

130 2571 139 2586 ε
169 2561 245 2594 Ἰδοὺ,
263 2561 295 2587 σὺ
308 2560 398 2594 λέγεις
416 2568 479 2595 μοι·
498 2557 584 2595 Εὗρες
596 2561 675 2596 χάριν
689 2562 752 2597 παρ’
768 2563 840 2598 ἐμοὶ,
863 2564 911 2590 καὶ

126 2605 187 2633 οἶδά
202 2615 230 2632 σε
245 2607 320 2642 παρὰ
334 2607 448 2638 πάντας.
461 2607 492 2633 Εἰ
503 2606 591 2633 τοίνυν
603 2605 681 2642 εὖρον
698 2608 777 2644 χάριν
793 2609 913 2636 ἐναντίον

127 2661 186 2679 σου.
205 2652 354 2686 ὲμφάνιτόν
375 2661 421 2687 μοι
448 2652 580 2678 σεαυτόν
608 2653 735 2686 γνωστῶς
759 2654 807 2681 ίδω
833 2663 875 2682 σε.
900 2664 909 2682 ι

126 2697 263 2731 Τοιαύτην
283 2697 336 2724 ἀπὸ
361 2698 411 2733 τῆς
439 2699 516 2731 θείας
544 2700 654 2735 ἀγάπης
679 2700 788 2732 ἐδέξατο
815 2702 910 2737 μέθην,

125 2744 174 2770 καί
189 2745 205 2778 ἡ
223 2744 293 2778 μέθη
309 2744 338 2770 τὸ
352 2744 427 2780 δίψος
443 2746 493 2772 οὐκ
508 2745 619 2773 ἔσϐεσεν
629 2766 635 2777 ,
652 2746 719 2773 ἀλλὰ
734 2747 911 2784 σφοδρότερον

125 2789 326 2825 ἀπειργάσατο.
337 2791 391 2816 Καὶ
403 2792 419 2826 ἡ
434 2792 577 2828 προσθήκη
591 2792 641 2827 τῆς
655 2793 769 2824 πόσεως,
787 2794 912 2828 ἐπίτασις

125 2837 234 2870 ἐγένετο
248 2836 298 2871 τῆς
310 2837 440 2872 ἐφέσεως,
453 2838 500 2864 καὶ
512 2838 561 2873 τὴν
574 2838 663 2873 ὗρεξιν
676 2838 794 2874 ηὔξησεν
810 2841 825 2866 ᾖ
839 2840 909 2867 ὰπόκ

162 2933 175 2949 α
193 2927 279 2956 Exod.
297 2928 422 2962 ntv.55,
443 2929 485 2956 Si.
526 2930 539 2950 δ
557 2930 639 2959 Exod.
656 2940 769 2965 xxxviii,
793 2933 831 2959 l3.

967 1652 1079 1678 ventes.
1097 1647 1316 1674 vehementiores
1333 1647 1475 1674 eharitatis
1500 1647 1610 1674 aculeos
1626 1647 1755 1679 alliciunt,

967 1697 995 1720 et
1018 1693 1121 1728 1301
1149 1697 1252 1728 quanto
1280 1693 1367 1727 magis
1398 1692 1449 1719 frui
1479 1692 1655 1725 desiderant,
1680 1697 1756 1718 tanto

968 1740 1055 1774 magis
1084 1739 1237 1766 satietatem
1281 1738 1430 1773 depellunt.
1478 1737 1545 1764 Nam
1589 1738 1755 1772 voluptatem

967 1784 1078 1818 quidem
1107 1791 1252 1819 corporum
1292 1785 1416 1818 sequitur
1457 1784 1572 1811 satietas
1605 1793 1612 1811 :
1645 1784 1755 1811 divinus

968 1832 1059 1856 autem
1083 1837 1162 1856 amor
1186 1830 1322 1857 satietatis
1343 1830 1418 1864 leges
1442 1837 1497 1856 non
1526 1829 1655 1856 adtnittit.
1681 1829 1756 1856 Talis

967 1878 1028 1902 erat
1052 1882 1169 1909 magnus
1195 1875 1336 1910 legislator
1352 1874 1441 1902 Moses
1453 1880 1478 1907 ιι,
1504 1874 1550 1909 qui
1577 1882 1640 1901 cum
1665 1874 1755 1900 divina

970 1927 1042 1955 saepe
1067 1921 1318 1955 contemplatione,
1343 1924 1476 1955 quantum
1497 1919 1602 1946 homini
1627 1919 1667 1946 fas
1687 1919 1754 1950 fuit,

967 1968 1068 2001 dignus
1082 1970 1156 1994 esset
1173 1966 1301 1997 habitus.
1323 1970 1350 1994 et
1368 1966 1526 2001 frequenter
1540 1966 1647 1993 beatam
1661 1973 1754 1992 vocem

967 2013 1118 2040 audivisset
1128 2031 1136 2044 ,
1153 2011 1269 2046 diesque
1282 2011 1366 2039 simul
1379 2012 1559 2046 quadraginta
1574 2011 1647 2038 intra
1661 2011 1755 2045 caligi-

967 2066 1028 2086 nem
1038 2061 1181 2089 versatus,
1193 2057 1315 2084 divinam
1331 2058 1416 2093 legem
1425 2058 1588 2092 accepisset,
1605 2065 1658 2084 non
1674 2058 1754 2084 modo

966 2112 1029 2132 eum
1045 2103 1159 2132 satietas
1177 2110 1231 2129 non
1247 2102 1336 2133 cedit,
1362 2103 1409 2130 sed
1423 2107 1449 2130 et
1466 2102 1656 2130 vehementius
1672 2106 1753 2136 atque

967 2150 1112 2177 ardentius
1129 2149 1296 2176 desiderium
1314 2148 1375 2182 ejus
1399 2148 1515 2176 exstlit.
1541 2149 1656 2176 Perinde
1680 2149 1752 2175 cnim

967 2203 999 2223 ac
1021 2196 1043 2223 si
1060 2195 1136 2230 gravi
1152 2194 1270 2229 quodam
1284 2201 1386 2229 sopore
1405 2202 1436 2221 ex
1455 2195 1558 2222 amoris
1574 2195 1648 2222 illius
1663 2194 1752 2221 ebrie-

966 2245 1023 2267 tate
1045 2247 1213 2275 oppressus,
1238 2243 1266 2266 et
1280 2239 1360 2274 quasi
1385 2239 1503 2273 quodam
1531 2240 1632 2267 amoris
1660 2239 1752 2266 furore

966 2294 1048 2321 supra
1069 2286 1179 2313 modum
1199 2285 1338 2320 percitus,
1362 2285 1501 2319 propriatn
1525 2289 1651 2311 naturam
1675 2285 1752 2319 igno-

965 2333 1052 2363 ravit,
1076 2337 1103 2359 et
1121 2338 1153 2358 ea
1174 2331 1269 2358 videre
1292 2330 1479 2361 desideravit,
1507 2337 1568 2363 qum
1594 2329 1686 2356 videre
1708 2329 1750 2357 fas

964 2386 1018 2406 non
1042 2381 1096 2405 est.
1121 2377 1206 2410 Quasi
1234 2376 1307 2403 enim
1334 2375 1439 2402 oblitus
1463 2375 1594 2407 dominii,
1615 2380 1641 2402 et
1661 2376 1749 2403 solum

963 2431 1084 2450 amorem
1104 2423 1198 2450 animo
1210 2429 1342 2452 versans,
1361 2421 1430 2448 dixit
1456 2421 1646 2448 universorum
1675 2421 1750 2448 Deo:

965 2480 974 2495 ι
995 2469 1066 2496 Ecce
1079 2472 1108 2496 tu
1124 2469 1193 2496 dicis
1203 2468 1291 2495 mihi:
1307 2467 1440 2494 Invenisti
1456 2467 1572 2501 gratiam
1586 2475 1678 2494 coram
1696 2474 1748 2497 me,

963 2518 990 2542 et
1004 2515 1068 2542 novi
1085 2518 1110 2542 te
1132 2521 1188 2549 pra:
1206 2513 1326 2541 cunctis.
1344 2512 1373 2540 Si
1389 2521 1455 2547 ergo
1479 2512 1569 2539 inveni
1587 2513 1701 2547 gratiam
1723 2513 1750 2539 in

963 2564 1111 2595 conspectu
1135 2565 1199 2591 tuo,
1226 2558 1340 2586 ostende
1367 2558 1434 2584 mihi
1459 2558 1597 2592 teipsum,
1618 2561 1647 2583 ut
1665 2556 1749 2583 sciam

963 2611 992 2634 te
1002 2606 1028 2633 ιι.
1048 2615 1057 2631 ι
1075 2605 1192 2632 Tantam
1209 2612 1224 2632 a
1240 2605 1333 2632 divina
1351 2603 1501 2631 dilectione
1523 2602 1616 2630 hausit
1632 2602 1750 2629 ebrieta-

963 2657 1016 2682 tem
1034 2663 1041 2682 :
1060 2661 1110 2681 nec
1125 2661 1156 2680 ea
1175 2657 1265 2680 tamett
1281 2651 1354 2679 sitim
1372 2651 1432 2685 ejus
1447 2649 1591 2680 restinxit,
1607 2648 1655 2676 sed
1673 2649 1750 2675 vehe-

962 2701 1125 2728 mentiorem
1151 2699 1288 2731 reddidit,
1323 2702 1350 2726 et
1375 2697 1498 2725 accessio
1524 2700 1607 2732 potus
1632 2694 1749 2722 intentio

965 2746 1095 2774 desiderii
1120 2745 1191 2772 facta
1206 2749 1266 2777 est,
1291 2744 1522 2779 etappetitionem
1548 2741 1624 2769 auxit
1644 2739 1746 2767 fruitio.

964 2791 999 2819 Et
1014 2791 1246 2827 quemadmodum
1267 2791 1354 2826 ignis,
1380 2793 1483 2824 quanto
1508 2788 1566 2823 plus
1587 2784 1747 2814 nutrimenti

964 2838 1079 2874 suscipit
1091 2858 1097 2871 ,
1111 2841 1188 2865 tanto
1200 2837 1331 2871 majorem
1344 2836 1398 2864 vim
1413 2834 1532 2867 exserit,
1548 2837 1663 2869 augetur
1674 2831 1746 2859 enim
