2064 3120
310 198 378 231 ῙΞΟ3

804 196 1048 228 THEODORETI
1067 194 1237 225 EPISCOPI
1261 195 1443 225 CYRENSIS

1873 193 1883 225 l
1889 194 1937 226 5οί

309 253 486 290 appositione
508 254 649 287 materiae,
666 257 763 281 etnon
786 253 932 282 hebetatur
957 263 964 281 ε
987 254 1028 281 sic
1052 252 1099 280 Dei

1153 252 1257 283 λαυσις.
1275 252 1327 279 Καὶ
1345 251 1471 286 καθάπερ
1493 250 1525 276 τὸ
1539 250 1612 285 πῦρ,
1631 251 1686 286 ὅσῳ
1700 250 1815 277 πλείονα
1841 251 1939 286 τροφὴν

308 300 420 326 dilectio
445 306 538 326 rerum
564 298 720 326 divinarum
745 299 978 334 contemplatione
1002 299 1098 326 incen-

308 346 393 377 ditur,
412 348 439 373 et
451 344 682 372 vehementiorem
701 344 764 372 inde
779 345 1022 379 ardentioremque
1033 351 1099 380 ope—

308 392 443 418 rationem
462 391 556 430 recipit
581 401 588 418 :
612 391 716 426 1302
733 395 760 418 et
775 395 879 424 quanto
901 392 964 426 quis
980 390 1099 426 amplius

309 438 336 464 in
351 437 451 464 divinis
467 437 620 469 institerit,
648 441 726 464 tanto
751 437 839 472 magis
854 437 1000 465 eharitatis
1022 436 1099 464 llam-

310 491 380 512 mam
410 483 524 510 excitat.
547 484 636 518 Atque
659 483 712 510 hoc
739 491 789 510 nos
803 491 859 510 non
874 483 964 510 solum
983 491 1099 518 magnus

309 529 405 556 docuit
419 529 525 562 Moses,
543 530 589 557 sed
604 529 686 557 etiam
701 533 796 556 sancta
812 529 857 556 illa
868 536 986 564 sponsa,
1000 529 1034 556 de
1044 537 1099 565 qua

309 576 421 604 divinus
433 577 471 603 ait
487 575 608 604 Paulus:
623 585 633 602 ι
654 575 788 611 Despondi
803 583 851 603 vos
869 576 916 603 uni
932 577 1001 609 viro,
1013 576 1098 612 virgi-

310 630 372 649 nem
388 626 494 650 castam
504 622 632 650 exhibere
647 621 757 650 Christo
767 624 790 649 °.
807 631 817 648 ι
831 622 893 650 Haec
901 623 973 650 enim
985 623 1012 650 in
1027 623 1099 650 Can-

311 668 365 694 tieo
383 668 552 695 Canticorum
576 667 609 694 ad
627 675 760 702 sponsum
789 669 891 695 clamat
916 677 922 696 :
944 678 953 694 ι
979 668 1100 696 Ostende

312 713 377 738 mihi
396 712 494 739 faciem
508 716 601 744 tuam,
619 717 700 740 sonet
712 721 763 740 vox
779 717 824 740 tua
838 713 864 740 in
883 714 997 741 auribus
1009 714 1097 741 meis:

312 766 363 784 ruit
383 758 456 785 enim
482 762 529 785 tua
556 758 661 789 dulcis.
693 763 720 785 et
747 757 835 786 facies
859 762 905 786 tua
928 759 1028 786 decora
1039 759 1065 787 ἀ.
1087 768 1096 785 ι

312 803 349 830 Ex
367 803 410 831 his
422 803 494 830 enim
507 811 568 838 quae
586 803 619 831 de
632 804 692 838 ipso
709 804 835 831 audierat
851 804 915 837 dici,
931 804 991 839 ejus
1006 813 1100 832 amore

311 854 407 883 capta,
435 857 490 876 non
513 853 555 876 est
579 853 709 877 contenta
732 850 842 882 verbis,
861 850 907 877 sed
932 851 1018 885 ipsam
1041 851 1100 885 ejus

312 901 406 921 vocem
422 895 518 921 audire
544 895 685 922 desiderat
710 904 719 924 :
745 899 773 923 et
788 904 821 923 ex
845 895 878 923 iis
893 904 956 931 quae
969 896 1002 923 de
1025 897 1100 924 illius

1152 297 1327 333 ὑποδέχεται,
1360 297 1479 332 τοσούτῳ
1505 296 1617 331 μείζονα
1643 295 1692 331 τὴν
1718 295 1863 331 ἐνέργειαν
1889 296 1939 322 δεί-

1156 351 1248 369 κνυσιν
1273 341 1396 377 (αὔξεται
1413 342 1467 377 γὰρ
1484 341 1550 376 αὕτη
1573 342 1606 377 τῇ
1629 340 1773 376 προσθήκῃ
1797 341 1847 376 τῆς
1863 340 1938 374 ὕλης,

1152 387 1210 414 ἀλλ’
1228 387 1278 414 οὐκ
1303 387 1500 422 ἀμϐλύνεται)·
1525 386 1611 418 οὕτως
1635 387 1651 422 ή
1678 386 1746 422 πρὸς
1759 386 1828 413 Θεὸν
1847 387 1939 422 ἀγάπη

1152 434 1185 469 τῇ
1200 433 1301 469 θεωρίᾳ
1321 433 1375 460 τῶν
1391 432 1471 459 θείων
1489 432 1670 468 πυρσεύεται,
1695 433 1742 459 καὶ
1759 433 1940 468 σφοδροτέραν

1152 479 1269 511 ἐκεῖθεν,
1294 480 1340 506 καὶ
1356 478 1525 515 θερμοτέραν
1541 479 1592 514 τήν
1609 478 1752 514 ἐνέργειαν
1769 479 1938 514 ὑποδέχεται.

1152 526 1206 552 Καὶ
1217 526 1270 561 ὅσῳ
1281 525 1314 552 ἄν
1325 534 1369 558 τις
1379 525 1459 552 πλέον
1472 526 1529 556 τοῖς
1541 525 1625 557 θείοις
1638 525 1808 562 ὲνδιατρίψῃ.
1822 526 1941 561 τοσούτῳ

1155 570 1256 604 μᾶλλον
1271 569 1385 602 ἐξάπτει
1404 569 1454 605 τῆς
1479 569 1591 603 ἀγάπης
1615 569 1665 605 τὴν
1679 568 1778 604 φλόγα.
1795 570 1850 596 Καὶ
1863 569 1942 596 τοῦτο

1151 616 1226 651 ἡμᾶς
1240 616 1270 642 οὐ
1286 616 1367 651 μόνον
1385 617 1399 642 ὁ
1425 615 1513 651 μέγας
1538 615 1641 648 ἐδίδαξε
1656 615 1788 651 Μωῦσῆς,
1805 615 1874 642 ἀλλά
1896 617 1942 642 καὶ

1153 662 1169 696 ἡ
1188 661 1253 696 ἁγία
1269 661 1360 697 νύμφη
1374 683 1381 695 ,
1400 662 1467 697 περὶ
1480 659 1514 697 ἧς
1529 663 1542 688 ὁ
1561 661 1706 693 θεσπέσιος
1724 661 1798 695 λέγει
1818 661 1921 692 Παῦλος
1932 670 1939 675 ·

1155 716 1165 734 ι
1184 707 1364 742 Ἣρμοσάμην
1377 708 1450 742 ὑμᾶς
1464 708 1504 734 ἑνὶ
1515 707 1593 742 ἀνδρὶ
1607 707 1741 742 παρθένον
1754 707 1840 741 ἁγνὴν
1856 716 1943 741 παρα-

1154 753 1251 788 στῆσαι
1270 753 1308 788 τῷ
1322 752 1443 788 Χριστῷ.
1464 762 1474 779 ι
1490 752 1564 788 Αὕτη
1580 752 1634 788 γὰρ
1651 753 1680 779 ὲν
1694 753 1733 788 τῷ
1754 753 1876 788 ’ᾼσματι
1889 753 1943 778 τῶν

1153 799 1283 834 ᾀσμάτων
1299 798 1366 834 πρὸς
1382 798 1428 825 τδν
1447 799 1563 833 νυμφίον
1583 798 1633 833 βοᾷ
1645 806 1654 814 ’
1673 808 1682 824 ι
1707 797 1799 831 Δεῖξον
1822 807 1868 833 μοι
1893 798 1944 833 τὴν

1152 843 1214 878 δψιν
1229 851 1276 870 σου
1287 864 1296 876 ,
1311 843 1359 870 καὶ
1377 843 1521 870 ἀκούτισὸν
1539 852 1584 879 μοι
1599 843 1650 879 τῆς
1665 843 1760 878 φωνῆς
1784 851 1831 870 σου
1844 863 1852 874 ,
1870 843 1910 870 ὅτι
1925 844 1942 878 ἠ

1153 889 1229 925 φωνή
1247 897 1294 916 σου
1311 889 1398 924 ἡδεῖα,
1421 889 1469 916 καὶ
1488 889 1504 924 ἡ
1519 889 1580 924 ὄψις
1597 897 1645 917 σου
1661 890 1761 926 ὡραῖα.
1782 899 1791 916 ι
1817 890 1865 916 Ἐκ
1888 890 1942 924 γὰρ

312 939 519 974 pulchritudine
534 941 641 967 narrari
659 941 799 974 audierat,
818 945 948 976 tanquatn
964 942 1026 969 aliis
1036 943 1101 970 sub-

1153 935 1207 962 τῶν
1227 936 1291 972 περὶ
1317 935 1400 962 αὐτοῦ
1423 935 1509 970 λόγων
1530 935 1666 971 δεξαμένη
1681 936 1728 962 τὸν
1753 936 1844 971 ἔρωτα
1857 956 1864 967 ,
1893 936 1942 962 οὑκ

311 988 408 1015 vecta.
433 985 521 1019 ipsius
540 993 652 1020 quoque
666 991 817 1021 conspectu
845 986 898 1013 frui
926 987 1021 1022 cupit,
1046 988 1100 1014 vim

312 1029 415 1057 amoris
446 1029 604 1057 laudatione
632 1031 676 1057 illa
704 1031 892 1066 significans:
920 1041 929 1057 ι
956 1031 1100 1065 Ostende,

311 1075 400 1107 mihi,
428 1075 537 1110 inquit,
566 1076 663 1103 faciem
689 1080 782 1110 tuam,
812 1081 839 1104 et
859 1083 938 1104 sonet
968 1086 1020 1106 vox
1053 1082 1100 1105 tua

312 1122 340 1148 in
363 1121 477 1149 auribus
493 1122 584 1149 meis:
609 1130 658 1149 vox
675 1123 747 1149 enim
768 1127 814 1150 tua
841 1123 948 1155 dulcis,
969 1129 996 1152 et
1018 1124 1103 1153 facies

312 1170 359 1193 tua
378 1166 487 1194 decora.
517 1176 527 1193 ι
547 1166 635 1202 llujus
663 1168 745 1196 etiam
776 1169 990 1204 pulchritudinis
1011 1178 1103 1198 amore

313 1217 412 1247 captus
440 1214 515 1241 illius
538 1221 656 1249 sponsor
685 1222 717 1242 ac
738 1216 954 1251 paranymphus,
980 1216 1102 1251 divinus,

314 1259 438 1293 inquam,
456 1259 576 1291 Paulus,
603 1259 748 1287 amabilem
773 1261 846 1287 illam
877 1262 971 1289 amisit
996 1269 1102 1289 vocem.

317 1315 326 1330 ι
359 1305 428 1338 Quis
453 1313 504 1333 nos
535 1306 675 1341 separabit
695 1314 710 1334 a
737 1307 871 1335 charitate
901 1307 1027 1336 Christi?
1054 1308 1104 1336 tri-

315 1349 438 1382 bnlatio,
466 1357 501 1377 an
527 1352 652 1386 angustia
667 1371 674 1384 ,
707 1359 740 1378 an
758 1351 856 1385 fames,
881 1359 915 1379 an
937 1354 1103 1388 persecutio,

315 1402 350 1421 an
381 1395 510 1428 nuditas,
545 1403 579 1423 an
611 1396 781 1432 periculum,
812 1404 846 1424 an
876 1397 1002 1433 gladius?
1033 1398 1104 1426 sicut

315 1441 451 1476 scriptum
475 1445 518 1469 est
536 1451 543 1469 :
566 1442 630 1477 quia
650 1447 761 1478 propter
785 1448 811 1471 te
832 1444 1030 1472 mortiﬁcamur
1048 1448 1104 1471 tota

313 1486 375 1518 die,
399 1487 526 1514 aestimati
551 1495 648 1516 sumus
671 1488 744 1516 sicut
773 1496 838 1517 oves
864 1489 1014 1518 occisionis
1041 1496 1065 1516 θ.
1092 1499 1101 1517 ι

314 1532 418 1560 Deinde
429 1537 458 1560 et
470 1534 624 1562 tolerantia:
633 1535 714 1570 hujus
725 1535 848 1563 ostendit
860 1543 971 1564 causam
983 1545 991 1576 ς
1008 1546 1017 1563 ι
1035 1536 1103 1565 Nam

314 1579 341 1605 in
357 1579 411 1611 his,
426 1579 534 1615 inquit,
554 1581 684 1609 onmibus
705 1589 878 1617 superamus,
895 1588 1006 1618 propter
1020 1583 1102 1611 Deum

313 1624 359 1658 qui
376 1625 471 1652 dilexit
488 1622 549 1653 nos.
572 1635 581 1652 ι
595 1626 811 1655 Considerantes
823 1627 896 1655 enim
911 1647 918 1660 ,
934 1629 1029 1663 quales
1041 1637 1103 1657 cum

314 1677 449 1703 essemus,
471 1670 627 1705 cujusmodi
642 1673 650 1682 '
668 1671 748 1698 bonis
763 1671 853 1699 affecti
877 1672 976 1705 simus,
992 1676 1020 1700 et
1036 1680 1106 1708 quo-

315 1716 398 1743 modo
424 1724 479 1744 non
508 1717 588 1752 primi
611 1725 663 1745 nos
685 1717 842 1750 dileximus,
860 1718 908 1746 sed
935 1719 1023 1745 amari
1045 1719 1104 1746 red—

314 1762 467 1789 amavimus
486 1771 493 1789 :
509 1767 535 1789 et
547 1763 581 1790 ab
597 1770 641 1795 eo,
660 1771 741 1797 quem
753 1763 817 1790 odio
830 1763 1007 1797 habebamus,
1023 1765 1104 1792 amati

313 1815 425 1840 sumus,
449 1815 567 1842 eumque
586 1808 690 1835 inimici
709 1808 814 1844 1303
841 1816 984 1842 essemus,
1008 1817 1105 1837 recon-

286 1866 291 1874 -
313 1853 400 1880 ciliati
418 1861 514 1881 sumus
531 1854 554 1886 ί,
570 1862 624 1881 non
649 1854 702 1889 ipsi
729 1861 779 1889 pro
795 1855 1019 1883 reconciliatione
1038 1863 1103 1891 sup-

314 1899 470 1934 plicantes,
499 1900 548 1927 sed
573 1899 788 1928 intercessorem
817 1900 949 1928 habentes
973 1900 1104 1936 Unigeni-

315 1950 384 1976 tum,
398 1949 425 1972 et
437 1945 484 1980 qui
500 1945 630 1980 injuriam
643 1945 838 1978 intuleramus,
850 1946 885 1973 ab
896 1945 993 1973 aﬂ‘ecto
1004 1947 1103 1981 injuria

315 1991 532 2018 cousolationem
553 1991 710 2026 accepimus
727 2001 734 2019 :
749 1999 857 2019 crucem
871 1984 970 2026 prater
981 2001 1012 2020 ea
1027 1993 1102 2020 salu-

315 2041 403 2063 tarem
413 2037 610 2072 expendentes,
626 2037 746 2073 itemque
760 2044 810 2072 pro
822 2038 902 2065 nobis
918 2038 1081 2066 crucifixum
1095 2058 1101 2071 ,

314 2083 452 2111 salutares
474 2083 620 2118 passiones
634 2103 641 2116 ,
676 2084 774 2112 mortis
802 2083 899 2117 tinem,
917 2092 993 2120 spem
1009 2092 1102 2113 resur-

315 2127 447 2156 rectionis
461 2128 542 2156 nobis
557 2125 661 2156 dalatu.

351 2216 412 2244 llaec
421 2219 452 2244 et
464 2216 600 2252 ejusmodi
612 2217 665 2244 alia
676 2217 894 2251 considerantes,
911 2218 990 2247 facile
1002 2220 1099 2255 gravia

315 2270 430 2297 quaeque
445 2263 525 2290 nobis
541 2263 696 2298 ingruentia
719 2271 894 2299 superamus,
911 2268 938 2291 et
955 2264 1102 2293 beneﬁcio-

314 2316 375 2335 rum
393 2308 614 2336 recordationem
629 2316 690 2336 eutn
712 2310 878 2344 temporaria
893 2310 1017 2345 corporis
1032 2311 1101 2338 ami-

315 2354 408 2381 ctione
421 2359 625 2389 comparantes,
639 2355 797 2390 graviorum
816 2363 907 2383 rerum
925 2356 1100 2385 incursiones

315 2399 434 2427 libenter
447 2399 632 2428 sustinemus:
649 2401 778 2435 quoniam
796 2402 922 2429 universa
944 2404 1006 2430 vita:
1023 2403 1101 2430 taedia

315 2452 378 2471 cum
398 2444 506 2472 Domini
532 2453 625 2473 amore
649 2447 842 2481 ponderantes,
860 2447 1007 2475 admodum
1033 2449 1103 2476 levia

316 2487 362 2514 illa
378 2487 621 2523 deprehendimus.
646 2490 724 2524 Quod
743 2491 766 2518 si
781 2495 892 2525 cuncta,
908 2500 968 2527 qua:
982 2493 1104 2528 jucunda

315 2538 342 2560 ct
357 2533 527 2562 delectabilia
542 2535 669 2563 videntur
684 2537 710 2563 in
724 2536 775 2564 hac
791 2538 856 2569 vita,
879 2538 907 2565 in
927 2546 1010 2566 unum
1027 2539 1104 2567 rede-

316 2579 447 2613 gerimus,
461 2587 495 2608 ex
508 2580 624 2609 adverso
641 2582 756 2610 libratus
772 2582 883 2612 divinus
907 2591 984 2612 amor
1009 2587 1104 2614 umbra

317 2625 414 2658 quavis
433 2625 614 2654 imbecilliora
628 2628 685 2660 illa,
703 2629 853 2664 veritisque
877 2630 991 2658 floribus
1007 2639 1103 2659 corru-

319 2671 458 2706 ptibiliora
487 2672 670 2701 demonstrat.
700 2673 763 2702 Haec
788 2675 887 2710 partim
915 2682 979 2704 ante
1005 2678 1104 2711 dictis,

320 2717 420 2751 partim
432 2723 458 2746 et
477 2724 539 2753 post
555 2719 682 2748 dicendis
696 2720 822 2754 designat
837 2722 993 2750 manifeste.
1009 2732 1017 2749 ι
1039 2724 1105 2751 Cer-

318 2767 364 2791 tus
383 2772 443 2792 sum
466 2765 552 2798 enim,
573 2766 673 2801 inquit,
702 2766 775 2802 quod
805 2775 894 2802 neque
914 2776 1000 2802 mors,
1019 2777 1106 2804 neque

319 2812 385 2842 vita,
400 2819 489 2846 neque
507 2812 706 2848 angeli,neque
721 2813 901 2849 principatus,
922 2823 1011 2850 neque
1029 2822 1104 2850 potc~

356 2906 368 2920 ο
387 2900 407 2927 Il
428 2900 490 2929 Cor.
513 2902 587 2933 xt,2.
628 2901 640 2920 ά
661 2901 740 2930 Cant.
754 2910 783 2936 tt,
799 2903 840 2931 Η.

1154 981 1280 1016 ἀρκεῖται
1305 983 1363 1013 τοῖς
1378 981 1484 1016 λόγοις,
1507 981 1575 1008 ἀλλὰ
1603 982 1650 1008 καὶ
1680 982 1766 1017 αὐτῆς
1792 982 1943 1009 ἐπακούσαι

1154 1026 1232 1053 ποθεῖ
1248 1026 1297 1062 τῆς
1320 1027 1422 1061 φωνῆς.
1447 1026 1503 1053 Καὶ
1527 1027 1697 1062 περωθεῖσα
1718 1029 1776 1059 τοῖς
1801 1028 1867 1062 περὶ
1894 1027 1943 1061 τῆς

1153 1071 1228 1107 ὥρας
1241 1071 1325 1098 αὐτοῦ
1339 1072 1498 1108 διηγήμασι,
1519 1073 1566 1099 καὶ
1585 1073 1671 1108 αὐτῆς
1687 1073 1793 1107 ἐφίεται
1813 1074 1863 1108 τῆς
1876 1073 1943 1100 θεων

1154 1117 1229 1153 ρίας,
1243 1119 1303 1150 ταῖς
1317 1118 1478 1153 εἰρημέναις
1497 1119 1648 1154 εὐφημίαις
1663 1119 1693 1146 τὸ
1717 1119 1828 1155 φίλτρον
1844 1119 1942 1155 σημαί-

1153 1172 1246 1191 νουσα.
1265 1174 1274 1190 ι
1291 1165 1382 1198 Δείξόν
1400 1173 1458 1200 μοι,
1476 1166 1553 1200 φησὶ,
1568 1166 1619 1201 τὴν
1637 1165 1700 1200 ὄψιν
1716 1175 1763 1192 σου
1774 1187 1780 1198 ,
1797 1168 1844 1192 καὶ
1858 1166 1942 1193 iam}.

1153 1210 1228 1237 τισόν
1249 1219 1295 1245 μοι
1313 1210 1362 1245 τῆς
1387 1211 1481 1245 φωνῆς
1506 1219 1572 1244 σου,
1589 1212 1659 1247 ὄτιή
1691 1212 1767 1250 φωνή
1784 1221 1832 1238 σου
1854 1212 1941 1248 ἡδεῖα,

1154 1256 1200 1283 καὶ
1218 1256 1234 1291 ἡ
1254 1256 1315 1291 ὄψις
1328 1264 1374 1283 σου
1387 1256 1486 1292 ὡραῖα.
1504 1266 1514 1282 ι
1532 1256 1636 1284 Τούτου
1662 1257 1710 1284 τοῦ
1731 1257 1850 1289 κάλλους
1866 1259 1912 1284 καὶ.
1928 1260 1942 1284 ό

1153 1302 1256 1338 ταύτης
1281 1303 1466 1339 προμνήστωρ
1489 1304 1536 1330 καὶ
1560 1304 1746 1340 νυμφοστόλος
1765 1305 1910 1338 ἐρασθεὶς,
1928 1307 1943 1331 6

1155 1347 1318 1381 θεσπέσιος,
1346 1349 1437 1384 φημί,
1457 1349 1564 1382 Παῦλος
1577 1371 1584 1382 ,
1603 1349 1653 1384 τὴν
1674 1349 1812 1386 ἐρωτικὴν
1834 1350 1941 1385 ἐκείνην

1153 1394 1244 1429 ἀφῆκε
1260 1395 1368 1429 φωνήν·
1387 1404 1396 1421 ι
1408 1395 1457 1427 Τίς
1472 1396 1547 1431 ἡμᾶς
1560 1396 1672 1431 χωρίσει
1688 1396 1744 1423 ἀπὸ
1767 1397 1816 1432 τῆς
1833 1397 1941 1432 ἀγάπης

1154 1440 1201 1468 τοῦ
1221 1441 1357 1475 Χριστοῦ;
1385 1441 1498 1476 Θλίψις,
1525 1443 1542 1478 ἢ
1565 1442 1746 1478 στενοχωρία,
1770 1442 1785 1478 ἢ
1806 1443 1885 1478 λιμὸς
1899 1464 1906 1475 ,
1924 1443 1940 1476 ἦ

1153 1487 1291 1522 διωγμὸς,
1323 1488 1340 1523 ἢ
1365 1488 1524 1524 γυμνότης,
1552 1488 1724 1523 ἥκίνδυνος,
1750 1489 1766 1524 ᾗ
1797 1489 1940 1524 μάχαιρα;

1154 1532 1246 1564 καθὼς
1264 1533 1431 1568 γέγραπται⁴
1447 1534 1488 1561 ὅτι
1506 1534 1587 1561 ἕνεκά
1604 1543 1651 1560 σου
1669 1533 1862 1569 θανατούμεθα
1879 1534 1942 1569 ὅλην

1154 1575 1204 1612 τὴν
1217 1577 1334 1613 ἡμέραν,
1347 1578 1526 1614 ἐλογίσθημεν
1535 1579 1572 1610 ὡς
1583 1579 1706 1614 πρόϐατα
1718 1579 1836 1614 σφαγῆς.
1853 1588 1863 1605 ›
1878 1577 1942 1605 Εἶτα

1156 1622 1203 1649 καὶ
1228 1623 1278 1656 τῆς
1300 1623 1451 1659 καρτερίας
1480 1623 1652 1650 ὑποδείκνυσι
1667 1623 1716 1659 τὴν
1748 1623 1849 1651 αζτίαν.
1868 1634 1877 1650 ‹
1902 1625 1943 1650 Ἑν

1155 1668 1261 1700 τούτοις
1273 1668 1339 1704 γὰρ,
1356 1669 1435 1704 φησὶ,
1456 1671 1524 1697 πᾶσι
1540 1669 1732 1706 ὑπερνικῶμεν
1752 1670 1797 1697 διὰ
1811 1670 1857 1697 τοῦ
1874 1671 1943 1704 ἀγα-

1155 1714 1292 1749 πήσαντος
1306 1715 1379 1750 ἡμᾶς
1390 1715 1468 1742 Θεοῦ.
1487 1725 1496 1741 ι
1511 1715 1696 1752 Σκοπούμενοι
1711 1715 1767 1750 γὰρ
1783 1715 1857 1747 τίνες
1869 1716 1942 1747 ὄντες

1155 1760 1236 1788 τίνων
1263 1760 1464 1796 ἀπηλαύσαμεν
1492 1761 1623 1796 ἀγαθῶν,
1654 1762 1702 1789 καὶ
1720 1761 1759 1795 ὡς
1787 1762 1839 1797 οὐχ
1865 1763 1942 1797 ἡμεῖς

1155 1807 1339 1842 ἠγαπήσαμεν
1364 1807 1490 1842 πρῶτοι,
1521 1807 1580 1834 ἀλλ’
1605 1807 1795 1842 ἀγαπηθέντες
1824 1808 1943 1842 ἀντ-ητα-

1156 1852 1283 1887 πήσαμεν
1296 1861 1302 1867 ·
1330 1852 1376 1879 καὶ
1402 1852 1544 1888 μισοῦντες
1559 1853 1746 1888 ὴγαπήθημεν
1757 1874 1765 1886 ,
1783 1853 1832 1880 καὶ
1851 1853 1944 1888 ἐχθροὶ

1154 1897 1231 1929 ὄντες
1246 1897 1458 1934 κατηλλάγημεν
1470 1906 1477 1913 ·
1494 1899 1545 1926 οὐκ
1561 1899 1637 1926 αὐτοὶ
1654 1900 1746 1934 τυχεῖν
1760 1899 1816 1926 τῶν
1837 1899 1943 1926 διαλλα-

1154 1942 1210 1977 γῶν
1236 1943 1424 1975 ἱκετεύσαντες
1438 1964 1446 1975 ,
1464 1944 1533 1971 ἀλλά
1561 1944 1606 1971 τὸν
1633 1945 1778 1980 Μονογενῆ
1803 1945 1942 1980 δεξάμενοι

1155 1988 1325 2024 πρεσϐευτήν
1339 1998 1346 2004 ·
1363 1990 1410 2016 καὶ
1425 1990 1450 2016 oi
1464 1990 1624 2025 ἠδικηκότες
1641 1990 1694 2017 ὑπὸ
1707 1990 1756 2017 τοῦ
1770 1991 1944 2026 ἀδικηθέντος

1155 2035 1395 2071 παρακληθέντεςς
1423 2036 1470 2063 καὶ
1487 2036 1556 2072 πρὸς
1576 2037 1681 2069 τούτοις
1706 2037 1884 2072 λογιζόμενοι
1900 2038 1943 2064 τὸν

1154 2080 1286 2113 ζωοποιδν
1304 2081 1431 2117 σταυρὸν,
1452 2082 1498 2109 τὸν
1510 2082 1580 2118 ὑπὲρ
1593 2082 1672 2118 ἡμῶν
1690 2083 1897 2118 σταυρωθέντα,
1912 2083 1945 2110 τὰ

1153 2127 1277 2162 σωτήρια
1303 2127 1376 2163 πάθη
1388 2147 1396 2160 ,
1415 2127 1464 2154 τοῦ
1486 2127 1602 2155 θανάτου
1626 2129 1677 2164 τὴν
1693 2129 1822 2162 παῦλαν,
1841 2129 1889 2165 τὴν
1904 2129 1943 2156 δο-

1154 2171 1246 2200 θεῖσαν
1259 2173 1324 2208 ἡμῖν
1338 2173 1388 2209 τῆς
1404 2173 1581 2206 ἀναστάσεως
1594 2175 1702 2202 ὲλπίδα.

1189 2218 1280 2245 Ταῦτα
1289 2219 1337 2246 καὶ
1347 2219 1381 2246 τὰ
1388 2220 1499 2246 τοιαῦτα
1510 2219 1692 2255 σκοπούμενοι
1700 2221 1755 2247 τῶν
1763 2220 1944 2255 προσπιπτόν-

1154 2272 1206 2291 των
1218 2265 1283 2299 ήμῖν
1295 2265 1492 2301 περιγινόμεθα
1502 2266 1684 2302 σκυθρωπῶν,
1704 2267 1753 2292 καὶ
1764 2267 1821 2293 τῶν
1838 2267 1945 2301 εὐεργε-

1153 2309 1218 2337 σιῶν
1226 2310 1274 2345 τὴν
1286 2311 1395 2346 μνήμην
1404 2311 1596 2346 παρατιθέντες
1602 2313 1635 2347 τῇ
1645 2312 1810 2348 προσκαίρῳ
1821 2320 1941 2338 κακοπα-

1153 2355 1214 2390 θείᾳ
1221 2356 1268 2382 τοῦ
1277 2355 1412 2391 σώματος,
1420 2356 1538 2392 φέρομεν
1551 2357 1693 2389 ἀσπασίως
1704 2357 1754 2392 τὴν
1762 2357 1818 2383 τῶν
1829 2357 1943 2393 ἀνιαρῶν

1154 2401 1316 2437 προσϐολήν.
1335 2402 1615 2434 Ἀντιταλαντεύοντες
1632 2403 1686 2438 γὰρ
1700 2403 1740 2438 τῷ
1761 2403 1827 2438 περὶ
1842 2403 1888 2429 τὸν
1903 2405 1944 2429 Δε-

1155 2448 1258 2483 σπότην
1283 2448 1387 2485 φίλτρῳ
1411 2449 1500 2476 πάντα
1525 2449 1558 2476 τὰ
1579 2449 1627 2476 τοῦ
1643 2449 1702 2484 βίου
1718 2450 1946 2486 λυπηρὼᾳοῦφα

1154 2493 1214 2520 λίαν
1238 2494 1411 2529 εὑρίσκομεν.
1440 2494 1501 2522 Κᾶν
1523 2495 1556 2522 τὰ
1580 2495 1685 2530 τερπνὰ
1706 2495 1735 2522 δὲ
1765 2496 1877 2523 ᾶπαντα
1903 2497 1945 2523 καὶ

1154 2539 1264 2575 θυμήρη
1278 2539 1407 2567 δοκοῦντα
1431 2540 1503 2567 κατὰ
1540 2541 1639 2568 ταυτὸν
1666 2541 1881 2576 συναγάγωμεν,
1900 2542 1944 2567 αν-

1152 2585 1373 2622 τισταθμώμενος
1386 2587 1400 2613 ὁ
1414 2586 1484 2618 θεῖος
1497 2586 1588 2620 πόθος,
1602 2588 1682 2619 σκιᾶς
1692 2587 1889 2624 ἀδρανέστερα,
1902 2588 1946 2613 καὶ

1153 2630 1255 2657 ἀνθέων
1282 2631 1398 2666 ἐαρινῶν
1414 2631 1619 2667 εὐφθαρτότερα
1642 2627 1774 2659 δείκνυσι.
1791 2632 1886 2659 Ταῦτα
1902 2633 1946 2658 καὶ

1152 2675 1196 2704 διὰ
1209 2676 1263 2703 τῶν
1278 2677 1440 2713 εἰρημένων,
1456 2677 1504 2704 καὶ
1518 2678 1563 2704 διὰ
1586 2678 1642 2705 τῶν
1656 2678 1876 2714 λεχθησομένων,
1900 2687 1945 2713 ση-

1155 2722 1245 2758 μαίνει
1270 2723 1372 2757 σαφῶς.
1404 2732 1413 2749 t
1441 2724 1596 2759 Πέπεισμαι
1612 2724 1676 2760 γὰρ,
1699 2726 1795 2760 φησὶν,
1818 2726 1860 2751 ὄτι
1889 2725 1947 2752 οὔτε

1151 2769 1274 2801 θάνατος,
1293 2769 1354 2796 οὔτε
1370 2770 1436 2804 ζωὴ,
1455 2769 1516 2796 οὔτε
1548 2771 1672 2805 ἄγγελοι,
1694 2770 1757 2797 οὔτε
1778 2772 1875 2807 ἁρχαὶ,
1888 2771 1948 2798 οὔτε

1157 2814 1294 2850 δυνάμεις,
1310 2814 1371 2842 οὔτε
1390 2815 1534 2849 ἐνεστῶτα,
1553 2815 1612 2843 οὔτε
1632 2816 1774 2852 μέλλοντα,
1791 2815 1853 2843 οὔτε
1877 2815 1951 2851 ὕψι»

892 2910 902 2924 υ
922 2904 1000 2933 Rom.
1015 2914 1073 2940 th,
1093 2907 1126 2933 55
1142 2915 1198 2941 seq.
1242 2908 1247 2926 ι
1266 2906 1344 2934 llom.
1365 2914 1392 2939 v,
1413 2906 1452 2933 12.
