2064 3120
163 206 230 240 1505

665 204 805 235 ORATIO
829 204 877 234 DE
898 204 1029 235 DIVINA
1049 204 1274 236 CHARITATE.

1713 208 1780 241 1506

161 273 209 300 μα,
234 261 294 288 οὒτε
322 259 411 295 βάθος,
433 258 495 286 οὔτε
511 267 552 291 τις
578 259 665 291 κτίσις
685 259 776 294 ἑτέρα,
803 258 941 294 δυνήσεται

999 262 1094 291 states,
1111 266 1200 294 neque
1216 260 1358 293 instantia,
1374 268 1461 296 neque
1485 261 1586 295 futura,
1605 270 1692 298 neque
1719 265 1781 291 alti-

160 309 233 345 ἡμᾶς
259 306 373 342 χωρίσαι
398 306 452 332 ἀπὸ
474 306 524 341 τῆς
546 305 656 340 ἀγάπης
682 305 728 331 τοῦ
746 305 824 336 Θεοῦ,
839 305 888 338 τῆς
916 305 945 330 ὲν

158 353 269 390 Χριστῷ
288 352 374 386 Ἰησοῦ
388 351 426 387 τῷ
442 351 535 387 Κυρίῳ
555 351 642 386 ἡμῶν.
664 360 672 376 ι
697 350 805 385 Ἐπειδὴ
820 350 874 385 γὰρ
890 349 945 376 ἄνω

158 401 191 427 τὰ
206 398 356 434 σκυθρωπὰ
384 398 450 433 μόνα
473 397 613 428 τεθεικὼς,
644 396 816 432 παρεξήτασε
845 395 943 430 θλῖψιν,

160 446 206 472 καὶ
224 444 414 479 στενοχωρίαν,
431 443 476 470 καὶ
502 443 632 477 διωγμὸν,
659 442 706 469 καὶ
723 441 811 477 λιμὸν,
836 441 883 468 καὶ
898 449 946 475 γυι

161 491 289 526 μνότητα,
306 490 353 516 καὶ
377 488 508 518 κίνδυνον,
523 488 570 514 καὶ
596 488 742 522 μάχαιραν,
757 487 880 514 τουτέστι
895 486 944 522 τὴν

160 538 249 572 βιαίαν
261 536 367 570 σφαγήν
380 544 385 549 ι
397 534 506 565 εἰκότως
517 533 643 565 ἐνταῦθα,
653 533 744 559 καὶτὰ
757 532 864 568 θυμήρη
879 541 944 567 προ-

159 583 247 616 τίθησι
255 582 311 612 τοῖς
325 580 467 613 ἀλγεινοῖς,
489 577 528 613 τῷ
537 577 643 612 θανάτῳ
654 577 703 611 τὴν
714 576 796 611 ζωὴν,
813 576 848 602 τὰ
862 575 944 611 νοητὰ

158 629 213 658 τοῖς
231 625 380 660 αἰσθητοῖς,
405 625 460 655 τοῖς
475 624 624 659 ὁρωμένοις
644 622 693 653 τὰς
715 622 848 657 ἀοράτους
864 621 945 647 δυνά-

159 682 229 709 μεις,
238 673 294 703 τοῖς
301 669 417 706 παροῦσι
430 669 476 696 καὶ
487 668 614 703 παριοῦσι
623 668 656 694 τὰ
674 666 804 703 μέλλοντά
812 675 841 693 τε
852 666 899 692 καὶ
909 666 944 692 τὰ

158 719 272 754 μένοντα
284 726 290 731 ·
305 717 373 752 πρὸς
385 715 499 748 τούτοις,
511 716 559 750 τῆς
570 715 680 749 γεέννης
689 714 719 740 τὸ
732 713 822 748 βάθος,
833 713 881 739 καὶ
895 712 943 748 τῆς

157 764 293 800 βασιλείας
315 763 344 789 τὸ
368 762 445 798 ὕψος.
469 761 562 788 Ταῦτα
584 761 612 787 δὲ
637 761 725 787 πάντα
746 759 942 794 παρεξετάσας,

157 812 203 838 καὶ
221 809 308 846 εὑρὼν
328 809 436 836 ἅπαντα
460 808 498 843 τῷ
518 808 621 843 φίλτρῳ
646 806 871 842 παραχωροῦντα,
896 805 944 832 καὶ

156 858 190 884 τὰ
208 856 317 892 λυπηρὰ
343 855 390 882 καὶ
415 854 448 881 τὰ
470 854 591 890 θυμήρη,
617 854 665 880 καὶ
684 853 733 886 τῆς
763 853 872 887 ἀγάπης
895 851 942 886 τὴν

157 903 283 938 στέρησιν
299 902 348 936 τῆς
364 903 392 927 ὲν
411 901 508 935 γεέννῃ
532 899 670 930 κολάσεως
697 899 862 933 πικροτέραν
875 905 882 912 '
895 897 942 924 καὶ

154 949 244 982 δείξας
261 949 307 981 ὡς,
338 947 418 982 εἴπερ
443 944 498 972 οἷόν
522 954 550 971 τε
568 943 612 981 ἦν,
631 945 717 971 εἵλετο
738 944 771 971 ἂν
796 944 864 978 μετὰ
893 943 943 976 τῆς

157 996 232 1026 θείας
248 995 357 1030 ἀγάπης
371 994 422 1028 τὴν
433 992 619 1028 ἡπειλημένην
633 991 754 1022 κόλασιν,
772 991 788 1025 ἢ
803 991 864 1024 δίχα
880 989 943 1016 ταύ-

156 1050 205 1076 της
220 1041 268 1076 τὴν
286 1039 491 1075 ἐπηγγελμένην
511 1038 565 1064 τῶν
581 1037 703 1072 οὐρανῶν
725 1036 872 1071 βασιλείαν,
894 1044 942 1071 με-

156 1087 229 1113 θύων
251 1085 290 1121 τῷ
317 1084 392 1120 πόθῳ
406 1084 440 1111 τὰ
458 1084 494 1120 μὴ
521 1083 664 1118 ὑφεστῶτα
691 1082 776 1118 ζητεῖ,
797 1082 943 1109 καὶταῦτα

157 1133 299 1167 συγκρῖναι
314 1130 352 1166 τῷ
368 1131 431 1163 θείῳ
443 1130 544 1166 φίλτρῳ
563 1129 717 1164 φιλονεικεῖ.
738 1139 746 1155 ι
763 1129 832 1156 Οὔτε
842 1129 943 1164 ὕψωμα

156 1178 220 1214 γὰρ,
239 1177 330 1212 φησιν,
346 1177 407 1204 οὔτε
423 1176 514 1212 βάθος,
532 1175 592 1202 οὒτε
607 1184 648 1207 τις
663 1175 750 1206 κτίσις
763 1175 844 1210 ἑτέρα
863 1174 941 1209 δυνή-

157 1231 231 1250 σεται
247 1223 320 1258 ἡμᾶς
339 1222 454 1258 χωρίσαι
474 1222 528 1248 ἀπὸ
544 1222 593 1256 τῆς
605 1221 716 1255 ἀγάπης
730 1221 776 1247 τοῦ
798 1220 876 1252 Θεοῦ,
892 1220 942 1254 τῆς

156 1271 184 1296 ὲν
197 1269 307 1304 Χριστῷ
324 1268 411 1304 Ἰησοῦ
427 1268 466 1303 τῷ
484 1267 675 1303 Κυρίῳὴμῶν.
697 1277 705 1293 ν
727 1267 764 1293 οὺ
780 1267 833 1302 γὰρ
851 1266 940 1301 μόνον,

156 1315 233 1350 φησὶ,
244 1315 351 1340 πάντων
364 1313 431 1349 45μοῦ
444 1314 497 1340 τῶν
505 1314 650 1349 ὁρωμένων
659 1315 703 1339 καὶ
712 1313 834 1348 ἀοράτων
843 1313 873 1338 τὸ
879 1321 911 1338 πε
917 1313 942 1348 ρὶ

155 1360 200 1386 τὸν
228 1360 341 1394 Σωτῆρα
359 1359 406 1385 καὶ
416 1358 562 1394 Λυτρωτὴν
576 1358 723 1394 προτίθημι
739 1358 860 1392 φίλτρον,
875 1356 942 1383 ἀλλὰ

155 1405 202 1432 καὶ
224 1405 251 1431 εἴ
267 1414 309 1437 τις
329 1404 409 1440 ἑτέρα
426 1405 513 1435 κτίσις
526 1403 627 1439 ταύτης
642 1404 689 1430 καὶ
705 1403 806 1438 μείζων
820 1402 867 1429 καὶ
881 1402 942 1429 καλ-

154 1450 220 1476 λίων
238 1451 399 1486 ἀναφανείη,
414 1451 444 1477 οὺ
461 1450 549 1476 πείσει
566 1458 599 1485 με
629 1449 677 1484 τὴν
694 1450 803 1483 ἀγάπην
826 1448 940 1481 ἀλλάξα-

157 1497 229 1523 σθαι·
239 1497 318 1523 Ἀλλὰ
332 1497 384 1523 κᾶν
396 1496 430 1523 τὰ
441 1497 551 1532 θυμήρη
562 1505 605 1528 τις
617 1497 744 1531 παράσχῃ
755 1496 815 1530 δίχα
828 1495 940 1530 ταύτης,

154 1544 185 1570 οὐ
201 1543 311 1579 δέξομαι
323 1551 329 1558 ⁷
349 1542 402 1570 κᾶν
421 1543 548 1577 ἐπαγάγῃ
560 1541 603 1568 διὰ
618 1541 719 1576 ταύτην
732 1541 766 1567 τὰ
781 1540 940 1576 σκυθρωπὰ,

155 1590 294 1624 ὲπέραστά
312 1598 355 1624 μοι
370 1589 504 1624 φανεῖται,
517 1590 565 1615 καὶ
579 1588 638 1614 λίαν
651 1587 770 1623 ὲράσμια
783 1594 789 1601 ·
803 1586 849 1613 καὶ
862 1587 875 1613 ὁ
898 1586 942 1612 διὰ

154 1635 256 1670 ταύτην
276 1634 353 1669 λιμὸς
373 1635 461 1670 πάσης
486 1643 530 1670 μοι
545 1634 652 1670 τρυφῆς
667 1633 879 1669 θυμηρέστερος,
895 1632 942 1659 καὶ

154 1681 265 1717 εἰρήνης
287 1681 368 1716 ἡδίων
387 1682 400 1707 ὁ
414 1680 542 1716 διωγμὸς,
566 1681 640 1716 καὶὴ
663 1680 800 1715 γυμνότης
817 1678 943 1714 ἁλουργί-

153 1727 198 1758 δος
230 1727 276 1753 καὶ
301 1726 497 1761 χρυσοπάστων
527 1726 641 1761 ἱματίων
661 1725 824 1761 χαριεστέρα
837 1733 844 1740 ·
860 1724 909 1752 καὶ
928 1725 942 1751 ὁ

154 1772 275 1803 κίνδυνος
290 1772 376 1806 πάσης
383 1771 474 1803 ἀδείας
484 1771 661 1806 γλυκύτερος,
674 1771 720 1797 καὶ
732 1772 748 1806 ἡ
763 1771 837 1806 βιαία
850 1769 941 1805 σφαγὴ

154 1819 245 1853 πάσης
272 1817 438 1853 αίρετωτέρα
458 1815 540 1851 ζωῆς,
561 1817 591 1843 Ἦ
606 1817 660 1852 γὰρ
680 1816 753 1843 αἰτία
767 1816 820 1842 τῶν
835 1816 940 1847 παθῶν,

153 1863 315 1899 ψυχαγωγία
335 1871 380 1897 μοι
406 1861 521 1896 γίνεται.
541 1862 589 1888 Διὰ
609 1862 663 1896 γὰρ
679 1861 724 1888 τὸν
740 1862 857 1896 ἐραστὴν
872 1860 940 1895 ὁμοῦ

154 1909 202 1936 καὶ
232 1908 369 1943 ἐρώμενον
391 1908 502 1943 δέχομαι
531 1907 580 1938 τὰς
607 1907 708 1934 τούτων
721 1907 843 1941 νιφάδας.
862 1916 871 1933 ‹
889 1907 941 1934 Τὸν

154 1955 209 1990 γὰρ
244 1955 281 1990 μὴ
309 1955 408 1989 γνόντα
437 1953 575 1989 ἁμαρτίαν
597 1953 668 1988 ὑπὲρ
696 1953 775 1988 ἡμῶν
804 1953 940 1988 ἁμαρτίαν

154 2001 293 2036 ἐποίησεν,
319 2000 363 2026 ἵνα
386 2001 467 2035 ἡμεῖς
490 1998 634 2034 γενώμεθα
649 1999 717 2025 Θεοῦ
732 1998 889 2034 δικαιοσύνη
913 1999 941 2025 ἐν

153 2047 238 2082 αὐτῷ.
250 2061 285 2066 -
298 2047 346 2078 Ὃς
361 2045 488 2077 πλούσιος
502 2044 539 2072 ὢν
560 2045 594 2071 δι’
607 2045 681 2080 ἡμᾶς
699 2044 882 2079 ἐπτώχευσεν,
898 2044 941 2070 ἵνα

153 2093 234 2128 ἡμεῖς
262 2093 295 2128 τῇ
327 2091 432 2118 ἐκείνου
458 2090 580 2126 πτωχείᾳ
598 2090 802 2125 πλουτήσωμεν.
821 2099 831 2116 ι
861 2089 915 2116 Καί
932 2097 939 2104 ·

156 2148 166 2165 ‹
177 2138 359 2174 Ἐξηγόρασεν
374 2138 447 2172 ἡμᾶς
461 2137 493 2163 ὲκ
503 2137 552 2171 τῆς
564 2136 687 2171 κατάρας
697 2135 743 2162 τοῦ
758 2136 850 2171 νόμου,
864 2135 941 2170 γενό-

155 2193 234 2219 μενος
258 2183 328 2218 ὑπὲρ
356 2183 434 2218 ἡμῶν
444 2183 564 2217 κατάρα.
583 2192 593 2208 ι
613 2181 690 2209 Καί·
712 2191 721 2207 ι
744 2181 940 2208 Ἐταπείνωσεν

153 2230 259 2263 ἑαυτὸν,
272 2230 416 2264 γενόμενος
427 2230 545 2265 ὑπήκοος
560 2230 640 2265 μέχρι
651 2229 776 2261 θανάτου,
787 2230 901 2257 Θανάτου
911 2229 939 2256 δὲ

997 303 1072 336 tudo,
1086 311 1175 339 neque
1190 304 1363 340 profundum,
1380 314 1468 341 neque
1482 312 1611 335 creatura
1624 309 1677 336 alia
1693 311 1781 344 possit

996 357 1046 377 nos
1065 357 1221 385 separarea
1243 351 1378 379 charitate
1397 352 1454 386 Dei,
1472 362 1532 388 qua:
1559 359 1600 382 est
1617 355 1644 383 in
1669 356 1780 383 Christo

993 395 1058 424 Jesu
1073 396 1188 424 Domino
1202 402 1297 426 nostro
1308 399 1331 425 ε.
1350 407 1360 424 ›
1373 398 1443 431 Quia
1458 400 1529 427 enim
1543 408 1626 435 supra
1642 409 1673 428 ea
1689 403 1778 429 solum

993 450 1055 477 qua:
1075 442 1163 470 tristia
1178 447 1259 470 erant
1274 444 1366 478 posuit
1378 449 1405 471 et
1425 446 1602 479 comparavit.
1624 447 1780 474 tribulatio-

994 495 1066 520 nem,
1082 492 1108 515 et
1125 489 1292 524 angustiam,
1315 493 1342 516 et
1366 491 1597 525 persecutionem,
1614 496 1641 518 et
1669 493 1779 523 famem.

994 538 1020 561 et
1032 534 1195 568 nuditatem,
1206 539 1232 562 et
1249 535 1410 570 periculum,
1429 540 1455 562 et
1469 536 1600 570 gladium,
1615 538 1640 564 id
1655 542 1708 569 est,
1721 540 1780 564 vio-

993 581 1094 607 lentam
1119 581 1241 608 czedem:
1267 581 1328 616 jure
1352 582 1456 617 optimo
1481 582 1525 609 hic
1548 583 1630 609 etiam
1658 583 1780 616 jucunda

994 625 1120 653 tristibus
1137 626 1272 662 adjungit,
1296 628 1377 654 morti
1397 627 1490 660 vitam,
1512 628 1617 663 1304
1642 629 1781 655 sensibili-

993 672 1044 699 bus
1061 672 1417 708 intelligibilia,visibilibus
1440 674 1554 701 virtutes
1572 674 1622 701 sub
1642 679 1780 708 aspectum

992 725 1047 744 non
1062 717 1204 756 cadentes,
1217 719 1401 753 prtesentibus
1423 726 1455 746 ac
1472 720 1619 754 pra-teritis
1636 720 1726 747 futura
1755 725 1782 747 et

993 764 1191 798 permanentia,
1222 764 1403 799 profunditati
1433 765 1552 800 denique
1584 766 1713 800 gehenn:e
1740 767 1780 792 nl-

993 807 1137 836 titudinem
1152 810 1239 844 regni.
1256 809 1319 837 liam
1332 818 1396 838 vero
1411 811 1502 838 omnia
1515 819 1576 838 cum
1593 812 1665 839 inter
1681 820 1710 839 se
1722 820 1781 838 mu-

993 859 1041 882 tuo
1059 856 1256 888 examinasset,
1272 860 1429 891 cunctaque
1443 858 1530 884 amori
1555 858 1679 885 cedentia
1710 866 1782 885 cmu-

993 900 1123 935 perissct,
1146 900 1235 928 tristia
1267 902 1389 928 simulet
1419 902 1554 935 jucunda,
1583 903 1782 937 charitatisque

994 946 1174 980 privationem
1191 947 1289 980 quovis
1303 954 1364 974 esse
1384 947 1520 981 supplicio
1547 948 1678 981 gehennm
1701 956 1780 976 acer-

994 992 1108 1024 biorem,
1126 997 1153 1019 ct
1173 993 1253 1020 malle
1270 1000 1308 1024 se,
1329 993 1350 1019 si
1382 993 1486 1025 liceret,
1517 993 1686 1021 ostendisset
1717 1001 1779 1020 cum

994 1037 1141 1065 dilectione
1153 1036 1245 1064 divina
1262 1038 1425 1065 intentatam
1445 1038 1608 1072 gehennam,
1626 1047 1706 1074 quam
1721 1040 1781 1067 sine

994 1084 1041 1111 illa
1054 1083 1220 1118 promissum
1241 1091 1354 1118 regnum
1369 1085 1377 1095 '
1393 1084 1538 1115 ccelorum,
1558 1083 1711 1112 inebriatus
1734 1086 1779 1112 de—

994 1129 1107 1161 siderio,
1120 1137 1175 1157 non
1190 1130 1368 1157 subsistentia
1383 1130 1491 1164 quaerit,
1507 1135 1608 1157 etcum
1625 1130 1670 1158 Dei
1684 1139 1778 1158 amore

993 1182 1154 1210 comparare
1175 1175 1221 1201 illa
1235 1175 1388 1202 contendit.
1417 1184 1426 1201 ι
1447 1173 1540 1210 Neque
1557 1175 1673 1202 altitudo
1690 1176 1761 1202 enim
1773 1196 1780 1206 .

994 1221 1040 1254 ait,
1056 1228 1147 1254 neque
1162 1220 1342 1255 profundum,
1363 1229 1453 1255 neque
1469 1225 1594 1248 creatura
1609 1221 1662 1248 alia
1681 1222 1782 1256 poterit

993 1273 1045 1293 nos
1059 1273 1189 1300 separare
1205 1273 1219 1292 ιι
1238 1265 1373 1292 charitate
1384 1265 1442 1298 Dei,
1475 1274 1537 1301 quae
1555 1270 1598 1293 est
1626 1266 1653 1293 in
1670 1266 1782 1293 Christo

993 1311 1057 1339 Jesu
1073 1312 1190 1339 Domino
1206 1316 1313 1339 nostro.
1334 1321 1343 1337 ι
1358 1311 1417 1338 Non
1433 1312 1534 1343 solum,
1553 1312 1651 1346 inquit,
1672 1313 1781 1339 cunctis

994 1357 1077 1386 simul
1094 1357 1250 1384 visibilibus
1263 1362 1289 1384 et
1305 1357 1491 1385 invisibilibus
1507 1364 1628 1384 amorem
1646 1358 1672 1384 in
1686 1356 1782 1384 Salva-

994 1408 1080 1431 torem
1094 1407 1120 1431 et
1138 1403 1348 1438 Redemptorcm
1364 1411 1503 1438 praepono,
1520 1405 1566 1431 sed
1581 1409 1607 1432 et
1619 1404 1642 1432 si
1657 1412 1710 1439 qua
1727 1405 1782 1432 alia

993 1453 1121 1477 creatura
1138 1450 1190 1476 hac
1222 1449 1313 1484 major
1342 1453 1369 1476 et
1397 1449 1542 1484 pulchrior
1564 1451 1730 1485 apparuerit,
1752 1455 1782 1477 ut

993 1495 1155 1522 charitatem
1182 1499 1283 1522 mutem
1307 1503 1480 1530 nequaquam
1512 1496 1699 1531 persuadebit.
1727 1497 1781 1524 Sed

993 1549 1081 1576 neque
1098 1541 1219 1576 jucunda
1240 1542 1263 1569 si
1281 1541 1344 1576 quis
1360 1541 1468 1575 onerat,
1483 1542 1543 1570 sine
1562 1542 1614 1569 hac
1629 1542 1757 1578 recipiam
1772 1550 1779 1568 :

969 1592 1020 1623 tet
1033 1587 1097 1615 licet
1123 1587 1215 1614 tristia
1234 1591 1346 1622 propter
1379 1588 1450 1615 hanc
1476 1588 1593 1622 ingerat,
1623 1589 1778 1623 expetenda

996 1632 1075 1665 mihi,
1092 1632 1226 1667 valdeque
1241 1632 1371 1659 amabilia
1385 1633 1572 1660 videbuntur:
1596 1637 1622 1660 et
1639 1641 1700 1668 qua
1719 1634 1780 1668 ejus

994 1686 1078 1706 causa
1093 1679 1227 1706 toleratur
1243 1678 1340 1710 fames,
1359 1678 1572 1714 quibuscunque
1585 1679 1693 1707 deliciis
1713 1681 1780 1707 mihi

993 1724 1097 1759 gratior
1114 1727 1167 1757 est,
1186 1727 1212 1751 et
1231 1723 1386 1757 persecutio
1408 1731 1474 1758 pace
1489 1724 1608 1757 dulcior,
1623 1728 1650 1752 et
1669 1725 1780 1752 nuditas

993 1776 1114 1804 purpura
1131 1776 1254 1804 auroque
1269 1769 1381 1796 intextis
1401 1769 1524 1797 vestibus
1548 1771 1693 1798 venustior
1716 1781 1724 1799 :
1753 1776 1781 1799 et

992 1823 1145 1858 periculum
1158 1823 1254 1858 quavis
1270 1823 1589 1858 securitatejucundius,
1604 1825 1781 1861 violentaque

990 1868 1127 1904 jugulatio
1146 1869 1220 1895 omni
1237 1869 1290 1895 vita
1308 1869 1396 1904 magis
1422 1869 1586 1904 expetenda.
1618 1870 1779 1899 Passienum

992 1914 1065 1941 enim
1079 1922 1161 1942 causa
1177 1914 1375 1942 consolationis
1394 1914 1460 1940 mihi
1480 1914 1541 1942 loco
1558 1918 1611 1947 est,
1636 1923 1699 1943 cum
1715 1925 1780 1949 pro-

992 1963 1052 1994 pter
1071 1963 1221 1987 amatorem
1245 1959 1326 1987 simul
1352 1962 1379 1986 οι
1400 1962 1520 1986 amatum
1539 1960 1648 1987 illarum
1675 1965 1778 1996 tempe.-

992 2009 1077 2034 stales
1093 2005 1239 2040 perferam.
1258 2004 1363 2039 1305
1382 2013 1392 2030 ‹
1411 2003 1479 2031 Eum
1496 2005 1568 2032 enim
1582 2007 1628 2041 qui
1646 2015 1700 2034 non
1727 2015 1778 2035 no-

993 2055 1069 2078 verat
1080 2056 1235 2086 peccatum.
1253 2058 1304 2084 pro
1322 2051 1403 2079 nobis
1418 2055 1559 2085 peccatum
1583 2051 1657 2084 fecit,
1676 2057 1705 2080 ut
1729 2062 1780 2082 nos

992 2095 1160 2123 ciiiceremur
1172 2095 1279 2130 justitia
1293 2095 1340 2123 Dei
1354 2097 1381 2123 in
1397 2097 1489 2131 ipsoh.
1504 2106 1512 2123 ι
1525 2113 1561 2117 -—
1571 2106 1580 2123 ι
1594 2097 1645 2131 Qui
1662 2107 1723 2127 cum
1738 2100 1780 2126 di-

991 2150 1039 2170 ves
1053 2147 1135 2175 esset,
1155 2145 1268 2178 propter
1285 2150 1335 2170 nos
1350 2150 1454 2177 egenus
1478 2143 1568 2172 factus
1584 2148 1636 2177 est,
1660 2150 1690 2172 ut
1706 2146 1779 2174 illius

992 2187 1083 2222 inopia
1100 2195 1151 2214 nos
1162 2187 1261 2214 divites
1278 2194 1402 2215 essemus
1417 2188 1438 2214 ί.
1455 2197 1464 2214 ι
1483 2187 1515 2215 Et
1531 2197 1537 2215 :
1556 2197 1565 2213 ι
1585 2187 1710 2216 Redemit
1724 2198 1775 2218 nos

992 2233 1025 2260 dc
1041 2231 1186 2260 maledicto
1201 2232 1276 2268 legis,
1287 2231 1378 2260 factus
1392 2240 1441 2267 pro
1452 2233 1532 2260 nobis
1544 2233 1719 2262 maledictum
1733 2234 1772 2262 ί.»

154 2275 270 2311 σταυροῦ
279 2297 286 2303 .
302 2285 310 2301 ι
321 2276 390 2303 Καί·
403 2285 412 2301 ι
429 2277 488 2302 Ἔτι
498 2276 666 2312 ἁμαρτωλῶν
682 2276 765 2303 ὄντων
779 2276 866 2311 ἡμῶν,
878 2277 941 2311 Χρι-

994 2278 1048 2305 Et:
1072 2287 1081 2303 ι
1103 2278 1260 2306 Humiliavit
1278 2279 1454 2314 semetipsum
1474 2278 1565 2307 factus
1587 2279 1717 2308 obediens
1730 2290 1776 2308 us-

153 2321 215 2353 στὸς
239 2321 308 2357 ὐπὲρ
335 2321 413 2356 ἡμῶν
426 2321 554 2348 ἀπέθανε.
577 2331 586 2348 )
611 2321 702 2348 Ταῦτα
719 2322 764 2348 καὶ
782 2322 816 2348 τὰ
829 2321 940 2348 τοιαῦτα

152 2368 337 2403 λογιζόμενος,
367 2369 416 2394 οὐκ
445 2369 478 2395 ἃν
505 2368 635 2403 δεξαίμην
660 2368 709 2404 τὴν
739 2368 791 2394 τῶν
816 2367 939 2404 οὐρανῶν

153 2414 301 2449 βασιλείαν,
328 2413 388 2448 δίχα
409 2414 458 2449 τῆς
487 2415 550 2449 περὶ
568 2414 669 2441 τούτων
691 2415 801 2449 ἀγάπης
817 2423 823 2429 '
840 2415 890 2440 οὐκ
905 2413 938 2440 ἂν

153 2459 266 2494 φύγοιμι
284 2461 333 2494 τὴν
348 2461 376 2485 ὲν
390 2460 486 2496 γεέννῃ
498 2459 645 2496 τιμωρίαν,
664 2460 743 2496 εἴπερ
758 2460 831 2492 είκὺς
845 2458 878 2495 ἦν
891 2459 937 2486 τὸν

149 2506 252 2541 ταύτην
270 2507 365 2541 ἔχοντα
384 2507 493 2533 κόλασιν
512 2507 667 2542 ὑπομένειν.
688 2507 772 2533 Τοῦτο
794 2507 840 2533 καὶ
855 2507 936 2533 ἀλλα-

151 2552 197 2587 χοῦ
224 2553 343 2578 διδάσκει
372 2553 464 2587 σαφῶς
480 2560 486 2566 ·
514 2562 522 2578 ι
546 2553 578 2579 Ἡ
606 2553 659 2588 γὰρ
682 2553 774 2589 ἀγάπη
802 2553 848 2580 τοῦ
869 2553 936 2580 Θεοῦ

151 2599 257 2634 συνέχει
278 2599 360 2634 ἡμᾶς,
387 2599 532 2634 κρίναντας
553 2599 642 2632 τοῦτο,
657 2600 696 2625 ὃτι
713 2597 753 2630 εἷς
776 2600 845 2635 ὑπὲρ
867 2600 936 2627 πάν-

150 2654 203 2671 των
219 2645 363 2676 ἀπέθανεν,
380 2645 422 2671 ἵνα
437 2646 460 2671 oi
483 2643 593 2676 ζῶντες,
614 2645 711 2680 μηκέτι
723 2645 828 2677 ἑαυτοῖς
842 2645 935 2678 ζῶσιν,

149 2691 215 2717 ἀλλὰ
233 2690 271 2725 τῷ
295 2691 364 2726 ὑπὲρ
388 2691 477 2717 αὐτῶν
500 2691 662 2717 ἀποθανόντι
683 2691 729 2718 καὶ
749 2691 903 2719 ἀναστάντι.
924 2701 932 2718 ι

150 2737 181 2762 υἱ
197 2737 285 2762 τοίνυν
304 2736 340 2771 μὴ
366 2737 471 2768 ἑαυτοῖς
488 2736 599 2770 ζῶντες,
625 2737 692 2764 ἀλλὰ
712 2737 750 2773 τῷ
768 2738 836 2772 ὑπὲρ
849 2738 939 2765 αὐτῶν

149 2782 312 2808 ἀποθανόντι
339 2783 386 2808 καὶ
410 2783 567 2816 ἀναστάντι,
589 2775 678 2812 πάντα.
707 2785 776 2820 ὑπὲρ
791 2784 874 2811 αὐτοῦ
892 2785 938 2812 καὶ

185 2884 197 2903 8
216 2883 292 2909 “om.
308 2891 368 2914 γιιι,
382 2883 426 2915 38,
445 2885 486 2911 5".
527 2885 539 2906 ιι
558 2886 576 2912 li
593 2886 656 2914 Cor.
677 2895 702 2916 ι’.
718 2887 762 2915 ‘21.

147 2924 168 2938 π’
185 2917 206 2946 ιι
220 2919 284 2945 Cor.
300 2927 326 2952 ι’,
346 2919 385 2946 lvi.

990 2331 1043 2359 quc
1063 2323 1096 2351 ad
1114 2329 1239 2356 mortem,
1269 2328 1384 2352 mortem
1414 2330 1504 2352 autem
1521 2325 1612 2353 crucis
1625 2326 1650 2353 ιι.
1679 2336 1688 2353 ι
1724 2327 1776 2354 Et:

992 2379 1000 2395 ι
1022 2369 1090 2397 Cum
1108 2369 1197 2396 adhuc
1221 2373 1380 2404 peccatores
1408 2378 1541 2402 essemus,
1572 2370 1699 2398 Christus
1728 2379 1777 2406 pro

988 2415 1067 2443 nobis
1083 2418 1208 2443 mortuus
1225 2418 1265 2442 est
1279 2414 1300 2441 1.
1321 2424 1329 2440 ι
1350 2414 1411 2443 Haec
1426 2419 1452 2442 et
1466 2415 1492 2442 id
1514 2423 1601 2451 genus
1616 2416 1668 2442 alia
1684 2418 1778 2444 consl~

987 2469 1098 2502 derans,
1124 2476 1238 2503 regnum
1262 2469 1395 2496 cmlorum
1411 2469 1470 2496 sine
1487 2468 1622 2497 charitate
1649 2469 1676 2497 in
1692 2469 1776 2498 Deum

992 2515 1106 2550 adipisci
1122 2515 1227 2542 nolim:
1252 2522 1341 2549 neque
1366 2514 1497 2550 gehennae
1511 2515 1675 2550 supplicium
1702 2516 1776 2543 refu-

990 2569 1064 2596 gere,
1083 2561 1106 2588 si
1123 2568 1172 2596 par
1188 2566 1286 2592 esssel,
1303 2568 1364 2588 eum
1381 2561 1427 2596 qui
1440 2560 1635 2596 ltac‘prmditus
1651 2562 1696 2595 sit,
1710 2571 1775 2597 sup-

992 2608 1105 2647 pl'wium
1123 2606 1209 2634 ullum
1226 2607 1375 2635 sustinere.
1393 2606 1450 2634 Hoc
1464 2615 1574 2643 quoque
1591 2608 1655 2636 alibi
1671 2609 1777 2644 perspi-

990 2659 1041 2679 cue
1057 2651 1158 2679 docet:
1179 2661 1188 2677 ι
1205 2651 1335 2680 Charitas
1349 2652 1421 2679 enim
1441 2651 1487 2679 Dei
1509 2656 1587 2687 urget
1614 2661 1674 2687 nos,
1700 2654 1775 2681 {esti-

989 2702 1097 2725 mantes
1112 2697 1175 2729 hoc,
1193 2698 1322 2732 quoniam
1338 2705 1411 2725 unus
1433 2704 1483 2732 pro
1499 2698 1629 2727 omnibus
1646 2704 1773 2727 mortuus

987 2748 1040 2775 est,
1057 2747 1087 2770 ut
1101 2743 1148 2779 qui
1166 2744 1272 2777 vivunt,
1284 2743 1340 2778 jam
1355 2751 1410 2771 non
1424 2744 1477 2772 sibi
1493 2745 1598 2778 vivant,
1614 2745 1661 2773 sed
1675 2747 1697 2772 ei
1725 2747 1771 2780 qui

987 2796 1037 2823 pro
1052 2788 1120 2824 ipsis
1137 2791 1262 2816 mortuus
1280 2791 1323 2816 cst
1335 2791 1361 2816 et
1376 2789 1527 2816 resurrexit
1538 2793 1569 2815 ιη.
1594 2798 1604 2815 ι
1622 2788 1674 2822 Qui
1689 2789 1772 2823 igitur

807 2886 813 2906 ί
830 2887 896 2915 ibid.
910 2895 941 2914 vn

992 2889 1006 2916 ί.
1048 2888 1159 2917 lGalaf.
1175 2896 1216 2922 tu,
1235 2889 1276 2917 15.
1310 2889 1320 2909 ιι
1335 2889 1452 2925 Philipp.
1467 2897 1497 2922 ιι,
1513 2890 1539 2918 8.
1581 2887 1588 2908 ¹
1612 2889 1689 2916 Rom.
1705 2896 1730 2922 ν,
1743 2887 1773 2918 8.
