2064 3120
196 184 263 216 Ῑΐιοὲ)

700 182 841 213 ORATIO
866 183 915 212 DE
937 183 1068 212 DIVINA
1091 183 1316 212 CIIARXTATE.

1758 180 1828 214 15Ιῦ

193 244 247 279 γὰρ
259 242 358 273 πάντα,
370 240 404 267 τὰ
418 240 530 275 ἔσχατα,
553 240 599 266 καὶ
621 230 655 266 τά
671 240 783 275 ἀρχαῖα.
798 239 870 276 Πρὸς
879 239 984 271 τούτοις

1036 240 1121 272 sima,
1149 245 1175 266 et
1197 241 1321 274 antiqua.
1346 239 1453 273 Quibus
1476 239 1609 269 Dominus
1636 240 1784 276 subjunxit
1800 244 1824 272 υ,

192 292 206 316 ὸ
218 289 355 322 Δεσπότης
369 287 494 322 ἐπήγαγε
508 294 515 302 ·
524 295 541 318 ,ι
559 285 689 320 Ποίμαινε
701 286 735 312 τὰ
747 284 871 320 πρόϐατά
890 293 950 320 μου.
972 294 981 310 ι

199 334 269 369 Ἐγὼ
282 333 331 368 μὲν
352 332 417 368 γὰρ,
445 331 536 367 φησὶν,
553 331 697 366 ἀνενδεής⁹
715 331 878 366 εὐεργεσίαν
891 331 918 357 δὲ
936 339 984 366 με-

193 381 289 415 γίστην
303 379 434 414 ἠγοῦμαι,
444 377 499 404 τῶν
510 377 585 412 ἐμῶν
597 377 740 412 προϐάτων
752 377 801 412 τὴν
815 377 982 412 ἐπιμέλειαν,

193 428 240 454 καὶ
255 426 305 462 τὴν
327 426 367 457 εἰς
396 426 487 452 ἐκεῖνα
503 423 667 459 κηδεμονίαν
684 424 724 456 είς
747 423 867 459 ἐμαυτὸν
889 423 984 450 ἀναδὲ-

193 481 284 508 χομαι.
303 471 439 507 Προσήκει
451 470 539 497 τοίνυν
550 478 589 501 σε,
601 467 635 505 ἦς
645 469 793 500 ἀπολαύεις
804 469 983 504 προμηθείας,

195 518 362 554 μεταδιδόναι
379 518 435 548 τοῖς
449 516 615 552 ὁμοδούλοις.
635 516 682 543 καὶ
701 515 819 551 βόσκειν,
833 515 871 547 ὡς
890 515 984 550 βόσκῃ,

194 564 240 590 καὶ
262 563 300 595 ὡς
331 562 473 597 ποιμαὶνῃ,
493 561 659 596 ποιμαίνειν,
677 561 726 587 καὶ
739 562 773 595 ἣν
798 560 917 594 ὸερείλεις
941 569 985 595 μοι

193 610 282 645 χάριν,
298 609 330 635 δι’
344 608 457 635 ἐκείνων
471 607 630 634 ὲκτιννύειν.
656 607 748 643 Ταῦτα
765 606 844 632 πάλιν
859 607 906 632 καὶ
919 606 959 637 δὶς
973 607 986 632 ὁ

192 656 328 690 Δεσπότης
339 654 431 690 ἤρετο,
443 653 491 680 καὶ
507 653 548 684 δὶς
563 653 577 679 ὁ
593 652 681 688 μέγας
692 652 859 688 ἀπεκρίνατο
873 651 986 686 Πέτρος,

192 701 239 728 καὶ
252 701 292 731 δὶς
302 699 349 726 τοῦ
367 699 496 734 ποιμένος
505 698 554 734 τὴν
566 698 733 734 χειροτονίαν
745 697 863 730 ἐδέξατο.
879 697 986 732 Ἐπειδὴ

192 746 220 772 δὲ
231 746 277 772 καὶ¹
291 746 370 781 τρίτῃ
382 744 555 779 προσηνέχθη
570 744 675 776 πεῦσις,
692 744 743 770 οὐκ
758 743 796 770 ἔθ’
811 744 909 779 ὁμοίως
921 743 987 778 θαρ-

193 791 294 822 σαλέως
311 791 358 817 καὶ
375 789 462 821 ἀδεῶς
482 790 496 816 ὁ
521 790 656 825 μακάριος
678 789 854 825 ἀποκρίνεται
866 789 984 824 Πέτρος-

191 836 260 863 ἀλλὰ
273 835 348 866 δέους
367 834 548 870 ἐμπίπλαται,
566 835 612 861 καὶ
641 834 754 870 Θόρυϐον
784 834 933 869 εἰσδέχεται
953 834 986 868 τῇ

191 882 274 918 ψυχῇ,
292 882 338 908 καὶ
357 881 462 917 ἀγωνιᾷ
489 882 522 916 τῇ
549 880 642 916 ψήφῳ,
664 881 710 906 και
738 880 865 912 δέδοικεν,
878 880 985 915 ὑφορώς

193 917 283 962 μενος,
303 927 340 963 μὴ
356 927 452 962 ἑτέραν
480 927 595 962 ἄρνησιν
617 927 630 953 ὁ
655 927 793 961 Δεσπότης
807 926 982 963 προθεωρῶν,
1002 917 1020 943 Β

191 973 244 999 τῶν
257 973 305 1008 τῆς
317 972 426 1007 ἀγάπης
439 972 569 1007 ῥημάτων
587 971 725 1006 καταγελᾷ
739 979 746 985 ⁸
769 972 904 1007 ἀνέδραμε
930 972 983 1007 γὰρ

190 1018 204 1043 ό
215 1017 276 1048 νοῦς
292 1018 332 1049 εἰς
346 1017 381 1044 τὰ
397 1017 528 1052 πρότερα,
555 1017 601 1043 καὶ
617 1017 754 1052 ἀνέμησεν
771 1017 863 1050 αὑτὸν,
880 1017 917 1049 ὡς
934 1017 985 1053 ἤδη

191 1065 238 1091 καὶ
254 1063 386 1099 πρότερον
402 1063 532 1095 πολλάκις
545 1063 594 1098 μὲν
616 1063 696 1099 μέχρι
717 1063 833 1091 θανάτου
846 1063 883 1100 μὴ
898 1073 984 1091 καταο

190 1110 279 1137 λιπεῖν
303 1109 488 1145 διισχυρίσατο
507 1110 553 1136 τὸν
581 1109 750 1142 διδάσκαλον,
775 1111 875 1146 ἤκουσε
901 1110 929 1137 δὲ
947 1110 985 1143 ὡς

195 1167 204 1182 ι
223 1157 289 1191 Πρὶν
305 1156 439 1191 ἀλέκτορα
454 1156 589 1190 φωνῆσαι,
603 1157 662 1191 τρὶς
682 1157 828 1192 ἀπαρνήσῃ
845 1166 888 1192 με.
908 1168 916 1183 ι
931 1159 985 1184 Καὶ

190 1199 279 1238 εὗρεν,
294 1202 325 1228 οὐ
340 1202 388 1238 τὴν
403 1202 507 1228 οἰκείαν
522 1202 668 1237 ὑπόσχεσιν
684 1204 902 1239 περατουμένην,
916 1204 985 1231 ἀλλὰ

189 1249 236 1275 τοῦ
253 1247 388 1274 Δεσπὸτου
406 1247 603 1283 βεϐαιουμένην
630 1248 679 1283 τὴν
694 1249 855 1284 πρόρρησιν.
873 1249 905 1276 Ἢ
921 1250 984 1276 τού-

189 1303 244 1322 των
256 1295 337 1321 αὐτὸν
355 1294 502 1320 ἐδεδίττετο
518 1294 624 1329 μνήμη,
643 1295 689 1321 καὶ
705 1294 754 1321 οὑκ
773 1295 814 1321 εἴα
828 1295 984 1330 Θαρσα).ἐως

189 1342 239 1377 τὴν
250 1341 381 1376 ἀρμοδὶαν
398 1340 565 1375 προσφέρειν
576 1340 732 1375 ἀπόκρισιν.
743 1340 811 1366 Ἀλλ’
829 1341 918 1374 ὀξείας
934 1341 984 1376 μὲν

190 1388 237 1414 καὶ
250 1387 352 1422 πικρὰς
368 1386 477 1418 ἐδέξατο
492 1386 541 1418 τὰς
548 1386 658 1418 ἀκίδας·
672 1386 856 1422 παρεχώρησε
872 1387 899 1414 δὲ
908 1387 984 1422 ὅμως

189 1435 228 1470 τῷ
250 1435 373 1471 Δεσπότῃ
395 1434 443 1469 τῆς
467 1433 612 1468 γνώσεως’
636 1434 685 1460 οὐκ
706 1435 874 1466 ἀντιτείνων,
888 1434 926 1466 ὡς
953 1434 984 1461 τὸ

192 1483 336 1517 πρότερον,
357 1481 418 1507 οὐδὲ
443 1481 530 1515 λέγων
541 1489 548 1496 ·
572 1490 580 1505 ι
602 1480 662 1508 Κᾶν
678 1480 726 1518 δέῃ
743 1489 776 1517 με
793 1481 842 1508 σὺν
856 1482 897 1508 col.
915 1482 984 1508 ἀπο-

191 1528 292 1559 θανεῖν,
319 1528 349 1554 οὺ
383 1528 420 1563 μή
444 1536 474 1553 σε
497 1528 701 1563 ἀπαρνήσομαι.
723 1537 731 1553 ι
760 1527 841 1554 Ἀλλὰ
855 1527 907 1562 τῆς
934 1527 983 1562 μὲν

1037 295 1046 311 ι
1068 285 1152 314 Pasce
1170 294 1235 314 oves
1252 291 1357 314 meas“.
1373 297 1383 313 ι
1397 286 1454 321 Ego
1469 287 1557 319 enim,
1579 287 1628 319 ait,
1644 287 1749 313 nullius
1764 295 1825 314 sum

1035 331 1161 367 indigens
1177 341 1183 359 :
1200 333 1349 359 maximum
1365 340 1430 359 vero
1446 333 1609 360 beneficium
1632 334 1704 361 duco
1730 341 1824 360 curam

1035 379 1126 407 ovium
1143 386 1267 406 mearum
1280 400 1287 412 ,
1301 379 1571 413 sollicitudincmque
1586 388 1650 414 erga
1669 381 1730 408 illas
1746 381 1827 408 adhi-

1035 426 1120 453 bitam
1139 425 1167 453 in
1185 427 1319 461 meipsum
1335 426 1450 460 recipio.
1468 426 1583 460 Oportet
1598 427 1684 460 igitur
1697 432 1722 454 te
1739 427 1825 461 prori-

1036 471 1156 498 dentiam
1175 479 1235 499 eaut
1251 479 1303 506 qua
1322 472 1423 499 frueris
1446 473 1587 499 conservis
1607 473 1662 499 luis
1679 473 1824 507 impertiri,

1036 524 1138 551 eosque
1156 525 1280 552 pascere,
1302 517 1383 544 sicuti
1405 518 1540 552 pasceris,
1556 522 1582 544 et
1603 523 1632 544 ut
1647 519 1760 551 reperis,
1782 526 1826 545 re-

1037 570 1117 597 gere,
1139 567 1166 590 et
1189 563 1261 598 quod
1290 564 1357 590 mihi
1379 568 1522 599 acceptum
1546 564 1629 591 debes
1652 564 1826 595 beneﬁt-ium,

1037 616 1086 644 per
1110 609 1174 636 illos
1193 609 1354 644 rependere.
1369 609 1432 636 "me
1451 610 1550 636 iterum
1573 610 1755 644 interrogavit.
1771 609 1824 635 tto-

1038 654 1148 685 minus.
1175 659 1202 682 et
1229 655 1272 681 bis
1293 662 1408 689 magnus
1430 655 1574 689 respondit
1598 655 1714 685 Petrus,
1736 659 1763 682 et
1784 655 1826 681 bis

1038 701 1160 736 pastoris
1185 701 1390 728 ordinationem
1417 702 1550 735 suscepit.
1581 701 1730 733 Postquam
1761 708 1826 726 vero

1038 746 1120 773 tertia
1141 753 1251 780 quoque
1275 746 1382 780 adjecta
1408 751 1449 773 est
1470 746 1667 780 interrogatio,
1688 752 1743 771 non
1767 744 1825 779 pari

1036 792 1091 827 jam
1110 791 1211 818 ﬁducia
1226 795 1254 818 et
1271 792 1420 818 securitate
1436 791 1582 825 respondet
1599 791 1695 817 beatus
1718 789 1827 822 Petrus,

1039 837 1087 864 sed
1097 841 1124 864 et
1142 837 1242 863 timore
1252 837 1360 869 plenus,
1376 840 1403 863 et
1412 837 1504 863 animo
1516 836 1764 871 1308turltatus,
1778 843 1828 862 an-

1040 883 1124 918 gitur,
1143 883 1304 918 metuitque,
1321 882 1506 909 reformidans
1529 890 1562 909 ne
1585 882 1726 911 Dominus,
1745 882 1826 907 aliam

1036 930 1096 964 ejus
1107 930 1279 965 negationem
1296 928 1459 963 praevidens,
1478 928 1580 955 amoris
1596 928 1678 954 verba
1695 928 1826 954 derideat.

1037 975 1152 1003 Reﬁexit
1166 975 1238 1002 enim
1262 982 1324 1002 sese
1342 982 1419 1001 mens
1435 974 1468 1001 ad
1487 981 1517 1000 ea
1539 982 1599 1008 qum
1616 977 1825 1008 prmcesscrant,

1035 1023 1104 1049 etin
1125 1022 1285 1048 memoriam
1309 1021 1466 1052 revocavit,
1483 1028 1537 1054 quo
1563 1024 1642 1054 pacto
1667 1021 1723 1053 jam
1748 1025 1828 1047 antea

1037 1069 1136 1103 smpius
1153 1071 1350 1101 asscverasset,
1368 1067 1529 1101 magistrum
1545 1075 1574 1094 se
1591 1067 1624 1093 ad
1639 1072 1755 1093 mortem
1779 1074 1826 1093 ns-

1036 1123 1089 1149 que
1105 1122 1158 1141 non
1175 1114 1354 1146 relicturum,
1376 1113 1513 1140 audiisset
1531 1117 1636 1145 autem,
1651 1113 1723 1147 quod
1740 1113 1828 1147 prius-

1036 1167 1117 1196 quam
1134 1160 1223 1195 gallus
1239 1164 1373 1191 cantaret,
1388 1164 1430 1187 ter
1445 1159 1631 1194 abnegauit-us
1647 1167 1710 1186 eum
1729 1163 1802 1186 esset
1818 1169 1825 1187 :

1035 1214 1119 1241 reque
1137 1207 1195 1241 ipsa
1214 1205 1412 1240 comperisset,
1438 1213 1492 1231 non
1516 1204 1730 1239 promissionem
1746 1212 1826 1231 suam

1035 1260 1097 1280 esse
1110 1252 1273 1286 completam
1289 1272 1295 1281 .
1318 1251 1364 1279 sed
1381 1251 1587 1286 praedictionem
1604 1249 1710 1277 Domini
1725 1251 1828 1277 contir-

1035 1302 1149 1326 malam.
1163 1297 1285 1330 Quorum
1311 1297 1468 1324 recordatio
1483 1298 1581 1323 timore
1598 1297 1676 1322 illum
1694 1296 1827 1331 percelle-

1036 1345 1098 1377 bat.
1128 1352 1179 1371 nec
1205 1344 1381 1378 permittebat
1406 1351 1468 1370 cum
1493 1343 1665 1370 conlidenter
1686 1342 1757 1369 idem
1785 1350 1828 1370 re-

1035 1391 1181 1427 spondere.
1192 1389 1293 1416 Verum
1310 1389 1421 1416 aculeos
1431 1389 1540 1423 quidem
1559 1392 1704 1423 peracutus
1714 1394 1741 1415 et
1751 1395 1829 1415 acer-

1034 1436 1085 1464 bos
1102 1435 1238 1471 persensit
1254 1443 1261 1462 :
1281 1434 1463 1469 cognitionem
1481 1438 1570 1460 tamen
1596 1433 1713 1460 Domino
1729 1433 1826 1464 cessit.

1035 1491 1089 1512 non
1107 1486 1136 1510 ut
1154 1482 1230 1517 prius
1255 1482 1402 1513 resistens,
1427 1487 1518 1515 neque
1541 1479 1657 1507 dicens:
1680 1488 1689 1505 ι
1712 1479 1828 1507 Etiamsi

1035 1530 1187 1566 oportuerit
1204 1536 1247 1555 me
1270 1528 1339 1555 mori
1363 1531 1473 1557 tecum,
1490 1534 1544 1554 non
1571 1531 1598 1554 te
1622 1527 1778 1561 relinquam
1793 1530 1827 1560 νς

191 1574 300 1608 ἀγάπης
312 1573 392 1600 αὑτὸν
409 1573 480 1608 ἔχειν
494 1572 638 1607 συνίστορα
652 1573 764 1607 φάσκων
779 1573 823 1599 τὸν
834 1573 982 1609 Δεσπότην,

1036 1576 1083 1603 sed
1099 1574 1242 1601 charitatis
1261 1580 1318 1601 suae
1333 1572 1430 1599 dicens
1443 1571 1544 1599 habere
1568 1579 1597 1599 se
1615 1571 1759 1599 Dominum
1785 1572 1828 1607 ip-

191 1620 239 1652 τὴν
269 1618 371 1655 ἀκριϐῆ
394 1618 422 1644 δὲ
454 1618 508 1645 τῶν
523 1618 590 1645 ὅλων
617 1619 717 1653 γνῶσιν
735 1620 801 1654 παρ’
822 1620 896 1655 αὐτῷ
912 1617 980 1647 εἶναι

192 1665 266 1700 μόνῳ
279 1664 317 1699 τῷ
332 1665 430 1699 ποιητῇ
448 1663 500 1690 τῶν
519 1664 587 1690 ὅλων
603 1665 759 1700 ὁμολογῶν*
780 1675 789 1691 ι
810 1665 979 1702 Κύριε,γὰρ,

191 1708 253 1744 ἔφη,
270 1709 302 1734 σὺ
318 1709 406 1735 πάντα
417 1707 502 1740 οἶδας,
517 1710 548 1735 σὺ
567 1709 655 1736 πάντα
677 1710 837 1744 γινώσκεις,
859 1712 890 1737 σὺ
909 1709 982 1741 οἶδας

190 1756 231 1782 ὅτι
246 1755 315 1790 φιλῶ
336 1764 376 1782 σε.
400 1764 408 1780 ι
430 1755 492 1781 Ὅτι
515 1755 564 1787 μὲν
591 1755 644 1791 γὰρ
669 1756 749 1790 φιλῶ,
775 1755 918 1789 καὶοῖδας,
935 1759 982 1785 καὶ

193 1802 350 1836 μαρτυρεῖς,
378 1799 409 1826 El
438 1799 467 1825 δὲ
495 1800 542 1826 καὶ
561 1799 682 1836 διαμενῶ
695 1801 789 1834 φιλῶν,
814 1802 982 1838 σαφέστερον

190 1844 263 1877 οἶδας
279 1845 369 1876 αὐτὸς.
382 1845 464 1871 Οὐδὲν
482 1845 535 1880 γὰρ
547 1845 602 1879 ἐγὼ
614 1847 678 1882 περὶ
692 1847 745 1873 τῶν
763 1848 900 1883 ἐσομένων
915 1848 980 1883 ἐρῶ,

190 1892 250 1918 οὐδὲ
265 1892 450 1926 ζυγομαχήσω
467 1892 532 1932 περὶ
548 1888 586 1917 ὧν
601 1891 651 1918 οὑκ
682 1892 850 1926 ὲπίσταμαι’
880 1893 982 1929 ἔμαθον

191 1941 224 1975 τῇ
237 1939 318 1975 πείρᾳ
335 1939 372 1974 μὴ
387 1938 537 1972 ἀντιλέγειν
553 1938 591 1973 τῷ
607 1939 740 1974 Δεσπότῃ.
757 1940 792 1965 Σὺ
810 1940 838 1966 δὲ
852 1941 902 1975 τῆς
916 1941 982 1975 ἀλη-

192 1985 266 2017 οείας
290 1986 376 2020 πηγὴ,
396 1985 428 2011 σὺ
456 1985 505 2019 τῆς
527 1984 654 2019 γνώσεως
676 1985 812 2016 ἄϐυσσος·
843 1987 899 2017 τοῖς
928 1988 982 2019 σοῖς

191 2032 264 2067 ὅροις
273 2031 401 2066 ἐμμένειν
412 2030 577 2065 δεδίδαγμαι.
591 2030 676 2057 Τοῦτο
685 2031 715 2057 τὺ
725 2031 782 2062 δέος
794 2032 874 2058 αὑτοῦ
884 2032 983 2059 θεασά-

194 2086 273 2114 μενος
287 2078 300 2104 ὁ
311 2078 459 2112 Δεσπότης,
471 2078 520 2103 καὶ
531 2077 561 2103 τὸ
575 2077 687 2112 φίλτρον
699 2077 727 2103 δὲ
738 2077 859 2113 ἀκριῆῶς
871 2079 984 2105 ἐπιστά-

194 2132 284 2160 μενος,
302 2125 334 2159 τῇ
348 2123 546 2159 προαγορεύσει
561 2123 610 2158 τῆς
624 2123 752 2158 τελευτῆς
766 2123 822 2150 λύει
833 2124 879 2150 τὸν
891 2124 982 2158 φόϐον,

193 2170 240 2196 καὶ
255 2169 345 2196 δίδωσι
355 2170 387 2204 τῇ
397 2169 491 2205 ἀγάπῃ
516 2168 564 2204 τὴν
584 2168 746 2204 μαρτυρίαν,
762 2170 808 2195 καὶ
819 2169 866 2195 τοῦ
880 2170 984 2204 Πέτρου

193 2215 241 2251 τὴν
258 2215 404 2250 ὁμολογίαν
436 2215 525 2249 κυροῖ,
551 2214 598 2241 καὶ
619 2214 658 2249 τῷ
685 2214 759 2240 ’ἐλκει
779 2215 827 2250 τῆς
842 2215 983 2250 ἀρνήσεως

1033 1629 1093 1650 stttn
1127 1619 1282 1650 consciunt,
1323 1618 1514 1652 conﬁtensque
1545 1624 1637 1644 veram
1670 1621 1829 1650 certamque

1032 1671 1196 1695 cunctorum
1217 1664 1342 1692 notitiam
1364 1662 1436 1698 apud
1458 1663 1547 1697 ipsum
1572 1662 1661 1690 solum
1683 1663 1829 1690 universov

1031 1722 1094 1743 rum
1110 1713 1240 1739 factorem
1257 1718 1328 1738 esse.
1349 1719 1357 1735 ι
1381 1709 1495 1736 Domine
1509 1709 1594 1741 enim,
1616 1709 1665 1741 ait,
1687 1713 1715 1734 tu
1733 1709 1827 1735 omnia

1033 1758 1108 1791 seis,
1125 1760 1153 1783 tu
1170 1756 1225 1783 seis
1242 1754 1314 1790 quod
1332 1762 1394 1781 amo
1413 1759 1438 1781 te
1455 1758 1478 1780 ι.
1496 1753 1574 1786 Quod
1597 1754 1670 1780 enim
1686 1757 1711 1780 te
1727 1761 1827 1785 amem,

1032 1808 1059 1831 et
1072 1803 1139 1833 seis.
1156 1806 1182 1829 et
1199 1801 1387 1828 testimonium
1406 1800 1521 1836 puellas.
1537 1799 1567 1826 In
1580 1800 1725 1827 dilectione
1737 1804 1827 1827 autem

1033 1859 1067 1877 an
1079 1856 1276 1885 pertttansurus
1288 1847 1352 1878 sim,
1365 1847 1466 1874 clarius
1480 1847 1539 1882 ipse
1553 1847 1625 1873 nosti
1640 1856 1646 1874 :
1662 1847 1744 1872 niltil'
1754 1846 1827 1873 enirn

1033 1903 1083 1931 ego
1112 1895 1145 1922 dc
1173 1894 1275 1921 futuris
1300 1893 1433 1925 dixerint,
1463 1901 1550 1927 neque
1579 1894 1613 1919 de
1632 1893 1665 1920 iis
1690 1901 1750 1927 qum
1772 1900 1828 1920 non

1034 1943 1109 1974 novi,
1125 1941 1284 1972 decertabo,
1307 1940 1364 1974 ipsa
1381 1939 1480 1966 doetus
1496 1947 1555 1966 sum
1571 1939 1751 1974 experientia,
1773 1945 1828 1965 non

1033 1987 1225 2015 contradicere
1241 1984 1369 2012 Domino.
1385 1983 1426 2010 Tu
1450 1991 1516 2010 vero
1541 1983 1604 2010 fons
1630 1983 1773 2015 veritatis,
1799 1986 1828 2010 tu

1035 2031 1221 2067 intelligentiae
1238 2030 1353 2066 altyssus
1377 2039 1384 2057 :
1406 2029 1461 2057 luis
1480 2030 1609 2057 insistere
1628 2030 1741 2056 statutis
1760 2029 1828 2056 cdo—

1035 2083 1096 2108 ctus
1113 2086 1186 2106 sum.
1208 2076 1287 2104 Hunc
1318 2077 1379 2110 ejus
1408 2076 1532 2102 timorem
1562 2075 1657 2102 videns
1683 2074 1828 2106 Dominus,

1035 2132 1212 2160 amoremque
1224 2123 1331 2159 penitus
1340 2123 1513 2157 exploratum
1527 2122 1640 2152 habens,
1651 2122 1828 2156 praedictione

1036 2170 1132 2198 mortis
1150 2170 1232 2197 solvit
1250 2170 1387 2200 timorem,
1403 2171 1429 2194 et
1440 2167 1567 2194 cltaritati
1583 2167 1690 2202 1309
1702 2168 1828 2194 testimo-

1038 2216 1112 2242 nium
1139 2215 1263 2250 praebet,
1279 2213 1409 2248 Pettique
1425 2212 1628 2240 confessionem
1648 2214 1823 2245 corroborat,

193 2262 343 2297 προσφέρει
359 2261 410 2296 τῆς
436 2261 581 2296 ὁμολογίας
610 2260 640 2286 τὸ
662 2260 817 2297 φάρμακον.
837 2261 886 2287 Διὰ
907 2260 984 2287 τοῦτο

1036 2267 1062 2289 ct
1078 2261 1232 2296 negationis
1257 2261 1341 2288 ulceri
1365 2259 1550 2288 confessionis
1574 2260 1754 2295 pltarmaeum
1776 2260 1825 2287 ad-

193 2308 248 2344 γὰρ
269 2305 345 2342 οἶμαι
374 2308 420 2333 καὶ
443 2306 560 2342 τριπλῆν
571 2306 673 2341 ταύτην
697 2306 855 2342 ἀπῄτησεν
876 2307 918 2333 ἵνα
933 2307 986 2333 ἰσά-

196 2354 281 2389 ριθμα
295 2355 352 2385 τοῖς
364 2353 471 2380 ἕλκεσιν
487 2353 568 2388 ἐπιθῇ
585 2352 619 2379 τά
632 2352 778 2390 φάρμακα,
793 2354 840 2379 καὶ
855 2352 987 2389 γυμνώσῃ

193 2402 249 2432 τοῖς
261 2399 380 2435 παροῦσι
394 2399 447 2425 τῶν
463 2399 591 2435 μαθητῶν
621 2400 670 2434 τῆς
697 2399 806 2433 ἀγάπης
824 2399 872 2434 τὴν
889 2399 985 2432 φλόγα.

199 2447 231 2473 Ἥ
244 2447 333 2473 τοίνυν
349 2446 502 2482 πρόρρησις
522 2446 571 2481 τῆς
591 2445 731 2479 τελευτῆς,
751 2446 796 2472 καὶ
812 2446 857 2472 τὸν
884 2445 987 2480 Πέτρον

194 2492 378 2528 ἐψυχαγώγει,
392 2492 438 2518 καὶ
454 2492 517 2523 τοὺς
543 2491 638 2522 ἄλλους
654 2492 804 2522 ἐδίδασκεν,
828 2492 864 2522 ὡς
881 2493 986 2517 οἰκονος

196 2539 259 2574 μίας
271 2536 314 2575 ἦν,
328 2538 384 2565 ἀλλ’
400 2538 429 2564 οὑ
446 2537 558 2572 γνώμης
572 2538 588 2572 ἡ
605 2538 728 2572 ἄρνησις.
743 2537 798 2563 Καὶ
812 2537 891 2563 τοῦτο
904 2536 985 2567 αὐτὸς

194 2585 208 2610 ὁ
222 2584 318 2619 Σωτὴρ
334 2583 379 2610 καὶ
395 2583 496 2618 Κύριος
512 2582 592 2616 ἡμῶν
615 2582 735 2618 ᾐνίξατο,
764 2581 834 2615 πρὸς
852 2582 932 2608 αὑτὸν
949 2582 987 2607 ει-

197 2629 303 2665 ρηκὼς·
334 2639 342 2655 ι
370 2629 478 2664 Σίμων,
504 2629 615 2663 Σίμων,
640 2628 790 2663 ἐξῃτήσατο
821 2629 834 2653 ὁ
866 2628 988 2658 Σατανᾶς

197 2677 316 2703 σινιάσαι
334 2676 405 2711 ὑμᾶς
420 2676 457 2707 ὡς
471 2675 516 2702 τὸν
534 2677 617 2706 σῖτον,
635 2675 712 2708 κάγὼ
726 2675 837 2710 ἐδεήθην
854 2675 917 2710 περὶ
930 2675 987 2707 σοῦ,

197 2723 235 2750 {vs
253 2723 289 2758 μὴ
308 2722 405 2757 ἐκλίπῃ
421 2723 436 2757 ἡ
451 2722 541 2753 πίστις
566 2730 613 2748 σου
625 2729 631 2737 ·
648 2721 714 2748 ἀλλὰ
737 2722 783 2747 καὶ
801 2721 831 2747 σύ
850 2730 913 2747 ποτε
928 2721 987 2747 ἐπι‹

198 2769 259 2804 στρὲ
269 2769 325 2804 ξας,
341 2769 466 2803 στήριξον
480 2770 543 2800 τοὺς
559 2768 691 2803 ἀδελφούς
707 2777 766 2799 suo,
783 2778 792 2793 ›
810 2768 916 2803 Ὥσπερ
932 2768 986 2802 γὰρ

199 2816 264 2849 ἐγὼ,
291 2814 368 2850 φησι,
395 2814 573 2850 σαλευόμενον
601 2814 650 2849 οὐχ
669 2813 810 2850 ὑπερεῖίόν
835 2822 874 2845 σε,
901 2813 986 2845 οὕτως

237 2902 249 2915 ⁸
261 2907 341 2930 .loztu.
361 2911 415 2934 \'T\l,
436 2903 475 2929 25.

515 2907 526 2920 τ
544 2903 638 2930 .ttazttt.
653 2911 725 2937 nrt,
737 2903 782 2930 55.

823 2901 926 2930 xJoan.
942 2901 1055 2936 “1,17.

1037 2314 1136 2337 movet.
1155 2307 1196 2335 0h
1213 2308 1238 2334 id
1253 2307 1325 2334 enim
1342 2307 1469 2339 arbitror,
1486 2310 1513 2333 ct
1533 2307 1603 2333 hanc
1625 2306 1716 2340 exegit
1733 2302 1826 2340 tri'pli-

1036 2363 1105 2387 cent,
1124 2354 1238 2389 utparis
1264 2353 1370 2380 numeri
1388 2353 1586 2380 medicamenta
1611 2352 1751 2379 ulceribus
1775 2351 1828 2378 itu-

1038 2404 1135 2435 ponat,
1151 2399 1364 2434 discipulisque.
1380 2399 1426 2433 qui
1441 2398 1567 2430 aderant,
1586 2398 1734 2425 eharitatis
1748 2398 1826 2424 ﬂatu-

1038 2454 1110 2473 mam
1128 2445 1294 2472 manifestet.
1315 2443 1460 2471 l’rmdirtio
1482 2444 1574 2479 itaque
1590 2444 1686 2471 mortis
1699 2464 1706 2477 ,
1735 2448 1762 2471 et
1779 2443 1828 2471 Pe-

1038 2497 1109 2520 trum
1126 2492 1267 2518 consulatu
1282 2496 1334 2524 est,
1350 2497 1376 2518 et
1393 2491 1462 2518 alios
1477 2491 1581 2524 docuit,
1604 2491 1777 2526 negationem
1793 2491 1829 2518 il-

1035 2538 1088 2567 lam
1108 2538 1321 2572 dispensationis
1345 2537 1440 2570 fuisse,
1463 2546 1516 2565 non
1543 2538 1652 2565 mentis.
1672 2538 1760 2573 Atque
1777 2538 1829 2564 hoc

1037 2587 1095 2619 ipse
1107 2584 1233 2611 Salvator
1249 2588 1274 2611 et
1291 2584 1424 2611 Dominus
1438 2589 1531 2611 noster
1543 2585 1693 2610 insinuavit.
1704 2604 1711 2614 ,
1729 2584 1824 2611 dicens

1037 2630 1076 2657 illi
1099 2640 1106 2657 :
1128 2638 1136 2654 ι
1162 2630 1275 2662 Simon,
1302 2629 1415 2662 Simon,
1431 2638 1494 2656 ecce
1518 2629 1637 2656 Satanas
1655 2630 1828 2664 exprtivitttt

1040 2684 1087 2703 vos
1102 2676 1234 2703 cribrarct
1252 2677 1324 2702 sicut
1336 2676 1476 2708 triticum,
1494 2684 1544 2711 ego
1560 2681 1650 2703 autem
1673 2676 1763 2710 rogari
1780 2683 1829 2710 pro

1039 2727 1064 2750 te
1085 2727 1113 2749 ιιι
1129 2730 1181 2748 uou
1199 2721 1308 2748 deliriat
1325 2722 1392 2748 ﬁdes
1406 2726 1464 2753 tua.
1492 2726 1518 2748 et
1537 2726 1564 2748 tu
1587 2722 1735 2756 aliquando
1757 2730 1823 2748 cott-

1040 2775 1148 2798 versus,
1166 2766 1298 2793 conﬁrma
1315 2766 1413 2793 fratres
1432 2771 1494 2793 tuos
1506 2771 1532 2793 ῐ.
1556 2776 1564 2792 ι
1588 2766 1824 2799 Quemadmodqu

1040 2813 1126 2845 enim,
1142 2813 1189 2842 ait.
1209 2820 1259 2848 ego
1276 2816 1302 2839 te
1326 2811 1505 2840 ﬂuctuantem
1528 2820 1582 2841 non
1608 2812 1734 2848 despexi,
1751 2811 1787 2838 ita
1802 2815 1830 2838 et

1099 2905 1112 2926 1
1131 2901 1197 2928 Luc.
1219 2908 1284 2933 nn,
1301 2900 1345 2933 5|,
1364 2900 1408 2927 52.
