2064 3120
268 169 334 202 1511

739 169 981 200 THEODORETI
996 168 1165 200 EPISCOPI
1178 170 1362 201 CYRENSIS

1830 167 1894 199 151?.

264 234 292 252 :u
314 225 532 254 sustentaculum
569 229 630 253 esto
656 225 788 252 fratribus
814 224 999 256 conturbatis,
1027 228 1050 252 et

1108 224 1223 260 ἔρεισμα
1235 225 1313 260 γενοῦ
1332 225 1379 252 καὶ
1397 222 1499 257 σὶῖτοῖς
1519 225 1689 260 δονουμᾶνοις
1703 224 1758 252 τῶν
1774 224 1896 259 ἀδελφῶν

263 281 318 306 quo
334 275 460 300 servatus
476 280 506 299 es
523 272 629 299 auxilio
640 292 646 304 ,
665 271 724 306 ipse
739 271 799 298 aliis
823 271 975 305 impertire.
1004 278 1052 297 ue-

262 327 316 351 que
342 319 513 346 labascentes
536 317 657 352 impelle,
688 317 735 344 sed
751 317 825 351 erige
852 316 1050 351 periclitantes.

264 364 370 391 Idcirco
386 364 459 391 enim
473 368 499 390 et
511 367 537 390 te
550 363 642 390 labare
655 363 727 393 sino,
739 363 836 389 cadere
847 370 900 389 non
913 361 1051 396 permitto,

263 409 439 436 stabilitatem
456 417 504 444 per
518 413 545 436 te
559 408 756 435 ﬂuctuantibus
769 415 931 442 procurans.
947 407 993 434 Sic
1007 414 1052 434 or-

262 455 322 482 hem
342 459 476 482 terrarum
494 456 653 482 universum
665 454 843 481 ﬂuctuantem
859 458 942 488 atque
959 453 1052 480 laban-

263 507 316 528 tem
331 508 428 535 magna
444 501 500 528 hate
515 502 643 528 columna
660 501 844 530 conlirmavit,
855 506 882 527 et
895 505 923 526 ut
938 507 1051 526 corrue-

263 551 304 573 ret
317 547 430 574 omnino
450 554 506 574 non
526 547 661 582 permisit,
688 547 736 574 sed
751 547 849 577 erexit,
872 546 1052 580 stabilemque

262 593 392 626 reddidit,
408 601 474 621 oves
491 593 599 620 divinas
616 601 728 628 pascere
752 593 858 628 jussus,
874 597 901 620 et
925 600 987 619 cum
1003 600 1052 627 pro

263 640 323 674 ipso
357 639 511 667 afﬁceretur
541 639 651 674 injuriis
676 640 821 670 tolerabat,
844 643 871 665 et
894 638 1052 665 verberibus

261 694 351 714 caesus
367 686 519 718 laetabatur,
535 686 684 720 exicasque
695 694 727 712 ex
745 693 829 720 pravo
842 685 972 716 concilio,
985 692 1048 711 cum

262 736 390 760 consorte
405 731 562 767 gaudebat,
577 731 649 766 quod
665 731 776 758 habitus
791 734 865 757 esset
885 730 985 765 dignus
1004 736 1053 763 pro

263 778 374 805 nomine
384 777 684 805 Dominicontumelias
699 777 784 812 patil.
801 776 871 809 Quin
884 779 911 803 ct
921 776 947 802 in
961 783 1052 802 carce-

263 830 309 849 res
334 822 488 857 conjectus,
508 829 563 856 [WB
589 821 691 856 gaudio
719 821 865 856 gestiebat.
888 819 1012 855 Cumque
1036 827 1052 846 a

263 867 369 895 Nerone
386 867 476 894 crucis
495 867 601 902 1310
612 867 748 902 supplicio
761 870 874 901 propter
889 866 1051 892 cruxiﬁxum

1107 280 1164 302 σου,
1181 272 1227 298 καὶ
1243 269 1277 308 ἧς
1287 271 1433 302 ἀπολαύεις
1461 270 1622 306 ἐπικουρίας
1640 270 1752 306 μετάδος
1765 279 1772 286 ·
1795 271 1841 297 καὶ
1859 270 1896 304 μὴ

1105 317 1185 348 ὠθεῖς
1197 317 1259 348 τοὺς
1275 317 1488 349 ὀλισθαίνοντας,
1499 316 1715 351 ἀλλ’ἀνάστησον
1730 316 1897 343 κινδυνεύον-

1105 372 1166 394 τας.
1189 363 1289 390 Τούτου
1314 364 1368 398 γάρ
1394 371 1424 389 σε
1449 363 1527 397 χάριν
1552 363 1599 389 καὶ
1627 363 1813 398 προσπταῖσαι
1833 370 1897 395 συγ

1105 409 1198 445 χωρῶ,
1212 411 1260 436 καὶ
1274 411 1368 436 πεσεῖν
1385 410 1436 436 οὐκ
1451 409 1500 440 to,
1526 409 1621 435 στάσιν
1637 409 1693 439 τοῖς
1707 408 1896 442 σαλευομένοις

1104 456 1149 483 διὰ
1166 455 1211 482 σοῦ
1231 455 1436 490 μηχανώμενος.
1449 454 1526 481 Οὕτω
1540 455 1590 489 τὴν
1606 453 1768 488 οἰκουμένην
1786 454 1898 479 σαλευο-

1107 501 1191 536 μένην
1202 502 1215 528 ὁ
1229 501 1314 536 μέγας
1339 499 1416 532 οὗτος
1444 499 1539 531 στύλος
1555 500 1696 535 ἐπήρεισε,
1715 499 1764 526 καὶ
1775 507 1897 525 1:111:5-

1106 548 1162 574 σεῖν
1173 548 1223 574 οὐκ
1235 547 1309 573 εἴασε
1323 546 1472 578 παντελῶς,
1490 545 1712 581 ἀλλ’ἀνὼρθωσε,
1724 545 1773 572 καὶ
1789 546 1897 580 ἑδραίαν

1105 593 1239 627 ἀπέφηνε,
1257 593 1303 619 καὶ
1316 593 1449 626 ποιμᾶναι
1461 591 1495 618 τὰ
1514 591 1573 617 Osi:
1597 591 1722 626 πρόϐατα
1741 590 1896 621 κελευσθεὶς

1105 638 1154 664 καὶ
1168 629 1464 673 παροψώμενος-ὑπὲρ
1490 637 1584 664 τούτου
1608 637 1742 672 ἠνείχετο,
1763 637 1811 663 καὶ
1825 637 1898 663 αἰκι-

1106 682 1218 717 ζόμενος
1233 683 1320 718 ἥδετο.
1338 683 1394 709 Καὶ
1409 681 1489 714 ἐξιὼν
1505 683 1538 708 ὲκ
1554 681 1602 708 τοῦ
1622 681 1742 717 πονηροῦ
1759 681 1897 716 συνεδρίου

1107 729 1154 755 σὺν
1167 728 1206 762 τῷ
1229 727 1357 763 ὁμοζύγῳ
1379 727 1499 763 ἔχαιρεν,
1520 727 1562 754 ὅτι
1586 726 1744 762 κατηξιώθη
1767 726 1837 761 ὑπὲρ
1851 726 1897 753 τοῦ

1105 774 1235 809 ὀνόματος
1250 773 1296 800 τοῦ
1311 774 1446 800 Δεσπότου
1461 773 1657 808 ἀτιμασθῆναι.
1673 773 1728 798 Καὶ
1742 773 1782 803 εἰς
1794 773 1898 807 δεσμω-

1105 821 1188 856 τήρια
1196 819 1224 846 δὲ
1243 819 1416 855 βαλλόμενος,
1429 819 1569 853 ὲγάννυτο,
1585 818 1632 844 καὶ
1649 817 1821 853 εὐφραίνετο.
1844 818 1898 844 Καὶ

1106 866 1200 901 ἐπειδὴ
1216 866 1267 892 ὑπὸ
1280 866 1405 901 Νέρωνος
1421 865 1469 900 τὴν
1483 865 1527 892 διὰ
1541 863 1659 899 σταυροῦ
1675 863 1744 899 ὑπὲρ
1753 863 1800 889 τοῦ
1817 871 1898 889 σταυ-

263 913 408 940 damnatus
420 916 493 940 esset
506 932 513 944 ,
531 912 644 940 lictores
659 913 756 939 orabat
768 920 802 939 ne
818 911 913 939 eodem
930 919 984 946 quo
1001 911 1050 938 Do-

1105 913 1237 948 ρωοέντος
1254 911 1437 946 κατεδικάσθη
1463 911 1582 947 σφαγὴν,
1606 910 1760 946 παρεκάλει
1771 911 1835 941 τοὺς
1852 909 1899 943 δη-

262 959 354 986 Ininus
372 959 453 985 modo
474 959 695 993 cruciﬁgeretur,
713 958 760 985 sed
779 964 874 984 contra
901 962 984 991 atque
1008 957 1052 984 ille

261 1004 478 1039 suspenderetur
501 1015 506 1032 :
526 1011 652 1031 metuens
672 1005 821 1034 videlicet,
843 1011 876 1030 ne
901 1002 1052 1030 similitudo

261 1050 400 1084 passionis
417 1049 550 1084 aequalem
573 1049 624 1076 sibi
642 1053 712 1084 apud
733 1049 843 1083 ignaros
859 1048 990 1074 honorem
1012 1046 1053 1073 af-

262 1094 356 1120 ferret.
381 1093 530 1128 Propterea
551 1101 650 1120 manus
668 1093 808 1124 deorsum,
831 1091 913 1127 pedes
941 1099 1051 1125 sursum

260 1139 331 1175 alIigi
344 1141 460 1175 rogavit.
471 1138 604 1166 Ultimum
617 1142 626 1151 '
640 1140 713 1166 enim
728 1139 817 1166 locmn
832 1146 886 1165 non
902 1139 928 1164 in
949 1138 1052 1164 honore

260 1186 361 1217 solum,
392 1193 487 1213 verum
507 1185 590 1213 etiam
621 1185 648 1212 in
675 1185 824 1219 opprobrio
853 1189 880 1211 et
903 1183 1052 1219 ignominia

261 1232 365 1267 eligere
382 1231 490 1259 didicit.
507 1231 585 1264 Quod
612 1231 635 1258 si
658 1231 740 1258 etiam
762 1230 854 1257 decies
873 1234 897 1256 et
918 1230 1053 1264 quinqua-

260 1278 318 1312 gies
343 1281 458 1304 mortem
480 1277 551 1304 hanc
573 1277 668 1304 subire
689 1277 832 1308 licuisset,
858 1283 965 1303 summa
991 1283 1052 1302 cum

262 1323 400 1358 voluptate
421 1323 515 1350 divino
552 1331 706 1351 succensus
744 1329 838 1349 amore
869 1321 1051 1356 suscepisset.

263 1369 320 1397 Hoc
339 1374 429 1397 autem
449 1373 476 1397 et
487 1369 597 1397 divinus
612 1369 713 1396 clamat
726 1369 839 1400 Paulus,
853 1376 927 1395 nunc
941 1367 1052 1402 quidem

261 1413 356 1442 dicens
375 1423 383 1441 :
405 1423 414 1440 ι
436 1413 564 1447 Quotidie
585 1414 691 1441 morior
712 1421 760 1448 per
782 1417 901 1441 vestram
924 1413 1051 1448 gloriam,

261 1467 342 1495 quam
356 1460 442 1487 habeo
455 1460 481 1486 in
495 1459 606 1488 Christo
623 1459 689 1487 Jesu
706 1465 727 1493 ';
744 1467 818 1486 nunc
831 1466 897 1486 vero
912 1468 919 1486 :
941 1468 950 1484 ‹
973 1459 1053 1486 Chri-

262 1510 305 1532 sto
324 1505 450 1532 conﬁxus
471 1513 531 1533 sum
554 1506 652 1536 cruci:
673 1505 736 1532 vivo
754 1511 805 1540 ego
826 1504 883 1539 jam
909 1511 964 1531 non
990 1510 1050 1539 ego,

261 1551 329 1578 vivit
346 1558 410 1578 vero
422 1551 448 1577 in
463 1559 506 1579 me
517 1551 644 1579 Christus
663 1551 687 1579 δ.
710 1560 719 1577 ι

297 1595 424 1622 Divinum
437 1595 520 1630 igitur
535 1603 655 1623 amorem
676 1595 833 1630 quicunque
855 1594 982 1630 suscipit,
995 1598 1050 1622 ter-

263 1645 329 1664 rena
348 1638 431 1665 simul
447 1639 538 1665 omnia
556 1646 606 1674 pro
630 1639 716 1666 nihilo
733 1638 826 1670 ducit,
843 1639 1051 1674 voluptatesque

261 1684 384 1718 corporis
399 1691 494 1711 omnes
510 1684 599 1711 calcat
609 1704 617 1718 ,
636 1684 757 1717 divitias,
776 1687 803 1711 et
816 1684 943 1719 gloriam,
956 1688 984 1712 et
997 1684 1051 1711 bu-

261 1737 373 1757 manum
388 1730 522 1757 honorem
537 1730 654 1765 spernit,
667 1729 702 1757 ab
724 1736 888 1758 aranearum
903 1729 967 1757 telis
978 1729 1048 1756 nihil

261 1775 370 1802 diﬂ'erre
382 1775 502 1810 regalem
515 1782 665 1810 purpuram
680 1775 830 1806 existimat,
841 1775 976 1810 pretiosos
987 1782 1053 1810 quo-

261 1828 314 1854 que
331 1820 435 1854 lapides
450 1820 572 1846 littorum
587 1820 703 1847 calculis
725 1820 880 1856 aequiparat
893 1828 899 1846 :
913 1828 968 1847 non
986 1820 1051 1848 bea-

262 1870 316 1892 tam
329 1864 482 1892 habendam
497 1869 591 1892 censet
603 1865 730 1900 corporis
745 1866 903 1898 sanitatem,
917 1874 967 1893 nec
977 1866 1052 1893 cala-

262 1912 383 1938 mitatem
411 1910 536 1937 morbum
561 1915 652 1943 vocat,
678 1919 767 1946 neque
792 1911 982 1939 infelicitatem
1003 1919 1051 1947 ap-

262 1957 346 1992 pellat
359 1960 559 1992 paupertatem,
574 1964 663 1992 neque
673 1957 778 1985 divitiis
794 1965 826 1984 ac
838 1957 945 1986 deliciis
964 1958 1051 1986 felici-

261 2007 345 2029 tatem
363 2003 476 2030 metitur
492 2011 500 2030 :
517 2003 565 2030 sed
581 2002 740 2031 ﬂuvialibus
765 2004 855 2038 aquis,
869 2004 1007 2039 plantalas
1023 2004 1050 2032 in

261 2048 329 2083 ripis
346 2048 460 2076 arbores
476 2048 735 2084 praeter-ﬂuentibus,
753 2054 780 2077 et
796 2050 829 2076 ad
842 2051 943 2077 nullam
956 2058 1050 2078 earum

261 2093 491 2126 subsistentibus,
514 2094 606 2121 simile
630 2094 728 2121 horum
749 2095 852 2130 1311
875 2096 1051 2130 unumquod-

260 2146 313 2173 que
332 2138 420 2166 videri
448 2139 546 2166 merito
568 2140 730 2167 arbitratur.
752 2140 813 2168 Pari
832 2141 904 2168 enim
926 2143 1005 2168 tnodo
1025 2145 1050 2168 et

262 2189 422 2220 paupertas,
446 2190 473 2212 et
489 2185 603 2219 divitiae,
622 2190 650 2214 et
675 2187 791 2218 sanitas,
812 2191 839 2214 ct
857 2187 980 2220 morbus,
1003 2188 1051 2215 ho-

261 2238 364 2266 rtorque
387 2235 414 2258 et
433 2231 594 2266 ignominia,
608 2235 636 2258 et
651 2231 703 2258 alia
718 2239 887 2267 qumcunque
902 2232 1048 2259 humanam

260 2280 384 2303 naturam
400 2280 630 2311 praetercurrunt,
651 2284 704 2304 non
721 2285 831 2313 semper
848 2278 918 2313 apud
935 2278 1044 2305 eosdem

259 2330 370 2350 manere
386 2322 608 2357 conspiciuntur,
632 2323 680 2351 sed
699 2332 875 2359 possessores
899 2333 965 2353 suos
987 2333 1048 2360 per-

260 2373 378 2399 mutant,
402 2374 429 2395 et
449 2369 482 2395 ab
498 2369 562 2396 aliis
586 2369 620 2396 ad
644 2369 713 2397 alios
736 2375 868 2406 perpetuo
893 2375 1045 2399 transeunt.

258 2414 334 2442 Multi
351 2413 486 2448 siquidem
501 2422 533 2442 ex
546 2415 684 2451 opulentia
699 2417 725 2444 in
736 2421 885 2444 extremam
902 2422 1048 2453 pauperta-

259 2464 311 2487 tem
327 2459 477 2487 decidunt:
496 2461 579 2489 multi
599 2467 697 2490 contra
714 2471 746 2491 ex
763 2464 932 2498 pauperibus
956 2465 983 2491 in
1007 2464 1048 2491 di-

258 2503 343 2530 vitum
360 2512 505 2532 numerum
521 2508 733 2535 transccndunt.
749 2508 860 2536 Morbus
873 2517 949 2541 vero,
962 2515 989 2536 et
1007 2517 1048 2537 sa-

258 2547 330 2574 nitas
339 2555 386 2582 per
399 2550 500 2581 omnia.
510 2555 540 2577 ut
553 2552 636 2579 verbo
645 2553 744 2586 dicam,
755 2560 871 2588 corpora
882 2555 1047 2588 pervadunt,

258 2596 314 2620 tum
335 2601 395 2628 quae
411 2594 480 2623 fame
495 2603 668 2632 premuntur,
686 2603 742 2626 tum
757 2607 817 2635 quae
833 2599 939 2628 deliciis
958 2600 1048 2628 indul«

293 2685 305 2700 ι
319 2682 381 2710 Act.
399 2691 424 2717 v,
440 2684 483 2711 41.

522 2691 533 2705 ο
548 2684 556 2711 Ι
574 2685 638 2713 Cor.
659 2695 704 2718 xv,
722 2688 766 2714 51.
806 2688 921 2718 bGalat.
937 2698 967 2722 ll,
982 2689 1029 2717 ‘20.

1106 958 1196 993 μίους,
1231 958 1267 993 μὴ
1294 958 1334 992 τῷ
1363 958 1486 993 Δεσπότῃ
1512 957 1723 992 παραπλησίως,
1744 955 1782 990 τῷ
1798 956 1896 990 ξκρῖῳί

1104 1004 1331 1040 προσηλωθῆναι·
1347 1004 1448 1035 δείσας,
1468 1003 1506 1035 ὼς
1527 1003 1610 1035 εἰκὸς,
1641 1002 1707 1037 μὴὴ
1724 1002 1771 1028 τοῦ
1795 1001 1898 1032 πάθους

1105 1051 1248 1085 ταυτότης,
1267 1050 1323 1076 ἴσον
1337 1050 1410 1084 αὑτῷ
1428 1048 1504 1086 παρὰ
1530 1049 1584 1075 τῶν
1609 1049 1732 1083 ἀνοήτων
1745 1047 1897 1079 εἰσενέγκοι

1103 1096 1133 1122 τὸ
1146 1097 1240 1131 γέρας.
1253 1095 1303 1121 Διὰ
1319 1095 1398 1121 τοῦτο
1410 1095 1485 1121 κάτω
1502 1093 1713 1130 προσηλωθῆναι
1724 1093 1773 1124 τὰς
1790 1094 1896 1127 χεῖρας.

1104 1143 1151 1168 καὶ
1167 1143 1223 1169 ἄνω
1237 1143 1300 1173 τοὺς
1317 1141 1398 1172 πόδας
1425 1141 1540 1167 ἱκέτευε.
1560 1140 1596 1166 Τὸ
1611 1139 1664 1175 γὰρ
1682 1140 1797 1174 ἔσχατον
1813 1140 1898 1174 αἱρεῖ-

1104 1188 1176 1220 σθαι,
1187 1188 1236 1214 οὐκ
1253 1187 1282 1214 ἐν
1296 1189 1328 1222 τῇ
1354 1188 1420 1222 τιμῇ
1446 1187 1537 1222 μόνον,
1562 1186 1630 1213 ἀλλὰ
1650 1187 1698 1212 καλ⁸
1714 1187 1741 1211 ἐν
1754 1186 1786 1220 τῇ
1802 1185 1897 1221 ἀτιμία

1105 1233 1276 1269 μεμάθηκεν,
1293 1233 1324 1259 El
1347 1233 1375 1259 δὲ
1400 1233 1447 1260 καὶ
1471 1232 1592 1264 δεκάκις,
1608 1232 1655 1258 καὶ
1672 1232 1894 1266 πεντηκοντακις,

1103 1278 1196 1305 τοῦτον
1217 1279 1362 1313 ὑπομεῖναι
1375 1278 1420 1305 τὸν
1433 1278 1549 1305 θάνατον
1565 1275 1622 1304 οἷόν
1636 1286 1666 1304 τε
1681 1276 1715 1313 ἦν
1741 1277 1849 1309 ἐδέξατο
1865 1278 1896 1303 ἂν

1111 1322 1181 1357 μετὰ
1203 1323 1294 1358 πάσης
1309 1323 1415 1359 ἡδονῆς,
1432 1322 1471 1358 τῷ
1484 1323 1548 1358 Θειῳ
1576 1322 1800 1358 πυρπολούμενος
1811 1321 1894 1358 πὸῡῳ.

1103 1368 1189 1395 Τοῦτο
1202 1368 1230 1395 δὲ
1252 1369 1300 1395 καὶ
1323 1369 1337 1395 ὁ
1365 1368 1436 1400 θεῖος
1463 1368 1570 1400 Παῦλος
1584 1368 1643 1404 βοᾷ,
1660 1368 1708 1396 νῦν
1724 1369 1774 1404 μὲν
1789 1368 1893 1402 λέγων·

1107 1424 1116 1441 t
1128 1415 1296 1450 Καθημέραν
1307 1414 1523 1451 ἅποθνήσκω,νὴ
1534 1415 1583 1450 τὴν
1599 1415 1737 1451 ὑμετέραν
1750 1415 1894 1451 καύχησιν.

1103 1460 1136 1496 ἢν
1151 1460 1204 1496 ἔχω
1218 1461 1247 1487 ὲν
1261 1460 1371 1496 Χριστῷ
1390 1460 1494 1496 Ἰησοῦ·
1515 1470 1525 1488 ι
1543 1461 1590 1489 νῦν
1603 1461 1647 1488 δέ·
1664 1471 1673 1487 ι
1693 1462 1805 1497 Χριστῷ
1828 1470 1887 1488 συν-

1103 1506 1292 1543 εσταύρωμαι.
1319 1507 1362 1534 Ζῶ
1384 1507 1413 1534 δὲ
1433 1507 1484 1534 οὐκ
1513 1507 1553 1534 ἔτι
1577 1507 1644 1542 ἐγὼ,
1675 1508 1708 1543 ζῇ
1738 1508 1765 1535 δὲ
1784 1509 1814 1535 ἐν
1834 1509 1893 1544 ἐμοὶ

1104 1553 1252 1589 Χριστός.»

1139 1598 1242 1625 Οὐκοῦν
1254 1599 1268 1624 ὁ
1282 1599 1328 1626 τὸν
1356 1598 1446 1635 ἔρωτα
1463 1600 1509 1626 τὸν
1526 1599 1597 1626 θεῖον
1614 1598 1770 1636 δεξάμενος,
1788 1600 1892 1627 πάντων

1111 1643 1159 1678 μὲν
1174 1643 1239 1678 ὁμοῦ
1254 1642 1308 1669 τῶν
1323 1644 1424 1678 γηΐνων
1445 1645 1619 1680 καταφρονεῖ,
1642 1647 1722 1671 πατεῖ
1739 1646 1767 1671 δὲ
1790 1646 1894 1677 ἁπάσας

1101 1689 1150 1720 τὰς
1173 1688 1219 1716 τοῦ
1252 1688 1376 1724 σώματος
1405 1690 1517 1723 ἡδονάς·
1551 1691 1674 1725 ὑπερορᾷ
1702 1691 1820 1717 πλούτου
1848 1692 1896 1718 καὶ

1101 1734 1191 1768 δόξης,
1207 1734 1254 1760 καὶ
1275 1735 1324 1769 τῆς
1351 1735 1425 1771 παρὰ
1452 1735 1604 1772 ἀνθρώπων
1625 1737 1723 1772 τιμῆς·
1759 1737 1894 1772 ἀραχνίων

1101 1781 1177 1808 οὐδὲν
1189 1780 1326 1816 διαφέρειν
1336 1781 1521 1817 ὑπο).αμ6άνει
1529 1781 1576 1818 τὴν
1585 1782 1727 1818 βασιλικὴν
1739 1783 1893 1818 ἁλουργίδα·

1101 1826 1165 1857 τοὺς
1196 1825 1353 1857 πολυτελεῖς
1374 1826 1428 1853 τῶν
1458 1827 1540 1854 λίθων
1566 1829 1627 1860 ταῖς
1655 1829 1732 1864 παρὰ
1748 1829 1797 1860 τὰς
1814 1829 1896 1864 δχῡας

1102 1870 1246 1902 ἀπεικάζει
1273 1870 1403 1905 ψηφίσιν·
1445 1872 1475 1898 οὑ
1509 1873 1684 1908 μακαριστὴν
1714 1874 1821 1909 ἡγεῖται
1847 1874 1895 1909 τὴν

1103 1915 1197 1950 ὑγείαν
1213 1916 1259 1942 τοῦ
1274 1917 1411 1952 σώματος,
1425 1918 1485 1945 οὐδὲ
1502 1919 1646 1954 συμφορὰν
1665 1920 1715 1954 τὴν
1740 1920 1817 1947 νόσον
1829 1921 1896 1947 απο-

1102 1961 1191 1993 καλεῖ,
1220 1963 1280 1989 οὐδὲ
1301 1963 1469 1999 δυσπραξίαν
1494 1965 1544 2000 τὴν
1574 1966 1668 1993 πενίαν
1684 1968 1893 2002 προσαγορεύει,

1101 2007 1161 2033 οὐδὲ
1175 2007 1283 2044 πλούτῳ
1298 2009 1345 2035 καὶ
1362 2011 1450 2045 τρυφῇ
1467 2010 1516 2046 τὴν
1548 2011 1722 2047 εὺίαιμονίαν
1749 2014 1870 2048 ὁρίζεται
1886 2021 1892 2027 “

1102 2053 1169 2079 ἀλλὰ
1187 2054 1331 2088 ποταμίοις
1347 2055 1475 2090 ῥεύμασι,
1495 2057 1530 2082 τὰ
1551 2059 1822 2094 παραπεφυτευμένα
1837 2061 1895 2090 ταῖς

1101 2097 1194 2132 ὄχθαις
1205 2100 1391 2134 παραῤῥέουσι
1408 2101 1515 2136 δένδρα,
1534 2104 1583 2129 καὶ
1597 2103 1665 2139 πρὸς
1680 2104 1775 2131 οὐδένα
1793 2105 1893 2132 τούτων

1103 2143 1267 2179 ἱσταμένοις,
1296 2145 1341 2172 ἀεὶ
1367 2146 1486 2174 ἐοικέναι
1516 2148 1618 2176 τούτων
1645 2149 1761 2177 ἕκαστον
1787 2151 1894 2186 ἡγεῖται

1102 2189 1200 2221 καλῶς.
1223 2190 1340 2225 Ὁμοίως
1366 2192 1420 2228 γὰρ
1449 2193 1496 2220 καὶ
1525 2194 1605 2222 πενία
1633 2197 1680 2223 καὶ
1694 2196 1821 2228 πλοῦτος,
1847 2198 1893 2223 καὶ

1102 2235 1182 2269 ὑγεία
1197 2237 1245 2262 καὶ
1260 2237 1346 2270 νόσος,
1362 2241 1427 2275 τιμή
1447 2249 1476 2266 τε
1493 2241 1540 2268 καὶ
1555 2242 1663 2277 ἀτιμία,
1682 2243 1730 2269 καὶ
1741 2243 1893 2273 τᾶλ).α,ὂσα

1101 2282 1155 2308 τῶν
1167 2283 1319 2318 ἀνθρώπων
1335 2286 1501 2321 παρατρέχει
1527 2287 1576 2322 τὴν
1588 2287 1679 2322 φύσιν,
1697 2289 1727 2315 οὐ
1746 2290 1823 2324 παρὰ
1839 2291 1892 2318 rei;

1101 2329 1192 2361 αὐτοῖς
1202 2330 1245 2356 ἀεὶ
1262 2330 1377 2364 μένοντα
1401 2332 1554 2367 θεωρεῖται,
1585 2334 1654 2361 ἀλλὰ
1675 2335 1741 2366 τοὺς
1756 2336 1892 2370 κεκτημέ-

1101 2383 1162 2406 νους
1179 2375 1338 2410 ἀμείϐοντα,
1361 2377 1409 2403 καὶ
1435 2377 1464 2411 ἐξ
1477 2377 1565 2405 ἄλλων
1589 2379 1629 2410 εις
1649 2379 1748 2412 ἄλλους
1761 2380 1893 2415 διηνεκῶς

1103 2421 1309 2456 μεταϐαίνοντα.
1335 2423 1430 2449 Πολλοὶ
1456 2423 1506 2458 μὲν
1528 2424 1583 2459 γὰρ
1606 2424 1635 2456 ἐξ
1655 2425 1790 2461 εὐπορίας
1810 2434 1892 2460 μετα-

1102 2467 1246 2494 πίπτουσιν
1262 2469 1301 2500 εἰς
1314 2469 1408 2495 πενίαν
1422 2469 1540 2505 ἐσχάτην
1551 2478 1558 2485 ⁸
1572 2470 1664 2497 πολλοὶ
1681 2470 1708 2497 δὲ
1724 2472 1757 2498 ἐκ
1767 2472 1893 2507 πενήτων

1098 2513 1138 2543 είς
1155 2512 1202 2538 τὸν
1226 2512 1280 2538 τῶν
1298 2512 1433 2541 πλουσίων
1457 2515 1607 2549 κατάλογον
1629 2516 1818 2543 ἀναϐαίνουσι.
1839 2517 1891 2543 Καὶ

1097 2558 1174 2589 νόσος
1190 2557 1229 2590 δὲ,
1260 2558 1307 2585 καὶ
1333 2559 1411 2594 ὑγεία
1435 2560 1478 2587 διὰ
1506 2561 1627 2594 πάντων,
1647 2561 1686 2593 ὠς
1705 2561 1772 2593 ἔπος
1793 2562 1888 2593 εἰπεῖν,

1100 2603 1247 2637 σωμάτων,
1279 2605 1325 2630 καὶ
1353 2605 1507 2634 πεινώντων
1531 2607 1578 2633 χαὶ
1599 2606 1780 2642 τρυφώντων,
1794 2607 1889 2634 ὁδεύει.

888 2766 1004 2794 νΛΒΙιλΕ
1030 2768 1231 2797 LECTIONES.

291 2830 298 2882 Il
314 2830 644 2882 Eleusiniamdubita-tione
669 2834 801 2882 lrescripsi
820 2844 827 2868 ;
846 2834 1118 2882 αἱἰδίῳ’.ξιιιιριῑεςοὶιιιιε
1146 2839 1263 2866 habebat
1290 2840 1373 2868 editio
1387 2840 1537 2870 Sirmontli.
1553 2841 1596 2877 Τῷ
1614 2843 1696 2878 ίκρίῳ
1712 2844 1894 2882 προσηλωθῆ-

254 2874 297 2893 ναι
313 2867 464 2902 frequentat
481 2872 583 2900 noster,
599 2873 626 2894 ut
643 2869 674 2895 ad
689 2867 830 2904 psnlaxxu,
846 2870 897 2898 201
908 2867 989 2898 alibi.
