2064 3120
168 213 236 247 1513

564 213 705 243 ORATIO
724 213 773 243 DE
793 211 925 243 DIVINA
939 210 984 241 ΕΤ
1005 210 1147 241 ΞΑΝΟΤΑ
1165 210 1391 241 CIIARITATE.

1185 99 1195 113 ι

1727 211 1794 244 1514

172 270 268 308 ’Δρετὴ
285 271 313 298 δὲ
329 271 375 298 καὶ
390 270 544 306 φιλοσοφία,
563 273 630 307 μόνη
653 271 728 306 μένει
745 270 865 305 ἀγαθῶν.
882 268 956 304 Νικᾷ

1013 272 1079 304 gent.
1091 268 1183 296 Virtus
1196 273 1286 296 autem
1301 273 1328 296 et
1339 268 1511 304 philosophia
1523 268 1620 297 stabile
1639 273 1682 297 est
1692 269 1794 298 bonum

167 317 220 353 γὰρ
236 318 283 344 καὶ
304 317 404 354 λῃστοῦ
422 319 527 353 χεῖρας,
551 320 597 344 καὶ
627 318 796 352 συκοφάντου
816 316 952 352 γλῶσσαν,

166 365 215 393 καὶ
229 363 386 399 πολεμικῶν
404 364 488 398 βελῶν
502 363 549 390 καὶ
565 363 685 398 δοράτων
697 363 810 397 νιφάδας
824 371 830 377 ·
844 362 875 389 οὐ
886 362 955 396 γίνε-

166 418 212 437 ται
225 408 343 445 πυρετοῦ
360 408 561 444 παρανάλωμα,
577 408 638 434 οὐδὲ
655 407 788 439 κλύδωνος
804 408 953 442 πάρεργον,

166 457 226 484 οὐδὲ
241 456 370 489 ναυαγίου
383 454 477 490 ζημία.
493 454 599 489 Ταύτης
613 455 627 481 ὁ
642 455 737 490 χρόνος
753 454 804 481 οὐκ
824 455 952 489 ἀφαιρεῖ-

166 512 222 533 ται,
238 502 294 528 ἀλλ’
309 501 385 534 angat
399 501 447 536 τὴν
464 500 589 535 δύναμιν.
600 501 670 536 Ὕλη
696 500 724 527 δὲ
736 500 838 536 ταύτης
854 500 870 535 ή
887 498 951 534 περὶ¹

166 548 212 575 τδν
237 547 302 574 Θεὸν
329 547 433 582 ἀγάπη.
458 546 600 573 ’Δδύνατον
625 547 678 582 γὰρ
696 546 868 582 κατορθῶσαι
885 545 957 580 φιλο-

168 594 264 628 σοφίαν
278 593 323 620 τὺν
338 593 375 628 μὴ
391 592 492 628 θερμὸν
504 592 550 619 τοῦ
571 593 640 619 Θεοῦ
655 593 801 628 γενόμενον
820 592 954 628 ἐραστήν·

170 639 268 674 μᾶλλον
282 639 311 665 δὲ
321 639 386 666 αὐτὸ
396 639 475 666 τοῦτο
486 639 630 674 φιλοσοφία
653 639 786 666 καλεῖται.
802 639 888 673 Σοφία
901 639 956 674 γάρ

168 687 182 712 ό
203 685 269 718 Θεὸς
294 685 340 712 καὶ
366 684 423 711 ἔστι
447 685 494 711 καὶ
517 685 653 713 καλεῖται.
671 684 740 720 Περὶ
758 684 807 719 μὲν
824 684 878 719 γὰρ
907 683 955 710 τοῦ

168 731 236 758 Θεοῦ
250 731 304 758 τῶν
314 731 382 758 ὅλων
393 731 406 757 ὀ
416 731 550 766 μακάριος
558 731 631 764 λέγει
640 730 745 762 Παῦλος
757 738 762 745 ·
773 739 784 757 ι
803 729 956 765 Ἀφθάρτῳ,

169 778 286 814 ἀοράτῳ,
303 777 376 812 μόνῳ
395 776 470 812 σοφῷ
481 777 541 812 Θεῷ
555 785 562 792 ”
580 787 589 803 ι
603 777 668 813 περὶ
681 777 709 804 δὲ
723 777 770 804 τοῦ
788 777 956 812 Μονογενοῦς

170 831 236 858 φησι
247 831 253 837 ·
267 832 275 848 ι
288 822 416 858 Χριστὸς,
431 823 498 849 Θεοῦ
510 822 688 858 δύναμις,καὶ
702 823 769 850 Θεοῦ
786 823 892 858 σοφία.»
904 823 958 850 Καὶ

171 871 264 897 πάλιν·
284 878 293 894 ι
315 867 407 903 Ἐδόθη
420 869 485 904 ἡμῖν
499 869 580 903 σοφία
591 868 645 895 ἀπὸ
658 868 736 902 Θεοῦ,
752 869 910 904 δικαιοσύνη
927 877 956 895 τε

170 914 218 941 καὶ
234 913 381 948 ἁγιασμὸς,
398 913 446 940 καὶ
461 913 659 949 ἀπολύτρωσις.
680 923 689 940 ι
709 914 738 940 ’0
746 913 834 941 τοίνυν
848 913 886 949 τῷ
901 913 957 940 δντι

171 959 325 993 φιλόσοφος,
340 959 386 985 καὶ
399 958 521 992 φιλόθεος
540 958 573 985 ἂν
602 959 714 991 εἰκότως
733 959 850 986 καλοῖτο.
880 959 908 986 '0
928 959 958 986 δὲ

172 1004 293 1038 φιλόθεος
306 1004 359 1031 τῶν
378 1004 465 1031 ἄλλων
483 1005 610 1033 ἁπάντων
639 1006 827 1042 ὑπερφρονῶν,
844 1006 891 1033 καὶ
912 1006 958 1033 τὸν

171 1051 309 1087 ἐρώμενον
321 1051 402 1086 μόνον
412 1052 493 1087 ὁρῶν,
505 1052 613 1079 πάντων
625 1052 694 1088 ὁμοῦ
711 1053 759 1088 τὴν
772 1053 875 1080 ἐκείνου
892 1062 959 1088 προ-

170 1097 262 1134 τίθησι
289 1097 453 1133 θεραπείαν·
483 1098 574 1125 ἐκεῖνα
599 1098 679 1134 μόνα,
710 1100 758 1126 καὶ
785 1099 884 1133 λέγων,
910 1099 959 1126 καὶ

171 1145 308 1180 πράττων,
331 1145 378 1171 καὶ
392 1144 577 1180 λογιζόμενος,
594 1145 612 1173 ὃ.
627 1146 673 1172 τὸν
697 1146 880 1182 ἀγαπώμενον
894 1146 959 1180 ἀρέ-

173 1200 233 1218 σκει
246 1192 294 1218 καὶ⁸
306 1191 463 1226 θεραπεύει,
485 1192 532 1218 καὶ
558 1193 760 1227 μυσαττόμενος
777 1192 885 1219 ἅπαντα
910 1192 961 1219 ὅσα

173 1239 275 1269 ἐκεῖνος
291 1237 469 1272 ἀπαγορεύει.
481 1237 589 1273 Ταύτης
603 1238 688 1273 Ἀδὰμ
702 1240 752 1274 τῆς
766 1239 877 1275 ἀγάπης
886 1239 961 1274 ὀλιγ-

172 1285 281 1320 ωρήσας
293 1305 300 1316 ,
327 1285 374 1311 καὶ
387 1285 451 1320 περὶ
462 1284 508 1311 τὸν
521 1285 668 1320 εὐεργέτην
693 1285 828 1321 ἀγνώμων
851 1286 962 1324 γενόμε-

174 1340 228 1363 νος,
249 1331 381 1363 ἀκάνθας,
391 1332 439 1360 καὶ
449 1331 557 1364 πόνους,
569 1331 616 1358 καὶ
626 1332 815 1368 ταλαιπωρίας
830 1333 961 1371 septem

174 1378 224 1412 τῆς
239 1378 399 1413 ἀχαριστίας
431 1378 535 1413 μισθόν.
564 1378 673 1414 Ταύτην
701 1379 784 1408 Ἀὂελ
801 1381 840 1417 τῷ
851 1382 962 1418 χορηγῷ

173 1423 228 1449 τῶν
240 1423 351 1456 ἀγαθῶν
371 1423 482 1458 βεϐαίαν
496 1423 676 1460 διαφυλάξας,
701 1428 747 1454 καὶ
772 1427 825 1454 τῶν
847 1428 896 1463 μὲν
911 1437 962 1463 γα-

176 1469 254 1504 στρὸς
267 1469 367 1505 ἡδονῶν
382 1471 606 1506 καταφρονήσας,
626 1473 675 1509 τὴν
687 1473 714 1500 δὲ
729 1473 775 1501 τοῦ
798 1473 866 1501 Θεοῦ
895 1483 962 1510 προ-

174 1515 300 1549 ελόμενος
310 1514 467 1550 θεραπείαν,
474 1517 529 1550 τοῖς
539 1519 686 1554 ἀκηράτοις
699 1520 892 1555 κατεκοσμήθη
901 1529 962 1547 στε-

175 1561 279 1596 φάνοις,
300 1561 346 1588 καὶ
360 1561 404 1588 διὰ
418 1562 510 1600 πάσης
533 1566 629 1599 γενεᾶς
649 1565 746 1597 ὁδεύει,
763 1565 812 1601 τὴν
825 1567 962 1602 εὐφημίαν

175 1608 219 1634 διὰ
231 1608 281 1642 τῆς
296 1607 408 1645 μνήμης
421 1610 621 1646 καρπούμενος.
643 1611 752 1647 Ταύτην
773 1612 860 1648 Ἑνὼχ
875 1613 962 1649 ἀληθῆ
977 1623 998 1652 ο

176 1652 223 1679 καὶ
234 1653 351 1687 γνησίαν
374 1656 555 1690 κτησάμενος,
586 1655 633 1682 καὶ
653 1655 763 1692 ἔσπειρε
787 1656 887 1690 καλῶς,
917 1658 965 1684 καὶ

176 1697 298 1735 ὲθέρισέν
316 1701 436 1736 ἄμεινον,
447 1701 554 1736 καὶτῆς
567 1702 614 1729 τοῦ
629 1701 696 1729 Θεοῦ
710 1702 859 1738 θεραπείας
872 1703 966 1738 μισθὸν

177 1745 325 1781 ὲσκυμίσατο
352 1747 402 1782 τὴν
427 1747 581 1782 μετάθεσιν,
600 1748 647 1775 καὶ
670 1748 719 1784 τὴν
733 1748 867 1787 ἀθίάνατον
895 1749 965 1781 τέως

179 1791 261 1827 ζωὴν,
278 1791 325 1819 καὶ
342 1793 391 1828 τὴν
402 1792 446 1820 διὰ
459 1792 504 1820 τοῦ
524 1793 581 1828 βίου
607 1794 708 1826 παντὸς
728 1795 826 1830 εὐκλεῆ
840 1795 887 1822 καὶ
903 1795 967 1823 ἀθά-

178 1847 258 1865 νατον
295 1839 415 1874 μνήμην.
441 1839 473 1865 Τί
501 1839 533 1867 ἄν
545 1849 586 1872 τις
602 1841 673 1867 εἴποι
691 1842 756 1876 περὶ
776 1842 825 1877 τῆς
839 1842 886 1868 τοῦ
903 1842 965 1869 Νῶε

180 1884 334 1919 φιλοθεῖας,
349 1885 382 1919 ἣν
393 1885 454 1911 οὐδὲ
460 1885 513 1911 τῶν
523 1887 688 1921 παρανόμων
696 1887 857 1923 διήλεγξενὴ
866 1887 964 1924 φθοράς

179 1930 246 1958 ἀλλὰ
262 1930 371 1957 πάντων
384 1931 575 1964 ἐκκλινάντων,
593 1931 638 1958 καὶ
654 1931 703 1967 τὴν
716 1933 840 1960 ἐναντίαν
856 1934 961 1969 προελο-

182 1977 280 2012 μένων,
296 1977 376 2012 μόνος
388 1977 438 2012 τὴν
454 1977 559 2004 εὐθεῖαν
575 1977 687 2011 ὥδευσε,
717 1979 824 2006 πάντων
838 1980 904 2015 ὁμοῦ
921 1980 966 2006 τὸν

182 2023 298 2058 Ποιητὴν
314 2023 469 2058 προτιθείς;
498 2019 536 2050 Οὐ
560 2024 649 2059 χάριν,
665 2025 713 2052 καὶ
734 2025 815 2060 μόνος
831 2026 899 2060 μετά
912 2026 966 2052 τῶν

181 2067 285 2094 παίδων
302 2069 353 2102 τῆς
377 2069 515 2104 σωτηρίας
535 2069 680 2105 τετύχηκε,
692 2071 740 2097 καὶ
765 2071 876 2106 σπέρμα
900 2080 966 2098 κατ-

181 2115 292 2151 ελείφθη
306 2117 338 2152 τῇ
365 2116 454 2150 φύσει,
469 2119 516 2144 καὶ
542 2117 659 2154 σπινθὴρ
682 2118 819 2154 ἐφυλάχθη
835 2119 872 2154 τῷ
882 2120 964 2154 γένει,

181 2161 259 2188 Οὕτω
285 2162 451 2198 Μελχισεδὲκ
465 2183 472 2194 ,
488 2163 502 2189 ὁ
525 2163 611 2198 μέγας
631 2165 791 2200 ἀρχιερεὺς,
808 2165 861 2192 τῶν
879 2165 913 2192 τὰ
928 2165 967 2192 εἴ.

180 2207 252 2234 δωλα
279 2207 367 2235 σέϐειν
383 2209 570 2244 προελομένων
583 2210 632 2246 τὴν
643 2210 735 2238 ἄνοιαν
751 2211 944 2248 βδελυξάμενος
957 2233 963 2245 ,

180 2253 220 2287 τῷ
255 2255 356 2289 Ποιητῇ
382 2254 435 2281 τῶν
456 2255 525 2281 ὅλων
554 2255 603 2291 τὴν
626 2257 730 2284 οίκείαν
747 2258 895 2293 ἱερωσύνην
918 2259 965 2285 ἀν-

1006 322 1038 342 ac
1058 322 1234 350 permanens.
1253 314 1344 342 Vincit
1366 315 1439 342 enim
1457 319 1485 342 et
1506 316 1665 351 prtedonum
1684 324 1795 350 manus,

1004 365 1032 389 et
1057 361 1289 388 calumniatorum
1310 360 1432 395 linguas,
1460 365 1488 388 et
1508 362 1651 390 hostilium
1676 363 1794 391 telorum

1005 407 1203 442 hastarumque
1221 411 1398 442 tempestates
1424 416 1430 433 ε
1447 415 1503 434 non
1533 408 1689 436 absumitur
1709 409 1796 442 febre.

1005 462 1093 489 neque
1107 454 1235 482 ﬂuctibus
1246 454 1449 486 obruitur;non
1462 454 1533 489 peril.
1546 455 1696 490 naufragio.
1709 456 1796 491 Hujus

1005 501 1060 528 vim
1075 509 1129 528 non
1144 501 1272 528 diminnit
1289 504 1408 535 tempus.
1428 501 1476 527 sed
1497 504 1588 536 auget.
1604 500 1692 536 Hujus
1714 510 1797 536 porro

1006 549 1119 575 materia
1129 548 1174 576 Dei
1186 552 1229 575 est
1240 547 1360 575 dilectio.
1378 546 1451 574 Fieri
1464 547 1536 574 enim
1548 548 1652 583 nequit,
1668 552 1698 575 ut
1710 549 1798 584 philo-

1007 594 1131 629 sophiam
1151 593 1273 629 perfecte
1286 596 1469 627 assequatur,
1489 592 1537 627 qui
1562 600 1617 620 non
1640 593 1676 621 sit
1689 593 1798 626 fervens

1007 639 1054 667 Dei
1075 644 1182 667 amator
1197 648 1205 666 :
1223 639 1290 674 quin
1309 639 1363 667 hoc
1377 639 1467 674 ipsum
1492 639 1665 674 philosophia
1677 659 1685 670 .
1702 639 1729 666 id
1752 643 1796 668 est

1006 685 1128 714 studium
1147 685 1299 721 sapientiae,
1315 689 1441 713 vocatur.
1464 684 1601 721 Sapientia
1626 685 1699 712 enim
1727 685 1799 713 Deus

1010 735 1037 758 et
1053 735 1095 758 est
1117 735 1144 757 et
1157 733 1283 758 vocatur.
1298 729 1337 758 lle
1348 730 1403 758 Deo
1413 730 1486 758 enim
1498 729 1690 758 universorum
1701 730 1798 758 beatus

1008 777 1109 805 Paulus
1127 776 1195 804 dicit
1215 785 1221 803 :
1245 785 1254 802 ι
1276 775 1436 809 lmmortali,
1458 776 1604 808 invisibili,
1621 776 1671 804 soli
1689 777 1800 811 sapien-
1845 784 1848 785 '

1009 824 1028 851 ti
1047 822 1103 851 Deo
1114 828 1138 849 ε.
1161 831 1170 848 ι
1194 821 1233 850 De
1255 821 1403 858 Unigenito
1427 826 1517 851 autem
1538 823 1576 849 ait
1593 821 1607 842 ἀ
1624 831 1630 849 :
1649 831 1658 848 ι
1671 822 1798 850 Christus

1009 870 1056 898 Dei
1073 869 1178 901 virtus,
1194 873 1221 896 et
1236 868 1284 896 Dei
1297 869 1442 904 sapientia.
1462 873 1472 895 ι
1499 868 1532 896 Et
1552 877 1674 897 rursus:
1697 878 1706 894 ι
1730 867 1796 896 Data

1009 921 1051 945 est
1070 916 1151 944 nobis
1165 915 1301 950 sapientia
1317 923 1332 942 a
1349 915 1415 947 Deo,
1427 915 1536 950 justitia
1547 936 1554 946 ,
1565 919 1592 942 et
1607 914 1798 946 sanctiﬁcatio,

1012 967 1040 991 et
1059 962 1210 997 redemptio
1222 967 1260 989 ο.)
1274 961 1326 994 Qui
1343 961 1425 996 igitur
1441 969 1504 989 vere
1519 965 1562 989 est
1575 961 1766 997 philosophus,
1776 961 1800 988 is

1012 1015 1039 1037 et
1057 1009 1214 1045 philolheus
1235 1008 1298 1043 jure
1313 1007 1476 1042 appelletur.
1494 1006 1541 1034 Dei
1562 1011 1654 1034 autem
1679 1010 1799 1038 amator,

1013 1059 1110 1083 caetera
1137 1054 1228 1082 omnia
1248 1058 1437 1086 contemnens,
1461 1057 1488 1080 et
1511 1053 1600 1081 solum
1623 1060 1704 1087 quem
1727 1057 1801 1080 amat

1014 1102 1133 1131 intuens.
1149 1101 1209 1134 ejus
1222 1100 1325 1127 cultum
1355 1099 1482 1127 omnibus
1506 1099 1618 1126 omnino
1629 1099 1712 1127 rebus
1723 1102 1801 1126 ante-

1013 1147 1101 1183 ponit,
1120 1146 1228 1181 1312
1244 1145 1288 1172 illa
1304 1145 1436 1174 duntaxat
1454 1149 1480 1174 et
1492 1145 1598 1179 dicens,
1611 1149 1637 1174 et
1659 1154 1754 1181 agens.
1769 1152 1801 1173 ac

1014 1193 1150 1228 cogitans.
1179 1200 1241 1229 qua}
1259 1193 1368 1228 placent
1392 1193 1503 1225 dilecto,
1528 1192 1607 1227 eique
1629 1196 1706 1227 grata
1725 1197 1801 1224 sunt,

1013 1244 1041 1269 et
1053 1245 1151 1268 concta
1166 1240 1308 1269 detestans
1319 1246 1380 1275 quae
1394 1239 1440 1267 ille
1454 1243 1537 1267 vetat.
1549 1238 1625 1266 llanc
1637 1238 1800 1266 charitalem

1014 1288 1101 1315 Adam
1119 1295 1180 1314 cum
1201 1285 1441 1322 parvipendisset,
1460 1289 1545 1320 atque
1563 1286 1700 1320 ingratum
1726 1292 1757 1312 se
1774 1284 1801 1311 in

1016 1334 1218 1362 benefactorem
1244 1332 1427 1364 exhibuisset,
1444 1331 1550 1366 spinas,
1575 1334 1601 1357 et
1628 1330 1748 1362 labores,
1775 1335 1803 1357 et

1015 1380 1185 1408 calamitates
1212 1386 1261 1414 pro
1277 1377 1405 1406 mercede
1431 1376 1636 1412 ingratitudinis
1655 1375 1751 1402 retulit
1778 1373 1817 1404 ί..

1016 1425 1092 1452 lianc
1109 1425 1176 1452 Abel
1194 1423 1318 1459 largitori
1340 1423 1476 1451 bonorum
1493 1422 1599 1449 ﬁrmam
1615 1428 1677 1448 cum
1694 1428 1803 1448 servas-

1017 1476 1076 1504 set,
1097 1471 1255 1506 ventrisque
1271 1470 1427 1505 voluptates
1451 1472 1627 1503 aspernatus,
1647 1466 1694 1494 Dei
1716 1466 1804 1494 servi-

1016 1519 1084 1546 tium
1102 1518 1278 1553 praetulisset,
1296 1514 1577 1544 immarcescibilibus
1592 1513 1704 1540 coronis
1723 1520 1804 1540 exor-

1017 1569 1099 1592 natus
1117 1568 1178 1597 est,
1195 1569 1223 1592 et
1238 1571 1287 1599 per
1301 1570 1411 1590 omnem
1428 1561 1449 1589 it
1471 1560 1687 1597 generationem,
1712 1559 1803 1587 laudis

1016 1609 1135 1637 fructum
1165 1616 1198 1637 ex
1226 1608 1356 1635 memoria
1383 1607 1534 1641 decerpens
1561 1606 1584 1633 ⁸.
1607 1605 1685 1632 Hanc
1710 1611 1804 1632 veram

1017 1660 1097 1690 atque
1111 1660 1270 1689 germanam
1285 1652 1432 1688 possidens
1452 1650 1560 1684 Enoch,
1584 1654 1611 1679 et
1628 1653 1703 1678 recte
1717 1649 1802 1677 semi-

1017 1701 1102 1733 navit,
1115 1704 1142 1727 et
1153 1699 1252 1727 melius
1269 1698 1394 1731 messuit,
1407 1701 1435 1725 et
1448 1697 1535 1725 divini
1546 1696 1638 1724 cultus
1650 1694 1804 1723 mercedem

1017 1745 1166 1781 reportavit
1185 1744 1393 1772 translationem
1417 1743 1446 1771 in
1474 1742 1646 1778 paradisum,
1670 1745 1698 1768 et
1719 1741 1803 1768 vitam

1016 1791 1211 1824 immortalem,
1232 1790 1391 1825 claramque
1416 1797 1448 1817 ac
1476 1789 1613 1817 celebrem
1642 1796 1690 1823 per
1715 1795 1802 1815 aevum

1016 1844 1098 1865 omne
1115 1836 1238 1864 nominis
1253 1836 1415 1863 memoriam
1430 1833 1456 1862 ιι.
1480 1833 1518 1862 De
1533 1833 1638 1862 Noachi
1663 1838 1754 1861 autem
1775 1832 1803 1859 in

1017 1883 1102 1911 Deum
1126 1882 1261 1910 charitate
1280 1881 1343 1917 quis
1365 1888 1414 1916 pro
1442 1881 1541 1908 merito
1558 1879 1697 1914 loquatur.
1722 1886 1804 1914 quam

1017 1935 1104 1963 neque
1137 1927 1295 1962 iniquorum
1341 1934 1373 1953 ac
1417 1925 1616 1961 ﬂagitiosorum
1657 1923 1804 1951 multitudo

1017 1973 1184 2004 retardavit.
1211 1973 1259 2001 sed
1292 1972 1421 1999 erunibus
1455 1971 1680 2002 declinantibus,
1716 1974 1743 1998 et
1776 1971 1804 1997 in

1017 2020 1183 2047 contrariam
1230 2022 1335 2054 partem
1380 2018 1586 2046 deﬂectentibus
1617 2017 1692 2045 solus
1731 2016 1803 2043 viam

1017 2070 1121 2093 rectam
1167 2065 1274 2097 tenuit,
1321 2065 1458 2091 universis
1500 2064 1603 2099 pariter
1644 2063 1802 2090 Creatorem

1018 2111 1206 2147 anteponens?
1247 2111 1429 2144 Quamobrem
1464 2114 1491 2138 et
1531 2110 1605 2138 solus
1642 2116 1705 2137 cum
1742 2109 1804 2136 ﬁliis

1018 2159 1140 2187 salvatus
1168 2162 1221 2191 est,
1249 2162 1277 2186 et
1309 2164 1402 2185 semen
1428 2156 1554 2184 relictum
1575 2161 1617 2184 est
1642 2159 1761 2188 naturae,
1778 2161 1805 2182 et.

1018 2205 1136 2232 scintilla
1151 2208 1258 2232 servata
1272 2203 1366 2239 generi
1382 2204 1404 2230 ί.
1418 2202 1463 2230 Sic
1477 2201 1676 2230 Melchisedech
1689 2209 1804 2236 magnus

1018 2249 1159 2286 pontifex,
1189 2250 1261 2277 idola
1289 2249 1439 2277 colentium
1465 2248 1613 2276 amentiam
1643 2247 1804 2278 detestans.

181 2298 289 2334 έθηκεν.
317 2288 355 2326 Οὐ
379 2300 469 2335 χάριν,
485 2301 530 2327 τὸν
547 2288 634 2336 μέγαν
645 2303 746 2329 ἐκεῖνον
760 2288 855 2338 μισθὸν
869 2288 965 2339 ἐκομί-

1019 2297 1209 2324 universorum
1237 2295 1362 2324 Creatori
1391 2295 1577 2323 sacerdotium
1607 2302 1687 2322 suum
1727 2293 1805 2322 dedi-

182 2352 257 2376 σατο,
271 2343 354 2376 τύπος
371 2347 514 2381 γενόμενος
532 2348 580 2373 καὶ
597 2348 660 2374 σκιὰ
682 2348 728 2374 τοῦ
749 2348 820 2375 κατὰ
837 2349 967 2384 ἀλήθειαν

180 2390 326 2425 ὰπάτορος,
344 2391 390 2417 καὶ
408 2392 556 2427 ἀμήτορος,
577 2393 623 2419 καὶ
640 2393 866 2429 ἀγενεαλογήτου,
897 2395 966 2430 μήτε

182 2437 268 2472 ἀρχὴν
282 2438 405 2472 ἡμερῶν,
425 2439 493 2472 μήτε
506 2439 579 2473 ζωῆς
591 2439 665 2470 τέλος
678 2439 794 2474 ἔχοντος.
818 2441 966 2477 Ἀλλὰ-γὰρ

182 2482 234 2516 ὀδῷ
249 2482 364 2517 βαδίζων
379 2484 393 2510 ὁ
409 2483 498 2518 λόγος.
515 2484 582 2519 πρὸς
595 2485 676 2511 αὐτὸν
691 2478 814 2519 ἀφίκετο,
828 2487 873 2513 τὸν
896 2496 965 2522 χρη-

185 2527 335 2562 ματίσαντα
349 2528 395 2555 τοῦ
409 2528 476 2555 Θεοῦ
496 2529 581 2563 φίλον,
601 2530 647 2556 τὸν
673 2531 794 2566 ἀκριϐῶς
806 2532 855 2567 τῆς
879 2533 966 2567 φιλίας

183 2573 245 2604 τοὺς
261 2573 359 2612 νόμους
373 2574 419 2601 καὶ
443 2574 597 2609 φυλάξαντα
619 2576 666 2602 καὶ
688 2576 840 2621 διδάξαντα.
855 2579 902 2610 Τίς
912 2579 966 2614 γὰρ

183 2619 275 2652 ἀγνοεῖ
287 2628 341 2645 των
354 2619 425 2646 οὕτω
441 2628 500 2651 πως
516 2620 551 2647 τὰ
565 2620 624 2648 θεῖα
643 2619 875 2658 πεπαιδευμένων,
894 2625 967 2656 ὅπως

184 2665 338 2699 ὑπήκουσεν
359 2665 485 2702 Ἀὃραὰμ
499 2665 513 2692 ό
534 2665 620 2701 μέγας
636 2668 807 2704 πατριάρχης
821 2669 966 2696 καλέσαντι

183 2711 222 2746 τῷ
235 2711 303 2746 Θεῷ,
332 2712 405 2744 ὅπως
421 2713 471 2749 τὴν
487 2713 616 2750 πατρῴαν
639 2715 781 2742 κατέλιπεν
806 2716 905 2747 οἰκίαν,
920 2716 968 2742 καὶ

186 2757 233 2792 τῆς
246 2757 372 2793 πατρίδος
388 2759 436 2794 τὴν
448 2760 526 2795 ξένην
541 2760 697 2794 προείλετο;
714 2762 860 2797 ἐπειδήπερ
895 2761 968 2795 ἅπαξ

221 2864 232 2878 ε
252 2857 345 2886 ΙΤίπι.
361 2866 382 2889 ι,
399 2859 442 2886 l7.
472 2858 508 2892 νδ
527 2858 605 2887 lCor.
625 2868 644 2892 I,
665 2860 710 2888 26.

345 2975 468 3004 ΡΑτιιοι
505 2975 560 3005 Gn.
586 2976 738 3008 LXXXII.

535 2861 605 2899 .Cor.
625 2868 644 2892 I,
657 2861 767 2899 ,ξι-ι’.
777 2861 841 2889 ibid.
857 2862 901 2899 50.
943 2862 952 2883 ί
969 2863 1036 2899 Gen.
1051 2871 1090 2894 tn.
1107 2864 1116 2890 1
1135 2871 1211 2899 seqq.

187 2894 199 2912 ιι
215 2892 283 2931 Gr_n.
301 2901 328 2931 ν.
342 2894 387 2931 2},
403 2892 454 2925 ΞΜ
470 2890 553 2922 Eccli.
568 2890 687 2931 “ny-‘16
699 2904 706 2928 ;
720 2896 803 2924 Hebr.
817 2905 855 2928 χι,
872 2898 898 2925 5.
941 2903 947 2917 ι
967 2902 970 2920 ί

1013 2906 1035 2924 n.
1055 2890 1090 2930 τι,
1110 2890 1243 2931 \‘Il,jv1ltl,
1261 2907 1285 2926 ix
1302 2902 1366 2927 etx.

185 2935 232 2962 vn,
249 2928 276 2956 5.
314 2928 326 2947 ¹ι
347 2928 414 2957 Gen.
438 2936 484 2960 xtl,
499 2933 526 2955 et
553 2938 603 2963 xv;
625 2929 706 2958 Hebr.
725 2939 771 2964 tu;
788 2930 873 2959 Galat.
890 2941 935 2965 ιιι;
953 2933 1011 2960 Act.
1030 2933 1055 2960 7.

1015 2342 1096 2374 cavit,
1114 2341 1194 2376 cujus
1221 2341 1306 2376 gratia
1323 2349 1450 2376 magnum
1467 2341 1533 2368 illud
1549 2340 1690 2376 prmtnittm
1712 2347 1805 2374 repor-

1015 2400 1093 2431 tavit,
1124 2403 1154 2426 ut
1179 2399 1265 2433 ﬁgura
1283 2406 1309 2427 et
1325 2399 1421 2426 tunbra
1441 2399 1501 2433 ejus
1517 2398 1602 2430 ﬁeret,
1619 2399 1665 2434 qni
1685 2407 1748 2426 vere
1763 2405 1805 2426 est

1019 2447 1078 2473 sine
1097 2445 1202 2481 1313
1219 2450 1304 2480 patre,
1323 2452 1354 2471 ac
1369 2445 1429 2472 sine
1445 2450 1542 2477 matre,
1559 2449 1586 2472 et
1602 2445 1663 2473 sine
1678 2446 1806 2481 genealo-

1017 2493 1070 2525 gia,
1087 2499 1175 2526 neque
1191 2491 1299 2517 initium
1321 2490 1428 2518 dierum
1441 2510 1448 2522 ,
1467 2498 1554 2526 neque
1573 2492 1634 2518 vita
1654 2491 1734 2518 liuent
1756 2491 1806 2518 ha-

1021 2537 1088 2564 bens
1105 2536 1126 2562 i.
1144 2537 1178 2563 At
1193 2537 1266 2563 enim
1282 2536 1378 2563 ordine
1392 2535 1544 2571 procedens
1561 2536 1649 2564 oratio
1674 2537 1707 2564 ad
1728 2537 1804 2564 illum

1021 2583 1155 2618 pervenit,
1178 2582 1224 2617 qui
1243 2582 1289 2609 Dei
1314 2581 1421 2610 anticus
1436 2588 1612 2617 nuncupatus
1627 2587 1686 2614 est,
1701 2582 1747 2618 qui
1767 2583 1806 2611 le-

1020 2636 1067 2662 ges
1093 2627 1221 2655 amicitia:
1248 2631 1377 2654 accurate
1406 2628 1524 2655 servavit
1550 2632 1577 2655 et
1606 2628 1709 2656 docuit.
1736 2629 1805 2662 Quis

1019 2674 1092 2701 enim
1115 2674 1289 2708 eorum,qni
1313 2673 1341 2700 in
1367 2672 1469 2700 divinis
1493 2674 1686 2708 quoquomodo
1704 2675 1805 2702 versati

1018 2724 1093 2751 sunt,
1110 2718 1228 2754 ignorat,
1242 2718 1379 2754 quomodo
1393 2719 1500 2746 vocanti
1514 2719 1568 2746 Deo
1580 2719 1702 2754 paruerit
1718 2720 1806 2747 Abra-

1015 2766 1075 2792 ham
1094 2766 1118 2797 ιε,
1133 2772 1246 2800 magnus
1261 2765 1305 2792 illc
1329 2763 1501 2798 patriarcha?
1523 2764 1661 2799 quomodo
1693 2765 1803 2792 domum

1272 2865 1284 2884 κ
1298 2862 1366 2891 Gen.
1390 2871 1426 2899 iv,
1444 2865 1460 2891 5
1476 2871 1564 2899 seqq.;
1589 2862 1670 2892 Hebr.
1692 2872 1729 2896 xi,
1742 2864 1769 2892 4.

1416 2898 1423 2923 i
1443 2898 1663 2929 Geminum-ﬁl
1685 2909 1692 2932 ς
1722 2899 1803 2927 Ηυὺτ.

1613 2981 1650 3012 48
