2064 3120
255 196 323 237 1515

747 202 990 233 THEODORETI
1007 201 1177 233 EPISCOPI
1198 203 1380 235 CYRENSIS

1814 204 1878 239 1516

255 270 396 300 paternam
412 261 566 300 reliquerit,
583 266 610 289 et
626 261 721 297 patriae
735 269 793 289 sua:
812 261 929 289 alienam
950 261 1040 296 regio--

1094 260 1198 297 ὴράσθη
1210 262 1258 289 τοῦ
1276 261 1450 298 κεκληκότος,
1464 261 1511 289 καὶ
1525 260 1559 289 τὰ
1573 261 1642 289 ἄλλα
1661 262 1750 289 πάντα
1766 262 1880 299 δεύτερα

254 318 316 339 nem
341 309 508 345 praetulerit?
522 307 752 343 Quandoquidem
767 308 851 335 semel
869 314 963 334 amore
978 307 1039 341 eius

254 360 362 390 captus,
375 354 420 389 qui
436 354 524 389 ipsum
541 357 700 385 vocaverat,
713 359 740 381 et
755 353 808 380 alia
824 353 950 380 universa
966 352 1040 380 illius

256 402 342 429 mnori
359 399 548 436 postponenda
569 400 689 432 censuit,
709 404 737 427 et
759 399 854 427 multis
871 398 1041 426 diiiicultati-

255 448 307 475 bus
320 446 474 478 involutus.
497 446 627 474 dilectum
650 452 729 474 suum
752 452 807 472 non
831 445 960 480 reliquit,
977 449 1039 472 tan-

254 500 337 528 quam
352 492 400 528 qui
423 492 654 527 promissionibus
676 491 734 519 suis
764 491 846 518 tinem
873 498 928 518 non
952 491 1041 526 impo-

255 539 356 567 suisset
375 537 398 565 ι.
424 537 497 571 Quin
520 539 601 566 etiam
624 538 670 566 siti
691 545 814 573 pressns,
838 541 865 565 et
886 544 984 572 aquam
1007 545 1041 564 ex

256 585 354 621 puteis,
372 592 442 620 quos
457 583 575 617 fuderat,
596 583 689 611 bibere
710 583 885 618 prohibitus,
903 590 954 610 nec
971 583 1008 610 illi
1025 589 1040 609 a

256 639 310 666 quo
332 636 446 658 vocatus
465 634 524 658 erat
541 629 698 664 indignatus
718 632 771 660 est.
796 636 846 656 nec
868 636 965 656 eorum
992 628 1040 664 qui

256 677 381 705 laeserant
405 676 522 712 injurias
543 679 586 703 est
611 676 695 702 ultus.
722 674 816 702 Famis
843 683 953 710 quoque
983 675 1040 702 vim

255 730 353 758 passus
368 727 419 754 est,
434 725 461 749 et
474 721 616 749 charitatis
627 720 764 748 ﬂammam
777 721 890 748 minime
901 720 1039 748 restinxit.

254 769 351 797 Ahlata
363 769 444 796 etiam
461 768 485 796 ei
503 767 554 795 fuit
568 766 668 802 conjux
687 772 718 800 ιι,
739 771 766 794 et
784 766 873 794 forma
895 771 1039 801 praestans,

255 819 282 843 et
297 814 464 842 continentia
477 813 603 849 insignis.
616 820 733 848 quicque
745 813 773 839 in
786 812 916 840 omnibus
929 819 1039 839 suavem

255 861 294 888 illi
307 865 334 889 et
347 865 452 896 gratam
464 860 547 887 vitam
558 859 690 887 reddebat
703 869 709 886 :
723 866 773 886 nec
786 864 877 886 tamen
889 857 933 885 Dei
950 865 1041 885 amore

256 915 308 935 una
323 914 385 934 cum
400 906 518 941 conjuge
531 905 665 941 spoliatus
675 910 727 933 est.
745 905 797 932 Sed
813 904 963 932 auxiliante
974 904 1039 937 Deo,

253 957 280 980 et
297 952 425 979 diuturna
443 952 518 979 illum
534 951 664 986 patientia
682 955 836 982 exercente,
858 951 1039 985 injuriarum-

254 1005 308 1034 que
324 997 454 1025 incursus
471 997 575 1032 perpeti
597 997 782 1031 permittente,
795 997 866 1024 idem
884 1005 994 1032 semper
1011 997 1038 1026 in

254 1050 347 1070 amore
364 1042 483 1078 perstitit
498 1047 523 1069 ιι.
540 1041 695 1076 Factusque
713 1047 772 1069 erat
794 1049 894 1074 senex.
914 1048 941 1070 et
960 1047 1040 1078 pater

253 1097 308 1117 non
328 1093 388 1117 erat
405 1089 509 1122 factus,
528 1093 555 1116 et
574 1096 640 1124 erga
659 1088 747 1120 illum,
763 1088 810 1123 qui
827 1093 932 1124 patrem
949 1089 1038 1125 ipsum

250 1143 283 1163 se
301 1135 435 1162 facturum
451 1135 613 1170 promiserat
629 1134 750 1169 quidem,
769 1134 815 1162 sed
829 1135 951 1163 nondum
967 1136 1040 1163 fece-

255 1186 306 1213 rat,
326 1180 433 1217 1315
448 1180 574 1209 eumdem
590 1181 711 1208 animum
729 1181 876 1208 retinebat.
890 1181 1039 1217 Postquam

251 1231 344 1253 autem
365 1233 428 1254 sero
443 1226 554 1254 tandem
569 1226 743 1261 ‘promissum
762 1226 894 1260 obtinuit,
910 1231 936 1254 et
951 1227 1041 1254 Sarrae

246 1277 380 1300 naturam
395 1273 507 1305 devicit,
523 1277 550 1300 et
567 1273 717 1300 senectutis
737 1272 869 1300 terminos
887 1278 1040 1309 transgres-

255 1326 304 1346 sus
320 1322 375 1350 est.
395 1323 527 1354 paterque
548 1318 632 1347 lsaaci
662 1318 784 1351 exstitit.
808 1325 892 1353 parvo
919 1323 1041 1354 tempore

256 1365 309 1393 hoc
325 1365 424 1401 gaudio
439 1371 577 1393 recreatus
592 1369 645 1399 est,
658 1372 720 1393 cum
745 1373 860 1400 puerum
879 1365 935 1400 jam
953 1365 1042 1393 adole-

255 1415 388 1444 scentem.
398 1412 423 1439 ei
438 1413 484 1447 qui
502 1412 625 1444 dederat,
637 1411 665 1439 in
680 1412 846 1440 sacriﬁcium
863 1411 964 1439 olTerre
979 1412 1041 1446 jus-

253 1466 304 1486 sus
321 1462 375 1489 est,
394 1462 422 1485 et
437 1458 539 1485 donum
557 1465 608 1485 suo
621 1457 735 1486 reddere
751 1457 876 1493 largitori
890 1462 916 1489 ο,
935 1458 1042 1485 sacriﬁ-

253 1508 393 1539 calorque.
401 1503 460 1539 ejus
477 1504 534 1531 fieri
546 1524 552 1535 ,
568 1504 613 1539 qui
629 1507 688 1531 erat
710 1503 817 1532 fructus
837 1504 1041 1539 promissionis,

253 1550 319 1577 etin
335 1549 473 1577 victimam
486 1548 728 1584 oﬂerre'magnum
745 1548 847 1576 fontem
863 1550 998 1585 gentium,
1014 1553 1041 1576 et

254 1595 390 1630 sanguine
411 1594 548 1630 unigeniti
566 1594 614 1621 lilii
635 1602 733 1623 manus
752 1598 909 1622 cruentare.
925 1594 1041 1622 Verum-
1054 1615 1075 1644 ο

254 1647 343 1668 tamen
357 1649 420 1668 cum
435 1641 492 1668 haec
506 1645 617 1672 cuncta,
632 1645 715 1676 atque
729 1641 773 1668 his
790 1641 876 1668 multo
890 1641 978 1676 plura.
995 1649 1041 1669 sa-

253 1687 360 1714 crilicio
387 1687 528 1718 inessent.
552 1694 726 1722 nequaquam
749 1687 852 1714 restitit
872 1687 1040 1722 patriarcha,

255 1740 344 1767 neque
357 1733 419 1768 jura
436 1737 542 1760 natura:
561 1732 672 1767 objecit,
690 1740 780 1767 neque
796 1732 995 1767 promissiones
1012 1732 1041 1760 in

255 1779 374 1806 medium
392 1779 495 1811 attulit,
514 1785 604 1813 neque
618 1778 723 1805 alendis
738 1777 890 1805 senectutis
905 1781 933 1805 et
949 1778 1043 1811 sepul-

255 1830 323 1852 turae
339 1826 504 1852 mentionem
522 1825 595 1852 fecit.
615 1823 726 1856 Verum,
744 1825 863 1852 humana
880 1825 953 1852 omni
965 1824 1043 1860 cogi-

256 1871 359 1898 tatione
374 1871 492 1905 abiecta,
506 1874 532 1897 et
544 1869 683 1898 desiderio
698 1870 867 1898 desiderium
887 1878 1041 1905 opponens,

255 1921 283 1944 et
299 1917 351 1952 legi
366 1917 465 1952 legem,
477 1916 597 1943 divinam
612 1916 716 1944 scilicet
729 1916 859 1948 naturali,
874 1916 998 1944 cucurrit
1009 1917 1043 1944 ad

256 1962 422 1990 sacriﬁcium
440 1966 463 1993 Ρ,
479 1961 550 1987 haud
567 1961 649 1988 dubie
673 1961 780 1996 plagam
797 1960 950 1989 inﬂiclurus
963 1982 970 1994 ,
987 1961 1041 1989 nisi

257 2007 382 2034 celeriter
398 2005 544 2033 munificus
564 2006 698 2032 donorum
712 2005 838 2041 Largitor
848 2011 872 2038 ει,
889 2011 1044 2042 promptum

255 2052 316 2087 ejus
328 2053 447 2079 animum
460 2052 627 2087 approbans,
641 2052 740 2080 caedem
753 2052 928 2081 inhibuisset.
943 2052 1044 2081 Verum

258 2097 350 2125 nescio
363 2104 397 2124 an
410 2097 511 2125 amoris
525 2097 608 2131 hujus
621 2097 803 2131 magnitudini
813 2098 976 2125 enarranda:
989 2099 1044 2126 ulla

256 2143 381 2171 sufﬁcere
402 2147 484 2178 queat
508 2143 600 2171 oratio
618 2148 639 2170 ι’.
655 2142 706 2176 Qui
722 2143 795 2170 enim
812 2151 846 2171 ne
865 2143 921 2171 (ilio
933 2145 1044 2180 quidem

190 2191 202 2200 ‘
257 2190 395 2224 unigenito
407 2190 539 2224 pepercit,
550 2194 698 2225 postquam
714 2188 740 2216 id
753 2188 871 2217 dilectus
886 2189 1043 2225 imperavit.

255 2235 322 2270 quid
335 2239 446 2269 propter
464 2235 540 2261 illum
554 2242 609 2261 non
627 2235 796 2269 sprevisset?
814 2234 867 2262 Sed
883 2239 910 2263 et
929 2244 1045 2271 magnus

1091 307 1140 342 τῆς
1154 307 1258 334 ἐκείνου
1287 308 1379 343 φιλίας
1407 307 1552 343 ἐδοκίμασε
1578 307 1680 339 θέσθαι,
1704 308 1752 334 καὶ
1772 309 1881 342 πολλαῖς

1092 354 1222 386 πολλάκις
1249 354 1404 385 δυσκολίαις
1428 353 1603 390 περιπεσὼν,
1625 354 1655 380 οὐ
1682 355 1812 381 κατέλιπε
1837 355 1881 382 τὸν

1091 398 1241 435 ἐρώμενον,
1253 399 1290 430 ὡς
1312 400 1372 430 ταῖς
1395 399 1572 434 ἐπαγγελίαις
1585 399 1635 425 οὐκ
1653 398 1781 426 ἐπιθέντα
1794 400 1824 425 τὸ
1835 400 1880 427 πέ-

1092 453 1160 480 ρας·
1178 444 1247 472 ἀλλά
1273 445 1320 472 καὶ
1341 445 1412 480 δίψει
1436 444 1615 479 πιεζόμενος,
1630 444 1678 471 καὶ
1711 447 1784 471 πιεῖν
1809 445 1880 481 ὕδωρ

1091 490 1138 524 ἀφ’
1151 486 1188 517 ὧν
1207 489 1297 526 ὤρυξε
1324 491 1449 525 φρεάτων
1470 489 1638 525 εἰργόμενος,
1662 489 1725 516 οὕτε
1751 490 1823 516 κατά
1834 490 1880 517 τοῦ

1092 535 1257 568 καλέσαντος
1274 536 1462 571 ἐδυσχέρανεν,
1477 535 1539 563 οὕτε
1554 537 1618 568 τοὺς
1633 535 1795 568 ἀδικοῦντας
1806 536 1878 572 ἠμύ-

1091 589 1165 609 νατο.
1181 581 1305 615 Ἐδέξατο
1317 584 1364 609 καὶ
1380 582 1459 617 λιμοῦ
1479 581 1640 617 προσϐολὴν,
1659 582 1707 607 καὶ
1720 582 1772 608 οὐκ
1785 581 1878 609 ἔσϐεσε

1091 626 1136 653 τὸν
1151 627 1200 663 τῆς
1217 628 1326 663 ἀγάπης
1340 627 1443 663 πυρσόν
1455 635 1462 642 ·
1479 627 1603 663 ἀφῃρέθη
1620 627 1669 654 καὶ
1683 627 1732 663 τὴν
1748 627 1880 662 ὁμόζυγα,

1091 675 1140 700 καὶ
1151 673 1211 708 ὥρᾳ
1221 673 1394 708 λάμπουσαν,
1408 673 1454 701 καὶ
1467 674 1630 709 σωφροσύνῃ
1653 674 1881 709 κεκοσμημένην,

1091 721 1139 747 καὶ
1150 719 1193 746 διὰ
1204 720 1311 747 πάντων
1330 719 1405 754 αὺτῷ
1424 719 1535 756 θυμήρη
1552 720 1598 746 τὸν
1614 720 1672 754 βίον
1690 721 1880 756 παρέχουσαν·

1092 766 1139 792 καὶ
1151 766 1181 792 οὐ
1205 766 1379 803 συναφῃρέθη
1405 767 1454 802 τὴν
1477 767 1542 801 περὶ
1560 766 1606 793 τὸν
1629 767 1696 794 Θεὸν
1723 767 1832 802 ἀγάπην
1849 769 1880 803 τῇ

1092 812 1211 845 γυναικί.
1233 812 1314 839 Ἀλλά
1339 813 1384 839 καὶ
1405 812 1591 847 ὲπαμύνοντος
1610 813 1657 840 τοῦ
1674 812 1754 845 Θεοῦ,
1775 813 1821 839 καὶ
1834 812 1882 848 τὴν

1094 858 1284 894 μακροθυμίαν
1298 858 1493 894 γυμνάζοντος,
1509 859 1555 885 καὶ
1578 859 1787 894 συγχωροῦντος
1806 858 1882 893 δέχε-

1093 904 1155 932 σθαι
1170 907 1220 941 τῆς
1248 904 1354 937 ἀδικίας
1366 906 1414 937 τὰς
1433 905 1594 941 προσϐολὰς,
1620 906 1722 940 ὁμοίως
1749 905 1884 939 διέμεινεν

1093 952 1219 987 ἀγαπῶν.
1229 952 1283 978 Καὶ
1293 951 1448 987 πρεσϐύτης
1462 952 1580 985 ἐγένετο,
1597 952 1646 978 καὶ
1656 951 1750 987 πατὴρ
1757 953 1806 978 οὐκ
1823 952 1884 985 ὲγέ-

1093 1006 1163 1030 νετο,
1175 998 1222 1024 καὶ
1235 997 1299 1033 περὶ
1312 996 1391 1024 αὑτὸν
1400 997 1504 1033 πατέρα
1516 997 1639 1032 ποιήσειν
1652 998 1885 1032 ἐπαγγειλάμενον

1096 1041 1155 1076 μὲν,
1165 1042 1196 1068 οὐ
1212 1042 1381 1076 πεποιηκότα
1397 1042 1424 1068 δὲ
1436 1042 1514 1074 τέως.
1525 1042 1625 1077 ὁμοίως
1633 1043 1760 1069 διέκειτο.
1770 1042 1882 1077 Ἐπειδὴ

1093 1087 1123 1114 δὲ
1131 1086 1179 1122 ὀψέ
1190 1096 1266 1121 ποτε,
1281 1088 1329 1114 καὶ
1339 1087 1561 1124 τὴνλέπαγγελίαν
1571 1088 1661 1121 ἔλαϐε,
1669 1089 1770 1120 καὶτῆς

1094 1132 1143 1168 τὴν
1165 1133 1246 1167 φύσιν
1275 1133 1396 1167 ἐνίκησε,
1411 1134 1457 1160 καὶ
1478 1133 1525 1160 τοῦ
1547 1134 1649 1169 γήρους
1679 1134 1800 1170 ὑπερέϐη
1823 1135 1884 1165 τοὺς

1093 1179 1183 1214 ὄρους,
1199 1179 1246 1206 καὶ
1268 1179 1315 1206 τοῦ
1330 1179 1421 1206 Ἰσαὰκ
1433 1180 1576 1215 ἀπεφάνθη
1602 1180 1702 1215 πατὴρ,
1721 1180 1812 1214 ὀλίγον
1835 1179 1882 1215 μὲν

1094 1226 1189 1261 χρόνον
1196 1228 1246 1262 τῆς
1255 1226 1516 1262 ἐντεῦθενθυμηδίας
1538 1227 1678 1263 ἀπήλαυσε
1687 1235 1693 1241 “
1705 1227 1845 1262 μειράκιον
1856 1227 1884 1252 il:

1094 1270 1125 1298 τὸ
1133 1271 1238 1298 παιδίον
1246 1271 1400 1308 γενόμενον,
1411 1274 1604 1308 προσενεγκεῖν
1610 1274 1648 1302 εἰς
1656 1272 1750 1300 Θυσίαν
1757 1272 1884 1307 προσετά-

1095 1317 1146 1353 χθη
1159 1317 1198 1352 τῷ
1212 1317 1350 1350 δεδωκότι,
1365 1320 1412 1346 καὶ
1421 1319 1452 1347 τδ
1461 1319 1547 1354 δῶρον
1557 1320 1605 1346 ἀντ
1610 1319 1753 1354 ιδοῦναιτῷ
1762 1328 1791 1355 χ’
1797 1319 1883 1354 ρηγῷ,

1096 1364 1144 1391 καὶ
1162 1364 1251 1400 ίερεὺς
1261 1365 1387 1399 γενέσθαι
1400 1365 1447 1392 τοῦ
1458 1365 1508 1401 τῆς
1529 1365 1696 1400 ἐπαγγελίας
1708 1366 1827 1401 καρποῦ,
1838 1365 1885 1392 καὶ

1095 1412 1283 1445 προσαγαγεῖν
1311 1412 1351 1444 είς
1373 1412 1469 1440 θυσίαν
1491 1412 1545 1439 τῶν
1572 1412 1657 1439 ἐθνῶν
1684 1412 1733 1448 τὴν
1761 1413 1882 1447 μεγάλην

1096 1455 1197 1492 πηγὴν,
1214 1457 1259 1483 καὶ
1276 1458 1372 1492 αἵματι
1397 1458 1558 1493 μονογενοῦς
1571 1458 1667 1490 παιδὸς
1693 1459 1884 1492 καταφοινίξαι

1095 1501 1144 1533 τὰς
1156 1503 1260 1537 χεῖρας,
1287 1503 1356 1530 Ἀλλ’
1370 1504 1446 1538 ὅμως
1462 1504 1548 1531 ταῦτα
1571 1504 1670 1536 πάντα,
1689 1505 1736 1531 καὶ
1753 1504 1795 1530 ἐτι
1821 1505 1883 1530 τού-

1095 1556 1149 1573 των
1162 1547 1250 1583 πολλῷ
1267 1548 1389 1581 πλείονα,
1403 1550 1454 1584 τῆς
1470 1550 1566 1581 θυσίας
1593 1550 1719 1585 ἐχούσης,
1749 1550 1799 1585 οὐκ
1821 1551 1884 1576 ἀντ-

1096 1592 1196 1620 έτεινεν
1206 1593 1220 1620 ό
1234 1594 1415 1630 πατριάρχης,
1425 1595 1483 1622 οὐδὲ
1493 1595 1526 1622 τὰ
1534 1595 1584 1630 τῆς
1594 1596 1701 1630 φύσεως
1716 1595 1884 1631 προύϐάλετο

1093 1639 1197 1672 δίκαια,
1212 1641 1272 1668 οὐδὲ
1286 1641 1334 1674 τὰς
1363 1643 1524 1678 ὑποσχέσεις
1542 1644 1581 1675 είς
1598 1643 1679 1678 μέσον
1710 1644 1884 1678 πιρὴγαῖειυ,

1093 1686 1155 1713 οὐδὲ
1169 1689 1351 1723 γηρωκομίας
1365 1690 1412 1716 καὶ
1423 1689 1511 1724 ταφῆς
1522 1689 1679 1724 ἀνεμνήσθη
1689 1698 1696 1704 θ
1708 1689 1776 1716 ἀλλά
1798 1689 1883 1716 πάντα

1092 1732 1224 1769 λογισμὸν
1244 1734 1415 1770 ἀνθρώπινον
1431 1737 1522 1771 ῥίψας,
1544 1737 1592 1763 καὶ
1605 1736 1681 1772 πόθῳ
1709 1737 1792 1764 πόθον
1813 1738 1884 1764 ἀντι-

1092 1778 1185 1812 τάξας.
1201 1781 1248 1806 καὶ
1267 1781 1341 1817 νόμῳ
1353 1781 1434 1816 νόμον
1457 1782 1632 1817 ἀντιστήσας,
1646 1782 1686 1818 τῷ
1703 1783 1753 1817 τῆς
1771 1783 1880 1817 φύσεως

1093 1824 1124 1852 τὸ
1149 1825 1229 1857 θεῖον,
1241 1826 1357 1862 ἔδραμεν
1372 1828 1412 1859 εἰς
1428 1828 1477 1862 τὴν
1494 1828 1660 1864 ἱερουργίαν,
1687 1828 1883 1860 ἀνενδοιάστως

1094 1871 1250 1907 ἐπενεγκεῖν
1262 1873 1311 1909 τὴν
1323 1873 1439 1908 πληγὴν,
1452 1874 1476 1900 εἰ
1488 1875 1525 1910 μὴ
1540 1875 1646 1910 ταχέως
1654 1877 1667 1902 ὁ
1675 1876 1882 1911 Μεγαλόδωρος,

1094 1917 1143 1952 τὴν
1170 1918 1323 1953 προθυμίαν
1351 1919 1514 1955 δεξάμενος,
1542 1919 1662 1947 ἐκώλυσε
1682 1921 1732 1956 τὴν
1762 1922 1880 1955 σφαγήν.

1100 1963 1182 1990 Ἀλλά
1203 1963 1256 1999 γὰρ
1279 1964 1330 1991 οὐκ
1350 1963 1418 1997 οἶδα,
1434 1966 1516 1998 εἴτις
1536 1967 1570 1993 ἀν
1583 1966 1710 2001 ἀρκέσεις
1731 1966 1820 2001 λόγος,
1843 1968 1883 1999 είς

1095 2008 1143 2044 τὴν
1158 2009 1204 2036 τοῦ
1219 2011 1320 2044 ἔρωτος
1333 2007 1408 2037 τοῦδε
1422 2011 1559 2047 διήγησιν.
1578 2012 1606 2039 ’0
1622 2012 1677 2048 γὰρ
1704 2013 1772 2048 μηδὲ
1803 2022 1881 2048 μονο-

1094 2056 1189 2089 γενοῦς
1205 2056 1369 2092 φεισάμενος
1389 2057 1493 2090 παιδὸς,
1510 2057 1604 2093 ἐπειδὴ
1619 2058 1699 2085 τοῦτο
1716 2059 1882 2094 προσέταξεν

1095 2102 1109 2129 ὸ
1123 2102 1269 2137 ἐρώμενος.
1287 2103 1360 2134 τίνος
1375 2103 1424 2129 οὐκ
1436 2103 1470 2130 ἂν
1484 2103 1528 2130 διὰ
1545 2104 1639 2130 τοῦτον
1655 2105 1881 2140 ὑπερεφρόνησε;

1095 2147 1142 2173 καὶ
1169 2146 1251 2179 αὐτὸς
1269 2147 1296 2173 δὲ
1311 2148 1325 2174 ὑ
1352 2147 1439 2182 μέγας
1459 2149 1562 2181 Ἰσαὰκ,
1581 2149 1631 2184 τὴν
1663 2150 1748 2186 αὐτὴν
1771 2151 1882 2186 ἀγάπην

1096 2193 1160 2228 περὶ
1176 2193 1221 2220 τὸν
1240 2194 1379 2230 Δεσπότην
1402 2195 1545 2230 ἐκτήσατο.
1572 2197 1650 2223 Καὶό
1661 2197 1758 2224 τούτου
1775 2198 1803 2224 δὲ
1815 2198 1881 2231 υίὸς,

1103 2238 1197 2265 Ἰακὼϐ
1207 2239 1408 2276 δπατριάρκης.
1430 2241 1539 2277 ’ᾼδουσι
1549 2242 1577 2268 δὲ
1590 2243 1753 2278 ἀμφοτέρων
1770 2243 1800 2270 τὸ
1811 2244 1884 2278 φιλό-

255 2289 364 2316 quoque
385 2281 461 2308 lsaac
476 2283 500 2311 ⁸,
517 2279 642 2307 eamdem
666 2280 693 2307 iu
717 2279 865 2308 Dominum
878 2281 1042 2310 charitatem

1097 2283 1156 2310 θεον
1169 2285 1198 2311 αί
1215 2284 1285 2312 θεῖαι
1303 2285 1409 2320 Γραφαί
1422 2294 1429 2300 '
1451 2287 1497 2312 καὶ
1514 2287 1596 2320 αὐτὸς
1610 2288 1637 2314 δὲ
1648 2289 1662 2314 ό
1673 2289 1726 2314 τῶν
1737 2289 1806 2315 ὅλων
1819 2289 1883 2321 Θεὸς

257 2328 363 2358 habuit,
380 2331 464 2361 atque
477 2326 560 2359 hujus
570 2326 650 2352 etiam
666 2326 740 2354 ﬁlius
751 2326 837 2355 Jacob
852 2328 1007 2363 patriarcha
1022 2331 1044 2356 ί.

257 2373 407 2407 Utriusque
423 2376 514 2398 autem
537 2371 563 2397 in
583 2371 668 2399 Deum
686 2379 806 2400 amorem
823 2373 924 2402 divina;
936 2374 1047 2402 Litterae

255 2419 406 2454 praedicant
419 2427 426 2445 :
440 2421 466 2444 ct
482 2417 587 2452 1315
602 2419 792 2446 universorum
807 2419 880 2448 Deus
897 2420 965 2456 ipse,
981 2430 1047 2450 nus-

256 2472 337 2499 quam
357 2470 450 2490 ramos
466 2471 479 2489 a
501 2463 593 2490 radice
609 2468 729 2499 separat,
747 2465 795 2492 sed
810 2465 893 2493 Deum
911 2474 940 2494 se
957 2467 1045 2494 Abra-

258 2507 341 2539 hami,
358 2512 385 2535 et
405 2507 501 2539 Isaaci,
519 2507 652 2536 etJacobi
665 2510 785 2545 appellat
802 2515 827 2538 “.
844 2510 947 2539 Horum
961 2513 1044 2539 etiam

252 2554 364 2580 \l'ruetus
379 2553 440 2588 pius
451 2557 493 2580 est
505 2551 608 2588 Ioseph
623 2557 647 2586 '.
664 2555 710 2589 qui
729 2555 802 2582 inter
815 2556 932 2590 juvenes
947 2565 1044 2591 senex,

253 2603 281 2625 et
305 2598 376 2626 inter
398 2607 479 2627 senes
499 2607 650 2636 generosus
673 2601 777 2628 exstitit
794 2611 800 2629 :
819 2602 900 2637 cujus
921 2611 1044 2631 amorem

256 2645 284 2671 in
301 2643 383 2672 Deum
399 2652 450 2672 nec
473 2645 575 2672 invidia
592 2646 691 2673 delevit
707 2653 731 2679 ι,
745 2655 796 2675 nec
808 2649 928 2677 servitus
942 2650 1044 2677 restin-

257 2690 305 2721 xit,
322 2698 371 2718 nec
387 2691 504 2719 dominze
525 2691 666 2720 blanditiae
677 2692 872 2728 dissolvcrunt,
899 2703 949 2724 nec
964 2697 1043 2725 minae

254 2740 399 2771 unctusque
422 2736 635 2770 lahefactarunt,
657 2746 706 2765 nec
724 2738 873 2767 calumnia:
895 2745 923 2768 et
944 2749 1042 2770 carcer

1095 2330 1214 2365 οὐδαμοῦ
1238 2331 1287 2366 τῆς
1309 2331 1386 2367 ῥίζης
1404 2332 1562 2368 διαχωρίζει
1588 2335 1650 2366 τοὺς
1676 2334 1802 2366 κλάδους,
1817 2334 1885 2361 ἀλλά

1096 2375 1161 2402 Θεὸν
1175 2377 1271 2403 ἑαυτὸν
1290 2377 1427 2412 Ἀϐραὰμ,
1443 2378 1490 2405 καὶ
1505 2379 1607 2412 Ἰσαὰκ,
1629 2380 1676 2406 καὶ
1697 2380 1794 2406 Ἰακὼϐ
1824 2381 1883 2408 δνο-

1097 2421 1188 2457 μάζει.
1219 2422 1327 2449 Τούτων
1344 2424 1402 2450 ἐστὶ
1424 2425 1530 2460 καρπὸς
1544 2425 1659 2460 εὐσεϐὴς
1677 2426 1724 2452 καὶ
1740 2427 1851 2461 Ἰωσὴφ,
1869 2428 1884 2453 ὁ

1096 2470 1124 2494 ὲν
1140 2469 1210 2500 νέοις
1221 2469 1387 2504 πρεσϐύτης,
1405 2471 1454 2496 καὶ
1467 2471 1496 2496 ἐν
1510 2471 1677 2506 πρεσϐύταις
1696 2473 1821 2505 γενναῖος
1833 2480 1840 2487 ·
1853 2470 1884 2500 οὗ

1095 2515 1124 2541 τὸ
1135 2515 1256 2549 φιλόθεον
1273 2516 1334 2543 οὔτε
1347 2516 1441 2551 φθόνος
1454 2517 1604 2552 ὴνάλωσεν,
1618 2518 1679 2545 οὔτε
1692 2519 1800 2547 δουλεία
1819 2529 1884 2547 κατ-

1095 2561 1215 2593 έσϐεσεν,
1229 2561 1260 2587 οὐ
1276 2562 1419 2598 δεσποίνης
1434 2563 1550 2599 ἐσύλησε
1573 2564 1713 2598 κολακεία,
1726 2567 1776 2593 οὐκ
1787 2565 1884 2602 ἀπειλὴ

1095 2608 1141 2634 καὶ
1157 2607 1216 2639 δέος
1232 2608 1367 2644 ἐμάρανεν
1378 2617 1385 2624 ·
1397 2609 1427 2636 οὐ
1439 2611 1618 2644 συκοφαντία,
1626 2611 1672 2638 καὶ
1684 2611 1885 2648 δεσμωτήριον,

1095 2653 1141 2680 καὶ
1155 2654 1251 2688 χρόνος
1268 2655 1372 2690 μακρὸς
1386 2656 1589 2683 κατεπάλαισεν
1599 2665 1605 2672 ·
1627 2658 1677 2684 οὐκ
1693 2657 1815 2691 ἐξουσία,
1839 2659 1884 2684 καὶ

1095 2698 1256 2732 δυναστεία,
1273 2701 1320 2727 καὶ
1341 2701 1441 2736 τρυφὴ,
1462 2702 1509 2728 καὶ
1534 2702 1659 2734 πλοῦτος,
1691 2704 1740 2739 τῆς
1765 2705 1884 2736 διανοίας

1096 2744 1224 2777 ἐξέϐαλεν
1240 2754 1246 2761 ·
1259 2746 1317 2773 ἀλλ’
1337 2746 1443 2781 ἔμεινεν
1454 2747 1555 2782 ὁμοίως
1571 2748 1618 2774 καὶ
1631 2748 1739 2782 βλέπων
1750 2749 1796 2775 τὸν
1813 2748 1883 2783 ἐρώ-

291 2860 385 2902 ξορη.
400 2869 455 2888 ut.
473 2869 546 2902 εει-ι.
586 2867 604 2880 ιη
618 2856 741 2902 Οόιωᾳ.
780 2871 792 2884 η
806 2865 874 2893 Gen.
891 2875 937 2898 xx.
951 2868 983 2894 i7
1000 2873 1026 2895 ct

1107 2869 1185 2897 Rom.
1202 2871 1217 2896 ι
1234 2878 1241 2902 ;
1260 2870 1387 2898 Galam"
1403 2869 1495 2901 ',Gen.
1515 2878 1547 2896 xv
1567 2875 1593 2897 et
1614 2879 1642 2898 ιι.
1695 2869 1786 2897 °Gcn.
1805 2877 1860 2898 nit
1873 2889 1881 2902 ,

255 2895 338 2924 Ilebr.
359 2904 395 2923 xi.
447 2901 460 2921 Ρ
472 2896 540 2923 Gen.
557 2903 644 2930 xxu,‘

254 2939 330 2959 sum
343 2936 370 2959 ct
385 2940 466 2960 xxxv.

687 2898 769 2926 «Jac.
790 2909 817 2927 ιι.
864 2906 875 2920 ι’
890 2902 958 2929 Gen.
979 2912 1047 2930 xxii.

523 2938 537 2951 η
553 2931 621 2962 Gen.
637 2941 712 2966 sui.
732 2943 827 2962 xxviii.
864 2940 876 2954 ν
890 2937 975 2965 Exod.
992 2946 1020 2966 ill
1043 2943 1069 2966 et
1087 2948 1123 2967 iv.

1098 2908 1109 2922 ι
1128 2905 1183 2931 Gen
1199 2913 1274 2934 XXIV.
1290 2913 1363 2933 xxvi.
1377 2910 1405 2932 et
1422 2913 1507 2932 xxvii.
1559 2908 1568 2923 ί
1587 2905 1652 2934 Gen.
1671 2913 1743 2932 xxvu
1758 2926 1764 2938 ,
1785 2913 1882 2939 xum,

1174 2939 1263 2967 xGen.
1283 2949 1374 2967 uxvu
1391 2945 1416 2968 ct
1433 2948 1527 2967 xxxix.
