2064 3120
211 207 278 240 1517

608 206 749 236 ORATIO
768 205 816 237 DE
837 204 969 235 D‘VINA
989 203 1035 234 ΕΤ
1055 205 1197 235 SANCTA
1209 206 1424 238 CHARITATE

1765 207 1833 240 15l8

210 274 300 302 μενον,
315 264 362 292 καὶ
382 265 442 296 τοὺς
468 265 572 292 ἐκείνου
596 265 694 299 νόμους
721 263 843 300 πληρῶν.
867 263 996 298 Ταύτηνδ

1050 268 1210 300 tempusque
1225 265 1361 300 prolixum
1376 270 1580 301 expugnarunt,
1595 274 1648 294 non
1661 271 1794 302 potestas,
1806 272 1834 295 et

209 311 311 345 Μωσῆς
332 311 381 346 τὴν
404 311 513 346 ἀγάπην
537 310 726 345 κτησάμενος,
744 310 794 345 τῆς
807 310 836 335 ἐν
852 309 996 345 βασιλείοις

208 356 313 391 διαίτης
325 357 547 392 καταφρονήσας,
571 355 672 391 μᾶλλον
693 356 781 382 εἵλετο
800 355 998 390 συγκακουχεϊ-

211 401 273 428 σθαι
287 401 326 437 τῷ
339 401 395 437 λαῷ
406 401 452 428 τοῦ
467 400 573 436 Θεοῦ,ῆ
589 400 757 436 πρόσκαιρον
771 400 843 435 ἔχειν
859 399 996 435 ἁμαρτίας

208 447 368 474 ἀπόλαυσιν.

243 579 299 607 Καὶ
311 580 337 606 τί
353 580 394 606 δεῖ
420 580 551 615 μηκύνειν
578 579 627 606 καὶ
657 580 729 615 πέρα
756 578 803 605 τοῦ
835 578 935 614 μέτρου
951 578 996 605 τὸν

207 624 286 658 λόγον
311 625 464 656 ἑκτείνειν;
491 624 530 660 Τῇ
556 623 616 660 θείᾳ
640 624 694 660 γὰρ
720 624 816 660 ἀγάπῃ
843 624 917 650 πᾶσα
943 623 997 649 τῶν

208 670 385 706 προφητῶνή
409 671 519 707 ἑταιρία
543 671 712 706 κεχρημένη.
739 670 786 696 καὶ
809 669 996 705 κοσμουμένη,

208 718 254 744 καὶ
268 718 317 753 τὴν
333 717 504 752 τελειοτάτην
529 717 711 753 κατώρθωσεν
733 716 847 752 ἀρετὴν,
872 716 920 743 καὶ
941 715 998 742 ἀεί-

209 771 326 798 μνηστον
342 762 371 789 τὸ
385 762 464 794 κλέος
479 761 622 790 κατέλιπε.
638 762 694 788 Καὶ
711 761 803 797 μέντοι
817 761 864 788 καὶ
875 761 928 787 τῶν
935 761 998 786 ἀπο-

209 809 308 835 στόλων
325 808 438 844 ὁχορδς,
456 809 502 834 καὶ
530 807 584 834 τῶν
608 807 753 844 μαρτύρων
764 808 788 834 οἱ
810 807 903 842 δῆμοι,
920 806 998 833 τοῦτο

208 855 236 881 τὸ
252 854 306 890 πῦρ
330 854 533 889 εἰσδεξάμενοι,
568 854 676 881 πάντων
698 854 747 888 μὲν
774 853 915 889 ὑπερεῖδον
942 852 996 879 τῶν

207 901 370 936 ὁρωμένων,
402 901 492 936 πάσης
507 900 535 927 δὲ
557 899 630 935 ζωῆς
657 900 767 935 ἡδίστης
781 900 815 927 τὰ
837 901 922 936 μυρία
943 899 998 926 τῶν

1047 311 1209 343 dominatio,
1229 315 1255 338 et
1269 310 1389 343 delicite,
1406 315 1432 338 et
1449 319 1515 346 opes
1531 320 1546 339 a
1560 314 1694 340 sententia
1710 313 1834 341 dimove-

1047 361 1134 384 runt:
1153 356 1201 384 sed
1216 357 1336 392 perstitit
1349 357 1444 384 eodem
1459 365 1567 393 semper
1585 359 1678 390 modo,
1700 364 1726 387 et
1751 368 1832 395 qttem

1048 402 1177 438 diligebat
1196 403 1388 434 considerans,
1405 406 1432 429 et
1443 403 1502 437 ejus
1519 403 1592 438 leges
1605 404 1766 431 observans.
1778 403 1834 431 Hae

1047 449 1141 476 eadem
1150 449 1283 476 charitate
1296 448 1425 483 praeditus
1436 448 1536 481 Moses,
1547 449 1647 484 regalis
1661 450 1730 476 aula:
1743 453 1834 484 spreto

1048 496 1187 527 convictu,
1214 494 1295 529 afﬂigi
1325 494 1422 521 maluit
1451 501 1514 521 cum
1540 494 1641 529 populo
1669 494 1726 526 Dei,
1753 503 1835 530 quam

1048 541 1207 576 temporalis
1225 541 1330 576 peccati
1342 540 1442 568 habere
1457 540 1656 575 jucunditatem
1673 545 1697 566 γ.

1084 587 1117 614 Ει
1140 588 1205 622 quid
1233 594 1345 615 necesse
1365 591 1407 614 est
1429 586 1543 613 ulterius
1558 593 1711 614 sermonem
1727 592 1836 621 protra-

1049 633 1124 664 here.
1142 633 1309 668 modumque
1325 632 1461 660 orationis
1487 631 1637 660 excedere?
1656 631 1724 659 Nam
1744 633 1834 660 divina

1048 679 1185 706 charitate
1202 679 1331 706 universa
1353 678 1554 714 prophetarum
1571 677 1673 705 cohors
1689 685 1737 705 usa
1754 681 1779 705 et
1791 685 1837 704 or-

1048 728 1127 757 nata,
1142 729 1170 752 et
1190 723 1423 759 perfectissimam
1445 723 1574 750 virtutem
1591 727 1634 750 est
1651 726 1790 754 assecuta.
1808 727 1836 749 et

1048 770 1164 806 gloriam
1178 770 1299 797 nominis
1309 770 1506 805 sempiternam
1520 769 1644 804 reliquit.
1659 768 1711 797 Sed
1723 773 1752 796 et
1772 777 1837 804 apo-

1050 815 1183 842 stolorum
1200 815 1313 847 chorus,
1328 820 1356 842 et
1370 820 1519 850 martyrum
1535 815 1686 846 excrcitus,
1709 814 1761 840 hoc
1775 814 1837 849 igne

1049 865 1192 896 concepto,
1217 860 1335 889 visibilia
1359 860 1451 888 omnia
1474 859 1646 895 contemptui
1667 859 1836 892 habuerunt,

1049 911 1076 934 ct
1094 908 1225 935 inlinities
1241 907 1322 937 mori.
1343 914 1425 942 qttam
1444 906 1610 934 suavissima
1631 906 1685 932 vita
1703 905 1756 932 frui
1781 913 1838 932 ma-

207 947 331 974 οανάτων
359 946 416 981 εἴδη
458 945 626 981 προείλοντο.
655 944 832 981 Ἐρασθέντες
861 945 915 980 γὰρ
952 945 998 971 τοῦ

1051 953 1170 980 luerunt.
1187 951 1265 986 Capti
1282 951 1353 979 enim
1371 951 1470 978 divina:
1492 951 1708 986 pulchritudinis
1731 958 1836 982 amore,

207 993 280 1020 θείου
297 992 422 1026 κάλλους,
441 992 487 1018 καὶ
500 991 529 1018 τὺ
543 992 607 1026 περὶ
620 991 694 1026 ἡμᾶς
706 990 753 1018 τοῦ
769 990 836 1017 Θεοῦ
850 990 997 1026 λογισάμε-

207 1048 247 1066 νοι
257 1038 377 1074 φίλτρον,
389 1037 495 1069 καὶτὰς
505 1037 605 1073 μυρίας
616 1036 815 1071 ἐνθυμηθέντες
825 1037 995 1072 εὐεργεσίας,

207 1085 318 1120 αἱσχρδν
340 1085 489 1120 ἡγήσαντο,
510 1084 577 1118 μήτε
593 1083 623 1109 τὺ
638 1082 735 1114 κάλλος
759 1082 846 1110 ἐκεῖνο
879 1083 996 1117 ποθῆσαι

207 1131 238 1157 τὸ
252 1130 400 1166 ἄφραστον,
415 1130 462 1156 καὶ
472 1129 614 1164 ἀχάριστοι
627 1129 690 1164 περὶ
700 1128 744 1154 τὸν
757 1127 904 1163 εὐεργέτην
918 1129 997 1162 γενέ-

210 1177 282 1203 σθαι.
298 1176 398 1203 Τούτου
414 1175 502 1211 χάριν,
528 1174 609 1209 μέχρι
624 1173 739 1200 θανάτου
755 1174 804 1205 τὰς
822 1173 889 1208 πρὸς
915 1173 996 1200 αὑτδν

210 1222 346 1258 συνθήκας
362 1220 507 1256 ἐφύλαξαν.
527 1219 628 1246 Τούτου
644 1219 690 1246 τοῦ
706 1219 820 1250 κάλλους
834 1219 995 1255 ἐρασθέντες

209 1269 256 1295 καὶ
272 1269 295 1295 οἱ
308 1267 362 1294 νέοι
378 1269 426 1302 τῆς
437 1267 538 1302 ἀρετῆς
553 1265 677 1301 ἀθληταὶ,
695 1262 731 1291 ὦν
747 1265 954 1300 συνεγράψαμεν
968 1267 997 1292 ἐν

211 1314 335 1349 συντόμῳ
348 1313 393 1339 τὸν
411 1312 476 1348 βίον,
496 1313 534 1343 εἰς
556 1312 619 1343 τοὺς
641 1311 776 1346 μεγάλους
804 1311 934 1344 ἐκείνους,
951 1313 998 1339 καὶ

210 1360 257 1396 τὴν
267 1360 439 1396 ἀνθρωπείαν
450 1358 483 1394 φύ
489 1368 528 1385 σιν
536 1358 679 1390 νικῶντας,
696 1358 877 1394 εἰσεπήδησαν
889 1357 996 1390 ἄθλους.

210 1406 295 1434 Τοῦτο
308 1406 336 1433 δὲ
354 1406 446 1440 σαφῶς
464 1405 562 1435 αὐτοὺς
579 1404 772 1436 ὲξεπαίδευσαν
788 1405 815 1430 αἱ
831 1403 902 1430 θεῖαι
924 1404 996 1439 Γρα-

210 1453 267 1487 φαί.
283 1452 421 1479 Ψάλλουσι
434 1451 487 1486 γὰρ
497 1450 566 1486 μετὰ
576 1450 622 1476 τοῦ
637 1443 754 1485 μεγᾶλου
770 1449 852 1475 Δαϐἱδ
863 1457 869 1464 ·
884 1458 894 1475 ‹
909 1449 996 1484 Κύριε

209 1500 224 1525 ό
240 1498 305 1530 Θεός
321 1506 384 1533 μου,
398 1496 434 1528 ὡς
450 1495 638 1531 ὲμεγαλύνθης
654 1495 767 1530 σφόδρα.
788 1494 997 1530 Ἐξομολόγησιν

210 1546 258 1572 καὶ
282 1543 520 1580 μεγαλοπρέπειαν
551 1541 679 1573 ὲνεδύσω,
704 1541 919 1576 ἀναϐαλλόμενος
939 1540 996 1575 φῶς

211 1591 249 1622 ὡς
267 1590 388 1625 ἱμάτιον·
407 1589 536 1615 ἐκτείνων
555 1587 601 1614 τὸν
614 1587 739 1623 οὐρανὸν,
767 1587 834 1613 ὡσεὶ
860 1587 970 1622 δέρριν·
985 1595 993 1612 ι

209 1636 258 1663 καὶ
265 1635 348 1663 τᾶλλα
360 1636 411 1662 ὅσα
418 1634 466 1670 τὴν
479 1633 573 1668 σοφίαν
586 1633 666 1659 αὑτοῦ
677 1633 796 1660 διδάσκει
811 1633 859 1659 καὶ
873 1632 997 1667 δύναμιν.
1013 1622 1034 1651 c

212 1683 266 1709 Καὶ
275 1682 368 1708 πάλιν
385 1690 393 1706 ι
407 1681 435 1707 't)
446 1679 546 1715 Κύριος
569 1678 754 1711 ὲὸασίλευσεν,
772 1678 938 1714 εὐπρέπειαν
954 1679 998 1704 ὲν-

211 1727 331 1755 εδύσατο·
342 1726 483 1763 ἐνεδύσατο
501 1725 601 1761 Κύριος
610 1724 733 1759 δύναμιν,
744 1725 790 1751 καὶ
798 1724 983 1761 περιεζώσατο
991 1732 998 1739 ·

212 1772 322 1807 καὶγὰρ
343 1771 506 1806 κατώρθωσε
524 1770 573 1805 τὴν
589 1768 763 1804 οἰκουμένην,
776 1769 837 1804 ἥτις
851 1769 882 1795 οὐ
903 1767 999 1795 σαλευ-

213 1818 361 1853 Θὴσεται.»
387 1816 534 1843 Κάνταῦοα
559 1815 588 1842 δὲ
616 1814 747 1847 ὡσαύτως
768 1815 815 1841 καί
843 1815 924 1848 σοφία
951 1813 999 1840 καὶ

213 1864 308 1895 κάλλος
327 1862 483 1898 ἐκηρύχθη,
511 1861 557 1888 καὶ
577 1861 701 1896 δύναμις.
725 1861 780 1887 Καὶ
808 1861 921 1896 ἑτέρωθι
949 1860 997 1887 δέ·

216 1920 225 1936 ‹
241 1910 345 1945 Ὠραῖος
360 1908 453 1935 κάλλει
473 1907 549 1943 παρὰ
563 1907 626 1938 τοὺς
641 1907 715 1938 υἱοὺς
734 1906 787 1933 τῶν
811 1906 974 1942 ἀνθρώπων.
986 1916 996 1932 ι

219 1955 350 1982 Ἐνταῦθα
364 1954 402 1985 δὲ,
420 1953 468 1980 καὶ
483 1953 512 1979 τὸ
527 1952 697 1988 ἀνθρώπινον
711 1952 757 1979 τοῦ
770 1952 836 1978 Θεοῦ
847 1952 935 1986 Λόγου
951 1953 997 1979 εὐ-

214 2002 323 2036 φήμησε
336 1999 441 2030 κάλλος.
451 1998 546 2033 Ύμνεῖ
557 1997 584 2023 δὲ
602 1997 647 2023 καὶ
658 1997 706 2032 τὴν
721 1997 814 2031 σοφίαν
823 2006 829 2012 ·
843 2006 852 2022 ‹
869 1997 998 2033 Ἐξεχύοη

214 2047 277 2081 γὰρ,
292 2046 370 2080 φησὶ,
387 2045 465 2080 χάρις
483 2045 512 2070 ὲν
533 2042 633 2078 χείλεσί
650 2051 707 2068 σου.
722 2051 730 2067 ι
750 2042 937 2069 Ὑποδείκνυσι
953 2044 999 2070 καὶ

213 2093 263 2128 τὴν
275 2092 388 2127 δύναμιν
401 2099 407 2106 ”
427 2100 436 2116 ‹
452 2089 605 2124 Περίζωσαι
619 2088 667 2124 τὴν
680 2088 820 2124 ῥομφαίαν
835 2097 881 2115 σου
899 2089 946 2116 ἐπὶ
953 2089 998 2116 τὸν

216 2139 302 2174 μηρόν
317 2147 374 2170 σου,
393 2137 507 2164 δυνατέο
526 2137 559 2171 τῇ
573 2135 719 2171 ὼραιδτητί
736 2143 794 2167 σου,
807 2135 855 2162 καὶ
871 2135 909 2171 τῷ
932 2135 998 2163 κάλ-

215 2186 255 2212 λει
270 2194 328 2216 σου,
344 2185 390 2211 καὶ
415 2183 526 2215 ἕντεινε,
553 2182 600 2208 καὶ
627 2181 784 2214 κατευοδοῦ,
800 2182 847 2208 καὶ
862 2181 997 2216 βασίλευε,

215 2231 307 2258 ἕνεκεν
322 2229 461 2265 ἀληθείας,
476 2228 522 2255 καὶ
537 2227 700 2263 apathy-10:,
717 2228 763 2253 καὶ
786 2226 972 2261 δικαιοσύνης.
987 2237 996 2253 ι

215 2276 306 2303 Ταῦτα
320 2275 374 2310 γὰρ
393 2273 486 2305 αὐτοῦ,
499 2273 546 2300 καὶ
558 2272 665 2304 κάλλος.
679 2273 727 2298 καὶ
752 2271 877 2303 πλοῦτος,
893 2272 939 2299 καὶ
953 2272 997 2299 δύ-

214 2331 305 2357 ναμις.
322 2321 376 2348 Καὶ
391 2319 503 2351 Ἡσαΐας
521 2319 548 2345 δὲ
564 2318 613 2354 βοᾷ
624 2325 630 2332 ’
648 2327 657 2344 ι
670 2317 717 2349 Τίς
732 2314 831 2349 οὗτοςὸ
843 2319 997 2353 παραγενό-

216 2375 295 2403 μενος
310 2367 338 2400 ἐξ
349 2365 454 2401 Ἐδὼμ;
468 2364 593 2400 ἐρύθημα
621 2364 737 2399 ἱματίων
753 2363 835 2390 αὐτοῦ
849 2365 880 2390 ὲκ
898 2363 1001 2399 Βοσόρς

215 2410 300 2445 Οὗτος
327 2413 427 2448 ὡραῖος
445 2412 474 2438 ἐν
492 2411 571 2445 στολῇ
598 2409 691 2442 αὑτοῦ,
720 2409 765 2445 βία
787 2410 856 2445 μετὰ
874 2409 974 2445 ἰσχύος.
989 2419 998 2435 ι

215 2461 282 2488 Οὐδὲ
311 2459 364 2494 γὰρ
376 2460 393 2494 ἡ
404 2458 561 2493 ἀνθρωπεία
592 2457 672 2492 στολὴ
689 2457 719 2483 τδ
734 2457 804 2483 θεῖον
830 2457 1002 2492 κατεκάλυψε

216 2507 310 2538 κάλλος
323 2515 329 2521 ·
345 2505 412 2532 ἀλλὰ
431 2505 477 2532 καὶ
496 2503 598 2539 ταύτην
616 2502 859 2539 περιϐεϐλημένος,
891 2512 1002 2538 μαρμα-

217 2553 301 2589 ρυγὰς
315 2552 368 2579 ἀπὸ
384 2551 434 2587 τῆς
452 2551 526 2586 ὥρας
537 2550 659 2585 ἀφίησιν,
678 2549 715 2581 ὼς
733 2549 796 2581 τοὺς
809 2550 929 2586 ὁρῶντας
942 2550 1001 2585 βιά-

216 2600 309 2633 ζεσθαι
324 2600 371 2626 καὶ
386 2598 566 2632 καταθέλγειν
581 2598 620 2628 εἰς
637 2596 735 2631 ἔρωτα.
751 2596 837 2623 Τοῦτο
863 2597 908 2623 καὶ
936 2597 1002 2632 ἁγία

215 2642 316 2680 Νύμφη
333 2643 398 2679 πρὸς
412 2643 493 2670 αὑτὸν
506 2643 535 2669 ἐν
544 2643 599 2674 τοῖς
610 2642 728 2678 ¹ᾼσμασι
742 2642 795 2668 τῶν
805 2641 934 2677 ᾀσμάτων
949 2643 1003 2670 δια-

215 2691 348 2725 λεγομένη
371 2689 453 2724 φησί·
477 2699 485 2714 ι
498 2689 592 2724 Μῦρον
608 2687 760 2715 ὲκκενωθὲν
772 2688 859 2724 ὄνομα
877 2697 933 2716 σου.
953 2689 1002 2716 Διὰ

215 2735 293 2762 τοῦτο
316 2734 434 2767 νεάνιδες
461 2735 610 2770 ἠγάπησαν
632 2743 677 2760 σε·
706 2734 833 2761 εἵλκυσάν
851 2742 878 2761 ,τε
891 2742 897 2749 ·
915 2735 1003 2762 ὀπίσω

217 2791 263 2808 σου
278 2782 317 2813 είς
329 2781 416 2817 ὀσμὴν
431 2780 524 2816 μύρων
538 2789 583 2807 σου
595 2779 722 2816 ἔδραμον.
741 2789 749 2805 ι
764 2780 795 2806 Al
814 2780 868 2815 γὰρ
880 2782 1003 2808 νεανικαὶ

1052 997 1154 1031 Deique
1167 1004 1232 1032 erga
1245 1004 1295 1025 nos
1309 1003 1402 1024 atnore
1419 1003 1563 1031 perpensa,
1575 1001 1602 1023 et
1613 995 1720 1023 infinita
1735 996 1838 1023 benefi-

1051 1043 1093 1070 cia
1113 1043 1206 1070 animo
1222 1046 1390 1077 reputantes,
1409 1046 1489 1077 turpe
1514 1046 1657 1078 putarunt,
1675 1050 1726 1070 nec
1743 1043 1838 1070 inetia-

1052 1090 1132 1117 bilem
1147 1089 1220 1116 illam
1236 1089 1409 1117 desiderasse
1423 1088 1668 1124 pulchritudinem,
1685 1092 1713 1116 et
1724 1088 1838 1123 ingrati-

1053 1137 1157 1165 tudinis
1171 1136 1243 1172 apud
1264 1135 1467 1163 benefactorem
1488 1140 1579 1162 notam
1601 1134 1763 1162 incurrisse.
1781 1134 1839 1162 Hae

1052 1183 1085 1211 de
1106 1190 1189 1210 causa
1209 1182 1243 1209 ad
1267 1185 1382 1209 mortem
1410 1181 1517 1216 1316
1542 1188 1628 1215 usque
1646 1188 1696 1208 sua
1716 1188 1779 1208 cum
1805 1188 1838 1208 eo

1052 1232 1131 1264 pacta
1144 1232 1299 1256 servarunt.
1319 1227 1407 1262 Hujus
1419 1227 1502 1254 etiam
1521 1226 1734 1261 pulchritudinis
1745 1234 1838 1254 amore

1053 1274 1125 1310 capti
1150 1278 1276 1301 recentes
1298 1272 1409 1299 virtutis
1430 1271 1556 1303 athletis,
1582 1278 1699 1306 quorum
1723 1277 1739 1297 a
1759 1270 1838 1297 nobis

1053 1319 1108 1346 vita
1123 1317 1284 1353 compendio
1295 1316 1431 1351 descripta
1448 1321 1500 1347 est,
1518 1316 1552 1342 ad
1567 1323 1664 1350 magna
1680 1315 1725 1342 illa
1737 1314 1838 1341 huma-

1052 1373 1113 1393 nam
1136 1368 1262 1392 naturam
1279 1363 1438 1391 excedentia
1454 1361 1582 1396 prodiere
1597 1360 1759 1388 certamina.
1780 1360 1838 1388 Hoc

1051 1419 1115 1439 vero
1133 1411 1194 1438 illos
1218 1409 1362 1437 manifeste
1383 1409 1537 1436 docuerunt
1551 1407 1652 1435 divina:
1675 1407 1832 1443 Scriptum.

1051 1457 1160 1485 Canum.
1189 1456 1262 1484 enim
1296 1463 1358 1483 cum
1389 1462 1489 1490 magno
1522 1453 1624 1482 Davide
1651 1463 1658 1481 :
1691 1463 1701 1479 ι
1724 1453 1839 1481 Domine

1051 1503 1124 1530 Deus
1135 1510 1220 1535 meus,
1235 1500 1425 1536 magniﬁcatus
1436 1507 1467 1527 es
1481 1499 1667 1526 vehementer.
1681 1497 1840 1525 Confessio-

1051 1556 1113 1576 nem
1138 1551 1166 1576 et
1191 1547 1316 1575 decorem
1335 1546 1447 1573 induisti
1466 1554 1472 1571 :
1491 1544 1610 1571 amictus
1637 1543 1740 1571 lumine
1766 1543 1838 1571 sicut

1051 1594 1223 1622 vestimento.
1243 1590 1399 1618 Extendens
1414 1590 1513 1617 cmlum
1532 1588 1604 1616 sicut
1619 1588 1717 1623 pellent
1733 1592 1754 1620 ι,
1780 1596 1790 1613 υ
1810 1590 1837 1613 ct

1051 1640 1102 1666 alia
1120 1644 1290 1674 quaecunque
1314 1635 1473 1671 sapientiam
1493 1634 1579 1669 ipsius
1601 1638 1628 1661 et
1648 1633 1701 1660 vim
1727 1632 1837 1659 docent.

1052 1687 1090 1714 Ac
1107 1694 1224 1714 rursus:
1247 1693 1256 1710 ι
1273 1684 1403 1714 Dominus
1421 1683 1560 1718 regnavit.
1578 1681 1705 1708 decorem
1724 1680 1837 1707 indutus

1050 1734 1103 1760 est.
1119 1729 1232 1757 indutus
1249 1732 1291 1756 est
1310 1727 1442 1755 Dominus
1457 1726 1659 1758 fortitudinem,
1677 1731 1705 1753 et
1720 1725 1835 1761 praecin-

1050 1776 1090 1803 xit
1103 1784 1132 1803 se
1149 1780 1173 1802 ιι.
1197 1774 1301 1801 Etenim
1318 1774 1465 1801 constituit
1483 1773 1577 1800 orbem
1605 1775 1695 1805 terras,
1711 1771 1759 1806 qui
1783 1779 1838 1798 non

1050 1820 1267 1848 commovebitur
1281 1819 1305 1846 b.
1326 1828 1335 1844 ι
1353 1818 1413 1851 Quo
1429 1818 1488 1845 loco
1502 1817 1631 1845 similiter
1647 1816 1795 1852 sapientia,
1810 1822 1839 1843 et

1050 1865 1239 1901 pulchritudo.
1252 1870 1332 1897 atque
1348 1864 1468 1899 potentia
1479 1863 1625 1899 prmdicata
1642 1868 1692 1890 est.
1708 1862 1740 1889 Et
1752 1863 1836 1890 alibi:

1053 1921 1062 1937 ι
1086 1910 1233 1946 Speciosus
1260 1910 1350 1937 forma
1378 1917 1434 1944 pra:
1459 1908 1525 1936 ﬁliis
1553 1908 1695 1937 hominum
1711 1911 1734 1934 ο.
1762 1907 1838 1934 ιΗὶε

1050 1965 1116 1984 vero
1132 1961 1159 1983 et
1175 1956 1322 1983 lmmanam
1338 1955 1385 1982 Dei
1402 1953 1484 1983 Verbi
1498 1953 1731 1990 pulchritudinem
1746 1952 1837 1980 laudi—

1052 2002 1102 2029 bus
1114 2002 1221 2029 extulit.
1243 2001 1348 2028 Laudat
1363 2004 1453 2027 autem
1470 2004 1497 2028 et
1511 1999 1672 2035 sapientiam
1690 2008 1717 2026 ι(
1736 1998 1838 2026 Diffusa

1050 2049 1134 2081 enim,
1147 2048 1196 2080 ait,
1208 2051 1249 2075 est
1259 2047 1347 2082 gratia
1363 2047 1389 2074 in
1407 2046 1486 2074 labiis
1498 2047 1553 2074 tuis
1564 2046 1589 2073 ἀ.
1607 2055 1617 2072 ι
1629 2045 1755 2073 Ostendit
1769 2053 1838 2080 quo-

1051 2102 1104 2130 que
1126 2094 1276 2128 potentiam
1291 2101 1297 2119 :
1315 2102 1323 2118 ι
1337 2092 1486 2127 Accingere
1498 2092 1588 2128 gladio
1601 2097 1649 2120 tuo
1660 2099 1741 2126 super
1752 2091 1838 2118 femur

1051 2145 1139 2171 tuum.
1166 2138 1365 2174 potentissime.
1395 2137 1492 2174 Specie
1513 2142 1560 2166 tua
1586 2142 1614 2166 et
1634 2137 1838 2173 pulchritudine

1052 2190 1097 2214 tua
1115 2185 1244 2217 intende,
1266 2192 1396 2220 prospere
1412 2184 1540 2219 procede,
1561 2187 1589 2211 et
1606 2191 1701 2219 regna,
1726 2187 1837 2218 propter

1051 2232 1206 2263 veritatem,
1233 2229 1486 2262 mansuetudinem,
1511 2233 1538 2256 et
1561 2229 1695 2264 justitiam
1712 2234 1724 2248 ο
1744 2238 1753 2254 ι
1774 2228 1837 2255 llaec

1053 2277 1186 2313 siquidem
1207 2277 1293 2312 ipsius
1312 2279 1387 2306 sunt.
1403 2280 1430 2303 et
1442 2275 1554 2306 divitiae,
1569 2279 1596 2302 et
1613 2274 1798 2310 pulchritudo,
1812 2279 1837 2301 et

1017 2310 1039 2337 D
1054 2310 1186 2358 potentia.
1202 2310 1273 2356 Q_uin
1288 2326 1315 2350 et
1331 2322 1416 2350 Isaias
1431 2321 1551 2350 clamat:
1567 2330 1575 2347 ι
1591 2321 1657 2354 Quis
1673 2325 1715 2348 est
1728 2321 1780 2349 istc
1791 2321 1837 2354 qui

1052 2370 1126 2397 vertit
1142 2369 1176 2397 de
1191 2369 1298 2396 Edom?
1315 2368 1400 2396 rubor
1412 2368 1529 2395 vestium
1541 2368 1601 2402 ejus
1616 2367 1650 2394 de
1667 2366 1772 2394 Bosor?
1789 2366 1837 2393 llic

1050 2415 1188 2443 formosus
1204 2415 1230 2442 in
1245 2415 1316 2443 stola
1330 2422 1390 2446 sua,
1406 2414 1535 2441 violentia
1547 2421 1608 2441 cum
1623 2413 1783 2440 fortitudine
1796 2412 1835 2440 ί.»

1051 2461 1146 2496 Neque
1168 2462 1240 2489 enim
1259 2462 1378 2489 humana
1402 2460 1487 2488 vestis
1508 2460 1628 2487 divinam
1655 2458 1838 2494 pulchritudi-

1053 2516 1113 2535 nem
1133 2507 1239 2543 1317
1254 2508 1377 2535 obtexit:
1394 2506 1441 2535 sed
1459 2507 1508 2534 hac
1520 2506 1601 2534 etiam
1617 2505 1735 2532 amictus
1747 2505 1838 2539 splen-

1050 2552 1133 2580 dores
1149 2553 1249 2580 emittit
1273 2559 1330 2582 suae
1351 2552 1584 2587 pulchritudinis,
1606 2551 1645 2578 ita
1665 2554 1695 2577 ut
1712 2550 1837 2577 videntes

1051 2599 1143 2634 adigat
1157 2598 1315 2633 allieiatque
1329 2599 1356 2625 in
1379 2606 1512 2625 amorem.
1525 2597 1602 2630 Quod
1620 2601 1715 2624 saneta
1731 2603 1839 2631 quoque

1052 2645 1169 2681 Sponsa,
1185 2652 1247 2672 cum
1267 2644 1344 2672 eoin
1369 2644 1483 2672 Cantico
1511 2645 1680 2671 canticorum
1710 2643 1837 2678 loquens.

1051 2691 1119 2718 dicit
1134 2700 1140 2718 :
1163 2700 1172 2717 ‹
1187 2689 1282 2718 Oleum
1297 2689 1414 2717 effusum
1431 2697 1530 2717 nomen
1553 2694 1639 2716 tuum.
1658 2688 1720 2715 ideo
1743 2688 1838 2715 adole-

1053 2737 1186 2765 scentulze
1201 2736 1358 2764 dilexerunt
1382 2740 1419 2763 te.
1435 2735 1590 2763 Traxerunt
1616 2739 1652 2768 te,
1675 2737 1738 2770 post
1758 2738 1785 2762 te
1804 2734 1838 2760 ml

1052 2784 1164 2811 odorem
1192 2788 1396 2819 unguentorum
1425 2787 1535 2810 tuorum
1565 2787 1750 2810 cucurrerunt.
1782 2782 1805 2806 Β.
1827 2789 1836 2806 ι

264 2880 428 2918 Ilii-linat,
447 2881 493 2918 ἓξ),
507 2887 517 2899 ι
534 2881 607 2909 Psal.
625 2889 682 2915 cui,
706 2882 772 2913 l,-‘.Z.
828 2889 839 2902 ι
857 2882 930 2910 Psal.
952 2892 1006 2911 seu

1054 2885 1079 2912 ί.
1138 2886 1151 2906 ιι
1173 2885 1234 2914 Psal
1261 2893 1320 2918 xcv,
1348 2882 1390 2914 i0.
1444 2891 1454 2905 ε
1473 2884 1545 2913 Psal.
1563 2872 1647 2918 'xuv,
1675 2884 1700 2911 5.
1732 2883 1744 2902 ἀ
1775 2881 1839 2912 ibid.

265 2922 276 2935 ε
291 2916 355 2942 ibid.
367 2916 393 2948 4,
410 2916 435 2942 5.
461 2916 533 2943 ίΙδει.
548 2925 622 2948 Lxui,
636 2919 661 2944 Ι.
713 2919 725 2937 ε
740 2919 817 2944 (lant.
833 2927 850 2951 t,
867 2918 893 2951 2,
917 2919 944 2947 5.
