2064 3120
229 200 297 234 1519

544 201 787 233 THEODORETI
815 199 984 231 EPISCOPI
1011 197 1193 229 CYRENSIS
1220 197 1269 228 DE
1294 197 1509 228 CHARITATE

226 260 366 289 Juveniles
379 260 451 288 enim
469 260 578 293 anima.
588 261 691 289 bonum
712 260 788 287 illum
807 264 884 286 tuum
899 260 1012 287 odorem

1064 256 1159 292 ψυχαὶ,
1183 256 1232 291 τῆς
1257 256 1306 292 σῆς
1330 256 1444 288 εὐωδίας
1472 255 1739 292 μεταλαμϐάνουσαι,
1765 257 1854 285 θέουσι

228 306 423 342 percipientes,
436 311 553 334 currunt
569 307 678 342 assequi
691 310 718 333 te
728 306 883 340 cupientes,
895 309 921 332 et
932 305 1017 333 odore

227 350 285 383 illo,
300 351 380 385 quasi
403 355 501 377 catena
522 350 651 384 quadam,
676 349 845 380 constrictae,
874 348 1016 375 vinculum

227 397 362 432 disrumpi
378 404 434 424 non
454 396 616 432 patiuntur:
636 395 715 423 dulce
730 396 830 431 quippe
851 398 904 428 est,
919 399 947 423 et
961 402 1016 430 quo

226 443 380 470 voluntarie
403 446 468 470 sunt
493 443 619 478 alligatm.
652 442 699 469 His
723 449 835 477 quoque
856 445 1016 469 consonant

227 489 310 516 verba
328 488 385 515 divi
399 488 476 516 Pauli
494 497 500 515 :
520 497 530 514 ι
549 487 651 516 Christi
669 488 758 515 bonus
773 487 841 514 odor
857 493 965 518 sumus,
987 485 1015 512 in

227 535 262 562 iis
277 535 323 570 qui
340 534 409 562 salvi
428 535 506 564 ﬁunt.
523 538 549 562 et
568 534 596 561 in
617 534 652 561 iis
669 533 714 568 qui
730 536 864 568 pereunt;
879 532 940 560 aliis
953 532 1016 567 qui-

227 580 289 607 dem
306 579 375 607 odor
391 579 488 607 mortis
503 579 530 606 in
547 582 674 610 mortem,
692 578 754 605 aliis
767 581 857 604 autem
870 577 940 604 odor
952 577 1015 604 vita:

227 625 255 652 in
272 626 354 652 vitam
368 625 393 653 ιι.
411 633 420 651 ι
440 624 472 651 Ει
498 624 641 658 pulchrum
671 623 755 658 igitur
768 623 845 650 illum
860 629 922 650 esse
938 629 953 649 a
971 622 1016 649 di-

226 672 289 698 vina
303 670 445 705 Scriptura
461 670 564 702 edocti,
581 674 609 697 et
625 668 779 697 inell‘abiles
792 668 904 696 divitias
925 668 1015 703 possi-

227 716 302 749 dere,
325 715 524 750 sapientiaeque
548 721 610 742 esse
637 714 752 746 fontem,
769 717 796 741 et
817 716 916 741 cuncta
934 720 1016 748 posse

226 769 288 797 quae
299 761 372 794 velit,
390 765 417 788 et.
434 761 567 788 immensa
593 761 632 787 uti
659 759 838 795 benignitate,
859 758 1016 794 ﬂuentaque

227 806 630 843 mansuetudinisprofundere.
642 806 731 834 ethoc
744 813 829 833 unum
837 805 917 838 velle,
925 808 955 832 ut
966 812 1016 840 per

225 854 316 881 omnia
335 853 457 881 homines
485 853 607 880 cumulet
633 851 788 880 beneficiis.
805 851 897 887 Deque
920 851 1014 879 inlini-

225 900 260 927 tis
273 907 474 934 numerumque
488 898 686 927 excedentibus
699 898 892 926 beneﬁciorum
908 899 1014 933 generi-

225 946 276 973 bus
290 954 304 973 a
318 946 385 973 viris
402 945 495 973 divino
511 946 615 980 Spiritu
635 945 733 973 adlatis
753 944 867 978 imbuti,
883 945 1011 973 dulcibus

225 992 285 1019 telis
300 991 445 1019 charitatis
458 991 594 1019 vulnerati
608 995 683 1024 sunt,
698 995 725 1019 et
740 998 801 1019 cum
819 991 940 1019 membra
957 992 1011 1018 sint

223 1034 347 1070 Sponsae,
364 1043 426 1063 cum
445 1042 476 1063 ea
495 1035 637 1062 clamitant
653 1044 660 1062 :
681 1044 690 1061 ι
709 1034 850 1062 Vulnerati
876 1034 1011 1062 charitate

224 1089 274 1109 nos
288 1089 384 1109 sumus
403 1082 424 1108 ί.
442 1090 451 1106 ι
471 1080 579 1108 Clamat
591 1081 727 1116 siquidem
744 1088 860 1116 magnus
869 1079 1009 1109 Joannes:

226 1135 235 1152 ι
255 1126 325 1154 Ecce
347 1135 435 1162 agnus
457 1126 516 1159 Dei,
538 1127 585 1161 qui
612 1127 683 1154 tollit
707 1130 821 1161 peccata
848 1126 943 1154 mundi
957 1125 981 1154 i.
999 1135 1008 1152 ›

224 1173 359 1209 Propheta
379 1181 443 1200 vero
468 1172 554 1200 lsaias
577 1179 639 1207 quae
661 1171 753 1199 futura
776 1175 856 1199 erant
879 1176 1010 1206 tanquam

223 1221 293 1248 facta
309 1219 483 1255 praedicebat,
494 1219 590 1246 dicens
604 1228 611 1246 :
627 1218 734 1254 1318
750 1228 759 1244 ι
776 1218 836 1253 Ipse
848 1218 1011 1245 vulneratus

223 1269 266 1294 est
285 1270 396 1300 propter
411 1263 571 1299 iniquitates
587 1270 710 1295 nostras,
723 1264 834 1291 attritus
845 1267 887 1291 est
901 1268 1012 1299 propter

223 1311 327 1338 scelera
346 1315 457 1337 nostra:
474 1310 618 1344 disciplina
635 1310 709 1344 pacis
726 1313 826 1337 nostra!
843 1317 926 1344 super
937 1317 1010 1342 eum,

224 1355 309 1383 livore
320 1355 380 1389 ejus
394 1354 482 1382 sanati
498 1362 592 1382 sumus
604 1354 629 1386 Ιι,
642 1363 651 1379 ι
667 1358 694 1381 et
709 1353 773 1386 alia,
789 1362 849 1390 qua:
859 1355 893 1382 de
909 1355 1012 1383 saluta-

224 1402 300 1428 ribus
323 1400 500 1436 passionibus
525 1399 712 1435 prosequitur.
740 1399 874 1427 Pratdicat
899 1408 1010 1436 quoque

223 1446 336 1479 Paulus,
357 1447 500 1474 clamans:
518 1455 528 1472 ι
547 1445 598 1479 Qui
625 1446 707 1473 etiam
733 1447 843 1482 proprio
866 1446 936 1474 Filio
960 1455 1012 1475 suo

223 1500 277 1520 non
306 1492 439 1528 pepercit,
472 1491 520 1519 sed
552 1499 603 1526 pro
633 1492 713 1519 nobis
740 1492 867 1519 omnibus
899 1492 1012 1520 tradidit

223 1539 311 1570 iilum,
329 1538 467 1572 quomodo
483 1545 538 1565 non
554 1537 635 1565 etiam
659 1539 740 1565 nobis
760 1545 823 1565 cum
848 1539 896 1566 illo
919 1539 1012 1566 omnia

221 1584 337 1611 donabit
349 1582 373 1610 ιῖ
387 1593 396 1610 ι
416 1583 448 1610 Et
458 1583 568 1610 denuo:
586 1592 596 1609 ι
614 1582 667 1610 Pro
680 1582 792 1611 Christo
802 1584 936 1620 legatione
951 1584 1012 1612 lun-

223 1630 324 1665 gimur,
341 1635 471 1664 tanquam
491 1629 545 1657 Deo
558 1629 723 1656 exhortante
739 1637 787 1664 per
797 1637 868 1657 nos:
885 1630 1014 1658 obsecra-

213 1684 285 1703 rmus
301 1684 350 1711 pro
365 1676 487 1708 Christo,
501 1675 719 1704 reconciliamini
735 1675 802 1704 Deo.
819 1675 886 1703 Eum
902 1676 949 1712 qui
961 1684 1017 1704 non

223 1727 338 1750 noverat
349 1725 505 1758 peccatum,
519 1730 568 1758 pro
580 1723 660 1750 nobis
672 1726 816 1758 peccatum
826 1722 902 1756 fecit,
919 1727 949 1750 ut
966 1730 1016 1752 nos

223 1767 392 1797 eﬂiceremur
406 1768 512 1803 iustitia
530 1768 575 1796 Dei
595 1769 622 1796 in
638 1769 699 1804 ipso
713 1773 743 1795 “.
757 1777 766 1795 ι

260 1814 323 1840 Haec
336 1818 364 1841 et
384 1814 437 1840 alia
456 1813 482 1840 id
498 1821 586 1850 genus
603 1814 674 1849 apud
691 1814 753 1842 illos
765 1814 948 1849 reperientes,
966 1814 1015 1850 qui

224 1859 313 1887 divini
328 1857 410 1886 Verbi
429 1858 507 1886 fuere
529 1858 660 1892 ministri,
677 1858 778 1887 divina:
795 1859 941 1888 charitatis
963 1861 1015 1888 sti-

225 1902 315 1929 mulos
336 1902 457 1937 undique
471 1902 636 1937 suscipiunt,
650 1905 678 1930 et
692 1903 792 1938 spretis
803 1904 941 1938 omnibus,
951 1911 1014 1932 eum

226 1954 307 1982 quem
322 1951 417 1974 amant
435 1947 490 1975 sibi
503 1947 538 1975 ob
552 1948 649 1976 oculos
665 1954 791 1984 ponunt:
805 1953 832 1977 et
843 1955 905 1978 ante
921 1959 1014 1987 spera-

227 1997 281 2020 tam
298 1993 545 2026 immortalitatem,
561 2001 664 2030 corpus
684 1995 807 2030 spiritale
824 1991 1012 2025 reddiderunt.

227 2037 305 2065 Hunc
317 2041 344 2065 et
359 2045 411 2066 nos
423 2038 622 2072 amplectamur
636 2046 768 2071 amorem,
787 2041 937 2076 sponsique
951 2043 1013 2076 pul-

226 2083 382 2111 chritudine
403 2084 497 2117 illecti,
514 2087 541 2111 et
557 2084 757 2118 promissorum
782 2085 918 2114 bonorum
937 2086 1012 2114 desi-

227 2129 303 2157 derio
328 2130 415 2164 capti,
437 2129 688 2165 beneﬁciorumque
710 2130 912 2160 multitudinem
933 2140 1012 2161 reve-

226 2180 330 2208 rentes,
346 2179 372 2203 et
392 2175 597 2211 ingratitudinis
606 2183 702 2211 poenas
716 2181 879 2209 metuentes.
889 2183 1012 2207 amantes

227 2221 373 2256 legumque
398 2221 486 2256 ipsius
513 2221 642 2249 custodes
665 2229 716 2249 nos
741 2221 923 2257 prmbeamus.
948 2224 1012 2252 Haec

226 2267 298 2294 enim
317 2274 423 2294 summa
437 2271 481 2294 est
496 2266 634 2299 amicitiae,
649 2267 743 2294 eadem
766 2275 859 2296 amare
870 2273 898 2296 et
917 2270 1010 2298 eadem

228 2311 329 2339 odisse.
342 2311 378 2338 Ea
388 2311 421 2338 de
428 2318 515 2338 causa
526 2311 633 2338 dicebat
643 2320 753 2348 quoque
764 2313 796 2340 ad
806 2314 990 2342 Abrahamum
1004 2325 1012 2344 ;

231 2369 241 2383 ι
261 2356 425 2384 Βρηθᾱίεεπι
452 2356 677 2385 benedicentibus
705 2358 767 2390 tibi,
798 2363 825 2386 et
854 2360 1014 2387 maledicam

228 2401 457 2429 maledicentibus
474 2400 524 2427 tibi
541 2405 565 2427 ιι.
586 2410 595 2426 ι
612 2401 649 2428 Et
665 2402 748 2430 David
768 2403 802 2431 ad
819 2411 902 2431 eum:
923 2414 933 2430 ‹
949 2404 1015 2432 Mihi

228 2451 319 2474 autem
340 2447 419 2474 valde
439 2446 567 2474 honorati
588 2452 652 2475 sunt
670 2449 750 2476 amici
767 2450 816 2482 tui,
828 2450 928 2478 Deus".
951 2460 960 2477 ι
977 2451 1016 2479 Ac

229 2500 338 2520 rursum
353 2502 359 2520 :
378 2502 387 2519 ι
402 2492 499 2519 Nonne
517 2493 563 2527 qui
578 2494 698 2521 oderunt
714 2498 749 2526 te,
758 2494 881 2530 Domine,
893 2497 1016 2529 oderam,

230 2544 257 2566 et
272 2547 354 2574 super
368 2538 475 2574 1319
502 2539 629 2567 inimicos
652 2543 714 2568 tuos
740 2541 934 2570 tabescebam?
951 2542 1017 2571 Per-

231 2584 302 2610 facto
316 2585 378 2611 odio
393 2585 503 2612 oderam
519 2585 592 2612 illos.
609 2584 716 2613 Inimici
732 2585 796 2614 l‘actl
808 2591 874 2616 sum
889 2589 955 2616 mihi
972 2595 1013 2617 ν.»

231 2630 263 2656 Et
285 2629 338 2656 alio
357 2630 436 2656 loco:
456 2638 465 2655 ι
483 2629 595 2665 lniquos
612 2630 675 2658 odio
696 2631 790 2664 habui,
815 2632 900 2668 legem
925 2638 1015 2662 autem

229 2680 304 2702 tuam
319 2674 401 2702 dilexi
413 2679 436 2701 ει·
458 2685 467 2702 ι
491 2675 524 2702 Et
534 2676 617 2703 alibi:
636 2685 645 2702 ι
664 2675 805 2710 Quomodo
819 2679 901 2706 dilexi
924 2679 1012 2715 legem

230 2725 315 2752 tuam,
333 2720 460 2748 Domine!
479 2724 534 2748 tota
547 2720 592 2748 die
609 2721 749 2749 meditatio
762 2730 822 2750 utea
837 2728 879 2751 est
897 2729 934 2751 τ.»
952 2724 1015 2752 Evi-

229 2767 297 2795 dcns
314 2767 398 2802 igitur
410 2766 554 2794 charitatis
567 2766 595 2794 in
612 2765 697 2794 Deum
708 2772 899 2803 argumentum
915 2775 958 2798 est
970 2771 1013 2799 di-

261 2856 387 2898 ηίέριι.
406 2858 435 2890 Ξ,
453 2857 566 2898 ίδιίϐη
585 2859 605 2898 ,ξ
623 2857 703 2898 Cant.
725 2867 751 2893 ν,
767 2860 794 2887 8.
824 2861 938 2898 tloan.
959 2872 989 2896 ιι,
1008 2865 1052 2898 39.

229 2893 274 2924 91»
311 2892 514 2925 “Gen-Ima
556 2891 655 2920 °Psal.
673 2891 802 2927 cm‘vm,
820 2895 862 2924 t7.
901 2891 1094 2936 ιιίιιῖξὶξὲε.

1066 301 1231 329 καταλαϐεῖν
1251 310 1280 328 σε
1303 302 1449 329 ποθοῦσαι·
1482 303 1529 329 καὶ
1553 299 1609 329 οἷον
1636 303 1730 330 ἁλύσει
1757 305 1855 340 τινὶτῇ

1065 348 1136 384 ὀσμῇ
1157 348 1347 383 κατεχόμεναι,
1372 348 1516 384 διαρρῆξαι
1538 348 1583 375 τὸν
1610 349 1710 384 δεσμὸν
1738 351 1788 377 οὐκ
1807 353 1854 377 ἀν-

1067 393 1174 429 έχονται
1186 401 1194 409 ·
1210 394 1312 428 γλυκὺς
1325 393 1380 429 γὰρ
1395 391 1483 426 οὗτος,
1511 394 1559 421 καὶ
1580 394 1739 427 ἐθελουσίως
1761 397 1855 429 αὑταῖς

1067 439 1268 475 περικείμενος.
1285 439 1395 471 Τούτοις
1408 441 1548 474 συμφωνεί
1567 441 1614 467 καὶ
1627 441 1675 467 τοῦ
1690 441 1763 468 θείου
1780 443 1852 469 Παῦ-

1066 486 1113 512 λου
1130 486 1166 512 τὰ
1186 486 1315 521 ῥήματασ
1337 495 1345 511 ι
1361 485 1478 521 Χριστοῦ
1496 486 1593 513 εὐωδία
1621 487 1716 521 ἐσμὲν,
1742 489 1771 514 ἐν
1799 490 1854 522 τοῖς

1067 531 1241 566 σωζομένοις,
1254 531 1302 559 καὶ
1320 531 1349 558 ἐν
1363 532 1419 563 τοῖς
1431 532 1642 567 ἀπολλυμένοιςο
1659 530 1700 565 οἷς
1717 534 1766 569 μὲν
1783 535 1852 570 ὁσμὴ

1067 577 1183 604 θανάτου
1200 578 1239 609 είς
1257 577 1371 604 θάνατον
1382 585 1389 592 ·
1403 574 1444 608 οἶς
1457 577 1485 604 δὲ
1496 577 1568 614 ὀσμὴ
1596 578 1672 613 ζωῆς
1689 579 1728 610 είς
1743 578 1826 614 ζωήν.
1840 590 1850 606 ι

1065 622 1156 649 Καλὸν
1172 621 1261 649 τοίνυν
1274 622 1354 649 αὑτὸν
1373 622 1483 658 ὑπὸτῆς
1508 622 1583 655 θείας
1602 623 1712 659 Γραφῆς
1734 624 1854 651 διδασκό-

1067 676 1154 703 μενοι,
1171 668 1218 695 καὶ
1247 668 1361 695 πλοῦτον
1390 669 1528 704 ἄφραστον
1552 669 1656 704 ἔχοντα,
1684 670 1731 696 καὶ
1761 671 1855 705 σοφίας

1065 714 1128 741 ὄντα
1144 714 1247 750 πηγὴν,
1261 715 1307 741 καὶ
1322 715 1440 742 τοσαῦτα
1461 715 1609 750 δυνάμενον
1638 715 1688 742 ὅσα
1721 715 1853 750 βούλεται,

1064 759 1112 786 καὶ
1131 759 1172 794 ιρι)
1179 760 1320 796 ανθρωπίᾳ
1330 760 1470 796 χρώμενον
1486 761 1642 796 ἀμετρὴτῳ,
1655 762 1703 788 καὶ
1721 762 1855 797 ἡμερότηο

1064 814 1110 838 τος
1120 807 1262 842 ποταμοὺς
1273 806 1470 839 ἀναϐλύζοντα,
1485 808 1533 834 καὶ
1543 807 1588 835 διὰ
1606 808 1716 835 πάντων
1743 809 1855 845 εὐεργε-

1064 852 1119 878 τεῖν
1131 851 1212 887 μόνον
1223 851 1286 884 τοὺς
1304 851 1464 887 ἀνθρώπους
1483 852 1610 880 ἐθέλοντα
1620 861 1628 868 ·
1643 854 1690 880 καὶ
1707 853 1742 880 τὰ
1757 855 1852 889 μυρία,

1064 897 1112 924 καὶ
1127 898 1172 925 τὸν
1186 897 1250 925 νοῦν
1275 897 1486 933 ὑπερϐαίνοντα,
1515 898 1570 925 τῶν
1600 899 1767 934 εὐεργεσιῶν
1795 900 1853 936 εἴδη

1027 934 1051 964 Β
1065 943 1118 970 ὑπὸ
1128 944 1182 971 τῶν
1191 943 1328 980 θεοφόρων
1341 943 1446 979 ἀνδρῶν
1461 944 1658 980 διδασκόμενοι,
1673 946 1729 977 τοῖς
1739 934 1855 980 γλυκέσι

1064 989 1113 1025 τῆς
1132 989 1241 1025 ἀγάπης
1254 990 1413 1026 ἐτρώθησαν
1427 990 1525 1025 βέλεσι,
1541 991 1588 1018 καὶ
1601 991 1668 1026 μέλη
1684 991 1733 1026 τῆς
1744 992 1854 1028 νύμψης

1064 1036 1152 1068 ὄντες,
1178 1037 1237 1071 μετ’
1271 1036 1380 1070 ἐκείνης
1407 1035 1506 1071 βοῶσι·
1527 1037 1721 1072 ιΤετρωμένοι
1745 1038 1854 1074 ἀγάπης

1063 1081 1154 1116 ἡμεῖς.
1168 1090 1176 1106 ι
1191 1081 1223 1107 '0
1239 1080 1294 1116 γὰρ
1307 1081 1395 1116 μέγας
1415 1080 1541 1116 Ἰωάννης
1554 1081 1603 1117 βοᾷ
1619 1090 1626 1097 ·
1649 1091 1658 1108 ι
1672 1082 1723 1109 Ἴδε
1737 1084 1752 1109 ὁ
1769 1084 1854 1119 ἀμνὸς

1064 1125 1110 1152 τοῦ
1125 1125 1205 1158 Θεοῦ,
1220 1127 1234 1153 ὀ
1252 1126 1337 1161 αἴρων
1349 1126 1399 1161 τὴν
1416 1126 1552 1161 ἁμαρτίαν
1567 1126 1617 1154 τοῦ
1637 1127 1750 1163 κόσμου.
1763 1138 1772 1154 ι
1783 1128 1811 1155 '0
1825 1129 1854 1155 δέ

1064 1173 1207 1207 προφήτης
1224 1171 1350 1203 Ἦσαῖας,
1367 1172 1405 1204 ὡς
1420 1173 1590 1208 γεγενημένα
1601 1173 1636 1200 τὰ
1652 1175 1770 1208 ἐσόμενα
1787 1183 1853 1210 προ-

1064 1217 1191 1244 εθέσπισε
1224 1218 1332 1252 λέγων·
1362 1227 1372 1244 ι
1390 1219 1477 1250 Αὐτὸς
1500 1220 1706 1255 ἐτραυματίσθη
1737 1220 1780 1247 διὰ
1803 1222 1853 1252 τὰς

1064 1263 1202 1299 ἁμαρτίας
1212 1263 1302 1299 ἡμῶν,
1318 1264 1366 1291 καὶ
1388 1264 1591 1299 μεμαλάκισται
1604 1265 1648 1292 διὰ
1664 1266 1713 1298 τὰς
1741 1266 1853 1301 ἀνομίας

1063 1308 1142 1344 ἡμῶν
1153 1317 1160 1324 ·
1175 1309 1283 1336 παιδεία
1301 1309 1412 1345 εἰρήνης
1424 1311 1502 1345 ἡμῶν
1514 1310 1558 1338 ἐπ’
1571 1311 1653 1337 αὐτόν
1662 1319 1670 1326 ·
1684 1310 1723 1346 τῷ
1740 1311 1852 1346 μώλωπι

1064 1353 1147 1380 αὑτοῦ
1162 1354 1244 1389 ἡμεῖς
1263 1354 1395 1390 ίάθημεν·
1414 1365 1422 1381 ι
1441 1356 1489 1382 καὶ
1506 1356 1540 1382 τὰ
1553 1356 1631 1389 ἄλλα,
1645 1356 1696 1382 ὅσα
1716 1357 1780 1391 περὶ
1799 1357 1852 1383 τῶν

1065 1399 1207 1435 σωτηρίων
1220 1399 1314 1426 παθῶν
1325 1400 1502 1437 διεξέρχεται.
1518 1401 1656 1437 Κηρύττει
1671 1402 1720 1428 καὶ
1747 1402 1852 1433 Παῦλος

1065 1445 1182 1481 βοῶν-,ι
1195 1445 1245 1476 Ὃς
1261 1454 1292 1478 γε
1309 1445 1356 1472 τοῦ
1381 1446 1445 1472 ἰδίου
1465 1446 1531 1473 Υίοῦ
1558 1447 1608 1474 οὐκ
1636 1447 1773 1482 ἐφείσατο,
1795 1447 1853 1474 ἀλλ’

1065 1489 1136 1525 ὑπὲρ
1152 1489 1230 1524 ἡμῶν
1243 1489 1353 1516 πάντων
1371 1490 1531 1525 παρέδωκεν
1547 1490 1638 1522 αὑτὸν,
1655 1490 1713 1522 πῶς
1727 1491 1787 1524 οὐχὶ
1803 1491 1850 1516 καὶ

1065 1536 1114 1562 σὺν
1127 1534 1202 1570 αὐτῷ
1222 1535 1256 1561 τὰ
1278 1535 1366 1562 πάντα
1381 1536 1446 1570 ἡμῖν
1464 1535 1610 1571 χαρίσηται
1625 1544 1633 1568 ;
1649 1545 1658 1561 ο
1678 1535 1734 1562 Ka‘t
1748 1535 1830 1562 πάλιν
1844 1545 1850 1550 ·

1068 1581 1173 1617 (Ὑπὲρ
1190 1581 1309 1616 Χριστοῦ
1330 1581 1528 1617 πρεσϐεύομεν,
1544 1581 1581 1613 ὡς
1602 1582 1649 1608 τοῦ
1667 1582 1734 1609 Θεοῦ
1764 1583 1853 1618 παρα-

1065 1626 1211 1659 καλοῦντος
1223 1626 1256 1653 δι’
1270 1627 1362 1662 ἡμῶν·
1377 1626 1493 1662 δεόμεθα
1518 1627 1588 1663 ὑπὲρ
1605 1627 1737 1663 Χριστοῦ,
1751 1628 1852 1655 καταλ-

1068 1671 1171 1707 λάγητε
1186 1671 1225 1708 τῷ
1238 1671 1297 1707 Θεῷ
1315 1679 1323 1687 ⁸
1338 1672 1383 1699 τὸν
1395 1672 1450 1708 γάρ
1463 1672 1502 1708 μὴ
1515 1673 1615 1708 γνόντα
1635 1673 1774 1709 ἁμαρτίαν
1783 1674 1853 1708 ὑπὲρ

1065 1716 1146 1752 ἡμῶν
1162 1716 1300 1752 ἁμαρτίαν
1314 1717 1453 1754 ἐποίησεν,
1464 1717 1507 1745 ῐνα
1521 1718 1603 1754 ἡμεῖς
1617 1717 1759 1753 γενώμεθα
1782 1718 1851 1745 θεοῦ

1064 1761 1224 1798 δικαιοσύνη
1243 1762 1273 1790 ἐν
1284 1762 1372 1798 αὐτῷ.
1383 1772 1394 1789 ι

1099 1807 1204 1841 Ταῦτα,
1220 1809 1268 1836 καὶ
1297 1809 1348 1836 ὅσα
1375 1807 1499 1842 τοιαῦτα,
1520 1809 1597 1845 παρά
1622 1810 1680 1842 τοῖς
1701 1810 1851 1846 ὑπηρέταις

1063 1853 1110 1880 τοῦ
1124 1853 1197 1881 θείου
1208 1854 1288 1889 λόγου
1308 1854 1504 1890 γεγενημένοις
1519 1855 1708 1889 εὑρίσκοντες,
1729 1855 1852 1891 δέχονται

1064 1898 1232 1934 πανταχόθεν
1242 1900 1293 1935 τῆς
1307 1899 1382 1932 θείας
1404 1900 1514 1935 ἀγάπης
1528 1900 1563 1927 τὰ
1576 1900 1688 1936 κέντρα,
1711 1901 1759 1928 καὶ
1784 1901 1851 1928 πάν-

1063 1952 1119 1971 των
1142 1944 1393 1980 ὑπερφρονοῦντες,
1422 1945 1604 1980 φαντάζονται
1629 1945 1676 1973 τὸν
1702 1945 1849 1981 ἐρώμενον,

1061 1990 1110 2017 καὶ
1126 1990 1179 2026 πρὸ
1191 1990 1240 2025 τῆς
1248 1990 1427 2026 ἐλπιζομένης
1444 1990 1611 2027 ἀφθαρσίας,
1625 1991 1657 2017 τὸ
1670 1991 1750 2026 σῶμα
1767 1999 1850 2017 πνευ-

1064 2037 1177 2072 ματικὸν
1206 2036 1384 2064 ἀπετέλεσαν.
1405 2037 1491 2063 Τοῦτο
1514 2038 1561 2063 καὶ
1583 2038 1662 2072 ἡμεῖς
1682 2037 1713 2064 τὸ
1740 2037 1849 2072 φίλτρον

1061 2082 1212 2118 δεξώμεθα.
1221 2082 1312 2118 καὶτῷ
1323 2082 1414 2109 κάλλει
1422 2082 1469 2109 τοῦ
1482 2084 1597 2118 νυμφίου
1609 2083 1849 2118 καταθελγόμενοι,

1064 2129 1110 2156 καὶ
1125 2128 1180 2155 τῶν
1205 2129 1421 2165 ἐπηγγελμένων
1449 2130 1561 2164 ἀγαθῶν
1587 2131 1738 2166 ἐφιέμενοι,
1762 2131 1809 2157 καὶ
1821 2131 1850 2157 ab

1063 2174 1118 2200 τῶν
1142 2174 1307 2209 εὐεργεσιῶν
1323 2175 1518 2210 ἐντρεπόμενοι
1539 2175 1651 2210 πλῆθος,
1677 2177 1725 2203 καὶ
1740 2176 1789 2207 τὰς
1801 2175 1850 2210 τῆς

1063 2219 1224 2254 ἀχαριστίας
1240 2220 1354 2252 δεδιότες
1363 2220 1486 2252 εὐθύνας,
1499 2221 1660 2254 ἀγαπῶντες
1675 2221 1721 2247 καὶ
1730 2221 1848 2255 φύλακες

1063 2264 1144 2291 αὐτοῦ
1159 2264 1213 2291 τῶν
1225 2266 1314 2300 νόμων
1331 2266 1484 2300 γενώμεθα.
1503 2263 1586 2297 Οὗτος
1602 2266 1656 2301 γὰρ
1669 2267 1731 2301 ὅρος
1748 2266 1848 2301 φιλίας,

1063 2312 1094 2338 τὸ
1110 2312 1196 2338 ταυτά
1214 2312 1312 2345 φιλεῖν,
1335 2313 1382 2338 καὶ
1403 2312 1489 2339 ταυτὰ
1513 2314 1618 2347 μισεῖν·
1634 2312 1678 2339 διὰ
1712 2312 1792 2339 τοῦτο
1811 2312 1849 2348 τῷ

1070 2356 1194 2392 Ἀϐραὰμ
1207 2357 1298 2391 ἔλεγεν
1311 2366 1318 2373 ·
1338 2358 1500 2393 «Εὐλογήσω
1520 2358 1583 2389 τοὺς
1604 2358 1781 2392 εὐλογοῦντάς
1809 2367 1848 2391 σε,

1065 2402 1112 2429 κοιλ⁸
1140 2403 1201 2434 τοὺς
1227 2403 1443 2438 καταμωμένους
1461 2411 1490 2429 σε
1518 2404 1722 2439 καταράσομαι.
1738 2413 1748 2429 ι
1770 2405 1849 2431 Καὶό

1065 2447 1146 2474 Δαϐὶδ
1171 2447 1239 2484 πρὸς
1263 2449 1344 2474 αὐτόν
1360 2456 1368 2465 ⁸
1386 2457 1395 2474 ι
1416 2448 1494 2483 Ἐμοὶ
1508 2448 1537 2475 δέ
1562 2449 1622 2475 λίαν
1645 2450 1813 2485 ἐτιμήθησαν
1826 2451 1850 2476 οι

1066 2494 1138 2528 φίλοι
1153 2503 1210 2526 σου,
1221 2495 1235 2521 ό
1247 2494 1324 2526 Θεός.
1343 2503 1351 2519 ι
1368 2494 1422 2520 Καὶ
1438 2493 1517 2520 πάλιν
1527 2499 1535 2507 ”
1556 2503 1565 2519 ι
1575 2494 1642 2529 Οὐχὶ
1657 2495 1721 2526 τοὺς
1738 2495 1849 2530 μισοῦν-

1066 2540 1115 2571 τάς
1128 2548 1168 2571 σε,
1185 2540 1283 2576 Κύριε,
1315 2539 1443 2575 ἐμίσησα,
1461 2539 1508 2566 καὶ
1523 2540 1570 2566 ἐπὶ
1596 2541 1652 2571 τοῖς
1680 2541 1788 2575 ἐχθροῖς
1804 2549 1850 2567 σου

1065 2584 1258 2620 ἐξετηκόμηνς
1284 2584 1392 2610 Τέλειον
1415 2583 1493 2619 μῖσος
1525 2584 1637 2619 ἐμίσουν
1665 2584 1765 2616 αὐτούς
1781 2593 1790 2601 ·
1811 2586 1850 2616 είς

1063 2629 1177 2666 ἐχθροὺς
1190 2630 1311 2664 ἐγένοντό
1326 2638 1382 2665 μοι.
1397 2639 1407 2654 ι
1422 2629 1477 2656 Καὶ
1492 2630 1604 2665 ἑτέρωθι
1617 2633 1624 2646 ⁶
1646 2639 1656 2656 ι
1670 2631 1850 2665 Παρανόμους

1063 2675 1198 2711 ἐμίσησα,
1210 2676 1254 2703 τὸν
1265 2676 1293 2703 δέ
1304 2676 1385 2711 νόμον
1399 2684 1446 2702 σου
1462 2676 1605 2711 ἠγάπησα.
1619 2685 1628 2701 ι
1648 2676 1705 2702 Καὶ
1720 2675 1849 2711 ἀλλαχοῦ·

1066 2731 1076 2748 ι
1092 2723 1135 2754 Ὦς
1143 2723 1273 2759 ἠγάπησα
1287 2723 1332 2751 τὸν
1343 2724 1426 2759 νόμον
1435 2732 1492 2755 σου,
1503 2723 1601 2759 Κύριε,
1609 2723 1672 2758 ὅλην
1683 2724 1733 2759 τὴν
1743 2724 1851 2759 ἡμέραν

1065 2767 1162 2804 μελέτη
1175 2768 1225 2804 μού
1250 2770 1332 2796 ἐστιν.
1347 2779 1357 2795 ›
1368 2769 1497 2806 Ἑναργές
1511 2767 1558 2797 οὖν
1569 2770 1718 2806 τεκμήριον
1731 2770 1780 2806 τῆς
1788 2770 1852 2806 περὶ

1103 2867 1115 2887 ι
1131 2867 1295 2910 Ιεεᾉιιιιῶ.
1335 2868 1345 2889 ι
1368 2870 1448 2897 Rom.
1462 2878 1507 2898 vtu
1518 2871 1583 2910 L53:
1622 2876 1641 2891 ιι
1657 2873 1677 2900 il
1689 2873 1744 2901 Cor
1768 2883 1794 2903 v.
1805 2875 1851 2910 ‘20,

1146 2908 1158 2927 ι
1174 2903 1250 2932 Psal.
1267 2912 1350 2932 cxvm
1363 2911 1453 2933 ccxu.
1495 2910 1505 2924 '
1523 2906 1592 2933 ibid.

1790 198 1857 231 1520
1909 181 1914 185 ’
