2064 3120
268 200 333 233 1527

304 259 359 294 Τῆς
379 260 525 294 πατρικῆς
551 260 732 295 γεννήσεως.
770 259 883 287 Rectius
909 267 936 286 tn
957 266 1055 295 manu-

265 295 376 329 scriptis
388 295 530 322 codicibus
543 293 637 322 Savilii
647 300 674 322 et
683 295 771 322 Allatii
782 295 878 323 locitur
890 293 1053 329 μαιεύσεως,

265 328 405 366 quomodo
433 331 516 357 etiam
546 330 631 358 edidit
658 330 776 358 Iacobus
809 328 987 366 Sirinundus.
1015 328 1054 356 lla

264 364 373 401 quoque
389 366 526 401 legebatur
542 366 568 392 in
589 366 675 392 altero
691 365 838 399 exetnplari
855 364 948 401 Regio.

300 401 365 428 ΡΑο.
381 399 425 427 15ἷ
444 402 495 427 ’ον
505 401 717 435 διαδεξάμενος
731 401 904 432 Λουκιανός.
921 399 1054 427 Baronius

265 436 298 463 ad
318 443 420 463 annum
433 435 534 463 Christi
548 436 610 467 5l8.
625 444 685 470 cap.
704 435 749 466 75.
765 435 951 462 Alexandrum
971 442 1054 462 excu-

264 479 327 497 sare
342 476 457 498 conatur
477 471 522 505 qui
545 472 602 498 huic
621 472 654 498 de
668 471 789 498 Luciano
802 474 921 505 martyre
936 471 1054 503 scripse-

266 507 312 534 rit.
330 506 360 533 Et
377 507 532 534 laudandus
544 507 653 540 quidem
665 512 707 533 est
724 506 869 535 Barouius,
886 505 933 540 qui
952 509 1055 540 marty-

266 549 322 569 rem
344 541 447 569 Christi
471 541 594 569 nefandte
615 542 729 568 h:rrcsis
753 541 910 575 suspicione
937 540 1055 568 liberare

265 581 381 604 conatus
395 581 448 604 est.
466 576 614 604 Veritatem
630 581 720 603 tamen
743 576 852 603 cunctis
874 576 956 603 rebus
972 579 1052 602 ante-

266 618 366 645 ponere
382 612 522 639 debemus.
544 612 622 645 Quod
639 613 662 638 si
686 612 822 638 Baronius
842 611 942 638 veteris
958 610 1053 644 cujus-

265 647 337 681 piam
358 647 504 680 scriptoris
528 647 717 674 testimonium
747 647 867 677 aﬂerret,
897 654 952 680 quo
973 653 1052 672 suam

265 682 432 709 sententiam
461 681 601 712 ﬁrmaret,
630 686 657 709 et
686 681 834 708 Alexandri
863 681 1051 709 testimonium

265 717 449 748 subverteret,
462 717 588 752 equidem
610 717 705 744 libenti
723 717 815 743 animo
834 716 1050 752 eiiassentirem.

266 751 318 779 Sed
343 760 404 779 cum
421 751 518 786 prtcter
537 753 712 786 conjecturas
738 752 804 778 nihil
829 751 933 781 aderat.
960 751 1050 777 malint

263 787 389 821 equidem
406 787 551 814 Alexandri
565 788 722 814 testimonio
737 787 858 819 credere,
874 787 921 821 qui
939 786 1051 812 Luciaui

265 822 434 856 temporibus
447 823 524 855 vixit,
540 823 654 856 ejusque
672 822 826 849 doctrinam
843 829 875 849 ac
896 821 1054 855 discipulos

265 859 388 892 apprime
403 861 526 888 noverat.
545 858 590 889 qui
609 865 638 885 se
655 857 877 884 Conlucianistas
905 857 1049 892 vocabant.

263 891 344 928 Certe
351 891 550 928 Theodorelus.
561 897 706 928 postquam
716 893 786 919 hanc
793 891 938 928 Alexandri
947 891 1051 927 episto-

266 927 318 953 lam
337 927 440 958 retn'it.
458 927 560 955 diserte
574 928 701 958 afﬁrmat,
718 935 779 954 eum
794 927 869 953 utilia
886 927 912 954 in
930 934 960 954 re
973 934 1051 953 meu-

266 963 346 988 tittttn
370 962 474 995 fuisse,
504 963 551 990 sed
574 963 718 989 veritatem
743 963 860 996 ingenue
887 962 1048 996 protulisse.

263 997 377 1024 Accedit
391 998 579 1025 testimonium
597 998 739 1032 l‘lpipbanii
759 997 785 1024 in
806 998 902 1024 lneresi
928 997 974 1029 45.
989 1004 1051 1032 quae

263 1036 306 1059 est
324 1032 555 1064 Lucianistarum,
570 1032 614 1060 ubi
631 1032 780 1060 Iniciauum
798 1032 871 1059 hunc
890 1032 924 1060 de
938 1040 994 1066 qtto
1008 1033 1050 1059 lo-

263 1068 358 1100 quitur
381 1068 554 1100 Alexander,
582 1068 692 1095 Arianae
720 1067 816 1095 haeresi
845 1068 1047 1101 patrocinatum

264 1102 362 1135 fuisse.
376 1107 402 1130 et
417 1104 451 1130 ab
461 1102 574 1131 Arianis
590 1111 639 1138 pro
662 1103 915 1138 tnartyreltabitum
942 1102 1049 1130 scribit.

263 1138 344 1166 Certe
369 1138 497 1172 discipuli
524 1137 678 1172 ejus’quos
693 1137 815 1164 recenset
834 1137 1047 1172 Philostorgius,

263 1173 357 1200 Ariani
385 1173 489 1200 erroris
507 1173 568 1201 labe
586 1180 682 1200 omnes
708 1172 802 1199 inl‘eeti
828 1172 915 1200 fuere.
939 1172 992 1200 Sed
1010 1173 1049 1199 vi-

262 1208 379 1243 deamus
398 1209 462 1243 quid
485 1208 520 1235 de
543 1209 590 1235 illo
616 1211 709 1238 narret
723 1208 886 1243 Alexander.
905 1207 949 1234 Ait
967 1208 1050 1242 igitur

264 1244 352 1277 primo
370 1242 519 1270 Lucianum
544 1243 715 1271 successisse
735 1242 820 1269 Paulo
843 1243 1049 1274 Samosatensi;

264 1278 290 1304 id
308 1283 350 1305 est
359 1279 461 1306 erroris
473 1278 546 1306 illius
565 1285 753 1306 successorem
771 1278 868 1306 fuisse.
881 1277 961 1305 Certe
972 1279 1048 1304 illum

265 1314 425 1340 familiarem
450 1313 534 1340 fuisse
563 1314 640 1340 Pauli
655 1313 828 1340 Samosateni
847 1313 979 1340 credibile
995 1317 1048 1340 est.

265 1348 324 1382 Fuit
343 1349 414 1375 enim
441 1352 468 1375 et
489 1348 546 1382 ipse
561 1348 695 1376 oriundus
713 1355 746 1375 ex
767 1349 834 1375 urbe
850 1348 1048 1380 Samosatensi,

266 1389 293 1409 ut
308 1380 409 1418 legitur
422 1383 448 1410 in
462 1380 522 1418 ejus
544 1384 614 1411 Vita.
637 1383 669 1410 Et
692 1390 754 1410 cum
768 1382 869 1411 Paulus
883 1391 915 1410 ex
937 1391 967 1410 ea
980 1384 1048 1410 urbe

264 1418 297 1445 ad
313 1417 526 1445 Antiochenscut
547 1420 735 1453 episcopatum
756 1424 867 1445 evectus
884 1418 931 1450 sit,
949 1417 1050 1445 Lucia-

264 1461 316 1481 nus
327 1461 438 1490 quoque
450 1454 602 1490 Antiochiae
617 1454 759 1490 presbyter
775 1453 836 1490 fuit.
849 1453 928 1490 Aitas
939 1461 1049 1490 quoque

264 1489 410 1523 utriusque
428 1488 455 1515 in
478 1489 548 1515 idem
576 1488 633 1516 fere
656 1493 764 1523 tempus
793 1489 920 1515 incurrit.
947 1488 1048 1517 Paulus

263 1524 336 1551 cnim
352 1524 503 1560 Aureliani
519 1524 688 1559 temporibus
706 1524 847 1560 depositus
869 1528 921 1558 est,
945 1529 972 1551 et
987 1529 1049 1560 post

263 1559 462 1592 depositionem
479 1559 525 1585 diu
546 1558 686 1594 superstes
707 1559 785 1585 vixit.
818 1558 956 1586 Ponamus
983 1558 1049 1594 ergo

265 1594 340 1620 illum
355 1594 387 1621 ad
407 1594 470 1620 Cari
493 1602 581 1628 usque
606 1599 727 1629 tempora
751 1594 918 1628 pervenisse.
942 1594 1049 1622 Abhinc

263 1629 474 1665 adimartyrium
492 1629 605 1657 Luciani
618 1629 681 1656 anni
694 1630 832 1665 sumplus
846 1629 937 1656 minus
952 1630 1048 1665 viginti

263 1664 395 1698 quinque.
471 1671 526 1698 quo
552 1669 674 1700 apparet,
702 1664 814 1700 Paulum
836 1671 872 1700 ac
897 1663 1047 1692 Luciaitum

264 1699 358 1726 eodem
374 1699 475 1734 oppido
489 1699 577 1732 ortos;
589 1699 625 1727 iet
640 1699 763 1734 ejusdem
781 1699 857 1726 urbis
878 1700 1048 1733 sacerdotes,

264 1734 360 1775 ils_d_etn
379 1741 488 1775 quoque
508 1735 610 1775 vixisse
627 1734 806 1775 temporibus.

298 1769 549 1804 Ἀποσυνιήωγος
565 1770 663 1804 ἔμεινε
673 1769 759 1803 τριῶν
766 1769 948 1797 ἐπισκόπων.
963 1769 1049 1804 liujus

264 1804 339 1831 verbi
357 1804 410 1830 vim
424 1812 478 1831 non
491 1805 680 1832 intellexerunt
699 1805 873 1838 interpretes.
889 1806 963 1838 Quos
974 1814 1050 1833 secu-

265 1843 309 1866 tus
331 1838 464 1865 Baronius
482 1839 515 1866 ad
534 1847 635 1866 anntun
662 1839 725 1870 5l8.
751 1839 846 1866 scribit
863 1839 1015 1867 Lucianum
1033 1849 1048 1868 a

264 1873 353 1901 tribus
366 1873 502 1908 episcopis
515 1874 566 1900 sibi
579 1874 708 1900 continue
719 1874 940 1906 succedentibus,
955 1875 1048 1903 Eccle-

264 1909 311 1943 sia
319 1909 436 1942 ejectum
453 1908 547 1936 luisse.
561 1909 644 1943 Atqui
662 1916 715 1936 non
740 1909 791 1936 hoc
803 1909 868 1936 dicit
882 1910 1050 1943 Alexander,

265 1942 313 1970 sed
329 1947 434 1970 tantum
451 1944 488 1969 ait
503 1942 651 1971 Lucianiun
665 1944 786 1971 schisma
805 1943 901 1972 fecisse
915 1945 940 1971 in
955 1942 1048 1973 Antio?

265 1978 360 2005 chensi
385 1978 518 2014 Ecclesia,
542 1982 569 2006 et
590 1979 642 2005 sub
664 1979 752 2006 tribus
767 1979 902 2014 episcopis
919 1981 1048 2008 continue

265 2014 317 2041 sibi
334 2013 546 2041 succedentibus
559 2014 686 2044 collectas
699 2021 822 2041 seorsum
843 2015 1006 2042 celebrasse.
1021 2015 1048 2042 ld

265 2047 492 2085 enim_signiiicat
507 2056 558 2075 vox
575 2049 799 2085 ἀποσυνάγωγος.
822 2049 913 2084 Itaque
931 2049 1049 2085 Epipha-

266 2090 328 2110 lllllS
342 2082 533 2111 Scholasticus
548 2091 607 2119 non
618 2085 687 2111 tnale
705 2084 778 2111 hunc
799 2082 887 2111 locum
914 2082 1049 2119 inter—pre-

267 2123 339 2145 tatus
353 2123 394 2146 est
410 2118 460 2145 hoc
477 2119 575 2145 modo:
590 2118 641 2145 Cui
654 2119 794 2146 succedens
813 2119 957 2151 Lucianus,
971 2118 1048 2147 atra

264 2161 412 2188 synagogas
434 2154 533 2180 mansit
553 2154 634 2180 trium
656 2155 837 2188 episcoporum
854 2154 968 2189 plurimo
983 2160 1048 2182 tem-

263 2197 336 2221 pore.
350 2188 468 2216 Basilius
485 2189 510 2215 iu
528 2189 644 2223 epistola
663 2190 750 2224 prima
772 2189 804 2216 ad
825 2190 1047 2224 Amphilochium

265 2224 505 2259 παρασυναγωγήν
522 2228 639 2258 usurpat
654 2223 749 2251 eodem
762 2232 844 2252 sensui
862 2223 935 2251 {ubi
952 2226 1049 2253 distin-

265 2261 323 2296 guit
338 2259 410 2286 inter
425 2259 549 2296 luercsim
564 2264 591 2286 et
612 2259 732 2296 schisma
749 2264 781 2296 et
796 2261 1047 2296 πᾳρασυναγωγήν.

265 2294 506 2329 Πιρασυναγωγὴν
520 2298 610 2320 autem
628 2295 665 2320 ait
678 2301 738 2321 esse
756 2294 913 2329 illegitituos
928 2294 1048 2322 conven-

265 2328 320 2360 tus,
332 2329 377 2363 qui
394 2328 507 2364 liuut_ab
517 2329 704 2364 immorigeris
712 2328 879 2364 presbyteris
888 2329 930 2356 vel
941 2330 1048 2364 episco-

265 2365 306 2398 pis
317 2359 348 2391 ρι’
360 2364 449 2403 iaicis.
459 2362 542 2403 γει·ὺὶ
554 2359 646 2397 ειθιίςῖ
658 2364 680 2391 si
693 2359 890 2403 quisa-inlinis
905 2359 1049 2393 convictus

265 2404 290 2425 ct
301 2407 315 2425 a
332 2400 486 2434 ministerio
500 2405 579 2425 sacro
588 2400 862 2433 suspensus,judicio
872 2407 925 2426 non
942 2406 1047 2434 pareat,

265 2433 312 2460 sed
330 2432 512 2469 ministerium
529 2440 608 2460 suum
624 2432 699 2461 obire
713 2432 790 2465 velit.
805 2439 830 2461 et
846 2432 975 2469 populum
992 2437 1048 2462 col-

266 2467 434 2505 ligat.»_lnter
446 2469 683 2505 “mapaauvaywyijv
701 2475 790 2505 autem
818 2467 983 2505 et'ischisma
999 2477 1048 2505 pa-

266 2501 326 2530 rtim
339 2503 434 2529 distat.
460 2501 545 2529 Porro
568 2501 831 2532 cattsa'sehismatis
855 2504 977 2532 Luciano
999 2501 1050 2532 i‘uit

265 2538 391 2574 doctrina
410 2536 484 2574 Pauli
501 2537 702 2567 Samosatensis
725 2548 806 2574 quam
830 2539 1002 2572 defendebat,
1019 2545 1049 2567 ut

265 2574 345 2609 docet
360 2572 524 2609 Alexander.
535 2574 629 2609 iCujus
648 2572 741 2609 gratia
761 2576 805 2602 diu
825 2575 962 2608 ssparavit
984 2584 1013 2602 se
1034 2585 1048 2602 a

267 2608 354 2645 tribus
369 2607 515 2645 episcopis,
533 2607 776 2645 Doutnngymaeo
794 2617 825 2637 ac
844 2609 956 2644 Cyrilio.
973 2609 1046 2637 Tan-

265 2643 325 2669 dem
339 2650 403 2669 vero
418 2643 450 2670 ad
467 2647 599 2670 unitatem
617 2643 744 2672 Ecclesia:
758 2643 885 2672 reversus
901 2648 952 2676 est,
967 2649 995 2672 ut
1016 2653 1047 2673 ex

265 2677 424 2714 Alexandro
446 2678 597 2713 colligitur.
625 2679 717 2714 Neque
743 2681 814 2708 enim
831 2687 893 2707 ctttn
912 2687 998 2714 usque
1015 2681 1049 2708 ad

264 2714 368 2740 exitum
402 2713 465 2740 vita:
494 2714 521 2740 in
551 2713 700 2742 schismate
734 2715 870 2743 mansisse
896 2713 1050 2743 Alexander

264 2748 383 2810 ‘scribit,
417 2748 464 2775 sed
494 2752 601 2776 tantum
628 2750 709 2785 iOngo
736 2756 858 2785 tempore
890 2755 1047 2786 separatum

278 2791 360 2810 uisse.

278 2791 360 2810 uisse.

305 2819 353 2856 ἐν
369 2819 461 2856 Inpia
475 2827 556 2856 χείρἒ
567 2819 728 2856 ἐπίσκοποι
747 2820 833 2855 τρεῖς.
849 2820 978 2856 lntclligit
996 2819 1049 2848 Eu-

263 2855 368 2890 sebium
394 2854 526 2890 Cmsarea:
544 2854 696 2890 Ealmstiua:
721 2854 900 2890 episcopum,
921 2854 1049 2882 Theodo—

264 2895 321 2916 tum
341 2889 483 2925 Laodicea:
502 2894 528 2916 et
548 2889 691 2918 Paulinum
713 2891 789 2925 Tyri.
813 2892 868 2918 Hos
888 2891 961 2918 cnim
982 2897 1049 2918 ana-

266 2926 386 2954 themate
401 2923 546 2952 damnatos
561 2925 648 2954 t‘uissc
661 2926 693 2954 ab
706 2923 862 2954 Alexandio
875 2926 1047 2954 Alexandriae

901 201 940 231 Β.
960 199 1110 230 VALESII
1131 199 1238 230 ΝΟΤΑΞ

1827 202 1894 236 1528

1105 259 1238 294 episcopo
1258 263 1374 287 testatur
1391 258 1474 286 Arius
1494 258 1522 286 in
1543 258 1659 293 epistola
1684 259 1717 286 ad
1746 258 1894 286 Eusebium

1106 294 1343 322 Nicomedienscm
1371 294 1547 329 episcopum,
1576 302 1637 328 qua:
1664 294 1785 321 refertur
1812 295 1894 322 intra.

1106 329 1194 357 Porro
1208 337 1239 357 ex
1257 330 1309 357 hoc
1326 330 1386 357 loco
1403 329 1552 364 colligitur.
1568 329 1713 364 epistolam
1731 330 1803 356 hanc
1820 331 1894 356 scri-

1106 369 1181 426 plam
1197 373 1260 392 esse
1281 365 1316 392 ab
1332 365 1488 392 Alexandro
1503 370 1567 391 ante
1584 365 1730 399 epistolam
1747 364 1779 391 ad
1798 373 1894 392 omne!

1116 400 1246 426 icclesias
1257 421 1264 426 .
1282 401 1442 426 oriusnuam
1461 400 1596 426 Eusebius
1611 399 1829 426 Nicomediensis
1846 408 1894 426 na-

1116 400 1246 428 -Icclesias
1257 421 1264 433 ,
1282 401 1442 435 priusquam
1461 400 1596 427 Eusebius
1611 399 1829 435 Nicomediensis
1846 408 1894 433 pa-

1106 436 1256 463 trocinium
1271 434 1327 462 Arii
1344 434 1523 470 suscepisset.
1540 435 1606 462 Nam
1624 435 1648 462 si
1666 434 1817 469 posteriore
1833 436 1894 463 loco

1106 471 1210 505 scripta
1252 475 1326 499 esset
1352 471 1410 498 haec
1434 470 1571 505 epistola.
1599 478 1740 504 nunquam
1768 470 1894 504 profecto

1107 506 1263 534 Alexander
1288 506 1457 534 mentionem
1480 505 1591 533 Eusebii
1612 505 1833 534 Nicomediensis
1853 505 1894 532 l'a-

1105 549 1167 569 cere
1180 542 1331 569 omisisset.

1146 576 1383 604 Tauronem-0w.
1398 576 1426 603 in
1442 575 1540 603 codice
1563 575 1666 603 Leonis
1691 575 1786 602 Allatii
1815 579 1842 602 et
1863 575 1892 603 in

1104 611 1225 639 editione
1253 611 1399 640 Basiliensi
1434 611 1534 642 legitur
1564 610 1730 638 ἀνακείσθω.
1749 609 1894 644 Quomodo

1105 647 1189 674 etiam
1206 647 1339 674 scribitur
1356 645 1428 681 apud
1444 646 1644 681 Nicephorum.

1143 683 1198 714 Τὰς
1215 682 1253 716 τῇ
1271 681 1440 709 ὑποστάσει
1459 681 1514 708 δύο
1533 682 1652 716 φύσεις.
1678 681 1753 708 Duas
1778 686 1894 708 naturas

1104 718 1173 745 dicit
1190 717 1358 747 Alexander.
1376 724 1430 743 non
1448 717 1612 751 simpliciter
1628 721 1655 744 et
1669 716 1794 743 absolute
1806 717 1892 749 ditas,

1104 753 1151 780 sed
1167 753 1352 787 personaliter
1368 752 1437 779 duas
1449 771 1457 783 ,
1478 759 1512 788 eo
1528 752 1602 788 quod
1622 752 1651 788 in
1672 751 1782 788 duabus
1799 759 1894 788 perso-

1105 790 1148 816 nis
1162 785 1275 816 exsistat
1292 796 1345 815 una
1363 792 1472 814 natura.
1488 785 1580 821 Quare
1594 785 1676 822 φύσις
1697 787 1726 813 ὲν
1745 787 1893 813 ὑποστάσει

1104 823 1176 851 idem
1189 828 1232 850 est
1249 822 1322 857 quod
1341 829 1469 857 persona.

1138 858 1203 886 Pas.
1221 856 1264 886 16.
1281 856 1493 891 ὀνίόμοιονὲγ
1511 857 1653 892 Ψαλμοῖς.
1668 856 1782 884 [tectius
1793 857 1820 883 in
1835 864 1894 883 ma-

1104 895 1250 928 nuscripto
1264 894 1360 921 codice
1378 892 1493 928 Henrici
1502 892 1598 919 Savilii
1615 897 1642 919 cl
1661 893 1689 928 in
1706 892 1827 919 editione
1843 892 1893 918 Ba-

1103 924 1210 957 siliensi
1236 929 1368 964 scriptum
1392 931 1452 959 est,
1475 924 1513 954 ὧν
1530 928 1639 964 ὕμοιφν,
1656 927 1683 954 id
1706 931 1768 964 est,
1797 927 1892 964 quibus

1103 964 1206 992 similia
1220 965 1247 991 in
1266 961 1382 991 Psalmis
1398 967 1497 989 canunt
1516 961 1681 990 sanctissimi
1703 961 1810 989 Patres.
1831 961 1894 995 Epic

1103 1001 1223 1035 phanius
1244 1004 1336 1035 tanien
1353 997 1547 1035 Scholasticus
1566 999 1706 1035 vulgatam
1714 998 1894 1035 _scripturam

1102 1031 1257 1063 confirmat.
1284 1033 1459 1061 Camerarius
1484 1040 1611 1068 quoque,
1625 1033 1691 1059 licet
1714 1031 1892 1068 Basiliensgm

1102 1071 1251 1098 editionem
1270 1074 1382 1097 secutus
1401 1068 1452 1099 sit.
1471 1067 1500 1094 ὃν
1520 1066 1613 1095 tamen
1640 1068 1721 1102 legit.
1740 1071 1768 1102 et
1787 1067 1820 1094 ad
1842 1066 1893 1093 Pa-

1103 1109 1171 1133 trem
1190 1105 1294 1133 retttlit.
1311 1103 1582 1138 Christopborsouns
1598 1101 1712 1138 vero’ad
1727 1101 1832 1138 Filium_
1846 1109 1891 1128 re-

1103 1140 1174 1168 ferre
1190 1140 1296 1168 maluit.
1316 1139 1362 1167 Sic
1379 1136 1452 1166 eniin
1473 1139 1573 1169 vertit,
1596 1137 1696 1165 Filium
1715 1145 1794 1171 porro
1814 1136 1890 1163 Patri

1101 1176 1214 1203 similem
1228 1195 1235 1205 .
1253 1176 1281 1202 in
1300 1174 1415 1202 Psalmis
1429 1174 1633 1208 pronuntiatum
1657 1177 1807 1200 metuerant
1824 1180 1890 1199 saa—

1102 1211 1215 1238 ctiuimi
1235 1210 1286 1237 viri
1296 1231 1302 1241 ,
1321 1215 1376 1237 etc.

1139 1245 1209 1280 Τιμςῖ
1224 1245 1277 1272 τὸν
1291 1245 1416 1278 Πατέρα.
1432 1244 1603 1280 Epiphanius
1616 1243 1807 1280 Scholasticus
1816 1251 1890 1280 qua:-

1101 1278 1231 1309 datn'hic
1253 1280 1327 1307 addit
1352 1288 1412 1314 qua:
1438 1278 1493 1307 non
1514 1280 1644 1314 leguntur
1668 1279 1694 1305 in
1716 1278 1822 1314 Graeco.
1846 1279 1891 1306 Sic

1101 1317 1172 1344 enim
1196 1316 1300 1343 habet:
1326 1313 1493 1350 Quapropter
1516 1313 1602 1350 et’qui
1624 1314 1737 1350 honorat
1764 1313 1889 1342 Patrem.

1101 1352 1213 1379 honorat
1234 1355 1258 1377 et
1276 1348 1398 1378 Filium}
1417 1356 1441 1378 et
1460 1351 1503 1384 qui
1521 1348 1633 1376 honorat
1647 1348 1763 1380 Filium,
1780 1350 1891 1375 honorat

1100 1392 1125 1414 et
1153 1386 1259 1413 Patrem
1273 1406 1280 1418 ,
1302 1390 1326 1413 et
1341 1392 1420 1413 recte.
1447 1385 1534 1418 Quam
1560 1385 1706 1412 lectionem
1726 1385 1892 1411 conﬁrmant

1101 1423 1253 1457 sequentia.
1285 1420 1378 1456 Itaque
1405 1428 1483 1448 error
1501 1421 1611 1457 videtur
1630 1419 1824 1457 librariorum,
1845 1421 1890 1457 qui

1101 1455 1172 1485 hanc
1191 1455 1340 1492 pericopen
1360 1456 1514 1484 omiserunt
1534 1455 1641 1491 decepti
1670 1461 1769 1482 vocum
1796 1455 1891 1482 simili-

1100 1493 1205 1521 tudine.

1136 1527 1191 1555 Καὶ
1213 1527 1441 1562 μελαγχολικῆς
1468 1525 1665 1562 ἡρμοσμένης
1690 1526 1794 1562 ᾃόξηλς.
1819 1523 1891 1562 ιςεο

1103 1559 1330 1599 μελαγχὸλιιεοῖξξ
1343 1559 1575 1599 quetnadttioduui
1592 1561 1679 1599 edidit
1695 1560 1816 1588 Iacobus
1834 1559 1892 1585 Sir-

1100 1597 1231 1626 inundus.
1252 1597 1338 1631 Cujus
1362 1601 1454 1624 tamen
1481 1597 1582 1623 l'aetuut
1610 1597 1729 1630 probare
1754 1603 1808 1622 tton
1828 1602 1890 1631 pos-

1101 1641 1162 1661 sum
1174 1655 1182 1666 ,
1201 1633 1227 1659 in
1243 1640 1276 1659 eo
1291 1630 1363 1666 quod
1385 1631 1529 1659 lectionem
1551 1631 1656 1658 nullius
1672 1631 1768 1664 scripti
1786 1630 1891 1666 codicis

1100 1665 1266 1695 auctoritate
1285 1665 1422 1695 ﬁrmatam
1439 1667 1466 1693 iu
1484 1670 1587 1693 textum
1607 1666 1753 1693 admittere
1769 1673 1825 1692 non
1839 1665 1891 1690 du-

1101 1703 1221 1730 bitavit:
1238 1710 1319 1737 quam
1336 1702 1369 1729 ad
1387 1702 1459 1728 latus
1473 1701 1605 1728 editionis
1619 1709 1677 1728 sum
1694 1701 1827 1737 reiirere,
1845 1703 1890 1737 aut

1100 1740 1128 1766 in
1142 1733 1369 1766 adnotaiionibus
1385 1737 1489 1764 referre
1503 1739 1593 1771 potius
1606 1736 1798 1764 conveniebat.
1812 1733 1890 1771 Apud

1100 1773 1284 1808 Nicephorum
1302 1773 1329 1799 in
1350 1773 1396 1799 lib.
1415 1779 1482 1804 vut;
1501 1770 1561 1808 cap.
1577 1772 1714 1808 7.!egitur
1732 1770 1779 1797 καὶ
1793 1770 1892 1804 μελαγ-

1099 1808 1208 1844 χολικῆς
1224 1807 1302 1843 δόξης
1313 1827 1322 1840 ,
1339 1808 1441 1835 omissa
1458 1814 1524 1834 voce
1539 1807 1728 1842 ήρμωμένης.

1143 1849 1433 1887 Ἀποσκιρώσαντος.
1453 1851 1482 1879 1η
1499 1852 1689 1886 manuscripto
1704 1851 1801 1887 codice
1819 1850 1891 1877 Hen-

1101 1889 1150 1916 rici
1162 1887 1257 1916 Savilii
1270 1888 1403 1922 scriptqu
1417 1891 1458 1914 est
1473 1886 1704 1922 ἐνσχηνώσαντος.
1721 1886 1890 1922 Epiphanius

1102 1923 1292 1951 Scholasticus
1311 1921 1412 1956 legisse
1428 1923 1536 1949 videtur
1550 1921 1806 1956 ἀποσκιρτήσαντος
1819 1941 1827 1952 ,
1849 1921 1891 1948 sic

1102 1931 1292 1951 Scitotasttcus
1312 1931 1336 1950 to
1357 1931 1412 1950 isse
1428 1931 1536 1949 videtur
1550 1931 1806 1956 αποσκιρτησαντος
1819 1941 1827 1952 ,
1849 1931 1888 1948 sic

1101 1960 1174 1986 enim
1203 1960 1306 1986 vertit:
1334 1931 1471 1991 Sapientia
1499 1956 1611 1985 Saturne
1629 1957 1656 1984 in
1677 1957 1781 1983 animus
1799 1964 1888 1983 eorum

1101 1994 1275 2028 nequissimus
1295 1993 1601 2028 velwmenterjnsiliens.

1142 2025 1445 2063 Ἣμαῠρωσεν.(ὶο‹1εχ
1457 2026 1664 2063 LeonisAllatii
1680 2026 1762 2063 habet
1777 2025 1890 2063 ῄμέρῳ-

1102 2073 1157 2091 σεν.
1173 2060 1263 2098 Atque
1277 2064 1314 2090 ita
1339 2070 1453 2097 prorsus
1469 2063 1533 2097 legit
1545 2062 1718 2098 Epiphanius
1736 2060 1889 2098 Scholasti-

1100 2107 1167 2131 cus,
1185 2096 1263 2126 υἷε-ι
1279 2096 1507 2132 interpretatione
1525 2097 1587 2131 ejus
1599 2096 1729 2130 apparet.
1751 2096 1797 2125 Sic
1816 2096 1888 2132 enim

1100 2134 1204 2161 vertit:
1225 2132 1287 2160 Non
1305 2131 1548 2160 coniministrorum
1567 2140 1677 2158 concors
1697 2131 1842 2158 reverentia
1858 2132 1890 2156 de

1101 2169 1208 2197 Christo
1231 2168 1395 2202 ferocitatem
1410 2176 1501 2195 eorum
1517 2167 1703 2201 utamuefetit.

1142 2214 1367 2246 Ἔπιπορεισθω.
1385 2213 1498 2241 Correxi
1518 2213 1710 2248 ὲπαπορείσθω
1721 2219 1754 2239 cx
1770 2211 1889 2240 editione

1100 2249 1195 2277 Jacobi
1234 2248 1386 2276 Sirmundi.
1409 2248 1437 2275 In
1458 2249 1597 2276 Saviliano
1611 2247 1713 2274 codice
1738 2251 1766 2274 et
1786 2248 1813 2274 in
1834 2247 1888 2274 eili-

1101 2287 1176 2312 tione
1193 2284 1338 2312 Basiliensi
1359 2284 1493 2317 scriptum
1521 2288 1562 2310 est
1585 2283 1790 2317 ὲπηπορήσθω,
1817 2282 1889 2316 quod

1101 2320 1187 2353 magis
1202 2320 1309 2354 placet:
1325 2323 1369 2346 est
1385 2320 1457 2354 enim
1475 2319 1501 2345 in
1519 2319 1666 2354 praterito.

1143 2353 1321 2387 Ἀπὰιὸεύτῳ
1334 2354 1405 2387 ὕλῃ.
1420 2353 1465 2380 Sic
1480 2357 1559 2380 vocat
1571 2353 1731 2380 dialecticas
1743 2359 1890 2386 argumen-

1101 2390 1218 2417 tationes
1234 2389 1334 2424 quibus
1348 2389 1477 2416 utebatur
1490 2389 1571 2415 Arius
1586 2388 1839 2424 atlversusthristi
1849 2387 1889 2413 di-

1100 2422 1254 2451 vinitatem.
1273 2424 1300 2450 in
1319 2424 1415 2451 codice
1432 2423 1634 2459 tatnenrAllatii
1652 2431 1703 2459 pro
1719 2422 1771 2459 ὕλῃ
1790 2423 1889 2457 legitur

1101 2459 1205 2494 ὑλακῇ,
1225 2459 1251 2486 id
1267 2463 1310 2487 est
1327 2460 1426 2486 latratu
1439 2479 1446 2491 ,
1465 2458 1538 2494 quod
1557 2466 1610 2485 non
1631 2458 1728 2492 probo.

1136 2505 1200 2532 Pio.
1217 2505 1260 2532 Π.
1272 2501 1329 2531 Ὠν
1336 2505 1539 2539 pecuarioan
1548 2504 1641 2538 φύσις
1648 2502 1827 2537 μονογενής.
1839 2502 1889 2529 Bc.-

1101 2542 1183 2572 nigue
1199 2540 1406 2574 intelligendum
1419 2543 1461 2567 est
1472 2560 1478 2569 ,
1491 2539 1563 2574 quod
1582 2539 1633 2565 hoc
1647 2540 1708 2565 loco
1722 2540 1759 2564 ait
1772 2539 1888 2574 Alexan-

1101 2572 1471 2609 dcr.naturaufuuigenilam
1482 2572 1596 2601 mediam
1612 2581 1675 2601 csse
1691 2574 1764 2599 inter
1782 2572 1888 2599 Patrem

1102 2611 1265 2646 ingenitum
1282 2608 1490 2646 etei-saturas.
1512 2608 1564 2646 Ubi
1586 2612 1714 2646 naturam
1735 2609 1820 2646 sumit
1842 2616 1889 2643 pro

1102 2644 1230 2680 persona.
1259 2644 1388 2678 intelligit
1415 2644 1487 2672 enim
1501 2644 1595 2680 etiam
1618 2646 1648 2670 ὲν
1663 2644 1842 2680 intendam,
1861 2647 1888 2669 ut

1101 2678 1184 2716 paulo
1204 2684 1267 2706 ante
1286 2680 1394 2707 locutus
1415 2683 1456 2707 est
1475 2679 1640 2706 Alexander.
1662 2678 1780 2716 Mediam
1799 2682 1888 2716 autem

1103 2712 1181 2742 'vocat
1198 2718 1326 2742 naturam
1345 2715 1535 2749 unigenitam,
1555 2722 1609 2741 non
1629 2714 1703 2747 quod
1725 2712 1889 2749 Unigenitus

1102 2751 1216 2778 inferior
1231 2751 1267 2777 sit
1282 2749 1361 2777 Patre
1372 2768 1379 2781 ,
1395 2748 1442 2777 sed
1468 2749 1540 2783 quod
1560 2756 1608 2784 per
1623 2749 1699 2784 illum
1716 2748 1807 2784 omnia
1827 2748 1889 2784 facit

1103 2786 1192 2818 Pater,
1217 2789 1246 2811 ιιι
1268 2785 1307 2812 ait
1327 2784 1449 2812 Joannes
1473 2781 1652 2819 evangelista.
1679 2782 1775 2813 Unde.
1791 2781 1886 2819 δι’ᾳῦ.

1103 2821 1212 2856 proprie
1229 2820 1360 2856 tribuitur
1376 2819 1465 2856 Filio,
1485 2818 1716 2854 quemadmodum
1736 2822 1814 2845 notat
1838 2818 1886 2846 Ba-

1102 2856 1180 2884 silius
1200 2855 1226 2881 in
1245 2855 1314 2882 libro
1330 2855 1363 2882 de
1379 2855 1480 2889 Spiritu
1496 2859 1601 2882 sancto.

1137 2891 1224 2924 Πάσῃ
1243 2890 1279 2924 τῇ
1299 2889 1430 2924 τεννητῇ
1452 2890 1553 2924 φύσει.
1574 2890 1664 2916 Malim
1685 2889 1807 2917 scribere
1837 2897 1883 2922 γι-

1102 2927 1179 2961 νητῇ,
1196 2924 1424 2960 quemadmodum
1453 2925 1551 2961 legisse
1578 2926 1683 2953 videtur
1704 2924 1882 2960 Epiphanius.
