2064 3120
149 195 218 229 1565

147 254 216 280 enim
225 252 354 286 buplizati
361 253 509 284 κυρήβια.
519 252 584 280 Nam
592 253 758 289 τελειωθῆναι
767 258 809 282 est
818 254 942 288 baptiza-

149 291 183 322 ri,
200 290 330 324 utimonui
343 289 370 316 in
380 289 611 316 Adnotationibus
625 289 796 321 Euscbianis,
809 290 940 324 pag.‘255.

190 323 320 356 Ἀδόλως
332 324 548 358 γινωσκομένη.
562 324 678 351 Primam
694 332 788 351 vocem
804 325 943 353 Geneven-

147 368 191 386 scs
208 360 369 394 typographi
387 359 548 392 adjecerunt
562 367 594 386 ex
618 359 861 394 Christophorsoni
880 368 941 387 ver-

146 396 225 422 sione
243 398 270 420 ct
284 402 317 421 ex
333 395 403 422 libro
415 394 569 422 Athanasii.
589 394 616 421 ln
637 397 746 423 cunctis
776 401 866 422 tamen
893 403 942 422 no-

148 431 212 457 stris
227 431 429 464 exemplaribus
463 438 517 457 non
550 430 682 463 habetur,
698 439 748 458 nec
764 432 792 458 in
816 431 941 458 versione

148 465 293 500 Epiphanii
307 466 482 493 Scholastici.

187 499 268 534 Τινὲς
288 501 346 535 μὲν
364 501 461 534 αὐτὴν
478 501 536 534 τὴν
560 500 594 529 ἐν
619 501 738 535 Num/(,1.
768 502 798 528 In
823 502 941 536 vulgatis

150 536 294 564 Athanasii
311 537 477 564 editionibns
497 536 539 562 hir
552 536 629 563 locus
650 537 728 564 aliter
746 537 845 571 legitur
866 547 872 563 :
892 538 939 564 sed

148 580 181 600 cx
202 571 376 599 Theodoreto
390 571 578 598 emendandus
595 576 646 599 est.
666 572 725 599 Duo
744 573 816 599 enim
839 580 940 606 genera

149 608 314 635 Arianorum
343 607 388 634 hic
418 607 576 641 perstringit
606 607 791 640 Athanasius,
822 615 939 641 quorum

149 643 197 669 alii
217 650 310 670 vocem
334 642 476 677 ὁμοούσιον
508 643 618 676 penitus
644 643 817 676 rejiciebant,
840 641 938 669 Filium

150 678 197 704 Dei
214 686 247 705 ex
264 678 349 704 nihilo
364 683 487 705 creatum
505 681 684 711 asserentes;
702 678 748 704 alii
765 686 828 705 vero
842 678 942 704 admit-

149 714 243 740 tebant
264 713 371 744 quidem
393 713 423 739 τὸ
447 713 602 748 ὁμιιούσιον.
621 714 667 740 sed
691 720 833 748 perperam
855 713 942 739 inter-

149 750 338 782 pretabantur,
370 756 420 776 nec
450 749 582 783 Spiritum
612 753 737 775 sanctum
769 747 850 775 Deum
879 755 941 775 esse

148 784 297 811 credebant
326 793 333 811 :
365 784 518 818 cujnstnodi
545 788 624 810 et'ant
648 783 848 810 MaCedoniani.
865 783 937 810 Idem

148 823 267 846 testatur
280 819 429 854 Gregorius
444 819 633 846 Nazianzenus
647 820 672 845 in
685 819 810 846 oratione
827 818 936 846 funebri

149 855 182 881 de
211 854 337 882 laudilnts
364 855 518 886 Athanasii.
551 855 667 889 loquens
697 855 731 882 de
757 854 849 882 libello
877 854 938 881 fidei

148 898 229 925 qnetn
245 890 355 923 scripsit
374 890 406 916 ad
425 890 567 917 Jovianutn
584 891 653 924 Aug.

185 925 249 952 Pan.
278 925 339 952 154.
364 925 436 952 Ὑπὸ
469 925 652 958 τριακοσίων
682 924 755 952 δέκα
783 924 832 951 καὶ
863 924 939 951 ὀκτὼ

147 960 332 988 ἐπισκόπων.
352 962 379 988 ln
395 961 512 995 vulgatis
536 960 704 988 editionibus
719 960 862 987 Athanasii
888 968 939 986 nu-

149 1004 242 1023 merus
264 997 457 1030 episcoporum
484 1003 537 1022 non
561 995 686 1023 habetur.
710 995 789 1022 Certe
806 1003 938 1022 numerus

148 1031 194 1059 ille
214 1037 397 1058 trecentorum
424 1031 517 1058 decem
544 1035 572 1058 et
600 1034 663 1058 octo
681 1031 872 1065 episcottorum
891 1032 936 1065 qui

147 1066 243 1094 Nicaea:
266 1067 292 1093 in
325 1075 407 1094 untuu
437 1071 634 1098 convenerunt,
663 1067 726 1093 licet
755 1067 789 1093 ab
814 1066 938 1099 antiquis

146 1101 275 1129 Patribus
303 1103 420 1130 traditus
447 1102 618 1135 reperiatur,
654 1101 725 1136 apud
755 1101 936 1128 Athanasium

147 1142 249 1169 tamen.
271 1137 292 1164 si
317 1138 385 1165 bene
403 1137 524 1168 memini,
544 1143 678 1172 nusquam
703 1138 808 1172 integer
819 1136 936 1172 legitur.

146 1171 214 1199 Nam
231 1173 257 1199 in
274 1173 388 1206 cpistola
402 1173 434 1199 ad
451 1171 611 1204 Solitarios,
621 1180 680 1207 pag.
698 1171 804 1202 854.21“
818 1171 936 1199 Nicaeam

147 1208 308 1235 convenisse
321 1208 464 1243 episcopos
480 1208 539 1242 plus
552 1208 642 1235 minus
656 1212 805 1236 trecentos.

442 1265 475 1292 In
493 1271 572 1301 caput
589 1265 643 1293 IV.

182 1313 248 1340 Pas.
265 1313 326 1340 155.
350 1313 550 1340 Ἐὅεσαίωσεν.
572 1313 693 1341 Pessime
708 1313 937 1349 Christophorso-

147 1357 199 1376 aus
231 1349 303 1376 hunc
330 1349 421 1375 locum
454 1348 649 1383 interpretatus
677 1352 719 1376 est
747 1349 798 1376 hoc
820 1348 934 1377 modo:

147 1384 267 1419 Cognilio
288 1384 457 1418 imperatoris
475 1392 554 1418 quant
569 1384 601 1410 Ile
619 1384 695 1411 rebus
711 1384 807 1411 divinis
829 1385 938 1412 imbibe-

147 1425 199 1446 rut.
212 1419 293 1454 Atqui
307 1427 360 1446 non
373 1420 424 1446 hoc
434 1419 502 1446 dicit
517 1419 721 1452 Theodoretus;
733 1419 780 1447 scd
792 1419 952 1447 Joﬂanum‘

147 1457 267 1490 acceptis
285 1455 426 1481 Athanasii
448 1455 556 1485 litteris,
580 1455 665 1490 legem
699 1456 796 1482 tulisse
821 1463 874 1490 qna
889 1455 936 1482 Ni-

146 1498 222 1517 czena
243 1490 309 1517 ﬁdos
325 1490 548 1517 conﬁrmabatur.
570 1490 598 1516 Si
625 1490 687 1522 quis
712 1494 802 1517 tamen
823 1499 934 1518 sensum

145 1526 386 1560 Christopborsoni
414 1525 491 1559 sequi
518 1525 656 1561 maluerit,
685 1532 740 1552 non
767 1533 934 1561 magnopere

146 1559 305 1597 repugnabo
323 1571 329 1588 :
348 1560 498 1595 prtesertim
510 1568 572 1597 cum
590 1559 720 1597 Iovianus
734 1559 835 1588 nullam
849 1559 934 1597 legem

146 1597 241 1623 tulerit
265 1596 299 1623 de
329 1596 460 1632 religione
471 1595 552 1632 .ﬂsed
579 1596 727 1630 unicuique
752 1597 860 1623 colendi
878 1595 935 1632 ‘pro

146 1632 261 1658 arbitrio
275 1639 326 1658 suo
340 1631 461 1658 numinis
477 1631 588 1658 liberam
605 1631 746 1666 reliquerit
764 1631 932 1665 facultatem,

146 1671 176 1694 ut
193 1667 272 1694 docet
287 1666 455 1694 Thetnistius
470 1666 497 1692 in
512 1667 637 1694 oratione
649 1667 681 1693 ad
696 1666 851 1694 Jovianum.

181 1702 234 1729 Kal
260 1703 355 1736 ’νόμον
381 1701 485 1735 ἕτερον
506 1701 629 1736 ἔγραψε,
657 1701 720 1729 llaec
744 1705 786 1729 est
813 1702 934 1730 secunda

145 1738 307 1764 constitutio
318 1736 425 1764 Ioviani
439 1745 486 1771 pro
500 1737 645 1764 Ecclesiis.
663 1737 754 1763 Prima
774 1738 846 1764 enim
872 1738 932 1772 ejus

145 1773 305 1800 constitutio
322 1772 410 1799 fuerat
424 1772 457 1799 de
474 1773 610 1807 episcopis
631 1773 664 1798 ab
675 1773 773 1799 exsilio
800 1780 934 1800 revocan-

145 1808 198 1840 dis,
222 1812 249 1836 et
266 1808 292 1834 in
318 1808 397 1835 sedes
423 1815 489 1835 suas
514 1807 703 1842 restituendis,
730 1812 759 1835 ut
782 1808 883 1843 legitur
906 1809 934 1836 in

144 1851 204 1878 cap.
224 1844 241 1870 2
256 1843 336 1876 hujus
354 1843 426 1869 libri.

184 1879 217 1905 Τὸ
234 1878 432 1912 τριτημόριον.
448 1877 498 1904 Hic
514 1877 592 1905 locus
607 1885 690 1912 prava
711 1878 934 1913 interpunctione

145 1914 316 1941 deformatus
326 1917 377 1940 est.
389 1913 434 1939 Sic
445 1913 526 1948 igitur
539 1921 600 1940 eum
613 1913 835 1948 distinguendum
847 1918 913 1948 puto
927 1924 934 1941 :

144 1949 200 1980 Τὰς
228 1948 375 1983 εἰσφορὰς,
404 1948 454 1982 τῆς
480 1948 685 1974 Κωνσταιιτίνου
721 1949 873 1981 συντάξεως
905 1950 935 1976 τὸ

145 1984 333 2019 τριτημόριον,
349 1987 415 2014 ctc.,
431 1991 512 2018 quam
534 1983 739 2010 distinctionem
758 1985 817 2019 ipse
833 1984 935 2012 conﬁr-

144 2024 203 2047 mat
216 2019 402 2047 Theodoretus
420 2019 447 2046 in
465 2019 513 2045 lib.
530 2026 549 2051 ι,
566 2026 625 2053 cap.
641 2026 671 2047 ιι.

447 2074 480 2101 In
502 2080 580 2110 caput
604 2075 636 2102 V.

180 2122 247 2151 PAO.
267 2122 324 2150 156.
347 2122 512 2154 Αὺξεντίου
527 2122 593 2156 γάρ.
615 2122 721 2149 Nullum
741 2122 787 2149 hic
808 2121 934 2149 ordinem

144 2163 299 2193 temporum
329 2161 420 2185 servat
445 2157 645 2189 Theodoretns,
673 2165 736 2184 nam
767 2165 828 2184 cum
856 2165 899 2185 res
921 2165 936 2184 a

145 2192 341 2221 Valentiniano
360 2194 430 2228 Aug.
442 2193 469 2219 in
482 2192 603 2220 Ecclesia
620 2197 712 2228 gestas
728 2193 819 2220 dicere
841 2201 936 2228 aggre-

145 2230 246 2260 diatur.
277 2229 322 2263 qui
353 2236 466 2263 regnare
492 2229 577 2263 coepit
611 2236 684 2255 anno
717 2229 816 2255 natalis
843 2228 936 2255 Domi-

146 2265 202 2292 nici
217 2265 280 2296 564,
302 2264 336 2291 ab
359 2263 486 2290 Auxentii
510 2268 597 2291 morte
613 2269 639 2290 et
658 2264 798 2290 Ambrosii
822 2264 935 2290 ordina-

147 2301 222 2327 tione
237 2308 283 2327 eas
301 2299 417 2330 orditur,
436 2307 495 2333 quae
512 2299 582 2326 facta
599 2303 640 2326 est
664 2307 737 2326 anno
755 2298 856 2327 ChriSIi
883 2299 937 2326 574

146 2336 240 2363 decom
269 2334 348 2361 annis
375 2334 487 2369 integris
514 2339 575 2369 post
593 2334 737 2361 exordium
762 2334 935 2370 principatus

148 2370 341 2397 Valentiniani.

188 2405 346 2440 ἸΙμετέριις
378 2404 589 2438 ὐποκλίνωμεν
619 2404 765 2439 κεφαλάς.
803 2404 936 2432 Solebant

146 2441 211 2469 olim
234 2440 377 2467 christiani
400 2440 608 2467 occurrentibus
623 2441 760 2475 episcopis
777 2446 858 2475 caput
871 2440 936 2467 sub-

148 2477 268 2506 mittere,
285 2479 314 2502 ut
329 2476 363 2502 ab
383 2476 416 2502 iis
428 2475 646 2502 benedictionem
666 2476 831 2509 acciperent.
850 2475 937 2509 Cujus

148 2512 232 2539 moris
247 2511 331 2537 ntttlta
345 2515 494 2545 supersunt
507 2510 621 2545 vestigia
641 2511 666 2537 in
694 2514 817 2537 veterum
845 2511 935 2538 libris.

148 2547 240 2573 Primo
256 2546 328 2573 enim
345 2545 465 2572 Hilarius
488 2545 515 2572 in
536 2546 606 2572 libro
622 2549 718 2572 contra
741 2545 935 2573 Constantium

148 2584 183 2609 ita
214 2582 311 2609 scribit
340 2590 346 2608 :
377 2580 474 2608 Oscula
502 2580 648 2607 sacerdotes
676 2581 786 2614 excipis,
826 2590 876 2615 quo
913 2586 937 2608 et

148 2617 270 2644 Christus
284 2621 322 2644 est
341 2616 462 2650 proditus
475 2623 484 2641 .'
500 2620 577 2649 caput
599 2616 773 2642 benedictioni
789 2616 936 2646 submittis.

147 2657 175 2678 nt
192 2652 268 2685 ﬁdem
285 2652 380 2678 calces.
398 2651 520 2678 Convivia
536 2650 666 2684 dignaris.
681 2659 713 2678 ex
728 2660 778 2684 quo
800 2651 887 2678 Iudas
902 2651 937 2677 ad

146 2687 323 2722 proditionem
337 2695 457 2722 egressus
476 2691 525 2713 est.
542 2686 654 2713 Censum
676 2688 798 2722 capimur
810 2687 935 2718 remittis,

147 2731 222 2757 quem
239 2721 359 2749 Christus
377 2731 407 2749 ne
419 2722 545 2748 seandalo
561 2726 637 2752 esset.
655 2722 775 2749 exsolvit.
789 2721 939 2749 Philoslor-

148 2759 210 2792 gius
227 2757 254 2784 in
271 2757 390 2784 Historia
403 2757 582 2784 ecclesiastica
600 2757 697 2784 scribit
711 2757 857 2784 Leontium
878 2757 937 2784 Tri-

149 2794 244 2828 poleos
256 2793 413 2826 episcopum
429 2801 488 2818 cum
506 2793 603 2827 reliqui
620 2801 716 2820 omnes
737 2793 859 2828 episcopi
881 2792 938 2819 Eu-

150 2828 254 2856 sebium
271 2828 430 2861 Augustam,
443 2835 555 2855 uxorem
575 2828 749 2862 imperatoris
768 2827 935 2859 Constantii,

151 2864 273 2894 adirent,
302 2870 417 2897 eamque
444 2870 475 2890 ex
504 2871 578 2890 aiore
607 2863 772 2896 adorarent,
795 2871 937 2898 nunquam

151 2898 251 2925 adduci
276 2898 396 2931 potuisse
420 2902 449 2924 ut
469 2905 528 2923 eam
556 2898 697 2930 inviseret,
718 2899 770 2925 nisi
793 2906 823 2925 ea
841 2898 937 2925 condi-

152 2934 227 2962 tione
240 2937 267 2960 ut
282 2932 402 2967 Angusta
419 2932 536 2960 venienti
557 2933 608 2968 ipsi
625 2938 793 2969 assurgeret,
808 2939 834 2962 ct
853 2939 935 2970 caput

642 198 683 229 IN
698 197 889 228 TEHODOR.
904 198 995 228 HIST
1027 199 1128 230 ECCL.
1145 200 1219 230 LIB.
1230 201 1278 231 IV.

1719 199 1782 232 1366

994 255 1177 285 submitteret.
1192 256 1334 289 postulans
1346 259 1375 283 nt
1388 257 1605 285 lienediccretur.
1615 256 1704 285 Verba
1721 257 1779 284 Phi-

994 290 1212 327 lostorgii_rel‘ert
1230 290 1329 327 Suidas
1348 292 1375 318 in
1394 291 1516 319 Leontio.
1535 293 1628 319 Simile
1644 297 1685 319 est
1706 293 1778 327 quod

993 325 1089 364 scribit
1101 325 1209 364 Marcus
1223 326 1360 364 diaconus
1376 327 1401 353 in
1420 327 1479 354 Vita
1491 328 1634 364 Porphyrii
1651 325 1785 355 Gazensis

992 361 1124 398 episcopi.
1152 361 1301 388 Endoxiam
1321 363 1471 396 Augustam
1502 361 1569 398 ipsis
1585 361 1624 390 'in
1646 364 1778 390 Palatium

991 397 1165 434 venientibus
1178 404 1230 422 non
1248 399 1331 424 semel
1347 399 1512 434 occurrisse,
1533 404 1560 425 et
1573 399 1690 432 priorem
1707 400 1782 434 ipsos

992 432 1139 463 salutasse,
1157 435 1240 466 atque
1263 436 1292 457 ιιι.
1306 433 1433 459 sederent
1452 433 1579 465 jussissc.
1604 438 1631 460 at
1651 432 1782 460 inclinato

992 467 1081 504 capite
1100 467 1255 504 postulasse
1273 471 1302 493 ut
1317 468 1520 504 benedicerent.
1534 468 1605 495 Idem
1623 477 1732 504 quoque
1748 470 1780 496 de

992 503 1085 529 eadem
1115 502 1237 536 Augusta
1265 507 1382 530 testatur
1413 503 1584 530 Sozomenus
1605 504 1631 530 in
1655 502 1700 530 lib.
1720 512 1780 536 vttt,

992 545 1052 571 cap.
1080 538 1124 570 15,
1149 539 1195 565 ubi
1221 538 1254 565 de
1279 538 1426 565 Annuonio
1451 539 1573 571 loquitur
1596 544 1621 565 ct
1649 539 1780 566 fratribus

991 573 1135 600 monachis
1168 574 1213 608 qui
1244 572 1331 607 Longi
1359 573 1528 600 dicebantur.
1564 574 1720 605 Palladius,
1752 576 1778 601 in

991 607 1102 644 dialogo
1126 608 1159 635 de
1178 607 1243 635 Vita
1268 608 1383 636 Joannis
1406 608 1594 644 Chrysostomi
1623 610 1667 635 tibi
1691 609 1724 644 de
1748 618 1780 636 eo

992 642 1155 679 loqttiturjn
1176 643 1303 671 exsilium
1321 642 1522 677 protirisceiite,
1539 645 1577 671 ait
1594 644 1668 670 illiilli
1687 643 1780 679 Olym-

991 677 1063 714 piadi
1077 682 1104 705 et
1119 678 1257 706 Pentadiat
1272 687 1303 706 ac
1319 679 1436 706 Salvinte
1452 679 1564 711 dixisse,
1582 683 1611 706 ut
1623 677 1780 714 quicunque

992 713 1171 740 sine'ambitu
1189 714 1336 748 eligeretur
1351 715 1507 749 episcopus.
1521 716 1544 742 ei
1562 713 1650 749 capita
1664 715 1780 741 submit-

993 752 1083 784 tcreet
1095 749 1208 782 perinde
1224 757 1255 776 ac
1267 750 1329 784 ipsi.
1344 749 1426 777 Nefas
1443 750 1486 777 hic
1503 751 1621 777 arbitror
1642 750 1780 784 prmterire

990 783 1124 820 insignem
1141 785 1229 811 locum
1246 784 1360 812 Joannis
1374 785 1562 820 Chrysostomi
1575 793 1607 811 ex
1626 783 1736 811 humilia
1750 785 1777 816 5,

991 818 1024 845 ad
1038 819 1165 853 populum
1179 820 1392 851 Antiochenum,
1405 818 1451 848 ubi
1468 821 1500 848 de
1512 821 1641 847 Flaviano
1652 821 1779 854 episcopo

992 855 1038 887 qui
1060 854 1099 890 ad
1129 855 1290 882 comitatum
1318 856 1450 890 principis
1479 857 1617 889 profectus
1644 860 1712 885 erat.
1741 856 1778 882 ita

992 889 1114 923 loquitur
1133 899 1139 916 :
1160 890 1268 924 Ἄρχων
1284 891 1343 917 ἐστὶ
1362 889 1515 922 καϊαύτὺς,
1531 891 1578 917 καὶ
1593 891 1683 925 ἄχρων
1708 890 1780 917 ὲκεί-

990 933 1035 962 you
1052 925 1222 962 σεμυρτερθς.
1236 926 1292 962 Καὶ
1306 926 1360 960 γὰρ
1374 927 1458 961 αὐτὴν
1471 928 1521 962 τὴν
1536 926 1680 961 βασιλικὴν
1695 934 1779 958 κεφα-

1066 961 1091 997 oi
1118 959 1187 997 ἱερά).
1214 961 1290 997 νόμοι.
1318 959 1379 992 ’πάϊς
1404 959 1504 988 τοῦτού
1534 959 1663 997 φέροντες
1687 961 1779 997 χερσὶν

990 995 1149 1027 ὑπέταξαν(
1168 995 1206 1022 De
1233 995 1328 1023 eodem
1358 1004 1434 1023 more
1460 995 1582 1031 loquitur
1603 1001 1698 1023 auctor
1719 995 1780 1023 vitae

990 1031 1077 1058 sancti
1091 1031 1227 1065 Fulgentii
1246 1041 1251 1058 :
1271 1031 1467 1058 Altercantibus
1488 1032 1608 1059 omnibus
1620 1032 1677 1066 quis
1692 1032 1779 1066 primo

989 1066 1120 1102 salutaret
1131 1066 1323 1100 agnoscendus.
1339 1068 1397 1102 quis
1416 1067 1576 1094 benedicenti
1590 1071 1666 1099 caput
1681 1075 1779 1101 suppa-

990 1107 1071 1128 neret.
1088 1101 1209 1135 Denique
1227 1101 1350 1129 incertus
1363 1107 1459 1129 auctor
1473 1103 1656 1135 Quwstionum
1679 1102 1778 1129 Veteris

989 1142 1013 1163 et
1030 1136 1100 1164 Novi
1119 1137 1291 1170 Testamcuti,
1307 1142 1402 1172 qnmst.
1421 1138 1481 1165 109.
1504 1138 1596 1165 Nostri
1620 1142 1709 1164 autem
1734 1145 1779 1164 sa-

989 1172 1115 1203 cerdotes
1137 1181 1220 1206 super
1241 1172 1343 1200 mttltos
1359 1173 1482 1207 quotidie
1507 1181 1604 1199 nomen
1630 1173 1735 1199 Domini
1752 1176 1780 1199 et

988 1207 1072 1234 verba
1091 1208 1290 1235 benedictionis
1313 1208 1467 1242 imponunt.
1489 1208 1540 1235 Sed
1559 1208 1584 1235 in
1602 1209 1696 1243 paucis
1714 1208 1779 1234 elle-

989 1247 1050 1270 ctus
1064 1247 1116 1270 est.
1136 1243 1183 1270 Est
1204 1243 1303 1271 itcrttm
1334 1244 1443 1278 quando
1467 1244 1594 1271 meliores
1616 1251 1645 1270 se
1667 1244 1779 1270 benedi-

989 1282 1065 1305 cunt.
1082 1278 1213 1311 Quamvis
1226 1279 1298 1306 enim
1313 1279 1375 1314 quis
1391 1284 1504 1306 sanctus
1520 1279 1674 1314 sit,rcurvat
1687 1282 1778 1314 tanien

989 1318 1071 1348 caput
1086 1314 1118 1340 ad
1138 1314 1354 1341 benedictionem
1370 1314 1541 1341 sumendam.
1564 1313 1706 1341 Postremo
1724 1313 1779 1340 Ha-

988 1351 1084 1376 norius
1111 1353 1137 1376 ct
1162 1349 1371 1377 Valentinianus
1392 1349 1520 1383 Augusti.
1542 1349 1576 1376 de
1601 1349 1779 1376 accusatione

987 1384 1120 1419 episcopi,
1143 1384 1294 1420 presbyteri
1316 1385 1357 1411 vel
1380 1384 1488 1411 diaconi
1509 1385 1545 1411 ita
1568 1384 1724 1412 reseribunt
1744 1384 1777 1410 ad

987 1427 1082 1446 verum
1109 1419 1266 1452 praefectum
1288 1420 1434 1454 praetorio:
1451 1420 1583 1446 Audemus
1600 1421 1706 1454 quidem
1724 1427 1778 1445 ser-

988 1462 1090 1481 monem
1106 1455 1193 1488 facere
1214 1455 1292 1482 solito
1303 1455 1362 1488 plus
1376 1455 1468 1481 timore
1487 1456 1568 1490 omni.
1586 1456 1617 1481 de
1639 1455 1739 1480 sanctis
1753 1459 1778 1480 et

988 1490 1178 1516 uenerabilibus
1190 1490 1381 1521 sacerdotibus.
1398 1494 1423 1517 et
1438 1491 1560 1517 secundis
1582 1489 1777 1520 sacerdotibus,

987 1525 1025 1551 vel
1042 1526 1123 1552 etiam
1137 1525 1234 1552 Levitis
1247 1533 1256 1556 ,'
1267 1530 1291 1552 et
1304 1534 1347 1552 eos
1365 1534 1423 1552 cum
1439 1526 1511 1552 omni
1527 1526 1619 1552 (iniure
1641 1526 1777 1552 nominare

986 1560 1080 1595 quibus
1093 1562 1178 1588 omnis
1193 1565 1264 1588 terra
1277 1565 1354 1595 caput
1366 1561 1490 1589 inclinat.

1263 1617 1296 1645 In
1311 1623 1389 1652 caput
1408 1617 1493 1645 VIII.

1024 1664 1087 1692 PAG.
1110 1664 1170 1691 158.
1185 1665 1408 1699 Αὐτοκράτορες
1422 1664 1568 1699 μέγιστοι.
1591 1663 1775 1699 Baroninsrin

987 1700 1136 1727 Annalibus
1158 1700 1343 1727 ecclesiasticis
1356 1698 1431 1727 hanc
1453 1698 1598 1733 epistolam
1611 1708 1664 1726 non
1686 1707 1700 1726 a
1726 1698 1777 1726 Va‘

986 1736 1138 1763 lentiniano
1154 1735 1328 1769 imperatore.
1348 1740 1377 1762 ut
1394 1735 1490 1763 scribit
1507 1735 1708 1766 Theodoretus,
1730 1735 1777 1761 sed

986 1778 1000 1798 a
1025 1770 1140 1797 Valente
1163 1770 1411 1805 potiusﬁscriptam
1437 1778 1498 1798 esse
1524 1770 1673 1802 existimat,
1705 1777 1778 1796 anno

986 1806 1088 1833 Christi
1102 1804 1169 1835 365.7
1186 1813 1239 1840 quo
1255 1804 1464 1833 Valentinianus
1486 1810 1513 1833 et
1532 1805 1632 1832 Valens
1649 1805 1778 1832 consules

989 1841 1074 1876 fuere.
1094 1840 1160 1874 Sed,
1177 1848 1244 1874 pace
1259 1841 1319 1874 ejus
1340 1841 1471 1870 dixerim.
1493 1841 1638 1876 dupliciter
1664 1840 1777 1872 fallitur,

987 1880 1044 1903 tum
1064 1875 1091 1902 in
1114 1883 1186 1911 anno
1201 1883 1254 1910 quo
1270 1876 1373 1911 scripta
1393 1880 1435 1903 est
1460 1875 1516 1903 haec
1529 1875 1654 1911 epistola.
1670 1879 1727 1902 tum
1750 1876 1777 1902 in

986 1919 1019 1939 eo
1038 1911 1111 1946 qttod
1126 1910 1235 1938 Valenti
1252 1919 1311 1938 eam
1328 1910 1463 1946 assignat.
1481 1910 1553 1938 Nam,
1568 1919 1630 1938 cum
1652 1911 1678 1937 in
1697 1910 1777 1937 titulo

987 1948 1034 1981 qui
1053 1947 1176 1980 cpistola:
1189 1947 1318 1981 prtulixus
1329 1951 1381 1978 est,
1401 1955 1454 1974 una
1469 1955 1530 1974 cum
1549 1946 1740 1974 Valentiniano
1751 1951 1779 1973 ct

988 1982 1103 2009 Valente
1122 1981 1272 2008 Gratianus
1291 1989 1402 2016 quoque
1424 1983 1565 2016 Augustus
1591 1986 1775 2016 nuncupetnr,

988 2018 1083 2052 procul
1100 2017 1183 2044 dubio
1196 2021 1259 2043 ante
1277 2025 1378 2044 amnnn
1396 2017 1497 2045 Christi
1515 2018 1576 2044 567.
1596 2017 1651 2044 haec
1662 2017 1777 2051 epistola

989 2052 1072 2080 scribi
1098 2059 1151 2078 non
1177 2053 1276 2086 potuit.
1299 2052 1336 2079 Eo
1360 2053 1433 2079 enim
1456 2061 1528 2080 anno
1548 2053 1698 2080 Gratianus
1718 2053 1776 2078 Au-

989 2091 1087 2120 gustus
1112 2091 1287 2121 nuncupatus
1311 2091 1363 2117 est,
1392 2092 1421 2113 ut
1443 2092 1553 2115 constat
1583 2096 1617 2115 ex
1634 2088 1778 2114 Ammiano

990 2122 1159 2153 Marcellino.
1178 2126 1205 2149 et
1221 2130 1253 2148 ex
1269 2121 1358 2149 Fastis
1373 2122 1460 2153 ldatii.
1483 2123 1616 2157 Lupicino
1632 2127 1658 2149 et
1679 2122 1779 2149 Iovino

990 2165 1063 2185 coss.
1089 2157 1255 2192 Argumenta
1275 2165 1341 2184 vero
1361 2158 1463 2191 quibus
1485 2158 1620 2185 Baronius
1638 2158 1734 2184 nititur
1750 2162 1779 2183 ut

990 2193 1097 2220 Valenti
1116 2200 1174 2219 eam
1191 2193 1335 2227 epistolam
1354 2193 1486 2227 assignet,
1505 2193 1700 2219 refutationem
1722 2199 1777 2219 non

989 2233 1140 2256 merentur.
1165 2227 1285 2254 Primum
1311 2228 1382 2255 enitn
1408 2228 1456 2258 ait,
1483 2228 1605 2255 Valentis
1627 2235 1726 2254 nomen
1750 2228 1776 2254 in

989 2265 1070 2291 titulo
1086 2264 1168 2296 hujus
1190 2262 1313 2298 epistola;
1339 2263 1457 2298 praeponi
1474 2273 1480 2290 :
1499 2263 1572 2298 quod
1595 2267 1635 2290 est
1659 2262 1777 2290 falsissi-

989 2307 1074 2330 tnum,
1100 2302 1130 2325 ut
1157 2306 1189 2324 ex
1219 2297 1390 2325 Theodoreto
1418 2297 1523 2329 nostro.
1548 2303 1574 2325 et
1597 2306 1628 2326 ex
1653 2298 1779 2325 versione

988 2335 1134 2369 Epiphanii
1153 2333 1316 2360 Scholastici
1332 2338 1455 2368 apparet.
1471 2334 1573 2361 Deinde
1593 2333 1667 2368 quod
1684 2334 1721 2360 ait
1732 2340 1778 2369 res

988 2368 1097 2397 Asianus
1123 2369 1277 2396 dimceseos
1306 2369 1374 2395 nihil
1401 2369 1434 2396 ad
1468 2369 1687 2396 Valentinianum
1714 2368 1779 2395 atti-

990 2406 1094 2436 nuisse.
1116 2413 1205 2439 neque
1228 2404 1254 2431 id
1270 2408 1431 2431 rerum-est.
1451 2404 1560 2432 Etenim
1581 2412 1614 2432 ex
1633 2404 1779 2430 Ammiano

989 2441 1148 2468 Marcellino
1179 2439 1342 2470 didicimus,
1371 2439 1592 2467 Valentinianum
1625 2439 1778 2470 seniorem,

989 2477 1051 2503 licet
1076 2475 1182 2502 Valenti
1206 2475 1284 2501 fratri
1311 2474 1431 2502 Orientis
1453 2475 1598 2510 imperiunt
1625 2474 1778 2506 tribuisset,

989 2515 1089 2538 cuncta
1102 2517 1190 2538 tamen
1210 2518 1260 2544 pro
1273 2510 1386 2537 arbitrio
1404 2518 1453 2538 suo
1467 2509 1528 2538 esse
1546 2509 1734 2542 moderatum;
1753 2513 1780 2536 ct

989 2547 1130 2574 Valentem
1160 2547 1246 2573 instar
1273 2546 1444 2580 apparitoris,
1472 2549 1501 2572 tit
1526 2545 1664 2580 Aintniani
1691 2545 1778 2571 nostri

989 2583 1080 2609 verbis
1097 2586 1166 2613 uta‘r,
1186 2581 1208 2607 ei
1228 2579 1393 2615 morigerum
1411 2589 1520 2615 semper
1535 2581 1632 2607 fuisse.
1657 2579 1780 2615 Denique

989 2617 1062 2652 qttod
1075 2617 1150 2644 addit
1163 2614 1313 2652 Baronins.
1331 2614 1555 2652 Valentinianum
1573 2620 1638 2652 tunc
1653 2614 1737 2652 fuisse
1751 2615 1779 2641 in

990 2650 1097 2685 Galliis,
1116 2660 1170 2679 non
1193 2655 1283 2687 autem
1309 2651 1335 2678 in
1357 2651 1475 2687 Illyrico,
1497 2651 1634 2687 fateorrid
1656 2650 1778 2687 quidem.

989 2688 1082 2722 Neque
1102 2687 1175 2714 enim
1195 2685 1404 2714 Valentinianus
1428 2687 1531 2714 relictis
1551 2686 1695 2722 GalliisAin
1716 2685 1779 2722 lily-

991 2720 1077 2750 ricuin
1092 2723 1230 2757 profectus
1244 2727 1286 2749 est
1302 2723 1353 2748 nisi
1369 2730 1441 2749 anno
1455 2722 1556 2748 Christi
1571 2722 1633 2751 574,
1646 2720 1780 2757 Gratiano

989 2763 1016 2786 et
1037 2755 1146 2793 Equitio
1169 2765 1253 2789 coss.,
1273 2761 1302 2783 ut
1327 2757 1407 2784 docet
1430 2757 1500 2784 idem
1524 2757 1708 2793 Marcellinus.
1727 2755 1781 2782 Sed

991 2791 1180 2826 nihil-obstat,
1204 2793 1352 2827 quominus
1373 2793 1399 2819 in
1421 2793 1518 2819 Galliis
1540 2793 1657 2826 positus,
1677 2791 1780 2827 legales

990 2829 1151 2864 Illyriciano:
1181 2825 1276 2864 synidi
1304 2828 1336 2864 ad
1363 2836 1392 2855 se
1408 2829 1521 2864 rtnissos
1542 2825 1680 2864 audierit.
1694 2825 1780 2852 Porro

991 2861 1073 2899 hu'jns
1092 2861 1215 2899 cpistola:
1231 2863 1413 2889 Valentiniani
1431 2863 1464 2899 ad
1480 2864 1624 2897 episcopos
1637 2861 1708 2887 Asia:
1723 2868 1779 2899 mf:-

990 2894 1072 2926 tniiiit
1086 2894 1168 2925 etiam
1180 2897 1361 2933 Theophanes
1379 2899 1405 2926 in
1425 2894 1706 2932 ϐΙιιοὶιὶυοίριιιινμιο
1721 2894 1779 2922 edi.-

994 2939 1064 2962 ctum
1079 2934 1206 2969 appellat.
