4124 6428
371 487 400 492 --
493 484 572 491 ν-.
591 485 610 490 υ
891 481 922 489 ο
967 480 1091 487 ⁵4.-
1111 480 1140 486 ο,
1218 479 1310 485 __._—
1343 479 1360 484 4
1417 476 1534 484 __-_._
1567 471 2786 483 ~_,._._....'_._.....,_'....__—‘.-——..——-~-——-——-.——-——-—.—.~c.—-—
2813 472 3220 479 ——--_‘—-----—-~~.~
3277 473 3319 477 —-
3337 475 3342 477 μ

1049 515 1070 525 -
1689 504 1730 510 ,,,.
1759 505 1794 508 _.
1825 504 1884 509 ,_.~
1919 503 1962 511 ,ο
2027 502 2056 507 η
2085 502 2240 507 -—...-»--_-
2325 502 2367 505 --
2511 504 2516 505 γ
2609 502 2612 503 ν
2739 502 2816 505 —»-~
2852 501 3252 508 .__—.——._--.,...———
3285 503 3354 510 τ--

339 515 572 523 -ρ.-ν
597 514 668 519 ————
931 517 957 526 ,,

1307 756 2390 1005 eumeum.

298 1291 584 1362 Nunquam
605 1304 708 1362 ego
740 1304 830 1347 me
867 1286 938 1344 ad
967 1281 1237 1345 edendam
1268 1276 1514 1359 aliquam
1543 1284 1757 1357 partem
1789 1283 2023 1353 operum
2056 1272 2393 1336 Theodoreti
2442 1271 2977 1338 accommodassem,
3020 1278 3085 1328 ut
3125 1273 3219 1344 qui
3262 1273 3498 1331 minime

236 1401 534 1469 ignorarem
565 1403 836 1467 quantum
863 1394 920 1448 in
956 1393 1178 1448 caeteris
1212 1391 1475 1462 partibus
1511 1386 1784 1448 Schulzii.
1815 1388 1926 1443 viri
1964 1388 2304 1452 doctissimi,
2340 1385 3027 1460 diligentiaelaborasset,
3071 1398 3354 1455 quamque
3380 1397 3494 1438 non

235 1503 376 1558 modo
397 1474 662 1574 iniquum
688 1501 785 1566 sit,
809 1499 907 1556 sed
942 1499 1114 1555 etiam
1149 1498 1369 1554 difficile
1404 1500 1461 1553 in
1493 1497 1707 1552 alienos
1732 1494 1956 1550 labores
1991 1491 2179 1547 studia
2206 1490 2523 1563 propellere
2552 1504 2655 1546 sua
2675 1530 2691 1558 ,
2719 1488 2828 1546 nisi
2849 1487 3271 1560 obsequendum
3298 1485 3499 1545 luisset

234 1607 404 1664 studio
427 1608 677 1675 librarii,
701 1607 796 1663 cui
836 1607 1052 1679 saepius
1082 1606 1228 1662 idem
1255 1605 1524 1676 ﬂagitanti
1549 1619 1753 1674 negare
1776 1598 2147 1657 nihilominus
2180 1595 2387 1651 durum
2418 1594 2716 1650 videbatur
2755 1607 2925 1664 quam
2958 1592 3065 1664 ipsi
3099 1590 3365 1648 Schulzio
3393 1588 3498 1646 ali-

237 1728 332 1782 qua
356 1713 544 1768 oneris
578 1719 740 1783 parte
787 1711 964 1767 levari
995 1712 1269 1783 cupienti.
1308 1709 1409 1766 Illo
1439 1710 1661 1782 quidem
1702 1716 1960 1780 tempore
2003 1706 2252 1761 rationes
2285 1703 2539 1765 libraria:
2579 1702 2945 1774 postulabant
2972 1708 3060 1768 ut,
3101 1715 3217 1772 quo
3253 1698 3498 1757 celerius

233 1832 382 1871 omne
399 1816 511 1870 hoe
540 1828 686 1887 opus
714 1815 1119 1881 conﬁceretur,
1151 1815 1282 1870 bina
1313 1814 1602 1870 volumina
1636 1814 2089 1882 excuderentur;
2114 1826 2227 1887 qua
2250 1812 2309 1868 in
2340 1826 2403 1868 re
2417 1813 2529 1869 etsi
2566 1810 2765 1868 multis
2794 1810 2979 1881 iisque
2998 1808 3173 1880 iustis
3206 1808 3277 1866 de
3306 1807 3496 1866 causis

233 1918 495 1974 tentaham
528 1919 635 1974 hoc
654 1918 936 1991 quidquid
963 1925 1088 1975 erat
1126 1917 1316 1975 oneris
1357 1917 1574 1973 amoliri
1603 1919 1659 1973 in
1678 1919 1965 1990 aliumque
1994 1936 2082 1977 me
2108 1921 2225 1977 sive
2250 1920 2558 1977 doctiorem
2588 1918 2708 1977 sive
2738 1919 2929 1974 minus
2954 1917 3285 1989 impeditum
3312 1913 3497 1987 conji-

228 2038 364 2092 cere,
387 2031 575 2081 tamen
600 2026 678 2080 ita
704 2024 1267 2092 instabatlibrarius,
1309 2024 1692 2081 amicissimus
1723 2026 1862 2081 mihi
1894 2018 2217 2098 optimeque
2249 2028 2319 2082 de
2340 2040 2427 2082 me
2456 2024 2713 2090 meritus,
2744 2032 2805 2080 ut
2827 2024 3132 2096 inciperem
3163 2022 3368 2086 vereri,
3397 2036 3491 2088 ne.

233 2141 347 2184 cum
388 2143 649 2201 negarem
687 2128 843 2199 justa
881 2136 940 2185 et
989 2129 1261 2201 praeclara
1294 2129 1537 2201 petenti,
1571 2128 1643 2185 ab
1685 2138 1753 2185 co
1796 2128 1884 2185 vel
1928 2130 2310 2187 benivolentia
2356 2131 2442 2187 vel
2476 2130 2728 2189 studium
2779 2130 3019 2187 honesta
3066 2129 3192 2201 ejus
3235 2126 3495 2185 instituta

230 2233 520 2302 adjuvandi
570 2233 1016 2290 desideraretur.
1050 2232 1333 2291 Consensi
1384 2233 1577 2307 igitur,
1622 2241 1700 2298 et,
1736 2246 2059 2307 quanquam
2095 2242 2222 2306 post
2254 2235 2373 2292 hac
2408 2234 2502 2291 illa
2553 2236 2866 2307 necessitas
2911 2234 3101 2306 operis
3145 2231 3495 2291 accelerandi

226 2340 433 2396 sublata
470 2339 604 2406 fuit,
634 2355 943 2412 aggressus
972 2356 1135 2408 sum;
1165 2339 1323 2413 quod
1359 2356 1471 2412 qua
1503 2339 1592 2397 via
1628 2350 1728 2396 aut
1754 2342 1971 2400 ratione
2003 2342 2254 2408 fecerim,
2304 2343 2531 2399 animus
2555 2349 2641 2399 est
2672 2341 2843 2413 paulo
2873 2340 3162 2411 copiosius
3184 2338 3492 2397 declarare.

289 2443 533 2501 Primum
576 2444 806 2517 quidem
852 2444 1037 2501 locum
1074 2444 1184 2502 hoc
1212 2445 1271 2502 in
1304 2445 1595 2503 volumine
1644 2453 1807 2503 tenet
1849 2447 2305 2505 commentarius
2337 2438 2672 2504 Theudureti
2723 2444 2781 2500 in
2811 2455 3011 2500 omnes
3051 2441 3209 2499 Pauli
3251 2442 3496 2516 apostoli

224 2548 512 2622 Epistolas,
541 2549 1058 2608 excellentissimus
1092 2550 1190 2609 ille
1220 2549 1471 2623 quidem,
1512 2565 1625 2624 quo
1654 2551 1737 2607 nil
1766 2550 1965 2609 melius
1986 2558 2100 2607 tota
2131 2552 2443 2625 antiquitas
2475 2551 2645 2608 habet
2666 2556 2796 2622 post
2820 2549 3306 2622 Cbrysostomum,
3329 2562 3493 2619 quem

222 2657 304 2713 vel
331 2656 610 2714 brevitate
646 2658 828 2712 vincit
859 2666 915 2712 et
940 2656 1189 2728 quodam
1215 2659 1375 2729 quasi
1401 2656 1650 2725 delectu,
1686 2671 2010 2729 quanquam
2045 2657 2219 2713 multa
2268 2656 2337 2714 de
2371 2670 2476 2715 suo
2506 2654 2686 2723 addit,
2710 2655 2877 2728 digna
2913 2653 3166 2728 profecto
3204 2669 3330 2726 quae
3359 2653 3493 2710 ditio

220 2764 433 2838 gentlus
475 2763 863 2821 excutiantur.
895 2762 1083 2834 Neque
1113 2764 1287 2830 enim,
1315 2762 1364 2820 si
1393 2778 1425 2818 a
1454 2762 1697 2836 Gagneo
1735 2761 1944 2833 (Schol.
1985 2764 2041 2819 in
2071 2779 2252 2819 omnes
2295 2762 2355 2818 ὀ.
2387 2760 2557 2817 Pauli
2591 2761 2793 2833 Epistt)
2828 2770 2883 2817 et
2926 2758 3280 2816 Bellosobrio
3306 2758 3492 2831 (Gbss.

219 2873 338 2926 hist.
369 2872 491 2925 erit.
523 2878 580 2926 et
599 2870 796 2939 philos.
822 2871 879 2924 in
907 2868 980 2924 N.
1011 2868 1102 2943 Υ.)
1134 2870 1517 2940 discesserim,
1541 2870 1640 2943 qui
1665 2868 2012 2943 quedamde
2034 2875 2235 2925 nostro
2262 2876 2523 2939 excerpta
2554 2866 2781 2931 dedere,
2810 2880 3147 2938 quemquam
3172 2873 3496 2923 nostrorum

215 2980 579 3051 interpretum
612 2978 878 3049 cognovi,
908 2975 1003 3048 qui
1039 2977 1172 3048 ejus
1216 2975 1717 3050 interpretationes
1753 2988 2057 3046 usurpasse
2092 2972 2400 3036 videretur,
2433 2978 2495 3026 ut
2540 2971 2629 3027 vel
2672 2970 2757 3026 sic
2804 2968 3040 3033 audeam
3072 2968 3366 3041 spondere,
3396 2968 3496 3040 qui

218 3085 330 3141 bac
359 3084 695 3142 Theodoreti
731 3083 955 3141 scholia
985 3083 1288 3155 diligenter
1338 3084 1709 3147 contulerint,
1746 3097 1910 3154 quam
1947 3080 2184 3152 plurima
2235 3085 2587 3149 reperturus,
2628 3091 2754 3148 quae
2788 3090 2860 3132 ne
2898 3077 2955 3130 in
2992 3080 3233 3132 mentem
3269 3075 3497 3146 quidem.

213 3192 464 3247 renerint
500 3192 881 3262 interpretum
918 3189 1110 3260 vulgo.
1164 3187 1286 3243 iam
1324 3189 1379 3244 in
1433 3189 1862 3256 istisscholiis.
1884 3185 2141 3252 edendis,
2174 3199 2303 3256 qua
2338 3185 2555 3256 primus
2587 3183 2779 3240 Grates
2830 3183 3140 3254 protulerat
3162 3181 3498 3243 Sirmondua

214 3293 397 3351 nescio
430 3309 546 3367 quo
587 3293 789 3350 codice
817 3309 956 3351 usus
982 3292 1155 3365 (solet
1186 3295 1334 3348 enim
1367 3294 1425 3348 in
1458 3294 1542 3349 his
1569 3293 1741 3349 rebus
1771 3289 2483 3363 narrandis'negligentior
2514 3290 2685 3363 esse),
2731 3289 2815 3345 usi
2852 3304 3047 3345 sumus
3082 3288 3308 3346 duobus
3333 3289 3484 3345 codi-

213 3395 387 3462 cibus,
412 3410 528 3452 uno
560 3395 919 3468 Augustam,
962 3396 1145 3451 altero
1167 3394 1457 3451 Bavarico.
1496 3394 1591 3451 Ille
1612 3395 1859 3466 quidem,
1890 3410 1924 3451 a
1950 3395 2219 3468 Beugei'ro
2241 3412 2465 3468 quoque
2484 3397 2543 3453 in
2570 3397 2642 3452 Ν.
2677 3395 2741 3451 Τ.
2778 3397 3033 3453 editione
3053 3396 3367 3462 adhibitus,
3396 3397 3494 3469 qui

210 3510 332 3553 cum
354 3497 752 3572 Augustanum
779 3498 1043 3572 quintum
1078 3500 1404 3573 appellavit,
1434 3510 1491 3557 ut
1515 3498 1866 3557 Wetstcnius
1894 3501 2428 3575 quinquagesimum
2449 3512 2713 3574 quartum
2739 3502 2794 3558 in
2817 3500 2972 3558 Pauli
2997 3499 3295 3572 Epistolas,
3320 3517 3495 3560 ntemv

210 3601 513 3659 branaceus
548 3616 636 3660 est
668 3603 1106 3660 accuratissime
1130 3605 1403 3677 scriptus,
1438 3614 1831 3663 sescentorum
1869 3608 2006 3675 fere,
2035 3616 2097 3665 ut
2116 3609 2342 3680 opinor,
2371 3625 2674 3680 annorum,
2715 3610 2968 3682 ejusdem
2998 3611 3299 3683 scripturas
3326 3627 3494 3684 quam

209 3705 514 3764 Bandinius
542 3724 733 3779 nuper
765 3709 859 3764 aeri
898 3708 1265 3766 incidendam
1288 3710 1507 3766 curavit
1529 3711 1643 3767 tab.
1678 3712 1699 3766 l
1736 3712 1985 3786 Catalogi
2014 3715 2173 3772 codd.
2199 3732 2330 3772 mss.
2356 3715 2618 3772 Biblioth.
2654 3715 2909 3772 Medicae
2931 3714 3331 3781 Laurentisne,
3360 3731 3498 3773 com

205 3816 451 3889 tinetque
480 3824 745 3873 catenam
779 3817 836 3871 in
871 3814 1179 3887 Epistolam
1220 3816 1381 3872 Pauli
1406 3818 1474 3873 ad
1498 3817 1787 3874 Romanos
1810 3819 1939 3875 inde
1975 3835 2003 3873 a
2052 3836 2218 3876 versu
2266 3821 2511 3892 septimo
2540 3821 2745 3893 capitis
2794 3821 3040 3892 septimi,
3076 3821 3433 3892 coniunctam
3462 3836 3499 3878 ο

200 3923 629 3979 commentariis
657 3920 1113 3978 clarissimorum
1144 3921 1538 3992 interpretum,
1563 3923 1731 3978 etiam
1770 3938 1964 3979 eorum
1994 3939 2232 3994 quorum
2262 3923 2574 3996 fragmenta
2616 3898 2871 3980 non-dum
2916 3925 3070 3980 edita
3109 3927 3494 3995 reperiuntur,

202 4029 368 4084 veluti
396 4029 670 4102 Origenis
701 4036 763 4086 et
778 4026 1061 4084 Theodori
1096 4026 1502 4098 Mopsuesteni,
1535 4043 1660 4099 qua:
1684 4028 1978 4100 diligenter
2003 4029 2241 4087 describi
2277 4030 2626 4096 curavimus,
2659 4028 2879 4086 edenda
2913 4029 3195 4095 lortassis.
3229 4030 3276 4087 si
3298 4045 3495 4086 eorum

194 4132 426 4202 cupidos
456 4136 713 4191 lectores
745 4133 1155 4189 invenerimus.
1189 4133 1254 4188 In
1288 4132 1380 4188 bis
1409 4132 1586 4204 igitur
1610 4146 1735 4204 quae
1762 4129 2099 4193 Theodoreti
2131 4135 2344 4192 scholia
2376 4135 2699 4204 exstabant,
2725 4149 2856 4191 cum
2892 4133 3294 4191 Sirmendiano
3338 4142 3493 4192 textu

195 4249 457 4298 accurate
488 4243 876 4306 contulimus,
912 4240 1086 4297 nullis
1121 4240 1540 4312 praetermissis,
1566 4240 1676 4297 nisi
1712 4255 1838 4312 quae
1862 4242 1948 4297 vel
1982 4257 2048 4298 cx
2083 4241 2210 4297 aliis
2241 4240 2580 4298 Theodoreti
2614 4241 2772 4299 libris
2801 4240 2975 4298 ducta
3013 4248 3205 4298 essent
3235 4243 3322 4300 vel
3356 4240 3497 4298 nihil

194 4346 541 4403 diversitatis
568 4348 629 4404 in
666 4346 912 4420 legendo
935 4346 1224 4404 oﬂ‘errent.

210 4527 217 4532 .
247 4476 464 4536 Frater
494 4480 683 4548 hunc,
711 4492 878 4550 quem
902 4478 1232 4550 amplissimi
1264 4486 1492 4536 senatus
1530 4480 1854 4560 reipublicae
1878 4483 2214 4555 Augustana
2240 4484 2545 4571 liberalitas
2567 4484 2867 4550 concessit,
2895 4483 3062 4538 alium
3098 4484 3485 4554 usurpandum

190 4585 335 4641 misit
369 4587 439 4642 ad
460 4602 569 4644 nos
604 4603 641 4644 e
663 4586 1010 4642 bibliotheca
1050 4585 1400 4643 serenissimi
1432 4587 1695 4646 electoris
1718 4588 1965 4646 Bavariae
1992 4590 2307 4648 incredibili
2336 4591 2687 4647 humanitate
2721 4590 3229 4660 liberalissimoquc
3269 4591 3493 4662 ingenio

188 4694 266 4746 vir
299 4694 458 4749 Felix
505 4693 785 4749 Andreas
816 4690 1109 4759 (Ellelius,
1155 4693 1251 4749 isti
1278 4693 1633 4751 bibliothecae
1668 4696 1984 4768 praefectus.
2022 4697 2124 4764 Qui
2163 4698 2323 4764 liber,
2352 4700 2458 4755 etsi
2503 4696 2748 4754 novitius
2773 4704 2879 4763 cst,
2918 4697 3119 4753 similis
3155 4697 3298 4768 ejus,
3328 4712 3491 4767 quem

190 4799 238 4855 iu
264 4800 616 4857 bibliotheca
649 4799 813 4872 regis
844 4797 1100 4856 Franciae
1128 4809 1354 4858 exstare
1384 4800 1525 4858 dicit
1560 4801 1721 4858 Riclt.
1770 4803 1962 4862 Simon
2004 4805 2175 4878 (Hist.
2220 4809 2346 4865 crit.
2384 4807 2882 4865 Commentatorum
2909 4808 2965 4862 in
3015 4805 3091 4862 N.
3120 4806 3184 4862 T.
3223 4824 3277 4878 p.
3313 4807 3490 4879 525.),

189 4913 388 4967 sarculo
427 4928 529 4968 xvi
577 4912 848 4983 scriptus
893 4912 962 4967 ab
1006 4912 1234 4967 homine
1273 4910 1549 4976 Graeculo,
1582 4912 1727 4983 quod
1756 4912 1862 4968 nisi
1905 4911 2021 4983 ipsa
2076 4928 2276 4968 manus
2309 4923 2363 4969 et
2409 4913 2624 4979 charta,
2655 4922 2809 4970 certe
2837 4914 3004 4969 verba
3029 4912 3377 4968 declararent
3409 4913 3492 4968 sic

76 5087 81 5092 _
188 5017 357 5085 posita
402 5018 479 5073 ad
521 5018 757 5073 calcem
800 5015 1104 5073 voluminis
1137 5034 1151 5071 :
1186 5014 1355 5081 Τέλος
1384 5015 1578 5088 εἴληφε
1609 5017 1704 5089 τῆς

1857 5018 1906 5087 ἧς
1945 5017 2129 5089 βίϐλου
2175 5017 2343 5089 ἄφμζ⁹
2373 5020 2433 5074 ὲν
2466 5020 2597 5091 μηνὶ
2627 5017 2974 5091 φευρουαρίῳ
3016 5017 3125 5072 κε’·
3164 5016 3303 5089 αὕτη
3337 5020 3371 5089 ή
3399 5016 3485 5089 βί-

185 5120 303 5186 6λος
325 5124 632 5195 ὲγεγράφη
674 5122 775 5177 διὰ
794 5122 977 5195 χειρὸς
1006 5120 1144 5193 ἐμοῦ
1161 5122 1373 5196 Πέτρου
1403 5123 1721 5195 Καρνεάδου
1743 5126 1808 5178 ἐκ
1835 5123 2045 5188 πόλεως
2085 5122 2415 5197 Ἐπιδαύρου
2437 5124 2538 5198 τὴν
2560 5123 2656 5180 νῦν
2683 5125 3167 5197 ἐπονομαζομένην
3199 5121 3492 5194 Max:396:-

186 5227 320 5292 σίαν,
352 5229 613 5300 itemque
652 5227 857 5282 multis
889 5227 1092 5282 calami
1118 5227 1293 5294 vitiis,
1328 5230 1637 5299 praesertim
1677 5229 1866 5301 quoad
1903 5230 2384 5302 orthographiam,
2416 5231 2492 5286 ita
2520 5230 2869 5302 inquinatus,
2908 5208 2971 5284 ut
2998 5243 3145 5299 saepe
3173 5227 3295 5284 sine
3322 5241 3493 5284 sensu

185 5332 348 5389 verba
385 5335 443 5389 in
485 5316 767 5390 chartam
801 5334 1055 5404 conjecta
1080 5344 1418 5407 appareant;
1458 5343 1645 5391 tamen
1678 5336 2033 5392 vehementer
2072 5335 2300 5407 profuit.
2334 5335 2472 5390 Nam
2507 5343 2563 5391 et
2596 5335 2846 5405 integros
2876 5332 3212 5389 continebat
3234 5328 3494 5387 Theodo-

184 5443 284 5496 reti
307 5440 772 5497 commentarios
804 5456 926 5496 cum
955 5441 1152 5512 paucis
1176 5441 1414 5503 lacunis,
1444 5449 1498 5499 et
1519 5443 1798 5515 elegantes
1826 5442 2095 5499 lectiones
2126 5426 2394 5500 oﬂ‘crebat
2425 5458 2534 5498 non
2565 5441 2730 5497 ωοάο
2769 5440 2823 5496 in
2869 5439 3009 5512 ipsis
3048 5437 3491 5503 commentariis,

185 5544 240 5601 in
270 5546 479 5619 quibus
508 5563 631 5604 non
675 5560 821 5602 raro
849 5561 977 5602 cum
1010 5544 1234 5602 ilerveti
1272 5534 1612 5604 lectionibus
1656 5548 1955 5614 consentit,
1991 5548 2088 5605 sed
2115 5548 2280 5605 etiam
2324 5548 2381 5604 in
2407 5555 2564 5605 textu
2594 5545 2773 5614 Pauli,
2809 5546 2906 5617 qui
2943 5559 3091 5615 saepe
3116 5543 3397 5612 discrepat
3421 5540 3494 5596 ab

184 5667 250 5707 co
269 5668 437 5724 quem
474 5650 841 5709 Sirmondus
863 5651 1061 5719 edidit,
1091 5653 1270 5708 multo
1298 5653 1470 5710 etiam
1495 5654 1673 5728 inagis
1705 5669 1737 5710 a
1770 5663 1997 5730 recepta
2032 5657 2311 5724 lectione;
2340 5668 2400 5713 ut
2432 5655 2610 5712 lCor.
2635 5672 2694 5723 x,
2731 5657 2824 5723 35,
2858 5657 2916 5711 in
2947 5653 3298 5708 παντάπασιν
3319 5648 3493 5721 (quod

192 5758 345 5818 facile
374 5759 796 5832 praetulerim),
820 5756 862 5812 ll
884 5756 1014 5814 Cor.
1051 5758 1224 5827 ΠΛΟ,
1260 5759 1354 5817 ubi
1381 5761 1475 5816 illa
1511 5752 1557 5829 ᾧ
1581 5761 1815 5834 κεχάρισ

1865 5779 1919 5816 αι
1948 5762 2153 5820 absunt
2182 5769 2246 5818 ut
2278 5762 2512 5819 verbum
2538 5761 2857 5836 περισσεύει
2884 5777 2937 5818 c.
2970 5775 3053 5828 in,
3077 5758 3135 5826 9,
3165 5767 3221 5816 et
3255 5758 3337 5820 εἰς
3363 5763 3493 5811 ante

194 5870 397 5934 πᾶντας
427 5866 594 5927 Rom.
637 5884 702 5931 v,
743 5864 825 5919 12
865 5884 881 5921 :
921 5881 1088 5938 quam
1119 5866 1555 5941 discrepantiam
1583 5883 1693 5925 non
1736 5868 2060 5942 paenituerit
2108 5869 2305 5926 barum
2337 5884 2529 5926 rerum
2576 5869 2950 5944 lntelligentes
2978 5882 3105 5926 cum
3148 5873 3488 5927 cateraruua

509 5965 816 6025 PATROL.
870 5959 987 6021 Gtt.
1037 5960 1338 6026 LXXXII.
3140 5960 3175 6020 1
