4124 6480
518 528 584 596 ιι
1689 524 1900 586 JOAN.
1942 527 2117 587 AUG.
2162 525 2551 589 NOESSEL’I’
3736 525 3801 596 t2

519 638 822 692 lectionum
860 636 1000 692 silva
1031 628 1380 702 contulisse;
1439 648 1662 706 operam
1712 637 1937 709 quidem
1983 635 2238 691 dedimus
2278 653 2346 694 ne
2378 638 2682 709 quidquam
2744 647 2941 710 praeter
2990 639 3287 698 manifesta
3326 641 3609 700 scribendi
3660 647 3792 702 vitia

519 740 1061 810 praetermitteretur.
2661 735 2666 740 ’

589 845 781 917 Neque
814 861 947 901 vero
978 846 1350 914 negleximus,
1387 861 1513 916 quae
1541 845 1850 921 chtianus
1873 846 2152 923 .Hervetus
2187 846 2277 903 his
2311 852 2728 907 commentariis
2761 865 2791 905 a
2824 867 2884 908 se
2913 851 3109 908 Latine
3141 855 3430 910 conversis
3458 862 3625 928 atque
3659 855 3787 912 Flo-

514 952 708 1007 rentia:
734 967 864 1007 ann.
892 952 1030 1006 1552
1062 950 1226 1007 editis
1257 949 1612 1021 adjunxerat.
1639 951 1776 1007 Nam
1808 967 1936 1007 cum
1965 951 2273 1022 accepisset
2312 967 2341 1006 a
2382 953 2643 1011 Marcello
2688 956 2951 1022 Cervino,
2984 958 3255 1013 cardinali
3298 958 3522 1016 Sancta:
3566 961 3786 1025 Crucis,

515 1058 709 1111 horum
741 1056 1273 1111 commentariorum
1310 1056 1711 1127 apographum,
1745 1057 2147 1127 statuissetque
2173 1056 2229 1111 in
2257 1065 2410 1114 textu
2440 1059 2596 1115 Pauli
2624 1062 2985 1133 exprimendo
3006 1065 3162 1136 sequi
3197 1068 3587 1122 auctoritatem
3630 1077 3783 1125 vete-

508 1162 587 1215 ris
622 1160 831 1216 Latinae
873 1155 1356 1231 interpretationis
1389 1178 1401 1213 :
1440 1160 1891 1231 quotiescunque
1926 1160 2165 1217 vidisset
2189 1164 2258 1218 ab
2289 1165 2385 1219 illa
2423 1165 2719 1223 lectionem
2767 1168 3108 1226 Theodoreti
3146 1170 3398 1227 Graecam
3438 1173 3783 1247 discrepare,

507 1261 577 1316 ad
607 1264 934 1334 marginem,
966 1278 1078 1333 quo
1108 1262 1278 1318 modo
1306 1262 1611 1331 reperissct
1641 1263 1694 1315 in
1724 1260 2093 1328 Theodoreto,
2146 1265 2377 1322 notavit.
2413 1269 2475 1323 In
2517 1269 2607 1325 his
2639 1268 2864 1327 Herveti
2913 1278 3046 1328 sunt
3094 1287 3204 1327 non
3259 1288 3433 1343 pauca
3484 1288 3515 1328 a
3558 1274 3786 1345 vulgato

504 1366 660 1423 Pauli
694 1379 751 1423 et
771 1367 1106 1424 Theodoreti
1133 1374 1287 1423 textu
1317 1364 1730 1428 dissentientia,
1764 1380 1886 1436 quae
1906 1373 2103 1421 notare
2126 1375 2181 1425 et
2202 1373 2521 1428 examinare
2542 1372 2842 1445 profuerit,
2878 1376 3050 1431 veluti
3078 1376 3171 1431 illa
3202 1394 3216 1431 :
3249 1376 3361 1431 Kal.
3385 1377 3494 1431 τῶν
3521 1377 3781 1432 τοιούτων

501 1476 603 1529 οὐκ
628 1476 745 1528 ἐστὶ
782 1475 944 1545 νόμος
975 1473 1158 1529 Galat.
1191 1490 1244 1538 v,
1280 1472 1371 1539 2'5,
1405 1488 1527 1543 quae
1558 1473 1723 1528 lectio
1755 1473 1908 1528 nullo
1932 1472 1987 1528 in
2015 1473 2207 1530 codice
2227 1473 2336 1531 alio
2367 1478 2664 1548 reperitur,
2696 1494 3015 1552 quanquam
3048 1480 3355 1552 probabilis
3391 1480 3563 1538 videri
3590 1488 3776 1555 potest

503 1589 557 1637 ct
598 1581 754 1637 l’auli
786 1582 909 1636 loco
940 1579 961 1633 l
1002 1579 1145 1634 Tim.
1175 1595 1214 1644 t,
1247 1579 1279 1634 9
1306 1580 1359 1634 in
1385 1577 1583 1650 primis
1618 1587 2016 1637 consentanea.

574 1705 681 1761 Sed
712 1707 972 1776 quoniam
1007 1705 1179 1760 Graeci
1212 1713 1457 1762 veterum
1485 1708 1848 1782 interpretum
1896 1706 2231 1778 Gmcorum,
2265 1710 2318 1766 in
2353 1711 2441 1769 his
2467 1711 2829 1781 Theodoreti,
2863 1717 3167 1772 sententias
3193 1716 3464 1789 collegcrc
3506 1717 3564 1773 in
3604 1719 3770 1774 libris

498 1817 588 1884 iis,
615 1832 757 1888 quos
787 1815 1114 1871 Latinorum
1150 1815 1429 1871 recentior
1459 1816 1806 1872 consuetudo
1837 1814 2166 1872 Catenarum
2189 1818 2416 1875 nomine
2445 1820 2744 1892 appellavit
2774 1840 2788 1879 :
2820 1831 3051 1894 propter
3072 1839 3137 1879 ea
3182 1824 3502 1881 institutum
3527 1842 3559 1881 a
3600 1827 3768 1882 nobis

496 1931 601 1987 est,
629 1930 687 1977 ut
703 1935 828 1993 quae
858 1920 935 1977 ibi
966 1933 1165 1992 sparsa
1195 1927 1386 1976 essent
1417 1918 1758 1977 Theodoreti
1786 1922 2089 1994 fragmenta
2113 1922 2521 1999 conferremus.
2553 1922 2887 1995 Quanquam
2913 1940 2982 1981 ex
3016 1940 3083 1980 eo
3114 1940 3338 1995 genere,
3368 1936 3569 1997 praeter
3600 1928 3766 1983 codi-

494 2045 635 2095 cem,
679 2042 842 2098 quem
866 2041 1036 2095 supra
1075 2025 1459 2091 laudavimus,
1493 2026 1903 2096 Augustanum,
1953 2028 2090 2083 nihil
2121 2028 2285 2083 nobis
2316 2035 2521 2097 praesto
2551 2028 2678 2095 fuit,
2711 2043 2876 2099 quam
2901 2037 3161 2100 excerpta
3182 2044 3267 2098 ea,
3301 2046 3424 2101 quae
3445 2032 3550 2088 sub
3575 2032 3759 2089 Theo~

493 2131 633 2197 doti,
676 2132 870 2187 nescio
910 2131 1075 2200 cujus
1108 2130 1356 2195 nomine,
1396 2129 1594 2186 Latine
1621 2131 1768 2186 edita
1798 2140 1927 2188 sunt
1968 2133 2023 2187 in
2076 2131 2655 2205 OrtbodoxOgraphis,
2705 2134 2951 2205 itemque
2998 2135 3053 2189 in
3102 2134 3561 2202 Commentariis,
3595 2155 3765 2209 quos,

491 2238 640 2295 haud
671 2238 791 2294 scio
819 2252 888 2291 an
916 2250 1021 2290 non
1057 2238 1194 2293 satis
1217 2235 1380 2302 bene,
1418 2238 1601 2292 solent
1625 2235 1967 2293 (Ecumenio
1999 2239 2268 2295 tribuere.
2301 2237 2410 2295 Sed
2440 2238 2533 2295 illa
2559 2240 2764 2312 oppido
2791 2255 2971 2311 pauca
3005 2240 3253 2309 fuerunt,
3276 2244 3443 2298 etiam
3478 2244 3547 2299 ad
3590 2262 3759 2302 unam

484 2342 649 2423 Pauli
680 2340 1063 2398 ad'llomanos
1092 2339 1393 2411 Epistolam
1447 2341 1823 2413 pertinentia;
1866 2355 1969 2397 nec
2019 2342 2318 2401 admodum
2358 2344 2534 2416 adjuti
2567 2344 2785 2405 fuimus.
2817 2344 3144 2402 (Ecumenii
3179 2360 3366 2418 Opere,
3399 2348 3453 2403 in
3485 2366 3619 2420 quo,
3650 2352 3763 2407 etsi

489 2457 622 2506 sunt
651 2448 889 2520 plurima
941 2463 971 2503 e
1007 2445 1345 2503 Theodoreti
1373 2446 1604 2503 scholiis
1627 2462 1698 2503 ne
1727 2455 1920 2502 notata
1948 2448 2174 2519 quidem
2210 2449 2397 2521 ipsius,
2423 2451 2674 2517 nomine,
2705 2451 2890 2509 rarius
2924 2460 3109 2508 tamen
3139 2452 3453 2511 aderuntur
3495 2472 3527 2513 e
3571 2455 3757 2515 Theo.

488 2558 683 2612 doreto
706 2563 987 2626 excerpta,
1019 2568 1165 2633 saepe
1187 2553 1355 2609 etiam
1395 2553 1539 2607 male
1585 2552 1828 2624 additum
1850 2561 1937 2609 est
1964 2553 2090 2624 ejus
2119 2569 2322 2627 nomen
2363 2555 2434 2612 iis
2464 2570 2590 2627 quae
2630 2555 2703 2611 ab
2736 2555 2972 2612 aliorum
3026 2556 3390 2627 interpretum
3426 2562 3757 2618 auctoritate

488 2659 950 2731 proﬁciscuntur,
986 2657 1293 2739 praesertim
1321 2656 1376 2712 in
1408 2654 1704 2711 ὑποθέσεσι
1729 2656 2094 2728 epistolarum
2128 2657 2485 2714 Paulinarum
2517 2659 2585 2716 ad
2611 2658 3023 2717 Theodoretum
3057 2662 3211 2733 nullo
3233 2665 3399 2720 modo
3424 2663 3773 2733 referendis,

488 2766 544 2822 id
575 2765 729 2837 quod
756 2763 1142 2820 commentarii
1178 2762 1300 2833 ejus
1327 2761 1622 2832 perspicue
1655 2761 1876 2818 docent.
1905 2761 2230 2820 Uberiorem
2259 2772 2497 2836 segetem
2521 2763 2825 2821 lectionum
2860 2765 3062 2821 obtulit
3094 2766 3162 2822 ad
3196 2776 3407 2823 textum
3431 2766 3588 2823 Pauli
3618 2784 3757 2824 con-

485 2874 831 2931 stituendum
874 2850 1569 2928 caeterorum'Theodoreti
1603 2870 1872 2926 librorum
1901 2868 2149 2933 collatio,
2203 2868 2260 2923 in
2291 2866 2496 2938 quibus
2548 2882 2693 2939 saepe
2737 2868 2878 2925 alias
2903 2868 3170 2927 lectiones
3209 2870 3432 2927 exhibet
3482 2887 3646 2943 quam
3696 2875 3753 2928 in

483 2994 649 3049 opere
680 2978 803 3047 ipso
833 2974 1365 3030 commentariorum
1394 2973 1463 3028 ad
1488 2973 1645 3030 Pauli
1673 2973 1979 3046 Epistolas,
2005 2973 2305 3030 identidem
2336 2974 2515 3045 magis
2543 2988 2670 3028 cum
2694 2975 2833 3044 ipsis
2864 2974 3414 3046 interpretationibus
3444 2976 3563 3034 suis
3582 2992 3752 3050 quam

482 3100 612 3141 cum
649 3082 902 3156 apposito
933 3079 1087 3135 Pauli
1121 3089 1272 3137 textu
1303 3080 1740 3137 consentientes.
1774 3079 1842 3134 Et
1872 3096 2166 3151 speramus
2209 3080 2434 3154 quidem
2486 3096 2589 3136 nos
2626 3089 2847 3152 gratum
2887 3078 3091 3138 fecisse
3137 3081 3403 3140 studiosis
3437 3084 3646 3142 criseos
3687 3084 3753 3139 li-

480 3193 708 3264 brorum
737 3189 875 3247 Novi
907 3187 1279 3255 Testamenti,
1306 3185 1456 3259 quod
1485 3201 1549 3243 ea
1582 3185 1892 3259 colligenda
1912 3185 2609 3256 suisqueiocisinserenda
2636 3186 3042 3253 curaverimus,
3071 3187 3375 3257 praesertim
3409 3202 3537 3244 cum
3570 3187 3750 3245 anim-
3781 3257 3784 3260 q

480 3299 922 3356 advertissemus
954 3296 1058 3352 hos
1089 3295 1244 3350 locos
1281 3308 1314 3348 a
1362 3291 1536 3349 Millio
1571 3290 1991 3362 Wetstenioque
2026 3306 2138 3346 non
2186 3290 2354 3346 modo
2393 3291 2865 3362 negligentissime
2895 3306 3191 3359 excussos,
3225 3292 3320 3349 sed
3348 3292 3514 3349 etiam
3544 3297 3613 3350 ab
3644 3294 3750 3349 hoc

481 3405 752 3463 lectiones
776 3411 1043 3473 tanquam
1075 3398 1408 3467 Theodoreti
1444 3401 1680 3472 positas,
1702 3415 1743 3476 _a
1771 3399 1977 3469 quibus
2002 3410 2170 3468 quam
2200 3394 2438 3451 maxime
2478 3394 2762 3451 abhorret.
2805 3393 2911 3450 Sed
2939 3411 3064 3467 cum
3097 3396 3277 3453 serius
3297 3396 3461 3454 nobis
3499 3398 3554 3453 in
3594 3411 3751 3453 men-

484 3523 594 3568 tem
624 3510 869 3566 venisset
898 3507 1046 3562 illam
1080 3504 1335 3562 lectionis
1375 3506 1702 3561 varietatem
1743 3502 2395 3573 diligentercongercre,
2438 3514 2603 3569 quam
2654 3499 3046 3555 commentarii
3094 3501 3148 3554 in
3187 3480 3490 3571 Epistolam
3532 3500 3601 3555 ad
3639 3497 3750 3555 Ro-

484 3632 682 3674 manos
705 3621 895 3674 essent
916 3612 1248 3685 typographi
1286 3609 1483 3687 formis
1518 3608 1824 3680 exscripti:
1860 3623 1982 3679 quae
2015 3604 2083 3660 ad
2117 3604 2266 3673 illam
2317 3602 2608 3673 epistolam
2654 3604 2937 3674 pertinent
2971 3618 3098 3658 cum
3145 3603 3235 3670 iis,
3263 3620 3389 3676 quae
3439 3603 3580 3659 forte
3614 3605 3747 3661 alibi

479 3694 732 3796 neglecta
760 3720 993 3786 fuerint,
1031 3717 1100 3772 ad
1131 3718 1339 3774 calcem
1370 3716 1554 3788 quinti
1575 3712 1875 3783 voluminis
1906 3726 2033 3767 cum
2068 3707 2234 3765 simili
2269 3707 2570 3761 lectionum
2615 3713 2802 3776 segete
2823 3704 3171 3776 subjicienda
3194 3706 3536 3762 curabimus.
3567 3707 3743 3763 Caete-

478 3844 604 3884 rum
631 3843 734 3883 nos
769 3841 900 3897 spes
935 3823 1130 3881 fefellit
1172 3838 1202 3878 a
1242 3821 1552 3878 Wetstenio
1604 3817 1748 3874 facta
1802 3816 2133 3888 (Prolegom.
2163 3811 2233 3866 ad
2267 3808 2342 3865 N.
2380 3810 2441 3865 Τ.
2479 3818 2615 3865 tom.
2646 3810 2691 3878 l,
2733 3827 2789 3882 p.
2839 3811 2951 3882 79.),
2990 3811 3083 3882 qui
3123 3825 3182 3866 se
3216 3811 3583 3883 profitebatur
3623 3809 3744 3866 Sir-

480 3932 667 3993 mondi
702 3925 1110 3987 Theodoretum
1144 3927 1453 3984 contulisse
1480 3939 1607 3981 cttm
1648 3922 1938 3978 codicibus
1967 3917 2403 3975 Basileensibus.
2436 3914 2629 3988 Neque
2661 3916 2805 3972 enim
2843 3916 3007 3986 hujus
3029 3916 3248 3988 generis
3275 3917 3576 3987 quidquam
3600 3916 3742 3972 vidi-

475 4055 602 4097 mus
629 4041 683 4096 in
720 4036 1115 4094 Wetsteniano
1144 4049 1337 4105 opere,
1369 4047 1474 4088 nec
1523 4032 1580 4085 in
1622 4027 1945 4084 narratione
1975 4027 2044 4082 dc
2076 4026 2366 4083 codicibus
2401 4025 2465 4079 N.
2510 4023 2575 4080 T.
2606 4025 2777 4079 alium
2814 4024 3185 4080 Basileensem
3216 4032 3613 4081 commemorat
3645 4040 3744 4079 or-

476 4157 668 4204 natum
701 4145 927 4202 scholiis
950 4126 1525 4210 Thcodoreti,pra:ter
1566 4149 1693 4191 eum
1747 4149 1910 4205 quem
1956 4134 2255 4205 septimum
2295 4131 2438 4186 inter
2465 4129 2691 4185 codices
2734 4130 2789 4184 in
2843 4128 3002 4187 Pauli
3038 4128 3320 4201 Epistolas
3370 4130 3745 4200 appellaverat

475 4253 636 4324 (tom.
672 4248 740 4315 Il,
767 4264 819 4320 p.
850 4250 933 4318 ιι),
966 4260 1141 4317 equo
1163 4242 1297 4315 quid
1327 4238 1395 4296 ad
1414 4237 1829 4311 Theodoretum
1861 4236 2249 4308 castigandum
2278 4236 2363 4291 vel
2388 4234 2794 4292 restituendum
2820 4234 3039 4291 duxerit
3071 4234 3419 4307 ignoramus,
3452 4235 3587 4290 nihil
3618 4236 3743 4306 qui-

476 4356 599 4411 dem
639 4355 761 4427 ejus
799 4354 879 4409 rei
900 4351 1150 4408 oblatum
1183 4347 1311 4403 fuit.

548 4478 607 4551 in
637 4477 1019 4535 ecclesiastica
1056 4468 1392 4530 Theodoreti
1418 4467 1685 4535 Historia,
1719 4484 1842 4541 quae
1892 4478 2018 4540 post
2052 4469 2159 4525 ista
2202 4470 2414 4525 scholia
2447 4472 2503 4525 in
2556 4470 2661 4525 hoc
2697 4470 2975 4525 volumine
3015 4471 3287 4540 sequitur,
3332 4468 3468 4523 nihil
3517 4468 3739 4538 quidem

474 4588 714 4660 praesidii
747 4586 851 4642 fuit
873 4602 904 4642 e
932 4552 1219 4639 codicibus
1250 4580 1500 4650 scriptis,
1529 4585 1731 4649 praeter
1763 4576 2130 4649 fragmentum
2163 4552 2447 4647 pertinens
2499 4573 2566 4629 ad
2606 4574 2732 4629 libri
2777 4590 2852 4641 IV,
2890 4589 2938 4630 ο.
2977 4574 3042 4628 lO
3068 4590 3098 4630 e
3121 4574 3316 4629 codice
3360 4573 3597 4644 quodam
3625 4573 3739 4626 Au-
3832 4588 3845 4593 ·

473 4706 709 4766 gustatio
745 4692 841 4763 qui
879 4687 1202 4745 continebat
1230 4686 1456 4740 cinnum
1491 4685 1644 4738 illum
1676 4682 1918 4740 Joannis
1954 4680 2283 4737 Damasceni
2314 4680 2383 4735 de
2422 4678 2732 4736 haeresibus
2768 4679 2976 4734 editum
3015 4694 3045 4735 a
3079 4676 3354 4734 tiotelerio
3392 4676 3594 4733 Eccles‘.
3642 4674 3737 4731 Cr.

476 4798 805 4855 illonument.
836 4803 879 4850 t.
904 4794 944 4860 Ι,
972 4793 1156 4863 cujus,
1192 4793 1238 4847 si
1264 4793 1470 4863 placet,
1502 4798 1690 4846 notam
1714 4789 1969 4847 conferas
2000 4804 2056 4859 p.
2087 4787 2226 4857 786;
2256 4786 2352 4843 sed
2385 4795 2570 4841 tamen
2596 4802 2790 4842 omnes
2816 4786 2930 4843 fere
2955 4785 3134 4841 editos
3161 4785 3333 4839 libros
3361 4784 3739 4845 tractavimus,

477 4914 535 4960 ut
559 4904 645 4959 vel
670 4904 941 4958 hactenus
972 4913 1263 4969 speremus
1293 4897 1593 4954 editionem
1630 4905 1881 4951 nostram
1924 4903 2188 4966 praestare
2223 4894 2461 4960 caneris,
2518 4892 2667 4963 quod
2710 4892 3001 4963 diligenter
3032 4892 3436 4946 contulerimus
3465 4889 3737 4960 quidquid

476 5000 927 5079 discrepantium
949 5003 1252 5058 lectionum
1281 5003 1334 5057 in
1357 5004 1446 5059 his
1472 5004 1629 5058 libris
1663 5003 1965 5072 reperitur,
2000 5016 2125 5056 cum
2162 5000 2370 5056 nemini
2401 5015 2619 5066 eorum,
2655 5014 2894 5069 quorum
2928 4999 3115 5053 studio
3147 4996 3475 5051 Theodoreti
3506 4996 3740 5050 historia

474 5114 707 5185 prodiit,
736 5112 792 5165 in
821 5118 1060 5165 mentem
1089 5110 1337 5167 venisset
1371 5109 1693 5165 universam
1732 5109 1875 5162 hanc
1902 5108 2096 5163 silvam
2142 5122 2464 5178 congerere.
2506 5106 2612 5162 Sed
2644 5106 2906 5175 quoniam
2946 5103 3218 5174 profuerit
3247 5104 3575 5175 cognovisse
3605 5101 3742 5172 quid

473 5222 711 5290 quisque
743 5216 1065 5288 praestiterit
1092 5217 1148 5273 in
1180 5217 1393 5274 edendo
1412 5218 1516 5273 hoc
1540 5216 1876 5272 Theodoreti
1907 5229 2094 5285 opere,
2123 5229 2346 5285 quoque
2365 5212 2527 5309 modo
2553 5221 2766 5269 textum
2797 5210 3174 5275 constituerit,
3204 5209 3383 5265 visum
3410 5218 3495 5263 est
3521 5221 3741 5261 omnem

473 5328 777 5384 editionum
812 5326 1100 5381 historiam
1132 5340 1421 5382 enarrare.

547 5436 686 5513 Cum
710 5451 777 5491 ex
808 5449 977 5505 opere
1002 5432 1337 5491 Theodoreti
1369 5434 1504 5488 nihil
1529 5434 1740 5488 editum
1768 5439 1921 5485 esset
1949 5434 2147 5499 praeter
2179 5426 2489 5497 fragmenta
2519 5440 2603 5492 ea,
2646 5440 2772 5496 qua:
2799 5424 2868 5479 ab
2899 5422 3210 5494 Epiphanio
3241 5419 3592 5476 Scholastico
3622 5432 3742 5472 srve

475 5540 814 5597 Cassiodoro
848 5543 1117 5597 translata
1143 5548 1334 5596 essent
1370 5541 1426 5594 in
1459 5538 1764 5593 Historiam
1796 5535 2154 5603 tripartitam,
2190 5530 2392 5587 Beatus
2422 5530 2727 5586 Rhenanus
2750 5544 2876 5583 cum
2903 5527 3201 5583 editionem
3238 5526 3361 5595 ejus
3392 5536 3590 5577 novatn
3615 5535 3740 5575 sus-

475 5650 717 5719 cepisset
753 5647 988 5706 Basilete
1022 5648 1186 5713 1525,
1248 5648 1537 5719 repetitam
1569 5661 1702 5700 ann.
1739 5643 1899 5705 l528,
1934 5648 2138 5696 nactus
2168 5636 2421 5692 codicem
2474 5635 2813 5691 Theodoreti
2865 5633 3141 5697 Graecum,
3171 5630 3267 5702 qui
3316 5645 3348 5685 e
3400 5626 3747 5683 bibliotheca

476 5749 706 5808 Joannis
735 5751 1027 5822 Bagusini,
1065 5751 1371 5807 cardinalis
1403 5753 1459 5807 in
1518 5749 1917 5807 bibliothecam
1952 5743 2387 5801 Praedicatorum
2414 5728 2815 5799 Basileensium
2871 5738 3198 5804 transierat,
3230 5753 3295 5793 ex
3327 5737 3424 5792 illo
3474 5732 3749 5805 epistolas

485 5859 821 5932 synodorum
869 5865 927 5914 et
950 5858 1361 5930 imperatorum
1393 5855 1619 5915 Grzccas
1641 5852 1996 5923 interspersit
2025 5850 2197 5906 textui
2231 5849 2487 5905 Historia:
2512 5849 2824 5919 tripartitw.
2852 5845 2896 5900 Ε
2923 5860 3036 5919 quo
3064 5843 3258 5900 eodem
3288 5844 3655 5896 fontc'nescto
3673 5851 3747 5892 an

479 5964 699 6020 fluxerit
732 5963 908 6036 prima
938 5963 1105 6021 editio
1140 5964 1334 6022 Graeca
1366 5963 1546 6020 omnis
1599 5960 1845 6019 historiae
1879 5957 2237 6024 Theodoreti,
2295 5971 2418 6029 quae
2444 5971 2502 6013 se
2556 5968 2822 6012 excusata
2856 5953 2914 6008 in
2948 5951 3052 6009 line
3097 5948 3392 6023 proﬁtetur
3417 5943 3645 6000 Basilcac
3683 5942 3760 5999 in
