4124 6442
352 444 415 519 f3
1230 444 1237 452 '
1534 440 1932 516 PIL‘EFATKO
1970 455 2071 515 AD
2106 454 2284 515 "ron.
2325 455 2439 516 11-1.
3584 452 3650 518 tt

351 554 562 627 officina
615 568 970 625 Frobeniana
1014 583 1113 640 per
1166 554 1564 640 Hieronymum
1616 567 1952 624 Frobenium
1988 576 2042 624 et
2077 567 2364 625 Nicolaum
2420 569 2774 642 Episc0pium
2822 584 2951 625 ann.
2991 570 3152 637 1553,
3194 583 3379 626 mense
3426 569 3647 627 Martio.

356 676 515 745 Quod
550 678 723 734 facile
758 676 1054 734 crederem
1089 677 1134 732 si
1164 691 1354 731 verum
1390 686 1539 732 esset
1567 676 1620 730 id
1656 675 1804 746 quod
1838 673 2132 732 Fabricius
2173 687 2367 731 narrat
2403 664 2569 749 (Bibl.
2615 674 2815 741 arma,
2848 677 2963 733 vol.
2997 674 3091 743 Vl,
3127 692 3181 747 p.
3234 676 3359 747 125)
3407 677 3648 748 primum

362 775 590 836 Beatum
627 781 967 835 Rhenanum
1004 781 1149 835 hanc
1181 780 1480 835 historiam
1515 780 1977 836 Graeceedidisse
2008 784 2074 835 ad
2101 782 2313 838 calcem
2340 781 2601 838 Historiae
2633 781 3216 839 Eusebio-Ruﬁnianae
3240 792 3295 840 et
3325 782 3642 855 tripartitze.

368 888 652 957 adjunctis
680 886 932 942 Victoris
963 886 1212 943 Vitensis
1240 887 1404 943 libris
1434 888 1617 944 tribus
1647 888 1715 943 de
1745 876 2137 958 persecutione
2169 886 2475 945 Vandalica
2517 896 2573 945 et
2603 889 2865 961 anonymi
2906 889 3190 960 exeerptis
3232 905 3300 945 ex
3349 887 3649 961 Nicephori

359 988 573 1048 Callisti
593 993 845 1046 Historia
867 990 1046 1047 Basil.
1082 991 1229 1063 apud
1262 991 1606 1048 Frobenium
1639 992 1806 1049 1555.
1832 992 1940 1049 Sed
1962 994 2108 1065 quod
2135 995 2369 1051 audeam
2394 994 2651 1052 dubitare
2679 995 2917 1066 primum
2946 996 3003 1051 in
3033 1011 3202 1052 causa
3233 1004 3317 1052 est
3348 997 3650 1053 lectionum

359 1082 733 1167 discrepantia
768 1097 824 1152 in
855 1106 1093 1168 utraque
1118 1139 1134 1163 ,
1183 1105 1238 1153 et
1271 1096 1473 1152 Latina
1509 1098 1948 1171 fra'gmentorum
1978 1101 2346 1171 quorumdam
2379 1107 2436 1157 et
2472 1100 2662 1157 Graeca
2710 1101 2988 1158 universre
3031 1101 3283 1158 historiae
3310 1101 3647 1160 Theodoreti

360 1205 605 1261 editione
633 1219 786 1274 quae,
821 1204 928 1260 etsi
959 1219 1073 1259 non
1104 1219 1303 1275 magna
1333 1211 1423 1261 est
1455 1205 1664 1277 (solent
1691 1207 1841 1261 enim
1868 1206 2199 1277 plerumque
2230 1209 2395 1263 etiam
2428 1207 2483 1261 in
2510 1206 2893 1278 singularibus
2922 1208 3257 1265 lectionibus
3283 1210 3649 1280 consentire),

362 1313 541 1383 aliqua
576 1321 663 1366 est
690 1317 905 1374 tamen,
943 1310 1000 1366 id
1040 1311 1190 1382 quod
1219 1321 1482 1382 excerpta
1508 1322 1702 1368 nostra
1755 1313 2057 1368 docebunt.
2108 1309 2319 1367 Deinde
2362 1310 2469 1367 etsi
2499 1310 2668 1368 nolim
2710 1320 3033 1382 StISpectam
3084 1311 3276 1368 dicere
3329 1312 3492 1369 fidem
3543 1311 3649 1367 Fa-

360 1416 539 1478 bricii,
571 1431 739 1485 quem
772 1415 1013 1470 aliorum
1062 1415 1503 1481 narrationibus,
1536 1417 1705 1472 etiam
1742 1418 2125 1489 catalogorum
2198 1417 2346 1471 mala
2383 1416 2513 1482 ﬁde,
2555 1426 2711 1488 smpe’
2734 1417 2986 1472 ablatum
3019 1432 3133 1472 non
3179 1418 3400 1489 ignoro,
3436 1417 3649 1474 nemini

362 1527 539 1575 tamen
585 1528 1084 1575 commemoratam
1117 1519 1460 1591 deprehendi
1490 1521 1744 1577 eamdem
1773 1563 1787 1586 ,
1837 1537 2003 1593 quam
2047 1523 2342 1581 Fabricius
2404 1523 2677 1580 Rhenano
2731 1524 2967 1588 tribuit,
3028 1523 3358 1590 editionem,
3398 1524 3493 1580 sed
3527 1538 3648 1579 eam

362 1641 520 1680 unam
545 1625 927 1681 Basileensem
957 1640 1082 1696 quae
1120 1633 1325 1696 praeter
1352 1632 1569 1682 textum
1595 1626 1849 1683 Graecum
1883 1628 2026 1683 nihil
2074 1629 2347 1693 continet,
2381 1616 2666 1700 quamque
2696 1628 2941 1696 seorsim,
2978 1643 3091 1684 non
3127 1629 3488 1699 conjunctam
3521 1643 3648 1683 cum

373 1734 588 1787 caeteris
618 1730 687 1785 Η.
722 1727 991 1787 Ecclesiae
1032 1731 1411 1802 scriptoribus
1437 1732 1719 1813 prodiisse
1757 1734 1913 1788 clare
1952 1732 2249 1804 proﬁtetur
2291 1731 2623 1787 Bibliotheca
2660 1731 3270 1801 CesnerovSimlet-iana»,
3298 1748 3353 1804 ι).
3400 1749 3457 1787 n~.
3498 1732 3605 1790 648
3632 1714 3651 1793 ς»

360 1837 598 1906 itemque
630 1836 793 1892 video
832 1829 1100 1908 epistolas
1125 1852 1157 1892 e
1189 1835 1534 1893 Theodoreti
1565 1837 1800 1893 historia
1843 1839 2101 1910 publicas
2131 1853 2343 1910 easque
2367 1838 2594 1895 Graecas
2619 1853 2745 1894 esse
2775 1838 2971 1894 in'illo
3002 1853 3170 1908 opere
3207 1851 3344 1894 cura
3388 1836 3646 1894 Rhenaui

359 1940 526 2001 edito,
556 1942 707 2011 quod
741 1941 1117 1998 Eusebianam
1145 1942 1441 1998 historiam
1473 1943 1777 2015 interprete
1807 1942 2015 2000 Ruﬁno
2040 1943 2323 2014 hujusque
2349 1941 2464 1999 duo
2494 1942 2668 1998 libros
2700 1941 2923 1997 additos
2945 1956 3071 1997 cum
3097 1940 3346 1998 Historia
3372 1939 3647 2011 tripartito

358 2046 777 2116 complectitur.
816 2046 1005 2114 Quare
1044 2036 1253 2118 incipio
1283 2048 1469 2104 vereri
1496 2064 1566 2124 ne
1601 2050 1743 2106 forte
1770 2051 1825 2104 in
1858 2049 2146 2104 volumine
2172 2064 2242 2104 eo
2274 2048 2426 2119 quod
2462 2046 2759 2104 Fabricius
2792 2047 2878 2103 vel
2911 2047 3030 2118 ipse
3065 2046 3258 2101 habuit
3295 2045 3383 2103 vel
3414 2046 3485 2102 ah
3525 2045 3651 2100 aliis

355 2161 855 2206 commemoratum
920 2152 1097 2223 legit,
1163 2152 1463 2223 hibliopegi
1512 2153 1803 2209 arbitrium
1861 2152 2109 2210 Graecam
2166 2153 2469 2211 editionem
2521 2170 2648 2210 cum
2708 2154 2804 2209 illo
2842 2168 3015 2224 opere
3054 2150 3449 2219 coniunxerit;
3498 2151 3646 2206 ttnde

358 2252 605 2310 Fabricii
636 2271 802 2311 error
840 2255 949 2311 hoc
975 2255 1200 2313 facilius
1230 2257 1414 2329 potuit
1449 2257 1758 2330 proﬁcisci,
1790 2258 1939 2328 quod
1969 2257 2285 2327 exemplum
2333 2256 2554 2326 quidem
2587 2256 2858 2313 editionis
2917 2256 3120 2312 Graecae
3169 2271 3352 2312 meum
3384 2257 3441 2312 in
3483 2256 3646 2311 titulo

359 2362 495 2417 nihil
533 2362 711 2418 habet
746 2371 950 2434 praeter
992 2364 1160 2420 verba
1187 2382 1200 2419 :
1227 2362 1336 2417 Τοῦ
1379 2363 1656 2435 μακαρίου
1711 2362 1987 2436 Θεοδωριτε

2026 2381 2046 2416 ›
2092 2363 2398 2418 ἐπισκόπου
2452 2362 2638 2434 Κύρου
2680 2361 3146 2433 ὲκκλησιαστικῆς
3204 2361 3448 2433 ἱστορίας
3492 2362 3654 2434 stipat

356 2454 544 2536 πέντε,
566 2470 780 2538 quibus
808 2453 996 2525 statim
1029 2470 1086 2525 in
1119 2484 1321 2526 averso
1342 2470 1491 2525 tituli
1524 2470 1696 2545 latere
1728 2469 2105 2539 subjiciuntur
2134 2469 2414 2538 κεφάλαια
2439 2468 2567 2523 libri
2592 2465 3307 2539 primi.Quomodoeunque
3332 2467 3427 2531 sit,
3456 2469 3651 2537 exqui-

354 2576 493 2631 sitas
520 2576 795 2631 lectiones
828 2573 992 2631 offert
1028 2574 1124 2629 illa
1156 2574 1497 2631 Basileensis
1532 2573 1745 2640 Graeca,
1776 2580 1838 2628 ut
1864 2574 2140 2657 hactenus
2167 2582 2321 2629 recte
2352 2572 2570 2644 judicet
2605 2571 2968 2629 doctissimus
2994 2570 3248 2628 Valesius
3274 2586 3394 2628 eam
3429 2587 3554 2629 esse
3584 2588 3647 2628 ex

366 2684 583 2752 optimo
635 2681 832 2737 codire
876 2696 1222 2751 expressam,
1274 2696 1594 2753 quanquam
1624 2681 1763 2737 satis
1809 2681 1983 2736 multa
2035 2678 2300 2735 mendosa
2353 2678 2559 2742 habet,
2592 2678 2645 2733 in
2698 2678 3020 2734 accentibus
3067 2677 3304 2733 maxime
3355 2686 3410 2734 et
3458 2679 3648 2734 ortho-

351 2787 610 2858 g‘raphia.

421 2877 599 2933 Paulo
623 2886 775 2948 post,
802 2892 928 2932 cum
961 2876 1294 2935 Franciscus
1320 2875 1568 2934 Francia!
1596 2894 1693 2934 rex
1729 2891 1985 2949 magnam
2014 2875 2125 2931 vim
2157 2863 2475 2933 Graecorum
2533 2875 2718 2932 omnis
2767 2876 2991 2948 generis
3055 2875 3326 2932 librorum
3373 2892 3438 2932 ex
3490 2876 3644 2931 italia

348 2983 685 3054 Graeciaque
710 2982 899 3039 aﬁ‘erri
929 2984 1109 3055 iisque
1134 2985 1325 3040 ornari
1359 2975 1759 3041 bibliothecam
1802 2999 1987 3048 suam,
2027 2992 2145 3038 tum
2210 2985 2495 3054 elegantes
2528 2983 2843 3040 litterarum
2895 2982 3102 3038 formas
3128 2982 3348 3038 exorari
3388 2981 3650 3053 jussisset

348 3088 560 3158 quibus
590 3088 841 3160 optimus
869 3089 1108 3159 quisque
1134 3090 1275 3144 liber
1307 3088 1742 3153 describeretur,
1770 3089 2013 3160 ejusque
2054 3090 2132 3145 rei
2190 3104 2379 3145 curam
2412 3089 2792 3146 transtulisset
2822 3088 2875 3144 in
2928 3087 3230 3144 Rohertum
3271 3089 3634 3159 Stephanum,

347 3198 397 3250 is
420 3208 619 3251 eorum
659 3194 1011 3250 edendorum
1060 3196 1280 3250 initium
1316 3195 1449 3253 fecit
1480 3212 1508 3251 a
1548 3195 1921 3268 scriptoribus
1980 3194 2185 3250 veteris
2246 3194 2494 3250 historiae
2561 3193 2960 3251 ecclesiastica:
3011 3193 3330 3264 conjunctis
3373 3194 3429 3249 in
3479 3210 3648 3250 unum
3689 3215 3695 3221 ·

347 3301 583 3356 maximi
609 3299 824 3355 moduli
852 3301 1134 3368 volumen,
1162 3301 1393 3358 Lutetize
1439 3301 1785 3359 Parisiorum
1823 3317 1956 3357 ann.
2007 3288 2166 3357 tati.
2206 3301 2581 3358 Accesserunt
2627 3301 2683 3355 in
2722 3300 2828 3357 ﬁnc
2867 3302 3036 3356 variae
3092 3301 3358 3358 lectiones
3413 3317 3444 3358 e
3492 3301 3651 3357 libris

344 3407 783 3469 vetustissimis,
814 3406 910 3476 qui
942 3413 1037 3460 aut
1067 3408 1263 3478 quales
1297 3412 1393 3462 aut
1420 3415 1556 3479 quot.
1591 3407 1825 3471 fuerint,
1855 3417 1951 3464 aut
1981 3425 2088 3479 qua
2124 3408 2395 3479 religione
2434 3407 2489 3461 in
2530 3408 2597 3460 iis
2631 3407 2964 3478 colligendis
3005 3422 3142 3463 usus
3180 3407 3253 3461 sit
3295 3390 3610 3478 Stephanus
3634 3449 3650 3469 ,

344 3529 461 3569 non
502 3513 647 3570 satis
673 3520 940 3578 constat;
971 3513 1108 3568 nihil
1139 3503 1293 3569 enim
1324 3530 1493 3586 super
1519 3531 1583 3570 ea
1618 3532 1677 3572 re
1713 3517 1978 3571 lectorem
2023 3512 2340 3567 admonuit.
2411 3498 2783 3568 Basileensem
2813 3501 3117 3567 editionem
3166 3526 3279 3566 non
3334 3499 3638 3567 adhibitam

343 3618 748 3683 animadverti,
773 3628 850 3686 et,
877 3619 926 3674 si
954 3620 1084 3691 quis
1123 3621 1329 3691 cogitet
1383 3624 1614 3676 modum
1655 3638 1783 3677 eum
1813 3636 1982 3692 quem
2025 3608 2347 3689 Stephanus
2381 3624 2466 3672 est
2516 3618 2644 3673 aliis
2679 3617 2735 3672 in
2789 3616 2947 3672 libris
2975 3616 3207 3673 edendis
3252 3624 3503 3683 secutus,
3536 3634 3648 3672 non

343 3738 430 3783 est
471 3728 755 3785 credibile
788 3727 945 3781 illum
990 3743 1185 3783 ontnes
1218 3744 1357 3799 quas
1387 3736 1604 3801 poterat
1634 3737 1689 3782 et
1720 3716 1958 3783 debebat
1996 3727 2264 3783 lectiones
2307 3726 2620 3796 collegisse,
2648 3724 2744 3781 sed
2786 3740 2881 3781 eas
2914 3740 3038 3796 quae
3078 3726 3163 3781 vel
3208 3727 3430 3783 codices
3462 3727 3650 3783 subito

345 3836 551 3906 legenti
584 3833 674 3889 vel
709 3834 764 3886 in
794 3831 1207 3887 difﬁcilioribus
1232 3834 1373 3889 locis
1414 3833 1730 3889 consulenti
1768 3832 2171 3888 occurrissent.
2207 3832 2480 3887 Caeterum
2530 3832 2651 3902 ipse
2682 3840 2872 3888 textus
2906 3831 3156 3900 Graecus,
3187 3850 3509 3906 quanquam
3539 3851 3647 3892 non

343 3944 420 3996 ita
451 3957 634 4013 purus
663 3951 753 3997 est
786 3947 848 3993 ut
883 3940 1033 3995 vitiis
1074 3955 1197 3994 eum
1230 3936 1538 4011 Scriptura:
1575 3951 1692 3994 tum
1728 3952 2029 4009 operarum
2063 3944 2259 3991 careat
2300 3937 2467 3989 etiam
2489 3935 2569 3990 iis
2611 3951 2734 4003 quae
2762 3950 2990 3990 sensum
3016 3936 3207 4006 ipsum
3247 3938 3511 4003 alliciant,
3565 3947 3651 3995 ta-

341 4058 473 4101 men
496 4043 945 4116 elegantissimis
974 4043 1291 4098 litterarum
1319 4042 1515 4098 formis
1548 4043 1895 4113 omninoque
1933 4057 1998 4098 ea
2041 4057 2179 4097 cura
2234 4056 2541 4111 expressus
2591 4048 2698 4104 est,
2737 4046 2818 4102 u't.
2861 4039 3184 4111 quicunque
3220 4050 3346 4112 post
3406 4043 3646 4115 Stepha-

342 4169 480 4208 num
526 4153 672 4207 istos
721 4149 1032 4216 scriptores
1078 4156 1422 4219 repeterent,
1480 4164 1675 4205 omnes
1731 4150 1883 4204 illam
1926 4148 2312 4204 recensionem
2341 4189 2355 4211 ,
2406 4163 2726 4219 quanquam
2782 4162 2906 4201 cum
2967 4144 3160 4217 aliquo
3200 4148 3398 4214 modo,
3446 4166 3648 4221 seque-

344 4268 562 4311 rentur.

414 4347 494 4400 Et
523 4348 615 4401 his
643 4345 800 4400 fuere
831 4344 893 4409 ii,
925 4344 1018 4414 qui
1055 4358 1217 4399 omne
1266 4345 1371 4399 hoc
1431 4344 1831 4398 historicorum
1884 4348 2133 4405 uterum
2167 4345 2619 4401 Christianorum
2690 4362 2897 4419 corpus
2949 4349 3243 4405 ediderunt
3287 4366 3415 4405 eum
3473 4349 3641 4406 Joan.

342 4448 878 4521 Christophorsoni,
919 4447 1172 4519 episcopi
1216 4448 1574 4511 Cestriensis,
1636 4450 2104 4520 interpretatione
2140 4451 2359 4515 Latina,
2404 4454 2651 4508 Colonia:
2685 4453 3041 4524 Allobrogum
3082 4471 3178 4523 per
3210 4453 3433 4510 Petrum
3477 4456 3547 4512 de
3598 4457 3646 4508 la

344 4557 592 4613 Boviere
619 4572 755 4611 ann.
793 4555 935 4610 1612
961 4554 1180 4611 duobus
1214 4556 1381 4641 tomis
1410 4555 1604 4611 formae
1639 4558 1913 4612 maximat.
1948 4540 2157 4613 Textus
2187 4557 2415 4615 Grteeus
2450 4575 2515 4613 ex
2551 4558 2797 4614 editione
2824 4557 3221 4646 'S\tephaniana
3262 4560 3488 4624 ductus,
3547 4564 3646 4618 sed

342 4680 548 4734 parum
573 4665 866 4733 eleganter
892 4672 946 4717 et
977 4663 1212 4718 inﬁnitis
1235 4678 1533 4733 operarum
1563 4664 1715 4717 vitiis
1745 4663 2096 4734 inquinatus,
2130 4680 2452 4735 quanquam
2479 4673 2533 4720 et
2557 4665 2610 4719 in
2648 4665 2892 4736 capitum
2920 4680 2966 4719 δ.
2998 4664 3311 4721 sectionum
3344 4667 3645 4737 partitione

344 4771 591 4825 subinde
621 4769 905 4824 diversam
944 4784 975 4821 a
1007 4765 1387 4839 Stephaniana
1427 4769 1700 4823 rationem
1737 4767 1984 4824 editores
2007 4778 2341 4839 sequuntur.
2376 4769 2553 4824 liabet
2581 4780 2763 4824 tamen
2798 4771 2903 4824 ista
2937 4768 3280 4826 Genevensis
3301 4770 3471 4826 editio
3504 4772 3645 4827 hanc

342 4877 537 4931 dotem
571 4884 635 4928 ut
673 4876 794 4930 sive
829 4874 1052 4945 injecta:
1091 4874 1266 4929 textui
1301 4875 1419 4929 sive
1444 4874 1511 4929 ad
1546 4874 1852 4945 marginem
1886 4875 2080 4944 positae
2106 4875 2217 4930 sint
2246 4876 2412 4931 variae
2449 4876 2739 4941 lectiones,
2773 4892 2917 4947 quzc,
2969 4876 3024 4931 in
3052 4874 3384 4932 Theodoreti
3420 4877 3641 4949 quidem

345 4981 627 5043 Historia,
656 4981 745 5035 vel
779 4980 848 5033 ad
898 4979 1482 5050 Christophorsonum
1519 4979 1603 5034 vel
1633 4979 1698 5032 ad
1724 4976 2030 5049 Joscphum
2085 4978 2431 5052 Scaligerum
2488 4981 2829 5037 referuntur.
2867 4981 2943 5036 De
2976 4997 3212 5053 quarum
3254 4981 3470 5038 ratione
3504 4983 3642 5038 nihil

340 5091 489 5145 certi
528 5089 711 5143 habeo
742 5085 891 5156 quod
916 5086 1122 5146 dicam,
1151 5084 1257 5138 nisi
1290 5086 1437 5155 quod
1471 5099 1574 5155 ego
1614 5085 1829 5156 aliquas
1864 5086 2279 5142 observaverim
2314 5103 2345 5142 e
2373 5087 2604 5144 Socrate
2636 5088 3068 5157 Sozontenoque
3100 5087 3303 5145 ductas
3341 5087 3394 5142 in
3429 5088 3644 5159 episto-

342 5197 418 5249 lis
445 5211 548 5250 seu
581 5191 1026 5263 professionibus
1059 5190 1298 5262 publicis
1327 5206 1468 5260 quas
1503 5191 1699 5245 horum
1740 5190 2164 5246 triumvirorum
2199 5192 2485 5262 diligentia
2513 5192 2781 5255 servavit,
2803 5192 3066 5262 quodque
3104 5190 3382 5247 Henricus
3406 5192 3645 5249 Savilius

342 5300 524 5370 (apud
560 5297 874 5360 Valesiutn,
899 5297 1056 5366 praef.
1093 5279 1162 5349 ad
1205 5303 1341 5349 tom.
1375 5294 1443 5349 lll
1478 5294 1743 5350 Historic.
1774 5295 1987 5366 eccles.)
2024 5296 2389 5362 proﬁteatur:
2420 5296 2969 5367 Christophorsonum
3008 5310 3075 5349 ea:
3107 5296 3278 5351 tribus
3303 5298 3645 5366 praestantis-

340 5410 506 5462 simis
540 5423 675 5461 mss.
706 5404 1126 5473 exemplaribus,
1169 5402 1451 5469 Vaticano,
1495 5402 1692 5458 Veneto
1735 5411 1784 5457 et
1813 5400 2127 5457 Florentino
2171 5404 2443 5474 vulgatum
2473 5398 2667 5475 aRob.
2711 5400 2981 5471 Stephano
3033 5401 3271 5457 codicem
3307 5404 3642 5465 emendasse.

341 5528 467 5581 qua
494 5512 665 5566 varia:
722 5508 975 5563 lectiones
1003 5525 1069 5564 ex
1101 5509 1337 5564 editione
1377 5508 1853 5579 (iltrislophorsdni
1910 5502 2257 5579 inspiciendw
2311 5510 2419 5564 sint
2462 5507 2532 5578 qd
2592 5508 2748 5577 ﬁnem
2808 5506 3064 5563 editionis
3114 5506 3345 5571 Latium,
3403 5507 3648 5563 Colonim

342 5637 481 5673 ann.
520 5618 684 5673 1581.
716 5614 825 5671 Sed
866 5616 1000 5684 quid
1027 5616 1578 5687 Christophorsonus
1612 5631 1678 5671 ex
1715 5614 1838 5670 istis
1870 5611 2160 5671 codicibus
2194 5614 2438 5687 quidque
2478 5630 2509 5670 e
2539 5613 2862 5683 conjectura
2908 5613 3207 5684 posuerit?
3239 5615 3648 5669 accesserinlne

342 5727 466 5792 jam
501 5734 624 5781 tum
658 5722 1082 5779 emendationes
1135 5723 1428 5795 Scaligeri,
1457 5739 1524 5778 an
1556 5732 1746 5794 postea
1793 5723 1847 5777 in
1885 5720 2125 5778 editione
2165 5719 2526 5776 Genevensi?
2573 5719 2917 5790 omninoque
2961 5734 3069 5791 qua
3113 5718 3218 5776 ﬁde
3277 5726 3333 5775 et
3387 5714 3649 5789 ἀκριϐείᾳ.

349 5836 718 5889 (ἰειιειοδρηςοε
754 5832 840 5888 usi
872 5830 1099 5895 fuerint,
1125 5828 1203 5897 id,
1231 5831 1494 5899 quoniam
1531 5828 1794 5885 editionis
1828 5828 1990 5886 istius
2021 5826 2231 5881 Latinae
2261 5841 2390 5881 ann.
2432 5824 2559 5878 1381
2618 5823 2953 5894 usurpanda:
2995 5824 3150 5881 nulla
3198 5823 3360 5880 nobis
3397 5822 3525 5878 data
3568 5820 3647 5874 fa-

351 5940 529 5994 cultas
560 5938 700 6002 fuit,
738 5954 840 5993 nec
868 5937 992 6008 ejus
1033 5936 1110 5991 rei
1142 5935 1443 6005 quidquam
1473 5934 1827 5992 Genevenscs
1860 5934 2124 6006 produnt,
2157 5935 2313 5990 nullo
2359 5932 2521 5989 modo
2551 5933 2735 5990 dicere
2765 5931 2917 5987 licet.
