  <div class='ocr_page' id='page_1' title='image "/cluster/home/n/w/nwhite01/storage/ocr_20150623/82:no.3/coo.31924054869833/015.png"; bbox 0 0 4124 6402; ppageno 0'>
   <div class='ocr_carea' id='block_1_1' title="bbox 484 442 3733 538">
    <p class='ocr_par' dir='ltr' id='par_1_1' title="bbox 484 442 3733 538">
     <span class='ocr_line' id='line_1_1' title="bbox 484 442 3733 538; baseline -0.01 -8"><span class='ocrx_word' id='word_1_1' title='bbox 484 472 547 538; x_wconf 71' lang='grc'><strong>15</strong></span> <span class='ocrx_word' id='word_1_2' title='bbox 1648 459 1856 519; x_wconf 78' lang='lat' dir='ltr'><strong>JOAN.</strong></span> <span class='ocrx_word' id='word_1_3' title='bbox 1886 455 2059 516; x_wconf 83' lang='lat' dir='ltr'><strong>AUG.</strong></span> <span class='ocrx_word' id='word_1_4' title='bbox 2102 451 2482 513; x_wconf 71' lang='lat' dir='ltr'><strong>NOESSELT</strong></span> <span class='ocrx_word' id='word_1_5' title='bbox 3670 442 3733 508; x_wconf 78' lang='lat' dir='ltr'><strong>lb‘</strong></span> 
     </span>
    </p>
   </div>
   <div class='ocr_carea' id='block_1_2' title="bbox 551 557 3732 650">
    <p class='ocr_par' dir='ltr' id='par_1_2' title="bbox 551 557 3732 650">
     <span class='ocr_line' id='line_1_2' title="bbox 551 557 3732 650; baseline -0.008 -15"><span class='ocrx_word' id='word_1_6' title='bbox 551 581 799 650; x_wconf 72' lang='lat' dir='ltr'><strong>Triginta</strong></span> <span class='ocrx_word' id='word_1_7' title='bbox 831 577 989 630; x_wconf 80' lang='lat' dir='ltr'><strong>annis</strong></span> <span class='ocrx_word' id='word_1_8' title='bbox 1019 581 1141 643; x_wconf 76' lang='lat' dir='ltr'><strong>pest</strong></span> <span class='ocrx_word' id='word_1_9' title='bbox 1171 587 1294 624; x_wconf 90' lang='lat' dir='ltr'><strong>cum</strong></span> <span class='ocrx_word' id='word_1_10' title='bbox 1325 569 1565 626; x_wconf 78' lang='lat' dir='ltr'><strong>Jacobus</strong></span> <span class='ocrx_word' id='word_1_11' title='bbox 1597 566 1928 623; x_wconf 88' lang='lat' dir='ltr'><strong>Sirmondus</strong></span> <span class='ocrx_word' id='word_1_12' title='bbox 1959 563 2168 633; x_wconf 85' lang='lat' dir='ltr'><strong>primus</strong></span> <span class='ocrx_word' id='word_1_13' title='bbox 2202 563 2388 616; x_wconf 84' lang='lat' dir='ltr'><strong>omnia</strong></span> <span class='ocrx_word' id='word_1_14' title='bbox 2418 559 2750 614; x_wconf 88' lang='lat' dir='ltr'><strong>Theodoreti</strong></span> <span class='ocrx_word' id='word_1_15' title='bbox 2780 574 2944 628; x_wconf 85' lang='lat' dir='ltr'><strong>opera</strong></span> <span class='ocrx_word' id='word_1_16' title='bbox 2985 557 3194 622; x_wconf 88' lang='lat' dir='ltr'><strong>ederet,</strong></span> <span class='ocrx_word' id='word_1_17' title='bbox 3229 567 3436 612; x_wconf 80' lang='lat' dir='ltr'><strong>textum</strong></span> <span class='ocrx_word' id='word_1_18' title='bbox 3483 557 3732 612; x_wconf 80' lang='lat' dir='ltr'><strong>historiae</strong></span> 
     </span>
    </p>
   </div>
   <div class='ocr_carea' id='block_1_3' title="bbox 483 661 3730 744">
    <p class='ocr_par' dir='ltr' id='par_1_3' title="bbox 483 661 3730 744">
     <span class='ocr_line' id='line_1_3' title="bbox 483 661 3730 744; baseline -0.008 -3"><span class='ocrx_word' id='word_1_19' title='bbox 483 683 815 742; x_wconf 71' lang='lat' dir='ltr'><strong>Theodoreti</strong></span> <span class='ocrx_word' id='word_1_20' title='bbox 855 681 992 737; x_wconf 86' lang='lat' dir='ltr'><strong>satis</strong></span> <span class='ocrx_word' id='word_1_21' title='bbox 1025 678 1394 734; x_wconf 82' lang='lat' dir='ltr'><strong>emaculatum</strong></span> <span class='ocrx_word' id='word_1_22' title='bbox 1429 677 1601 740; x_wconf 86' lang='lat' dir='ltr'><strong>dedit,</strong></span> <span class='ocrx_word' id='word_1_23' title='bbox 1638 677 1692 729; x_wconf 92' lang='lat' dir='ltr'><strong>in</strong></span> <span class='ocrx_word' id='word_1_24' title='bbox 1745 688 1855 744; x_wconf 90' lang='lat' dir='ltr'><strong>quo</strong></span> <span class='ocrx_word' id='word_1_25' title='bbox 1893 677 2124 742; x_wconf 79' lang='lat' dir='ltr'><strong>apparet</strong></span> <span class='ocrx_word' id='word_1_26' title='bbox 2160 667 2425 735; x_wconf 85' lang='lat' dir='ltr'><strong>Stephani</strong></span> <span class='ocrx_word' id='word_1_27' title='bbox 2480 679 2544 718; x_wconf 93' lang='lat' dir='ltr'><strong>ac</strong></span> <span class='ocrx_word' id='word_1_28' title='bbox 2578 664 2764 733; x_wconf 86' lang='lat' dir='ltr'><strong>potius</strong></span> <span class='ocrx_word' id='word_1_29' title='bbox 2819 661 3314 733; x_wconf 75' lang='lat' dir='ltr'><strong>Cbristophorsoni</strong></span> <span class='ocrx_word' id='word_1_30' title='bbox 3349 662 3730 718; x_wconf 84' lang='lat' dir='ltr'><strong>recensionem</strong></span> 
     </span>
    </p>
   </div>
   <div class='ocr_carea' id='block_1_4' title="bbox 486 765 3732 861">
    <p class='ocr_par' dir='ltr' id='par_1_4' title="bbox 486 765 3732 861">
     <span class='ocr_line' id='line_1_4' title="bbox 486 765 3732 861; baseline -0.009 -17"><span class='ocrx_word' id='word_1_31' title='bbox 486 807 586 861; x_wconf 90' lang='lat' dir='ltr'><strong>pro</strong></span> <span class='ocrx_word' id='word_1_32' title='bbox 615 788 732 843; x_wconf 85' lang='lat' dir='ltr'><strong>basi</strong></span> <span class='ocrx_word' id='word_1_33' title='bbox 761 801 886 842; x_wconf 89' lang='lat' dir='ltr'><strong>esse</strong></span> <span class='ocrx_word' id='word_1_34' title='bbox 916 783 1009 838; x_wconf 86' lang='lat' dir='ltr'><strong>sed</strong></span> <span class='ocrx_word' id='word_1_35' title='bbox 1041 782 1330 851; x_wconf 86' lang='lat' dir='ltr'><strong>aliquoties</strong></span> <span class='ocrx_word' id='word_1_36' title='bbox 1359 794 1387 832; x_wconf 86' lang='lat' dir='ltr'><strong>a</strong></span> <span class='ocrx_word' id='word_1_37' title='bbox 1421 777 1720 833; x_wconf 89' lang='lat' dir='ltr'><strong>Sirmondo</strong></span> <span class='ocrx_word' id='word_1_38' title='bbox 1750 780 2078 831; x_wconf 77' lang='lat' dir='ltr'><strong>correctam.</strong></span> <span class='ocrx_word' id='word_1_39' title='bbox 2115 770 2234 835; x_wconf 82' lang='lat' dir='ltr'><strong>Qua</strong></span> <span class='ocrx_word' id='word_1_40' title='bbox 2267 770 2318 822; x_wconf 91' lang='lat' dir='ltr'><strong>in</strong></span> <span class='ocrx_word' id='word_1_41' title='bbox 2347 783 2404 822; x_wconf 85' lang='lat' dir='ltr'><strong>re</strong></span> <span class='ocrx_word' id='word_1_42' title='bbox 2429 783 2595 838; x_wconf 91' lang='lat' dir='ltr'><strong>quam</strong></span> <span class='ocrx_word' id='word_1_43' title='bbox 2629 767 2802 836; x_wconf 72' lang='lat' dir='ltr'><strong>legem</strong></span> <span class='ocrx_word' id='word_1_44' title='bbox 2837 775 2933 820; x_wconf 90' lang='lat' dir='ltr'><strong>aut</strong></span> <span class='ocrx_word' id='word_1_45' title='bbox 2959 767 3179 820; x_wconf 90' lang='lat' dir='ltr'><strong>modum</strong></span> <span class='ocrx_word' id='word_1_46' title='bbox 3218 773 3445 820; x_wconf 89' lang='lat' dir='ltr'><strong>secutus</strong></span> <span class='ocrx_word' id='word_1_47' title='bbox 3471 765 3565 831; x_wconf 88' lang='lat' dir='ltr'><strong>sit,</strong></span> <span class='ocrx_word' id='word_1_48' title='bbox 3593 765 3732 818; x_wconf 86' lang='lat' dir='ltr'><strong>nilnl</strong></span> 
     </span>
    </p>
   </div>
   <div class='ocr_carea' id='block_1_5' title="bbox 497 871 3733 949">
    <p class='ocr_par' dir='ltr' id='par_1_5' title="bbox 497 871 3733 949">
     <span class='ocr_line' id='line_1_5' title="bbox 497 871 3733 949; baseline -0.008 0"><span class='ocrx_word' id='word_1_49' title='bbox 497 895 726 949; x_wconf 88' lang='lat' dir='ltr'><strong>omnino</strong></span> <span class='ocrx_word' id='word_1_50' title='bbox 761 891 916 946; x_wconf 88' lang='lat' dir='ltr'><strong>dicit.</strong></span> <span class='ocrx_word' id='word_1_51' title='bbox 952 887 1322 942; x_wconf 75' lang='lat' dir='ltr'><strong>Esistimabat</strong></span> <span class='ocrx_word' id='word_1_52' title='bbox 1347 883 1600 939; x_wconf 90' lang='lat' dir='ltr'><strong>Valesius</strong></span> <span class='ocrx_word' id='word_1_53' title='bbox 1632 899 1756 937; x_wconf 90' lang='lat' dir='ltr'><strong>eum</strong></span> <span class='ocrx_word' id='word_1_54' title='bbox 1792 880 2095 935; x_wconf 88' lang='lat' dir='ltr'><strong>contulisse</strong></span> <span class='ocrx_word' id='word_1_55' title='bbox 2122 875 2420 928; x_wconf 79' lang='lat' dir='ltr'><strong>codicesin</strong></span> <span class='ocrx_word' id='word_1_56' title='bbox 2453 874 2789 927; x_wconf 82' lang='lat' dir='ltr'><strong>bibliotheca</strong></span> <span class='ocrx_word' id='word_1_57' title='bbox 2817 873 2964 946; x_wconf 78' lang='lat' dir='ltr'><strong>regia</strong></span> <span class='ocrx_word' id='word_1_58' title='bbox 2993 871 3296 926; x_wconf 86' lang='lat' dir='ltr'><strong>Parisiensi</strong></span> <span class='ocrx_word' id='word_1_59' title='bbox 3330 879 3387 925; x_wconf 91' lang='lat' dir='ltr'><strong>ut</strong></span> <span class='ocrx_word' id='word_1_60' title='bbox 3417 887 3542 927; x_wconf 88' lang='lat' dir='ltr'><strong>eum</strong></span> <span class='ocrx_word' id='word_1_61' title='bbox 3573 887 3733 940; x_wconf 90' lang='lat' dir='ltr'><strong>quem</strong></span> 
     </span>
    </p>
   </div>
   <div class='ocr_carea' id='block_1_6' title="bbox 492 976 3734 1059">
    <p class='ocr_par' dir='ltr' id='par_1_6' title="bbox 492 976 3734 1059">
     <span class='ocr_line' id='line_1_6' title="bbox 492 976 3734 1059; baseline -0.008 -4"><span class='ocrx_word' id='word_1_62' title='bbox 492 1001 741 1055; x_wconf 82' lang='lat' dir='ltr'><strong>Valesius</strong></span> <span class='ocrx_word' id='word_1_63' title='bbox 774 996 908 1051; x_wconf 77' lang='lat' dir='ltr'><strong>dicit</strong></span> <span class='ocrx_word' id='word_1_64' title='bbox 934 993 1096 1048; x_wconf 83' lang='lat' dir='ltr'><strong>Joan.</strong></span> <span class='ocrx_word' id='word_1_65' title='bbox 1153 991 1273 1045; x_wconf 90' lang='lat' dir='ltr'><strong>Pini</strong></span> <span class='ocrx_word' id='word_1_66' title='bbox 1307 988 1499 1052; x_wconf 89' lang='lat' dir='ltr'><strong>fuisse,</strong></span> <span class='ocrx_word' id='word_1_67' title='bbox 1535 989 1779 1057; x_wconf 86' lang='lat' dir='ltr'><strong>itemque</strong></span> <span class='ocrx_word' id='word_1_68' title='bbox 1809 986 1921 1039; x_wconf 94' lang='lat' dir='ltr'><strong>duo</strong></span> <span class='ocrx_word' id='word_1_69' title='bbox 1980 983 2152 1053; x_wconf 83' lang='lat' dir='ltr'><strong>libros</strong></span> <span class='ocrx_word' id='word_1_70' title='bbox 2185 980 2322 1034; x_wconf 81' lang='lat' dir='ltr'><strong>Rob.</strong></span> <span class='ocrx_word' id='word_1_71' title='bbox 2360 978 2648 1059; x_wconf 82' lang='lat' dir='ltr'><strong>Stephani.</strong></span> <span class='ocrx_word' id='word_1_72' title='bbox 2705 978 2778 1033; x_wconf 91' lang='lat' dir='ltr'><strong>De</strong></span> <span class='ocrx_word' id='word_1_73' title='bbox 2819 979 2913 1033; x_wconf 92' lang='lat' dir='ltr'><strong>illo</strong></span> <span class='ocrx_word' id='word_1_74' title='bbox 2945 977 3109 1032; x_wconf 80' lang='lat' dir='ltr'><strong>facile</strong></span> <span class='ocrx_word' id='word_1_75' title='bbox 3154 977 3648 1040; x_wconf 63' lang='lat' dir='ltr'><strong>consentio,~certe</strong></span> <span class='ocrx_word' id='word_1_76' title='bbox 3681 976 3734 1030; x_wconf 82' lang='lat' dir='ltr'><strong>in</strong></span> 
     </span>
    </p>
   </div>
   <div class='ocr_carea' id='block_1_7' title="bbox 491 1082 3737 1177">
    <p class='ocr_par' dir='ltr' id='par_1_7' title="bbox 491 1082 3737 1177">
     <span class='ocr_line' id='line_1_7' title="bbox 491 1082 3737 1177; baseline -0.009 -15"><span class='ocrx_word' id='word_1_77' title='bbox 491 1105 861 1177; x_wconf 78' lang='lat' dir='ltr'><strong>singularibus</strong></span> <span class='ocrx_word' id='word_1_78' title='bbox 897 1099 1229 1155; x_wconf 63' lang='lat' dir='ltr'><strong>lectionibus</strong></span> <span class='ocrx_word' id='word_1_79' title='bbox 1263 1096 1498 1152; x_wconf 89' lang='lat' dir='ltr'><strong>subinde</strong></span> <span class='ocrx_word' id='word_1_80' title='bbox 1540 1111 1664 1150; x_wconf 90' lang='lat' dir='ltr'><strong>cum</strong></span> <span class='ocrx_word' id='word_1_81' title='bbox 1700 1109 1821 1148; x_wconf 89' lang='lat' dir='ltr'><strong>uno.</strong></span> <span class='ocrx_word' id='word_1_82' title='bbox 1852 1091 1969 1146; x_wconf 89' lang='lat' dir='ltr'><strong>Pini</strong></span> <span class='ocrx_word' id='word_1_83' title='bbox 2031 1091 2172 1144; x_wconf 91' lang='lat' dir='ltr'><strong>libro</strong></span> <span class='ocrx_word' id='word_1_84' title='bbox 2223 1085 2550 1152; x_wconf 87' lang='lat' dir='ltr'><strong>concordat,</strong></span> <span class='ocrx_word' id='word_1_85' title='bbox 2587 1098 2905 1154; x_wconf 87' lang='lat' dir='ltr'><strong>quanquam</strong></span> <span class='ocrx_word' id='word_1_86' title='bbox 2955 1099 3065 1136; x_wconf 87' lang='lat' dir='ltr'><strong>non</strong></span> <span class='ocrx_word' id='word_1_87' title='bbox 3096 1082 3260 1136; x_wconf 88' lang='lat' dir='ltr'><strong>nimis</strong></span> <span class='ocrx_word' id='word_1_88' title='bbox 3293 1097 3456 1151; x_wconf 66' lang='lat' dir='ltr'><strong>saepe,</strong></span> <span class='ocrx_word' id='word_1_89' title='bbox 3515 1091 3568 1134; x_wconf 91' lang='lat' dir='ltr'><strong>et</strong></span> <span class='ocrx_word' id='word_1_90' title='bbox 3610 1095 3737 1136; x_wconf 86' lang='lat' dir='ltr'><strong>vero</strong></span> 
     </span>
    </p>
   </div>
   <div class='ocr_carea' id='block_1_8' title="bbox 490 1185 3738 1275">
    <p class='ocr_par' dir='ltr' id='par_1_8' title="bbox 490 1185 3738 1275">
     <span class='ocr_line' id='line_1_8' title="bbox 490 1185 3738 1275; baseline -0.007 -11"><span class='ocrx_word' id='word_1_91' title='bbox 490 1211 653 1264; x_wconf 86' lang='lat' dir='ltr'><strong>etiam</strong></span> <span class='ocrx_word' id='word_1_92' title='bbox 686 1206 888 1275; x_wconf 79' lang='lat' dir='ltr'><strong>saepius</strong></span> <span class='ocrx_word' id='word_1_93' title='bbox 933 1203 1001 1257; x_wconf 90' lang='lat' dir='ltr'><strong>ab</strong></span> <span class='ocrx_word' id='word_1_94' title='bbox 1041 1212 1107 1256; x_wconf 89' lang='lat' dir='ltr'><strong>eo</strong></span> <span class='ocrx_word' id='word_1_95' title='bbox 1141 1200 1420 1255; x_wconf 88' lang='lat' dir='ltr'><strong>dissentit.</strong></span> <span class='ocrx_word' id='word_1_96' title='bbox 1449 1200 1518 1252; x_wconf 86' lang='lat' dir='ltr'><strong>At</strong></span> <span class='ocrx_word' id='word_1_97' title='bbox 1550 1213 1676 1252; x_wconf 92' lang='lat' dir='ltr'><strong>eum</strong></span> <span class='ocrx_word' id='word_1_98' title='bbox 1706 1196 2062 1252; x_wconf 90' lang='lat' dir='ltr'><strong>consuluisse</strong></span> <span class='ocrx_word' id='word_1_99' title='bbox 2097 1194 2280 1264; x_wconf 91' lang='lat' dir='ltr'><strong>ipsum</strong></span> <span class='ocrx_word' id='word_1_100' title='bbox 2311 1190 2535 1245; x_wconf 87' lang='lat' dir='ltr'><strong>codices</strong></span> <span class='ocrx_word' id='word_1_101' title='bbox 2566 1190 2752 1260; x_wconf 76' lang='lat' dir='ltr'><strong>regios</strong></span> <span class='ocrx_word' id='word_1_102' title='bbox 2783 1203 2812 1242; x_wconf 91' lang='lat' dir='ltr'><strong>a</strong></span> <span class='ocrx_word' id='word_1_103' title='bbox 2857 1185 3139 1258; x_wconf 87' lang='lat' dir='ltr'><strong>Stephano</strong></span> <span class='ocrx_word' id='word_1_104' title='bbox 3167 1187 3419 1258; x_wconf 84' lang='lat' dir='ltr'><strong>collatos,</strong></span> <span class='ocrx_word' id='word_1_105' title='bbox 3452 1186 3585 1240; x_wconf 92' lang='lat' dir='ltr'><strong>mihi</strong></span> <span class='ocrx_word' id='word_1_106' title='bbox 3614 1189 3738 1257; x_wconf 88' lang='lat' dir='ltr'><strong>qui-</strong></span> 
     </span>
    </p>
   </div>
   <div class='ocr_carea' id='block_1_9' title="bbox 492 1291 3740 1378">
    <p class='ocr_par' dir='ltr' id='par_1_9' title="bbox 492 1291 3740 1378">
     <span class='ocr_line' id='line_1_9' title="bbox 492 1291 3740 1378; baseline -0.006 -14"><span class='ocrx_word' id='word_1_107' title='bbox 492 1313 613 1365; x_wconf 88' lang='lat' dir='ltr'><strong>dem</strong></span> <span class='ocrx_word' id='word_1_108' title='bbox 638 1324 747 1363; x_wconf 88' lang='lat' dir='ltr'><strong>non</strong></span> <span class='ocrx_word' id='word_1_109' title='bbox 781 1305 1116 1378; x_wconf 86' lang='lat' dir='ltr'><strong>persuaserit</strong></span> <span class='ocrx_word' id='word_1_110' title='bbox 1143 1302 1418 1359; x_wconf 75' lang='lat' dir='ltr'><strong>Valesius.</strong></span> <span class='ocrx_word' id='word_1_111' title='bbox 1458 1301 1579 1357; x_wconf 83' lang='lat' dir='ltr'><strong>Non</strong></span> <span class='ocrx_word' id='word_1_112' title='bbox 1611 1301 1794 1355; x_wconf 89' lang='lat' dir='ltr'><strong>dicam</strong></span> <span class='ocrx_word' id='word_1_113' title='bbox 1826 1300 1878 1354; x_wconf 89' lang='lat' dir='ltr'><strong>id</strong></span> <span class='ocrx_word' id='word_1_114' title='bbox 1910 1298 2117 1353; x_wconf 78' lang='lat' dir='ltr'><strong>frustra</strong></span> <span class='ocrx_word' id='word_1_115' title='bbox 2163 1295 2332 1359; x_wconf 90' lang='lat' dir='ltr'><strong>sumi,</strong></span> <span class='ocrx_word' id='word_1_116' title='bbox 2370 1293 2715 1364; x_wconf 83' lang='lat' dir='ltr'><strong>Stephanum</strong></span> <span class='ocrx_word' id='word_1_117' title='bbox 2757 1308 2868 1346; x_wconf 89' lang='lat' dir='ltr'><strong>non</strong></span> <span class='ocrx_word' id='word_1_118' title='bbox 2909 1291 3017 1348; x_wconf 89' lang='lat' dir='ltr'><strong>nisi</strong></span> <span class='ocrx_word' id='word_1_119' title='bbox 3063 1292 3202 1347; x_wconf 90' lang='lat' dir='ltr'><strong>duos</strong></span> <span class='ocrx_word' id='word_1_120' title='bbox 3234 1291 3406 1346; x_wconf 80' lang='lat' dir='ltr'><strong>libros</strong></span> <span class='ocrx_word' id='word_1_121' title='bbox 3437 1292 3740 1349; x_wconf 86' lang='lat' dir='ltr'><strong>contulisse</strong></span> 
     </span>
    </p>
   </div>
   <div class='ocr_carea' id='block_1_10' title="bbox 502 1399 3741 1475">
    <p class='ocr_par' dir='ltr' id='par_1_10' title="bbox 502 1399 3741 1475">
     <span class='ocr_line' id='line_1_10' title="bbox 502 1399 3741 1475; baseline -0.006 -4"><span class='ocrx_word' id='word_1_122' title='bbox 502 1421 576 1471; x_wconf 89' lang='lat' dir='ltr'><strong>ita</strong></span> <span class='ocrx_word' id='word_1_123' title='bbox 609 1424 668 1470; x_wconf 93' lang='lat' dir='ltr'><strong>ut</strong></span> <span class='ocrx_word' id='word_1_124' title='bbox 693 1431 758 1470; x_wconf 83' lang='lat' dir='ltr'><strong>ex</strong></span> <span class='ocrx_word' id='word_1_125' title='bbox 797 1428 906 1468; x_wconf 90' lang='lat' dir='ltr'><strong>uno</strong></span> <span class='ocrx_word' id='word_1_126' title='bbox 931 1421 1143 1467; x_wconf 75' lang='lat' dir='ltr'><strong>textum</strong></span> <span class='ocrx_word' id='word_1_127' title='bbox 1182 1410 1472 1475; x_wconf 86' lang='lat' dir='ltr'><strong>formaret,</strong></span> <span class='ocrx_word' id='word_1_128' title='bbox 1499 1425 1562 1463; x_wconf 84' lang='lat' dir='ltr'><strong>ex</strong></span> <span class='ocrx_word' id='word_1_129' title='bbox 1595 1409 1770 1462; x_wconf 90' lang='lat' dir='ltr'><strong>altero</strong></span> <span class='ocrx_word' id='word_1_130' title='bbox 1799 1406 2100 1461; x_wconf 86' lang='lat' dir='ltr'><strong>lectionum</strong></span> <span class='ocrx_word' id='word_1_131' title='bbox 2127 1403 2504 1457; x_wconf 85' lang='lat' dir='ltr'><strong>diversitatem</strong></span> <span class='ocrx_word' id='word_1_132' title='bbox 2543 1401 2798 1466; x_wconf 88' lang='lat' dir='ltr'><strong>adderet;</strong></span> <span class='ocrx_word' id='word_1_133' title='bbox 2830 1400 3109 1454; x_wconf 72' lang='lat' dir='ltr'><strong>nam&#39;illas</strong></span> <span class='ocrx_word' id='word_1_134' title='bbox 3133 1399 3395 1454; x_wconf 86' lang='lat' dir='ltr'><strong>lectiones</strong></span> <span class='ocrx_word' id='word_1_135' title='bbox 3423 1400 3573 1454; x_wconf 91' lang='lat' dir='ltr'><strong>clare</strong></span> <span class='ocrx_word' id='word_1_136' title='bbox 3603 1399 3741 1453; x_wconf 87' lang='lat' dir='ltr'><strong>dicit</strong></span> 
     </span>
    </p>
   </div>
   <div class='ocr_carea' id='block_1_11' title="bbox 495 1503 2123 1586">
    <p class='ocr_par' dir='ltr' id='par_1_11' title="bbox 495 1507 2123 1586">
     <span class='ocr_line' id='line_1_11' title="bbox 495 1507 2123 1586; baseline -0.009 -12"><span class='ocrx_word' id='word_1_137' title='bbox 495 1525 552 1574; x_wconf 74' lang='grc' dir='ltr'><strong>ἐν</strong></span> <span class='ocrx_word' id='word_1_138' title='bbox 574 1523 685 1582; x_wconf 80' lang='grc' dir='ltr'><strong>τοῖς</strong></span> <span class='ocrx_word' id='word_1_139' title='bbox 714 1515 1097 1579; x_wconf 76' lang='grc' dir='ltr'><strong>παλαιοτάτοις</strong></span> <span class='ocrx_word' id='word_1_140' title='bbox 1123 1516 1503 1586; x_wconf 78' lang='grc' dir='ltr'><strong>ἀντιγράφοις,</strong></span> <span class='ocrx_word' id='word_1_141' title='bbox 1547 1511 1801 1583; x_wconf 86' lang='lat' dir='ltr'><strong>pluribus</strong></span> <span class='ocrx_word' id='word_1_142' title='bbox 1828 1509 2014 1581; x_wconf 70' lang='lat' dir='ltr'><strong>igitur,</strong></span> <span class='ocrx_word' id='word_1_143' title='bbox 2045 1507 2123 1578; x_wconf 67' lang='lat' dir='ltr'><strong>edj</strong></span> 
     </span>
    </p>
   </div>
   <div class='ocr_carea' id='block_1_12' title="bbox 2109 1503 3737 1586">
    <p class='ocr_par' dir='ltr' id='par_1_12' title="bbox 2111 1503 3737 1578">
     <span class='ocr_line' id='line_1_12' title="bbox 2111 1503 3737 1578; baseline 0 -20"><span class='ocrx_word' id='word_1_144' title='bbox 2111 1506 2360 1578; x_wconf 79' lang='grc' dir='ltr'><strong>ρεοείσας</strong></span> <span class='ocrx_word' id='word_1_145' title='bbox 2389 1523 2404 1572; x_wconf 89' lang='grc'><strong>;</strong></span> <span class='ocrx_word' id='word_1_146' title='bbox 2440 1505 2535 1560; x_wconf 89' lang='lat' dir='ltr'><strong>sed</strong></span> <span class='ocrx_word' id='word_1_147' title='bbox 2579 1519 2690 1558; x_wconf 91' lang='lat' dir='ltr'><strong>non</strong></span> <span class='ocrx_word' id='word_1_148' title='bbox 2719 1505 2766 1559; x_wconf 90' lang='lat' dir='ltr'><strong>is</strong></span> <span class='ocrx_word' id='word_1_149' title='bbox 2793 1515 2913 1558; x_wconf 91' lang='lat' dir='ltr'><strong>erat</strong></span> <span class='ocrx_word' id='word_1_150' title='bbox 2941 1503 3273 1557; x_wconf 88' lang='lat' dir='ltr'><strong>Sirmondus</strong></span> <span class='ocrx_word' id='word_1_151' title='bbox 3308 1504 3401 1573; x_wconf 90' lang='lat' dir='ltr'><strong>qui</strong></span> <span class='ocrx_word' id='word_1_152' title='bbox 3438 1504 3737 1574; x_wconf 78' lang='lat' dir='ltr'><strong>diligenter</strong></span> 
     </span>
    </p>
   </div>
   <div class='ocr_carea' id='block_1_13' title="bbox 497 1606 3742 1697">
    <p class='ocr_par' dir='ltr' id='par_1_13' title="bbox 497 1606 3742 1697">
     <span class='ocr_line' id='line_1_13' title="bbox 497 1606 3742 1697; baseline -0.006 -17"><span class='ocrx_word' id='word_1_153' title='bbox 497 1627 879 1697; x_wconf 83' lang='lat' dir='ltr'><strong>discrepantes</strong></span> <span class='ocrx_word' id='word_1_154' title='bbox 908 1625 963 1678; x_wconf 89' lang='lat' dir='ltr'><strong>in</strong></span> <span class='ocrx_word' id='word_1_155' title='bbox 986 1622 1272 1678; x_wconf 86' lang='lat' dir='ltr'><strong>codicibus</strong></span> <span class='ocrx_word' id='word_1_156' title='bbox 1297 1621 1565 1676; x_wconf 82' lang='lat' dir='ltr'><strong>lectiones</strong></span> <span class='ocrx_word' id='word_1_157' title='bbox 1599 1617 1906 1684; x_wconf 75' lang='lat' dir='ltr'><strong>colligeret,</strong></span> <span class='ocrx_word' id='word_1_158' title='bbox 1953 1622 2010 1668; x_wconf 92' lang='lat' dir='ltr'><strong>ut</strong></span> <span class='ocrx_word' id='word_1_159' title='bbox 2042 1612 2136 1684; x_wconf 85' lang='lat' dir='ltr'><strong>qui</strong></span> <span class='ocrx_word' id='word_1_160' title='bbox 2174 1625 2243 1665; x_wconf 91' lang='lat' dir='ltr'><strong>ne</strong></span> <span class='ocrx_word' id='word_1_161' title='bbox 2294 1611 2420 1664; x_wconf 83' lang='lat' dir='ltr'><strong>illas</strong></span> <span class='ocrx_word' id='word_1_162' title='bbox 2452 1609 2676 1678; x_wconf 86' lang='lat' dir='ltr'><strong>quidem</strong></span> <span class='ocrx_word' id='word_1_163' title='bbox 2703 1609 2876 1663; x_wconf 89' lang='lat' dir='ltr'><strong>bonas</strong></span> <span class='ocrx_word' id='word_1_164' title='bbox 2920 1608 3234 1671; x_wconf 84' lang='lat' dir='ltr'><strong>adhiberet,</strong></span> <span class='ocrx_word' id='word_1_165' title='bbox 3263 1623 3403 1678; x_wconf 86' lang='lat' dir='ltr'><strong>quas</strong></span> <span class='ocrx_word' id='word_1_166' title='bbox 3457 1609 3540 1662; x_wconf 93' lang='lat' dir='ltr'><strong>vel</strong></span> <span class='ocrx_word' id='word_1_167' title='bbox 3585 1606 3742 1663; x_wconf 85' lang='lat' dir='ltr'><strong>Basi-</strong></span> 
     </span>
    </p>
   </div>
   <div class='ocr_carea' id='block_1_14' title="bbox 502 1711 3744 1797">
    <p class='ocr_par' dir='ltr' id='par_1_14' title="bbox 502 1711 3744 1797">
     <span class='ocr_line' id='line_1_14' title="bbox 502 1711 3744 1797; baseline -0.006 -15"><span class='ocrx_word' id='word_1_168' title='bbox 502 1730 705 1785; x_wconf 88' lang='lat' dir='ltr'><strong>leensis</strong></span> <span class='ocrx_word' id='word_1_169' title='bbox 741 1729 912 1784; x_wconf 86' lang='lat' dir='ltr'><strong>editio</strong></span> <span class='ocrx_word' id='word_1_170' title='bbox 941 1728 1028 1782; x_wconf 90' lang='lat' dir='ltr'><strong>vel</strong></span> <span class='ocrx_word' id='word_1_171' title='bbox 1059 1727 1176 1797; x_wconf 88' lang='lat' dir='ltr'><strong>ipse</strong></span> <span class='ocrx_word' id='word_1_172' title='bbox 1201 1726 1516 1794; x_wconf 87' lang='lat' dir='ltr'><strong>Stephanus</strong></span> <span class='ocrx_word' id='word_1_173' title='bbox 1546 1723 1601 1776; x_wconf 91' lang='lat' dir='ltr'><strong>in</strong></span> <span class='ocrx_word' id='word_1_174' title='bbox 1630 1721 1816 1776; x_wconf 91' lang='lat' dir='ltr'><strong>libello</strong></span> <span class='ocrx_word' id='word_1_175' title='bbox 1845 1720 2120 1774; x_wconf 90' lang='lat' dir='ltr'><strong>variarum</strong></span> <span class='ocrx_word' id='word_1_176' title='bbox 2148 1714 2449 1770; x_wconf 89' lang='lat' dir='ltr'><strong>lectionum</strong></span> <span class='ocrx_word' id='word_1_177' title='bbox 2480 1714 2778 1768; x_wconf 85' lang='lat' dir='ltr'><strong>obtulerat.</strong></span> <span class='ocrx_word' id='word_1_178' title='bbox 2812 1711 3050 1768; x_wconf 87' lang='lat' dir='ltr'><strong>Omnino</strong></span> <span class='ocrx_word' id='word_1_179' title='bbox 3094 1713 3332 1785; x_wconf 90' lang='lat' dir='ltr'><strong>plurium</strong></span> <span class='ocrx_word' id='word_1_180' title='bbox 3388 1713 3548 1782; x_wconf 90' lang='lat' dir='ltr'><strong>quasi</strong></span> <span class='ocrx_word' id='word_1_181' title='bbox 3592 1713 3744 1765; x_wconf 81' lang='grc' dir='ltr'><strong>ὲκδό-</strong></span> 
     </span>
    </p>
   </div>
   <div class='ocr_carea' id='block_1_15' title="bbox 499 1818 3744 1893">
    <p class='ocr_par' dir='ltr' id='par_1_15' title="bbox 499 1818 3744 1893">
     <span class='ocr_line' id='line_1_15' title="bbox 499 1818 3744 1893; baseline -0.005 -5"><span class='ocrx_word' id='word_1_182' title='bbox 499 1854 636 1890; x_wconf 83' lang='grc' dir='ltr'><strong>σεων</strong></span> <span class='ocrx_word' id='word_1_183' title='bbox 659 1835 885 1890; x_wconf 91' lang='lat' dir='ltr'><strong>cinnum</strong></span> <span class='ocrx_word' id='word_1_184' title='bbox 921 1832 1071 1888; x_wconf 91' lang='lat' dir='ltr'><strong>dedit</strong></span> <span class='ocrx_word' id='word_1_185' title='bbox 1107 1828 1437 1885; x_wconf 89' lang='lat' dir='ltr'><strong>Sirmondus</strong></span> <span class='ocrx_word' id='word_1_186' title='bbox 1484 1829 1563 1883; x_wconf 88' lang='lat' dir='ltr'><strong>ita</strong></span> <span class='ocrx_word' id='word_1_187' title='bbox 1598 1835 1684 1889; x_wconf 90' lang='grc' dir='ltr'>ιιι,</span> <span class='ocrx_word' id='word_1_188' title='bbox 1722 1826 1813 1880; x_wconf 92' lang='lat' dir='ltr'><strong>ubi</strong></span> <span class='ocrx_word' id='word_1_189' title='bbox 1851 1841 1881 1877; x_wconf 83' lang='lat' dir='ltr'><strong>a</strong></span> <span class='ocrx_word' id='word_1_190' title='bbox 1923 1822 2295 1893; x_wconf 88' lang='lat' dir='ltr'><strong>Stephaniano</strong></span> <span class='ocrx_word' id='word_1_191' title='bbox 2329 1829 2478 1876; x_wconf 82' lang='lat' dir='ltr'><strong>textu</strong></span> <span class='ocrx_word' id='word_1_192' title='bbox 2511 1819 2779 1884; x_wconf 88' lang='lat' dir='ltr'><strong>discedit,</strong></span> <span class='ocrx_word' id='word_1_193' title='bbox 2819 1820 3143 1890; x_wconf 89' lang='lat' dir='ltr'><strong>plerumque</strong></span> <span class='ocrx_word' id='word_1_194' title='bbox 3165 1818 3657 1888; x_wconf 88' lang='lat' dir='ltr'><strong>Christophorsoni</strong></span> <span class='ocrx_word' id='word_1_195' title='bbox 3690 1826 3744 1874; x_wconf 91' lang='lat' dir='ltr'><strong>ct</strong></span> 
     </span>
    </p>
   </div>
   <div class='ocr_carea' id='block_1_16' title="bbox 501 1923 3742 2010">
    <p class='ocr_par' dir='ltr' id='par_1_16' title="bbox 501 1923 3742 2010">
     <span class='ocr_line' id='line_1_16' title="bbox 501 1923 3742 2010; baseline -0.006 -16"><span class='ocrx_word' id='word_1_196' title='bbox 501 1940 767 2010; x_wconf 80' lang='lat' dir='ltr'><strong>Scaligeri</strong></span> <span class='ocrx_word' id='word_1_197' title='bbox 791 1937 1208 1992; x_wconf 88' lang='lat' dir='ltr'><strong>emendationes</strong></span> <span class='ocrx_word' id='word_1_198' title='bbox 1229 1933 1500 2004; x_wconf 88' lang='lat' dir='ltr'><strong>receperit</strong></span> <span class='ocrx_word' id='word_1_199' title='bbox 1538 1932 1593 1985; x_wconf 92' lang='lat' dir='ltr'><strong>in</strong></span> <span class='ocrx_word' id='word_1_200' title='bbox 1624 1927 2144 1992; x_wconf 77' lang='lat' dir='ltr'><strong>textum,interdum</strong></span> <span class='ocrx_word' id='word_1_201' title='bbox 2174 1942 2204 1980; x_wconf 91' lang='lat' dir='ltr'><strong>e</strong></span> <span class='ocrx_word' id='word_1_202' title='bbox 2233 1926 2421 1981; x_wconf 90' lang='lat' dir='ltr'><strong>codice</strong></span> <span class='ocrx_word' id='word_1_203' title='bbox 2443 1923 2604 1979; x_wconf 79' lang='lat' dir='ltr'><strong>Joan.</strong></span> <span class='ocrx_word' id='word_1_204' title='bbox 2624 1924 2768 1989; x_wconf 89' lang='lat' dir='ltr'><strong>Pini,</strong></span> <span class='ocrx_word' id='word_1_205' title='bbox 2789 1924 2970 1979; x_wconf 88' lang='lat' dir='ltr'><strong>rarius</strong></span> <span class='ocrx_word' id='word_1_206' title='bbox 2992 1940 3022 1979; x_wconf 92' lang='lat' dir='ltr'><strong>e</strong></span> <span class='ocrx_word' id='word_1_207' title='bbox 3048 1923 3428 1994; x_wconf 78' lang='lat' dir='ltr'><strong>Stephaniana</strong></span> <span class='ocrx_word' id='word_1_208' title='bbox 3457 1925 3742 1976; x_wconf 88' lang='lat' dir='ltr'><strong>variarum</strong></span> 
     </span>
    </p>
   </div>
   <div class='ocr_carea' id='block_1_17' title="bbox 500 2025 3748 2104">
    <p class='ocr_par' dir='ltr' id='par_1_17' title="bbox 500 2025 3748 2104">
     <span class='ocr_line' id='line_1_17' title="bbox 500 2025 3748 2104; baseline -0.006 -5"><span class='ocrx_word' id='word_1_209' title='bbox 500 2045 802 2099; x_wconf 87' lang='lat' dir='ltr'><strong>lectionum</strong></span> <span class='ocrx_word' id='word_1_210' title='bbox 857 2041 1065 2104; x_wconf 87' lang='lat' dir='ltr'><strong>libello,</strong></span> <span class='ocrx_word' id='word_1_211' title='bbox 1102 2052 1234 2094; x_wconf 87' lang='lat' dir='ltr'><strong>suas</strong></span> <span class='ocrx_word' id='word_1_212' title='bbox 1266 2036 1506 2102; x_wconf 79' lang='lat' dir='ltr'><strong>duxerit,</strong></span> <span class='ocrx_word' id='word_1_213' title='bbox 1530 2035 1772 2103; x_wconf 83' lang='lat' dir='ltr'><strong>itemque</strong></span> <span class='ocrx_word' id='word_1_214' title='bbox 1800 2035 1882 2088; x_wconf 85' lang='lat' dir='ltr'><strong>vel</strong></span> <span class='ocrx_word' id='word_1_215' title='bbox 1909 2048 1976 2087; x_wconf 79' lang='lat' dir='ltr'><strong>ex</strong></span> <span class='ocrx_word' id='word_1_216' title='bbox 2011 2031 2229 2102; x_wconf 77' lang='lat' dir='ltr'><strong>ingenio</strong></span> <span class='ocrx_word' id='word_1_217' title='bbox 2261 2031 2343 2084; x_wconf 88' lang='lat' dir='ltr'><strong>vel</strong></span> <span class='ocrx_word' id='word_1_218' title='bbox 2375 2046 2405 2086; x_wconf 92' lang='lat' dir='ltr'><strong>e</strong></span> <span class='ocrx_word' id='word_1_219' title='bbox 2427 2029 2714 2085; x_wconf 89' lang='lat' dir='ltr'><strong>codicibus</strong></span> <span class='ocrx_word' id='word_1_220' title='bbox 2731 2028 2978 2099; x_wconf 66' lang='lat' dir='ltr'><strong>quaedam</strong></span> <span class='ocrx_word' id='word_1_221' title='bbox 3008 2029 3304 2087; x_wconf 81' lang='lat' dir='ltr'><strong>addiderit.</strong></span> <span class='ocrx_word' id='word_1_222' title='bbox 3331 2035 3391 2081; x_wconf 93' lang='lat' dir='ltr'><strong>ut</strong></span> <span class='ocrx_word' id='word_1_223' title='bbox 3414 2027 3510 2081; x_wconf 89' lang='lat' dir='ltr'><strong>lib.</strong></span> <span class='ocrx_word' id='word_1_224' title='bbox 3547 2043 3587 2091; x_wconf 90' lang='grc' dir='ltr'>ι,</span> <span class='ocrx_word' id='word_1_225' title='bbox 3613 2042 3665 2081; x_wconf 94' lang='lat' dir='ltr'><strong>c.</strong></span> <span class='ocrx_word' id='word_1_226' title='bbox 3688 2025 3748 2091; x_wconf 75' lang='grc'>4,</span> 
     </span>
    </p>
   </div>
   <div class='ocr_carea' id='block_1_18' title="bbox 502 2126 2130 2217">
    <p class='ocr_par' dir='ltr' id='par_1_18' title="bbox 502 2138 2130 2217">
     <span class='ocr_line' id='line_1_18' title="bbox 502 2138 2130 2217; baseline -0.008 -15"><span class='ocrx_word' id='word_1_227' title='bbox 502 2166 553 2217; x_wconf 84' lang='lat' dir='ltr'><strong>p.</strong></span> <span class='ocrx_word' id='word_1_228' title='bbox 584 2147 687 2202; x_wconf 78' lang='lat'><strong>755</strong></span> <span class='ocrx_word' id='word_1_229' title='bbox 721 2145 856 2201; x_wconf 82' lang='lat' dir='ltr'><strong>edit.</strong></span> <span class='ocrx_word' id='word_1_230' title='bbox 890 2151 1094 2199; x_wconf 65' lang='lat' dir='ltr'><strong>nostra:</strong></span> <span class='ocrx_word' id='word_1_231' title='bbox 1124 2143 1216 2196; x_wconf 92' lang='lat' dir='ltr'><strong>illa</strong></span> <span class='ocrx_word' id='word_1_232' title='bbox 1244 2159 1258 2196; x_wconf 90' lang='lat'><strong>:</strong></span> <span class='ocrx_word' id='word_1_233' title='bbox 1297 2142 1435 2203; x_wconf 82' lang='grc' dir='ltr'><strong>Τοὺς</strong></span> <span class='ocrx_word' id='word_1_234' title='bbox 1465 2138 1761 2210; x_wconf 79' lang='grc' dir='ltr'><strong>οεηγόρους</strong></span> <span class='ocrx_word' id='word_1_235' title='bbox 1795 2139 1941 2208; x_wconf 73' lang='grc' dir='ltr'><strong>φημι</strong></span> <span class='ocrx_word' id='word_1_236' title='bbox 1968 2139 2130 2191; x_wconf 65' lang='grc' dir='ltr'>ἀποστ</span> 
     </span>
    </p>
   </div>
   <div class='ocr_carea' id='block_1_19' title="bbox 2122 2126 3750 2217">
    <p class='ocr_par' dir='ltr' id='par_1_19' title="bbox 2122 2126 3750 2204">
     <span class='ocr_line' id='line_1_19' title="bbox 2122 2126 3750 2204; baseline -0.002 -16"><span class='ocrx_word' id='word_1_237' title='bbox 2122 2135 2321 2198; x_wconf 66' lang='grc' dir='ltr'><strong>πόλους,</strong></span> <span class='ocrx_word' id='word_1_238' title='bbox 2358 2142 2413 2189; x_wconf 85' lang='lat' dir='ltr'><strong>et</strong></span> <span class='ocrx_word' id='word_1_239' title='bbox 2449 2134 2614 2204; x_wconf 87' lang='lat' dir='ltr'><strong>paulo</strong></span> <span class='ocrx_word' id='word_1_240' title='bbox 2638 2141 2764 2204; x_wconf 91' lang='lat' dir='ltr'><strong>post</strong></span> <span class='ocrx_word' id='word_1_241' title='bbox 2807 2151 2820 2188; x_wconf 90' lang='lat'><strong>:</strong></span> <span class='ocrx_word' id='word_1_242' title='bbox 2867 2134 2943 2185; x_wconf 75' lang='grc' dir='ltr'><strong>Οὐ</strong></span> <span class='ocrx_word' id='word_1_243' title='bbox 2978 2131 3211 2203; x_wconf 78' lang='grc' dir='ltr'><strong>φυσικὴν</strong></span> <span class='ocrx_word' id='word_1_244' title='bbox 3263 2126 3404 2184; x_wconf 72' lang='grc' dir='ltr'><strong>εἶναι</strong></span> <span class='ocrx_word' id='word_1_245' title='bbox 3446 2131 3621 2199; x_wconf 69' lang='grc' dir='ltr'>λέγων</span> <span class='ocrx_word' id='word_1_246' title='bbox 3667 2134 3750 2194; x_wconf 78' lang='grc' dir='ltr'><strong>εἰς</strong></span> 
     </span>
    </p>
   </div>
   <div class='ocr_carea' id='block_1_20' title="bbox 502 2236 2130 2320">
    <p class='ocr_par' dir='ltr' id='par_1_20' title="bbox 502 2240 2130 2320">
     <span class='ocr_line' id='line_1_20' title="bbox 502 2240 2130 2320; baseline -0.007 -16"><span class='ocrx_word' id='word_1_247' title='bbox 502 2251 830 2320; x_wconf 71' lang='grc' dir='ltr'><strong>κατάληψιν,</strong></span> <span class='ocrx_word' id='word_1_248' title='bbox 863 2249 919 2302; x_wconf 91' lang='lat' dir='ltr'><strong>in</strong></span> <span class='ocrx_word' id='word_1_249' title='bbox 961 2247 1263 2316; x_wconf 87' lang='lat' dir='ltr'><strong>eademque</strong></span> <span class='ocrx_word' id='word_1_250' title='bbox 1303 2245 1505 2316; x_wconf 63' lang='lat' dir='ltr'><strong>pagina</strong></span> <span class='ocrx_word' id='word_1_251' title='bbox 1544 2245 1609 2296; x_wconf 81' lang='grc' dir='ltr'><strong>ὲκ</strong></span> <span class='ocrx_word' id='word_1_252' title='bbox 1649 2241 1744 2295; x_wconf 78' lang='grc' dir='ltr'><strong>τοῦ</strong></span> <span class='ocrx_word' id='word_1_253' title='bbox 1777 2241 1838 2306; x_wconf 76' lang='grc' dir='ltr'>ἐξ</span> <span class='ocrx_word' id='word_1_254' title='bbox 1860 2241 1961 2293; x_wconf 79' lang='grc' dir='ltr'><strong>οὐκ</strong></span> <span class='ocrx_word' id='word_1_255' title='bbox 1987 2240 2130 2293; x_wconf 69' lang='lat' dir='ltr'><strong>tivam</strong></span> 
     </span>
    </p>
   </div>
   <div class='ocr_carea' id='block_1_21' title="bbox 2122 2236 3750 2320">
    <p class='ocr_par' dir='ltr' id='par_1_21' title="bbox 2122 2236 3750 2307">
     <span class='ocr_line' id='line_1_21' title="bbox 2122 2236 3750 2307; baseline -0.004 -15"><span class='ocrx_word' id='word_1_256' title='bbox 2122 2257 2176 2307; x_wconf 84' lang='grc' dir='ltr'><strong>ιν,</strong></span> <span class='ocrx_word' id='word_1_257' title='bbox 2217 2256 2256 2302; x_wconf 83' lang='grc' dir='ltr'>ι,</span> <span class='ocrx_word' id='word_1_258' title='bbox 2291 2239 2354 2294; x_wconf 91' lang='grc'><strong>17</strong></span> <span class='ocrx_word' id='word_1_259' title='bbox 2385 2247 2528 2294; x_wconf 74' lang='lat' dir='ltr'><strong>extr.</strong></span> <span class='ocrx_word' id='word_1_260' title='bbox 2569 2237 2946 2291; x_wconf 79' lang='grc' dir='ltr'><strong>κατακλίνασα</strong></span> <span class='ocrx_word' id='word_1_261' title='bbox 2987 2251 3084 2306; x_wconf 89' lang='lat' dir='ltr'><strong>pro</strong></span> <span class='ocrx_word' id='word_1_262' title='bbox 3126 2236 3344 2301; x_wconf 63' lang='grc' dir='ltr'><strong>ἀνακλη</strong></span> <span class='ocrx_word' id='word_1_263' title='bbox 3373 2253 3447 2301; x_wconf 77' lang='grc' dir='ltr'><strong>ιν,</strong></span> <span class='ocrx_word' id='word_1_264' title='bbox 3479 2236 3532 2300; x_wconf 88' lang='grc'>8,</span> <span class='ocrx_word' id='word_1_265' title='bbox 3565 2236 3750 2290; x_wconf 89' lang='lat' dir='ltr'><strong>deleto</strong></span> 
     </span>
    </p>
   </div>
   <div class='ocr_carea' id='block_1_22' title="bbox 503 2337 2131 2420">
    <p class='ocr_par' dir='ltr' id='par_1_22' title="bbox 503 2347 2131 2420">
     <span class='ocr_line' id='line_1_22' title="bbox 503 2347 2131 2420; baseline -0.006 -12"><span class='ocrx_word' id='word_1_266' title='bbox 503 2354 770 2410; x_wconf 84' lang='lat' dir='ltr'><strong>vocabulo</strong></span> <span class='ocrx_word' id='word_1_267' title='bbox 797 2351 1112 2404; x_wconf 67' lang='grc' dir='ltr'><strong>ἐπισκόπων</strong></span> <span class='ocrx_word' id='word_1_268' title='bbox 1137 2363 1238 2420; x_wconf 90' lang='lat' dir='ltr'><strong>pro</strong></span> <span class='ocrx_word' id='word_1_269' title='bbox 1259 2349 1430 2416; x_wconf 79' lang='grc' dir='ltr'><strong>ὑγιεῖς</strong></span> <span class='ocrx_word' id='word_1_270' title='bbox 1455 2348 1640 2417; x_wconf 88' lang='lat' dir='ltr'><strong>inepte</strong></span> <span class='ocrx_word' id='word_1_271' title='bbox 1665 2347 1884 2417; x_wconf 88' lang='lat' dir='ltr'><strong>reponit</strong></span> <span class='ocrx_word' id='word_1_272' title='bbox 1907 2347 2052 2414; x_wconf 79' lang='grc' dir='ltr'><strong>ὑγιεῖ</strong></span> <span class='ocrx_word' id='word_1_273' title='bbox 2077 2353 2131 2400; x_wconf 90' lang='grc' dir='ltr'><strong>ιιι</strong></span> 
     </span>
    </p>
   </div>
   <div class='ocr_carea' id='block_1_23' title="bbox 2098 2337 3726 2420">
    <p class='ocr_par' dir='ltr' id='par_1_23' title="bbox 2098 2337 3726 2409">
     <span class='ocr_line' id='line_1_23' title="bbox 2098 2337 3726 2409; baseline -0.004 -10"><span class='ocrx_word' id='word_1_274' title='bbox 2098 2353 2135 2399; x_wconf 88' lang='grc' dir='ltr'><strong>ιι</strong></span> <span class='ocrx_word' id='word_1_275' title='bbox 2163 2343 2436 2399; x_wconf 80' lang='lat' dir='ltr'><strong>referatur</strong></span> <span class='ocrx_word' id='word_1_276' title='bbox 2463 2343 2532 2396; x_wconf 86' lang='lat' dir='ltr'><strong>ad</strong></span> <span class='ocrx_word' id='word_1_277' title='bbox 2548 2339 2711 2394; x_wconf 78' lang='grc' dir='ltr'><strong>τέλει.</strong></span> <span class='ocrx_word' id='word_1_278' title='bbox 2731 2339 3098 2395; x_wconf 66' lang='grc' dir='ltr'><strong>Ρτωιετιιιίιιο</strong></span> <span class='ocrx_word' id='word_1_279' title='bbox 3128 2340 3271 2406; x_wconf 84' lang='lat' dir='ltr'><strong>alia;</strong></span> <span class='ocrx_word' id='word_1_280' title='bbox 3303 2354 3480 2409; x_wconf 90' lang='lat' dir='ltr'><strong>neque</strong></span> <span class='ocrx_word' id='word_1_281' title='bbox 3511 2353 3569 2394; x_wconf 90' lang='lat' dir='ltr'><strong>se</strong></span> <span class='ocrx_word' id='word_1_282' title='bbox 3600 2337 3726 2394; x_wconf 67' lang='lat' dir='ltr'><strong>colli</strong></span> 
     </span>
    </p>
   </div>
   <div class='ocr_carea' id='block_1_24' title="bbox 504 2450 2509 2529">
    <p class='ocr_par' dir='ltr' id='par_1_24' title="bbox 504 2450 2509 2529">
     <span class='ocr_line' id='line_1_24' title="bbox 504 2450 2509 2529; baseline -0.006 -14"><span class='ocrx_word' id='word_1_283' title='bbox 504 2461 622 2515; x_wconf 90' lang='lat' dir='ltr'><strong>buit</strong></span> <span class='ocrx_word' id='word_1_284' title='bbox 651 2458 950 2529; x_wconf 88' lang='lat' dir='ltr'><strong>quominus</strong></span> <span class='ocrx_word' id='word_1_285' title='bbox 979 2463 1034 2510; x_wconf 89' lang='lat' dir='ltr'><strong>et</strong></span> <span class='ocrx_word' id='word_1_286' title='bbox 1070 2455 1313 2524; x_wconf 91' lang='lat' dir='ltr'><strong>capitum</strong></span> <span class='ocrx_word' id='word_1_287' title='bbox 1346 2452 1462 2508; x_wconf 89' lang='lat' dir='ltr'><strong>sive</strong></span> <span class='ocrx_word' id='word_1_288' title='bbox 1501 2452 1829 2507; x_wconf 86' lang='lat' dir='ltr'><strong>divisionem</strong></span> <span class='ocrx_word' id='word_1_289' title='bbox 1873 2454 1990 2506; x_wconf 89' lang='lat' dir='ltr'><strong>sive</strong></span> <span class='ocrx_word' id='word_1_290' title='bbox 2027 2450 2216 2504; x_wconf 90' lang='lat' dir='ltr'><strong>titulos</strong></span> <span class='ocrx_word' id='word_1_291' title='bbox 2252 2457 2509 2502; x_wconf 85' lang='lat' dir='ltr'><strong>mutaret.</strong></span> 
     </span>
    </p>
   </div>
   <div class='ocr_carea' id='block_1_25' title="bbox 574 2572 3755 2655">
    <p class='ocr_par' dir='ltr' id='par_1_25' title="bbox 574 2572 3755 2655">
     <span class='ocr_line' id='line_1_25' title="bbox 574 2572 3755 2655; baseline -0.003 -16"><span class='ocrx_word' id='word_1_292' title='bbox 574 2587 756 2655; x_wconf 82' lang='lat' dir='ltr'><strong>Longe</strong></span> <span class='ocrx_word' id='word_1_293' title='bbox 781 2584 978 2637; x_wconf 91' lang='lat' dir='ltr'><strong>horum</strong></span> <span class='ocrx_word' id='word_1_294' title='bbox 1015 2580 1262 2636; x_wconf 91' lang='lat' dir='ltr'><strong>omnium</strong></span> <span class='ocrx_word' id='word_1_295' title='bbox 1290 2579 1628 2651; x_wconf 84' lang='lat' dir='ltr'><strong>diligentiam</strong></span> <span class='ocrx_word' id='word_1_296' title='bbox 1659 2579 1941 2649; x_wconf 84' lang='lat' dir='ltr'><strong>superavit</strong></span> <span class='ocrx_word' id='word_1_297' title='bbox 1967 2575 2416 2632; x_wconf 74' lang='lat' dir='ltr'><strong>excellentissimi</strong></span> <span class='ocrx_word' id='word_1_298' title='bbox 2443 2575 2646 2644; x_wconf 85' lang='lat' dir='ltr'><strong>ingenii</strong></span> <span class='ocrx_word' id='word_1_299' title='bbox 2678 2583 2842 2645; x_wconf 92' lang='lat' dir='ltr'><strong>atque</strong></span> <span class='ocrx_word' id='word_1_300' title='bbox 2865 2574 3130 2628; x_wconf 71' lang='lat' dir='ltr'><strong>doctrina:</strong></span> <span class='ocrx_word' id='word_1_301' title='bbox 3159 2573 3240 2627; x_wconf 86' lang='lat' dir='ltr'><strong>vir</strong></span> <span class='ocrx_word' id='word_1_302' title='bbox 3273 2572 3548 2629; x_wconf 84' lang='lat' dir='ltr'><strong>Henricus</strong></span> <span class='ocrx_word' id='word_1_303' title='bbox 3589 2573 3755 2632; x_wconf 80' lang='lat' dir='ltr'><strong>Vale-</strong></span> 
     </span>
    </p>
   </div>
   <div class='ocr_carea' id='block_1_26' title="bbox 505 2679 3755 2755">
    <p class='ocr_par' dir='ltr' id='par_1_26' title="bbox 505 2679 3755 2755">
     <span class='ocr_line' id='line_1_26' title="bbox 505 2679 3755 2755; baseline -0.003 -9"><span class='ocrx_word' id='word_1_304' title='bbox 505 2695 642 2755; x_wconf 86' lang='lat' dir='ltr'><strong>sius,</strong></span> <span class='ocrx_word' id='word_1_305' title='bbox 679 2705 803 2743; x_wconf 84' lang='lat' dir='ltr'><strong>cnm</strong></span> <span class='ocrx_word' id='word_1_306' title='bbox 834 2687 1078 2743; x_wconf 66' lang='lat' dir='ltr'><strong>historiae</strong></span> <span class='ocrx_word' id='word_1_307' title='bbox 1105 2683 1306 2740; x_wconf 82' lang='lat' dir='ltr'><strong>veteris</strong></span> <span class='ocrx_word' id='word_1_308' title='bbox 1339 2683 1674 2739; x_wconf 82' lang='lat' dir='ltr'><strong>Christianae</strong></span> <span class='ocrx_word' id='word_1_309' title='bbox 1705 2682 2010 2753; x_wconf 86' lang='lat' dir='ltr'><strong>scriptorcs</strong></span> <span class='ocrx_word' id='word_1_310' title='bbox 2045 2680 2268 2734; x_wconf 78' lang='lat' dir='ltr'><strong>Graecos</strong></span> <span class='ocrx_word' id='word_1_311' title='bbox 2297 2679 2876 2735; x_wconf 90' lang='lat' dir='ltr'><strong>animadversionibus</strong></span> <span class='ocrx_word' id='word_1_312' title='bbox 2910 2680 3030 2736; x_wconf 89' lang='lat' dir='ltr'><strong>suis</strong></span> <span class='ocrx_word' id='word_1_313' title='bbox 3060 2681 3370 2736; x_wconf 75' lang='lat' dir='ltr'><strong>illustratos</strong></span> <span class='ocrx_word' id='word_1_314' title='bbox 3391 2681 3553 2735; x_wconf 91' lang='lat' dir='ltr'><strong>edere</strong></span> <span class='ocrx_word' id='word_1_315' title='bbox 3590 2683 3755 2736; x_wconf 90' lang='lat' dir='ltr'><strong>insti-</strong></span> 
     </span>
    </p>
   </div>
   <div class='ocr_carea' id='block_1_27' title="bbox 506 2782 3756 2859">
    <p class='ocr_par' dir='ltr' id='par_1_27' title="bbox 506 2782 3756 2859">
     <span class='ocr_line' id='line_1_27' title="bbox 506 2782 3756 2859; baseline -0.003 -12"><span class='ocrx_word' id='word_1_316' title='bbox 506 2795 722 2848; x_wconf 88' lang='lat' dir='ltr'><strong>tuisset.</strong></span> <span class='ocrx_word' id='word_1_317' title='bbox 761 2791 1005 2859; x_wconf 72' lang='lat' dir='ltr'><strong>Namque</strong></span> <span class='ocrx_word' id='word_1_318' title='bbox 1039 2795 1245 2842; x_wconf 77' lang='lat' dir='ltr'><strong>textum</strong></span> <span class='ocrx_word' id='word_1_319' title='bbox 1283 2783 1680 2854; x_wconf 89' lang='lat' dir='ltr'><strong>Stephanicum</strong></span> <span class='ocrx_word' id='word_1_320' title='bbox 1722 2799 1752 2837; x_wconf 89' lang='lat' dir='ltr'><strong>a</strong></span> <span class='ocrx_word' id='word_1_321' title='bbox 1785 2799 1864 2848; x_wconf 89' lang='lat' dir='ltr'><strong>se,</strong></span> <span class='ocrx_word' id='word_1_322' title='bbox 1893 2797 2210 2853; x_wconf 88' lang='lat' dir='ltr'><strong>quanquam</strong></span> <span class='ocrx_word' id='word_1_323' title='bbox 2248 2797 2358 2837; x_wconf 91' lang='lat' dir='ltr'><strong>non</strong></span> <span class='ocrx_word' id='word_1_324' title='bbox 2384 2782 2549 2838; x_wconf 91' lang='lat' dir='ltr'><strong>nimis</strong></span> <span class='ocrx_word' id='word_1_325' title='bbox 2579 2799 2744 2854; x_wconf 65' lang='lat' dir='ltr'><strong>saepe,</strong></span> <span class='ocrx_word' id='word_1_326' title='bbox 2776 2786 3128 2854; x_wconf 75' lang='lat' dir='ltr'><strong>castigatum,</strong></span> <span class='ocrx_word' id='word_1_327' title='bbox 3171 2799 3278 2839; x_wconf 90' lang='lat' dir='ltr'><strong>non</strong></span> <span class='ocrx_word' id='word_1_328' title='bbox 3308 2784 3467 2838; x_wconf 89' lang='lat' dir='ltr'><strong>modo</strong></span> <span class='ocrx_word' id='word_1_329' title='bbox 3496 2800 3639 2840; x_wconf 85' lang='lat' dir='ltr'><strong>nova</strong></span> <span class='ocrx_word' id='word_1_330' title='bbox 3669 2786 3756 2838; x_wconf 89' lang='lat' dir='ltr'><strong>in-</strong></span> 
     </span>
    </p>
   </div>
   <div class='ocr_carea' id='block_1_28' title="bbox 511 2883 3757 2966">
    <p class='ocr_par' dir='ltr' id='par_1_28' title="bbox 511 2883 3757 2966">
     <span class='ocr_line' id='line_1_28' title="bbox 511 2883 3757 2966; baseline -0.001 -18"><span class='ocrx_word' id='word_1_331' title='bbox 511 2895 924 2966; x_wconf 85' lang='lat' dir='ltr'><strong>terpretatione,</strong></span> <span class='ocrx_word' id='word_1_332' title='bbox 961 2897 1052 2947; x_wconf 89' lang='lat' dir='ltr'><strong>sed</strong></span> <span class='ocrx_word' id='word_1_333' title='bbox 1087 2892 1249 2945; x_wconf 90' lang='lat' dir='ltr'><strong>etiam</strong></span> <span class='ocrx_word' id='word_1_334' title='bbox 1302 2889 1447 2942; x_wconf 90' lang='lat' dir='ltr'><strong>notis</strong></span> <span class='ocrx_word' id='word_1_335' title='bbox 1483 2887 1824 2942; x_wconf 83' lang='lat' dir='ltr'><strong>doctissimis</strong></span> <span class='ocrx_word' id='word_1_336' title='bbox 1863 2889 2103 2952; x_wconf 88' lang='lat' dir='ltr'><strong>ornavit,</strong></span> <span class='ocrx_word' id='word_1_337' title='bbox 2135 2889 2338 2958; x_wconf 83' lang='lat' dir='ltr'><strong>quibus</strong></span> <span class='ocrx_word' id='word_1_338' title='bbox 2374 2889 2456 2943; x_wconf 84' lang='lat' dir='ltr'><strong>vel</strong></span> <span class='ocrx_word' id='word_1_339' title='bbox 2501 2889 2665 2943; x_wconf 88' lang='lat' dir='ltr'><strong>rebus</strong></span> <span class='ocrx_word' id='word_1_340' title='bbox 2701 2890 2834 2958; x_wconf 86' lang='lat' dir='ltr'><strong>ipsis</strong></span> <span class='ocrx_word' id='word_1_341' title='bbox 2887 2890 3110 2946; x_wconf 87' lang='lat' dir='ltr'><strong>luminis</strong></span> <span class='ocrx_word' id='word_1_342' title='bbox 3158 2891 3363 2964; x_wconf 85' lang='lat' dir='ltr'><strong>aliquid</strong></span> <span class='ocrx_word' id='word_1_343' title='bbox 3395 2883 3639 2956; x_wconf 76' lang='lat' dir='ltr'><strong>afferret,</strong></span> <span class='ocrx_word' id='word_1_344' title='bbox 3669 2892 3757 2952; x_wconf 85' lang='lat' dir='ltr'><strong>vel</strong></span> 
     </span>
    </p>
   </div>
   <div class='ocr_carea' id='block_1_29' title="bbox 507 2994 3760 3074">
    <p class='ocr_par' dir='ltr' id='par_1_29' title="bbox 507 2994 3760 3074">
     <span class='ocr_line' id='line_1_29' title="bbox 507 2994 3760 3074; baseline -0.001 -18"><span class='ocrx_word' id='word_1_345' title='bbox 507 3012 714 3056; x_wconf 79' lang='lat' dir='ltr'><strong>textum</strong></span> <span class='ocrx_word' id='word_1_346' title='bbox 763 3000 1102 3054; x_wconf 88' lang='lat' dir='ltr'><strong>emendaret.</strong></span> <span class='ocrx_word' id='word_1_347' title='bbox 1157 2996 1286 3051; x_wconf 83' lang='lat' dir='ltr'><strong>Erat</strong></span> <span class='ocrx_word' id='word_1_348' title='bbox 1344 2997 1490 3050; x_wconf 90' lang='lat' dir='ltr'><strong>enim</strong></span> <span class='ocrx_word' id='word_1_349' title='bbox 1527 2995 1576 3050; x_wconf 91' lang='lat' dir='ltr'><strong>is</strong></span> <span class='ocrx_word' id='word_1_350' title='bbox 1627 2994 1864 3074; x_wconf 77' lang='lat' dir='ltr'><strong>maxime</strong></span> <span class='ocrx_word' id='word_1_351' title='bbox 1896 2995 2154 3051; x_wconf 90' lang='lat' dir='ltr'><strong>omnibus</strong></span> <span class='ocrx_word' id='word_1_352' title='bbox 2188 2996 2389 3067; x_wconf 78' lang='lat' dir='ltr'><strong>ingenii</strong></span> <span class='ocrx_word' id='word_1_353' title='bbox 2425 2999 2821 3053; x_wconf 66' lang='lat' dir='ltr'><strong>eriercitazione</strong></span> <span class='ocrx_word' id='word_1_354' title='bbox 2879 3000 3111 3063; x_wconf 83' lang='lat' dir='ltr'><strong>subacti,</strong></span> <span class='ocrx_word' id='word_1_355' title='bbox 3147 2999 3476 3070; x_wconf 78' lang='lat' dir='ltr'><strong>linguarum,</strong></span> <span class='ocrx_word' id='word_1_356' title='bbox 3510 3001 3760 3056; x_wconf 68' lang='lat' dir='ltr'><strong>historiae</strong></span> 
     </span>
    </p>
   </div>
   <div class='ocr_carea' id='block_1_30' title="bbox 511 3100 3774 3175">
    <p class='ocr_par' dir='ltr' id='par_1_30' title="bbox 511 3100 3774 3175">
     <span class='ocr_line' id='line_1_30' title="bbox 511 3100 3774 3175; baseline -0.001 -17"><span class='ocrx_word' id='word_1_357' title='bbox 511 3111 710 3161; x_wconf 82' lang='lat' dir='ltr'><strong>veteris</strong></span> <span class='ocrx_word' id='word_1_358' title='bbox 740 3103 1007 3175; x_wconf 68' lang='lat' dir='ltr'><strong>praesidiis</strong></span> <span class='ocrx_word' id='word_1_359' title='bbox 1044 3104 1375 3168; x_wconf 90' lang='lat' dir='ltr'><strong>instructus,</strong></span> <span class='ocrx_word' id='word_1_360' title='bbox 1417 3101 1642 3171; x_wconf 87' lang='lat' dir='ltr'><strong>adjutus</strong></span> <span class='ocrx_word' id='word_1_361' title='bbox 1677 3101 1842 3155; x_wconf 87' lang='lat' dir='ltr'><strong>etiam</strong></span> <span class='ocrx_word' id='word_1_362' title='bbox 1878 3101 2036 3156; x_wconf 89' lang='lat' dir='ltr'><strong>libris</strong></span> <span class='ocrx_word' id='word_1_363' title='bbox 2069 3100 2232 3155; x_wconf 88' lang='lat' dir='ltr'><strong>editis</strong></span> <span class='ocrx_word' id='word_1_364' title='bbox 2261 3110 2315 3155; x_wconf 88' lang='lat' dir='ltr'><strong>et</strong></span> <span class='ocrx_word' id='word_1_365' title='bbox 2353 3104 2604 3174; x_wconf 85' lang='lat' dir='ltr'><strong>scriptis,</strong></span> <span class='ocrx_word' id='word_1_366' title='bbox 2637 3110 2787 3155; x_wconf 89' lang='lat' dir='ltr'><strong>certe</strong></span> <span class='ocrx_word' id='word_1_367' title='bbox 2826 3117 3013 3154; x_wconf 88' lang='lat' dir='ltr'><strong>eorum</strong></span> <span class='ocrx_word' id='word_1_368' title='bbox 3045 3103 3336 3170; x_wconf 64' lang='lat' dir='ltr'><strong>exet-rptis,</strong></span> <span class='ocrx_word' id='word_1_369' title='bbox 3367 3117 3487 3172; x_wconf 66' lang='lat' dir='ltr'><strong>qua:</strong></span> <span class='ocrx_word' id='word_1_370' title='bbox 3519 3118 3549 3158; x_wconf 89' lang='lat' dir='ltr'><strong>a</strong></span> <span class='ocrx_word' id='word_1_371' title='bbox 3580 3104 3774 3160; x_wconf 67' lang='lat' dir='ltr'><strong>Leone.</strong></span> 
     </span>
    </p>
   </div>
   <div class='ocr_carea' id='block_1_31' title="bbox 509 3205 3763 3280">
    <p class='ocr_par' dir='ltr' id='par_1_31' title="bbox 509 3205 3763 3280">
     <span class='ocr_line' id='line_1_31' title="bbox 509 3205 3763 3280; baseline -0.002 -14"><span class='ocrx_word' id='word_1_372' title='bbox 509 3213 709 3266; x_wconf 79' lang='lat' dir='ltr'><strong>Allatio</strong></span> <span class='ocrx_word' id='word_1_373' title='bbox 734 3221 1016 3280; x_wconf 86' lang='lat' dir='ltr'><strong>acceperat</strong></span> <span class='ocrx_word' id='word_1_374' title='bbox 1050 3209 1378 3280; x_wconf 75' lang='lat' dir='ltr'><strong>pertinentia</strong></span> <span class='ocrx_word' id='word_1_375' title='bbox 1413 3207 1482 3261; x_wconf 90' lang='lat' dir='ltr'><strong>ad</strong></span> <span class='ocrx_word' id='word_1_376' title='bbox 1516 3208 1753 3278; x_wconf 89' lang='lat' dir='ltr'><strong>primum</strong></span> <span class='ocrx_word' id='word_1_377' title='bbox 1784 3215 1839 3263; x_wconf 90' lang='lat' dir='ltr'><strong>et</strong></span> <span class='ocrx_word' id='word_1_378' title='bbox 1870 3207 2172 3262; x_wconf 86' lang='lat' dir='ltr'><strong>secundum</strong></span> <span class='ocrx_word' id='word_1_379' title='bbox 2216 3205 2547 3260; x_wconf 87' lang='lat' dir='ltr'><strong>Theodoreti</strong></span> <span class='ocrx_word' id='word_1_380' title='bbox 2583 3206 2804 3269; x_wconf 91' lang='lat' dir='ltr'><strong>librum,</strong></span> <span class='ocrx_word' id='word_1_381' title='bbox 2841 3206 2944 3258; x_wconf 88' lang='lat' dir='ltr'><strong>alia</strong></span> <span class='ocrx_word' id='word_1_382' title='bbox 2997 3221 3216 3274; x_wconf 89' lang='lat' dir='ltr'><strong>quoque</strong></span> <span class='ocrx_word' id='word_1_383' title='bbox 3247 3205 3316 3258; x_wconf 89' lang='lat' dir='ltr'><strong>ab</strong></span> <span class='ocrx_word' id='word_1_384' title='bbox 3346 3205 3571 3262; x_wconf 89' lang='lat' dir='ltr'><strong>Usserio</strong></span> <span class='ocrx_word' id='word_1_385' title='bbox 3598 3224 3628 3261; x_wconf 94' lang='lat' dir='ltr'><strong>e</strong></span> <span class='ocrx_word' id='word_1_386' title='bbox 3664 3224 3763 3261; x_wconf 86' lang='lat' dir='ltr'><strong>co-</strong></span> 
     </span>
    </p>
   </div>
   <div class='ocr_carea' id='block_1_32' title="bbox 511 3311 3764 3385">
    <p class='ocr_par' dir='ltr' id='par_1_32' title="bbox 511 3311 3764 3385">
     <span class='ocr_line' id='line_1_32' title="bbox 511 3311 3764 3385; baseline -0.001 -13"><span class='ocrx_word' id='word_1_387' title='bbox 511 3320 630 3372; x_wconf 90' lang='lat' dir='ltr'><strong>dice</strong></span> <span class='ocrx_word' id='word_1_388' title='bbox 664 3316 884 3371; x_wconf 89' lang='lat' dir='ltr'><strong>llenrici</strong></span> <span class='ocrx_word' id='word_1_389' title='bbox 916 3315 1105 3369; x_wconf 85' lang='lat' dir='ltr'><strong>Savilii</strong></span> <span class='ocrx_word' id='word_1_390' title='bbox 1135 3315 1296 3385; x_wconf 81' lang='lat' dir='ltr'><strong>cujus</strong></span> <span class='ocrx_word' id='word_1_391' title='bbox 1335 3315 1600 3368; x_wconf 88' lang='lat' dir='ltr'><strong>lectiones</strong></span> <span class='ocrx_word' id='word_1_392' title='bbox 1640 3329 1668 3366; x_wconf 89' lang='lat' dir='ltr'><strong>a</strong></span> <span class='ocrx_word' id='word_1_393' title='bbox 1703 3311 1970 3382; x_wconf 88' lang='lat' dir='ltr'><strong>Stephani</strong></span> <span class='ocrx_word' id='word_1_394' title='bbox 2022 3321 2172 3368; x_wconf 75' lang='lat' dir='ltr'><strong>textu</strong></span> <span class='ocrx_word' id='word_1_395' title='bbox 2225 3313 2610 3382; x_wconf 85' lang='lat' dir='ltr'><strong>discrepantes</strong></span> <span class='ocrx_word' id='word_1_396' title='bbox 2672 3313 2786 3382; x_wconf 90' lang='lat' dir='ltr'><strong>ipse</strong></span> <span class='ocrx_word' id='word_1_397' title='bbox 2820 3311 3061 3368; x_wconf 88' lang='lat' dir='ltr'><strong>Savilius</strong></span> <span class='ocrx_word' id='word_1_398' title='bbox 3122 3313 3177 3367; x_wconf 88' lang='lat' dir='ltr'><strong>in</strong></span> <span class='ocrx_word' id='word_1_399' title='bbox 3211 3315 3375 3370; x_wconf 84' lang='lat' dir='ltr'><strong>istius</strong></span> <span class='ocrx_word' id='word_1_400' title='bbox 3403 3323 3584 3372; x_wconf 78' lang='lat' dir='ltr'><strong>textus</strong></span> <span class='ocrx_word' id='word_1_401' title='bbox 3611 3329 3764 3369; x_wconf 88' lang='lat' dir='ltr'><strong>mar-</strong></span> 
     </span>
    </p>
   </div>
   <div class='ocr_carea' id='block_1_33' title="bbox 513 3414 3769 3492">
    <p class='ocr_par' dir='ltr' id='par_1_33' title="bbox 513 3414 3769 3492">
     <span class='ocr_line' id='line_1_33' title="bbox 513 3414 3769 3492; baseline -0.002 -18"><span class='ocrx_word' id='word_1_402' title='bbox 513 3423 634 3491; x_wconf 72' lang='lat' dir='ltr'><strong>ginc</strong></span> <span class='ocrx_word' id='word_1_403' title='bbox 663 3421 1020 3490; x_wconf 88' lang='lat' dir='ltr'><strong>ascripserat.</strong></span> <span class='ocrx_word' id='word_1_404' title='bbox 1056 3417 1153 3473; x_wconf 84' lang='lat' dir='ltr'><strong>His</strong></span> <span class='ocrx_word' id='word_1_405' title='bbox 1186 3433 1384 3488; x_wconf 71' lang='lat' dir='ltr'><strong>magno</strong></span> <span class='ocrx_word' id='word_1_406' title='bbox 1419 3433 1545 3473; x_wconf 90' lang='lat' dir='ltr'><strong>cum</strong></span> <span class='ocrx_word' id='word_1_407' title='bbox 1581 3419 1797 3492; x_wconf 71' lang='lat' dir='ltr'><strong>delectu</strong></span> <span class='ocrx_word' id='word_1_408' title='bbox 1838 3433 1971 3472; x_wconf 86' lang='lat' dir='ltr'><strong>usus</strong></span> <span class='ocrx_word' id='word_1_409' title='bbox 1991 3426 2100 3481; x_wconf 88' lang='lat' dir='ltr'><strong>est,</strong></span> <span class='ocrx_word' id='word_1_410' title='bbox 2125 3427 2322 3470; x_wconf 69' lang='lat' dir='ltr'><strong>caetera</strong></span> <span class='ocrx_word' id='word_1_411' title='bbox 2369 3432 2436 3470; x_wconf 81' lang='lat' dir='ltr'><strong>ex</strong></span> <span class='ocrx_word' id='word_1_412' title='bbox 2467 3416 2688 3485; x_wconf 80' lang='lat' dir='ltr'><strong>ingenio</strong></span> <span class='ocrx_word' id='word_1_413' title='bbox 2743 3414 3063 3470; x_wconf 77' lang='lat' dir='ltr'><strong>felicissime</strong></span> <span class='ocrx_word' id='word_1_414' title='bbox 3093 3417 3384 3470; x_wconf 84' lang='lat' dir='ltr'><strong>constituit</strong></span> <span class='ocrx_word' id='word_1_415' title='bbox 3421 3417 3474 3471; x_wconf 92' lang='lat' dir='ltr'><strong>in</strong></span> <span class='ocrx_word' id='word_1_416' title='bbox 3522 3416 3769 3472; x_wconf 78' lang='lat' dir='ltr'><strong>editione.</strong></span> 
     </span>
    </p>
   </div>
   <div class='ocr_carea' id='block_1_34' title="bbox 514 3519 3768 3594">
    <p class='ocr_par' dir='ltr' id='par_1_34' title="bbox 514 3519 3768 3594">
     <span class='ocr_line' id='line_1_34' title="bbox 514 3519 3768 3594; baseline -0.002 -12"><span class='ocrx_word' id='word_1_417' title='bbox 514 3529 808 3584; x_wconf 84' lang='lat' dir='ltr'><strong>l&#39;arisiensi</strong></span> <span class='ocrx_word' id='word_1_418' title='bbox 839 3527 967 3579; x_wconf 89' lang='lat' dir='ltr'><strong>anni</strong></span> <span class='ocrx_word' id='word_1_419' title='bbox 1006 3525 1162 3589; x_wconf 75' lang='grc'>1675,</span> <span class='ocrx_word' id='word_1_420' title='bbox 1210 3537 1427 3579; x_wconf 83' lang='lat' dir='ltr'><strong>recocta</strong></span> <span class='ocrx_word' id='word_1_421' title='bbox 1455 3523 1789 3594; x_wconf 79' lang='lat' dir='ltr'><strong>Moguntime</strong></span> <span class='ocrx_word' id='word_1_422' title='bbox 1820 3532 1916 3576; x_wconf 90' lang='lat' dir='ltr'><strong>aut</strong></span> <span class='ocrx_word' id='word_1_423' title='bbox 1954 3523 2139 3594; x_wconf 89' lang='lat' dir='ltr'><strong>potius</strong></span> <span class='ocrx_word' id='word_1_424' title='bbox 2169 3519 2518 3574; x_wconf 84' lang='lat' dir='ltr'><strong>Franeofurti</strong></span> <span class='ocrx_word' id='word_1_425' title='bbox 2550 3519 2706 3573; x_wconf 79' lang='grc'>1679.</span> <span class='ocrx_word' id='word_1_426' title='bbox 2741 3520 2870 3574; x_wconf 86' lang='lat' dir='ltr'><strong>Post</strong></span> <span class='ocrx_word' id='word_1_427' title='bbox 2896 3527 3127 3574; x_wconf 85' lang='lat' dir='ltr'><strong>mortem</strong></span> <span class='ocrx_word' id='word_1_428' title='bbox 3165 3519 3368 3576; x_wconf 82' lang='lat' dir='ltr'><strong>Valesii</strong></span> <span class='ocrx_word' id='word_1_429' title='bbox 3395 3536 3519 3576; x_wconf 91' lang='lat' dir='ltr'><strong>cum</strong></span> <span class='ocrx_word' id='word_1_430' title='bbox 3546 3528 3768 3592; x_wconf 82' lang='lat' dir='ltr'><strong>reperta</strong></span> 
     </span>
    </p>
   </div>
   <div class='ocr_carea' id='block_1_35' title="bbox 513 3625 3769 3698">
    <p class='ocr_par' dir='ltr' id='par_1_35' title="bbox 513 3625 3769 3698">
     <span class='ocr_line' id='line_1_35' title="bbox 513 3625 3769 3698; baseline -0.001 -14"><span class='ocrx_word' id='word_1_431' title='bbox 513 3639 700 3684; x_wconf 89' lang='lat' dir='ltr'><strong>essent</strong></span> <span class='ocrx_word' id='word_1_432' title='bbox 732 3631 784 3682; x_wconf 89' lang='lat' dir='ltr'><strong>in</strong></span> <span class='ocrx_word' id='word_1_433' title='bbox 824 3629 944 3698; x_wconf 85' lang='lat' dir='ltr'><strong>ejus</strong></span> <span class='ocrx_word' id='word_1_434' title='bbox 975 3627 1180 3680; x_wconf 78' lang='lat' dir='ltr'><strong>chartis</strong></span> <span class='ocrx_word' id='word_1_435' title='bbox 1207 3642 1328 3695; x_wconf 64' lang='lat' dir='ltr'><strong>quae</strong></span> <span class='ocrx_word' id='word_1_436' title='bbox 1359 3627 1425 3679; x_wconf 88' lang='lat' dir='ltr'><strong>ad</strong></span> <span class='ocrx_word' id='word_1_437' title='bbox 1458 3627 1580 3696; x_wconf 86' lang='lat' dir='ltr'><strong>ejus</strong></span> <span class='ocrx_word' id='word_1_438' title='bbox 1609 3635 1772 3682; x_wconf 90' lang='lat' dir='ltr'><strong>notas</strong></span> <span class='ocrx_word' id='word_1_439' title='bbox 1821 3628 1938 3681; x_wconf 86' lang='lat' dir='ltr'><strong>sive</strong></span> <span class='ocrx_word' id='word_1_440' title='bbox 1972 3625 2345 3680; x_wconf 89' lang='lat' dir='ltr'><strong>emendandas</strong></span> <span class='ocrx_word' id='word_1_441' title='bbox 2389 3627 2506 3681; x_wconf 88' lang='lat' dir='ltr'><strong>sive</strong></span> <span class='ocrx_word' id='word_1_442' title='bbox 2544 3627 2824 3696; x_wconf 73' lang='lat' dir='ltr'><strong>augendas</strong></span> <span class='ocrx_word' id='word_1_443' title='bbox 2875 3625 3138 3693; x_wconf 86' lang='lat' dir='ltr'><strong>facerent,</strong></span> <span class='ocrx_word' id='word_1_444' title='bbox 3183 3643 3245 3682; x_wconf 89' lang='lat' dir='ltr'><strong>ea</strong></span> <span class='ocrx_word' id='word_1_445' title='bbox 3278 3628 3462 3681; x_wconf 86' lang='lat' dir='ltr'><strong>addita</strong></span> <span class='ocrx_word' id='word_1_446' title='bbox 3513 3628 3769 3698; x_wconf 87' lang='lat' dir='ltr'><strong>superio-</strong></span> 
     </span>
    </p>
   </div>
   <div class='ocr_carea' id='block_1_36' title="bbox 516 3727 3771 3802">
    <p class='ocr_par' dir='ltr' id='par_1_36' title="bbox 516 3727 3771 3802">
     <span class='ocr_line' id='line_1_36' title="bbox 516 3727 3771 3802; baseline -0 -15"><span class='ocrx_word' id='word_1_447' title='bbox 516 3733 667 3788; x_wconf 87' lang='lat' dir='ltr'><strong>ribus</strong></span> <span class='ocrx_word' id='word_1_448' title='bbox 701 3732 922 3785; x_wconf 85' lang='lat' dir='ltr'><strong>fuerunt</strong></span> <span class='ocrx_word' id='word_1_449' title='bbox 949 3730 1004 3783; x_wconf 90' lang='lat' dir='ltr'><strong>in</strong></span> <span class='ocrx_word' id='word_1_450' title='bbox 1035 3730 1367 3799; x_wconf 87' lang='lat' dir='ltr'><strong>repetitione</strong></span> <span class='ocrx_word' id='word_1_451' title='bbox 1405 3729 1663 3784; x_wconf 90' lang='lat' dir='ltr'><strong>editionis</strong></span> <span class='ocrx_word' id='word_1_452' title='bbox 1701 3727 2004 3784; x_wconf 75' lang='lat' dir='ltr'><strong>Valesianze</strong></span> <span class='ocrx_word' id='word_1_453' title='bbox 2033 3727 2176 3782; x_wconf 88' lang='lat' dir='ltr'><strong>facta</strong></span> <span class='ocrx_word' id='word_1_454' title='bbox 2207 3744 2335 3783; x_wconf 89' lang='lat' dir='ltr'><strong>ann.</strong></span> <span class='ocrx_word' id='word_1_455' title='bbox 2371 3729 2533 3794; x_wconf 88' lang='grc'>1677,</span> <span class='ocrx_word' id='word_1_456' title='bbox 2558 3748 2722 3800; x_wconf 82' lang='lat' dir='ltr'><strong>quam</strong></span> <span class='ocrx_word' id='word_1_457' title='bbox 2757 3732 3008 3802; x_wconf 86' lang='lat' dir='ltr'><strong>sequitur</strong></span> <span class='ocrx_word' id='word_1_458' title='bbox 3033 3731 3203 3787; x_wconf 89' lang='lat' dir='ltr'><strong>editio</strong></span> <span class='ocrx_word' id='word_1_459' title='bbox 3233 3731 3771 3788; x_wconf 83' lang='lat' dir='ltr'><strong>Amstelodamensis</strong></span> 
     </span>
    </p>
   </div>
   <div class='ocr_carea' id='block_1_37' title="bbox 520 3833 3770 3908">
    <p class='ocr_par' dir='ltr' id='par_1_37' title="bbox 520 3833 3770 3908">
     <span class='ocr_line' id='line_1_37' title="bbox 520 3833 3770 3908; baseline 0.001 -22"><span class='ocrx_word' id='word_1_460' title='bbox 520 3851 614 3889; x_wconf 83' lang='lat' dir='ltr'><strong>seu</strong></span> <span class='ocrx_word' id='word_1_461' title='bbox 643 3833 1080 3887; x_wconf 87' lang='lat' dir='ltr'><strong>Francofurtana</strong></span> <span class='ocrx_word' id='word_1_462' title='bbox 1103 3847 1231 3887; x_wconf 90' lang='lat' dir='ltr'><strong>ann.</strong></span> <span class='ocrx_word' id='word_1_463' title='bbox 1268 3833 1423 3888; x_wconf 84' lang='grc'>1695.</span> <span class='ocrx_word' id='word_1_464' title='bbox 1457 3833 1590 3900; x_wconf 75' lang='lat' dir='ltr'><strong>Qua:</strong></span> <span class='ocrx_word' id='word_1_465' title='bbox 1614 3836 1718 3890; x_wconf 90' lang='lat' dir='ltr'><strong>etsi</strong></span> <span class='ocrx_word' id='word_1_466' title='bbox 1749 3850 2023 3904; x_wconf 88' lang='lat' dir='ltr'><strong>perpauca</strong></span> <span class='ocrx_word' id='word_1_467' title='bbox 2053 3845 2206 3902; x_wconf 86' lang='lat' dir='ltr'><strong>sunt,</strong></span> <span class='ocrx_word' id='word_1_468' title='bbox 2233 3846 2414 3892; x_wconf 90' lang='lat' dir='ltr'><strong>tamen</strong></span> <span class='ocrx_word' id='word_1_469' title='bbox 2447 3853 2548 3892; x_wconf 85' lang='lat' dir='ltr'><strong>nos</strong></span> <span class='ocrx_word' id='word_1_470' title='bbox 2583 3838 2878 3908; x_wconf 86' lang='lat' dir='ltr'><strong>plurimum</strong></span> <span class='ocrx_word' id='word_1_471' title='bbox 2913 3839 3243 3906; x_wconf 89' lang='lat' dir='ltr'><strong>adjuverunt</strong></span> <span class='ocrx_word' id='word_1_472' title='bbox 3270 3847 3494 3906; x_wconf 86' lang='lat' dir='ltr'><strong>propter</strong></span> <span class='ocrx_word' id='word_1_473' title='bbox 3531 3854 3596 3896; x_wconf 83' lang='lat' dir='ltr'><strong>ea</strong></span> <span class='ocrx_word' id='word_1_474' title='bbox 3621 3837 3770 3908; x_wconf 85' lang='lat' dir='ltr'><strong>quod</strong></span> 
     </span>
    </p>
   </div>
   <div class='ocr_carea' id='block_1_38' title="bbox 521 3937 3771 4015">
    <p class='ocr_par' dir='ltr' id='par_1_38' title="bbox 521 3937 3771 4015">
     <span class='ocr_line' id='line_1_38' title="bbox 521 3937 3771 4015; baseline 0.002 -23"><span class='ocrx_word' id='word_1_475' title='bbox 521 3941 784 3992; x_wconf 83' lang='lat' dir='ltr'><strong>lectiones</strong></span> <span class='ocrx_word' id='word_1_476' title='bbox 822 3937 1080 3992; x_wconf 79' lang='lat' dir='ltr'><strong>exhibent</strong></span> <span class='ocrx_word' id='word_1_477' title='bbox 1111 3953 1206 3994; x_wconf 86' lang='lat' dir='ltr'><strong>eas</strong></span> <span class='ocrx_word' id='word_1_478' title='bbox 1244 3954 1384 4009; x_wconf 86' lang='lat' dir='ltr'><strong>quas</strong></span> <span class='ocrx_word' id='word_1_479' title='bbox 1423 3937 1672 3994; x_wconf 83' lang='lat' dir='ltr'><strong>Valesius</strong></span> <span class='ocrx_word' id='word_1_480' title='bbox 1705 3956 1736 3994; x_wconf 92' lang='lat' dir='ltr'><strong>e</strong></span> <span class='ocrx_word' id='word_1_481' title='bbox 1775 3939 1967 3994; x_wconf 90' lang='lat' dir='ltr'><strong>codice</strong></span> <span class='ocrx_word' id='word_1_482' title='bbox 1995 3938 2155 3995; x_wconf 87' lang='lat' dir='ltr'><strong>Joan.</strong></span> <span class='ocrx_word' id='word_1_483' title='bbox 2191 3941 2312 3995; x_wconf 89' lang='lat' dir='ltr'><strong>Pini</strong></span> <span class='ocrx_word' id='word_1_484' title='bbox 2345 3943 2604 4005; x_wconf 73' lang='lat' dir='ltr'><strong>duxerat,</strong></span> <span class='ocrx_word' id='word_1_485' title='bbox 2635 3945 2729 4012; x_wconf 90' lang='lat' dir='ltr'><strong>qui</strong></span> <span class='ocrx_word' id='word_1_486' title='bbox 2785 3941 2949 3995; x_wconf 82' lang='lat' dir='ltr'><strong>hodie</strong></span> <span class='ocrx_word' id='word_1_487' title='bbox 2999 3953 3084 3997; x_wconf 89' lang='lat' dir='ltr'><strong>est</strong></span> <span class='ocrx_word' id='word_1_488' title='bbox 3136 3943 3190 3996; x_wconf 89' lang='lat' dir='ltr'><strong>in</strong></span> <span class='ocrx_word' id='word_1_489' title='bbox 3234 3942 3565 4000; x_wconf 86' lang='lat' dir='ltr'><strong>bibliotheca</strong></span> <span class='ocrx_word' id='word_1_490' title='bbox 3619 3943 3771 4015; x_wconf 79' lang='lat' dir='ltr'><strong>regia</strong></span> 
     </span>
    </p>
   </div>
   <div class='ocr_carea' id='block_1_39' title="bbox 521 4043 3772 4120">
    <p class='ocr_par' dir='ltr' id='par_1_39' title="bbox 521 4043 3772 4120">
     <span class='ocr_line' id='line_1_39' title="bbox 521 4043 3772 4120; baseline 0.001 -22"><span class='ocrx_word' id='word_1_491' title='bbox 521 4045 839 4100; x_wconf 80' lang='lat' dir='ltr'><strong>Parisiensi.</strong></span> <span class='ocrx_word' id='word_1_492' title='bbox 877 4043 1032 4100; x_wconf 85' lang='lat' dir='ltr'><strong>Hunc</strong></span> <span class='ocrx_word' id='word_1_493' title='bbox 1057 4060 1086 4098; x_wconf 91' lang='lat' dir='ltr'><strong>a</strong></span> <span class='ocrx_word' id='word_1_494' title='bbox 1119 4045 1398 4113; x_wconf 88' lang='lat' dir='ltr'><strong>Stephano</strong></span> <span class='ocrx_word' id='word_1_495' title='bbox 1422 4053 1586 4112; x_wconf 87' lang='lat' dir='ltr'><strong>atque</strong></span> <span class='ocrx_word' id='word_1_496' title='bbox 1615 4045 1914 4098; x_wconf 89' lang='lat' dir='ltr'><strong>Sirmondo</strong></span> <span class='ocrx_word' id='word_1_497' title='bbox 1936 4046 2052 4113; x_wconf 89' lang='lat' dir='ltr'><strong>jam</strong></span> <span class='ocrx_word' id='word_1_498' title='bbox 2088 4047 2374 4110; x_wconf 88' lang='lat' dir='ltr'><strong>collatum,</strong></span> <span class='ocrx_word' id='word_1_499' title='bbox 2399 4045 2586 4098; x_wconf 89' lang='lat' dir='ltr'><strong>nescio</strong></span> <span class='ocrx_word' id='word_1_500' title='bbox 2607 4061 2771 4114; x_wconf 89' lang='lat' dir='ltr'><strong>quam</strong></span> <span class='ocrx_word' id='word_1_501' title='bbox 2797 4060 2922 4099; x_wconf 89' lang='lat' dir='ltr'><strong>vere</strong></span> <span class='ocrx_word' id='word_1_502' title='bbox 2952 4046 3176 4114; x_wconf 85' lang='lat' dir='ltr'><strong>putabat</strong></span> <span class='ocrx_word' id='word_1_503' title='bbox 3209 4045 3453 4102; x_wconf 86' lang='lat' dir='ltr'><strong>Valesius</strong></span> <span class='ocrx_word' id='word_1_504' title='bbox 3479 4067 3493 4116; x_wconf 89' lang='lat'><strong>;</strong></span> <span class='ocrx_word' id='word_1_505' title='bbox 3527 4049 3675 4120; x_wconf 88' lang='lat' dir='ltr'><strong>quod</strong></span> <span class='ocrx_word' id='word_1_506' title='bbox 3723 4049 3772 4100; x_wconf 86' lang='lat' dir='ltr'><strong>si</strong></span> 
     </span>
    </p>
   </div>
   <div class='ocr_carea' id='block_1_40' title="bbox 519 4150 3774 4224">
    <p class='ocr_par' dir='ltr' id='par_1_40' title="bbox 519 4150 3774 4224">
     <span class='ocr_line' id='line_1_40' title="bbox 519 4150 3774 4224; baseline 0.001 -19"><span class='ocrx_word' id='word_1_507' title='bbox 519 4155 726 4206; x_wconf 81' lang='lat' dir='ltr'><strong>factum</strong></span> <span class='ocrx_word' id='word_1_508' title='bbox 757 4152 849 4214; x_wconf 85' lang='lat' dir='ltr'><strong>sit,</strong></span> <span class='ocrx_word' id='word_1_509' title='bbox 892 4158 1107 4220; x_wconf 74' lang='lat' dir='ltr'><strong>Oportet</strong></span> <span class='ocrx_word' id='word_1_510' title='bbox 1142 4151 1245 4202; x_wconf 90' lang='lat' dir='ltr'><strong>hoc</strong></span> <span class='ocrx_word' id='word_1_511' title='bbox 1278 4151 1558 4219; x_wconf 79' lang='lat' dir='ltr'><strong>negotium</strong></span> <span class='ocrx_word' id='word_1_512' title='bbox 1617 4150 1956 4219; x_wconf 80' lang='lat' dir='ltr'><strong>negligenter</strong></span> <span class='ocrx_word' id='word_1_513' title='bbox 1995 4150 2064 4204; x_wconf 90' lang='lat' dir='ltr'><strong>ab</strong></span> <span class='ocrx_word' id='word_1_514' title='bbox 2121 4160 2351 4222; x_wconf 85' lang='lat' dir='ltr'><strong>utroque</strong></span> <span class='ocrx_word' id='word_1_515' title='bbox 2405 4153 2849 4206; x_wconf 87' lang='lat' dir='ltr'><strong>administratum</strong></span> <span class='ocrx_word' id='word_1_516' title='bbox 2902 4168 3066 4218; x_wconf 88' lang='lat' dir='ltr'><strong>esse;</strong></span> <span class='ocrx_word' id='word_1_517' title='bbox 3101 4154 3405 4224; x_wconf 81' lang='lat' dir='ltr'><strong>singulares</strong></span> <span class='ocrx_word' id='word_1_518' title='bbox 3455 4159 3602 4211; x_wconf 89' lang='lat' dir='ltr'><strong>enim</strong></span> <span class='ocrx_word' id='word_1_519' title='bbox 3640 4162 3774 4210; x_wconf 83' lang='lat' dir='ltr'><strong>sunt</strong></span> 
     </span>
    </p>
   </div>
   <div class='ocr_carea' id='block_1_41' title="bbox 523 4252 3776 4332">
    <p class='ocr_par' dir='ltr' id='par_1_41' title="bbox 523 4252 3776 4332">
     <span class='ocr_line' id='line_1_41' title="bbox 523 4252 3776 4332; baseline 0.001 -24"><span class='ocrx_word' id='word_1_520' title='bbox 523 4257 641 4310; x_wconf 70' lang='lat' dir='ltr'><strong>istae</strong></span> <span class='ocrx_word' id='word_1_521' title='bbox 671 4255 933 4308; x_wconf 86' lang='lat' dir='ltr'><strong>lectiones</strong></span> <span class='ocrx_word' id='word_1_522' title='bbox 961 4252 1224 4312; x_wconf 74' lang='lat' dir='ltr'><strong>Pinianae,</strong></span> <span class='ocrx_word' id='word_1_523' title='bbox 1280 4269 1512 4321; x_wconf 86' lang='lat' dir='ltr'><strong>quarum</strong></span> <span class='ocrx_word' id='word_1_524' title='bbox 1563 4268 1737 4322; x_wconf 87' lang='lat' dir='ltr'><strong>pauca</strong></span> <span class='ocrx_word' id='word_1_525' title='bbox 1785 4254 2082 4309; x_wconf 87' lang='lat' dir='ltr'><strong>admodum</strong></span> <span class='ocrx_word' id='word_1_526' title='bbox 2135 4258 2188 4311; x_wconf 90' lang='lat' dir='ltr'><strong>in</strong></span> <span class='ocrx_word' id='word_1_527' title='bbox 2225 4258 2615 4332; x_wconf 62' lang='lat' dir='ltr'><strong>Sirmondiana</strong></span> <span class='ocrx_word' id='word_1_528' title='bbox 2647 4259 2911 4325; x_wconf 88' lang='lat' dir='ltr'><strong>editione,</strong></span> <span class='ocrx_word' id='word_1_529' title='bbox 2949 4259 3099 4312; x_wconf 87' lang='lat' dir='ltr'><strong>nulla</strong></span> <span class='ocrx_word' id='word_1_530' title='bbox 3145 4259 3259 4314; x_wconf 86' lang='lat' dir='ltr'><strong>fere</strong></span> <span class='ocrx_word' id='word_1_531' title='bbox 3290 4261 3343 4314; x_wconf 91' lang='lat' dir='ltr'><strong>in</strong></span> <span class='ocrx_word' id='word_1_532' title='bbox 3393 4260 3776 4332; x_wconf 73' lang='lat' dir='ltr'><strong>Stephaniana</strong></span> 
     </span>
    </p>
   </div>
   <div class='ocr_carea' id='block_1_42' title="bbox 532 4323 3776 4429">
    <p class='ocr_par' dir='ltr' id='par_1_42' title="bbox 532 4323 3776 4429">
     <span class='ocr_line' id='line_1_42' title="bbox 532 4323 3776 4429; baseline -0 -15"><span class='ocrx_word' id='word_1_533' title='bbox 532 4361 810 4414; x_wconf 88' lang='lat' dir='ltr'><strong>variarum</strong></span> <span class='ocrx_word' id='word_1_534' title='bbox 844 4357 1142 4412; x_wconf 89' lang='lat' dir='ltr'><strong>lectionum</strong></span> <span class='ocrx_word' id='word_1_535' title='bbox 1165 4357 1368 4419; x_wconf 87' lang='lat' dir='ltr'><strong>libello,</strong></span> <span class='ocrx_word' id='word_1_536' title='bbox 1393 4358 1622 4427; x_wconf 82' lang='lat' dir='ltr'><strong>vestigia</strong></span> <span class='ocrx_word' id='word_1_537' title='bbox 1650 4323 2346 4429; x_wconf 48' lang='lat' dir='ltr'><strong>deprehendi.Quanquam</strong></span> <span class='ocrx_word' id='word_1_538' title='bbox 2375 4360 2600 4413; x_wconf 89' lang='lat' dir='ltr'><strong>omnino</strong></span> <span class='ocrx_word' id='word_1_539' title='bbox 2627 4358 2786 4414; x_wconf 90' lang='lat' dir='ltr'><strong>doleo</strong></span> <span class='ocrx_word' id='word_1_540' title='bbox 2821 4374 2928 4414; x_wconf 89' lang='lat' dir='ltr'><strong>non</strong></span> <span class='ocrx_word' id='word_1_541' title='bbox 2961 4361 3272 4416; x_wconf 87' lang='lat' dir='ltr'><strong>universam</strong></span> <span class='ocrx_word' id='word_1_542' title='bbox 3304 4363 3557 4418; x_wconf 86' lang='lat' dir='ltr'><strong>lectionis</strong></span> <span class='ocrx_word' id='word_1_543' title='bbox 3594 4359 3776 4414; x_wconf 77' lang='lat' dir='ltr'><strong>varie-</strong></span> 
     </span>
    </p>
   </div>
   <div class='ocr_carea' id='block_1_43' title="bbox 524 4463 3780 4534">
    <p class='ocr_par' dir='ltr' id='par_1_43' title="bbox 524 4463 3780 4534">
     <span class='ocr_line' id='line_1_43' title="bbox 524 4463 3780 4534; baseline -0.002 -15"><span class='ocrx_word' id='word_1_544' title='bbox 524 4475 690 4520; x_wconf 88' lang='lat' dir='ltr'><strong>tatem</strong></span> <span class='ocrx_word' id='word_1_545' title='bbox 722 4481 785 4520; x_wconf 82' lang='lat' dir='ltr'><strong>ex</strong></span> <span class='ocrx_word' id='word_1_546' title='bbox 814 4465 915 4518; x_wconf 91' lang='lat' dir='ltr'><strong>hoc</strong></span> <span class='ocrx_word' id='word_1_547' title='bbox 941 4464 1173 4533; x_wconf 80' lang='lat' dir='ltr'><strong>aliisque</strong></span> <span class='ocrx_word' id='word_1_548' title='bbox 1197 4463 1353 4517; x_wconf 83' lang='lat' dir='ltr'><strong>libris</strong></span> <span class='ocrx_word' id='word_1_549' title='bbox 1389 4463 1473 4517; x_wconf 87' lang='lat' dir='ltr'><strong>vel</strong></span> <span class='ocrx_word' id='word_1_550' title='bbox 1506 4479 1534 4517; x_wconf 93' lang='lat' dir='ltr'><strong>a</strong></span> <span class='ocrx_word' id='word_1_551' title='bbox 1567 4463 1782 4518; x_wconf 76' lang='lat' dir='ltr'><strong>Valesio</strong></span> <span class='ocrx_word' id='word_1_552' title='bbox 1824 4465 1906 4518; x_wconf 90' lang='lat' dir='ltr'><strong>vel</strong></span> <span class='ocrx_word' id='word_1_553' title='bbox 1947 4480 1978 4518; x_wconf 88' lang='lat' dir='ltr'><strong>a</strong></span> <span class='ocrx_word' id='word_1_554' title='bbox 2005 4465 2215 4519; x_wconf 78' lang='lat' dir='ltr'><strong>caeteris</strong></span> <span class='ocrx_word' id='word_1_555' title='bbox 2282 4465 2564 4534; x_wconf 84' lang='lat' dir='ltr'><strong>repetitam</strong></span> <span class='ocrx_word' id='word_1_556' title='bbox 2597 4479 2761 4530; x_wconf 88' lang='lat' dir='ltr'><strong>esse;</strong></span> <span class='ocrx_word' id='word_1_557' title='bbox 2797 4466 2888 4520; x_wconf 88' lang='lat' dir='ltr'><strong>sed</strong></span> <span class='ocrx_word' id='word_1_558' title='bbox 2956 4465 3057 4519; x_wconf 89' lang='lat' dir='ltr'><strong>hoc</strong></span> <span class='ocrx_word' id='word_1_559' title='bbox 3121 4481 3412 4521; x_wconf 81' lang='lat' dir='ltr'><strong>comniune</strong></span> <span class='ocrx_word' id='word_1_560' title='bbox 3463 4467 3656 4521; x_wconf 83' lang='lat' dir='ltr'><strong>vitium</strong></span> <span class='ocrx_word' id='word_1_561' title='bbox 3694 4471 3780 4513; x_wconf 83' lang='lat' dir='ltr'><strong>est</strong></span> 
     </span>
    </p>
   </div>
   <div class='ocr_carea' id='block_1_44' title="bbox 525 4567 3780 4640">
    <p class='ocr_par' dir='ltr' id='par_1_44' title="bbox 525 4567 3780 4640">
     <span class='ocr_line' id='line_1_44' title="bbox 525 4567 3780 4640; baseline -0.002 -15"><span class='ocrx_word' id='word_1_562' title='bbox 525 4570 870 4640; x_wconf 90' lang='lat' dir='ltr'><strong>superiorum</strong></span> <span class='ocrx_word' id='word_1_563' title='bbox 909 4577 1239 4640; x_wconf 88' lang='lat' dir='ltr'><strong>temporum,</strong></span> <span class='ocrx_word' id='word_1_564' title='bbox 1266 4569 1332 4622; x_wconf 89' lang='lat' dir='ltr'><strong>de</strong></span> <span class='ocrx_word' id='word_1_565' title='bbox 1364 4582 1473 4636; x_wconf 87' lang='lat' dir='ltr'><strong>quo</strong></span> <span class='ocrx_word' id='word_1_566' title='bbox 1519 4569 1644 4621; x_wconf 91' lang='lat' dir='ltr'><strong>nolo</strong></span> <span class='ocrx_word' id='word_1_567' title='bbox 1670 4567 1852 4637; x_wconf 85' lang='lat' dir='ltr'><strong>justas</strong></span> <span class='ocrx_word' id='word_1_568' title='bbox 1885 4585 2202 4640; x_wconf 79' lang='lat' dir='ltr'><strong>magnorum</strong></span> <span class='ocrx_word' id='word_1_569' title='bbox 2232 4569 2475 4622; x_wconf 87' lang='lat' dir='ltr'><strong>virorum</strong></span> <span class='ocrx_word' id='word_1_570' title='bbox 2507 4571 2758 4639; x_wconf 86' lang='lat' dir='ltr'><strong>querelas</strong></span> <span class='ocrx_word' id='word_1_571' title='bbox 2802 4580 3070 4639; x_wconf 79' lang='lat' dir='ltr'><strong>repetere,</strong></span> <span class='ocrx_word' id='word_1_572' title='bbox 3107 4573 3246 4625; x_wconf 86' lang='lat' dir='ltr'><strong>satis</strong></span> <span class='ocrx_word' id='word_1_573' title='bbox 3287 4579 3371 4625; x_wconf 84' lang='lat' dir='ltr'><strong>est</strong></span> <span class='ocrx_word' id='word_1_574' title='bbox 3415 4567 3780 4623; x_wconf 57' lang='lat' dir='ltr'><strong>admonuisse</strong></span> 
     </span>
    </p>
   </div>
   <div class='ocr_carea' id='block_1_45' title="bbox 526 4661 3780 4749">
    <p class='ocr_par' dir='ltr' id='par_1_45' title="bbox 526 4661 3780 4749">
     <span class='ocr_line' id='line_1_45' title="bbox 526 4661 3780 4749; baseline 0.001 -21"><span class='ocrx_word' id='word_1_575' title='bbox 526 4677 783 4737; x_wconf 89' lang='lat' dir='ltr'><strong>lectores,</strong></span> <span class='ocrx_word' id='word_1_576' title='bbox 824 4690 912 4741; x_wconf 89' lang='lat' dir='ltr'><strong>ne,</strong></span> <span class='ocrx_word' id='word_1_577' title='bbox 954 4673 1047 4727; x_wconf 90' lang='lat' dir='ltr'><strong>ubi</strong></span> <span class='ocrx_word' id='word_1_578' title='bbox 1080 4687 1287 4742; x_wconf 88' lang='lat' dir='ltr'><strong>paucos</strong></span> <span class='ocrx_word' id='word_1_579' title='bbox 1321 4671 1557 4726; x_wconf 83' lang='lat' dir='ltr'><strong>viderint</strong></span> <span class='ocrx_word' id='word_1_580' title='bbox 1593 4673 1754 4726; x_wconf 90' lang='lat' dir='ltr'><strong>nobis</strong></span> <span class='ocrx_word' id='word_1_581' title='bbox 1784 4687 2241 4730; x_wconf 85' lang='lat' dir='ltr'><strong>commemoratos</strong></span> <span class='ocrx_word' id='word_1_582' title='bbox 2291 4676 2512 4732; x_wconf 85' lang='lat' dir='ltr'><strong>codices</strong></span> <span class='ocrx_word' id='word_1_583' title='bbox 2554 4679 2792 4747; x_wconf 87' lang='lat' dir='ltr'><strong>aliquam</strong></span> <span class='ocrx_word' id='word_1_584' title='bbox 2831 4694 2940 4749; x_wconf 68' lang='lat' dir='ltr'><strong>prae</strong></span> <span class='ocrx_word' id='word_1_585' title='bbox 2981 4695 3042 4734; x_wconf 87' lang='lat' dir='ltr'><strong>se</strong></span> <span class='ocrx_word' id='word_1_586' title='bbox 3092 4679 3234 4734; x_wconf 88' lang='lat' dir='ltr'><strong>ferre</strong></span> <span class='ocrx_word' id='word_1_587' title='bbox 3283 4661 3600 4742; x_wconf 76' lang='lat' dir='ltr'><strong>lectionem,</strong></span> <span class='ocrx_word' id='word_1_588' title='bbox 3657 4683 3780 4728; x_wconf 70' lang='lat' dir='ltr'><strong>cal&quot;</strong></span> 
     </span>
    </p>
   </div>
   <div class='ocr_carea' id='block_1_46' title="bbox 526 4779 2682 4849">
    <p class='ocr_par' dir='ltr' id='par_1_46' title="bbox 526 4779 2682 4849">
     <span class='ocr_line' id='line_1_46' title="bbox 526 4779 2682 4849; baseline 0.002 -15"><span class='ocrx_word' id='word_1_589' title='bbox 526 4781 708 4834; x_wconf 89' lang='lat' dir='ltr'><strong>statim</strong></span> <span class='ocrx_word' id='word_1_590' title='bbox 743 4795 1041 4849; x_wconf 88' lang='lat' dir='ltr'><strong>paucorum</strong></span> <span class='ocrx_word' id='word_1_591' title='bbox 1080 4787 1291 4848; x_wconf 90' lang='lat' dir='ltr'><strong>putent,</strong></span> <span class='ocrx_word' id='word_1_592' title='bbox 1324 4779 1419 4848; x_wconf 92' lang='lat' dir='ltr'><strong>qui</strong></span> <span class='ocrx_word' id='word_1_593' title='bbox 1455 4793 1612 4832; x_wconf 88' lang='lat' dir='ltr'><strong>error</strong></span> <span class='ocrx_word' id='word_1_594' title='bbox 1647 4779 1855 4842; x_wconf 88' lang='lat' dir='ltr'><strong>multis,</strong></span> <span class='ocrx_word' id='word_1_595' title='bbox 1888 4781 2052 4834; x_wconf 89' lang='lat' dir='ltr'><strong>etiam</strong></span> <span class='ocrx_word' id='word_1_596' title='bbox 2079 4781 2258 4835; x_wconf 89' lang='lat' dir='ltr'><strong>doctis</strong></span> <span class='ocrx_word' id='word_1_597' title='bbox 2289 4782 2446 4845; x_wconf 85' lang='lat' dir='ltr'><strong>viris,</strong></span> <span class='ocrx_word' id='word_1_598' title='bbox 2483 4782 2682 4838; x_wconf 86' lang='lat' dir='ltr'><strong>obfuit.</strong></span> 
     </span>
    </p>
   </div>
   <div class='ocr_carea' id='block_1_47' title="bbox 606 4888 3777 4966">
    <p class='ocr_par' dir='ltr' id='par_1_47' title="bbox 606 4888 3777 4966">
     <span class='ocr_line' id='line_1_47' title="bbox 606 4888 3777 4966; baseline 0.001 -20"><span class='ocrx_word' id='word_1_599' title='bbox 606 4889 951 4946; x_wconf 32' lang='lat' dir='ltr'><strong>Omnis‘lncc</strong></span> <span class='ocrx_word' id='word_1_600' title='bbox 983 4889 1154 4946; x_wconf 90' lang='lat' dir='ltr'><strong>editio</strong></span> <span class='ocrx_word' id='word_1_601' title='bbox 1191 4899 1436 4943; x_wconf 87' lang='lat' dir='ltr'><strong>veterum</strong></span> <span class='ocrx_word' id='word_1_602' title='bbox 1467 4889 1865 4944; x_wconf 89' lang='lat' dir='ltr'><strong>historicorum</strong></span> <span class='ocrx_word' id='word_1_603' title='bbox 1901 4888 2107 4945; x_wconf 85' lang='lat' dir='ltr'><strong>Valesii</strong></span> <span class='ocrx_word' id='word_1_604' title='bbox 2157 4894 2572 4964; x_wconf 81' lang='lat' dir='ltr'><strong>elegantissime</strong></span> <span class='ocrx_word' id='word_1_605' title='bbox 2613 4898 2846 4966; x_wconf 87' lang='lat' dir='ltr'><strong>repetita</strong></span> <span class='ocrx_word' id='word_1_606' title='bbox 2884 4895 2987 4950; x_wconf 93' lang='lat' dir='ltr'><strong>fuit</strong></span> <span class='ocrx_word' id='word_1_607' title='bbox 3021 4912 3051 4949; x_wconf 91' lang='lat' dir='ltr'><strong>a</strong></span> <span class='ocrx_word' id='word_1_608' title='bbox 3085 4897 3386 4951; x_wconf 81' lang='lat' dir='ltr'><strong>Guiliclmo</strong></span> <span class='ocrx_word' id='word_1_609' title='bbox 3425 4890 3738 4959; x_wconf 78' lang='lat' dir='ltr'><strong>Readingio</strong></span> <span class='ocrx_word' id='word_1_610' title='bbox 3761 4924 3777 4948; x_wconf 74' lang='grc' dir='ltr'><strong>ν</strong></span> 
     </span>
    </p>
   </div>
   <div class='ocr_carea' id='block_1_48' title="bbox 535 4994 3783 5072">
    <p class='ocr_par' dir='ltr' id='par_1_48' title="bbox 535 4994 3783 5072">
     <span class='ocr_line' id='line_1_48' title="bbox 535 4994 3783 5072; baseline 0 -22"><span class='ocrx_word' id='word_1_611' title='bbox 535 4999 834 5063; x_wconf 77' lang='lat' dir='ltr'><strong>Britanno,</strong></span> <span class='ocrx_word' id='word_1_612' title='bbox 868 4995 1243 5064; x_wconf 69' lang='lat' dir='ltr'><strong>Cantabrigize</strong></span> <span class='ocrx_word' id='word_1_613' title='bbox 1276 4994 1416 5048; x_wconf 69' lang='lat'><strong>1720</strong></span> <span class='ocrx_word' id='word_1_614' title='bbox 1472 4995 1650 5049; x_wconf 85' lang='lat' dir='ltr'><strong>tribus</strong></span> <span class='ocrx_word' id='word_1_615' title='bbox 1702 4996 1868 5048; x_wconf 70' lang='lat' dir='ltr'><strong>toinis</strong></span> <span class='ocrx_word' id='word_1_616' title='bbox 1921 4997 2142 5050; x_wconf 82' lang='lat' dir='ltr'><strong>maximi</strong></span> <span class='ocrx_word' id='word_1_617' title='bbox 2177 5000 2422 5067; x_wconf 89' lang='lat' dir='ltr'><strong>moduli,</strong></span> <span class='ocrx_word' id='word_1_618' title='bbox 2467 5010 2708 5055; x_wconf 88' lang='lat' dir='ltr'><strong>attamen</strong></span> <span class='ocrx_word' id='word_1_619' title='bbox 2751 5018 2876 5056; x_wconf 92' lang='lat' dir='ltr'><strong>cum</strong></span> <span class='ocrx_word' id='word_1_620' title='bbox 2915 5003 3100 5072; x_wconf 90' lang='lat' dir='ltr'><strong>aliqua</strong></span> <span class='ocrx_word' id='word_1_621' title='bbox 3143 5019 3283 5057; x_wconf 85' lang='lat' dir='ltr'><strong>nova</strong></span> <span class='ocrx_word' id='word_1_622' title='bbox 3319 5003 3466 5058; x_wconf 91' lang='lat' dir='ltr'><strong>dote.</strong></span> <span class='ocrx_word' id='word_1_623' title='bbox 3508 4999 3631 5054; x_wconf 82' lang='lat' dir='ltr'><strong>Non</strong></span> <span class='ocrx_word' id='word_1_624' title='bbox 3667 5006 3783 5063; x_wconf 81' lang='lat' dir='ltr'><strong>quo</strong></span> 
     </span>
    </p>
   </div>
   <div class='ocr_carea' id='block_1_49' title="bbox 533 5098 3784 5178">
    <p class='ocr_par' dir='ltr' id='par_1_49' title="bbox 533 5098 3784 5178">
     <span class='ocr_line' id='line_1_49' title="bbox 533 5098 3784 5178; baseline 0 -23"><span class='ocrx_word' id='word_1_625' title='bbox 533 5119 632 5173; x_wconf 65' lang='lat' dir='ltr'><strong>ego</strong></span> <span class='ocrx_word' id='word_1_626' title='bbox 673 5101 854 5171; x_wconf 82' lang='lat' dir='ltr'><strong>magni</strong></span> <span class='ocrx_word' id='word_1_627' title='bbox 896 5100 1098 5154; x_wconf 85' lang='lat' dir='ltr'><strong>faciam</strong></span> <span class='ocrx_word' id='word_1_628' title='bbox 1140 5098 1424 5152; x_wconf 89' lang='lat' dir='ltr'><strong>variorum</strong></span> <span class='ocrx_word' id='word_1_629' title='bbox 1470 5108 1632 5152; x_wconf 87' lang='lat' dir='ltr'><strong>notas</strong></span> <span class='ocrx_word' id='word_1_630' title='bbox 1675 5115 1798 5168; x_wconf 70' lang='lat' dir='ltr'><strong>qua:</strong></span> <span class='ocrx_word' id='word_1_631' title='bbox 1839 5101 1912 5154; x_wconf 91' lang='lat' dir='ltr'><strong>ibi</strong></span> <span class='ocrx_word' id='word_1_632' title='bbox 1955 5098 2019 5153; x_wconf 89' lang='lat' dir='ltr'><strong>ad</strong></span> <span class='ocrx_word' id='word_1_633' title='bbox 2078 5098 2401 5159; x_wconf 86' lang='lat' dir='ltr'><strong>Valcsianas</strong></span> <span class='ocrx_word' id='word_1_634' title='bbox 2443 5121 2767 5171; x_wconf 87' lang='lat' dir='ltr'><strong>accessere,</strong></span> <span class='ocrx_word' id='word_1_635' title='bbox 2809 5106 2960 5160; x_wconf 83' lang='lat' dir='ltr'><strong>leves</strong></span> <span class='ocrx_word' id='word_1_636' title='bbox 3000 5106 3146 5160; x_wconf 91' lang='lat' dir='ltr'><strong>enim</strong></span> <span class='ocrx_word' id='word_1_637' title='bbox 3191 5115 3322 5162; x_wconf 88' lang='lat' dir='ltr'><strong>sunt</strong></span> <span class='ocrx_word' id='word_1_638' title='bbox 3361 5108 3640 5178; x_wconf 68' lang='lat' dir='ltr'><strong>pleraeque</strong></span> <span class='ocrx_word' id='word_1_639' title='bbox 3677 5108 3784 5150; x_wconf 75' lang='lat' dir='ltr'><strong>nec</strong></span> 
     </span>
    </p>
   </div>
   <div class='ocr_carea' id='block_1_50' title="bbox 541 5204 3782 5281">
    <p class='ocr_par' dir='ltr' id='par_1_50' title="bbox 541 5204 3782 5281">
     <span class='ocr_line' id='line_1_50' title="bbox 541 5204 3782 5281; baseline -0.003 -18"><span class='ocrx_word' id='word_1_640' title='bbox 541 5220 664 5263; x_wconf 90' lang='lat' dir='ltr'><strong>cum</strong></span> <span class='ocrx_word' id='word_1_641' title='bbox 699 5206 1117 5261; x_wconf 82' lang='lat' dir='ltr'><strong>Valesianarum</strong></span> <span class='ocrx_word' id='word_1_642' title='bbox 1147 5204 1598 5258; x_wconf 84' lang='lat' dir='ltr'><strong>Observationum</strong></span> <span class='ocrx_word' id='word_1_643' title='bbox 1637 5204 1904 5271; x_wconf 78' lang='lat' dir='ltr'><strong>dignitate</strong></span> <span class='ocrx_word' id='word_1_644' title='bbox 1936 5209 2356 5275; x_wconf 63' lang='lat' dir='ltr'><strong>comparandae;</strong></span> <span class='ocrx_word' id='word_1_645' title='bbox 2389 5209 2482 5263; x_wconf 88' lang='lat' dir='ltr'><strong>sed</strong></span> <span class='ocrx_word' id='word_1_646' title='bbox 2521 5219 2578 5264; x_wconf 91' lang='lat' dir='ltr'><strong>ut</strong></span> <span class='ocrx_word' id='word_1_647' title='bbox 2607 5211 2953 5265; x_wconf 85' lang='lat' dir='ltr'><strong>commodior</strong></span> <span class='ocrx_word' id='word_1_648' title='bbox 2983 5211 3097 5265; x_wconf 72' lang='lat' dir='ltr'><strong>lucc</strong></span> <span class='ocrx_word' id='word_1_649' title='bbox 3133 5221 3219 5265; x_wconf 90' lang='lat' dir='ltr'><strong>est</strong></span> <span class='ocrx_word' id='word_1_650' title='bbox 3254 5213 3425 5266; x_wconf 77' lang='lat' dir='ltr'><strong>editio</strong></span> <span class='ocrx_word' id='word_1_651' title='bbox 3458 5214 3688 5281; x_wconf 88' lang='lat' dir='ltr'><strong>propter</strong></span> <span class='ocrx_word' id='word_1_652' title='bbox 3717 5214 3782 5254; x_wconf 80' lang='lat' dir='ltr'><strong>ea</strong></span> 
     </span>
    </p>
   </div>
   <div class='ocr_carea' id='block_1_51' title="bbox 535 5306 3782 5389">
    <p class='ocr_par' dir='ltr' id='par_1_51' title="bbox 535 5306 3782 5389">
     <span class='ocr_line' id='line_1_51' title="bbox 535 5306 3782 5389; baseline -0 -23"><span class='ocrx_word' id='word_1_653' title='bbox 535 5313 680 5381; x_wconf 86' lang='lat' dir='ltr'><strong>quod</strong></span> <span class='ocrx_word' id='word_1_654' title='bbox 713 5322 856 5364; x_wconf 72' lang='lat' dir='ltr'><strong>nota:</strong></span> <span class='ocrx_word' id='word_1_655' title='bbox 889 5309 1098 5363; x_wconf 84' lang='lat' dir='ltr'><strong>fuerint</strong></span> <span class='ocrx_word' id='word_1_656' title='bbox 1133 5308 1397 5377; x_wconf 72' lang='lat' dir='ltr'><strong>subjectae</strong></span> <span class='ocrx_word' id='word_1_657' title='bbox 1429 5307 1645 5373; x_wconf 78' lang='lat' dir='ltr'><strong>textui,</strong></span> <span class='ocrx_word' id='word_1_658' title='bbox 1679 5307 1761 5362; x_wconf 93' lang='lat' dir='ltr'><strong>sic</strong></span> <span class='ocrx_word' id='word_1_659' title='bbox 1797 5307 1868 5361; x_wconf 90' lang='lat' dir='ltr'><strong>ad</strong></span> <span class='ocrx_word' id='word_1_660' title='bbox 1900 5306 2230 5367; x_wconf 86' lang='lat' dir='ltr'><strong>Theodoreti</strong></span> <span class='ocrx_word' id='word_1_661' title='bbox 2268 5313 2570 5369; x_wconf 82' lang='lat' dir='ltr'><strong>Historiam</strong></span> <span class='ocrx_word' id='word_1_662' title='bbox 2595 5357 2610 5382; x_wconf 90' lang='lat'><strong>,</strong></span> <span class='ocrx_word' id='word_1_663' title='bbox 2640 5331 2694 5385; x_wconf 88' lang='lat' dir='ltr'><strong>p.</strong></span> <span class='ocrx_word' id='word_1_664' title='bbox 2732 5316 2870 5382; x_wconf 66' lang='lat'><strong>6&#39;25,</strong></span> <span class='ocrx_word' id='word_1_665' title='bbox 2915 5318 3117 5387; x_wconf 89' lang='lat' dir='ltr'><strong>adjecit</strong></span> <span class='ocrx_word' id='word_1_666' title='bbox 3155 5317 3498 5389; x_wconf 84' lang='lat' dir='ltr'><strong>Readingius</strong></span> <span class='ocrx_word' id='word_1_667' title='bbox 3535 5312 3782 5370; x_wconf 82' lang='lat' dir='ltr'><strong>tabulam</strong></span> 
     </span>
    </p>
   </div>
   <div class='ocr_carea' id='block_1_52' title="bbox 535 5413 3779 5497">
    <p class='ocr_par' dir='ltr' id='par_1_52' title="bbox 535 5413 3779 5497">
     <span class='ocr_line' id='line_1_52' title="bbox 535 5413 3779 5497; baseline 0 -23"><span class='ocrx_word' id='word_1_668' title='bbox 535 5419 813 5474; x_wconf 85' lang='lat' dir='ltr'><strong>variarum</strong></span> <span class='ocrx_word' id='word_1_669' title='bbox 851 5416 1150 5471; x_wconf 88' lang='lat' dir='ltr'><strong>lectionum</strong></span> <span class='ocrx_word' id='word_1_670' title='bbox 1189 5431 1220 5470; x_wconf 91' lang='lat' dir='ltr'><strong>e</strong></span> <span class='ocrx_word' id='word_1_671' title='bbox 1257 5414 1471 5480; x_wconf 89' lang='lat' dir='ltr'><strong>codice,</strong></span> <span class='ocrx_word' id='word_1_672' title='bbox 1514 5414 1608 5484; x_wconf 91' lang='lat' dir='ltr'><strong>qui</strong></span> <span class='ocrx_word' id='word_1_673' title='bbox 1645 5415 1923 5485; x_wconf 88' lang='lat' dir='ltr'><strong>quondam</strong></span> <span class='ocrx_word' id='word_1_674' title='bbox 1965 5413 2154 5471; x_wconf 83' lang='lat' dir='ltr'><strong>Merici</strong></span> <span class='ocrx_word' id='word_1_675' title='bbox 2192 5419 2538 5485; x_wconf 77' lang='lat' dir='ltr'><strong>Casauboni,</strong></span> <span class='ocrx_word' id='word_1_676' title='bbox 2584 5430 2710 5490; x_wconf 92' lang='lat' dir='ltr'><strong>post</strong></span> <span class='ocrx_word' id='word_1_677' title='bbox 2747 5419 2979 5497; x_wconf 81' lang='lat' dir='ltr'><strong>Joannis</strong></span> <span class='ocrx_word' id='word_1_678' title='bbox 3016 5419 3227 5477; x_wconf 85' lang='lat' dir='ltr'><strong>Jonesii</strong></span> <span class='ocrx_word' id='word_1_679' title='bbox 3266 5422 3393 5478; x_wconf 92' lang='lat' dir='ltr'><strong>fuit.</strong></span> <span class='ocrx_word' id='word_1_680' title='bbox 3448 5422 3779 5486; x_wconf 66' lang='lat' dir='ltr'><strong>Quanquam</strong></span> 
     </span>
    </p>
   </div>
   <div class='ocr_carea' id='block_1_53' title="bbox 542 5519 3786 5597">
    <p class='ocr_par' dir='ltr' id='par_1_53' title="bbox 542 5519 3786 5597">
     <span class='ocr_line' id='line_1_53' title="bbox 542 5519 3786 5597; baseline -0.002 -18"><span class='ocrx_word' id='word_1_681' title='bbox 542 5540 729 5596; x_wconf 79' lang='lat' dir='ltr'><strong>paucae</strong></span> <span class='ocrx_word' id='word_1_682' title='bbox 761 5531 892 5580; x_wconf 87' lang='lat' dir='ltr'><strong>sunt</strong></span> <span class='ocrx_word' id='word_1_683' title='bbox 923 5524 1213 5578; x_wconf 89' lang='lat' dir='ltr'><strong>admodum</strong></span> <span class='ocrx_word' id='word_1_684' title='bbox 1248 5522 1622 5592; x_wconf 90' lang='lat' dir='ltr'><strong>omninoque,</strong></span> <span class='ocrx_word' id='word_1_685' title='bbox 1673 5530 1732 5575; x_wconf 94' lang='lat' dir='ltr'><strong>ut</strong></span> <span class='ocrx_word' id='word_1_686' title='bbox 1762 5521 1912 5588; x_wconf 88' lang='lat' dir='ltr'><strong>vidi,</strong></span> <span class='ocrx_word' id='word_1_687' title='bbox 1951 5523 2360 5580; x_wconf 88' lang='lat' dir='ltr'><strong>consentientes</strong></span> <span class='ocrx_word' id='word_1_688' title='bbox 2409 5542 2534 5580; x_wconf 90' lang='lat' dir='ltr'><strong>cum</strong></span> <span class='ocrx_word' id='word_1_689' title='bbox 2565 5527 2635 5581; x_wconf 91' lang='lat' dir='ltr'><strong>iis</strong></span> <span class='ocrx_word' id='word_1_690' title='bbox 2668 5543 2790 5596; x_wconf 67' lang='lat' dir='ltr'><strong>qua:</strong></span> <span class='ocrx_word' id='word_1_691' title='bbox 2838 5527 3350 5597; x_wconf 84' lang='lat' dir='ltr'><strong>Christophorsono</strong></span> <span class='ocrx_word' id='word_1_692' title='bbox 3399 5536 3454 5582; x_wconf 89' lang='lat' dir='ltr'><strong>et</strong></span> <span class='ocrx_word' id='word_1_693' title='bbox 3498 5519 3786 5585; x_wconf 74' lang='lat' dir='ltr'><strong>Scaliger0</strong></span> 
     </span>
    </p>
   </div>
   <div class='ocr_carea' id='block_1_54' title="bbox 541 5625 3783 5702">
    <p class='ocr_par' dir='ltr' id='par_1_54' title="bbox 541 5625 3783 5702">
     <span class='ocr_line' id='line_1_54' title="bbox 541 5625 3783 5702; baseline -0.001 -18"><span class='ocrx_word' id='word_1_694' title='bbox 541 5633 595 5685; x_wconf 92' lang='lat' dir='ltr'><strong>in</strong></span> <span class='ocrx_word' id='word_1_695' title='bbox 646 5631 887 5685; x_wconf 89' lang='lat' dir='ltr'><strong>editione</strong></span> <span class='ocrx_word' id='word_1_696' title='bbox 917 5628 1227 5684; x_wconf 86' lang='lat' dir='ltr'><strong>Genevensi</strong></span> <span class='ocrx_word' id='word_1_697' title='bbox 1278 5629 1627 5684; x_wconf 89' lang='lat' dir='ltr'><strong>tribuuntur.</strong></span> <span class='ocrx_word' id='word_1_698' title='bbox 1659 5625 1949 5681; x_wconf 86' lang='lat' dir='ltr'><strong>Postremo</strong></span> <span class='ocrx_word' id='word_1_699' title='bbox 1984 5631 2076 5682; x_wconf 81' lang='lat' dir='ltr'><strong>vix</strong></span> <span class='ocrx_word' id='word_1_700' title='bbox 2106 5630 2306 5686; x_wconf 89' lang='lat' dir='ltr'><strong>attinet</strong></span> <span class='ocrx_word' id='word_1_701' title='bbox 2348 5645 2787 5688; x_wconf 87' lang='lat' dir='ltr'><strong>connnemorare</strong></span> <span class='ocrx_word' id='word_1_702' title='bbox 2827 5633 3128 5688; x_wconf 89' lang='lat' dir='ltr'><strong>editionem</strong></span> <span class='ocrx_word' id='word_1_703' title='bbox 3178 5649 3298 5689; x_wconf 89' lang='lat' dir='ltr'><strong>eam</strong></span> <span class='ocrx_word' id='word_1_704' title='bbox 3345 5649 3470 5702; x_wconf 79' lang='lat' dir='ltr'><strong>qua:</strong></span> <span class='ocrx_word' id='word_1_705' title='bbox 3514 5627 3783 5693; x_wconf 68' lang='lat' dir='ltr'><strong>Augule</strong></span> 
     </span>
    </p>
   </div>
   <div class='ocr_carea' id='block_1_55' title="bbox 543 5728 3783 5809">
    <p class='ocr_par' dir='ltr' id='par_1_55' title="bbox 543 5728 3783 5809">
     <span class='ocr_line' id='line_1_55' title="bbox 543 5728 3783 5809; baseline -0.004 -22"><span class='ocrx_word' id='word_1_706' title='bbox 543 5735 912 5790; x_wconf 83' lang='lat' dir='ltr'><strong>Taurinorum</strong></span> <span class='ocrx_word' id='word_1_707' title='bbox 964 5736 1102 5790; x_wconf 73' lang='grc'>1748</span> <span class='ocrx_word' id='word_1_708' title='bbox 1139 5733 1380 5806; x_wconf 89' lang='lat' dir='ltr'><strong>prodiit;</strong></span> <span class='ocrx_word' id='word_1_709' title='bbox 1431 5747 1668 5802; x_wconf 90' lang='lat' dir='ltr'><strong>namque</strong></span> <span class='ocrx_word' id='word_1_710' title='bbox 1716 5740 1800 5786; x_wconf 90' lang='lat' dir='ltr'><strong>est</strong></span> <span class='ocrx_word' id='word_1_711' title='bbox 1841 5746 1992 5785; x_wconf 89' lang='lat' dir='ltr'><strong>mera</strong></span> <span class='ocrx_word' id='word_1_712' title='bbox 2029 5736 2281 5804; x_wconf 82' lang='lat' dir='ltr'><strong>repetitio</strong></span> <span class='ocrx_word' id='word_1_713' title='bbox 2319 5735 2689 5805; x_wconf 65' lang='lat' dir='ltr'><strong>Britannicae,</strong></span> <span class='ocrx_word' id='word_1_714' title='bbox 2728 5755 2891 5809; x_wconf 90' lang='lat' dir='ltr'><strong>quam</strong></span> <span class='ocrx_word' id='word_1_715' title='bbox 2932 5739 3005 5792; x_wconf 89' lang='lat' dir='ltr'><strong>ita</strong></span> <span class='ocrx_word' id='word_1_716' title='bbox 3049 5742 3324 5808; x_wconf 78' lang='lat' dir='ltr'><strong>sequitur,</strong></span> <span class='ocrx_word' id='word_1_717' title='bbox 3367 5747 3424 5792; x_wconf 88' lang='lat' dir='ltr'><strong>nt</strong></span> <span class='ocrx_word' id='word_1_718' title='bbox 3462 5752 3529 5789; x_wconf 86' lang='lat' dir='ltr'><strong>ne</strong></span> <span class='ocrx_word' id='word_1_719' title='bbox 3569 5728 3783 5782; x_wconf 65' lang='lat' dir='ltr'><strong>discre—</strong></span> 
     </span>
    </p>
   </div>
   <div class='ocr_carea' id='block_1_56' title="bbox 528 5825 3778 5916">
    <p class='ocr_par' dir='ltr' id='par_1_56' title="bbox 528 5825 3778 5916">
     <span class='ocr_line' id='line_1_56' title="bbox 528 5825 3778 5916; baseline -0.006 -18"><span class='ocrx_word' id='word_1_720' title='bbox 528 5853 736 5914; x_wconf 84' lang='lat' dir='ltr'><strong>.pantes</strong></span> <span class='ocrx_word' id='word_1_721' title='bbox 761 5845 979 5916; x_wconf 87' lang='lat' dir='ltr'><strong>quidem</strong></span> <span class='ocrx_word' id='word_1_722' title='bbox 1007 5845 1268 5901; x_wconf 90' lang='lat' dir='ltr'><strong>lectiones</strong></span> <span class='ocrx_word' id='word_1_723' title='bbox 1289 5886 1303 5911; x_wconf 85' lang='lat'><strong>,</strong></span> <span class='ocrx_word' id='word_1_724' title='bbox 1334 5859 1472 5916; x_wconf 87' lang='lat' dir='ltr'><strong>quas</strong></span> <span class='ocrx_word' id='word_1_725' title='bbox 1499 5842 1838 5913; x_wconf 77' lang='lat' dir='ltr'><strong>Readingius</strong></span> <span class='ocrx_word' id='word_1_726' title='bbox 1865 5840 1933 5896; x_wconf 89' lang='lat' dir='ltr'><strong>ad</strong></span> <span class='ocrx_word' id='word_1_727' title='bbox 1966 5840 2174 5897; x_wconf 89' lang='lat' dir='ltr'><strong>calcem</strong></span> <span class='ocrx_word' id='word_1_728' title='bbox 2204 5843 2464 5899; x_wconf 88' lang='lat' dir='ltr'><strong>editionis</strong></span> <span class='ocrx_word' id='word_1_729' title='bbox 2496 5860 2608 5900; x_wconf 83' lang='lat' dir='ltr'><strong>suae</strong></span> <span class='ocrx_word' id='word_1_730' title='bbox 2637 5844 2888 5900; x_wconf 86' lang='lat' dir='ltr'><strong>ediderat</strong></span> <span class='ocrx_word' id='word_1_731' title='bbox 2927 5845 3066 5900; x_wconf 87' lang='lat' dir='ltr'><strong>locis</strong></span> <span class='ocrx_word' id='word_1_732' title='bbox 3096 5845 3214 5900; x_wconf 90' lang='lat' dir='ltr'><strong>suis</strong></span> <span class='ocrx_word' id='word_1_733' title='bbox 3247 5844 3411 5899; x_wconf 78' lang='lat' dir='ltr'><strong>illata:</strong></span> <span class='ocrx_word' id='word_1_734' title='bbox 3442 5839 3523 5893; x_wconf 82' lang='lat' dir='ltr'><strong>vel</strong></span> <span class='ocrx_word' id='word_1_735' title='bbox 3571 5825 3778 5887; x_wconf 83' lang='lat' dir='ltr'><strong>Valesil</strong></span> 
     </span>
    </p>
   </div>
  </div>
