  <div class='ocr_page' id='page_1' title='image "/cluster/home/n/w/nwhite01/storage/ocr_20150623/82:no.3/coo.31924054869833/016.png"; bbox 0 0 4124 6434; ppageno 0'>
   <div class='ocr_carea' id='block_1_1' title="bbox 401 438 3704 511">
    <p class='ocr_par' dir='ltr' id='par_1_1' title="bbox 401 438 3704 511">
     <span class='ocr_line' id='line_1_1' title="bbox 401 438 3704 511; baseline -0 -3"><span class='ocrx_word' id='word_1_1' title='bbox 401 440 466 510; x_wconf 76' lang='grc'><strong>17</strong></span> <span class='ocrx_word' id='word_1_2' title='bbox 1853 449 2164 509; x_wconf 70' lang='grc' dir='ltr'><strong>ΡΒᾸΞΡΑΤ</strong></span> <span class='ocrx_word' id='word_1_3' title='bbox 2172 438 2267 511; x_wconf 58' lang='grc' dir='ltr'><strong>1⁷οξ</strong></span> <span class='ocrx_word' id='word_1_4' title='bbox 3641 451 3704 507; x_wconf 84' lang='grc'><strong>18</strong></span> 
     </span>
    </p>
   </div>
   <div class='ocr_carea' id='block_1_2' title="bbox 401 554 3703 639">
    <p class='ocr_par' dir='ltr' id='par_1_2' title="bbox 401 554 3703 639">
     <span class='ocr_line' id='line_1_2' title="bbox 401 554 3703 639; baseline 0.002 -24"><span class='ocrx_word' id='word_1_5' title='bbox 401 566 549 615; x_wconf 76' lang='lat' dir='ltr'><strong>nota:</strong></span> <span class='ocrx_word' id='word_1_6' title='bbox 591 569 790 613; x_wconf 79' lang='lat' dir='ltr'><strong>errore</strong></span> <span class='ocrx_word' id='word_1_7' title='bbox 827 554 1079 627; x_wconf 81' lang='lat' dir='ltr'><strong>quodam</strong></span> <span class='ocrx_word' id='word_1_8' title='bbox 1120 558 1176 613; x_wconf 91' lang='lat' dir='ltr'><strong>in</strong></span> <span class='ocrx_word' id='word_1_9' title='bbox 1214 555 1324 613; x_wconf 83' lang='lat' dir='ltr'><strong>illis</strong></span> <span class='ocrx_word' id='word_1_10' title='bbox 1358 556 1646 614; x_wconf 84' lang='lat' dir='ltr'><strong>variorum</strong></span> <span class='ocrx_word' id='word_1_11' title='bbox 1688 559 1880 630; x_wconf 83' lang='lat' dir='ltr'><strong>positae</strong></span> <span class='ocrx_word' id='word_1_12' title='bbox 1914 559 2137 619; x_wconf 82' lang='lat' dir='ltr'><strong>Valesio</strong></span> <span class='ocrx_word' id='word_1_13' title='bbox 2184 564 2418 621; x_wconf 76' lang='lat' dir='ltr'><strong>redditae</strong></span> <span class='ocrx_word' id='word_1_14' title='bbox 2463 567 2708 632; x_wconf 77' lang='lat' dir='ltr'><strong>fuerint,</strong></span> <span class='ocrx_word' id='word_1_15' title='bbox 2756 581 3074 637; x_wconf 81' lang='lat' dir='ltr'><strong>quanquam</strong></span> <span class='ocrx_word' id='word_1_16' title='bbox 3117 580 3364 622; x_wconf 89' lang='lat' dir='ltr'><strong>errorem</strong></span> <span class='ocrx_word' id='word_1_17' title='bbox 3401 566 3524 639; x_wconf 91' lang='lat' dir='ltr'><strong>ipse</strong></span> <span class='ocrx_word' id='word_1_18' title='bbox 3560 566 3703 624; x_wconf 82' lang='lat' dir='ltr'><strong>Rea-</strong></span> 
     </span>
    </p>
   </div>
   <div class='ocr_carea' id='block_1_3' title="bbox 405 658 3698 745">
    <p class='ocr_par' dir='ltr' id='par_1_3' title="bbox 405 658 3698 745">
     <span class='ocr_line' id='line_1_3' title="bbox 405 658 3698 745; baseline 0.003 -28"><span class='ocrx_word' id='word_1_19' title='bbox 405 662 639 734; x_wconf 83' lang='lat' dir='ltr'><strong>dingius</strong></span> <span class='ocrx_word' id='word_1_20' title='bbox 669 658 1053 732; x_wconf 76' lang='lat' dir='ltr'><strong>prodiderat;</strong></span> <span class='ocrx_word' id='word_1_21' title='bbox 1090 667 1149 716; x_wconf 91' lang='lat' dir='ltr'><strong>ut</strong></span> <span class='ocrx_word' id='word_1_22' title='bbox 1176 659 1316 717; x_wconf 84' lang='lat' dir='ltr'><strong>nihil</strong></span> <span class='ocrx_word' id='word_1_23' title='bbox 1347 661 1528 717; x_wconf 86' lang='lat' dir='ltr'><strong>dicam</strong></span> <span class='ocrx_word' id='word_1_24' title='bbox 1566 660 1970 745; x_wconf 81' lang='lat' dir='ltr'><strong>Taurinensem</strong></span> <span class='ocrx_word' id='word_1_25' title='bbox 1996 666 2306 724; x_wconf 88' lang='lat' dir='ltr'><strong>litterarum</strong></span> <span class='ocrx_word' id='word_1_26' title='bbox 2342 669 2536 726; x_wconf 81' lang='lat' dir='ltr'><strong>formis</strong></span> <span class='ocrx_word' id='word_1_27' title='bbox 2573 680 2625 727; x_wconf 90' lang='lat' dir='ltr'><strong>et</strong></span> <span class='ocrx_word' id='word_1_28' title='bbox 2660 671 2812 727; x_wconf 92' lang='lat' dir='ltr'><strong>vitiis</strong></span> <span class='ocrx_word' id='word_1_29' title='bbox 2844 685 3143 743; x_wconf 87' lang='lat' dir='ltr'><strong>operarum</strong></span> <span class='ocrx_word' id='word_1_30' title='bbox 3177 669 3500 727; x_wconf 87' lang='lat' dir='ltr'><strong>Britannica</strong></span> <span class='ocrx_word' id='word_1_31' title='bbox 3535 671 3698 744; x_wconf 84' lang='lat' dir='ltr'><strong>longe</strong></span> 
     </span>
    </p>
   </div>
   <div class='ocr_carea' id='block_1_4' title="bbox 405 771 944 826">
    <p class='ocr_par' dir='ltr' id='par_1_4' title="bbox 405 771 944 826">
     <span class='ocr_line' id='line_1_4' title="bbox 405 771 944 826; baseline 0 -2"><span class='ocrx_word' id='word_1_32' title='bbox 405 771 756 826; x_wconf 79' lang='lat' dir='ltr'><strong>deteriorem</strong></span> <span class='ocrx_word' id='word_1_33' title='bbox 792 783 944 826; x_wconf 86' lang='lat' dir='ltr'><strong>esse.</strong></span> 
     </span>
    </p>
   </div>
   <div class='ocr_carea' id='block_1_5' title="bbox 476 873 3702 956">
    <p class='ocr_par' dir='ltr' id='par_1_5' title="bbox 476 873 3702 956">
     <span class='ocr_line' id='line_1_5' title="bbox 476 873 3702 956; baseline 0.004 -29"><span class='ocrx_word' id='word_1_34' title='bbox 476 874 560 929; x_wconf 79' lang='lat' dir='ltr'><strong>Ex</strong></span> <span class='ocrx_word' id='word_1_35' title='bbox 595 873 689 931; x_wconf 90' lang='lat' dir='ltr'><strong>his</strong></span> <span class='ocrx_word' id='word_1_36' title='bbox 723 875 897 944; x_wconf 89' lang='lat' dir='ltr'><strong>igitur</strong></span> <span class='ocrx_word' id='word_1_37' title='bbox 925 873 1092 930; x_wconf 87' lang='lat' dir='ltr'><strong>libris</strong></span> <span class='ocrx_word' id='word_1_38' title='bbox 1127 889 1228 944; x_wconf 89' lang='lat' dir='ltr'><strong>per</strong></span> <span class='ocrx_word' id='word_1_39' title='bbox 1279 875 1654 946; x_wconf 85' lang='lat' dir='ltr'><strong>typographos</strong></span> <span class='ocrx_word' id='word_1_40' title='bbox 1687 877 1854 935; x_wconf 90' lang='lat' dir='ltr'><strong>editis</strong></span> <span class='ocrx_word' id='word_1_41' title='bbox 1912 877 2237 939; x_wconf 73' lang='lat' dir='ltr'><strong>universam</strong></span> <span class='ocrx_word' id='word_1_42' title='bbox 2291 882 2589 940; x_wconf 72' lang='lat' dir='ltr'><strong>varietatis</strong></span> <span class='ocrx_word' id='word_1_43' title='bbox 2646 885 2843 940; x_wconf 79' lang='lat' dir='ltr'><strong>silvam</strong></span> <span class='ocrx_word' id='word_1_44' title='bbox 2900 884 3296 950; x_wconf 86' lang='lat' dir='ltr'><strong>adhibuimus,</strong></span> <span class='ocrx_word' id='word_1_45' title='bbox 3353 900 3466 939; x_wconf 91' lang='lat' dir='ltr'><strong>non</strong></span> <span class='ocrx_word' id='word_1_46' title='bbox 3521 886 3702 956; x_wconf 82' lang='lat' dir='ltr'><strong>negli-</strong></span> 
     </span>
    </p>
   </div>
   <div class='ocr_carea' id='block_1_6' title="bbox 407 977 3703 1060">
    <p class='ocr_par' dir='ltr' id='par_1_6' title="bbox 407 977 3703 1060">
     <span class='ocr_line' id='line_1_6' title="bbox 407 977 3703 1060; baseline 0.002 -24"><span class='ocrx_word' id='word_1_47' title='bbox 407 988 607 1051; x_wconf 86' lang='lat' dir='ltr'><strong>gentes</strong></span> <span class='ocrx_word' id='word_1_48' title='bbox 641 993 799 1048; x_wconf 87' lang='lat' dir='ltr'><strong>eam,</strong></span> <span class='ocrx_word' id='word_1_49' title='bbox 837 994 1009 1051; x_wconf 86' lang='lat' dir='ltr'><strong>quam</strong></span> <span class='ocrx_word' id='word_1_50' title='bbox 1046 978 1324 1036; x_wconf 85' lang='lat' dir='ltr'><strong>Eusebius</strong></span> <span class='ocrx_word' id='word_1_51' title='bbox 1346 1022 1362 1048; x_wconf 91' lang='lat'><strong>,</strong></span> <span class='ocrx_word' id='word_1_52' title='bbox 1397 979 1744 1038; x_wconf 80' lang='lat' dir='ltr'><strong>Athanasius</strong></span> <span class='ocrx_word' id='word_1_53' title='bbox 1769 1024 1785 1049; x_wconf 91' lang='lat'><strong>,</strong></span> <span class='ocrx_word' id='word_1_54' title='bbox 1820 977 2104 1051; x_wconf 81' lang='lat' dir='ltr'><strong>Hilarius,</strong></span> <span class='ocrx_word' id='word_1_55' title='bbox 2141 983 2526 1059; x_wconf 84' lang='lat' dir='ltr'><strong>Epiphanius,</strong></span> <span class='ocrx_word' id='word_1_56' title='bbox 2567 985 2863 1055; x_wconf 87' lang='lat' dir='ltr'><strong>Socrates,</strong></span> <span class='ocrx_word' id='word_1_57' title='bbox 2901 987 3250 1045; x_wconf 89' lang='lat' dir='ltr'><strong>Sozomenus</strong></span> <span class='ocrx_word' id='word_1_58' title='bbox 3274 1032 3288 1056; x_wconf 88' lang='lat'><strong>,</strong></span> <span class='ocrx_word' id='word_1_59' title='bbox 3320 989 3703 1060; x_wconf 82' lang='lat' dir='ltr'><strong>Nicephorus,</strong></span> 
     </span>
    </p>
   </div>
   <div class='ocr_carea' id='block_1_7' title="bbox 408 1084 3696 1162">
    <p class='ocr_par' dir='ltr' id='par_1_7' title="bbox 408 1084 3696 1162">
     <span class='ocr_line' id='line_1_7' title="bbox 408 1084 3696 1162; baseline 0.002 -22"><span class='ocrx_word' id='word_1_60' title='bbox 408 1088 660 1156; x_wconf 83' lang='lat' dir='ltr'><strong>itemque</strong></span> <span class='ocrx_word' id='word_1_61' title='bbox 693 1086 946 1156; x_wconf 84' lang='lat' dir='ltr'><strong>scriptor</strong></span> <span class='ocrx_word' id='word_1_62' title='bbox 981 1084 1251 1141; x_wconf 69' lang='lat' dir='ltr'><strong>IliStoria&#39;e</strong></span> <span class='ocrx_word' id='word_1_63' title='bbox 1278 1086 1575 1156; x_wconf 85' lang='lat' dir='ltr'><strong>tripartitae</strong></span> <span class='ocrx_word' id='word_1_64' title='bbox 1603 1085 1913 1142; x_wconf 69' lang='lat' dir='ltr'><strong>oderebant</strong></span> <span class='ocrx_word' id='word_1_65' title='bbox 1947 1087 2005 1143; x_wconf 90' lang='lat' dir='ltr'><strong>in</strong></span> <span class='ocrx_word' id='word_1_66' title='bbox 2051 1089 2190 1147; x_wconf 91' lang='lat' dir='ltr'><strong>locis</strong></span> <span class='ocrx_word' id='word_1_67' title='bbox 2222 1091 2331 1154; x_wconf 89' lang='lat' dir='ltr'><strong>iis,</strong></span> <span class='ocrx_word' id='word_1_68' title='bbox 2370 1092 2461 1148; x_wconf 90' lang='lat' dir='ltr'><strong>ubi</strong></span> <span class='ocrx_word' id='word_1_69' title='bbox 2496 1093 2582 1146; x_wconf 86' lang='lat' dir='ltr'><strong>vel</strong></span> <span class='ocrx_word' id='word_1_70' title='bbox 2620 1099 2882 1162; x_wconf 80' lang='lat' dir='ltr'><strong>excerpta</strong></span> <span class='ocrx_word' id='word_1_71' title='bbox 2918 1107 2948 1147; x_wconf 91' lang='lat' dir='ltr'><strong>e</strong></span> <span class='ocrx_word' id='word_1_72' title='bbox 2994 1093 3351 1148; x_wconf 85' lang='lat' dir='ltr'><strong>&#39;l‘heodoreto</strong></span> <span class='ocrx_word' id='word_1_73' title='bbox 3402 1092 3696 1158; x_wconf 88' lang='lat' dir='ltr'><strong>dederant,</strong></span> 
     </span>
    </p>
   </div>
   <div class='ocr_carea' id='block_1_8' title="bbox 409 1190 3704 1269">
    <p class='ocr_par' dir='ltr' id='par_1_8' title="bbox 409 1190 3704 1269">
     <span class='ocr_line' id='line_1_8' title="bbox 409 1190 3704 1269; baseline 0.001 -25"><span class='ocrx_word' id='word_1_74' title='bbox 409 1191 493 1245; x_wconf 92' lang='lat' dir='ltr'><strong>vel</strong></span> <span class='ocrx_word' id='word_1_75' title='bbox 524 1190 746 1262; x_wconf 86' lang='lat' dir='ltr'><strong>scripta</strong></span> <span class='ocrx_word' id='word_1_76' title='bbox 781 1191 1012 1260; x_wconf 84' lang='lat' dir='ltr'><strong>publica</strong></span> <span class='ocrx_word' id='word_1_77' title='bbox 1048 1205 1079 1245; x_wconf 85' lang='lat' dir='ltr'><strong>a</strong></span> <span class='ocrx_word' id='word_1_78' title='bbox 1113 1196 1312 1248; x_wconf 88' lang='lat' dir='ltr'><strong>nostro</strong></span> <span class='ocrx_word' id='word_1_79' title='bbox 1341 1205 1562 1262; x_wconf 90' lang='lat' dir='ltr'><strong>quoque</strong></span> <span class='ocrx_word' id='word_1_80' title='bbox 1590 1193 1963 1264; x_wconf 72' lang='lat' dir='ltr'><strong>promulgata.</strong></span> <span class='ocrx_word' id='word_1_81' title='bbox 2017 1192 2350 1265; x_wconf 85' lang='lat' dir='ltr'><strong>Quanquam</strong></span> <span class='ocrx_word' id='word_1_82' title='bbox 2399 1195 2454 1249; x_wconf 89' lang='lat' dir='ltr'><strong>in</strong></span> <span class='ocrx_word' id='word_1_83' title='bbox 2486 1194 2572 1269; x_wconf 94' lang='lat' dir='ltr'><strong>his</strong></span> <span class='ocrx_word' id='word_1_84' title='bbox 2619 1194 2767 1249; x_wconf 92' lang='lat' dir='ltr'><strong>hunc</strong></span> <span class='ocrx_word' id='word_1_85' title='bbox 2808 1195 3087 1250; x_wconf 87' lang='lat' dir='ltr'><strong>tenuimus</strong></span> <span class='ocrx_word' id='word_1_86' title='bbox 3121 1195 3345 1251; x_wconf 89' lang='lat' dir='ltr'><strong>modum</strong></span> <span class='ocrx_word' id='word_1_87' title='bbox 3368 1235 3383 1260; x_wconf 94' lang='lat'><strong>,</strong></span> <span class='ocrx_word' id='word_1_88' title='bbox 3421 1201 3511 1261; x_wconf 91' lang='lat' dir='ltr'><strong>ut,</strong></span> <span class='ocrx_word' id='word_1_89' title='bbox 3559 1210 3704 1266; x_wconf 89' lang='lat' dir='ltr'><strong>quo-</strong></span> 
     </span>
    </p>
   </div>
   <div class='ocr_carea' id='block_1_9' title="bbox 411 1295 3702 1370">
    <p class='ocr_par' dir='ltr' id='par_1_9' title="bbox 411 1295 3702 1370">
     <span class='ocr_line' id='line_1_9' title="bbox 411 1295 3702 1370; baseline 0 -20"><span class='ocrx_word' id='word_1_90' title='bbox 411 1298 560 1350; x_wconf 81' lang='lat' dir='ltr'><strong>niam</strong></span> <span class='ocrx_word' id='word_1_91' title='bbox 592 1295 1019 1353; x_wconf 76' lang='lat' dir='ltr'><strong>Theodoretum</strong></span> <span class='ocrx_word' id='word_1_92' title='bbox 1051 1297 1374 1369; x_wconf 80' lang='lat' dir='ltr'><strong>exprimere</strong></span> <span class='ocrx_word' id='word_1_93' title='bbox 1407 1299 1733 1356; x_wconf 87' lang='lat' dir='ltr'><strong>volebamus</strong></span> <span class='ocrx_word' id='word_1_94' title='bbox 1762 1307 1817 1356; x_wconf 91' lang='lat' dir='ltr'><strong>et</strong></span> <span class='ocrx_word' id='word_1_95' title='bbox 1847 1300 2057 1370; x_wconf 75' lang='lat' dir='ltr'><strong>scripta</strong></span> <span class='ocrx_word' id='word_1_96' title='bbox 2100 1299 2325 1370; x_wconf 88' lang='lat' dir='ltr'><strong>publica</strong></span> <span class='ocrx_word' id='word_1_97' title='bbox 2356 1299 2490 1353; x_wconf 87' lang='lat' dir='ltr'><strong>talia</strong></span> <span class='ocrx_word' id='word_1_98' title='bbox 2513 1338 2528 1364; x_wconf 91' lang='lat'><strong>,</strong></span> <span class='ocrx_word' id='word_1_99' title='bbox 2556 1299 2747 1370; x_wconf 87' lang='lat' dir='ltr'><strong>qualia</strong></span> <span class='ocrx_word' id='word_1_100' title='bbox 2777 1299 2825 1354; x_wconf 91' lang='lat' dir='ltr'><strong>is</strong></span> <span class='ocrx_word' id='word_1_101' title='bbox 2863 1313 2976 1354; x_wconf 65' lang='lat' dir='ltr'><strong>suae</strong></span> <span class='ocrx_word' id='word_1_102' title='bbox 3006 1297 3256 1354; x_wconf 78' lang='lat' dir='ltr'><strong>historiae</strong></span> <span class='ocrx_word' id='word_1_103' title='bbox 3288 1297 3702 1363; x_wconf 86' lang='lat' dir='ltr'><strong>immiscuerat,</strong></span> 
     </span>
    </p>
   </div>
   <div class='ocr_carea' id='block_1_10' title="bbox 407 1399 3696 1476">
    <p class='ocr_par' dir='ltr' id='par_1_10' title="bbox 407 1399 3696 1476">
     <span class='ocr_line' id='line_1_10' title="bbox 407 1399 3696 1476; baseline 0.001 -22"><span class='ocrx_word' id='word_1_104' title='bbox 407 1413 505 1455; x_wconf 85' lang='lat' dir='ltr'><strong>eas</strong></span> <span class='ocrx_word' id='word_1_105' title='bbox 538 1399 659 1457; x_wconf 90' lang='lat' dir='ltr'><strong>fere</strong></span> <span class='ocrx_word' id='word_1_106' title='bbox 693 1402 971 1459; x_wconf 82' lang='lat' dir='ltr'><strong>lectiones</strong></span> <span class='ocrx_word' id='word_1_107' title='bbox 1002 1404 1562 1473; x_wconf 70' lang='lat' dir='ltr'><strong>praetermitteremus</strong></span> <span class='ocrx_word' id='word_1_108' title='bbox 1586 1445 1601 1469; x_wconf 91' lang='lat'><strong>,</strong></span> <span class='ocrx_word' id='word_1_109' title='bbox 1633 1405 1843 1476; x_wconf 83' lang='lat' dir='ltr'><strong>quibus</strong></span> <span class='ocrx_word' id='word_1_110' title='bbox 1873 1403 2210 1463; x_wconf 80' lang='lat' dir='ltr'><strong>Theodoreti</strong></span> <span class='ocrx_word' id='word_1_111' title='bbox 2261 1403 2575 1473; x_wconf 81' lang='lat' dir='ltr'><strong>exemplum</strong></span> <span class='ocrx_word' id='word_1_112' title='bbox 2626 1403 2923 1460; x_wconf 87' lang='lat' dir='ltr'><strong>videbatur</strong></span> <span class='ocrx_word' id='word_1_113' title='bbox 2969 1418 3000 1457; x_wconf 88' lang='lat' dir='ltr'><strong>a</strong></span> <span class='ocrx_word' id='word_1_114' title='bbox 3049 1401 3273 1459; x_wconf 71' lang='lat' dir='ltr'><strong>caeteris</strong></span> <span class='ocrx_word' id='word_1_115' title='bbox 3322 1403 3696 1474; x_wconf 87' lang='lat' dir='ltr'><strong>discrepasse.</strong></span> 
     </span>
    </p>
   </div>
   <div class='ocr_carea' id='block_1_11' title="bbox 412 1502 3708 1580">
    <p class='ocr_par' dir='ltr' id='par_1_11' title="bbox 412 1502 3708 1580">
     <span class='ocr_line' id='line_1_11' title="bbox 412 1502 3708 1580; baseline 0.001 -22"><span class='ocrx_word' id='word_1_116' title='bbox 412 1502 510 1560; x_wconf 76' lang='lat' dir='ltr'><strong>Usi</strong></span> <span class='ocrx_word' id='word_1_117' title='bbox 541 1518 748 1560; x_wconf 89' lang='lat' dir='ltr'><strong>sumus</strong></span> <span class='ocrx_word' id='word_1_118' title='bbox 781 1505 953 1559; x_wconf 86' lang='lat' dir='ltr'><strong>etiam</strong></span> <span class='ocrx_word' id='word_1_119' title='bbox 986 1505 1483 1564; x_wconf 88' lang='lat' dir='ltr'><strong>emendationibus</strong></span> <span class='ocrx_word' id='word_1_120' title='bbox 1508 1547 1523 1574; x_wconf 90' lang='lat'><strong>,</strong></span> <span class='ocrx_word' id='word_1_121' title='bbox 1566 1523 1709 1580; x_wconf 88' lang='lat' dir='ltr'><strong>quas</strong></span> <span class='ocrx_word' id='word_1_122' title='bbox 1746 1507 1942 1564; x_wconf 83' lang='lat' dir='ltr'><strong>Joach.</strong></span> <span class='ocrx_word' id='word_1_123' title='bbox 1989 1507 2350 1564; x_wconf 87' lang='lat' dir='ltr'><strong>Camerarius</strong></span> <span class='ocrx_word' id='word_1_124' title='bbox 2393 1515 2710 1564; x_wconf 80' lang='lat' dir='ltr'><strong>tentarerat</strong></span> <span class='ocrx_word' id='word_1_125' title='bbox 2753 1506 2821 1563; x_wconf 89' lang='lat' dir='ltr'><strong>ad</strong></span> <span class='ocrx_word' id='word_1_126' title='bbox 2866 1507 3174 1580; x_wconf 80' lang='lat' dir='ltr'><strong>marginem</strong></span> <span class='ocrx_word' id='word_1_127' title='bbox 3219 1505 3708 1578; x_wconf 87' lang='lat' dir='ltr'><strong>interpretationis</strong></span> 
     </span>
    </p>
   </div>
   <div class='ocr_carea' id='block_1_12' title="bbox 412 1609 3708 1686">
    <p class='ocr_par' dir='ltr' id='par_1_12' title="bbox 412 1609 3708 1686">
     <span class='ocr_line' id='line_1_12' title="bbox 412 1609 3708 1686; baseline 0.001 -21"><span class='ocrx_word' id='word_1_128' title='bbox 412 1611 629 1666; x_wconf 66' lang='lat' dir='ltr'><strong>Latine</strong></span> <span class='ocrx_word' id='word_1_129' title='bbox 672 1610 942 1668; x_wconf 71' lang='lat' dir='ltr'><strong>Historiae</strong></span> <span class='ocrx_word' id='word_1_130' title='bbox 971 1609 1309 1669; x_wconf 81' lang='lat' dir='ltr'><strong>Theodoreti</strong></span> <span class='ocrx_word' id='word_1_131' title='bbox 1345 1628 1470 1684; x_wconf 71' lang='lat' dir='ltr'><strong>quae</strong></span> <span class='ocrx_word' id='word_1_132' title='bbox 1502 1613 1733 1669; x_wconf 69' lang='lat' dir='ltr'><strong>Basileze</strong></span> <span class='ocrx_word' id='word_1_133' title='bbox 1766 1614 1906 1670; x_wconf 78' lang='grc'><strong>1556</strong></span> <span class='ocrx_word' id='word_1_134' title='bbox 1940 1621 2109 1686; x_wconf 82' lang='lat' dir='ltr'><strong>atque</strong></span> <span class='ocrx_word' id='word_1_135' title='bbox 2141 1615 2309 1671; x_wconf 89' lang='lat' dir='ltr'><strong>etiam</strong></span> <span class='ocrx_word' id='word_1_136' title='bbox 2345 1614 2480 1670; x_wconf 88' lang='lat' dir='ltr'><strong>alibi</strong></span> <span class='ocrx_word' id='word_1_137' title='bbox 2511 1615 2662 1670; x_wconf 89' lang='lat' dir='ltr'><strong>edita</strong></span> <span class='ocrx_word' id='word_1_138' title='bbox 2699 1612 2835 1672; x_wconf 90' lang='lat' dir='ltr'><strong>fuit.</strong></span> <span class='ocrx_word' id='word_1_139' title='bbox 2879 1613 2985 1671; x_wconf 89' lang='lat' dir='ltr'><strong>Sed</strong></span> <span class='ocrx_word' id='word_1_140' title='bbox 3019 1623 3223 1686; x_wconf 69' lang='lat' dir='ltr'><strong>praeter</strong></span> <span class='ocrx_word' id='word_1_141' title='bbox 3257 1628 3424 1684; x_wconf 88' lang='lat' dir='ltr'><strong>quam</strong></span> <span class='ocrx_word' id='word_1_142' title='bbox 3462 1614 3518 1668; x_wconf 91' lang='lat' dir='ltr'><strong>in</strong></span> <span class='ocrx_word' id='word_1_143' title='bbox 3561 1614 3708 1668; x_wconf 89' lang='lat' dir='ltr'><strong>notis</strong></span> 
     </span>
    </p>
   </div>
   <div class='ocr_carea' id='block_1_13' title="bbox 413 1718 3704 1791">
    <p class='ocr_par' dir='ltr' id='par_1_13' title="bbox 413 1718 3704 1791">
     <span class='ocr_line' id='line_1_13' title="bbox 413 1718 3704 1791; baseline 0 -19"><span class='ocrx_word' id='word_1_144' title='bbox 413 1719 481 1772; x_wconf 86' lang='lat' dir='ltr'><strong>ad</strong></span> <span class='ocrx_word' id='word_1_145' title='bbox 513 1725 734 1773; x_wconf 81' lang='lat' dir='ltr'><strong>textum</strong></span> <span class='ocrx_word' id='word_1_146' title='bbox 768 1718 1236 1774; x_wconf 86' lang='lat' dir='ltr'><strong>constituendum</strong></span> <span class='ocrx_word' id='word_1_147' title='bbox 1273 1720 1684 1790; x_wconf 83' lang='lat' dir='ltr'><strong>pertinentibus</strong></span> <span class='ocrx_word' id='word_1_148' title='bbox 1707 1760 1722 1784; x_wconf 92' lang='lat'><strong>,</strong></span> <span class='ocrx_word' id='word_1_149' title='bbox 1756 1721 1910 1791; x_wconf 86' lang='lat' dir='ltr'><strong>parci</strong></span> <span class='ocrx_word' id='word_1_150' title='bbox 1937 1721 2158 1778; x_wconf 76' lang='lat' dir='ltr'><strong>fuimus</strong></span> <span class='ocrx_word' id='word_1_151' title='bbox 2192 1721 2248 1776; x_wconf 90' lang='lat' dir='ltr'><strong>in</strong></span> <span class='ocrx_word' id='word_1_152' title='bbox 2281 1721 2502 1779; x_wconf 70' lang='lat' dir='ltr'><strong>caeteris</strong></span> <span class='ocrx_word' id='word_1_153' title='bbox 2524 1763 2538 1787; x_wconf 93' lang='lat'><strong>,</strong></span> <span class='ocrx_word' id='word_1_154' title='bbox 2576 1737 2647 1778; x_wconf 91' lang='lat' dir='ltr'><strong>ne</strong></span> <span class='ocrx_word' id='word_1_155' title='bbox 2698 1721 3000 1778; x_wconf 80' lang='lat' dir='ltr'><strong>voluminis</strong></span> <span class='ocrx_word' id='word_1_156' title='bbox 3052 1721 3251 1777; x_wconf 89' lang='lat' dir='ltr'><strong>molem</strong></span> <span class='ocrx_word' id='word_1_157' title='bbox 3303 1731 3495 1777; x_wconf 85' lang='lat' dir='ltr'><strong>nostra</strong></span> <span class='ocrx_word' id='word_1_158' title='bbox 3541 1719 3704 1789; x_wconf 90' lang='lat' dir='ltr'><strong>culpa</strong></span> 
     </span>
    </p>
   </div>
   <div class='ocr_carea' id='block_1_14' title="bbox 411 1822 3709 1898">
    <p class='ocr_par' dir='ltr' id='par_1_14' title="bbox 411 1822 3709 1898">
     <span class='ocr_line' id='line_1_14' title="bbox 411 1822 3709 1898; baseline 0.001 -24"><span class='ocrx_word' id='word_1_159' title='bbox 411 1836 793 1893; x_wconf 82' lang='lat' dir='ltr'><strong>angeremus,</strong></span> <span class='ocrx_word' id='word_1_160' title='bbox 828 1822 1178 1893; x_wconf 89' lang='lat' dir='ltr'><strong>omninoque</strong></span> <span class='ocrx_word' id='word_1_161' title='bbox 1209 1837 1378 1878; x_wconf 88' lang='lat' dir='ltr'><strong>omne</strong></span> <span class='ocrx_word' id='word_1_162' title='bbox 1411 1822 1662 1879; x_wconf 90' lang='lat' dir='ltr'><strong>studium</strong></span> <span class='ocrx_word' id='word_1_163' title='bbox 1699 1823 1766 1880; x_wconf 87' lang='lat' dir='ltr'><strong>ad</strong></span> <span class='ocrx_word' id='word_1_164' title='bbox 1809 1823 2116 1896; x_wconf 70' lang='lat' dir='ltr'><strong>Scriptura:</strong></span> <span class='ocrx_word' id='word_1_165' title='bbox 2149 1826 2528 1898; x_wconf 77' lang='lat' dir='ltr'><strong>integritatem</strong></span> <span class='ocrx_word' id='word_1_166' title='bbox 2563 1833 2618 1882; x_wconf 90' lang='lat' dir='ltr'><strong>et</strong></span> <span class='ocrx_word' id='word_1_167' title='bbox 2650 1841 2862 1898; x_wconf 90' lang='lat' dir='ltr'><strong>paucos</strong></span> <span class='ocrx_word' id='word_1_168' title='bbox 2911 1825 2967 1882; x_wconf 91' lang='lat' dir='ltr'><strong>in</strong></span> <span class='ocrx_word' id='word_1_169' title='bbox 3007 1826 3204 1897; x_wconf 90' lang='lat' dir='ltr'><strong>primis</strong></span> <span class='ocrx_word' id='word_1_170' title='bbox 3243 1825 3516 1880; x_wconf 87' lang='lat' dir='ltr'><strong>obscuros</strong></span> <span class='ocrx_word' id='word_1_171' title='bbox 3555 1823 3709 1878; x_wconf 91' lang='lat' dir='ltr'><strong>locos</strong></span> 
     </span>
    </p>
   </div>
   <div class='ocr_carea' id='block_1_15' title="bbox 411 1924 3706 1998">
    <p class='ocr_par' dir='ltr' id='par_1_15' title="bbox 411 1924 3706 1998">
     <span class='ocr_line' id='line_1_15' title="bbox 411 1924 3706 1998; baseline 0 -18"><span class='ocrx_word' id='word_1_172' title='bbox 411 1926 738 1982; x_wconf 81' lang='lat' dir='ltr'><strong>retulimus.</strong></span> <span class='ocrx_word' id='word_1_173' title='bbox 773 1924 832 1980; x_wconf 85' lang='grc' dir='ltr'><strong>ιη</strong></span> <span class='ocrx_word' id='word_1_174' title='bbox 865 1926 1075 1997; x_wconf 88' lang='lat' dir='ltr'><strong>quibus</strong></span> <span class='ocrx_word' id='word_1_175' title='bbox 1105 1927 1210 1981; x_wconf 87' lang='lat' dir='ltr'><strong>hoc</strong></span> <span class='ocrx_word' id='word_1_176' title='bbox 1250 1939 1424 1982; x_wconf 88' lang='lat' dir='ltr'><strong>unum</strong></span> <span class='ocrx_word' id='word_1_177' title='bbox 1461 1929 1653 1986; x_wconf 85' lang='lat' dir='ltr'><strong>licebit</strong></span> <span class='ocrx_word' id='word_1_178' title='bbox 1688 1930 1928 1986; x_wconf 86' lang='lat' dir='ltr'><strong>addere:</strong></span> <span class='ocrx_word' id='word_1_179' title='bbox 1968 1931 2336 1988; x_wconf 86' lang='lat' dir='ltr'><strong>subdubitare</strong></span> <span class='ocrx_word' id='word_1_180' title='bbox 2372 1947 2478 1988; x_wconf 91' lang='lat' dir='ltr'><strong>nos</strong></span> <span class='ocrx_word' id='word_1_181' title='bbox 2508 1931 2576 1988; x_wconf 89' lang='lat' dir='ltr'><strong>ad</strong></span> <span class='ocrx_word' id='word_1_182' title='bbox 2613 1930 2760 1988; x_wconf 78' lang='lat' dir='ltr'><strong>Hist.</strong></span> <span class='ocrx_word' id='word_1_183' title='bbox 2795 1931 2948 1987; x_wconf 84' lang='lat' dir='ltr'><strong>Eccl.</strong></span> <span class='ocrx_word' id='word_1_184' title='bbox 2993 1931 3094 1987; x_wconf 91' lang='lat' dir='ltr'><strong>lib.</strong></span> <span class='ocrx_word' id='word_1_185' title='bbox 3136 1947 3212 1998; x_wconf 82' lang='lat' dir='ltr'><strong>tv,</strong></span> <span class='ocrx_word' id='word_1_186' title='bbox 3259 1945 3311 1988; x_wconf 92' lang='lat' dir='ltr'><strong>c.</strong></span> <span class='ocrx_word' id='word_1_187' title='bbox 3339 1928 3411 1996; x_wconf 90' lang='lat'><strong>9,</strong></span> <span class='ocrx_word' id='word_1_188' title='bbox 3443 1936 3563 1985; x_wconf 86' lang='lat' dir='ltr'><strong>not.</strong></span> <span class='ocrx_word' id='word_1_189' title='bbox 3597 1926 3666 1981; x_wconf 87' lang='grc' dir='ltr'><strong>1ο</strong></span> <span class='ocrx_word' id='word_1_190' title='bbox 3689 1969 3706 1994; x_wconf 85' lang='grc'><em>,</em></span> 
     </span>
    </p>
   </div>
   <div class='ocr_carea' id='block_1_16' title="bbox 410 2031 3708 2108">
    <p class='ocr_par' dir='ltr' id='par_1_16' title="bbox 410 2031 3708 2108">
     <span class='ocr_line' id='line_1_16' title="bbox 410 2031 3708 2108; baseline -0 -22"><span class='ocrx_word' id='word_1_191' title='bbox 410 2031 560 2086; x_wconf 83' lang='lat' dir='ltr'><strong>sitne</strong></span> <span class='ocrx_word' id='word_1_192' title='bbox 607 2031 688 2085; x_wconf 88' lang='lat' dir='ltr'><strong>ibi</strong></span> <span class='ocrx_word' id='word_1_193' title='bbox 744 2039 961 2088; x_wconf 81' lang='lat' dir='ltr'><strong>nostrae</strong></span> <span class='ocrx_word' id='word_1_194' title='bbox 1019 2031 1366 2102; x_wconf 63' lang='lat' dir='ltr'><strong>praeferenda</strong></span> <span class='ocrx_word' id='word_1_195' title='bbox 1421 2033 1746 2104; x_wconf 79' lang='lat' dir='ltr'><strong>conjectura</strong></span> <span class='ocrx_word' id='word_1_196' title='bbox 1799 2034 2059 2092; x_wconf 87' lang='lat' dir='ltr'><strong>Cotelcrii</strong></span> <span class='ocrx_word' id='word_1_197' title='bbox 2119 2034 2301 2108; x_wconf 84' lang='lat' dir='ltr'><strong>(Not.</strong></span> <span class='ocrx_word' id='word_1_198' title='bbox 2337 2037 2407 2092; x_wconf 82' lang='lat' dir='ltr'><strong>ad</strong></span> <span class='ocrx_word' id='word_1_199' title='bbox 2441 2035 2593 2094; x_wconf 82' lang='lat' dir='ltr'><strong>Eccl.</strong></span> <span class='ocrx_word' id='word_1_200' title='bbox 2627 2035 2799 2092; x_wconf 66' lang='grc' dir='ltr'><strong>στανδ.</strong></span> <span class='ocrx_word' id='word_1_201' title='bbox 2830 2033 3074 2091; x_wconf 69' lang='lat' dir='ltr'><strong>Monum.</strong></span> <span class='ocrx_word' id='word_1_202' title='bbox 3131 2043 3174 2090; x_wconf 93' lang='lat' dir='ltr'><strong>t.</strong></span> <span class='ocrx_word' id='word_1_203' title='bbox 3215 2033 3262 2100; x_wconf 92' lang='lat' dir='ltr'><strong>I,</strong></span> <span class='ocrx_word' id='word_1_204' title='bbox 3297 2049 3353 2105; x_wconf 92' lang='lat' dir='ltr'><strong>p.</strong></span> <span class='ocrx_word' id='word_1_205' title='bbox 3389 2031 3561 2101; x_wconf 86' lang='lat' dir='ltr'><strong>7l9),</strong></span> <span class='ocrx_word' id='word_1_206' title='bbox 3610 2031 3708 2102; x_wconf 90' lang='lat' dir='ltr'><strong>qui</strong></span> 
     </span>
    </p>
   </div>
   <div class='ocr_carea' id='block_1_17' title="bbox 408 2135 3707 2214">
    <p class='ocr_par' dir='ltr' id='par_1_17' title="bbox 408 2135 3707 2214">
     <span class='ocr_line' id='line_1_17' title="bbox 408 2135 3707 2214; baseline -0.001 -24"><span class='ocrx_word' id='word_1_207' title='bbox 408 2152 635 2192; x_wconf 87' lang='lat' dir='ltr'><strong>omnem</strong></span> <span class='ocrx_word' id='word_1_208' title='bbox 685 2137 796 2192; x_wconf 89' lang='lat' dir='ltr'><strong>loci</strong></span> <span class='ocrx_word' id='word_1_209' title='bbox 849 2137 1101 2192; x_wconf 86' lang='lat' dir='ltr'><strong>mendosi</strong></span> <span class='ocrx_word' id='word_1_210' title='bbox 1159 2138 1554 2199; x_wconf 82' lang='lat' dir='ltr'><strong>obscuritatem</strong></span> <span class='ocrx_word' id='word_1_211' title='bbox 1615 2148 1797 2194; x_wconf 82' lang='lat' dir='ltr'><strong>natam</strong></span> <span class='ocrx_word' id='word_1_212' title='bbox 1862 2149 2017 2211; x_wconf 83' lang='lat' dir='ltr'><strong>putat</strong></span> <span class='ocrx_word' id='word_1_213' title='bbox 2075 2157 2142 2198; x_wconf 74' lang='lat' dir='ltr'><strong>ex</strong></span> <span class='ocrx_word' id='word_1_214' title='bbox 2204 2142 2509 2213; x_wconf 85' lang='lat' dir='ltr'><strong>archetypo</strong></span> <span class='ocrx_word' id='word_1_215' title='bbox 2565 2141 2820 2212; x_wconf 63' lang='lat' dir='ltr'><strong>epistolae</strong></span> <span class='ocrx_word' id='word_1_216' title='bbox 2867 2139 3151 2214; x_wconf 76' lang='lat' dir='ltr'><strong>synodicae</strong></span> <span class='ocrx_word' id='word_1_217' title='bbox 3197 2137 3434 2201; x_wconf 85' lang='lat' dir='ltr'><strong>Latino,</strong></span> <span class='ocrx_word' id='word_1_218' title='bbox 3485 2135 3541 2190; x_wconf 92' lang='lat' dir='ltr'><strong>in</strong></span> <span class='ocrx_word' id='word_1_219' title='bbox 3595 2149 3707 2205; x_wconf 89' lang='lat' dir='ltr'><strong>quo</strong></span> 
     </span>
    </p>
   </div>
   <div class='ocr_carea' id='block_1_18' title="bbox 408 2241 3708 2317">
    <p class='ocr_par' dir='ltr' id='par_1_18' title="bbox 408 2241 3708 2317">
     <span class='ocr_line' id='line_1_18' title="bbox 408 2241 3708 2317; baseline 0 -20"><span class='ocrx_word' id='word_1_220' title='bbox 408 2242 688 2310; x_wconf 79' lang='lat' dir='ltr'><strong>scriptum</strong></span> <span class='ocrx_word' id='word_1_221' title='bbox 731 2241 942 2297; x_wconf 87' lang='lat' dir='ltr'><strong>fuerit:</strong></span> <span class='ocrx_word' id='word_1_222' title='bbox 982 2241 1283 2310; x_wconf 74' lang='lat' dir='ltr'><strong>Siquidem</strong></span> <span class='ocrx_word' id='word_1_223' title='bbox 1315 2241 1516 2310; x_wconf 67' lang='lat' dir='ltr'><strong>fuerint</strong></span> <span class='ocrx_word' id='word_1_224' title='bbox 1548 2259 1613 2297; x_wconf 76' lang='lat' dir='ltr'><strong>ea:</strong></span> <span class='ocrx_word' id='word_1_225' title='bbox 1644 2246 1906 2313; x_wconf 81' lang='lat' dir='ltr'><strong>episcopis</strong></span> <span class='ocrx_word' id='word_1_226' title='bbox 1948 2248 2038 2316; x_wconf 85' lang='lat' dir='ltr'><strong>qui</strong></span> <span class='ocrx_word' id='word_1_227' title='bbox 2077 2247 2130 2300; x_wconf 86' lang='lat' dir='ltr'><strong>in</strong></span> <span class='ocrx_word' id='word_1_228' title='bbox 2167 2261 2291 2300; x_wconf 74' lang='lat' dir='ltr'><strong>FIDE</strong></span> <span class='ocrx_word' id='word_1_229' title='bbox 2325 2263 2430 2302; x_wconf 75' lang='lat' dir='ltr'><strong>vrsr</strong></span> <span class='ocrx_word' id='word_1_230' title='bbox 2465 2255 2592 2301; x_wconf 81' lang='lat' dir='ltr'><strong>sunt</strong></span> <span class='ocrx_word' id='word_1_231' title='bbox 2624 2248 2783 2311; x_wconf 76' lang='lat' dir='ltr'><strong>sani,</strong></span> <span class='ocrx_word' id='word_1_232' title='bbox 2835 2261 2936 2317; x_wconf 89' lang='lat' dir='ltr'><strong>pro</strong></span> <span class='ocrx_word' id='word_1_233' title='bbox 2989 2259 3100 2317; x_wconf 89' lang='lat' dir='ltr'><strong>quo</strong></span> <span class='ocrx_word' id='word_1_234' title='bbox 3153 2242 3382 2300; x_wconf 70' lang='lat' dir='ltr'><strong>Graccus</strong></span> <span class='ocrx_word' id='word_1_235' title='bbox 3430 2242 3708 2312; x_wconf 83' lang='lat' dir='ltr'><strong>interpres</strong></span> 
     </span>
    </p>
   </div>
   <div class='ocr_carea' id='block_1_19' title="bbox 408 2348 1200 2418">
    <p class='ocr_par' dir='ltr' id='par_1_19' title="bbox 408 2348 1200 2418">
     <span class='ocr_line' id='line_1_19' title="bbox 408 2348 1200 2418; baseline -0.001 -18"><span class='ocrx_word' id='word_1_236' title='bbox 408 2350 553 2403; x_wconf 82' lang='lat' dir='ltr'><strong>male</strong></span> <span class='ocrx_word' id='word_1_237' title='bbox 587 2348 790 2418; x_wconf 78' lang='lat' dir='ltr'><strong>legerit</strong></span> <span class='ocrx_word' id='word_1_238' title='bbox 818 2366 830 2401; x_wconf 90' lang='lat'><strong>:</strong></span> <span class='ocrx_word' id='word_1_239' title='bbox 873 2349 928 2400; x_wconf 79' lang='lat' dir='ltr'><strong>in</strong></span> <span class='ocrx_word' id='word_1_240' title='bbox 959 2349 996 2416; x_wconf 83' lang='lat' dir='ltr'><strong><em>ﬁ</em></strong></span> <span class='ocrx_word' id='word_1_241' title='bbox 1021 2364 1065 2402; x_wconf 58' lang='lat' dir='ltr'><strong>re</strong></span> <span class='ocrx_word' id='word_1_242' title='bbox 1096 2350 1200 2401; x_wconf 78' lang='lat' dir='ltr'><strong>usi.</strong></span> 
     </span>
    </p>
   </div>
   <div class='ocr_carea' id='block_1_20' title="bbox 475 2526 3702 2611">
    <p class='ocr_par' dir='ltr' id='par_1_20' title="bbox 475 2526 3702 2611">
     <span class='ocr_line' id='line_1_20' title="bbox 475 2526 3702 2611; baseline 0.002 -31"><span class='ocrx_word' id='word_1_243' title='bbox 475 2526 535 2583; x_wconf 89' lang='lat' dir='ltr'><strong>In</strong></span> <span class='ocrx_word' id='word_1_244' title='bbox 566 2526 863 2582; x_wconf 78' lang='lat' dir='ltr'><strong>Philotheo</strong></span> <span class='ocrx_word' id='word_1_245' title='bbox 893 2543 993 2584; x_wconf 87' lang='lat' dir='ltr'><strong>seu</strong></span> <span class='ocrx_word' id='word_1_246' title='bbox 1042 2527 1302 2599; x_wconf 83' lang='lat' dir='ltr'><strong>religiosa</strong></span> <span class='ocrx_word' id='word_1_247' title='bbox 1337 2527 1571 2584; x_wconf 85' lang='lat' dir='ltr'><strong>historia</strong></span> <span class='ocrx_word' id='word_1_248' title='bbox 1605 2526 1937 2583; x_wconf 86' lang='lat' dir='ltr'><strong>Theodoreti</strong></span> <span class='ocrx_word' id='word_1_249' title='bbox 1982 2529 2117 2584; x_wconf 90' lang='lat' dir='ltr'><strong>nihil</strong></span> <span class='ocrx_word' id='word_1_250' title='bbox 2166 2529 2474 2599; x_wconf 81' lang='lat' dir='ltr'><strong>adjumenti</strong></span> <span class='ocrx_word' id='word_1_251' title='bbox 2511 2532 2809 2593; x_wconf 84' lang='lat' dir='ltr'><strong>habuimus</strong></span> <span class='ocrx_word' id='word_1_252' title='bbox 2863 2547 2894 2586; x_wconf 92' lang='lat' dir='ltr'><strong>a</strong></span> <span class='ocrx_word' id='word_1_253' title='bbox 2941 2531 3167 2601; x_wconf 88' lang='lat' dir='ltr'><strong>scriptis</strong></span> <span class='ocrx_word' id='word_1_254' title='bbox 3216 2529 3702 2611; x_wconf 51' lang='lat' dir='ltr'><strong>editisvedibris;</strong></span> 
     </span>
    </p>
   </div>
   <div class='ocr_carea' id='block_1_21' title="bbox 403 2632 3706 2703">
    <p class='ocr_par' dir='ltr' id='par_1_21' title="bbox 403 2632 3706 2703">
     <span class='ocr_line' id='line_1_21' title="bbox 403 2632 3706 2703; baseline 0 -14"><span class='ocrx_word' id='word_1_255' title='bbox 403 2650 534 2690; x_wconf 89' lang='lat' dir='ltr'><strong>nam</strong></span> <span class='ocrx_word' id='word_1_256' title='bbox 569 2635 673 2689; x_wconf 87' lang='lat' dir='ltr'><strong>illa</strong></span> <span class='ocrx_word' id='word_1_257' title='bbox 711 2635 958 2690; x_wconf 83' lang='lat' dir='ltr'><strong>varietas</strong></span> <span class='ocrx_word' id='word_1_258' title='bbox 991 2633 1255 2690; x_wconf 87' lang='lat' dir='ltr'><strong>editionis</strong></span> <span class='ocrx_word' id='word_1_259' title='bbox 1287 2632 1637 2690; x_wconf 68' lang='lat' dir='ltr'><strong>Hervetiana:</strong></span> <span class='ocrx_word' id='word_1_260' title='bbox 1665 2648 1789 2703; x_wconf 78' lang='lat' dir='ltr'><strong>quae</strong></span> <span class='ocrx_word' id='word_1_261' title='bbox 1820 2633 1985 2690; x_wconf 89' lang='lat' dir='ltr'><strong>istam</strong></span> <span class='ocrx_word' id='word_1_262' title='bbox 2021 2635 2313 2690; x_wconf 90' lang='lat' dir='ltr'><strong>historiam</strong></span> <span class='ocrx_word' id='word_1_263' title='bbox 2369 2636 2441 2691; x_wconf 89' lang='lat' dir='ltr'><strong>de</strong></span> <span class='ocrx_word' id='word_1_264' title='bbox 2505 2636 2701 2692; x_wconf 80' lang='lat' dir='ltr'><strong>Graeco</strong></span> <span class='ocrx_word' id='word_1_265' title='bbox 2755 2635 3010 2691; x_wconf 88' lang='lat' dir='ltr'><strong>Latinam</strong></span> <span class='ocrx_word' id='word_1_266' title='bbox 3061 2635 3304 2691; x_wconf 88' lang='lat' dir='ltr'><strong>reddidit</strong></span> <span class='ocrx_word' id='word_1_267' title='bbox 3349 2633 3532 2690; x_wconf 86' lang='lat' dir='ltr'><strong>Paris.</strong></span> <span class='ocrx_word' id='word_1_268' title='bbox 3566 2635 3706 2691; x_wconf 76' lang='lat'><strong>1556</strong></span> 
     </span>
    </p>
   </div>
   <div class='ocr_carea' id='block_1_22' title="bbox 399 2717 3705 2824">
    <p class='ocr_par' dir='ltr' id='par_1_22' title="bbox 399 2717 3705 2824">
     <span class='ocr_line' id='line_1_22' title="bbox 399 2717 3705 2824; baseline 0.001 -32"><span class='ocrx_word' id='word_1_269' title='bbox 399 2740 706 2811; x_wconf 87' lang='lat' dir='ltr'><strong>quaternis</strong></span> <span class='ocrx_word' id='word_1_270' title='bbox 726 2781 742 2806; x_wconf 88' lang='lat'><strong>,</strong></span> <span class='ocrx_word' id='word_1_271' title='bbox 778 2740 876 2795; x_wconf 71' lang='lat' dir='ltr'><strong>vix</strong></span> <span class='ocrx_word' id='word_1_272' title='bbox 902 2739 1072 2810; x_wconf 88' lang='lat' dir='ltr'><strong>digna</strong></span> <span class='ocrx_word' id='word_1_273' title='bbox 1103 2717 1190 2794; x_wconf 86' lang='lat' dir='ltr'><strong>est</strong></span> <span class='ocrx_word' id='word_1_274' title='bbox 1221 2740 1384 2808; x_wconf 86' lang='lat' dir='ltr'><strong>cujus</strong></span> <span class='ocrx_word' id='word_1_275' title='bbox 1414 2740 1757 2824; x_wconf 75' lang='lat' dir='ltr'><strong>mentionem</strong></span> <span class='ocrx_word' id='word_1_276' title='bbox 1791 2730 2081 2796; x_wconf 75' lang='lat' dir='ltr'><strong>faciamus.</strong></span> <span class='ocrx_word' id='word_1_277' title='bbox 2117 2739 2227 2796; x_wconf 85' lang='lat' dir='ltr'><strong>Sed</strong></span> <span class='ocrx_word' id='word_1_278' title='bbox 2258 2742 2308 2796; x_wconf 90' lang='lat' dir='ltr'><strong>ei</strong></span> <span class='ocrx_word' id='word_1_279' title='bbox 2347 2741 2711 2811; x_wconf 81' lang='lat' dir='ltr'><strong>adjunximus</strong></span> <span class='ocrx_word' id='word_1_280' title='bbox 2739 2756 2867 2796; x_wconf 87' lang='lat' dir='ltr'><strong>cum</strong></span> <span class='ocrx_word' id='word_1_281' title='bbox 2908 2739 3148 2794; x_wconf 84' lang='lat' dir='ltr'><strong>Herveto</strong></span> <span class='ocrx_word' id='word_1_282' title='bbox 3183 2737 3494 2794; x_wconf 82' lang='lat' dir='ltr'><strong>Orationem</strong></span> <span class='ocrx_word' id='word_1_283' title='bbox 3525 2739 3705 2794; x_wconf 91' lang='lat' dir='ltr'><strong>&#39;l&#39;heo-</strong></span> 
     </span>
    </p>
   </div>
   <div class='ocr_carea' id='block_1_23' title="bbox 403 2830 3702 2919">
    <p class='ocr_par' dir='ltr' id='par_1_23' title="bbox 403 2830 3702 2919">
     <span class='ocr_line' id='line_1_23' title="bbox 403 2830 3702 2919; baseline -0.001 -17"><span class='ocrx_word' id='word_1_284' title='bbox 403 2848 590 2902; x_wconf 85' lang='lat' dir='ltr'><strong>doreti</strong></span> <span class='ocrx_word' id='word_1_285' title='bbox 630 2847 702 2902; x_wconf 80' lang='lat' dir='ltr'><strong>de</strong></span> <span class='ocrx_word' id='word_1_286' title='bbox 735 2847 1005 2902; x_wconf 83' lang='lat' dir='ltr'><strong>charitate</strong></span> <span class='ocrx_word' id='word_1_287' title='bbox 1034 2861 1066 2902; x_wconf 86' lang='lat' dir='ltr'><strong>a</strong></span> <span class='ocrx_word' id='word_1_288' title='bbox 1096 2830 1399 2902; x_wconf 81' lang='lat' dir='ltr'><strong>Sirmondo</strong></span> <span class='ocrx_word' id='word_1_289' title='bbox 1429 2847 1484 2902; x_wconf 90' lang='lat' dir='ltr'><strong>in</strong></span> <span class='ocrx_word' id='word_1_290' title='bbox 1517 2853 1778 2918; x_wconf 91' lang='lat' dir='ltr'><strong>quartum</strong></span> <span class='ocrx_word' id='word_1_291' title='bbox 1817 2855 2026 2902; x_wconf 90' lang='lat' dir='ltr'><strong>tomum</strong></span> <span class='ocrx_word' id='word_1_292' title='bbox 2056 2847 2266 2919; x_wconf 90' lang='lat' dir='ltr'><strong>rejecta</strong></span> <span class='ocrx_word' id='word_1_293' title='bbox 2290 2891 2307 2914; x_wconf 95' lang='lat'><strong>,</strong></span> <span class='ocrx_word' id='word_1_294' title='bbox 2343 2863 2473 2903; x_wconf 92' lang='lat' dir='ltr'><strong>cum</strong></span> <span class='ocrx_word' id='word_1_295' title='bbox 2503 2848 2673 2904; x_wconf 90' lang='lat' dir='ltr'><strong>veluti</strong></span> <span class='ocrx_word' id='word_1_296' title='bbox 2705 2849 2960 2919; x_wconf 79' lang='lat' dir='ltr'><strong>epilogus</strong></span> <span class='ocrx_word' id='word_1_297' title='bbox 2998 2847 3072 2904; x_wconf 88' lang='lat' dir='ltr'><strong>sit</strong></span> <span class='ocrx_word' id='word_1_298' title='bbox 3112 2847 3386 2918; x_wconf 85' lang='lat' dir='ltr'><strong>religiosae</strong></span> <span class='ocrx_word' id='word_1_299' title='bbox 3429 2846 3702 2901; x_wconf 86' lang='lat' dir='ltr'><strong>historiae.</strong></span> 
     </span>
    </p>
   </div>
   <div class='ocr_carea' id='block_1_24' title="bbox 400 2950 3700 3025">
    <p class='ocr_par' dir='ltr' id='par_1_24' title="bbox 400 2950 3700 3025">
     <span class='ocr_line' id='line_1_24' title="bbox 400 2950 3700 3025; baseline -0.001 -19"><span class='ocrx_word' id='word_1_300' title='bbox 400 2950 696 3022; x_wconf 74' lang='lat' dir='ltr'><strong>Epistolas</strong></span> <span class='ocrx_word' id='word_1_301' title='bbox 734 2960 921 3005; x_wconf 84' lang='lat' dir='ltr'><strong>tamen</strong></span> <span class='ocrx_word' id='word_1_302' title='bbox 945 2993 960 3018; x_wconf 88' lang='lat'><strong>,</strong></span> <span class='ocrx_word' id='word_1_303' title='bbox 994 2966 1137 3021; x_wconf 90' lang='lat' dir='ltr'><strong>quas</strong></span> <span class='ocrx_word' id='word_1_304' title='bbox 1169 2952 1398 3006; x_wconf 86' lang='lat' dir='ltr'><strong>tertium</strong></span> <span class='ocrx_word' id='word_1_305' title='bbox 1429 2951 1711 3007; x_wconf 89' lang='lat' dir='ltr'><strong>Sirmondi</strong></span> <span class='ocrx_word' id='word_1_306' title='bbox 1745 2951 2010 3007; x_wconf 87' lang='lat' dir='ltr'><strong>volumen</strong></span> <span class='ocrx_word' id='word_1_307' title='bbox 2041 2954 2550 3025; x_wconf 87' lang='lat' dir='ltr'><strong>complectebatur,</strong></span> <span class='ocrx_word' id='word_1_308' title='bbox 2592 2953 2778 3009; x_wconf 89' lang='lat' dir='ltr'><strong>satius</strong></span> <span class='ocrx_word' id='word_1_309' title='bbox 2825 2952 3091 3008; x_wconf 82' lang='lat' dir='ltr'><strong>duximus</strong></span> <span class='ocrx_word' id='word_1_310' title='bbox 3140 2952 3338 3022; x_wconf 88' lang='lat' dir='ltr'><strong>quinto</strong></span> <span class='ocrx_word' id='word_1_311' title='bbox 3383 2961 3530 3006; x_wconf 92' lang='lat' dir='ltr'><strong>tomo</strong></span> <span class='ocrx_word' id='word_1_312' title='bbox 3581 2967 3700 3005; x_wconf 90' lang='lat' dir='ltr'><strong>ser-</strong></span> 
     </span>
    </p>
   </div>
   <div class='ocr_carea' id='block_1_25' title="bbox 399 3036 3694 3128">
    <p class='ocr_par' dir='ltr' id='par_1_25' title="bbox 399 3036 3694 3128">
     <span class='ocr_line' id='line_1_25' title="bbox 399 3036 3694 3128; baseline -0.001 -18"><span class='ocrx_word' id='word_1_313' title='bbox 399 3072 537 3112; x_wconf 76' lang='lat' dir='ltr'><strong>vare</strong></span> <span class='ocrx_word' id='word_1_314' title='bbox 568 3064 878 3128; x_wconf 86' lang='lat' dir='ltr'><strong>propterea</strong></span> <span class='ocrx_word' id='word_1_315' title='bbox 928 3057 1076 3127; x_wconf 87' lang='lat' dir='ltr'><strong>quod</strong></span> <span class='ocrx_word' id='word_1_316' title='bbox 1127 3065 1184 3112; x_wconf 91' lang='lat' dir='ltr'><strong>et</strong></span> <span class='ocrx_word' id='word_1_317' title='bbox 1229 3057 1370 3113; x_wconf 89' lang='lat' dir='ltr'><strong>alias</strong></span> <span class='ocrx_word' id='word_1_318' title='bbox 1402 3065 1587 3113; x_wconf 91' lang='lat' dir='ltr'><strong>tomus</strong></span> <span class='ocrx_word' id='word_1_319' title='bbox 1636 3057 1714 3120; x_wconf 89' lang='lat' dir='ltr'><strong>is,</strong></span> <span class='ocrx_word' id='word_1_320' title='bbox 1754 3071 1918 3127; x_wconf 90' lang='lat' dir='ltr'><strong>quem</strong></span> <span class='ocrx_word' id='word_1_321' title='bbox 1953 3057 2267 3122; x_wconf 83' lang='lat' dir='ltr'><strong>edidimus,</strong></span> <span class='ocrx_word' id='word_1_322' title='bbox 2303 3036 2601 3112; x_wconf 83' lang='lat' dir='ltr'><strong>videbatur</strong></span> <span class='ocrx_word' id='word_1_323' title='bbox 2636 3056 3005 3127; x_wconf 88' lang='lat' dir='ltr'><strong>amplitudine</strong></span> <span class='ocrx_word' id='word_1_324' title='bbox 3040 3071 3171 3122; x_wconf 88' lang='lat' dir='ltr'><strong>sua,</strong></span> <span class='ocrx_word' id='word_1_325' title='bbox 3229 3064 3288 3109; x_wconf 89' lang='lat' dir='ltr'><strong>ut</strong></span> <span class='ocrx_word' id='word_1_326' title='bbox 3339 3056 3433 3110; x_wconf 91' lang='lat' dir='ltr'><strong>ille</strong></span> <span class='ocrx_word' id='word_1_327' title='bbox 3461 3054 3694 3126; x_wconf 88' lang='lat' dir='ltr'><strong>quintus</strong></span> 
     </span>
    </p>
   </div>
   <div class='ocr_carea' id='block_1_26' title="bbox 399 3151 3684 3233">
    <p class='ocr_par' dir='ltr' id='par_1_26' title="bbox 399 3151 3684 3233">
     <span class='ocr_line' id='line_1_26' title="bbox 399 3151 3684 3233; baseline -0.001 -16"><span class='ocrx_word' id='word_1_328' title='bbox 399 3163 692 3232; x_wconf 73' lang='lat' dir='ltr'><strong>parvitate</strong></span> <span class='ocrx_word' id='word_1_329' title='bbox 715 3201 734 3227; x_wconf 91' lang='lat'><strong>,</strong></span> <span class='ocrx_word' id='word_1_330' title='bbox 766 3161 994 3217; x_wconf 88' lang='lat' dir='ltr'><strong>modum</strong></span> <span class='ocrx_word' id='word_1_331' title='bbox 1021 3160 1323 3227; x_wconf 81' lang='lat' dir='ltr'><strong>excedere,</strong></span> <span class='ocrx_word' id='word_1_332' title='bbox 1353 3169 1407 3218; x_wconf 91' lang='lat' dir='ltr'><strong>et</strong></span> <span class='ocrx_word' id='word_1_333' title='bbox 1437 3161 1799 3233; x_wconf 89' lang='lat' dir='ltr'><strong>sperabamus</strong></span> <span class='ocrx_word' id='word_1_334' title='bbox 1833 3160 1950 3218; x_wconf 91' lang='lat' dir='ltr'><strong>fore</strong></span> <span class='ocrx_word' id='word_1_335' title='bbox 1978 3169 2039 3216; x_wconf 93' lang='lat' dir='ltr'><strong>ut</strong></span> <span class='ocrx_word' id='word_1_336' title='bbox 2089 3162 2545 3218; x_wconf 87' lang='lat' dir='ltr'><strong>naneisceremur</strong></span> <span class='ocrx_word' id='word_1_337' title='bbox 2586 3162 2798 3229; x_wconf 89' lang='lat' dir='ltr'><strong>aliquot</strong></span> <span class='ocrx_word' id='word_1_338' title='bbox 2830 3151 2988 3217; x_wconf 13' lang='lat' dir='ltr'><strong>alias.</strong></span> <span class='ocrx_word' id='word_1_339' title='bbox 3015 3160 3350 3218; x_wconf 87' lang='lat' dir='ltr'><strong>Theodoreti</strong></span> <span class='ocrx_word' id='word_1_340' title='bbox 3378 3161 3645 3230; x_wconf 87' lang='lat' dir='ltr'><strong>epistolas</strong></span> <span class='ocrx_word' id='word_1_341' title='bbox 3668 3203 3684 3226; x_wconf 91' lang='lat'><strong>,</strong></span> 
     </span>
    </p>
   </div>
   <div class='ocr_carea' id='block_1_27' title="bbox 396 3265 2278 3338">
    <p class='ocr_par' dir='ltr' id='par_1_27' title="bbox 396 3265 2278 3338">
     <span class='ocr_line' id='line_1_27' title="bbox 396 3265 2278 3338; baseline 0.001 -18"><span class='ocrx_word' id='word_1_342' title='bbox 396 3267 616 3338; x_wconf 85' lang='lat' dir='ltr'><strong>quibus</strong></span> <span class='ocrx_word' id='word_1_343' title='bbox 649 3266 777 3320; x_wconf 71' lang='lat' dir='ltr'><strong>haec</strong></span> <span class='ocrx_word' id='word_1_344' title='bbox 806 3273 1003 3321; x_wconf 90' lang='lat' dir='ltr'><strong>nostra</strong></span> <span class='ocrx_word' id='word_1_345' title='bbox 1031 3265 1206 3322; x_wconf 85' lang='lat' dir='ltr'><strong>editio</strong></span> <span class='ocrx_word' id='word_1_346' title='bbox 1243 3265 1569 3336; x_wconf 90' lang='lat' dir='ltr'><strong>locupletari</strong></span> <span class='ocrx_word' id='word_1_347' title='bbox 1601 3265 1846 3336; x_wconf 88' lang='lat' dir='ltr'><strong>quodam</strong></span> <span class='ocrx_word' id='word_1_348' title='bbox 1877 3265 2042 3322; x_wconf 92' lang='lat' dir='ltr'><strong>modo</strong></span> <span class='ocrx_word' id='word_1_349' title='bbox 2069 3275 2278 3338; x_wconf 83' lang='lat' dir='ltr'><strong>posset.</strong></span> 
     </span>
    </p>
   </div>
   <div class='ocr_carea' id='block_1_28' title="bbox 469 3368 3707 3441">
    <p class='ocr_par' dir='ltr' id='par_1_28' title="bbox 469 3368 3707 3441">
     <span class='ocr_line' id='line_1_28' title="bbox 469 3368 3707 3441; baseline -0.003 -11"><span class='ocrx_word' id='word_1_350' title='bbox 469 3374 739 3430; x_wconf 87' lang='lat' dir='ltr'><strong>Omnino</strong></span> <span class='ocrx_word' id='word_1_351' title='bbox 767 3378 983 3426; x_wconf 75' lang='lat' dir='ltr'><strong>textum</strong></span> <span class='ocrx_word' id='word_1_352' title='bbox 1017 3370 1355 3428; x_wconf 86' lang='lat' dir='ltr'><strong>Theodoreti</strong></span> <span class='ocrx_word' id='word_1_353' title='bbox 1387 3386 1419 3427; x_wconf 92' lang='lat' dir='ltr'><strong>e</strong></span> <span class='ocrx_word' id='word_1_354' title='bbox 1448 3370 1776 3428; x_wconf 90' lang='lat' dir='ltr'><strong>recensione</strong></span> <span class='ocrx_word' id='word_1_355' title='bbox 1805 3371 2198 3428; x_wconf 88' lang='lat' dir='ltr'><strong>Sirmondiana</strong></span> <span class='ocrx_word' id='word_1_356' title='bbox 2227 3370 2632 3441; x_wconf 84' lang='lat' dir='ltr'><strong>expressimus,</strong></span> <span class='ocrx_word' id='word_1_357' title='bbox 2684 3369 2790 3427; x_wconf 88' lang='lat' dir='ltr'><strong>nisi</strong></span> <span class='ocrx_word' id='word_1_358' title='bbox 2822 3370 2878 3424; x_wconf 93' lang='lat' dir='ltr'><strong>in</strong></span> <span class='ocrx_word' id='word_1_359' title='bbox 2909 3369 3049 3425; x_wconf 92' lang='lat' dir='ltr'><strong>locis</strong></span> <span class='ocrx_word' id='word_1_360' title='bbox 3081 3370 3169 3434; x_wconf 89' lang='lat' dir='ltr'><strong>iis,</strong></span> <span class='ocrx_word' id='word_1_361' title='bbox 3200 3384 3324 3439; x_wconf 84' lang='lat' dir='ltr'><strong>quae</strong></span> <span class='ocrx_word' id='word_1_362' title='bbox 3352 3369 3436 3424; x_wconf 87' lang='lat' dir='ltr'><strong>vel</strong></span> <span class='ocrx_word' id='word_1_363' title='bbox 3466 3368 3707 3438; x_wconf 89' lang='lat' dir='ltr'><strong>ineptam</strong></span> 
     </span>
    </p>
   </div>
   <div class='ocr_carea' id='block_1_29' title="bbox 395 3471 3712 3547">
    <p class='ocr_par' dir='ltr' id='par_1_29' title="bbox 395 3471 3712 3547">
     <span class='ocr_line' id='line_1_29' title="bbox 395 3471 3712 3547; baseline -0.003 -11"><span class='ocrx_word' id='word_1_364' title='bbox 395 3481 718 3536; x_wconf 84' lang='lat' dir='ltr'><strong>lectionem</strong></span> <span class='ocrx_word' id='word_1_365' title='bbox 770 3477 1040 3532; x_wconf 84' lang='lat' dir='ltr'><strong>haberent</strong></span> <span class='ocrx_word' id='word_1_366' title='bbox 1084 3477 1170 3533; x_wconf 89' lang='lat' dir='ltr'><strong>vel</strong></span> <span class='ocrx_word' id='word_1_367' title='bbox 1211 3476 1373 3534; x_wconf 88' lang='lat' dir='ltr'><strong>talem</strong></span> <span class='ocrx_word' id='word_1_368' title='bbox 1397 3517 1412 3543; x_wconf 94' lang='lat'><strong>,</strong></span> <span class='ocrx_word' id='word_1_369' title='bbox 1461 3493 1630 3547; x_wconf 90' lang='lat' dir='ltr'><strong>quam</strong></span> <span class='ocrx_word' id='word_1_370' title='bbox 1673 3478 2117 3534; x_wconf 88' lang='lat' dir='ltr'><strong>reclamantibus</strong></span> <span class='ocrx_word' id='word_1_371' title='bbox 2165 3476 2325 3533; x_wconf 88' lang='lat' dir='ltr'><strong>libris</strong></span> <span class='ocrx_word' id='word_1_372' title='bbox 2357 3477 2641 3534; x_wconf 90' lang='lat' dir='ltr'><strong>universis</strong></span> <span class='ocrx_word' id='word_1_373' title='bbox 2674 3474 3010 3532; x_wconf 90' lang='lat' dir='ltr'><strong>Sirmondus</strong></span> <span class='ocrx_word' id='word_1_374' title='bbox 3046 3475 3330 3530; x_wconf 87' lang='lat' dir='ltr'><strong>intulerat.</strong></span> <span class='ocrx_word' id='word_1_375' title='bbox 3365 3472 3510 3527; x_wconf 89' lang='lat' dir='ltr'><strong>Nihil</strong></span> <span class='ocrx_word' id='word_1_376' title='bbox 3546 3471 3712 3544; x_wconf 91' lang='lat' dir='ltr'><strong>quid-</strong></span> 
     </span>
    </p>
   </div>
   <div class='ocr_carea' id='block_1_30' title="bbox 391 3579 3714 3658">
    <p class='ocr_par' dir='ltr' id='par_1_30' title="bbox 391 3579 3714 3658">
     <span class='ocr_line' id='line_1_30' title="bbox 391 3579 3714 3658; baseline -0.003 -16"><span class='ocrx_word' id='word_1_377' title='bbox 391 3602 573 3658; x_wconf 82' lang='lat' dir='ltr'><strong>quam</strong></span> <span class='ocrx_word' id='word_1_378' title='bbox 611 3584 736 3657; x_wconf 89' lang='lat' dir='ltr'><strong>ipsi</strong></span> <span class='ocrx_word' id='word_1_379' title='bbox 768 3584 893 3639; x_wconf 91' lang='lat' dir='ltr'><strong>sine</strong></span> <span class='ocrx_word' id='word_1_380' title='bbox 922 3583 1082 3639; x_wconf 89' lang='lat' dir='ltr'><strong>libris</strong></span> <span class='ocrx_word' id='word_1_381' title='bbox 1111 3583 1413 3639; x_wconf 89' lang='lat' dir='ltr'><strong>emendare</strong></span> <span class='ocrx_word' id='word_1_382' title='bbox 1443 3582 1566 3638; x_wconf 86' lang='lat' dir='ltr'><strong>ausi</strong></span> <span class='ocrx_word' id='word_1_383' title='bbox 1598 3597 1794 3638; x_wconf 91' lang='lat' dir='ltr'><strong>sumus</strong></span> <span class='ocrx_word' id='word_1_384' title='bbox 1833 3590 2033 3653; x_wconf 85' lang='lat' dir='ltr'><strong>praeter</strong></span> <span class='ocrx_word' id='word_1_385' title='bbox 2065 3597 2231 3652; x_wconf 89' lang='lat' dir='ltr'><strong>quam</strong></span> <span class='ocrx_word' id='word_1_386' title='bbox 2267 3583 2324 3637; x_wconf 88' lang='lat' dir='ltr'><strong>in</strong></span> <span class='ocrx_word' id='word_1_387' title='bbox 2355 3583 2552 3656; x_wconf 83' lang='lat' dir='ltr'><strong>paucis</strong></span> <span class='ocrx_word' id='word_1_388' title='bbox 2582 3582 2723 3638; x_wconf 90' lang='lat' dir='ltr'><strong>locis</strong></span> <span class='ocrx_word' id='word_1_389' title='bbox 2761 3597 2900 3652; x_wconf 77' lang='lat' dir='ltr'><strong>qua:</strong></span> <span class='ocrx_word' id='word_1_390' title='bbox 2927 3581 3224 3637; x_wconf 88' lang='lat' dir='ltr'><strong>manifesto</strong></span> <span class='ocrx_word' id='word_1_391' title='bbox 3265 3580 3406 3635; x_wconf 85' lang='lat' dir='ltr'><strong>vitio</strong></span> <span class='ocrx_word' id='word_1_392' title='bbox 3456 3579 3714 3634; x_wconf 86' lang='lat' dir='ltr'><strong>laborare</strong></span> 
     </span>
    </p>
   </div>
   <div class='ocr_carea' id='block_1_31' title="bbox 391 3685 3712 3758">
    <p class='ocr_par' dir='ltr' id='par_1_31' title="bbox 391 3685 3712 3758">
     <span class='ocr_line' id='line_1_31' title="bbox 391 3685 3712 3758; baseline -0.002 -12"><span class='ocrx_word' id='word_1_393' title='bbox 391 3693 784 3750; x_wconf 81' lang='lat' dir='ltr'><strong>videbantur.</strong></span> <span class='ocrx_word' id='word_1_394' title='bbox 821 3685 932 3742; x_wconf 89' lang='lat' dir='ltr'><strong>Sed</strong></span> <span class='ocrx_word' id='word_1_395' title='bbox 965 3687 1288 3758; x_wconf 90' lang='lat' dir='ltr'><strong>ubicunque</strong></span> <span class='ocrx_word' id='word_1_396' title='bbox 1315 3695 1498 3742; x_wconf 87' lang='lat' dir='ltr'><strong>tamen</strong></span> <span class='ocrx_word' id='word_1_397' title='bbox 1521 3725 1535 3749; x_wconf 90' lang='lat'><strong>,</strong></span> <span class='ocrx_word' id='word_1_398' title='bbox 1569 3685 1716 3755; x_wconf 87' lang='lat' dir='ltr'><strong>quod</strong></span> <span class='ocrx_word' id='word_1_399' title='bbox 1751 3701 1976 3757; x_wconf 89' lang='lat' dir='ltr'><strong>quaque</strong></span> <span class='ocrx_word' id='word_1_400' title='bbox 2007 3686 2076 3742; x_wconf 91' lang='lat' dir='ltr'><strong>de</strong></span> <span class='ocrx_word' id='word_1_401' title='bbox 2108 3702 2282 3743; x_wconf 89' lang='lat' dir='ltr'><strong>causa</strong></span> <span class='ocrx_word' id='word_1_402' title='bbox 2313 3687 2759 3745; x_wconf 88' lang='lat' dir='ltr'><strong>diseesserimus</strong></span> <span class='ocrx_word' id='word_1_403' title='bbox 2799 3703 2830 3744; x_wconf 90' lang='lat' dir='ltr'><strong>a</strong></span> <span class='ocrx_word' id='word_1_404' title='bbox 2867 3686 3201 3753; x_wconf 89' lang='lat' dir='ltr'><strong>Sirmondo,</strong></span> <span class='ocrx_word' id='word_1_405' title='bbox 3233 3687 3476 3742; x_wconf 82' lang='lat' dir='ltr'><strong>lectores</strong></span> <span class='ocrx_word' id='word_1_406' title='bbox 3516 3685 3712 3740; x_wconf 83' lang='lat' dir='ltr'><strong>admo-</strong></span> 
     </span>
    </p>
   </div>
   <div class='ocr_carea' id='block_1_32' title="bbox 390 3789 3709 3866">
    <p class='ocr_par' dir='ltr' id='par_1_32' title="bbox 390 3789 3709 3866">
     <span class='ocr_line' id='line_1_32' title="bbox 390 3789 3709 3866; baseline -0.004 -9"><span class='ocrx_word' id='word_1_407' title='bbox 390 3801 664 3857; x_wconf 82' lang='lat' dir='ltr'><strong>nuimus.</strong></span> <span class='ocrx_word' id='word_1_408' title='bbox 684 3795 1117 3866; x_wconf 86' lang='lat' dir='ltr'><strong>Denique,cum</strong></span> <span class='ocrx_word' id='word_1_409' title='bbox 1150 3793 1208 3848; x_wconf 90' lang='lat' dir='ltr'><strong>in</strong></span> <span class='ocrx_word' id='word_1_410' title='bbox 1239 3791 1487 3848; x_wconf 82' lang='lat' dir='ltr'><strong>Historia</strong></span> <span class='ocrx_word' id='word_1_411' title='bbox 1522 3790 1856 3847; x_wconf 88' lang='lat' dir='ltr'><strong>Theodoreti</strong></span> <span class='ocrx_word' id='word_1_412' title='bbox 1890 3791 2276 3846; x_wconf 81' lang='lat' dir='ltr'><strong>ecclesiastica</strong></span> <span class='ocrx_word' id='word_1_413' title='bbox 2307 3805 2544 3860; x_wconf 85' lang='lat' dir='ltr'><strong>quaeque</strong></span> <span class='ocrx_word' id='word_1_414' title='bbox 2575 3790 2693 3847; x_wconf 89' lang='lat' dir='ltr'><strong>fere</strong></span> <span class='ocrx_word' id='word_1_415' title='bbox 2722 3791 2901 3847; x_wconf 91' lang='lat' dir='ltr'><strong>editio</strong></span> <span class='ocrx_word' id='word_1_416' title='bbox 2937 3791 3104 3845; x_wconf 87' lang='lat' dir='ltr'><strong>aliam</strong></span> <span class='ocrx_word' id='word_1_417' title='bbox 3132 3790 3405 3862; x_wconf 88' lang='lat' dir='ltr'><strong>partiendi</strong></span> <span class='ocrx_word' id='word_1_418' title='bbox 3440 3789 3709 3844; x_wconf 86' lang='lat' dir='ltr'><strong>rationem</strong></span> 
     </span>
    </p>
   </div>
   <div class='ocr_carea' id='block_1_33' title="bbox 387 3893 3713 3983">
    <p class='ocr_par' dir='ltr' id='par_1_33' title="bbox 387 3893 3713 3983">
     <span class='ocr_line' id='line_1_33' title="bbox 387 3893 3713 3983; baseline -0.005 -16"><span class='ocrx_word' id='word_1_419' title='bbox 387 3917 778 3983; x_wconf 88' lang='lat' dir='ltr'><strong>sequeretur,</strong></span> <span class='ocrx_word' id='word_1_420' title='bbox 815 3912 1038 3960; x_wconf 88' lang='lat' dir='ltr'><strong>servata</strong></span> <span class='ocrx_word' id='word_1_421' title='bbox 1073 3901 1298 3974; x_wconf 89' lang='lat' dir='ltr'><strong>quidem</strong></span> <span class='ocrx_word' id='word_1_422' title='bbox 1333 3899 1724 3955; x_wconf 84' lang='lat' dir='ltr'><strong>Sirmondiana</strong></span> <span class='ocrx_word' id='word_1_423' title='bbox 1755 3898 1821 3953; x_wconf 89' lang='lat' dir='ltr'><strong>ad</strong></span> <span class='ocrx_word' id='word_1_424' title='bbox 1854 3897 2162 3968; x_wconf 84' lang='lat' dir='ltr'><strong>marginem</strong></span> <span class='ocrx_word' id='word_1_425' title='bbox 2194 3894 2522 3949; x_wconf 87' lang='lat' dir='ltr'><strong>curavimus</strong></span> <span class='ocrx_word' id='word_1_426' title='bbox 2549 3895 2730 3949; x_wconf 88' lang='lat' dir='ltr'><strong>notari</strong></span> <span class='ocrx_word' id='word_1_427' title='bbox 2762 3909 2888 3950; x_wconf 89' lang='lat' dir='ltr'><strong>eam</strong></span> <span class='ocrx_word' id='word_1_428' title='bbox 2920 3895 2976 3948; x_wconf 89' lang='lat' dir='ltr'><strong>in</strong></span> <span class='ocrx_word' id='word_1_429' title='bbox 3014 3893 3199 3964; x_wconf 85' lang='lat' dir='ltr'><strong>capita</strong></span> <span class='ocrx_word' id='word_1_430' title='bbox 3230 3895 3557 3950; x_wconf 90' lang='lat' dir='ltr'><strong>divisionem</strong></span> <span class='ocrx_word' id='word_1_431' title='bbox 3589 3910 3713 3964; x_wconf 76' lang='lat' dir='ltr'><strong>quae</strong></span> 
     </span>
    </p>
   </div>
   <div class='ocr_carea' id='block_1_34' title="bbox 385 3997 3794 4083">
    <p class='ocr_par' dir='ltr' id='par_1_34' title="bbox 385 3997 3794 4083">
     <span class='ocr_line' id='line_1_34' title="bbox 385 3997 3794 4083; baseline -0.006 -10"><span class='ocrx_word' id='word_1_432' title='bbox 385 4018 445 4072; x_wconf 86' lang='lat' dir='ltr'><strong>in</strong></span> <span class='ocrx_word' id='word_1_433' title='bbox 479 4014 726 4072; x_wconf 50' lang='lat' dir='ltr'><strong>caeteris</strong></span> <span class='ocrx_word' id='word_1_434' title='bbox 762 4008 1116 4065; x_wconf 88' lang='lat' dir='ltr'><strong>editionibus</strong></span> <span class='ocrx_word' id='word_1_435' title='bbox 1145 4005 1429 4062; x_wconf 87' lang='lat' dir='ltr'><strong>obtinebat</strong></span> <span class='ocrx_word' id='word_1_436' title='bbox 1453 4047 1466 4068; x_wconf 89' lang='lat'><strong>,</strong></span> <span class='ocrx_word' id='word_1_437' title='bbox 1503 4013 1560 4059; x_wconf 93' lang='lat' dir='ltr'><strong>ut</strong></span> <span class='ocrx_word' id='word_1_438' title='bbox 1592 4019 1714 4074; x_wconf 64' lang='lat' dir='ltr'><strong>quae</strong></span> <span class='ocrx_word' id='word_1_439' title='bbox 1747 4001 2056 4060; x_wconf 85' lang='lat' dir='ltr'><strong>secundum</strong></span> <span class='ocrx_word' id='word_1_440' title='bbox 2088 3999 2214 4054; x_wconf 88' lang='lat' dir='ltr'><strong>illas</strong></span> <span class='ocrx_word' id='word_1_441' title='bbox 2245 3998 2417 4055; x_wconf 89' lang='lat' dir='ltr'><strong>citata</strong></span> <span class='ocrx_word' id='word_1_442' title='bbox 2447 4007 2785 4063; x_wconf 90' lang='lat' dir='ltr'><strong>occurrant,</strong></span> <span class='ocrx_word' id='word_1_443' title='bbox 2827 3997 3052 4054; x_wconf 87' lang='lat' dir='ltr'><strong>facilius</strong></span> <span class='ocrx_word' id='word_1_444' title='bbox 3084 3999 3251 4054; x_wconf 86' lang='lat' dir='ltr'><strong>etiam</strong></span> <span class='ocrx_word' id='word_1_445' title='bbox 3290 3998 3346 4052; x_wconf 90' lang='lat' dir='ltr'><strong>in</strong></span> <span class='ocrx_word' id='word_1_446' title='bbox 3398 4007 3588 4054; x_wconf 88' lang='lat' dir='ltr'><strong>nostra</strong></span> <span class='ocrx_word' id='word_1_447' title='bbox 3627 4015 3714 4054; x_wconf 86' lang='lat' dir='ltr'><strong>re-</strong></span> <span class='ocrx_word' id='word_1_448' title='bbox 3789 4079 3794 4083; x_wconf 12' lang='grc' dir='ltr'>η</span> 
     </span>
    </p>
   </div>
   <div class='ocr_carea' id='block_1_35' title="bbox 385 4122 3626 4193">
    <p class='ocr_par' dir='ltr' id='par_1_35' title="bbox 385 4122 3626 4193">
     <span class='ocr_line' id='line_1_35' title="bbox 385 4122 3626 4193; baseline 0.003 -19"><span class='ocrx_word' id='word_1_449' title='bbox 385 4122 728 4193; x_wconf 78' lang='lat' dir='ltr'><strong>periantur.</strong></span> <span class='ocrx_word' id='word_1_450' title='bbox 3617 4177 3626 4184; x_wconf 90' lang='lat'><strong>.</strong></span> 
     </span>
    </p>
   </div>
   <div class='ocr_carea' id='block_1_36' title="bbox 456 4208 3721 4284">
    <p class='ocr_par' dir='ltr' id='par_1_36' title="bbox 456 4208 3721 4284">
     <span class='ocr_line' id='line_1_36' title="bbox 456 4208 3721 4284; baseline -0.006 -3"><span class='ocrx_word' id='word_1_451' title='bbox 456 4226 762 4281; x_wconf 70' lang='lat' dir='ltr'><strong>Caeterum</strong></span> <span class='ocrx_word' id='word_1_452' title='bbox 785 4259 801 4284; x_wconf 92' lang='lat'><strong>,</strong></span> <span class='ocrx_word' id='word_1_453' title='bbox 838 4227 900 4272; x_wconf 92' lang='lat' dir='ltr'><strong>ut</strong></span> <span class='ocrx_word' id='word_1_454' title='bbox 930 4216 1174 4272; x_wconf 81' lang='lat' dir='ltr'><strong>maxima</strong></span> <span class='ocrx_word' id='word_1_455' title='bbox 1206 4215 1328 4270; x_wconf 89' lang='lat' dir='ltr'><strong>laus</strong></span> <span class='ocrx_word' id='word_1_456' title='bbox 1355 4213 1589 4269; x_wconf 85' lang='lat' dir='ltr'><strong>debetur</strong></span> <span class='ocrx_word' id='word_1_457' title='bbox 1612 4210 1967 4267; x_wconf 88' lang='lat' dir='ltr'><strong>curatoribus</strong></span> <span class='ocrx_word' id='word_1_458' title='bbox 1993 4208 2303 4281; x_wconf 90' lang='lat' dir='ltr'><strong>bibliopolii</strong></span> <span class='ocrx_word' id='word_1_459' title='bbox 2330 4209 2801 4281; x_wconf 87' lang='lat' dir='ltr'><strong>orphanotrophei</strong></span> <span class='ocrx_word' id='word_1_460' title='bbox 2833 4210 3041 4276; x_wconf 85' lang='lat' dir='ltr'><strong>nostri,</strong></span> <span class='ocrx_word' id='word_1_461' title='bbox 3074 4209 3167 4282; x_wconf 90' lang='lat' dir='ltr'><strong>qui</strong></span> <span class='ocrx_word' id='word_1_462' title='bbox 3199 4211 3370 4266; x_wconf 89' lang='lat' dir='ltr'><strong>tantis</strong></span> <span class='ocrx_word' id='word_1_463' title='bbox 3399 4208 3721 4279; x_wconf 82' lang='lat' dir='ltr'><strong>sumptibus</strong></span> 
     </span>
    </p>
   </div>
   <div class='ocr_carea' id='block_1_37' title="bbox 375 4313 3730 4396">
    <p class='ocr_par' dir='ltr' id='par_1_37' title="bbox 375 4313 3730 4396">
     <span class='ocr_line' id='line_1_37' title="bbox 375 4313 3730 4396; baseline -0.007 -7"><span class='ocrx_word' id='word_1_464' title='bbox 375 4342 436 4389; x_wconf 88' lang='lat' dir='ltr'><strong>et</strong></span> <span class='ocrx_word' id='word_1_465' title='bbox 467 4326 794 4388; x_wconf 89' lang='lat' dir='ltr'><strong>incredibli</strong></span> <span class='ocrx_word' id='word_1_466' title='bbox 834 4320 1140 4396; x_wconf 88' lang='lat' dir='ltr'><strong>diligentia</strong></span> <span class='ocrx_word' id='word_1_467' title='bbox 1169 4335 1398 4392; x_wconf 87' lang='lat' dir='ltr'><strong>operam</strong></span> <span class='ocrx_word' id='word_1_468' title='bbox 1425 4319 1698 4374; x_wconf 92' lang='lat' dir='ltr'><strong>dederunt</strong></span> <span class='ocrx_word' id='word_1_469' title='bbox 1726 4324 1786 4372; x_wconf 92' lang='lat' dir='ltr'><strong>ut</strong></span> <span class='ocrx_word' id='word_1_470' title='bbox 1814 4331 1980 4387; x_wconf 88' lang='lat' dir='ltr'><strong>quam</strong></span> <span class='ocrx_word' id='word_1_471' title='bbox 2010 4314 2470 4372; x_wconf 83' lang='lat' dir='ltr'><strong>emendatissime</strong></span> <span class='ocrx_word' id='word_1_472' title='bbox 2503 4313 2956 4386; x_wconf 89' lang='lat' dir='ltr'><strong>amplissimeque</strong></span> <span class='ocrx_word' id='word_1_473' title='bbox 2984 4314 3398 4371; x_wconf 80' lang='lat' dir='ltr'><strong>excuderentur</strong></span> <span class='ocrx_word' id='word_1_474' title='bbox 3424 4321 3536 4368; x_wconf 85' lang='lat' dir='ltr'><strong>tam</strong></span> <span class='ocrx_word' id='word_1_475' title='bbox 3566 4321 3730 4368; x_wconf 82' lang='lat' dir='ltr'><strong>vasta.</strong></span> 
     </span>
    </p>
   </div>
   <div class='ocr_carea' id='block_1_38' title="bbox 373 4416 3714 4500">
    <p class='ocr_par' dir='ltr' id='par_1_38' title="bbox 373 4416 3714 4500">
     <span class='ocr_line' id='line_1_38' title="bbox 373 4416 3714 4500; baseline -0.006 -6"><span class='ocrx_word' id='word_1_476' title='bbox 373 4432 744 4493; x_wconf 84' lang='lat' dir='ltr'><strong>Theodoreti</strong></span> <span class='ocrx_word' id='word_1_477' title='bbox 773 4428 974 4500; x_wconf 83' lang='lat' dir='ltr'><strong>Opera</strong></span> <span class='ocrx_word' id='word_1_478' title='bbox 996 4469 1011 4495; x_wconf 90' lang='lat'><strong>,</strong></span> <span class='ocrx_word' id='word_1_479' title='bbox 1045 4435 1299 4496; x_wconf 91' lang='lat' dir='ltr'><strong>tempore</strong></span> <span class='ocrx_word' id='word_1_480' title='bbox 1329 4439 1396 4479; x_wconf 89' lang='lat' dir='ltr'><strong>eo</strong></span> <span class='ocrx_word' id='word_1_481' title='bbox 1425 4437 1538 4493; x_wconf 92' lang='lat' dir='ltr'><strong>quo</strong></span> <span class='ocrx_word' id='word_1_482' title='bbox 1569 4420 1684 4476; x_wconf 91' lang='lat' dir='ltr'><strong>fere</strong></span> <span class='ocrx_word' id='word_1_483' title='bbox 1715 4419 1904 4476; x_wconf 88' lang='lat' dir='ltr'><strong>studia</strong></span> <span class='ocrx_word' id='word_1_484' title='bbox 1934 4417 2254 4475; x_wconf 62' lang='lat' dir='ltr'><strong>Graecarum</strong></span> <span class='ocrx_word' id='word_1_485' title='bbox 2286 4417 2602 4473; x_wconf 88' lang='lat' dir='ltr'><strong>litterarum</strong></span> <span class='ocrx_word' id='word_1_486' title='bbox 2630 4459 2646 4482; x_wconf 89' lang='lat'><strong>,</strong></span> <span class='ocrx_word' id='word_1_487' title='bbox 2677 4416 2732 4470; x_wconf 92' lang='lat' dir='ltr'><strong>in</strong></span> <span class='ocrx_word' id='word_1_488' title='bbox 2765 4417 3072 4490; x_wconf 90' lang='lat' dir='ltr'><strong>primisque</strong></span> <span class='ocrx_word' id='word_1_489' title='bbox 3101 4425 3423 4474; x_wconf 89' lang='lat' dir='ltr'><strong>sanctorum</strong></span> <span class='ocrx_word' id='word_1_490' title='bbox 3456 4416 3714 4474; x_wconf 87' lang='lat' dir='ltr'><strong>Patrum.</strong></span> 
     </span>
    </p>
   </div>
   <div class='ocr_carea' id='block_1_39' title="bbox 371 4521 3718 4613">
    <p class='ocr_par' dir='ltr' id='par_1_39' title="bbox 371 4521 3718 4613">
     <span class='ocr_line' id='line_1_39' title="bbox 371 4521 3718 4613; baseline -0.007 -15"><span class='ocrx_word' id='word_1_491' title='bbox 371 4544 625 4613; x_wconf 85' lang='lat' dir='ltr'><strong>frigere,</strong></span> <span class='ocrx_word' id='word_1_492' title='bbox 681 4545 858 4595; x_wconf 87' lang='lat' dir='ltr'><strong>certe</strong></span> <span class='ocrx_word' id='word_1_493' title='bbox 910 4532 1206 4589; x_wconf 84' lang='lat' dir='ltr'><strong>rarissimi</strong></span> <span class='ocrx_word' id='word_1_494' title='bbox 1253 4544 1379 4585; x_wconf 89' lang='lat' dir='ltr'><strong>esse</strong></span> <span class='ocrx_word' id='word_1_495' title='bbox 1425 4528 1625 4582; x_wconf 85' lang='lat' dir='ltr'><strong>harum</strong></span> <span class='ocrx_word' id='word_1_496' title='bbox 1668 4540 1856 4581; x_wconf 88' lang='lat' dir='ltr'><strong>rerum</strong></span> <span class='ocrx_word' id='word_1_497' title='bbox 1901 4531 2184 4594; x_wconf 90' lang='lat' dir='ltr'><strong>emptores</strong></span> <span class='ocrx_word' id='word_1_498' title='bbox 2236 4522 2544 4577; x_wconf 88' lang='lat' dir='ltr'><strong>videntur:</strong></span> <span class='ocrx_word' id='word_1_499' title='bbox 2597 4521 2672 4575; x_wconf 88' lang='lat' dir='ltr'><strong>ita</strong></span> <span class='ocrx_word' id='word_1_500' title='bbox 2711 4537 2876 4592; x_wconf 90' lang='lat' dir='ltr'><strong>spero</strong></span> <span class='ocrx_word' id='word_1_501' title='bbox 2913 4522 3034 4578; x_wconf 87' lang='lat' dir='ltr'><strong>fore</strong></span> <span class='ocrx_word' id='word_1_502' title='bbox 3071 4529 3131 4577; x_wconf 92' lang='lat' dir='ltr'><strong>ut</strong></span> <span class='ocrx_word' id='word_1_503' title='bbox 3165 4521 3366 4576; x_wconf 91' lang='lat' dir='ltr'><strong>harum</strong></span> <span class='ocrx_word' id='word_1_504' title='bbox 3406 4521 3718 4577; x_wconf 83' lang='lat' dir='ltr'><strong>litterarum</strong></span> 
     </span>
    </p>
   </div>
   <div class='ocr_carea' id='block_1_40' title="bbox 366 4623 3722 4703">
    <p class='ocr_par' dir='ltr' id='par_1_40' title="bbox 366 4623 3722 4703">
     <span class='ocr_line' id='line_1_40' title="bbox 366 4623 3722 4703; baseline -0.007 1"><span class='ocrx_word' id='word_1_505' title='bbox 366 4656 638 4703; x_wconf 81' lang='lat' dir='ltr'><strong>amantes</strong></span> <span class='ocrx_word' id='word_1_506' title='bbox 669 4651 734 4700; x_wconf 88' lang='lat' dir='ltr'><strong>et</strong></span> <span class='ocrx_word' id='word_1_507' title='bbox 767 4635 1034 4697; x_wconf 87' lang='lat' dir='ltr'><strong>studiosi</strong></span> <span class='ocrx_word' id='word_1_508' title='bbox 1066 4633 1178 4689; x_wconf 91' lang='lat' dir='ltr'><strong>viri</strong></span> <span class='ocrx_word' id='word_1_509' title='bbox 1211 4632 1298 4688; x_wconf 88' lang='lat' dir='ltr'><strong>vel</strong></span> <span class='ocrx_word' id='word_1_510' title='bbox 1335 4628 1823 4686; x_wconf 90' lang='lat' dir='ltr'><strong>commendatione</strong></span> <span class='ocrx_word' id='word_1_511' title='bbox 1859 4641 1960 4703; x_wconf 79' lang='lat' dir='ltr'><strong>sua</strong></span> <span class='ocrx_word' id='word_1_512' title='bbox 1993 4625 2457 4682; x_wconf 89' lang='lat' dir='ltr'><strong>honestissimum</strong></span> <span class='ocrx_word' id='word_1_513' title='bbox 2514 4623 2663 4679; x_wconf 88' lang='lat' dir='ltr'><strong>istud</strong></span> <span class='ocrx_word' id='word_1_514' title='bbox 2715 4625 3036 4681; x_wconf 90' lang='lat' dir='ltr'><strong>institutum</strong></span> <span class='ocrx_word' id='word_1_515' title='bbox 3087 4625 3388 4697; x_wconf 72' lang='lat' dir='ltr'><strong>adiuvent,</strong></span> <span class='ocrx_word' id='word_1_516' title='bbox 3437 4625 3722 4693; x_wconf 85' lang='lat' dir='ltr'><strong>Deumque</strong></span> 
     </span>
    </p>
   </div>
   <div class='ocr_carea' id='block_1_41' title="bbox 365 4729 3721 4823">
    <p class='ocr_par' dir='ltr' id='par_1_41' title="bbox 365 4729 3721 4823">
     <span class='ocr_line' id='line_1_41' title="bbox 365 4729 3721 4823; baseline -0.007 -13"><span class='ocrx_word' id='word_1_517' title='bbox 365 4753 435 4810; x_wconf 88' lang='lat'><strong>0.</strong></span> <span class='ocrx_word' id='word_1_518' title='bbox 487 4753 563 4809; x_wconf 75' lang='grc' dir='ltr'><strong>Μ.</strong></span> <span class='ocrx_word' id='word_1_519' title='bbox 611 4765 765 4823; x_wconf 85' lang='lat' dir='ltr'><strong>rogo</strong></span> <span class='ocrx_word' id='word_1_520' title='bbox 820 4757 888 4802; x_wconf 87' lang='lat' dir='ltr'><strong>ut</strong></span> <span class='ocrx_word' id='word_1_521' title='bbox 938 4742 1276 4814; x_wconf 83' lang='lat' dir='ltr'><strong>quicunque</strong></span> <span class='ocrx_word' id='word_1_522' title='bbox 1317 4738 1405 4794; x_wconf 91' lang='lat' dir='ltr'><strong>his</strong></span> <span class='ocrx_word' id='word_1_523' title='bbox 1437 4735 1598 4791; x_wconf 87' lang='lat' dir='ltr'><strong>libris</strong></span> <span class='ocrx_word' id='word_1_524' title='bbox 1645 4734 1986 4789; x_wconf 88' lang='lat' dir='ltr'><strong>Theodoreti</strong></span> <span class='ocrx_word' id='word_1_525' title='bbox 2021 4734 2104 4788; x_wconf 90' lang='lat' dir='ltr'><strong>usi</strong></span> <span class='ocrx_word' id='word_1_526' title='bbox 2135 4731 2392 4798; x_wconf 91' lang='lat' dir='ltr'><strong>fuerint,</strong></span> <span class='ocrx_word' id='word_1_527' title='bbox 2418 4747 2515 4787; x_wconf 88' lang='lat' dir='ltr'><strong>eos</strong></span> <span class='ocrx_word' id='word_1_528' title='bbox 2547 4747 2715 4801; x_wconf 89' lang='lat' dir='ltr'><strong>quam</strong></span> <span class='ocrx_word' id='word_1_529' title='bbox 2754 4731 3028 4800; x_wconf 87' lang='lat' dir='ltr'><strong>plurimos</strong></span> <span class='ocrx_word' id='word_1_530' title='bbox 3058 4747 3250 4788; x_wconf 89' lang='lat' dir='ltr'><strong>eorum</strong></span> <span class='ocrx_word' id='word_1_531' title='bbox 3284 4731 3496 4787; x_wconf 86' lang='lat' dir='ltr'><strong>fructus</strong></span> <span class='ocrx_word' id='word_1_532' title='bbox 3527 4730 3593 4786; x_wconf 86' lang='lat' dir='ltr'><strong>ad</strong></span> <span class='ocrx_word' id='word_1_533' title='bbox 3621 4729 3721 4786; x_wconf 60' lang='lat' dir='ltr'><strong>dor</strong></span> 
     </span>
    </p>
   </div>
   <div class='ocr_carea' id='block_1_42' title="bbox 365 4837 2364 4929">
    <p class='ocr_par' dir='ltr' id='par_1_42' title="bbox 365 4837 2364 4929">
     <span class='ocr_line' id='line_1_42' title="bbox 365 4837 2364 4929; baseline -0.014 -15"><span class='ocrx_word' id='word_1_534' title='bbox 365 4862 615 4916; x_wconf 82' lang='lat' dir='ltr'><strong>ctrinam</strong></span> <span class='ocrx_word' id='word_1_535' title='bbox 649 4858 1073 4929; x_wconf 84' lang='lat' dir='ltr'><strong>pietatemque</strong></span> <span class='ocrx_word' id='word_1_536' title='bbox 1107 4843 1360 4900; x_wconf 85' lang='lat' dir='ltr'><strong>alendam</strong></span> <span class='ocrx_word' id='word_1_537' title='bbox 1390 4851 1558 4912; x_wconf 89' lang='lat' dir='ltr'><strong>atque</strong></span> <span class='ocrx_word' id='word_1_538' title='bbox 1587 4839 1893 4910; x_wconf 88' lang='lat' dir='ltr'><strong>augendam</strong></span> <span class='ocrx_word' id='word_1_539' title='bbox 1925 4853 2123 4909; x_wconf 89' lang='lat' dir='ltr'><strong>capere</strong></span> <span class='ocrx_word' id='word_1_540' title='bbox 2150 4837 2364 4908; x_wconf 82' lang='lat' dir='ltr'><strong>jubeat.</strong></span> 
     </span>
    </p>
   </div>
   <div class='ocr_carea' id='block_1_43' title="bbox 443 4965 1751 5058">
    <p class='ocr_par' dir='ltr' id='par_1_43' title="bbox 443 4965 1751 5058">
     <span class='ocr_line' id='line_1_43' title="bbox 443 4965 1751 5058; baseline -0.02 -15"><span class='ocrx_word' id='word_1_541' title='bbox 443 4986 675 5058; x_wconf 80' lang='lat' dir='ltr'><strong>Scripsi</strong></span> <span class='ocrx_word' id='word_1_542' title='bbox 714 4981 896 5038; x_wconf 84' lang='lat' dir='ltr'><strong>Halis</strong></span> <span class='ocrx_word' id='word_1_543' title='bbox 930 4977 1030 5032; x_wconf 88' lang='lat' dir='ltr'><strong>die</strong></span> <span class='ocrx_word' id='word_1_544' title='bbox 1065 4973 1140 5026; x_wconf 67' lang='grc'><strong>27</strong></span> <span class='ocrx_word' id='word_1_545' title='bbox 1183 4970 1390 5040; x_wconf 79' lang='lat' dir='ltr'><strong>Aprilis</strong></span> <span class='ocrx_word' id='word_1_546' title='bbox 1420 4983 1552 5023; x_wconf 90' lang='lat' dir='ltr'><strong>ann.</strong></span> <span class='ocrx_word' id='word_1_547' title='bbox 1591 4965 1751 5020; x_wconf 85' lang='grc'><strong>1771.</strong></span> 
     </span>
    </p>
   </div>
   <div class='ocr_carea' id='block_1_44' title="bbox 1813 5296 2451 5392">
    <p class='ocr_par' dir='ltr' id='par_1_44' title="bbox 1813 5296 2451 5392">
     <span class='ocr_line' id='line_1_44' title="bbox 1813 5296 2451 5392; baseline -0.013 0"><span class='ocrx_word' id='word_1_548' title='bbox 1813 5327 2386 5392; x_wconf 83' lang='lat' dir='ltr'><strong>COROLLARIUM.</strong></span> <span class='ocrx_word' id='word_1_549' title='bbox 2448 5296 2451 5300; x_wconf 76' lang='grc'><strong>’</strong></span> 
     </span>
    </p>
   </div>
   <div class='ocr_carea' id='block_1_45' title="bbox 446 5455 3731 5551">
    <p class='ocr_par' dir='ltr' id='par_1_45' title="bbox 446 5455 3731 5551">
     <span class='ocr_line' id='line_1_45' title="bbox 446 5455 3731 5551; baseline -0.009 -10"><span class='ocrx_word' id='word_1_550' title='bbox 446 5495 586 5550; x_wconf 81' lang='lat' dir='ltr'><strong>Cum</strong></span> <span class='ocrx_word' id='word_1_551' title='bbox 621 5489 696 5546; x_wconf 77' lang='lat' dir='ltr'><strong>ad</strong></span> <span class='ocrx_word' id='word_1_552' title='bbox 730 5497 872 5544; x_wconf 81' lang='lat' dir='ltr'><strong>eam</strong></span> <span class='ocrx_word' id='word_1_553' title='bbox 909 5481 1151 5551; x_wconf 85' lang='lat' dir='ltr'><strong>partem</strong></span> <span class='ocrx_word' id='word_1_554' title='bbox 1191 5470 1524 5526; x_wconf 89' lang='lat' dir='ltr'><strong>scholiorum</strong></span> <span class='ocrx_word' id='word_1_555' title='bbox 1563 5467 1892 5524; x_wconf 89' lang='lat' dir='ltr'><strong>Theodoreti</strong></span> <span class='ocrx_word' id='word_1_556' title='bbox 1929 5466 1986 5520; x_wconf 93' lang='lat' dir='ltr'><strong>in</strong></span> <span class='ocrx_word' id='word_1_557' title='bbox 2017 5461 2294 5532; x_wconf 86' lang='lat' dir='ltr'><strong>Epistolas</strong></span> <span class='ocrx_word' id='word_1_558' title='bbox 2325 5459 2588 5516; x_wconf 79' lang='lat' dir='ltr'><strong>Paulinus</strong></span> <span class='ocrx_word' id='word_1_559' title='bbox 2620 5459 3033 5529; x_wconf 80' lang='lat' dir='ltr'><strong>pervenissent,</strong></span> <span class='ocrx_word' id='word_1_560' title='bbox 3067 5459 3156 5513; x_wconf 90' lang='lat' dir='ltr'><strong>ubi</strong></span> <span class='ocrx_word' id='word_1_561' title='bbox 3195 5455 3399 5511; x_wconf 86' lang='lat' dir='ltr'><strong>mentio</strong></span> <span class='ocrx_word' id='word_1_562' title='bbox 3440 5455 3581 5511; x_wconf 88' lang='lat' dir='ltr'><strong>facta</strong></span> <span class='ocrx_word' id='word_1_563' title='bbox 3613 5464 3731 5512; x_wconf 85' lang='lat' dir='ltr'><strong>erat</strong></span> 
     </span>
    </p>
   </div>
   <div class='ocr_carea' id='block_1_46' title="bbox 379 5560 3730 5656">
    <p class='ocr_par' dir='ltr' id='par_1_46' title="bbox 379 5560 3730 5656">
     <span class='ocr_line' id='line_1_46' title="bbox 379 5560 3730 5656; baseline -0.006 -22"><span class='ocrx_word' id='word_1_564' title='bbox 379 5601 489 5655; x_wconf 63' lang='grc' dir='ltr'><strong>ιοαί</strong></span> <span class='ocrx_word' id='word_1_565' title='bbox 527 5599 545 5654; x_wconf 77' lang='grc' dir='ltr'>ι</span> <span class='ocrx_word' id='word_1_566' title='bbox 577 5599 718 5654; x_wconf 63' lang='grc' dir='ltr'><strong>ρον,</strong></span> <span class='ocrx_word' id='word_1_567' title='bbox 759 5608 825 5648; x_wconf 82' lang='grc' dir='ltr'><strong>ηι</strong></span> <span class='ocrx_word' id='word_1_568' title='bbox 849 5629 868 5656; x_wconf 73' lang='grc'><em>,</em></span> <span class='ocrx_word' id='word_1_569' title='bbox 910 5584 992 5641; x_wconf 74' lang='grc'><strong>15</strong></span> <span class='ocrx_word' id='word_1_570' title='bbox 1016 5619 1034 5646; x_wconf 88' lang='grc'><em>,</em></span> <span class='ocrx_word' id='word_1_571' title='bbox 1077 5578 1154 5635; x_wconf 86' lang='lat' dir='ltr'><strong>de</strong></span> <span class='ocrx_word' id='word_1_572' title='bbox 1182 5576 1303 5648; x_wconf 88' lang='lat' dir='ltr'><strong>igne</strong></span> <span class='ocrx_word' id='word_1_573' title='bbox 1332 5577 1519 5633; x_wconf 88' lang='lat' dir='ltr'><strong>omnia</strong></span> <span class='ocrx_word' id='word_1_574' title='bbox 1549 5582 1906 5646; x_wconf 79' lang='lat' dir='ltr'><strong>spectatura,</strong></span> <span class='ocrx_word' id='word_1_575' title='bbox 1943 5568 2284 5639; x_wconf 89' lang='lat' dir='ltr'><strong>alteriusque</strong></span> <span class='ocrx_word' id='word_1_576' title='bbox 2317 5567 2496 5624; x_wconf 87' lang='lat' dir='ltr'><strong>Galat.</strong></span> <span class='ocrx_word' id='word_1_577' title='bbox 2532 5579 2608 5630; x_wconf 83' lang='grc' dir='ltr'><strong>η,</strong></span> <span class='ocrx_word' id='word_1_578' title='bbox 2643 5563 2738 5634; x_wconf 91' lang='lat' dir='ltr'><strong>qui</strong></span> <span class='ocrx_word' id='word_1_579' title='bbox 2780 5563 2936 5619; x_wconf 82' lang='lat' dir='ltr'><strong>Pauli</strong></span> <span class='ocrx_word' id='word_1_580' title='bbox 2980 5579 3107 5620; x_wconf 89' lang='lat' dir='ltr'><strong>cum</strong></span> <span class='ocrx_word' id='word_1_581' title='bbox 3162 5560 3334 5622; x_wconf 26' lang='lat' dir='ltr'><strong>Petro,</strong></span> <span class='ocrx_word' id='word_1_582' title='bbox 3373 5561 3730 5630; x_wconf 82' lang='lat' dir='ltr'><strong>disceptatio-</strong></span> 
     </span>
    </p>
   </div>
   <div class='ocr_carea' id='block_1_47' title="bbox 383 5665 3730 5770">
    <p class='ocr_par' dir='ltr' id='par_1_47' title="bbox 383 5665 3730 5770">
     <span class='ocr_line' id='line_1_47' title="bbox 383 5665 3730 5770; baseline -0.011 -14"><span class='ocrx_word' id='word_1_583' title='bbox 383 5717 511 5758; x_wconf 88' lang='lat' dir='ltr'><strong>nem</strong></span> <span class='ocrx_word' id='word_1_584' title='bbox 560 5692 1035 5770; x_wconf 86' lang='lat' dir='ltr'><strong>complectitur,</strong></span> <span class='ocrx_word' id='word_1_585' title='bbox 1089 5687 1259 5751; x_wconf 86' lang='lat' dir='ltr'><strong>atque</strong></span> <span class='ocrx_word' id='word_1_586' title='bbox 1306 5680 1692 5736; x_wconf 89' lang='lat' dir='ltr'><strong>observassem</strong></span> <span class='ocrx_word' id='word_1_587' title='bbox 1739 5673 2261 5748; x_wconf 87' lang='lat' dir='ltr'><strong>interpretationem</strong></span> <span class='ocrx_word' id='word_1_588' title='bbox 2313 5672 2482 5744; x_wconf 85' lang='lat' dir='ltr'><strong>hujus</strong></span> <span class='ocrx_word' id='word_1_589' title='bbox 2535 5668 2932 5726; x_wconf 86' lang='lat' dir='ltr'><strong>eTbeodoreti</strong></span> <span class='ocrx_word' id='word_1_590' title='bbox 2961 5666 3384 5727; x_wconf 85' lang='lat' dir='ltr'><strong>commentariis</strong></span> <span class='ocrx_word' id='word_1_591' title='bbox 3417 5665 3730 5732; x_wconf 80' lang='lat' dir='ltr'><strong>excidisse,</strong></span> 
     </span>
    </p>
   </div>
   <div class='ocr_carea' id='block_1_48' title="bbox 385 5769 3728 5863">
    <p class='ocr_par' dir='ltr' id='par_1_48' title="bbox 385 5769 3728 5863">
     <span class='ocr_line' id='line_1_48' title="bbox 385 5769 3728 5863; baseline -0.008 -12"><span class='ocrx_word' id='word_1_592' title='bbox 385 5815 585 5863; x_wconf 62' lang='lat' dir='ltr'><strong>contra</strong></span> <span class='ocrx_word' id='word_1_593' title='bbox 619 5805 679 5860; x_wconf 79' lang='lat' dir='ltr'><strong>in</strong></span> <span class='ocrx_word' id='word_1_594' title='bbox 708 5769 820 5859; x_wconf 12' lang='lat' dir='ltr'><strong>filio</strong></span> <span class='ocrx_word' id='word_1_595' title='bbox 854 5784 1315 5859; x_wconf 85' lang='lat' dir='ltr'><strong>interpretando</strong></span> <span class='ocrx_word' id='word_1_596' title='bbox 1339 5800 1464 5841; x_wconf 87' lang='lat' dir='ltr'><strong>esse</strong></span> <span class='ocrx_word' id='word_1_597' title='bbox 1493 5784 1587 5856; x_wconf 89' lang='lat' dir='ltr'><strong>qui</strong></span> <span class='ocrx_word' id='word_1_598' title='bbox 1616 5782 1870 5838; x_wconf 89' lang='lat' dir='ltr'><strong>dicerent</strong></span> <span class='ocrx_word' id='word_1_599' title='bbox 1893 5778 2310 5836; x_wconf 90' lang='lat' dir='ltr'><strong>Theodoretum</strong></span> <span class='ocrx_word' id='word_1_600' title='bbox 2338 5774 2636 5849; x_wconf 89' lang='lat' dir='ltr'><strong>quamdam</strong></span> <span class='ocrx_word' id='word_1_601' title='bbox 2667 5775 2831 5846; x_wconf 87' lang='lat' dir='ltr'><strong>quasi</strong></span> <span class='ocrx_word' id='word_1_602' title='bbox 2859 5774 3324 5846; x_wconf 85' lang='lat' dir='ltr'><strong>significationem</strong></span> <span class='ocrx_word' id='word_1_603' title='bbox 3354 5769 3498 5842; x_wconf 86' lang='lat' dir='ltr'><strong>ignis</strong></span> <span class='ocrx_word' id='word_1_604' title='bbox 3521 5809 3536 5836; x_wconf 95' lang='lat'><strong>,</strong></span> <span class='ocrx_word' id='word_1_605' title='bbox 3566 5783 3728 5836; x_wconf 83' lang='lat' dir='ltr'><strong>quem</strong></span> 
     </span>
    </p>
   </div>
   <div class='ocr_carea' id='block_1_49' title="bbox 391 5872 3729 5985">
    <p class='ocr_par' dir='ltr' id='par_1_49' title="bbox 391 5872 3729 5985">
     <span class='ocr_line' id='line_1_49' title="bbox 391 5872 3729 5985; baseline -0.007 -33"><span class='ocrx_word' id='word_1_606' title='bbox 391 5910 797 5985; x_wconf 60' lang='grc' dir='ltr'><strong>μημιοι-ῖιιηι</strong></span> <span class='ocrx_word' id='word_1_607' title='bbox 835 5896 1196 5976; x_wconf 77' lang='lat' dir='ltr'><strong>appellant,</strong></span> <span class='ocrx_word' id='word_1_608' title='bbox 1230 5892 1544 5964; x_wconf 87' lang='lat' dir='ltr'><strong>reperisse:</strong></span> <span class='ocrx_word' id='word_1_609' title='bbox 1578 5887 1872 5961; x_wconf 84' lang='lat' dir='ltr'><strong>sperabam</strong></span> <span class='ocrx_word' id='word_1_610' title='bbox 1904 5902 2005 5962; x_wconf 85' lang='lat' dir='ltr'><strong>me</strong></span> <span class='ocrx_word' id='word_1_611' title='bbox 2051 5886 2299 5952; x_wconf 87' lang='lat' dir='ltr'><strong>interea,</strong></span> <span class='ocrx_word' id='word_1_612' title='bbox 2334 5881 2466 5938; x_wconf 90' lang='lat' dir='ltr'><strong>dum</strong></span> <span class='ocrx_word' id='word_1_613' title='bbox 2515 5880 2956 5940; x_wconf 85' lang='lat' dir='ltr'><strong>commentarius</strong></span> <span class='ocrx_word' id='word_1_614' title='bbox 3005 5879 3110 5937; x_wconf 90' lang='lat' dir='ltr'><strong>iste</strong></span> <span class='ocrx_word' id='word_1_615' title='bbox 3159 5876 3483 5952; x_wconf 79' lang='lat' dir='ltr'><strong>typographi</strong></span> <span class='ocrx_word' id='word_1_616' title='bbox 3531 5872 3729 5931; x_wconf 67' lang='lat' dir='ltr'><strong>formis</strong></span> 
     </span>
    </p>
   </div>
  </div>
