4124 6400
447 502 512 568 l9
1613 502 1823 564 JOAN.
1859 502 2038 562 AUG.
2067 501 2451 562 NOESSELT
3651 494 3728 560 αα

446 610 1128 682 exscriberetur,_aliquid
1161 621 1548 683 reperturum,
1580 614 1727 670 unde
1765 616 1911 671 ratio
1945 623 1999 669 et
2029 629 2212 669 causai
2244 614 2411 684 hujus
2442 614 2557 667 sive
2583 612 2891 667 additionis
2941 613 3059 667 sive
3097 613 3461 669 detractionis
3502 615 3718 669 certius

460 718 923 789 intelligerentur.
957 715 1014 772 In
1047 731 1157 788 quo
1188 718 1290 773 etsi
1326 735 1411 774 me
1448 734 1577 790 spes
1627 718 1854 784 felellit,
1886 720 2030 772 dabo
2063 726 2248 770 tamen
2280 732 2402 787 quae
2433 716 2540 771 nisi
2582 715 2650 770 ad
2684 730 2804 770 eam
2840 730 2955 771 rem
2987 715 3374 771 illustrandam
3409 714 3713 772 admodum

447 823 685 886 faciant,
717 831 870 877 certe
901 822 1148 878 excitare
1176 823 1316 878 alios
1348 824 1415 877 ad
1449 825 1681 880 meliora
1711 823 2013 895 quaerenda
2046 822 2287 893 possint.

521 929 689 986 Vetus
745 941 853 998 est,
889 946 1204 1001 quanquam
1237 951 1265 985 ιι
1308 930 1520 989 Latinis
1566 934 1776 990 Gramis
1837 932 2078 997 reddita,
2134 932 2363 1002 querela
2415 932 2734 986 Graecorum
2763 950 2777 985 :
2809 930 3177 985 adulteratam
3201 946 3325 986 esse
3348 946 3445 999 per
3490 930 3725 986 Latinos

445 1035 672 1091 Patrum
711 1037 1029 1091 Graecorum
1055 1037 1473 1104 auctoritatem,
1500 1040 1836 1110 collegitque
1871 1039 2004 1093 talia
2036 1038 2394 1107 querelarum
2429 1037 2591 1106 plena
2630 1036 2749 1091 loca
2785 1035 2895 1092 Leo
2920 1036 3159 1092 Allatius
3195 1036 3266 1091 De
3294 1037 3497 1091 lt'ccles.
3536 1035 3720 1091 Occid.

444 1152 496 1197 et
543 1140 804 1198 Oriental.
856 1152 1111 1213 perpetua
1169 1145 1533 1208 consensione,
1573 1145 1668 1201 lib.
1724 1161 1807 1211 III,
1840 1144 2019 1215 c.t,§
2078 1141 2133 1196 5.
2174 1140 2241 1197 Ut
2283 1141 2449 1198 unius
2502 1141 2837 1197 Theodoreti
2897 1156 3124 1197 causam
3188 1157 3515 1212 persequar,
3567 1141 3731 1195 nullo

449 1245 610 1301 modo
650 1246 916 1302 credibile
945 1256 1031 1301 est
1063 1248 1242 1302 locum
1270 1248 1326 1303 in
1358 1248 1604 1319 Epistula
1645 1249 1713 1305 ad
1763 1249 1988 1305 Galatas
2017 1247 2086 1313 ab
2118 1262 2185 1302 eo
2232 1248 2354 1303 sine
2378 1248 2840 1318 interpretatione
2865 1248 3052 1319 aliqua
3107 1247 3564 1318 praetermissum,
3595 1260 3724 1300 cum

451 1351 595 1405 haud
626 1351 793 1407 dubie
827 1352 1078 1407 habuerit
1106 1353 1285 1409 locum
1312 1356 1364 1408 iu
1394 1354 1551 1410 libris
1581 1355 1700 1411 suis
1724 1364 1778 1411 et
1805 1370 1952 1426 sa'pe
1973 1353 2105 1409 alibi
2130 1351 2294 1409 istius
2322 1352 2492 1407 verba
2512 1352 2826 1422 protulerit,
2850 1367 3028 1424 neque
3051 1351 3136 1408 vel
3169 1352 3216 1408 is
3246 1350 3487 1422 sitquasi
3510 1350 3728 1421 ignobi-

450 1456 520 1510 lis
552 1456 706 1511 locus
726 1457 793 1511 ad
811 1473 971 1528 quem
998 1459 1133 1513 nihil
1166 1460 1453 1515 commode
1481 1460 1588 1516 dici
1617 1464 1817 1532 possit,
1876 1461 1958 1515 vel
1980 1461 2054 1515 ita
2104 1461 2392 1533 negligens
2420 1459 2806 1517 Theodoretus
2829 1469 2887 1516 ut
2912 1461 3034 1531 ipsa
3065 1467 3250 1516 textus
3301 1474 3413 1513 non
3460 1458 3730 1513 illustrati

452 1560 620 1614 verba
656 1562 1061 1631 praetermittat.
1112 1561 1249 1618 Tres
1279 1572 1410 1619 sunt
1442 1566 1669 1621 omnino
1696 1566 1917 1622 codices
1947 1566 2474 1622 commentariorum
2522 1566 2862 1622 Theodoreti
2893 1567 2951 1621 in
2987 1565 3144 1620 Pauli
3183 1565 3461 1635 Epistolas
3500 1564 3569 1620 ad
3613 1563 3723 1620 hoc

454 1682 627 1734 usque
646 1678 860 1739 tempus
884 1678 1142 1725 accurate
1165 1660 1370 1726 col-lati.
1390 1670 1542 1728 Unus
1570 1674 1635 1738 is,
1656 1689 1818 1743 quem
1842 1672 2111 1727 Hervetus
2130 1672 2183 1726 iu
2224 1673 2680 1743 interpretatione
2701 1687 2803 1728 sua
2824 1680 3052 1728 secutus
3073 1679 3179 1739 est,
3203 1678 3518 1742 acceptum,
3540 1680 3598 1725 ut
3626 1670 3727 1735 ait,

454 1788 483 1826 a
511 1770 1048 1837 MarcelloCervino,
1071 1774 1342 1828 cardinali
1378 1775 1595 1830 Sanctae
1628 1777 1846 1839 Crucis.
1871 1778 1965 1848 qui
1991 1788 2139 1848 post,
2177 1787 2468 1849 assumpto
2488 1778 2734 1834 Marcelli
2759 1779 2996 1834 secundi
3018 1779 3241 1834 nomine
3261 1819 3276 1844 ,
3309 1787 3576 1849 tanquam
3597 1792 3733 1847 pon-

455 1878 581 1931 tifex
605 1876 900 1933 Ecclesiam
924 1877 1224 1936 Romanam
1243 1881 1405 1934 rexit.
1424 1879 1595 1946 Quem
1614 1897 1737 1936 cum
1756 1884 1894 1938 satis
1914 1894 2130 1940 constet
2147 1898 2213 1939 eo
2232 1894 2478 1955 tempore
2505 1883 2858 1940 bibliothecae
2881 1883 3164 1940 Vaticana:
3192 1883 3512 1954 praefectum
3535 1881 3728 1947 fuisse,

460 1984 754 2053 ntultisqne
775 2001 894 2039 eam
925 1986 1102 2049 libris,
1136 1986 1374 2043 maxime
1399 1985 1631 2056 Graecis,
1665 1988 2238 2059 locupletasse,usum
2265 1991 2319 2046 in
2351 1991 2543 2061 primis
2579 2004 2750 2059 opera
2783 1988 3067 2045 Guilielmi
3094 1988 3310 2052 Sirleti,
3337 2003 3506 2059 quem
3521 1996 3577 2043 et
3605 1987 3733 2057 ipse

462 2088 727 2144 llervetus
782 2091 836 2145 in
896 2090 1227 2148 Praefatione
1274 2101 1541 2162 tanquam
1601 2094 1669 2149 de
1734 2095 1838 2149 loci
1869 2094 1889 2148 Ι
1920 2096 2052 2150 Cor.
2096 2111 2157 2150 ιιι
2227 2097 2498 2151 varietate
2546 2097 2942 2152 admonentem
3002 2105 3442 2160 commemorat,
3485 2110 3739 2165 cumque

461 2196 733 2253 llervetus
764 2199 1010 2269 (epistol.
1064 2199 1307 2255 dedicat.
1355 2199 1839 2271 interpretationis
1887 2211 2253 2258 cctnmentar.
2308 2202 2700 2274 Chrysostomi
2745 2203 2802 2257 in
2838 2201 3113 2273 Psalmos)
3162 2201 3489 2272 proﬁteatur
3535 2216 3596 2256 se
3636 2214 3739 2271 per

462 2302 530 2357 Μ.
587 2303 886 2359 Cervinum
937 2305 1185 2361 codicem
1232 2305 1622 2377 Chrysostomi
1671 2321 1700 2361 e
1748 2305 2097 2364 Ferrariensi
2145 2306 2639 2362 Dominicanorum
2688 2314 2745 2363 et
2801 2306 3178 2363 Caesenatensi
3227 2304 3737 2362 Franciscanorum

461 2410 813 2467 bibliothecis
842 2412 1183 2483 descriptum
1229 2412 1491 2468 habuisse
1529 2428 1542 2465 :
1579 2413 1883 2484 probabilis
1940 2414 2193 2484 suspicio
2242 2421 2329 2467 est
2375 2410 2714 2467 Theodoreti
2766 2412 3227 2475 commentarios,
3271 2427 3413 2482 quos
3455 2410 3734 2466 Hervetus

462 2516 723 2581 habebat,
767 2516 940 2573 fuisse
973 2534 1004 2573 e
1036 2517 1231 2578 codice
1274 2516 1467 2574 Italico
1498 2519 1739 2584 ductos,
1776 2518 1844 2574 de
1885 2517 2048 2589 cujus
2079 2516 2305 2587 generis
2347 2516 2507 2572 libris
2545 2516 2749 2573 deinde
2790 2517 2990 2571 dicam.
3018 2515 3159 2571 Tum
3206 2515 3564 2575 Sirmondus.
3608 2530 3733 2567 cum

464 2622 678 2689 primus
700 2620 1030 2678 Theodoreti
1056 2623 1269 2679 scholia
1298 2624 1488 2679 Graeca
1516 2624 1727 2687 ederet,
1762 2640 1871 2679 non
1905 2624 2132 2695 quidem
2158 2623 2295 2679 dicit
2316 2637 2427 2693 quo
2457 2621 2531 2677 sit
2557 2620 2752 2676 codice
2775 2637 2934 2688 usus,
2969 2620 3066 2676 sed
3099 2636 3247 2684 cum,
3274 2621 3339 2675 de
3370 2619 3723 2691 professione

462 2744 561 2783 sua
589 2727 774 2799 (Praef.
817 2730 885 2785 ad
925 2740 1060 2786 tom.
1096 2732 1114 2787 Ι
1144 2730 1285 2801 Opp.
1327 2730 1709 2799 Theodoreti),
1748 2732 1803 2786 in
1842 2730 2036 2803 primis
2080 2728 2306 2783 codices
2343 2726 2695 2782 bibliotheca:
2744 2727 2910 2799 regiae
2962 2725 3306 2781 Parisiensis
3356 2724 3731 2786 consuluerit,

463 2832 554 2885 vix
589 2847 714 2887 eum
745 2832 989 2889 dubitari
1035 2844 1215 2905 potest
1273 2836 1478 2890 librum
1528 2838 1802 2907 scriptum
1852 2835 2180 2891 adhibuisse
2224 2830 2319 2902 qui
2366 2846 2511 2887 unus
2542 2838 2801 2901 superest
2836 2831 2891 2885 in
2921 2829 3019 2885 illa
3055 2829 3418 2895 bibliotheca,
3456 2841 3736 2899 quemque

465 2934 625 2991 Bich.
661 2937 865 2993 Simon
890 2937 1055 3009 (Hist.
1089 2940 1218 2994 erit.
1246 2948 1606 2996 commentat.
1642 2942 1697 2996 in
1728 2940 1794 2995 N.
1817 2940 1883 2995 T.
1918 2939 2047 3009 325)
2091 2938 2364 2994 novitium
2385 2937 2521 2992 dicit
2556 2952 2795 3009 eumque
2845 2936 3240 3001 chartaceum,
3279 2934 3487 2990 factum
3533 2934 3601 2989 de
3629 2932 3739 2986 alio

466 3042 521 3096 in
550 3037 725 3098 Italia.
745 3042 812 3098 Et
844 3058 973 3099 vero
1009 3044 1178 3100 etiam
1214 3044 1410 3101 Petrus
1440 3046 1679 3103 Allixius
1718 3047 1797 3116 (in
1829 3047 1981 3102 notis
2012 3045 2082 3100 ad
2105 3043 2355 3099 Nectarii
2376 3044 2643 3113 confutat.
2668 3045 2877 3113 imperii
2910 3041 3073 3112 Papa:
3107 3044 3163 3097 in
3185 3041 3505 3104 Ecclesium,
3532 3056 3587 3111 p.
3610 3039 3737 3104 M9)

466 3160 526 3200 se
549 3147 902 3216 expendisse,
941 3148 1141 3219 inquit,
1176 3148 1330 3204 illum
1368 3149 1614 3207 codicem
1645 3166 1809 3222 quem
1841 3154 2068 3209 secutus
2096 3150 2171 3207 sit
2202 3151 2537 3208 Sirmcndus
2572 3154 2628 3207 in
2662 3151 2970 3206 omittendo
3013 3151 3138 3206 loco
3164 3149 3317 3205 Pauli
3356 3148 3425 3204 de
3455 3162 3557 3203 sua
3602 3161 3731 3202 cum

465 3250 632 3307 Petro
686 3254 1091 3322 controversia,
1125 3257 1220 3327 qui
1273 3255 1592 3328 descriptus
1641 3259 1736 3323 sit,
1793 3259 1848 3313 ni
1885 3258 2129 3327 fallatur,
2178 3277 2243 3316 ex
2295 3262 2528 3332 antiquo
2585 3261 2782 3317 codice
2831 3259 3157 3331 Florentino
3212 3260 3267 3314 in
3297 3261 3410 3329 quo
3461 3265 3574 3313 tota
3619 3255 3739 3309 haec

467 3357 699 3429 περιοχὴ
745 3373 905 3414 erasa
961 3358 1146 3416 fuerit.
1209 3358 1473 3418 Nostrum
1523 3379 1654 3418 vero
1706 3379 1947 3435 eumque
2005 3364 2333 3421 Bavaricum
2366 3366 2617 3423 codicem
2666 3367 2889 3437 inquo,
2929 3367 3053 3420 loco
3108 3380 3175 3419 eo
3229 3364 3375 3419 unde
3405 3361 3739 3418 exciderant

468 3466 680 3520 scholia
720 3465 1083 3535 Theodoreti,
1126 3486 1366 3527 vacuum
1410 3483 1529 3528 erat
1569 3473 1821 3528 relictum
1858 3476 2139 3545 spatium,
2182 3475 2263 3546 (in
2295 3475 2549 3545 Praefat.)
2604 3475 3113 3532 demonstravimus
3164 3474 3436 3530 novitium
3485 3487 3643 3533 esse,
3682 3478 3740 3524 ut

469 3570 606 3626 satis
641 3580 904 3641 appareat
929 3573 1088 3629 valde
1119 3585 1413 3646 suspectos
1448 3592 1575 3633 esse
1611 3578 1748 3633 istos
1775 3578 2004 3635 codices
2020 3580 2089 3634 de
2121 3577 2244 3635 loco
2270 3595 2299 3633 a
2328 3579 2579 3636 librariis
2610 3580 3021 3636 recentioribus
3047 3579 3305 3636 consulto
3340 3577 3736 3650 praetermisso.

534 3692 655 3753 Jam
691 3699 760 3756 de
783 3701 963 3757 altero
1003 3702 1100 3758 illo
1129 3702 1391 3759 adlCor.
1433 3719 1514 3769 ut,
1548 3705 1967 3769 nullus.adhuc
2017 3713 2276 3779 repertus
2325 3715 2409 3763 est
2446 3708 2589 3765 liber
2634 3709 2730 3780 qui
2779 3707 3195 3764 Theodoretum
3242 3706 3321 3761 ibi
3371 3713 3635 3774 tanquam
3667 3704 3735 3757 de

469 3805 593 3873 igne
621 3806 945 3876 purgatorio
975 3806 1294 3878 loquentem
1333 3808 1654 3875 induceret,
1690 3821 1889 3882 praeter
1935 3813 2104 3869 breve
2152 3812 2303 3869 istud
2338 3813 2615 3871 scholium
2667 3817 2721 3870 in
2754 3814 2975 3887 (ἔπεηωί
3007 3812 3448 3875 commentariis,
3497 3809 3739 3880 itemque

468 3907 695 3964 Thema:
750 3909 1045 3981 Aquinatis
1104 3912 1507 4001 testimonium,
1561 3915 1708 3987 quod
1770 3926 2067 3988 utrumque
2119 3921 2188 3975 ad
2241 3921 2396 3976 illunt
2449 3923 2632 3977 locum
2687 3918 3273 3977 commemoravimus.
3331 3917 3436 3971 Sed
3492 3917 3735 3986 primunt

469 4024 777 4086 repugnant
813 4015 1057 4085 codices,
1095 4016 1161 4073 de
1198 4018 1405 4088 quibus
1435 4028 1690 4086 constat,
1737 4037 1964 4085 omnes,
2002 4039 2104 4077 nec
2149 4026 2228 4079 illi
2268 4027 2337 4079 de
2363 4027 2462 4079 tali
2488 4024 2797 4079 omissiune
2830 4023 3124 4094 suspecti,
3158 4037 3283 4077 cum
3311 4022 3504 4086 locus,
3533 4023 3579 4077 si
3615 4036 3744 4078 vere

468 4119 808 4179 Theodoreti
843 4131 1024 4191 esset,
1055 4123 1281 4182 favisset
1315 4125 1636 4182 Graecorum
1685 4125 2120 4182 Latinizantiutn
2155 4130 2463 4196 doctrinae;
2501 4143 2667 4199 porro
2702 4127 2951 4183 Thomas
3002 4129 3162 4199 longe
3210 4127 3376 4182 aliter
3412 4127 3737 4200 loquentem

469 4230 606 4285 facit
645 4231 1056 4287 Theodoretttm
1102 4248 1268 4304 quam
1315 4234 1574 4291 scholion
1629 4233 1776 4303 quod
1844 4242 2125 4304 repererat
2168 4232 2469 4303 Gagnmus,
2511 4232 2753 4303 denique
2803 4230 3108 4298 Thomam,
3153 4232 3260 4286 nisi
3303 4232 3422 4300 ipse
3484 4228 3740 4284 fefellerit

471 4337 610 4392 alios
636 4339 739 4392 ista
782 4339 1113 4394 auctoritate
1145 4341 1553 4404 commentitia,
1582 4340 1731 4410 quod
1765 4339 1835 4393 ab
1875 4341 1982 4396 isto
2016 4339 2243 4409 quidem
2299 4337 2706 4393 alienissimum
2755 4348 2907 4409 puto,
2945 4346 3125 4391 tamen
3162 4337 3230 4390 ab
3281 4335 3405 4389 aliis
3439 4335 3736 4403 tlrccptunt

468 4440 645 4497 fuisse
677 4420 1009 4514 perSuadent
1045 4444 1151 4499 alia
1184 4445 1503 4500 testimonia
1536 4441 1805 4509 Patrum,
1838 4445 2008 4499 veluti
2043 4443 2234 4517 Cyrilli
2257 4485 2272 4510 ,
2307 4461 2430 4515 quae
2480 4445 2573 4499 ille
2619 4446 2673 4499 itt
2732 4443 3097 4500 defendendis
3155 4442 3420 4497 lioruana:
3481 4440 3742 4494 Ecclesia:

469 4547 707 4603 decretis
738 4547 868 4604 alibi
904 4548 1060 4605 libris
1092 4551 1213 4605 suis
1248 4548 1549 4620 inspersit,
1584 4548 1851 4605 falsitatis
1883 4549 2046 4607 docte
2082 4560 2137 4605 et
2169 4552 2397 4622 copiose
2445 4552 2701 4607 convicta
2751 4566 2851 4622 per
2879 4548 3042 4608 Joau.
3084 4548 3417 4613 Lanuuium,
3469 4545 3741 4617 epistola-

467 4671 592 4710 rnm
632 4657 835 4721 librot,
867 4658 1031 4727 epist.
1072 4658 1186 4712 1-3.
1231 4655 1556 4712 Barlaamus
1613 4655 1859 4731 quidem,
1911 4668 2005 4712 aut
2051 4659 2379 4728 quicunque
2442 4659 2515 4713 sit
2577 4667 2771 4713 auctor
2819 4657 2948 4711 libri
3002 4660 3142 4724 Περὶ
3200 4655 3303 4709 τοῦ
3338 4645 3743 4721 «adaperui/ev

468 4761 656 4829 πυρὸς
695 4778 859 4833 quem
905 4760 1216 4818 Salmasius
1271 4761 1447 4815 edidit
1495 4762 1550 4816 in
1601 4760 1909 4831 appendice
1932 4763 2000 4816 ad
2038 4765 2213 4819 libros
2269 4764 2346 4819 De
2406 4765 2646 4829 primatu
2680 4764 2885 4834 Papw,
2942 4780 2997 4833 p.
3036 4762 3126 4823 8|,
3160 4761 3227 4815 de
3277 4762 3370 4814 illa
3401 4776 3430 4814 a
3472 4759 3742 4812 Romanis

466 4866 676 4935 jactata
734 4866 1065 4922 auctoritate
1123 4864 1459 4919 Theodoreti
1509 4856 1659 4921 clare
1714 4866 1849 4922 dicit
1897 4887 1908 4921 :
1956 4870 2094 4923 non

2114 4870 2178 4923 ὧν
2229 4870 2397 4927 ὄντων
2448 4869 2542 4923 τσῦ
2581 4871 2793 4925 ἐκείνου
2834 4869 2961 4939 παρ’
2995 4869 3126 4937 ἡμῖν
3174 4864 3648 4937 συγγραμμάτων,
3683 4864 3742 4914 ὲν

469 4968 645 5023 οὐδενὶ
676 4971 926 5039 φαίνεται
959 4968 1180 5023 πώποτε
1217 4967 1476 5039 εξρηπις.

541 5094 912 5163 Quamobrem
945 5110 1125 5166 neque
1149 5093 1241 5148 hic
1273 5093 1431 5149 locus
1459 5094 1650 5161 tribui,
1686 5111 1870 5166 neque
1911 5097 2001 5153 ille
2034 5097 2105 5153 ad
2151 5098 2381 5153 Galatas
2426 5098 2643 5153 detrahi
2697 5098 2935 5153 debebat
2987 5096 3344 5152 Theodorcto
3378 5101 3610 5160 nostro;
3649 5091 3744 5147 sed

470 5198 747 5256 difﬁcilius
776 5199 1093 5263 estdicere,
1145 5199 1290 5253 unde
1341 5199 1468 5255 talis
1500 5200 1789 5270 corruptio
1820 5202 2104 5256 exstiterit
2148 5212 2244 5258 aut
2276 5220 2306 5256 ιι
2354 5220 2464 5274 quo
2505 5202 2669 5257 fuerit
2718 5212 3002 5272 suscepta.
3065 5200 3175 5256 Nos
3229 5200 3452 5271 quidem
3494 5215 3560 5254 eo
3592 5196 3747 5252 ducit

472 5305 791 5376 conjectura
822 5282 1035 5368 nostra,
1075 5303 1539 5361 utexistimemus
1562 5315 1856 5377 utramque
1880 5306 2081 5363 factam
2118 5325 2245 5364 esse
2275 5324 2302 5363 a
2337 5309 2582 5365 librariis
2618 5308 2887 5364 Greculis
2913 5309 2969 5363 in
3002 5307 3157 5361 Italia
3191 5304 3458 5361 Romana:
3484 5303 3744 5361 Ecclesia:

474 5410 733 5477 addictis,
772 5409 827 5464 id
860 5409 1006 5481 quod
1047 5410 1217 5466 etiam
1264 5410 1425 5466 Rich.
1460 5409 1674 5467 Simoni
1720 5413 2010 5468 videbatur
2042 5413 2108 5483 (l.
2136 5430 2187 5471 e.
2222 5431 2274 5485 p.
2306 5413 2433 5480 525,
2457 5413 2528 5468 24
2555 5421 2609 5468 et
2638 5414 2693 5468 ir.
2736 5411 2941 5468 Critica
2979 5411 3310 5466 bibliotheca
3338 5410 3492 5465 Pinii
3524 5418 3657 5464 tom.
3698 5410 3742 5475 Ι,

473 5533 527 5588 p.
566 5516 791 5587 l70-7l)
826 5516 944 5587 qui,
982 5532 1267 5588 magnum,
1297 5525 1450 5573 recte
1493 5528 1701 5581 monet.
1740 5519 2046 5575 discrimen
2078 5535 2203 5576 esse
2246 5518 2505 5574 codicum
2547 5518 2641 5590 qui
2694 5517 2763 5572 de
2796 5515 3022 5571 Oriente
3083 5516 3393 5573 afferuntur
3430 5530 3739 5585 eorumque

472 5620 647 5688 quiin
683 5618 1035 5677 bibliothecis
1075 5618 1284 5677 Graecis
1339 5619 1506 5677 Italia:
1555 5632 1798 5690 exstant;
1838 5625 1985 5681 unde
2021 5625 2228 5679 factum
2272 5622 2343 5680 sit
2390 5633 2450 5677 ut
2505 5622 2826 5686 Gretserus,
2854 5621 2950 5692 qui
2984 5622 3175 5692 plures
3232 5620 3408 5675 libros
3462 5618 3684 5674 Graecos
3716 5634 3746 5672 a

474 5741 535 5790 se
563 5725 619 5780 in
660 5741 830 5797 regno
864 5724 1228 5798 Neapolitano
1266 5737 1515 5799 repertos
1566 5730 1982 5800 descripserat,
2018 5739 2319 5786 accusatus
2374 5729 2539 5784 fuerit
2589 5738 2852 5797 tanquam
2891 5729 2984 5797 qui
3036 5726 3209 5781 libros
3260 5725 3546 5801 vitiasset._
3571 5723 3746 5793 Cujus

476 5831 697 5900 generis
725 5830 936 5887 scholia
972 5833 1141 5887 multa
1178 5834 1232 5888 in
1283 5835 1516 5889 codibus
1547 5836 1905 5904 reperiuntur
1945 5838 2280 5893 Catenarum
2304 5876 2317 5899 ,
2351 5835 2518 5890 etiam
2556 5833 2622 5891 ad
2659 5834 2975 5889 doctrinam
3029 5830 3292 5887 Ecclesiae
3324 5830 3588 5887 Romana:
3627 5844 3748 5899 per,

478 5934 751 6013 liuentia;
775 5938 953 6013 quale,
990 5948 1047 5999 ut
1085 5939 1187 5999 hoc
1221 5951 1364 6011 utar,
1405 5937 1505 5997 fuit
1542 5940 1677 5999 illud
1708 5939 2132 6017 Theophylactt,
2166 5958 2278 6016 quo
2328 5955 2460 6000 usus
2496 5946 2614 5998 erat
2667 5937 2957 6011 Philippus
2993 5935 3382 5995 Mclancbthon
3428 5937 3481 5992 in
3515 5935 3739 6004 Apmog.
