4124 6420
464 431 537 496 21
1683 430 2080 491 ΡΒᾸΕΕΑΤΙΟ
2117 431 2217 491 ΑΙ)
2239 431 2421 492 ΤΟΜ.
2455 433 2570 491 III.
3712 430 3788 494 22

472 541 740 614 A.Con{.
768 552 878 600 art.
906 561 964 611 ι,
1002 545 1160 616 quod
1199 551 1398 615 postea
1442 545 1712 614 expunxit
1764 548 1822 601 in
1852 544 2097 601 editione
2147 546 2425 617 Apologia:
2483 545 2708 610 Latina,
2763 542 2908 596 facta
2952 541 3282 612 Witehergze
3332 542 3572 597 octonis.
3607 542 3783 613 Cujus

474 653 556 706 rei
583 653 674 708 sic
715 653 906 709 reddit
939 652 1224 709 rationem
1267 654 1348 725 (in
1367 650 1543 723 Epist.
1587 652 1656 708 ad
1686 651 1845 708 Joan.
1871 653 2187 717 Cratonem,
2209 649 2581 708 Consiliorum
2620 649 2765 703 Latt.
2801 655 2842 702 t.
2875 643 2942 716 ll,
2982 664 3035 718 p.
3073 645 3201 718 585)
3236 664 3248 700 :
3283 645 3351 700 In
3393 645 3784 717 Theophylacto

475 753 951 825 mcolampadiuc
1002 757 1142 811 bona
1174 757 1281 827 ﬁde
1317 756 1553 812 reddidit
1583 757 1742 812 verba
1769 757 1898 829 περὶ
1957 774 2103 828 μετα

2153 757 2459 828 τριχώσεως,
2499 773 2616 828 quae
2645 757 2845 810 invenit
2877 756 2934 810 in
2970 772 3069 810 suo
3099 754 3302 809 codice.
3336 753 3475 809 Tota
3519 754 3616 809 illa
3650 769 3781 808 seu-

473 860 658 915 tentia
692 861 841 915 deest
869 863 928 915 in
975 871 1166 917 nostra
1208 862 1410 916 codice.
1454 861 1543 915 Ita
1587 861 1846 916 veteribus
1895 862 2050 916 libris
2099 864 2314 917 inserta:
2373 871 2498 916 sunt
2536 860 2907 931 corruptelae!
2943 867 2998 917 et
3030 873 3153 930 qua:
3202 858 3279 914 ibi
3322 858 3527 913 similia
3575 855 3782 911 habet:

471 967 678 1023 eadem
715 969 832 1025 fere
866 969 1074 1040 repetit
1109 971 1166 1024 in
1211 968 1475 1040 Epistolis
1517 969 1586 1024 ad
1619 968 2094 1039 Hardenbergium
2128 985 2156 1023 a
2192 968 2409 1025 Pezelio
2438 968 2606 1025 editis
2637 969 2784 1040 plag.
2814 967 2878 1021 E.

1131 1163 1154 1182 ι
1510 1137 1836 1205 Compendia
1860 1136 2155 1204 Scriptura:
2187 1137 2378 1206 quibus
2415 1139 2468 1190 in
2503 1138 2775 1190 codicibus

1065 1210 1303 1264 citandis
1326 1211 1410 1265 usi
1431 1204 1730 1271 smnus,rde
1753 1207 1942 1275 quibus
1979 1204 2287 1276 ca'terisijuc
2311 1207 2484 1270 libris,
2518 1207 2656 1260 unde
2689 1206 2920 1278 varietas
2959 1204 3200 1258 lectionis

1463 1278 1625 1333 ducta
1657 1287 1757 1345 est,
1783 1278 2032 1347 prwfatio
2067 1287 2252 1331 nostra
2277 1279 2542 1346 copiasius
2570 1286 2778 1331 narrat.

664 1415 725 1468 in
773 1414 1043 1483 Epistolis
1067 1413 1324 1470 Paulinis
1368 1413 1435 1467 Α.
1475 1413 1882 1481 Augustanum,
1912 1411 1971 1464 Β.
2007 1411 2335 1467 Bavarieum
2369 1412 2602 1468 indicat.

659 1501 723 1555 in
755 1501 1007 1558 Historia
1040 1499 1381 1557 Theodoreti
1411 1499 1742 1555 Ecclesiast.

665 1591 843 1643 Allat.
873 1597 962 1645 est
989 1589 1165 1645 codex
1197 1587 1410 1653 Allatii,
1447 1588 1610 1656 cujus
1640 1595 1902 1656 excerpta
1929 1586 1997 1640 ad
2028 1602 2046 1639 ι
2074 1595 2129 1642 et
2165 1601 2202 1641 ιι
2228 1589 2435 1644 librum
2465 1588 2722 1647 Valesius
2756 1590 3016 1646 habebat.

662 1677 793 1732 Bas.
823 1677 926 1731 Gr.
967 1678 1153 1732 Prima
1192 1686 1279 1732 est
1305 1676 1479 1732 editio
1501 1675 1694 1730 Grzcca
1723 1676 2061 1731 Basileensis
2087 1690 2137 1728 ιι.
2169 1676 2331 1731 1556.

655 1763 789 1820 Bas.
816 1763 942 1819 Lat.
981 1764 1167 1819 Editio
1190 1763 1334 1820 Hist.
1364 1763 1435 1818 tri
1446 1765 1665 1834 partita:
1692 1763 1920 1818 Basileae
1971 1763 2138 1832 facta,
2168 1765 2258 1818 cui
2294 1765 2642 1836 iuterspcrsit
2675 1767 2874 1822 Beatus
2905 1756 3212 1823 Rhenanus
3255 1766 3478 1823 Graecas

767 1853 1048 1924 epistolas
1080 1852 1425 1923 synodorum
1460 1867 1491 1907 e
1515 1849 1853 1907 Theodoreti
1889 1849 1954 1904 Η.
1989 1849 2052 1903 Ε.
3173 1905 3181 1912 ,

653 1941 910 1996 Casaub.
959 1940 1147 1996 Codex
1181 1939 1370 1995 Merici
1401 1938 1718 1994 Casauboni
1753 1938 1918 2007 cujus
1951 1939 2106 1994 lectt.
2139 1942 2195 1994 in
2226 1941 2471 1997 editione
2501 1941 2643 1999 Hist.
2675 1943 2822 2000 Eccl.
2855 1943 3204 1999 Britannica.

653 2029 991 2098 ChristOph.
1024 2028 1326 2084 Lectiones
1358 2037 1490 2084 sunt
1527 2025 2028 2096 ChristOphorsoni
2055 2042 2124 2083 ex
2150 2028 2279 2084 edit.
2313 2029 2752 2089 Genevensium.

652 2117 838 2172 Savil.
872 2117 1060 2172 Codex
1094 2119 1292 2172 Savilii
1324 2133 1435 2189 quo
1475 2133 1612 2174 usus
1645 2124 1730 2172 est
1770 2114 2054 2173 Valesius.

647 2206 807 2261 Scal.
842 2204 1141 2262 Lectiones
1164 2205 1283 2262 Jos.
1319 2205 1610 2276 Scaligeri,
1642 2220 1708 2259 ex
1736 2203 1984 2259 editione
2009 2203 2440 2262 Genevensium.

637 2294 838 2364 Steph.
874 2309 974 2350 seu
1016 2293 1213 2365 Steph.
1257 2293 1296 2348 Ι.
1346 2293 1555 2349 Textus
1585 2291 1852 2348 editionis
1901 2288 2276 2362 Stephanicze.

651 2381 861 2454 Steph.
886 2380 952 2437 ll.
978 2380 1278 2437 Lectiones
1321 2381 1376 2436 in
1411 2381 1596 2437 libello
1623 2379 1692 2436 ad
1726 2379 1938 2435 calcem
1960 2379 2095 2437 edit.
2128 2380 2500 2453 Stephanicae.

1020 2472 1236 2534 Caetera
1265 2472 1427 2529 facile
1459 2469 1874 2542 intelliguntur.
