4124 6436
476 389 540 454 51
1723 380 2110 452 GENTIANI?
2143 387 2480 449 HERVETI
3629 407 3633 410 ·
3682 383 3750 448 32

1244 715 3012 955 THEODOBETI

1535 1064 2692 1183 COMMENTARIUS

702 1325 902 1480 IN
1017 1312 1672 1476 OMNES
1763 1312 2341 1474 PAULI
2474 1314 3539 1476 EPISTOLAS

512 538 3371 563 m

3378 545 3706 557 ﬁ:

1494 1774 2075 1866 GENTIANI
2167 1768 2756 1870 HEBVETL

932 1985 1242 2036 REMENSIS
1281 1985 1601 2045 CANONICI,
1651 1985 2082 2030 COMMENTARII
2130 1985 2196 2031 IN
2243 1980 2433 2027 PAULI
2490 1980 2826 2027 EPISTOLAS
2891 1981 3323 2041 INTERPRETIS,

1637 2143 2033 2205 PREFATIO
2076 2143 2178 2202 AD
2212 2141 2634 2248 LECTOREIYI.

505 2452 570 2520 l')
611 2451 743 2508 Cum
784 2458 1004 2506 reterem
1061 2449 1200 2504 Noui
1253 2451 1578 2507 Testamenti
1629 2456 1920 2510 versionem
1965 2466 2016 2511 et
2066 2457 2370 2528 longissimi
2431 2461 2682 2527 temporis
2723 2457 3127 2525 prtvscriptione
3147 2458 3426 2520 munitam,
3459 2466 3507 2510 et
3543 2455 3763 2509 concilii

502 2541 801 2597 Tridentini
840 2541 1161 2595 auctoritate
1186 2543 1559 2612 conﬁrmatam
1583 2560 1696 2600 esse
1725 2545 1974 2612 viderem,
2007 2548 2062 2600 in
2097 2543 2423 2598 traducendo
2464 2543 2788 2599 Theodoreto
2821 2561 2937 2597 eam
2967 2544 3113 2612 sequi
3172 2543 3300 2596 mihi
3326 2552 3572 2612 perpetuo
3600 2543 3770 2597 visum

497 2640 596 2684 est.
631 2630 732 2685 Sed
758 2633 1006 2702 quoniam
1031 2646 1406 2701 nonnunquam
1441 2647 1542 2685 usu
1571 2633 1827 2699 veniebat,
1863 2643 1922 2686 ut
1957 2634 2113 2688 aliter
2143 2633 2333 2703 legeret
2392 2631 2770 2697 Theodoretus,
2803 2631 2962 2684 aliter
3017 2639 3201 2684 nostra
3233 2631 3444 2685 haberet
3477 2631 3662 2692 editio,
3721 2639 3772 2683 et

500 2719 815 2789 quandoque
851 2718 1030 2774 Greece
1060 2719 1202 2789 plus,
1245 2720 1561 2790 quandoque
1596 2720 1772 2774 minus
1801 2738 1958 2791 quam
1989 2721 2179 2776 Latine
2199 2702 2490 2791 legeretur,
2517 2719 2571 2772 id
2609 2715 2739 2772 mihi
2768 2719 2938 2772 nisum
2965 2726 3045 2772 est
3095 2718 3391 2773 notandum
3420 2719 3475 2772 in
3507 2719 3767 2788 margine.
3792 2702 3806 2707 ’
3879 2743 3892 2753 θ

504 2803 674 2859 Porro
703 2817 880 2861 autem
912 2809 1167 2878 quoniam
1200 2805 1388 2862 Graeca
1411 2823 1532 2861 cum
1560 2805 1771 2862 Latinis
1801 2808 2101 2879 conferens,
2132 2807 2394 2863 nonnulla
2429 2824 2546 2878 qua:
2575 2816 2718 2861 recte
2747 2805 2948 2877 alioqui
2973 2822 3124 2860 versa
3165 2815 3338 2872 erant,
3372 2809 3532 2861 aliter
3569 2806 3773 2876 signiﬁ-

503 2895 712 2949 cautius
734 2895 842 2949 dici
861 2897 1100 2963 potuisse
1137 2895 1605 2962 animavertebam,
1638 2896 1752 2964 ejus
1774 2913 1976 2968 quoque
2008 2897 2085 2952 rei
2115 2895 2390 2952 Lectorem
2431 2892 2824 2949 admonendum
2863 2910 2976 2947 esse
3007 2895 3210 2954 censui,
3242 2902 3294 2949 et
3337 2903 3396 2947 ut
3430 2894 3484 2948 in
3514 2910 3575 2948 ea
3610 2909 3665 2946 re
3693 2908 3773 2945 me

504 2982 730 3051 ﬁdeliter
759 2992 808 3036 et
836 2982 1034 3053 integre
1062 2991 1329 3038 versatum
1361 2981 1694 3054 intelligeret,
1719 2991 1770 3037 et
1800 2983 1940 3054 quod
1973 2983 2154 3040 Graece
2205 2983 2451 3048 habetur,
2482 2993 2533 3038 et
2577 2975 2845 3054 quomodo
2889 2982 3018 3036 mihi
3062 2982 3392 3036 commodius
3442 2983 3578 3036 verti
3621 2997 3773 3050 posse

505 3067 766 3132 rideatur,
790 3068 1059 3136 adnotavi,
1093 3069 1147 3122 id
1180 3072 1381 3133 interea
1412 3070 1689 3125 doctorum
1717 3073 1950 3126 virorum
1968 3071 2177 3141 judicio
2211 3071 2528 3141 relinquens.
2557 3074 2672 3125 Hoc
2699 3078 2878 3124 autem
2913 3069 3014 3138 fuit
3039 3070 3338 3124 necessario
3361 3069 3687 3140 faciendum,
3714 3083 3778 3120 ne

505 3153 561 3208 id
588 3155 716 3209 mihi
734 3156 982 3219 eveniret,
1011 3155 1152 3226 quod
1183 3157 1525 3228 aliquotaliis
1543 3157 1759 3212 minime
1781 3156 2178 3213 contemnendis
2225 3158 2428 3230 alioqui
2469 3157 2846 3228 interpretibus
2901 3157 3014 3228 qui,
3054 3156 3181 3210 dum
3233 3167 3454 3211 ueterem
3495 3157 3776 3210 editionem

505 3252 752 3312 perpetuo
767 3252 1125 3314 sequerentur,
1139 3260 1239 3298 nec
1267 3244 1314 3298 si
1341 3245 1467 3314 quid
1488 3245 1668 3300 Grtece
1689 3245 2014 3311 discreparet
2031 3246 2085 3299 in
2102 3263 2163 3300 eo
2179 3259 2330 3316 quem
2355 3245 2846 3315 interpretabantur
2869 3252 3109 3308 auctore,
3133 3242 3405 3300 Lectorem
3433 3243 3777 3304 admonuere,

507 3333 673 3384 Pauli
711 3346 863 3400 quem
910 3329 1098 3384 Latine
1132 3331 1380 3387 habemus
1409 3331 1683 3387 contextui
1711 3333 2029 3387 dissimilem
2058 3334 2546 3401 interpretationem
2574 3348 2950 3402 nonnunquam
2973 3331 3332 3394 altulere:ut,
3359 3345 3460 3401 quo
3498 3331 3632 3384 nihil
3667 3347 3785 3383 esse

507 3425 678 3482 potest
713 3417 1020 3485 absurdius,
1056 3417 1206 3472 aliud
1237 3419 1446 3491 quidem
1477 3419 1670 3473 diceret
1698 3418 1931 3482 Paulus,
1964 3421 2067 3490 ipsi
2098 3437 2216 3474 vero
2251 3420 2402 3475 aliud
2424 3429 2764 3492 exponerent.
2811 3419 3008 3486 Habes,
3039 3417 3246 3482 Lector,
3279 3422 3379 3473 mei
3413 3419 3465 3472 in
3505 3418 3601 3472 hoc
3630 3435 3782 3483 opere

509 3504 721 3557 consilii
761 3506 1041 3566 rationem.
1077 3524 1236 3576 quam
1275 3525 1424 3578 atquo
1457 3509 1638 3561 animo
1672 3507 1868 3577 accipe,
1898 3518 1947 3562 et
1982 3507 2308 3564 Theodoreto
2347 3520 2550 3576 nostro,
2593 3511 2861 3565 succincte
2893 3507 3123 3578 quidem.
3181 3506 3273 3560 sed
3309 3524 3410 3560 non
3447 3509 3622 3561 minus
3673 3506 3781 3560 ele-

509 3601 695 3660 ganter
721 3609 877 3662 quam
909 3595 1011 3663 pie,
1043 3593 1201 3648 Pauli
1221 3611 1432 3648 sensum
1466 3594 1782 3660 explicunte,
1821 3604 1870 3649 et
1914 3597 2205 3651 sententias
2255 3595 2552 3662 sententiis,
2601 3597 2743 3668 quod
2781 3599 2837 3652 in
2892 3597 3070 3651 Paulo
3123 3597 3330 3651 videtur
3386 3596 3779 3666 diﬁicillimum,

513 3680 650 3732 miro
672 3681 902 3748 artiﬁcio
919 3690 1256 3736 connectente
1286 3683 1484 3752 fruere.
1519 3679 1654 3735 Cum
1685 3690 1862 3737 autem
1889 3698 1955 3738 ex
1979 3683 2093 3752 ejus
2126 3684 2347 3740 lectione
2382 3703 2487 3740 non
2515 3701 2727 3754 parum,
2778 3694 2837 3739 ut
2868 3701 3044 3754 spero,
3099 3685 3307 3754 fructus
3367 3685 3648 3749 acceperis,
3677 3699 3783 3736 me-

515 3777 685 3821 mento
711 3777 758 3822 te
774 3769 881 3822 viro
905 3770 955 3822 in
979 3770 1164 3836 primis
1190 3768 1488 3834 reverenda,
1507 3777 1556 3821 et
1571 3767 1640 3821 ad
1657 3769 1880 3839 fovenda
1900 3781 1946 3824 et
1965 3772 2321 3840 promovenda
2346 3772 2622 3826 doctorum
2643 3773 3071 3826 virorumstudia
3092 3781 3239 3832 nato,
3265 3769 3525 3824 Marcello
3544 3769 3780 3827 Cervino.

513 3855 781 3908 cardinali
820 3855 1031 3912 Sancta:
1062 3855 1275 3918 Crucis,
1303 3871 1424 3908 eum
1454 3865 1728 3926 acceptum
1772 3857 1910 3927 ferre
1944 3858 2147 3925 debere,
2194 3861 2284 3929 qui
2327 3869 2374 3913 et
2418 3877 2536 3914 eum
2598 3857 2781 3914 Greece
2825 3859 3291 3913 transcribendum
3333 3858 3556 3922 curavit,
3625 3873 3789 3926 eoque

519 3945 648 3998 mihi
704 3945 994 3999 liberaliter
1033 3944 1444 4011 communicato,
1475 3955 1530 3998 ut
1557 3962 1674 3999 eum
1715 3944 1898 4001 Latine
1932 3956 2180 4002 verterem
2204 3958 2388 4001 auctor
2418 3949 2542 4017 fuit.
2578 3947 2710 4004 Cum
2747 3948 2843 4001 hoc
2884 3965 3012 4016 opus
3059 3947 3238 4002 rellem
3290 3947 3343 3999 in
3402 3946 3565 3999 lucem
3615 3945 3784 4011 edere,

517 4032 796 4087 admonuit
827 4049 907 4086 me
936 4031 1229 4086 Guilelmus
1257 4030 1506 4096 Sirletus,
1540 4034 1620 4086 uir
1669 4031 1849 4087 Crtcce
1869 4043 1919 4086 et
1949 4033 2134 4087 Latine
2162 4035 2526 4099 doctissimus,
2566 4047 2613 4090 et
2637 4037 2923 4106 multiplici
2959 4053 3135 4090 rerum
3173 4035 3470 4106 cognitione
3506 4033 3787 4104 pra'ditus,

515 4118 807 4174 desiderari
829 4119 881 4172 in
912 4123 1007 4172 hoc
1037 4118 1414 4172 commentario
1442 4118 1497 4172 id
1525 4119 1662 4190 quod
1689 4135 1752 4174 ea:
1804 4137 1863 4175 eo
1893 4121 2022 4174 citat
2051 4120 2203 4175 divus
2240 4122 2470 4177 Thomas
2503 4125 2739 4193 Aquinas
2769 4127 2822 4178 in
2845 4141 2996 4193 opere
3014 4122 3289 4178 Adversus
3322 4137 3538 4178 errores
3569 4120 3790 4176 Graeco-

520 4223 642 4262 rum
655 4256 671 4283 ,
704 4207 773 4262 ad
802 4206 1134 4276 probandum
1167 4206 1340 4278 ignem
1368 4209 1759 4278 purgatorium,
1789 4205 2068 4278 allegando
2093 4225 2207 4279 ejus
2245 4211 2398 4264 verba
2423 4211 2521 4265 hoc
2567 4212 2744 4266 modo.
2793 4231 2811 4263 t
2840 4209 3197 4265 Theodoretus
3228 4211 3502 4278 episcopus
3543 4207 3789 4277 liyrensis

518 4310 676 4364 super
705 4295 840 4349 illud
858 4293 889 4348 Ι
909 4293 1031 4349 Cor.
1053 4292 1116 4348 Si
1141 4294 1292 4364 cujus
1310 4311 1439 4365 opus
1465 4296 1680 4358 arserit,
1706 4306 1838 4362 elc.,
1861 4297 1934 4348 sic
1961 4295 2086 4349 dicit
2107 4296 2283 4352 :Dicit
2310 4299 2588 4368 Apostolus
2610 4298 2748 4369 quod
2775 4299 3072 4352 salvabitur
3097 4314 3190 4368 per
3208 4298 3584 4365 conﬂatorium
3622 4296 3792 4365 ignem

519 4395 834 4454 purgantem
879 4384 1136 4456 quidquid
1166 4385 1427 4440 interimit
1460 4399 1555 4454 per
1578 4385 1844 4438 cautelam
1881 4386 2166 4454 prreterita:
2215 4387 2335 4440 ritce
2364 4402 2428 4441 ea:
2456 4387 2664 4456 pulvere
2696 4387 2885 4441 saltem
2930 4386 3117 4456 pedum
3157 4386 3349 4439 terreni
3381 4401 3586 4448 sensus,
3618 4385 3673 4436 in
3691 4399 3795 4453 quo

474 4485 480 4490 '
523 4472 711 4526 tandiu
743 4481 919 4526 manet
963 4473 1218 4544 quidquid
1251 4473 1593 4543 corpulentia:
1624 4481 1674 4527 et
1704 4473 1896 4527 terreni
1936 4473 2155 4541 aﬂ'ectus
2195 4473 2403 4527 inluesit
2434 4483 2711 4544 purgetur,
2746 4490 2842 4537 pro
2872 4490 2975 4543 quo
3021 4484 3190 4527 mater
3228 4473 3473 4527 Ecclesia
3503 4472 3710 4525 hostias
3743 4481 3791 4524 et

520 4560 662 4614 dona
697 4563 925 4632 paciﬁca
969 4562 1146 4616 devote
1174 4563 1349 4631 offert,
1379 4571 1428 4617 et
1463 4563 1541 4616 sic
1570 4579 1660 4629 per
1687 4564 1782 4615 hoc
1811 4563 2037 4616 mundus
2068 4561 2188 4616 inde
2202 4562 2350 4630 prius
2375 4562 2576 4625 exiens,
2608 4559 2825 4615 Domini
2850 4559 3087 4615 Sabaoth
3110 4560 3419 4629 purissimis
3468 4559 3638 4613 oculis
3689 4560 3791 4610 im-

525 4649 824 4703 maculatus
855 4651 1080 4707 assistit.
1103 4670 1122 4702 ι
1160 4649 1337 4720 Hujus
1367 4651 1465 4717 rei,
1498 4650 1678 4714 lector,
1700 4661 1747 4706 te
1780 4650 2169 4705 admonendum
2193 4666 2306 4706 esse
2334 4651 2538 4716 censui,
2569 4657 2626 4701 ut
2649 4649 2702 4701 id
2731 4649 2785 4702 in
2811 4657 2993 4703 nostra
3029 4647 3262 4716 defuisse
3287 4646 3578 4714 exemplari
3598 4645 3791 4700 intelli-

521 4754 638 4806 gas,
685 4754 776 4792 nec
803 4737 963 4806 ﬁdem
985 4754 1174 4800 meam,
1199 4753 1358 4808 quant
1392 4739 1446 4792 in
1476 4739 1866 4808 interpretando
1890 4755 1969 4793 me
2006 4738 2315 4806 prazstitisse
2361 4737 2610 4801 arbitror,
2643 4735 2928 4792 desideres.
2965 4735 3031 4790 Ut
3061 4747 3235 4790 autem
3255 4736 3372 4805 quis
3386 4745 3434 4790 et
3461 4744 3689 4805 quantus
3717 4735 3798 4789 rir

527 4825 686 4892 fuerit
719 4824 1100 4888 Theodoretus,
1136 4833 1184 4878 et
1217 4827 1430 4895 quantis
1461 4826 1604 4896 falso
1629 4825 1911 4880 calumniis
1940 4828 2200 4894 appetitus
2229 4827 2520 4897 intelligas,
2550 4827 2805 4896 subjunxi
2835 4828 2971 4881 duas
2998 4827 3254 4895 epistolas
3287 4824 3388 4894 (1),
3421 4841 3583 4877 unam
3624 4825 3795 4892 ipsius

530 4913 846 4968 Theodoreti
889 4915 959 4976 ad
1003 4913 1226 4969 Leonem
1277 4913 1574 4970 Romanum
1623 4917 1924 4986 pontiﬁcem
1963 4931 2030 4969 ex
2065 4915 2231 4982 ipsius
2281 4913 2594 4968 Theodoreti
2640 4916 2898 4982 epistolis,
2928 4930 3045 4984 qua:
3073 4915 3126 4966 in
3169 4911 3486 4966 bibliotheca
3535 4911 3798 4964 Vaticana

528 5001 787 5055 habentur
809 5011 1098 5072 acceptam,
1131 5004 1356 5057 alteram
1378 5001 1568 5057 Leonis
1597 5001 1666 5056 ad
1693 5004 1932 5058 eumdem
1959 5001 2342 5056 Theodoretum
2378 5004 2467 5069 qui
2501 5002 2642 5070 falso
2667 5004 2922 5057 scribitur
2951 5001 3312 5057 Theodoricus
3343 4999 3460 5069 (2);
3500 5015 3617 5069 qua:
3640 4993 3800 5067 facile

528 5088 804 5144 declarant
829 5089 1395 5162 Theodoretumluisse
1435 5094 1606 5146 uirum
1637 5101 1684 5145 et
1721 5093 1979 5161 optimum
2000 5100 2048 5144 et
2079 5090 2233 5158 longe
2263 5088 2656 5152 doctissimum,
2711 5099 2760 5142 et
2795 5091 2932 5160 quod
2999 5091 3236 5142 maxime
3285 5085 3472 5154 refert,
3506 5087 3562 5139 in
3608 5086 3799 5154 primis

533 5177 905 5246 orthodoxum.
953 5179 1076 5234 Vale
1107 5189 1156 5234 et
1200 5182 1391 5250 fruere.
2092 5178 2099 5188 ’

609 5355 672 5424 (⁵)
707 5352 1036 5410 Sirmuudus
1067 5370 1191 5410 cum
1227 5356 1521 5410 maximam
1551 5365 1762 5426 partem
1793 5350 2135 5425 praefationis
2165 5349 2510 5407 Ilervetianm
2550 5349 2739 5407 neséio
2779 5368 2888 5478 aus
2932 5353 3002 5408 de
3029 5366 3196 5407 causa
3227 5352 3697 5421 praetermisisset.
3725 5350 3803 5402 vi-

611 5441 658 5476 m
711 5431 796 5477 est
835 5440 953 5478 eam
1006 5425 1095 5478 hic
1142 5426 1414 5478 intearam
1453 5424 1728 5478 exhiberi.
1763 5421 2076 5478 nmscrtim‘
2100 5421 2230 5478 quia
2292 5422 2538 5478 continet
2568 5421 2721 5478 Dlura
2746 5438 2774 5477 θ
2846 5421 3286 5478 persniciendam
3316 5423 3585 5478 rationem
3625 5430 3803 5478 textus

535 5421 658 5549 audin
696 5431 796 5547 (ξεί
833 5440 953 5548 sum
1006 5425 1095 5549 lqic
1142 5426 1414 5498 integram
1453 5421 1728 5490 exhiberi,
1763 5421 2076 5496 praesertim“
2100 5421 2230 5493 quia
2292 5422 2538 5478 continet
2567 5421 2721 5493 plura
2746 5421 2813 5478 ad
2844 5421 3286 5494 perspiciendam
3316 5423 3585 5480 rationem
3625 5430 3808 5478 textus

627 5507 694 5547 00
735 5509 828 5548 ore
859 5511 870 5547 I
913 5511 1011 5549 DI‘O
1041 5505 1224 5549 utura.

627 5505 870 5566 eodioretl
913 5505 1224 5566 profutura.

610 5563 689 5637 (1)
720 5564 827 5637 [jac
848 5563 948 5620 suo
974 5569 1094 5637 loco
1127 5567 1271 5622 inter
1296 5575 1525 5623 caeteras
1556 5564 1822 5637 epistolas
1853 5564 2220 5637 reperientur.

610 5631 690 5703 (2)
729 5631 958 5694 Videtur
979 5636 1251 5698 llervetus
1281 5638 1526 5696 scribere
1556 5631 1798 5695 voluisse
1833 5655 1845 5692 :
1877 5631 1959 5691 A'd
1979 5633 2219 5690 eumdem
2253 5632 2635 5691 Theodorctum
2672 5635 2763 5706 qui
2790 5634 2931 5705 falso
2965 5635 3219 5692 scribitur
3253 5633 3626 5691 Theodoritus.
