4124 6404
1568 393 2056 453 THEODORETI
2089 391 2428 452 EPISCOPI
2465 386 2832 452 CYRENSIS

548 525 3777 569 Μ

1018 666 1330 782 ΤΟΥ
1412 661 2227 779 ΜΑΚΑΡΙΟΥ
2304 662 3331 782 ΘΕΟΔΩΡΗΤΟΥ

1853 892 2257 954 ΕΠΙΣΚΟΠΟΥ
2291 892 2529 955 ΚΥΡΟΥ

885 1093 1733 1230 EPMHNEIA
1828 1094 2145 1220 TQlV

2270 1088 2455 1221 IA’
2548 1093 3542 1232 ΕΠΙΣΤΟΛΩΝ

1187 1382 1418 1469 ΤΟΥ
1519 1378 1860 1468 ΑΓΙΟΥ
1930 1374 2623 1469 ᾹΠΟΣΤΟΛΟΥ
2688 1384 3188 1477 ΙῚΑΥΛΟΥ.

1336 1752 3017 1911 B.THEODORETI

1763 2024 2073 2083 EPISCOPI
2113 2024 2463 2083 CYRENSIS

759 2202 2054 2334 INTERPBETATIO
2116 2208 2415 2338 XIV
2478 2203 3622 2346 EPISTOLARUM

1421 2465 1836 2558 SANCTI
1903 2470 2265 2561 PAULI
2366 2470 2953 2567 APOSTOLI

1614 2671 1652 2719 Α
1680 2668 1913 2722 Gentiano
1955 2674 2166 2724 "ervere
2188 2673 2392 2727 Aurelio
2436 2673 2600 2727 Latine
2624 2690 2784 2728 versa.

1108 2978 1151 3048 1
1195 2967 1585 3033 PRASFATIO.

627 3069 755 3124 Scio
776 3069 997 3140 quidem
1030 3068 1150 3123 fore
1176 3077 1255 3136 ut,
1298 3069 1429 3124 dum
1453 3069 1625 3124 divini
1651 3068 1804 3122 Pauli
1828 3069 2136 3125 doctrinam

555 3160 905 3231 interpretari
939 3176 1136 3222 conor,
1168 3161 1570 3217 maledicorum
1607 3161 1827 3231 linguas
1856 3177 1967 3215 nou
1999 3160 2138 3217 ellu-

555 3253 698 3325 giam
729 3271 743 3309 :
778 3253 874 3324 qui
913 3268 999 3309 me
1033 3252 1173 3308 forte
1204 3253 1538 3323 arrogantiae
1569 3268 1633 3307 ac
1669 3253 2000 3309 temeritatis
2047 3268 2142 3309 ac-

555 3346 850 3407 cusabunt,
884 3344 1031 3415 quod
1084 3352 1212 3416 post
1252 3344 1402 3398 hunc
1432 3352 1487 3400 et
1535 3345 1716 3411 illum,
1752 3345 1849 3414 qui
1884 3346 1936 3415 2
1966 3346 2142 3398 totius

557 3437 711 3490 orbis
758 3445 889 3490 sunt
922 3434 1154 3501 lumina,
1189 3435 1420 3489 audeam
1457 3434 1816 3503 apostolicam
1868 3433 2144 3504 interpre-

557 3529 820 3583 tationem
872 3529 1120 3599 aggredi.
1159 3527 1466 3597 Aggrediar
1504 3534 1712 3591 tamen,
1748 3542 1858 3581 non
1897 3528 2035 3583 meis
2064 3526 2145 3579 vi-

555 3608 712 3677 ribus
764 3623 962 3687 fretus,
1004 3620 1102 3676 sed
1139 3619 1385 3674 divinam
1422 3635 1588 3676 orans
1631 3600 1893 3691 gratiam:
1923 3629 1985 3674 ut
2012 3636 2144 3689 apo-

558 3714 768 3769 stolicze
790 3712 1075 3781 sapientia:
1105 3710 1537 3781 profunditatem
1570 3711 1848 3776 ostendat,
1870 3720 1924 3767 et
1951 3712 2145 3767 litterae

555 3802 865 3857 velamenta
901 3802 1134 3869 aperiat,
1172 3808 1230 3853 ut
1274 3800 1344 3857 iis
1379 3801 1472 3872 qui
1510 3801 1657 3856 illius
1693 3801 1992 3872 participes
2021 3816 2145 3857 esse

554 3895 772 3955 volunt.
808 3905 1057 3967 paratum
1092 3898 1307 3953 lucrum
1361 3898 1612 3954 olTeram.
1657 3898 1770 3954 Eos
1818 3908 2001 3953 autem
2050 3898 2143 3966 qui

557 3988 771 4044 alienos
827 3989 1046 4045 labores
1100 3991 1507 4060 reprehendere
1563 4007 1678 4046 non
1734 3992 2006 4051 dubitant,
2049 3991 2145 4044 ad.

558 4079 749 4136 hortor
778 4092 834 4136 ut
863 4084 1106 4138 divinam
1150 4082 1503 4152 Scripturam
1538 4089 1556 4107 '
1594 4084 1840 4154 perfecte
1871 4083 2143 4137 ediscant.

559 4170 730 4225 Multa
762 4174 907 4227 enim
944 4174 1220 4242 ejusmodi
1246 4175 1497 4244 exempla
1524 4175 1827 4229 invenient.
1858 4173 2074 4228 Etenim
2095 4188 2145 4242 ο,

558 4262 731 4317 ΕΙόιιιΙ
768 4271 821 4319 et
851 4263 1047 4319 Modad
1088 4265 1408 4335 su’lfragium
1445 4266 1665 4335 quidem
1700 4266 1999 4321 humanum
2038 4283 2142 4320 non

2166 2993 2210 3048 Α

2832 2964 3237 3027 “moment.

2308 3054 2439 3122 Οἶδα
2492 3067 2613 3138 μὲν,
2665 3066 2740 3129 ὡς
2772 3065 2835 3119 οὐ
2864 3064 3224 3135 διαφεύξομαι
3277 3065 3385 3117 τῶν
3446 3063 3838 3136 μεμζαιμοίρων

2243 3162 2341 3225 τὰς
2378 3158 2649 3229 γλώττας,
2702 3157 2802 3231 τὴν
2853 3156 2949 3211 τοῦ
3012 3156 3159 3210 θείου
3219 3156 3431 3213 Παύλου
3481 3158 3836 3212 διδασκαλίαν

2245 3251 2584 3326 ἑρμηνεῦσαι
2630 3249 2972 3322 πειρώμενος
3004 3266 3019 3281 ⁸
3055 3250 3171 3303 ἀλλ’
3196 3249 3487 3313 αὐθαδείας
3542 3268 3610 3321 με
3667 3249 3835 3320 τυχὸν

2244 3346 2342 3400 καὶ
2397 3343 2737 3416 θρασύτητος
2782 3343 3102 3414 γράψονταιδ
3143 3342 3282 3413 μετὰ
3313 3342 3404 3396 τὸν
3437 3343 3585 3397 δεῖνα
3615 3343 3711 3397 καὶ
3742 3343 3836 3396 τὸν

2244 3437 2413 3499 δεῖνα,
2443 3436 2568 3499 τοὺς
2600 3435 2700 3504 τῆς
2729 3433 3054 3504 οἰκουμένης
3098 3435 3414 3505 φωττῆρας.
3461 3435 3560 3503 τῆς
3594 3436 3836 3485 ἀποστο-

2244 3529 2403 3599 λικῆς
2467 3528 2764 3598 ἑρμηνείας
2819 3526 3268 3596 κατατολμῶντα.
3346 3526 3719 3597 Ἐπιχειρήσω
3775 3526 3833 3579 δὲ

2245 3623 2417 3693 ὅμως,
2452 3622 2553 3674 οὐκ
2593 3618 2817 3691 ἐμαυτῷ
2866 3619 3105 3690 θαῤῥῶν,
3147 3619 3284 3673 ἀλλὰ
3337 3619 3436 3690 τὴν
3471 3618 3620 3672 θείαν
3673 3619 3834 3689 χάριν

2246 3714 2564 3777 ἀντιϐολῶν,
2599 3714 2696 3783 τῆς
2726 3713 3092 3782 ἀποστολικῆς
3128 3713 3318 3782 σοφίας
3343 3711 3607 3778 ἐπιδεῖξαι
3641 3712 3701 3764 τὸ
3737 3711 3833 3781 βά-

2248 3806 2359 3870 οος,
2392 3806 2486 3858 καὶ
2520 3803 2625 3857 τῶν
2667 3803 2758 3856 τοῦ
2807 3804 3136 3875 γράμματος
3176 3803 3658 3874 προκαὶυμμάτων
3701 3804 3832 3854 ams

2248 3898 2555 3969 γυμνῶσαι,
2591 3898 2677 3951 ἵνα
2723 3899 2836 3960 τοῖς
2872 3896 3196 3966 μεταλαχεῖν
3226 3895 3569 3964 βουλομένοις
3609 3894 3832 3964 πρὸχει-

2251 4007 2343 4060 ρον
2375 3987 2731 4058 προσενέγκω
2769 3986 2830 4039 τὸ
2873 3987 3084 4056 κέρδος.
3114 3985 3426 4057 Παρακαλῶ
3456 3985 3510 4038 δὲ
3550 3986 3675 4049 τοὺς
3723 3987 3836 4045 τοῖς

2248 4081 2551 4151 ἀλλοτρίοις
2606 4078 3018 4148 ἐπιμέμφεσθαι
3072 4079 3254 4140 πόνοις
3302 4077 3679 4147 ἀνεχομένους,
3734 4080 3835 4149 τὴν

2250 4174 2397 4228 θείαν
2428 4173 2648 4246 Γραφὴν
2685 4171 3027 4243 καταμαθεῖν
3058 4171 3323 4242 ἀκριϐῶς.
3368 4170 3546 4224 Πολλὰ
3585 4169 3693 4242 γὰρ
3723 4187 3838 4223 τοι-

2249 4265 2386 4319 αὕτα
2410 4266 2703 4337 εὑρήσουσι
2732 4260 3174 4334 παραδείγματα.
3210 4261 3316 4313 Καὶ
3355 4260 3464 4330 γὰρ
3504 4260 3713 4322 Ἐλδὰδ,
3740 4262 3839 4313 καὶ

561 4361 692 4409 sunt
727 4355 988 4418 assecuti,
1026 4371 1129 4410 nec
1170 4355 1227 4410 in
1267 4357 1616 4425 septuaginta
1657 4353 1905 4421 iudicum
1951 4371 2144 4410 mune—

2250 4357 2466 4417 Μωδὰδ,
2494 4355 2677 4425 ψήφου
2714 4353 2813 4425 μὲν
2838 4351 3183 4422 ἀνθρωπίνης
3210 4352 3308 4404 οὐκ
3336 4350 3547 4421 ἔτυχον,
3580 4349 3699 4402 οὐδὲ
3725 4351 3841 4412 τοῖς

560 4461 680 4499 rum
727 4447 907 4512 relati,
930 4448 1024 4503 sed
1075 4463 1311 4519 magnus
1345 4445 1566 4518 Moyses
1615 4447 1743 4502 illos
1778 4461 1903 4501 cum
1939 4449 2145 4516 reliqua

2251 4451 2626 4523 ἑϐδομήκοντα
2684 4445 3171 4517 συνηριθμήθησαν
3212 4444 3491 4505 δικασταῖς
3521 4459 3533 4471 ·
3573 4441 3707 4495 ἀλλὰ
3742 4442 3841 4494 καὶ

561 4538 747 4609 populi
783 4539 1139 4595 multitudine
1170 4538 1393 4608 reliquit
1421 4548 1510 4592 :at
1534 4536 1721 4591 divina
1753 4546 1935 4593 tamen
1972 4541 2145 4609 gratia

2253 4543 2454 4612 Μωσῆς
2485 4540 2681 4602 αὐτοὺς
2729 4540 2757 4592 ὁ
2801 4538 2974 4608 μέγας
3012 4537 3108 4590 σὺν
3132 4538 3243 4599 τοῖς
3278 4535 3492 4597 πολλοῖς
3526 4532 3840 4587 καταλέλοιο

562 4632 765 4696 aﬂ‘ecti,
811 4641 866 4688 et
913 4633 1118 4688 donum
1174 4631 1561 4702 propheticum
1617 4629 1799 4702 adepti
1854 4639 2005 4686 sunt.
2043 4630 2148 4684 Sa-

564 4722 730 4777 mueli
776 4737 995 4792 quoque
1043 4721 1363 4792 prephetaa,
1412 4736 1536 4774 cum
1584 4727 1733 4775 esset
1782 4719 1962 4775 adhuc
2013 4721 2147 4775 ado-

2256 4653 2324 4690 πε
2349 4651 2365 4667 ·
2394 4634 2544 4697 θείας
2592 4632 2649 4685 δὲ
2699 4631 2849 4697 ὅμως
2876 4628 3190 4699 ἠξιώθησαν
3221 4628 3462 4699 χάριτος,
3496 4626 3592 4680 καὶ
3621 4643 3842 4697 προφη-

2252 4729 2409 4798 τικῆς
2440 4725 2763 4798 ἀπήλαυσαν
2787 4723 3018 4795 δωρεᾶς.
3053 4722 3163 4776 Καὶ
3200 4720 3451 4791 Σαμουὴλ
3473 4722 3500 4773 ὁ
3526 4719 3837 4790 προφήτης.

564 4814 928 4879 lescentulus,
956 4829 1026 4869 ue
1062 4825 1403 4884 postremum
1452 4811 1674 4881 quidem
1712 4813 2081 4869 ministerium
2119 4827 2145 4867 a

2255 4821 2336 4874 ἔτι
2366 4819 2698 4892 μειρακίδιον
2731 4820 2747 4851 ¹
2776 4816 2872 4879 ὣν,
2920 4815 3071 4888 παρὰ
3109 4814 3206 4886 μὲν
3231 4813 3339 4867 τῶν
3373 4812 3563 4883 ἱερέων
3593 4809 3712 4863 οὐδὲ
3739 4809 3841 4874 τῆς

565 4903 948 4961 sacerdotibus
977 4906 1133 4960 obire
1161 4905 1493 4975 permissum
1521 4913 1606 4977 φι
1637 4927 1649 4960 :
1679 4906 1970 4960 immatura
2001 4906 2147 4960 enim

564 5003 699 5051 aetas
733 5011 857 5051 eum
901 5012 929 5050 a
976 5012 1204 5051 munere
1234 4997 1490 5053 obeundo
1516 4998 1761 5054 arcebat.
1792 4997 1999 5054 Tamen
2032 4999 2061 5039 ιι
2093 5006 2152 5051 ut

565 5088 615 5142 ei
637 5088 783 5144 Deus
811 5096 1104 5158 appareret
1129 5099 1422 5146 assecutus
1446 5099 1549 5157 est,
1571 5091 1884 5161 divinaeque
1915 5090 2151 5145 visionis

568 5180 808 5237 fructum
850 5183 1116 5253 percepit,
1151 5192 1206 5239 et
1264 5183 1481 5239 Domini
1524 5183 1619 5238 Dei
1676 5199 1866 5239 vocem
1917 5183 2150 5238 auribus

564 5274 801 5344 accepit,
837 5266 962 5329 cuin
995 5276 1127 5345 quid
1160 5274 1306 5332 Deus
1336 5284 1487 5334 esset
1537 5277 1785 5333 nondum
1837 5277 2145 5335 didicisset.

563 5364 712 5433 Quin
757 5366 922 5423 etiam
965 5366 1135 5438 Elias,
1169 5370 1265 5442 qui
1316 5371 1547 5428 omnino
1586 5386 1646 5427 se
1677 5371 1859 5427 solum
1896 5386 2023 5428 esse
2056 5387 2147 5427 rc-

637 5556 664 5583 ι
704 5543 868 5604 Num.
899 5564 951 5603 xu
975 5593 988 5616 ,
1019 5548 1089 5603 26
1118 5566 1237 5621 seq.
1314 5550 1342 5591 ι’
1378 5549 1402 5605 ι
1440 5550 1577 5622 Reg.
1613 5567 1706 5617 In,
1743 5567 1860 5624 seq.

2257 4914 2495 4985 ἐσχάτης
2538 4910 2882 4981 λειτουργίας
2915 4908 3235 4979 μεταλαχεῖν
3268 4904 3553 4973 ἐπετράπη
3590 4920 3601 4933 ·
3640 4900 3700 4954 τὸ
3728 4899 3843 4970 γὰρ

2257 5004 2434 5075 ἄωρον
2450 5001 2550 5071 τῆς
2581 5001 2794 5073 ἡλικίας
2811 5001 2911 5072 τὴν
2933 4997 3275 5069 λειτουργίαν
3298 4995 3521 5049 ὲκώλυε’
3548 4991 3841 5060 θεοφανίας

2256 5095 2311 5149 δὲ
2360 5097 2508 5166 ὅμως
2560 5092 2849 5165 τετύχηκε,
2897 5093 2992 5147 καὶ
3044 5092 3193 5155 θείας
3229 5086 3497 5149 ὀπτασίας
3531 5082 3836 5153 ἀπήλαυσε.

2256 5188 2353 5240 καὶ
2396 5186 2488 5240 τοῦ
2520 5186 2793 5240 Δεσπὸτου
2835 5185 2970 5239 Θεοῦ
3019 5184 3118 5255 τὴν
3163 5180 3346 5252 φωνὴν
3382 5176 3689 5242 εἰσεδέξατο
3725 5178 3841 5239 τοῖς

2257 5277 2381 5343 ὠσὶ,
2410 5277 2461 5330 τί
2510 5275 2642 5354 Θεὸς
2676 5277 2885 5331 οὐδέπω
2939 5273 3299 5349 μεμαθηκώς.
3367 5272 3479 5324 Καὶ
3510 5268 3694 5339 μέντοι
3741 5266 3841 5319 καὶ

2270 5369 2454 5434 Ἠλίας
2504 5370 2532 5423 ὁ
2573 5368 2715 5424 πάνυ
2770 5370 2930 5442 μόνος
2985 5365 3330 5431 ὑπετὸπαζεν
3375 5364 3396 5394 ¹
3453 5356 3840 5428 ὑπολελεῖφθαι

1835 5711 1874 5765 ν
1887 5711 2071 5767 ΑΙΗᾸΞ
2127 5711 2418 5769 LECTION
2429 5714 2531 5769 ES.

635 5821 650 5853 ¹
682 5823 874 5880 Barar.
904 5827 1308 5897 μειρακύλλιον.
1390 5828 1409 5857 ¹
1434 5827 1473 5878 Β
1499 5825 1767 5898 ἅρπαζεν.
