4124 6400
483 406 555 478 '39
660 494 663 499 ι
1475 396 1966 471 THEODORE’I‘I
1996 395 2062 470 El

2167 408 2340 473 COPI
2367 400 2737 476 CYRENSIS
3691 412 3767 486 ιο

480 524 806 591 cedonibus,
830 533 883 580 et
913 521 1367 589 Atheniensibus,
1384 529 1440 579 et
1465 520 1795 588 Corinthiis,
1818 529 1880 577 ut
1905 520 2062 578 docet

2173 522 2311 594 μετὰ
2331 524 2393 580 τὺ
2423 524 2658 599 κηρῦξαι
2689 509 2991 598 Μακεδόσι,
3026 527 3122 585 καὶ
3159 519 3488 605 δΔθηναίοις,
3526 533 3621 590 καὶ
3650 535 3766 592 Koe-

483 617 717 672 historia
769 616 1008 672 Actuun:
1051 616 1456 689 apostolorum.
1495 613 1808 669 Secundam
1844 628 2067 685 quoque

488 709 551 761 ad
584 707 903 763 Corinthios
940 713 1064 778 post
1113 721 1235 761 eam
1286 707 1553 777 scriptam
1602 719 1727 760 esse
1778 705 2065 760 existimo.

484 805 621 859 Cum
669 805 838 871 enim,
873 811 933 857 ut
983 810 1103 857 erat
1149 800 1456 873 pollicitus,
1494 799 1562 854 ad
1614 814 1713 855 eos
1747 800 1981 861 veniret,
2010 807 2067 854 et

486 896 826 969 aliquantum
860 893 1125 964 temporis
1160 893 1216 947 in
1252 890 1581 946 Macedonia
1628 889 1876 954 duceret,
1912 891 2067 945 illinc

486 988 731 1059 scripsit.
765 986 829 1041 Et
880 985 987 1042 hoc
1029 999 1229 1041 rursus
1281 983 1337 1038 in
1381 981 1573 1038 eadem
1614 982 1852 1052 epistola
1885 982 2069 1037 decla-

488 1081 650 1134 ravit.
674 1079 811 1133 Cum
838 1080 987 1133 enim
1025 1091 1165 1148 quas
1195 1076 1254 1131 in
1281 1074 1412 1130 Asia
1443 1084 1499 1130 et
1530 1074 1586 1129 in
1618 1072 1840 1131 Troade
1862 1074 2068 1132 subiis-

484 1183 569 1229 set
594 1173 916 1228 amictiones
955 1177 1266 1233 narrasset,
1305 1184 1541 1240 pergens
1573 1168 1629 1223 in
1664 1168 1848 1223 medio
1875 1168 2011 1224 dicit
2047 1186 2064 1227 :

487 1286 506 1319 ι
540 1265 675 1320 Nam
703 1274 909 1321 etcum
942 1265 1294 1320 venissemus
1331 1264 1383 1318 in
1419 1261 1826 1328 Macedoniam,
1855 1262 2064 1316 nullam

474 1360 721 1430 quietem
764 1358 957 1413 habuit
988 1372 1117 1412 caro
1157 1366 1350 1412 nostra
1391 1374 1406 1411 :
1439 1355 1536 1411 sed
1566 1369 1788 1411 omnem
1827 1354 2065 1410 tribula-

479 1455 683 1508 tionem
716 1454 867 1524 passi
923 1467 1137 1507 sumus.
1162 1449 1325 1505 Foris
1362 1462 1579 1521 pugnae,
1617 1449 1772 1503 intus
1812 1447 2077 1503 timores-

482 1542 589 1596 Sed
616 1544 708 1612 qui
751 1541 1072 1596 consolatur
1103 1540 1365 1601 humiles.
1399 1538 1721 1594 consolatus
1757 1550 1845 1593 εει
1872 1552 1975 1594 nos
2008 1537 2062 1591 in

482 1633 718 1689 adventu
745 1632 875 1689 Titi.
897 1631 1014 1687 Non
1038 1632 1217 1687 solum
1248 1640 1433 1686 autem
1463 1629 1516 1684 in
1543 1629 1838 1700 praesentia
1866 1629 2063 1700 ipsius,

481 1726 575 1782 sed
607 1724 777 1781 etiam
825 1726 880 1779 in
931 1724 1334 1785 consolatione,
1366 1736 1475 1792 qua
1521 1722 1846 1778 consolatus
1873 1729 1961 1776 est
2007 1720 2063 1775 in

480 1819 636 1875 vobis
667 1819 715 1871 ⁸.
752 1835 772 1870 ι
823 1815 889 1870 Et
917 1831 1114 1872 rnrsus
1149 1833 1162 1870 :
1205 1834 1223 1867 ι
1259 1813 1458 1869 Notam
1506 1823 1689 1870 autem
1725 1812 1888 1869 vobis
1927 1813 2064 1868 l'aci-

2175 616 2420 688 ρινθίοις,
2451 618 2701 688 ἀφίκετο,
2733 620 2810 684 ῶς
2846 622 2878 692 ή
2914 620 3024 677 τῶν
3064 623 3328 696 Πράξεων
3374 624 3585 701 ίστκορῖα
3614 628 3762 682 διδά-

2176 725 2315 764 σκει.
2375 712 2486 765 Kal.
2526 712 2627 784 τὴν
2667 713 2929 786 δευτέραν
2979 715 3035 770 δὲ
3089 717 3228 790 πρὸς
3255 719 3580 790 Κορινθίους
3622 724 3760 793 μετὰ

2172 802 2378 875 ταύτην
2406 805 2649 877 ἠγοῦμαι
2678 807 3012 880 γεγράφθαι.
3050 812 3210 865 κατά
3248 812 3359 886 γὰρ
3397 813 3462 887 δὴ
3494 818 3593 880 τεὰς
3631 817 3798 887 ὕπο-ἔ

2166 897 2409 980 ρχέσεις,
2446 899 2584 970 πρὸς
2624 900 2823 964 αὐτοὺς
2856 896 3280 977 ἀφικνοόμενος,
3313 907 3412 962 καὶ
3443 912 3675 983 σμικρὸν
3702 912 3764 964 ὲν

2172 990 2239 1059 τῇ
2267 990 2576 1062 Μακεδονία
2605 992 2798 1066 χρόνον
2828 993 3052 1064 διάγων,
3080 997 3291 1053 ἐκεῖθεν
3328 999 3628 1068 ἐπέστειλε,
3665 1006 3761 1057 καὶ

2172 1078 2331 1133 τοῦτο
2360 1080 2523 1137 πάλιν
2556 1083 2616 1136 ὲν
2644 1083 2782 1157 αὐτῇ
2812 1087 2876 1156 τῇ
2902 1085 3160 1159 ἐπιστολῇ
3189 1088 3484 1161 δεδήλωκε.
3517 1093 3624 1156 Τὰς
3652 1093 3762 1165 γὰρ

2173 1171 2315 1226 κατὰ
2350 1173 2452 1245 τὴν
2485 1172 2669 1229 Ἀσίαν
2689 1174 3090 1248 διηγησάμενος
3114 1179 3342 1250 θλίψεις,
3364 1182 3458 1235 καὶ
3491 1183 3636 1237 κατὰ
3661 1185 3763 1255 τὴν

2173 1263 2422 1335 Τρωάδα,
2446 1258 2732 1331 διεξελθὼν
2760 1268 2818 1321 ἐν
2848 1268 2928 1340 τῷ
2961 1271 3113 1343 μέσῳ
3133 1262 3293 1344 φησί·
3334 1293 3355 1328 ι
3390 1274 3504 1328 Καὶ
3536 1275 3645 1348 γάρ
3676 1276 3761 1330 ex;

2174 1356 2375 1411 θόντων
2409 1357 2567 1429 ήμῶν
2595 1361 2677 1422 είς
2702 1361 3069 1428 Μακεδονίαν,
3101 1364 3361 1437 οὐδεμίαν
3383 1353 3568 1423 ἄνεσιν
3600 1368 3763 1440 ἔσχη-

2173 1465 2266 1503 κεν
2297 1450 2331 1520 ἡ
2362 1449 2501 1522 σὰρξ
2524 1450 2703 1522 ὴμῶν,
2727 1451 2844 1506 ἀλλ’
2869 1454 2928 1508 ἐν
2973 1454 3139 1509 παντὶ
3178 1456 3488 1530 θλιϐόμενοι
3517 1476 3532 1491 ο
3560 1461 3762 1526 ἔξωθεν

2175 1540 2371 1612 μάχαι,
2404 1541 2606 1597 ἔσωθεν
2631 1544 2806 1614 (966m.-
2839 1546 2958 1601 ἀλλ’
2986 1542 3015 1602 6
3056 1552 3393 1620 παρακαλῶν
3422 1553 3548 1618 τοὺς
3575 1571 3762 1607 ταπει-

2172 1633 2298 1697 νοὺς
2327 1634 2704 1705 παρεκάλεσεν
2751 1638 2900 1710 ἡμᾶς
2944 1640 3001 1693 ἐν
3032 1644 3099 1713 τῇ
3135 1643 3409 1716 παρουσίᾳ
3459 1645 3620 1699 Τίτου
3653 1662 3667 1676 ·
3697 1646 3759 1698 οὗ

2175 1727 2336 1799 μόνον
2366 1726 2423 1780 δὲ
2455 1728 2514 1780 ὲν
2539 1730 2606 1799 τῇ
2635 1731 2911 1803 παρουσίᾳ
2930 1732 3119 1799 αὑτοῦ,
3154 1734 3292 1789 ἀλλὰ
3333 1736 3430 1790 καὶ
3468 1740 3527 1791 ὲν
3554 1740 3621 1810 τῇ
3654 1756 3761 1791 παλ-

2174 1816 2439 1889 ρακλήσει
2482 1812 2517 1894 ᾖ
2559 1821 2976 1894 παρακέκληται
3031 1825 3121 1894 ἐφ’
3152 1826 3300 1898 ὑμῖν.
3344 1847 3364 1880 ι
3406 1817 3517 1882 Καὶ
3560 1828 3757 1884 πάλινλ

478 1927 604 1967 nius
648 1912 851 1966 fratres
889 1910 1123 1981 gratiam
1179 1907 1273 1963 Dei
1328 1906 1512 1961 datam
1569 1906 1839 1963 Ecclesiis
1880 1904 2057 1963 Mace-

2185 1928 2205 1961 r
2238 1908 2581 1980 Γνωρίζομεν
2602 1910 2627 1943 ⁸
2648 1912 2706 1965 δὲ
2721 1913 2872 1984 ὑμῖν,
2896 1915 3137 1985 ἀδελφοὶ,
3154 1894 3255 1988 τὴν
3277 1919 3439 1990 χάριν
3469 1919 3563 1973 τοῦ
3594 1910 3758 1984 Θεοῧ,

478 2002 677 2057 doniae.
718 2021 738 2055 ι
787 2002 852 2056 Et
880 2017 1123 2057 rursus:
1177 2018 1196 2051 ι
1235 1998 1312 2055 Nc
1362 2013 1488 2054 cum
1542 2000 1796 2055 venerint
1848 2014 2063 2054 mecum

480 2089 802 2147 Macedones
827 2090 879 2145 ιι.
924 2109 944 2142 ι
985 2088 1248 2157 Quintam
1316 2089 1585 2160 scriptam
1649 2102 1776 2144 esse
1804 2088 2065 2143 existimo

477 2182 716 2255 priorem
753 2182 824 2237 ad
871 2181 1246 2237 Timotheum.
1294 2179 1428 2236 Post
1459 2179 1510 2251 5
1555 2179 1883 2252 prooemium
1913 2181 2060 2235 enim

477 2276 494 2298 ‘
530 2276 669 2331 dicit
696 2293 710 2330 :
737 2292 755 2327 ι
790 2273 948 2329 Sicut
964 2271 1156 2345 rogavi
1173 2282 1226 2327 te
1261 2280 1321 2326 ut
1351 2286 1672 2328 remaneres
1698 2270 1907 2343 Ephesi
1933 2286 2061 2328 cum

477 2367 617 2423 irem
658 2366 717 2423 in
766 2364 1146 2421 Macedoniam
1172 2362 1221 2419 ί.
1262 2380 1283 2416 ι
1326 2362 1495 2420 Docet
1538 2371 1721 2419 autem
1759 2379 1863 2419 nos
1893 2364 2061 2419 etiam

477 2460 715 2514 Actuum
766 2456 1024 2522 historia,
1056 2456 1204 2527 quod
1257 2455 1482 2526 quando
1535 2455 1774 2525 primum
1809 2455 1960 2510 venit
2006 2455 2062 2509 in

478 2548 880 2613 Macedoniam,
928 2548 1172 2603 nondum
1226 2546 1451 2623 quidem
1490 2545 1769 2617 Ephesum
1812 2553 2062 2602 venerat.

480 2663 502 2697 ι
541 2641 814 2698 Prohibiti
855 2640 1031 2705 enim,
1066 2640 1270 2711 inquit,
1302 2639 1525 2699 fuerant
1580 2655 1610 2694 a
1648 2637 1858 2710 Spiritu
1912 2638 2063 2711 loqui

475 2736 708 2793 verbum
752 2735 809 2789 iu
856 2733 987 2791 Asia
1021 2730 1068 2787 i.
1120 2750 1139 2785 ι
1192 2731 1398 2787 Aderat
1441 2739 1622 2787 autem
1673 2745 1782 2787 una
1837 2747 1964 2787 cum
1996 2746 2064 2788 eo

472 2828 642 2884 etiam
699 2820 1040 2881 Timotheus.
1109 2822 1269 2892 Quod
1334 2831 1522 2895 aperte
1600 2838 1824 2893 quoque
1902 2821 2064 2879 docet

474 2918 710 2974 Aetuum
780 2915 1040 2971 historia.
1078 2913 1214 2971 Nam
1272 2929 1400 2970 cum
1458 2910 1632 2968 Judaei
1700 2929 1767 2969 ex
1821 2911 2063 2968 Thessa-

474 3011 654 3066 lonica
703 3008 1020 3070 Berrhoeam
1060 3007 1390 3072 venissent,
1426 3013 1481 3061 et
1517 3004 1932 3060 multitudinem
1993 3004 2061 3058 ad

476 3101 807 3157 seditionem
841 3101 1244 3160 concitassent,
1268 3096 1496 3153 divinus
1516 3096 1739 3168 quidem
1759 3094 2062 3172 Apostolus

473 3194 717 3253 Athenas
768 3192 1043 3262 navigavit
1093 3209 1107 3245 :
1167 3208 1186 3242 ι
1225 3188 1550 3251 Manserunt
1600 3198 1809 3252 autem,
1852 3188 2056 3259 inquit,

476 3283 622 3340 Silas
659 3291 715 3339 et
755 3281 1081 3341 Timotheus
1130 3280 1243 3337 illic
1268 3280 1317 3335 ιι.
1363 3299 1382 3332 ι
1424 3278 1490 3334 Et
1543 3295 1762 3345 rursus,
1794 3294 1923 3334 cum
1970 3294 2055 3344 ea,

475 3392 602 3453 quae
633 3374 884 3437 Corinthi
916 3385 1037 3428 acta
1081 3382 1233 3441 sunt,
1278 3371 1520 3441 scriptor
1550 3379 1824 3437 narraret,
1857 3378 1912 3425 et
1959 3370 2061 3424 do-

474 3475 625 3522 ceret
655 3462 936 3536 quomodo
972 3463 1194 3518 divinus
1238 3461 1542 3534 Apostolus
1593 3462 1647 3516 in
1680 3475 1960 3533 synagoga
2006 3461 2059 3513 in

475 3559 630 3613 omni
666 3557 910 3612 Sabbato
942 3555 1215 3620 docuerit,
1251 3563 1306 3611 et
1335 3554 1488 3625 quod
1517 3552 1727 3609 Iudaeis
1758 3562 1812 3609 et
1854 3551 2061 3607 Graecis

475 3648 840 3720 persuaserit,
889 3646 1184 3715 subiunxit
1218 3664 1233 3703 :
1277 3662 1297 3696 ι
1338 3643 1644 3714 Postquam
1678 3649 1863 3697 autem
1899 3655 2062 3695 vene-

475 3750 609 3799 runt
661 3756 727 3797 ex
758 3738 1081 3795 Macedonia
1126 3735 1271 3793 Silas
1322 3744 1377 3793 et
1426 3735 1780 3799 Timotheus,
1816 3730 2062 3788 instabat

474 3836 648 3893 verbo
705 3832 934 3895 Paulus.
990 3831 1295 3887 testilicans
1352 3827 1600 3896 ludatis,
1681 3825 1869 3881 .lesum
1938 3837 2064 3878 esse

475 3926 755 4001 Christum
783 3921 827 3978 ὶ.
869 3944 889 3977 ι
922 3923 1147 3979 Clarum
1200 3929 1289 3978 est
1335 3936 1471 3992 ergo
1509 3918 1684 3991 quod,
1712 3917 1936 3989 quando
1975 3930 2063 3972 se-

475 4017 657 4074 cundo
699 4031 767 4072 ex
792 4013 1010 4086 Epheso
1052 4013 1204 4070 venit
1240 4013 1439 4069 beatus
1475 4010 1681 4064 Paulus
1718 4008 1774 4061 in
1806 4005 2063 4060 Macedo-

475 4110 623 4166 niam
655 4145 672 4176 ,
710 4117 843 4162 tunc
891 4104 1011 4160 illic
1055 4106 1328 4175 optimum
1384 4100 1739 4155 Timetheum
1792 4094 2058 4163 reliquit,

474 4212 537 4257 ut
574 4213 767 4257 eorum
809 4212 1001 4252 curam
1049 4203 1286 4269 gereret,
1328 4193 1423 4264 qui
1457 4191 1758 4252 salutarem
1789 4186 2062 4256 praedica-

474 4291 682 4346 tionem
714 4295 1092 4360 susceperant.
1122 4286 1258 4342 Post
1292 4284 1460 4347 hanc,
1486 4295 1607 4336 eam
1644 4291 1769 4333 esse
1797 4276 2061 4347 scriptam

474 4384 756 4446 existimo,
790 4395 913 4451 quae
958 4380 1027 4435 ad
1059 4378 1249 4433 Titum
1300 4377 1475 4430 missa
1513 4376 1619 4426 est.
1651 4367 1790 4424 Cum
1822 4369 1970 4421 enim
2006 4369 2063 4423 in

474 4477 588 4533 illis
619 4476 801 4530 adhuc
822 4473 965 4531 locis
986 4472 1195 4529 Paulus
1225 4473 1436 4540 ageret,
1462 4462 1633 4533 jussit
1656 4459 1782 4515 Tito
1811 4467 1871 4514 ut
1904 4461 1973 4516 ad
2005 4477 2064 4517 se

2166 2003 2265 2075 τὴν
2293 2003 2584 2076 δεδομένην
2618 2007 2739 2070 ταῖς
2785 2007 3138 2080 Ἐκκλησίαις
3170 2010 3272 2080 τῆς
3330 2011 3691 2077 Μακεδονίας.
3734 2032 3753 2066 ι

2167 2096 2278 2151 Καὶ
2301 2092 2459 2159 αὖθις
2491 2114 2505 2127 υ
2546 2116 2565 2149 ι
2612 2099 2825 2168 Μήπως
2858 2099 2952 2153 ἐὰν
2976 2100 3170 2155 ἔλθωσι
3205 2102 3303 2158 σὺν
3344 2102 3468 2174 ἐμοὶ
3502 2104 3757 2159 Μακεδόι

2169 2194 2281 2252 νες.
2311 2205 2330 2239 ι
2367 2182 2638 2259 Πέμπτην
2669 2186 2911 2261 ἡγοῦμαι
2964 2190 3276 2263 γεγράφθαι
3325 2191 3436 2247 τῶν
3471 2193 3608 2265 πρὸς
3658 2195 3759 2249 Ta-

2169 2277 2363 2349 μόθεον
2410 2278 2510 2349 τὴν
2560 2279 2855 2353 προτέραν.
2905 2282 3059 2336 Μετὰ
3093 2282 3205 2355 γὰρ
3236 2282 3301 2356 δὴ
3358 2284 3421 2338 τὸ
3469 2284 3758 2358 προοίμιον

2163 2366 2310 2423 οὕτω
2339 2369 2473 2442 φησί
2509 2385 2523 2398 ·
2554 2388 2575 2422 ι
2615 2370 2819 2436 Καθὼς
2852 2372 3211 2444 παρεκάλεσά
3242 2390 3302 2428 σε
3335 2378 3664 2448 προσμεῖναι
3697 2377 3760 2431 ὲν

2177 2454 2411 2531 Ἐφέσῳ,
2440 2460 2807 2533 πορευόμενος
2830 2464 2911 2527 είς
2939 2464 3305 2519 Μακεδονίαν.
3349 2484 3369 2519 ι
3410 2467 3665 2522 Διδάσκει
3697 2462 3758 2521 δὲ

2164 2553 2315 2625 ἡμᾶς
2350 2551 2448 2607 καί⁸
2469 2553 2503 2624 ἡ
2526 2552 2633 2607 τῶν
2654 2550 2917 2626 Πράξεων
2944 2555 3178 2627 ἱστορία,
3203 2555 3280 2621 ὡς
3309 2557 3472 2628 ἡνίκα
3502 2558 3563 2611 τὸ
3606 2557 3760 2630 πρῶ-

2163 2654 2256 2699 τον
2280 2645 2361 2709 είς
2382 2644 2483 2718 τὴν
2512 2645 2853 2701 Μακεδονίαν
2885 2646 3138 2715 ἀφίκετο,
3172 2646 3387 2703 οὐδέπω
3415 2647 3514 2718 μὲν
3543 2648 3623 2712 είς
3655 2646 3760 2717 τὴν

2168 2738 2404 2807 Ἔφεσον
2436 2736 2739 2810 ἐληλύθει(
2780 2737 3168 2811 Ἑκωλύθησαν
3199 2737 3310 2810 γὰρ
3332 2738 3438 2791 ὑπὸ
3459 2737 3555 2792 τοῦ
3586 2737 3759 2792 Πνεῦ-

2168 2847 2337 2902 ματος
2358 2829 2611 2901 λαλῆσαι.
2644 2831 2799 2900 φησι,
2832 2830 2925 2885 τδν
2948 2830 3107 2900 λόγον
3128 2831 3188 2885 ὲν
3214 2833 3282 2902 τῇ
3318 2829 3492 2902 Ἀσίᾳ.
3526 2849 3546 2883 ι
3579 2832 3759 2903 Συνῆν

2165 2919 2223 2974 δέ
2245 2937 2308 2990 γε
2341 2918 2491 2991 αὐτῷ
2524 2921 2617 2977 καὶ
2643 2922 2671 2974 6
2698 2921 2964 2992 Τιμόθεος
2994 2938 3005 2950 ·
3032 2915 3129 2974 καὶ
3166 2920 3324 2974 τοῦτο
3352 2922 3541 2991 σαφῶς
3590 2924 3686 2976 καὶ
3722 2925 3757 2995 ἠ

2164 3011 2274 3065 τῶν
2308 3012 2566 3084 Πράξέων
2600 3012 2814 3082 ἱστορία
2842 3011 3105 3067 διδάσκει.
3135 3010 3257 3065 Τῶν
3284 3011 3395 3084 γάρ
3423 3014 3532 3067 ἀπὸ
3553 3013 3759 3070 Θεσσα-

2164 3100 2385 3172 λονίκης
2421 3100 2692 3154 Ἰουδαίων
2724 3100 2804 3162 είς
2828 3098 2928 3170 τὴν
2960 3099 3226 3172 Βέρῤοιαν
3258 3101 3631 3172 ἀφικομένων,
3659 3104 3757 3157 καὶ

2164 3190 2226 3245 τδ
2251 3191 2454 3263 πλῆθος
2479 3190 2816 3260 ἐγειρὰντων
2843 3191 2925 3257 είς
2962 3192 3172 3255 στάσιν,
3208 3194 3238 3245 6
3271 3191 3374 3263 μὶν
3402 3192 3547 3260 θεῖος
3587 3195 3760 3249 Ἀπόδ

2165 3283 2353 3344 στολος
2385 3284 2467 3363 ,είς
2512 3282 2613 3344 τὰς
2653 3280 2886 3351 Ἀθήνας
2912 3281 3257 3337 ἀπέπλευσεν
3288 3300 3304 3317 ο
3350 3302 3370 3336 ι
3427 3286 3757 3357 Ἐπέμειναν

2162 3375 2239 3438 δὲ,
2269 3374 2455 3444 φησὶν,
2488 3373 2516 3426 ὃ
2533 3390 2590 3425 τε
2621 3373 2781 3436 Σίλας
2812 3374 2905 3427 καὶ
2926 3376 2954 3428 6
2975 3375 3238 3446 Τιμόθεος
3262 3377 3399 3431 ἐκεῖ.
3415 3397 3433 3428 ι
3459 3381 3569 3436 Καὶ
3591 3380 3757 3437 πάλιν

2161 3466 2233 3518 τὰ
2270 3464 2412 3518 κατὰ
2441 3463 2540 3535 τὴν
2571 3463 2834 3534 Κόρινθον
2892 3468 2921 3519 6
2972 3468 3327 3539 συγγραφεὺς
3372 3468 3752 3542 διηγούμενος,

2163 3557 2260 3613 καὶ
2286 3555 2552 3609 διδάσκων
2593 3556 2741 3620 ὅπως
2785 3558 2814 3610 6
2847 3556 2990 3621 θεῖος
3036 3559 3360 3625 Ἀπόστολος
3393 3559 3669 3630 διελέγετο
3696 3566 3755 3618 ἐν

2161 3649 2230 3717 τῇ
2254 3648 2543 3717 συναγωγῇ
2570 3650 2711 3701 κατὰ
2739 3649 2848 3702 πᾶν
2902 3649 3183 3705 Σάϐϐατον
3207 3692 3222 3716 ,
3273 3654 3369 3705 καὶ
3411 3655 3491 3708 ὅτι
3536 3654 3756 3710 ἔπεισεν

2176 3734 2464 3800 Ἰουδαίους
2494 3753 2551 3788 τε
2581 3738 2677 3790 καὶ
2708 3738 3006 3811 Ἕλληνας,
3044 3743 3327 3812 ἐπήγαγεν
3351 3756 3366 3773 ⁵
3396 3761 3415 3795 ι
3457 3745 3545 3809 Ὧς
3567 3746 3626 3798 δὲ
3655 3741 3757 3818 ἧλ-

2164 3823 2256 3877 θον
2285 3825 2396 3878 άπὸ
2417 3825 2517 3897 τῆς
2561 3829 2922 3894 Μακεδονίας,
2956 3831 2985 3884 6
3011 3848 3070 3883 τε
3098 3832 3261 3897 Σίλας
3294 3834 3387 3888 καὶ
3410 3837 3440 3888 6
3466 3836 3787 3906 Τιμόθεος,“

2166 3917 2443 3988 συνείχετο
2476 3918 2555 3989 τῷ
2585 3914 2739 3992 λόγῳ
2764 3920 2795 3972 '6
2838 3921 3073 3988 Παῦλος,
3100 3922 3610 3998 διαμαρτυρόμενος
3642 3933 3756 3994 τοῖς

2177 4009 2454 4074 Ἰουδαίοις
2500 4011 2593 4064 τὸν
2633 4012 2868 4084 Χριστὸν
2910 4012 3141 4086 Ἰησοῦν.
3175 4034 3193 4069 ι
3222 4017 3391 4090 Δῆλον
3435 4021 3639 4087 τοίνυν,
3679 4023 3759 4086 ὡς

2162 4102 2330 4171 ἡνίκα
2358 4101 2419 4154 τὸ
2463 4102 2715 4176 δεύτερον
2761 4105 2870 4160 ἀπὸ
2897 4107 2999 4179 τῆς
3050 4109 3275 4179 Ἐφέσου
3299 4114 3630 4182 παρεγίνετο
3674 4119 3757 4180 είς

2164 4195 2265 4267 τὴν
2300 4195 2641 4253 Μακεδονίαν
2673 4202 2702 4252 6
2734 4201 3006 4274 μακάριος
3030 4204 3264 4273 Παῦλος,
3303 4207 3427 4261 τότε
3452 4208 3545 4264 τὸν
3577 4213 3758 4266 πάντα

2164 4289 2385 4361 ἄριστον
2412 4289 2677 4361 Τιμόθεον
2707 4293 2850 4347 ἐκεῖ.
2877 4295 3289 4364 καταλέλοιπεν,
3322 4300 3403 4364 είς
3435 4301 3758 4372 ἐπιμέλειαν

2165 4381 2274 4435 τῶν
2304 4381 2614 4452 δεξαμένων
2639 4385 2699 4439 τὸ
2728 4388 2995 4459 σωτήριον
3025 4390 3309 4461 κήρυγμα.
3343 4393 3498 4447 Μετὰ
3527 4395 3755 4467 ταύτην,

2167 4474 2539 4545 ὑπολαμϐάνω
2560 4477 2658 4548 τὴν
2686 4478 2824 4549 πρὸς
2858 4482 3015 4534 Τίτον
3045 4484 3376 4554 γεγράφθαι.
3410 4486 3499 4540 Ἐν
3524 4487 3757 4554 ἐκείνοις

473 4569 707 4626 veniret.
740 4566 834 4623 Sic
867 4576 1050 4621 autem
1084 4561 1221 4619 dicit
1255 4578 1269 4614 :
1306 4576 1325 4610 ι
1360 4554 1499 4611 Cum
1530 4552 1736 4610 misero
1765 4550 1931 4609 adite
1958 4555 2062 4608 Ar-

2168 4566 2274 4639 γὰρ
2307 4567 2388 4621 ἔτι
2410 4568 2611 4638 διάγων
2657 4574 2771 4635 τοῖς
2803 4572 3015 4642 μέρεσι,
3049 4550 3378 4630 καταλαϐεῖν
3419 4579 3584 4633 αὐτὸν
3612 4550 3757 4655 παρζ

472 4671 700 4728 temam,
726 4661 812 4717 vel
843 4658 1173 4732 Tychicum,
1209 4650 1414 4706 festina
1458 4645 1525 4701 ad
1562 4661 1650 4701 me
1681 4646 1872 4701 venire
1903 4646 2064 4703 Nico-'-

472 4754 667 4825 polim;
707 4752 783 4808 ibi
812 4751 959 4806 enim
989 4745 1163 4804 statui
1196 4741 1442 4797 hiemare
1468 4747 1530 4793 ’³.
1578 4755 1597 4789 ι
1639 4737 1842 4794 Dicunt
1876 4748 2060 4796 autem

471 4846 786 4920 Nicopolim
819 4859 947 4901 esse
994 4840 1194 4896 urbem
1225 4832 1497 4894 Thraciae,
1543 4829 1880 4887 Macedoniae
1933 4848 2064 4904 pro-

474 4942 762 5013 pinquam.
805 4935 1110 5006 Septimam
1147 4928 1299 4983 misit
1327 4924 1396 4980 ad
1426 4921 1730 4983 Romanos.
1768 4924 1901 4983 Post
1935 4928 2061 4984 illas

471 5034 621 5090 enim
655 5044 849 5087 omnes
883 5043 944 5084 se
964 5026 1113 5080 hanc
1139 5019 1197 5097 6
1225 5018 1520 5091 scripsisse
1546 5017 1732 5073 docet.
1762 5015 1853 5075 Sic
1878 5027 2059 5076 autem

471 5131 612 5188 dicit
641 5148 657 5187 :
693 5149 714 5185 ι
750 5128 909 5183 Nunc
937 5122 1107 5196 igitur
1151 5114 1477 5187 proﬁciscor
1513 5114 1572 5169 in
1607 5111 1917 5172 Jerusalem
1955 5117 2059 5171 mi-

470 5225 719 5282 nistrare
766 5218 999 5278 sanctis.
1031 5212 1415 5268 Probaverunt
1459 5211 1604 5264 enim
1645 5205 1971 5264 Macedonia
2002 5217 2058 5265 et

468 5317 685 5374 Achaia
734 5310 1086 5371 collationem
1130 5301 1373 5372 aliquam
1429 5300 1612 5358 facere
1665 5300 1725 5356 in
1775 5316 2055 5374 pauperes

469 5417 698 5465 sanctos
723 5403 819 5475 qui
856 5397 1082 5457 suntin
1114 5391 1420 5449 Jerusalem
1454 5399 1503 5446 ιι.
1555 5411 1575 5447 ι
1606 5390 1683 5449 De
1731 5391 1820 5450 his
1870 5400 2053 5450 autem

2168 4658 2437 4731 ηγγύησε.
2479 4661 2644 4729 Λέγει
2667 4662 2724 4716 δὲ
2756 4662 2950 4729 οὕτως⁴
2987 4685 3005 4717 ι
3042 4666 3209 4721 Ὅταν
3238 4668 3445 4739 πέμψω
3483 4672 3756 4743 ’Λρτεμᾶν

2166 4750 2307 4822 πρὸς
2339 4750 2420 4816 σὲ,
2468 4750 2501 4825 ἢ
2556 4751 2812 4823 Τυχικὺν,
2843 4752 3149 4807 σπούδασον
3196 4754 3372 4809 ἐλθεῖν
3404 4757 3538 4827 πρὸς
3576 4776 3644 4829 με
3673 4763 3755 4824 εἰς

2165 4842 2483 4897 Νικόπολιν·
2515 4844 2633 4896 ἐκεῖ
2651 4843 2760 4914 γάρ
2794 4843 3027 4917 κέκρικα
3049 4847 3482 4916 παραχειμάσαι.
3508 4866 3527 4899 ι
3560 4848 3671 4919 Τὴν
3697 4848 3753 4902 δὲ

2164 4935 2478 4999 Νικόπολιν,
2513 4933 2794 5009 Θρᾳκικὴν
2845 4936 2945 5007 μὲν
2977 4937 3132 4989 πόλιν
3180 4936 3322 4991 εἷναί
3378 4956 3531 5008 φασι,
3579 4944 3647 5013 τῇ
3697 4941 3756 4997 δὲ

2164 5028 2475 5102 Μακεδονίᾳ
2512 5030 2787 5097 πελάζειν.
2828 5029 3095 5103 Ἑϐδόμην
3133 5030 3232 5102 τὴν
3275 5032 3410 5103 πρὸς
3446 5034 3755 5105 Ῥωμαίους

2162 5121 2464 5175 ἐπέστειλε.
2517 5121 2673 5175 Μετὰ
2725 5122 2931 5195 γὰρβὴ
2982 5124 3184 5185 ταύτας
3247 5123 3485 5190 ἁπάσας,
3546 5126 3754 5198 ταύτην

2160 5212 2324 5276 αὐτὸς
2349 5213 2683 5284 γεγραφέναι
2716 5214 2977 5271 διδάσκει.
3026 5215 3191 5284 Λέγει
3231 5216 3288 5268 δὲ
3312 5215 3487 5281 οὕτως
3509 5233 3527 5249 ο
3563 5237 3582 5270 ι
3616 5219 3758 5274 Νυνὶ

2157 5305 2216 5359 δὲ
2251 5304 2554 5378 πορεύομαι
2581 5308 2663 5371 είς
2701 5307 3061 5380 Ἰερουσαλὴμ
3107 5307 3371 5363 διακονῶν
3396 5312 3508 5374 τοῖς
3533 5310 3712 5381 ἁγίοις
3739 5327 3754 5343 ·

2158 5397 2428 5470 ηὐδόκησε
2465 5398 2574 5469 γὰρ
2606 5399 2917 5455 Μακεδονία
2946 5401 3041 5454 καὶ
3080 5400 3271 5471 Ἀχαΐα
3305 5401 3591 5457 κοινωνίαν
3624 5402 3745 5457 τινὰ

549 5585 577 5624 ε
615 5586 637 5642 l
667 5585 797 5641 Cor.
825 5597 960 5658 νιιι,
993 5582 1085 5658 l._
1120 5582 1152 5625 ιι
1190 5581 1236 5640 ll
1273 5584 1522 5658 COPLIX,
1553 5546 1609 5643 4-.
1691 5585 1773 5657 ﬁl
1813 5586 2057 5643 Timoth.

2167 5589 2209 5645 5.
2247 5585 2262 5639 i
2310 5589 2437 5645 Act.
2471 5588 2654 5658 “1,6.
2698 5590 2724 5632 κ
2758 5591 2884 5648 Act.
2920 5607 3064 5658 xvu,
3096 5591 3186 5649 14.
3270 5589 3289 5631 ι
3331 5593 3460 5649 Act.
3489 5606 3650 5657 xvm,
3685 5591 3743 5647 Β.

470 5664 512 5699 ω
546 5659 653 5714 Tit.
688 5671 787 5721 ιιι,
821 5653 911 5710 l2.
984 5660 1017 5693 ιι
1050 5653 1213 5712 Rom.
1245 5673 1334 5725 xv,
1368 5656 1459 5715 26.

1754 5770 1989 5827 VARle
2029 5770 2327 5828 LECTION
2335 5772 2438 5829 ES.
3702 5830 3708 5833 ν

547 5863 632 5918 δΒ
670 5861 940 5937 γνωρίζω.
969 5861 1062 5923 Sic
1090 5861 1472 5925 Theodoretus
1499 5881 1721 5940 quoque
1763 5865 1907 5921 inl‘ra
1939 5866 2006 5922 ad
2040 5863 2057 5919 l

2167 5881 2236 5924 ιιι.
2264 5881 2384 5937 vni,
2418 5865 2471 5925 l.
3561 5913 3571 5919 .
3659 5916 3689 5926 -
