4124 6428
336 544 685 614 ποιήσασθαι
708 547 793 611 εἰς
829 547 962 611 τούς
994 549 1245 620 πτωχοὺς
1274 550 1380 603 τῶν
1415 551 1585 619 ἁγίων
1622 552 1731 606 τῶν
1758 553 1815 605 ἐν
1853 551 1951 606 Ἱε·
1978 558 2024 615 Α

341 636 659 708 ρουσαλήμ.
698 656 720 690 ι
757 638 897 708 Περὶ
932 639 991 693 δὲ
1025 639 1236 697 τούτων
1260 641 1367 694 τῶν
1418 643 1738 713 χρημάτων,
1766 642 1861 697 καὶ
1895 645 1952 695 ἐν

338 731 407 799 τῇ
452 728 710 800 προτέρα
732 729 757 761 ⁸
786 732 853 800 τῇ
886 730 1026 799 πρὸς
1051 730 1376 802 Κορινθίους
1412 735 1578 803 φησιν
1618 732 1910 804 Ἐπιστολῇ
1934 752 1947 764 ·

347 842 366 873 ι
396 824 520 876 Ἵνα
552 822 636 893 μὴ
665 824 801 877 ὅταν
830 822 994 886 ἓλθω,
1032 822 1156 877 τότε
1187 823 1361 891 λογίαι
1413 825 1670 893 γίνωνται
1699 841 1713 856 ο
1743 825 1871 879 ὅταν
1899 825 1956 878 δὲ

343 915 799 985 παραγένωμαι,
852 913 949 978 οὓς
999 916 1096 968 ἐὰν
1148 915 1481 985 δοκιμάσητε
1534 916 1603 969 δι’
1633 915 1953 981 ἐπιστολῶν,

344 1007 576 1071 τούτους
620 1006 833 1077 πέμψω
875 1008 1205 1075 ἀπενεγκεῖν
1226 1007 1327 1080 τὴν
1353 1009 1514 1079 χάριν
1537 1008 1692 1080 ὐμῶν
1724 1011 1806 1072 εἰς
1857 1009 1955 1062 Ἱε-

347 1100 667 1171 ρουσαλήμ·
703 1102 803 1155 ἐὰν
827 1096 945 1172 δὲῇ
980 1099 1133 1164 ἄξιον
1157 1100 1252 1155 τοῦ
1283 1102 1427 1172 κάμὲ
1465 1100 1816 1173 πορεύεσθαι,
1860 1101 1957 1154 σὺν

346 1194 473 1263 ἐμοὶ
499 1191 898 1264 πορεύσονται.
940 1211 960 1245 ι
989 1192 1148 1246 Μετὰ
1181 1184 1387 1247 τούτων
1410 1186 1517 1246 τῶν
1547 1192 1850 1264 χρημάτων
1876 1193 1956 1254 εἰς

355 1284 729 1356 Ἰερουσαλὴμ
756 1284 1033 1356 ἀπαίρων,
1061 1285 1121 1337 ἐν
1160 1283 1387 1356 Μιλήτῳ
1409 1286 1521 1349 τοῖς
1563 1284 1826 1353 Ἐφεσίων
1851 1283 1955 1354 ἔφη

345 1376 780 1448 πρεσϐυτέροις,
810 1376 895 1429 ὅτι
925 1394 946 1427 ι
981 1375 1181 1429 Οὐκέτι
1208 1374 1405 1445 ὄψεσθε
1434 1375 1496 1428 τὸ
1529 1374 1820 1447 πρόσωπόν
1853 1391 1956 1446 μου

347 1469 510 1539 ὑμεῖς·
559 1468 798 1532 πάντες,
844 1469 904 1521 ἐν
936 1462 1020 1531 οἷς
1065 1467 1285 1538 διῆλθον
1333 1466 1626 1539 κηρύσσων
1669 1467 1768 1538 τὴν
1804 1465 1957 1536 βασι-

339 1561 499 1613 λείαν
524 1559 625 1613 τοῦ
658 1558 854 1613 Θεοῦ.»
891 1559 1071 1623 Εὐθὺς
1108 1559 1220 1630 γὰρ
1254 1561 1314 1613 ἐν
1356 1557 1749 1630 Ἱεροσολύμοις
1780 1572 1959 1631 παρα-

343 1652 533 1722 νόμων
562 1651 827 1721 γραφεὶς,
881 1651 978 1704 καὶ
1017 1651 1109 1703 τὸν
1166 1650 1424 1721 μέγιστον
1468 1650 1678 1704 ἐκεῖνον
1713 1648 1958 1702 κίνδυνον

344 1743 688 1812 ὑπομείνας,
735 1740 827 1794 διὰ
877 1742 979 1810 μὲν
1026 1739 1122 1793 τοῦ
1172 1739 1453 1811 χιλιάρχου
1494 1741 1605 1793 τῶν
1646 1737 1957 1792 Ἰουδαϊκῶν

340 1832 648 1905 ἀπηλλάγη
686 1832 891 1904 χειρῶν
916 1849 930 1862 ·
971 1830 1161 1900 ἐφέσει
1218 1832 1277 1885 δέ
1323 1831 1690 1903 χρησάμενος,
1721 1830 1814 1883 ἐπὶ
1861 1830 1955 1883 τοῦ

340 1899 564 1997 Φήστου
741 1899 965 1996 Ῥώμην
996 1899 1469 1979 κατέλαϐενίϊοτι
1512 1899 1577 1977 *δὲ
1618 1922 1728 1976 ἀπὸ
1758 1921 1952 1994 Κορίν-
1987 1899 2032 1960 Β

343 2019 439 2073 Bon
461 2019 725 2090 γέγραφε
748 2016 848 2087 τὴν
876 2016 1016 2088 πρῖις
1046 2015 1353 2088 Ῥωμαίους
1391 2014 1732 2088 Ἐπιστολὴν,
1765 2015 1954 2087 σαφῶς

342 2113 496 2182 ἡμᾶς
528 2110 670 2164 αὐτὸ
698 2109 963 2163 διδάσκεί
988 2108 1050 2161 τὸ
1076 2107 1252 2172 τέλος.
1286 2106 1510 2178 Πρῶτον
1554 2108 1653 2179 μὲν
1701 2108 1811 2180 γὰρ
1855 2106 1954 2178 τὴν

348 2202 563 2273 Φοίϐην
588 2202 905 2273 συνίστησι,
930 2199 1184 2255 διάκονον
1211 2200 1381 2271 αὐτὴν
1402 2195 1544 2253 εἶναι
1573 2199 1751 2268 λέγων
1777 2199 1875 2270 τῆς
1898 2200 1954 2252 ἐν

342 2297 667 2367 Κεγχρεαῖς
690 2293 990 2367 ἐκκλησίας
1016 2309 1030 2323 ·
1065 2290 1368 2364 Κορινθίων
1400 2291 1457 2344 δὲ
1491 2291 1691 2361 χωρίον
1719 2292 1777 2345 αἱ
1812 2292 1956 2359 Κεγ-

342 2389 528 2459 χρεαί.
578 2386 821 2439 Ἔπειτα
858 2385 917 2437 δὲ
968 2384 1065 2437 καὶ
1096 2382 1271 2437 ταῦτά
1303 2399 1469 2454 φησιν
1504 2398 1517 2413 ι
1548 2401 1567 2434 ι
1620 2381 1954 2446 Ἀσπάζεται

343 2480 495 2548 ὑμεῖς
538 2478 708 2540 Γάϊος
732 2478 760 2530 ὁ
791 2475 940 2540 ξένος
977 2491 1105 2544 μου,
1138 2475 1235 2527 καὶ
1262 2474 1362 2544 τῆς
1396 2473 1728 2545 Ἐκκλησίας
1753 2472 1903 2543 ὅλης.
1931 2492 1949 2525 ι

342 2570 511 2624 Ξένον
544 2569 609 2623 δὲ
645 2568 739 2621 τὸν
771 2565 1051 2635 ξενοδόχον
1102 2565 1277 2621 καλεῖ.
1311 2567 1439 2621 Ὅτι
1481 2565 1540 2620 δὲ
1572 2564 1858 2637 Κορίνθιος
1885 2561 1955 2637 ἦν

343 2665 373 2716 ὁ
399 2663 594 2727 Γάϊος,
625 2661 693 2713 ἐκ
739 2660 841 2729 τῆς
892 2657 1031 2728 πρὸς
1064 2657 1382 2728 Κορινθίους
1419 2658 1440 2690 ⁸
1471 2658 1741 2729 προτέρας
1788 2672 1958 2711 κατα.-

347 2753 550 2824 μαθεῖν
585 2750 844 2813 εὐπετές.
875 2749 1086 2820 Γράφει
1126 2749 1234 2820 γὰρ
1261 2748 1434 2813 οὕτως
1464 2751 1647 2814 αὐτοῖς
1670 2765 1683 2778 ο
1725 2767 1744 2802 ι
1777 2747 1957 2823 Εὐχα-

346 2845 524 2919 ριστῶ
557 2843 641 2915 τῷ
678 2841 804 2914 Θεῷ
834 2857 960 2912 μου,
1009 2842 1093 2895 ὅτι
1145 2841 1337 2894 οὐδένα
1382 2841 1537 2914 ὑμῶν
1586 2842 1880 2912 ἐϐάπτισα,
1906 2845 1957 2898 εί

348 2939 429 3011 μὴ
475 2938 739 3010 Κρίσπον
773 2936 869 2988 καὶ
916 2934 1095 2988 Γάϊον.
1138 2953 1157 2986 ι
1222 2933 1456 3006 Ἐσχάτη
1505 2934 1687 2990 τοίνυν
1719 2935 1831 2990 ἀπὸ
1858 2936 1957 3007 τῆς

359 3030 578 3092 Ἀσίας,
622 3026 724 3081 καὶ
755 3023 1121 3087 Μακεδονίας,
1160 3023 1256 3077 καὶ
1298 3024 1543 3095 Ἀχαΐας,
1573 3025 1606 3095 ἡ
1639 3025 1776 3097 πρὸς
1820 3026 1956 3079 Ῥω-

350 3121 555 3193 peiora;
590 3118 841 3189 ἐγράφη,
871 3116 968 3169 καὶ
1012 3113 1166 3180 τάξιν
1212 3115 1326 3187 ἔχει
1375 3116 1475 3187 τὴν
1505 3115 1763 3188 ἑϐδόμην,
1792 3116 1867 3180 ὡς
1893 3117 1958 3170 ὲκ

347 3214 460 3267 τῶν
489 3210 880 3266 ἁποστολικῶν
906 3206 1253 3279 γραμμάτων
1279 3207 1584 3278 ἐδείξαμεν.
1616 3207 1728 3271 Τάς
1757 3207 1866 3278 γὰρ
1894 3206 1959 3279 δὴ

347 3307 520 3368 illa;
551 3304 671 3357 ἀπὸ
701 3303 806 3372 τῆς
849 3299 1074 3372 Ῥώμης
1104 3299 1408 3353 ἐπέστειλε.
1449 3299 1559 3353 Καὶ
1595 3299 1821 3370 πρώτην
1862 3300 1963 3370 μὲν

349 3398 601 3470 ἠγοῦμαι
645 3395 751 3465 τὴν
786 3393 925 3465 πρὺς
975 3392 1223 3454 Γαλάτας
1257 3392 1555 3463 γραφῆναι.
1584 3390 1698 3462 Πρὸ
1721 3390 1830 3463 γάρ
1863 3392 1963 3461 τῆς

351 3494 432 3555 είς
455 3492 563 3562 τὴν
588 3486 946 3542 Μακεδονίαν
968 3484 1308 3556 ἀποδημίας,
1341 3483 1558 3555 διῆλθεν
1591 3485 1671 3547 είς
1696 3483 1796 3555 τὴν
1823 3484 1963 3555 Φρυ-

351 3585 478 3651 γίαν
507 3584 606 3635 καὶ
631 3577 948 3649 Γαλατικὴν
970 3575 1179 3650 χώραν,
1214 3575 1503 3647 κηρύττων
1526 3575 1587 3628 τὸ
1611 3574 1958 3645 Εὐαγγέλιον.

353 3672 492 3732 Εἶτά
521 3692 652 3728 τινα
683 3672 879 3743 χρόνον
915 3672 975 3724 ἐν
1006 3671 1073 3740 τῇ
1109 3666 1437 3738 Μακεδονίᾳ,
1489 3668 1585 3721 καὶ
1622 3669 1688 3738 τῇ
1747 3666 1962 3738 Ἀχαΐᾳ.

353 3772 451 3826 καὶ
488 3768 687 3840 μέντοι
737 3765 837 3819 καὶ
866 3766 936 3834 τῇ
977 3762 1135 3832 Ἀσίᾳ
1162 3759 1474 3832 διατρίψας,
1514 3759 1700 3831 ἀπῆρε
1743 3758 1844 3829 μὲν
1883 3760 1965 3821 είς

353 3864 456 3933 τὴν
521 3858 816 3914 Ἰουδαίαν.
856 3854 1102 3909 Ἐκεῖθεν
1149 3853 1208 3907 δὲ
1256 3853 1397 3924 μετὰ
1441 3851 1540 3924 τὴν
1592 3852 1828 3920 Ἔφεσον
1862 3850 1964 3919 τὴν

366 3953 597 4024 Ῥώμην
623 3947 924 4004 κατέλαϐε·
956 3946 1054 4001 καὶ
1081 3942 1291 4017 μαθὼν,
1318 3943 1396 4007 ὥς
1421 3959 1569 4006 τινες
1589 3944 1659 3996 τὰ
1680 3942 1780 4011 τῆς
1810 3941 1967 3993 εὐσε·

355 4047 511 4111 Geta;
571 4043 836 4112 συνέχεον
867 4040 1135 4110 δόγματα,
1190 4037 1290 4109 τὴν
1337 4036 1447 4092 ἀπὸ
1477 4035 1589 4090 τῶν
1617 4034 1965 4108 γραμμάτων

356 4141 546 4203 αὐτοῖς
616 4133 926 4206 θεραπείαν
980 4131 1350 4204 προσήνεγκε.
1410 4130 1522 4184 Καὶ
1581 4125 1966 4197 Φιλιππησίοις

361 4231 504 4303 μετὰ
538 4227 778 4289 τούτους
810 4225 920 4278 ἀπὸ
950 4223 1051 4294 τῆς
1099 4220 1319 4292 Ῥώμης
1353 4217 1658 4283 ἐπέστειλε,
1682 4217 1779 4271 καί⁵
1816 4217 1969 4288 δηλοί

358 4325 459 4395 τῆς
508 4316 854 4387 Ἐπιστολῆς
887 4313 947 4368 τὸ
981 4313 1135 4375 τέλος
1155 4329 1201 4364 ⁸(
1224 4310 1586 4377 Ἀσπάζονται
1623 4310 1755 4382 γὰρ,
1778 4309 1963 4381 φησὶν,

358 4416 508 4487 ὑμᾶς
541 4413 597 4466 οἱ
636 4413 706 4464 ἐκ
744 4411 845 4479 τῆς
872 4406 1164 4476 Καίσαρος
1197 4404 1396 4468 οἰκίας.
1430 4422 1450 4456 ›
1494 4402 1607 4457 Καὶ
1648 4403 1832 4480 μέν-ιρι
1872 4400 1969 4455 καὶ

370 4506 676 4577 Ἐφεσίοις,
716 4501 817 4556 καὶ
850 4496 1412 4565 Κολασσαεῦσι,κατὰ
1441 4496 1533 4551 τὸν
1563 4495 1728 4549 αὐτὸν
1759 4492 1967 4567 ἔγραψε

1500 427 1738 494 ΡΒίΕΕ.
1766 435 1845 494 IN
1878 435 2115 496 EPIST.
2150 436 2210 496 S.
2244 437 2494 498 PAULI.

3559 433 3633 497 43

2054 555 2309 625 pecuniis
2343 553 2480 610 dicit
2531 552 2696 607 etiam
2738 550 2794 606 in
2846 549 3022 622 prima
3072 550 3137 606 ad
3167 548 3483 607 Corinthios
3521 553 3635 621 epi-

2058 645 2246 701 stola:
2281 664 2298 697 ι
2342 644 2416 700 Ne
2462 643 2683 715 quando
2729 658 2953 711 venero,
2997 652 3133 700 tunc
3186 642 3429 700 collectae
3476 641 3632 698 fiant.

2056 736 2289 803 Quando
2320 745 2505 792 autem
2538 750 2763 800 venero,
2799 750 2938 806 quos
2988 750 3085 807 per
3119 734 3383 806 epistolas
3434 735 3637 807 proba-

2055 830 2270 898 vet-itis,
2294 846 2393 887 eos
2417 831 2630 885 mittam
2662 829 2730 885 ad
2763 828 3115 887 deferendam
3140 829 3375 900 gratiam
3397 839 3635 885 vestram

2058 925 2111 978 in
2145 922 2472 979 Jerusalem.
2506 921 2665 989 Quod
2712 922 2758 977 si
2796 922 3023 997 dignum
3060 920 3227 976 fuerit
3272 930 3331 975 ut
3359 934 3461 990 ego
3492 934 3635 983 eam,

2058 1031 2269 1071 mecum
2299 1016 2456 1070 ibunt
2485 1025 2526 1070 °.
2567 1032 2585 1067 ι
2625 1015 2762 1069 Cum
2804 1014 2890 1069 his
2919 1012 3170 1085 pecuniis
3205 1013 3261 1067 in
3295 1010 3636 1067 llierusalem

2058 1109 2346 1179 navigans,
2397 1105 2567 1164 Mileti
2633 1107 2776 1163 dixit
2833 1104 3202 1177 Ephesiorum
3257 1105 3634 1162 senioribus:

2064 1220 2082 1251 ι
2124 1197 2243 1256 Νοη
2275 1201 2513 1271 amplius
2540 1196 2801 1254 videbitis
2850 1196 3044 1253 faciem
3075 1211 3256 1252 meam
3288 1211 3388 1252 vos
3419 1208 3636 1257 omnes,

2059 1307 2156 1362 per
2225 1306 2370 1363 quos
2424 1290 2620 1346 transii
2678 1289 2987 1360 praedicans
3041 1302 3273 1360 regnum
3322 1290 3341 1309 '
3394 1285 3488 1343 Dei
3522 1297 3570 1342 Ρ.
3614 1305 3670 1338 »ι

2057 1383 2265 1457 Nempe
2300 1399 2427 1440 mox
2478 1382 2873 1456 Hierosolymis
2926 1390 3218 1438 accusatus
3262 1381 3410 1452 quod
3443 1386 3638 1434 contra

2059 1478 2207 1549 leges
2277 1476 2507 1542 faceret,
2540 1484 2596 1532 et
2630 1473 2766 1530 illud
2797 1472 3095 1529 maximum
3153 1471 3458 1544 periculum
3509 1484 3638 1540 per-

2060 1585 2303 1641 pessus,
2357 1584 2454 1640 per
2521 1569 2804 1623 tribunum
2868 1565 3092 1638 quidem
3146 1564 3388 1620 militum
3446 1576 3478 1616 a
3548 1559 3642 1616 Ju-

2060 1660 2235 1716 daicis
2288 1660 2545 1715 manibus
2605 1656 2872 1714 liberatus
2927 1666 3013 1715 est
3061 1676 3075 1712 :
3123 1655 3492 1727 appellatione
3542 1669 3642 1710 au-

2061 1760 2168 1806 tem
2225 1766 2383 1814 usus,
2448 1748 2552 1805 sub
2597 1745 2762 1804 Festo
2798 1744 3032 1802 Romam
3070 1746 3218 1802 venit
3247 1755 3297 1800 (ι.
3352 1743 3509 1812 Quod
3541 1759 3638 1798 au-

2063 1852 2173 1900 tem
2226 1840 2478 1899 Corinthi
2529 1839 2819 1912 scripserit
2866 1837 3157 1910 epistolam
3210 1835 3277 1892 ad
3336 1832 3640 1899 Romanos,

2064 1938 2181 2008 ipse
2210 1950 2310 1992 nos
2338 1934 2466 1991 finis
2493 1942 2681 2004 aperte
2715 1933 2895 1989 docet.
2923 1930 3172 1986 Primum
3221 1929 3368 1986 enim
3399 1927 3641 1984 thhcn

2063 2027 2437 2092 commendat,
2466 2025 2662 2081 dicens
2695 2037 2817 2079 eam
2857 2036 2981 2079 esse
3012 2020 3325 2076 ministram
3355 2018 3640 2081 Ecclesiae,

2062 2136 2184 2193 quae
2227 2127 2315 2176 est
2342 2117 2646 2175 Cenchreis
2676 2127 2721 2170 τ.
2757 2112 3057 2172 Cenchreae
3085 2120 3270 2169 autem
3304 2119 3434 2170 sunt
3466 2126 3644 2183 pagus

2062 2212 2499 2269 Corinthiorum.
2525 2208 2800 2266 Praeterea
2831 2205 2951 2278 haec
2968 2221 3191 2278 quoque
3224 2205 3360 2261 dicit
3386 2223 3399 2258 :
3435 2221 3454 2256 ι
3483 2203 3644 2258 Salu-

2063 2314 2144 2361 tat
2177 2320 2276 2361 vos
2311 2303 2480 2360 Caius
2509 2302 2712 2373 hospes
2753 2316 2932 2367 meus,
2954 2306 3011 2356 et
3034 2298 3206 2354 totius
3238 2296 3498 2353 Ecclesiae
3529 2306 3575 2351 ξ.
3618 2311 3637 2345 ι

2063 2392 2350 2467 Hospitem
2378 2402 2561 2450 autem
2591 2409 2718 2450 eum
2752 2392 2993 2464 appellat
3009 2391 3102 2461 qui
3138 2388 3380 2460 hospitio
3414 2386 3642 2457 excipit.

2064 2488 2220 2556 Quod
2259 2497 2444 2544 autem
2485 2485 2810 2542 Corinthius
2859 2491 2978 2540 erat
3020 2481 3210 2549 Caius,
3252 2496 3317 2536 ex
3359 2479 3546 2550 priore
3575 2479 3642 2531 ad

2062 2570 2391 2636 Corinthios
2437 2577 2674 2650 epistola
2736 2575 2901 2632 facile
2964 2580 3053 2631 est
3116 2572 3444 2644 intelligere.
3506 2570 3647 2641 Ipsis

2063 2670 2213 2725 enim
2273 2670 2354 2725 sic
2407 2667 2645 2725 scribit:
2679 2683 2698 2718 ι
2730 2663 2951 2720 Gratias
2992 2678 3095 2735 ago
3148 2663 3259 2719 Deo
3320 2677 3468 2725 meo,
3498 2659 3644 2732 quod

2064 2761 2341 2818 neminem
2397 2765 2642 2816 vestrum
2724 2752 3021 2827 baptizavi,
3091 2752 3202 2810 nisi
3266 2752 3523 2824 Crispum
3592 2761 3649 2808 et

2063 2855 2257 2912 Caium
2293 2853 2335 2907 ⁸.
2380 2869 2399 2905 ι
2431 2850 2638 2907 Ultima
2676 2863 2809 2920 ergo
2855 2847 3102 2904 omnium
3152 2861 3219 2904 ex
3260 2844 3415 2911 Asia,
3449 2852 3504 2901 et
3534 2844 3647 2899 Ma-

2064 2945 2326 3012 cedonia,
2349 2952 2407 3001 et
2423 2942 2653 3005 Achaia,
2686 2940 2894 3012 scripta
2922 2945 3007 2996 est
3040 2938 3109 2994 ad
3144 2937 3426 2994 Romanos
3457 2938 3507 3010 7
3531 2937 3649 3007 epi-

2066 3037 2228 3102 stola,
2276 3040 2335 3091 et
2384 3033 2564 3089 locum
2615 3031 2779 3087 habet
2827 3028 3148 3099 septimum,
3196 3036 3257 3083 ut
3306 3043 3374 3083 ex
3419 3027 3647 3098 scriptis

2066 3126 2402 3200 apostolicis
2446 3122 2759 3181 docuimus.
2801 3120 2953 3177 Alias
2979 3119 3127 3176 enim
3160 3117 3336 3174 Roma
3366 3118 3537 3175 misit.
3579 3120 3649 3174 Et

2069 3220 2302 3291 primam
2345 3215 2564 3287 quidem
2618 3213 2882 3285 scriptam
2930 3225 3054 3268 esse
3086 3209 3345 3266 existimo
3376 3209 3445 3265 ad
3483 3209 3649 3266 Gala-

2066 3321 2177 3370 tas.
2204 3312 2516 3381 Antequam
2545 3306 2694 3364 enim
2724 3305 2781 3361 in
2808 3303 3134 3361 Macedonia
3172 3303 3645 3375 peregrinaretur,

2065 3400 2627 3474 pervasitPhrygiam
2673 3405 2728 3454 et
2763 3395 2990 3452 Galatiae
3014 3394 3649 3468 regionem,praedicans

2066 3493 2455 3564 Evangelium.
2480 3488 2692 3547 Deinde
2726 3502 2854 3545 cum
2906 3488 3253 3560 aliquantum
3288 3487 3559 3558 temporis
3591 3487 3647 3542 in

2068 3584 2409 3650 Macedonia,
2440 3590 2495 3637 et
2546 3580 2780 3644 Achaia,
2814 3587 2981 3650 atque
3027 3578 3193 3634 etiam
3236 3579 3295 3634 in
3336 3577 3468 3636 Asia
3499 3591 3649 3636 esset

2066 3683 2341 3738 versatus,
2380 3673 2668 3744 profectus
2709 3678 2794 3728 est
2832 3670 2892 3726 in
2940 3668 3209 3726 Judaeam.
3259 3670 3416 3727 Illinc
3465 3679 3646 3727 autem

2066 3777 2191 3839 post
2220 3766 2499 3836 Ephesum
2534 3763 2765 3820 Romam
2790 3762 2941 3820 venit
2967 3781 2982 3818 :
3004 3771 3061 3819 et
3097 3776 3223 3819 cum
3260 3761 3647 3827 intellexisset,

2065 3858 2212 3931 quod
2246 3857 2477 3928 quidam
2535 3855 2762 3925 pietatis
2812 3855 3034 3911 decreta
3081 3854 3512 3923 confunderent,
3541 3855 3652 3910 illis

2066 3963 2098 4003 a
2132 3945 2437 4017 Scripturis
2484 3944 2706 4000 ductam
2741 3942 3072 3999 medicinam
3116 3944 3389 3999 adhibuit.
3418 3943 3484 3999 Et
3521 3944 3653 4000 Phi—

2067 4037 2413 4110 lippensibus
2443 4043 2568 4107 post
2591 4049 2685 4090 eos
2724 4033 2895 4089 Roma
2929 4033 3179 4105 scripsit,
3201 4034 3348 4105 quod
3379 4034 3504 4094 finis
3526 4037 3650 4107 epi-

2069 4130 2224 4187 stola:
2256 4128 2540 4186 declarat:
2580 4146 2598 4179 ι
2641 4124 2897 4182 Salutant
2949 4124 3118 4193 enim,
3166 4125 3366 4198 inquit,
3408 4141 3509 4183 vos
3550 4130 3647 4199 qui

2068 4232 2198 4282 sunt
2231 4222 2300 4279 de
2327 4222 2496 4278 domo
2530 4220 2771 4278 Caesaris
2797 4231 2849 4274 ιι.
2889 4238 2909 4273 ι
2945 4217 3068 4275 Jam
3102 4235 3232 4278 vero
3260 4220 3426 4277 etiam
3464 4221 3649 4293 Ephe-

2070 4317 2170 4375 siis
2235 4323 2293 4373 et
2339 4314 2768 4372 Colossensibus
2829 4312 3028 4370 eodem
3081 4313 3308 4385 scripsit
3378 4321 3646 4386 tempore,

2071 4406 2365 4474 utriusque
2398 4404 2649 4477 epistola:
2680 4419 2791 4459 uno
2824 4419 2961 4461 usus
2999 4403 3308 4461 tabellario.
3336 4403 3478 4461 Dicit
3500 4407 3646 4462 enim

2073 4499 2131 4554 in
2171 4498 2280 4554 line
2315 4497 2611 4568 utriusque
2648 4515 2661 4553 :
2707 4513 2726 4548 ι
2773 4493 2845 4552 Ut
2868 4503 3053 4553 autem
3079 4502 3134 4552 et
3155 4510 3254 4553 vos
3291 4496 3488 4552 sciatis
3527 4512 3651 4569 quae

359 4602 581 4679 χρόνον,
606 4599 694 4652 ἐνὶ
725 4595 839 4649 τῶν
873 4592 1175 4648 ἐπιστολῶν
1207 4592 1534 4663 ἀμφοτέρων
1563 4589 1796 4661 διακόνῳ
1833 4606 1962 4661 χρη-

2072 4592 2224 4647 circa
2251 4606 2337 4646 me
2360 4597 2512 4655 sunt,
2536 4589 2672 4660 quid
2702 4603 2881 4662 agam,
2905 4588 3099 4644 omnia
3132 4587 3290 4645 vobis
3323 4595 3453 4645 nota
3483 4588 3652 4646 faciet

363 4678 629 4760 σάμενος.
684 4687 779 4741 Ἐν
815 4683 897 4755 τῷ
930 4684 1076 4737 τέλει
1111 4683 1221 4753 γὰρ
1253 4681 1524 4752 ἑκατέρας
1561 4679 1743 4752 φησιν·
1782 4697 1802 4730 ι
1848 4678 1966 4732 Ἵνα

360 4783 419 4837 δὲ
454 4781 647 4853 εἰδῆτε
675 4779 773 4833 καὶ
811 4778 970 4847 ὑμεῖς
1001 4775 1070 4829 τὰ
1100 4777 1223 4831 κατ’
1244 4775 1366 4845 ἐμὲ,
1405 4773 1460 4827 τί
1496 4774 1749 4845 πράσσω,
1787 4773 1967 4828 πάντα

361 4878 498 4948 ὐμῖν
550 4870 823 4944 γνωρίσει
878 4869 1116 4962 Τυζικδς
1146 4910 1161 4935 ,
1201 4869 1231 4921 ὁ
1269 4866 1555 4937 ἀγαπητὸς
1603 4866 1833 4937 ἀδελφὸς
1871 4867 1967 4921 καὶ

362 4968 561 5031 πιστὸς
597 4967 852 5027 διάκονος
901 4964 960 5015 ἐν
996 4958 1229 5033 Κυρίῳ,
1284 4960 1343 5013 δν
1383 4958 1606 5030 ἔπεμψα
1647 4961 1784 5030 πρὸς
1823 4960 1969 5031 ὑμᾶς

362 5065 443 5127 εἰς
475 5059 617 5114 αὐτὸ
654 5056 854 5117 τοῦτο,
891 5055 980 5108 ἵνα
1010 5054 1186 5123 γνῶτε
1221 5052 1293 5107 τὰ
1331 5055 1462 5123 περὶ
1510 5050 1691 5123 ἡμῶν,
1733 5051 1828 5105 καὶ
1863 5068 1968 5104 πα-

366 5152 658 5227 ρακαλέσῃ
694 5148 797 5210 τὰς
839 5146 1063 5216 καρδίας
1102 5144 1278 5215 ὑμῶν.
1327 5162 1346 5196 ι
1404 5144 1493 5197 Ἐν
1526 5142 1583 5198 δέ
1617 5161 1681 5213 γε
1718 5146 1784 5215 τῇ
1826 5145 1964 5214 πρὸς

366 5243 723 5304 Κολασσαεῐς
776 5239 872 5291 καὶ
922 5237 1017 5291 τοῦ
1079 5235 1372 5306 Ὀνησίμου
1432 5234 1728 5306 μέμνηται.
1789 5254 1807 5286 ι
1858 5237 1964 5289 Σὺν

377 5335 669 5407 Ὀνησίμῳ
708 5332 844 5404 γὰρ,
872 5330 1025 5401 φησι,
1060 5327 1141 5398 τῷ
1184 5326 1359 5398 πιστῷ
1391 5328 1482 5380 καὶ
1508 5326 1779 5398 ἀγαπητῷ
1810 5328 1968 5381 ἀδελ.

440 5480 467 5507 ⁸
513 5470 530 5525 I
562 5470 698 5524 Cor.
724 5483 837 5529 xw,
874 5466 994 5519 2-3.
1073 5475 1100 5514 ιδ
1139 5464 1265 5519 Act.
1302 5482 1370 5519 xx
1395 5506 1408 5526 ,
1441 5465 1534 5519 23.
1616 5475 1643 5515 τι
1685 5466 1803 5519 Act.
1842 5483 1962 5530 an,

2104 5483 2211 5522 xxv
2314 5475 2336 5505 τ
2380 5463 2533 5518 Rom.
2582 5461 2796 5527 “1,1.

1010 5546 1036 5571 '
1077 5536 1276 5604 Ephcs.
1317 5553 1368 5591 vt
1391 5577 1406 5601 ,
1436 5537 1529 5600 21,
1565 5535 1636 5589 2:2
1661 5553 1675 5602 ;
1705 5535 1927 5593 Coloss.
1966 5553 2053 5601 iv,

371 5553 401 5581 τι
439 5540 695 5610 Philipp.
733 5554 808 5602 IV,
839 5538 931 5591 22.

2070 4682 2351 4755 Tychicus
2392 4679 2760 4737 charissimus
2791 4679 2961 4736 frater
2985 4687 3040 4736 et
3080 4677 3260 4735 fidelis
3306 4680 3563 4736 minister
3592 4681 3648 4736 in

2070 4774 2327 4838 Domino,
2373 4789 2536 4845 quem
2582 4773 2706 4829 misi
2744 4770 2815 4829 ad
2839 4786 2939 4829 vos
2984 4772 3041 4828 in
3080 4770 3189 4829 hoc
3216 4772 3422 4844 ipsum,
3459 4779 3517 4828 ut
3552 4786 3650 4828 co-

2070 4866 2358 4938 gnoscatis
2394 4879 2516 4936 quae
2543 4864 2692 4920 circa
2717 4876 2821 4920 nos
2849 4872 3000 4928 sunt,
3038 4870 3096 4920 et
3129 4863 3449 4921 consoletur
3482 4863 3650 4919 corda

2069 4967 2255 5017 vestra
2299 4966 2348 5013 ν.
2413 4976 2432 5009 ι
2490 4956 2553 5011 In
2611 4956 2847 5028 epistola
2907 4962 3090 5012 autem
3163 4956 3231 5013 ad
3289 4955 3652 5013 Colossenses

2076 5050 2321 5107 Onesimi
2357 5064 2577 5122 quoque
2611 5048 2859 5105 meminit
2892 5064 2907 5102 :
2946 5065 2965 5100 ι
3002 5045 3141 5104 Cum
3173 5046 3436 5104 Onesimo
3480 5046 3649 5111 enim,

2079 5142 2289 5214 inquit,
2328 5141 2474 5198 ﬁdeli
2508 5149 2564 5197 et
2614 5140 2818 5197 dilecto
2863 5139 3069 5207 fratre,
3111 5137 3208 5210 qui
3255 5145 3341 5194 est
3367 5152 3434 5192 ex
3476 5135 3651 5200 vobis,

2078 5240 2263 5296 omnia
2311 5251 2433 5308 quae
2490 5236 2585 5291 hic
2631 5242 2869 5309 aguntur
2918 5242 3049 5288 nota
3097 5231 3303 5287 facient
3348 5229 3507 5288 vobis
3536 5237 3584 5286 κ.
3632 5250 3649 5280 ι

2083 5332 2226 5385 Ante
2255 5329 2356 5383 has
2380 5327 2565 5398 itaque
2590 5327 2728 5381 duas
2753 5323 3055 5379 collocetur
3079 5337 3144 5378 ea
3175 5336 3296 5395 qua:
3324 5322 3534 5393 scripta
3571 5331 3657 5376 est

2877 5473 2898 5501 ³
2941 5462 3073 5518 ibid.
3104 5462 3195 5518 25.
3281 5463 3296 5496 '
3330 5460 3460 5517 Cor.
3490 5474 3532 5529 ι,
3561 5459 3651 5513 ιι.

2092 5538 2143 5600 7,
2179 5538 2232 5591 8.
2312 5545 2339 5572 ι
2380 5535 2512 5590 ibid.
2547 5535 2601 5589 9.

1710 5667 1947 5724 vnum
1989 5650 2425 5725 LECTIONES.’

449 5771 471 5801 ⁸
498 5764 797 5837 Βδευτέρα
833 5764 1051 5825 vitiose,
1086 5762 1426 5831 quodetiam
1475 5764 1637 5819 habet
1688 5762 1906 5819 llcrveti
1958 5763 2364 5834 interpretatio.

380 5846 548 5897 male:
589 5836 921 5908 Ῥωμαίους.

706 5933 978 5991 Puer-1..
1033 5924 1151 5985 Gn.
1205 5926 1304 5985 LX
1321 5928 1508 5989 XX“.

2468 5762 2486 5794 ‘
2521 5763 2598 5818 lta
2656 5769 2801 5818 recte
2858 5760 3020 5815 habet
3076 5759 3134 5824 Β,
3169 5758 3449 5813 Strmondi
3487 5756 3655 5815 editio

3276 5920 3310 5982 2
