4124 6412
516 377 588 443 1,3
1503 369 1992 431 THEODORETI
2027 368 2368 433 EPISCOPI
2399 372 2766 434 CYRENSIS
3721 374 3789 441 ιι

521 486 590 542 ad
649 482 1046 539 Philemonem.
1098 474 1155 530 lu
1207 476 1299 531 illa
1348 476 1501 532 enim
1550 478 1812 533 hortatur
1848 485 1909 533 ut
1956 480 2097 534 reci—

2216 480 2307 551 ρῷ,
2347 482 2404 545 ὃς
2443 484 2591 536 ἐστιν
2629 482 2688 548 ἐξ
2726 482 2902 554 ὑμῶν,
2948 484 3123 537 πάντα
3162 483 3487 556 γνωρίσουσι
3527 485 3595 539 τὰ
3626 484 3785 541 ὦδε.»

524 578 706 648 piatur
741 572 1061 637 Onesimus,
1090 577 1153 625 ut
1194 570 1289 640 qui
1331 570 1387 625 in
1436 584 1662 625 carcere
1711 580 1896 626 ortum
1944 571 2104 642 spiri-

523 667 729 722 tualem
766 663 997 736 ceperit.
1032 661 1135 717 Hic
1183 670 1367 716 autem
1395 676 1520 716 eum
1570 661 1739 715 etiam
1768 661 1915 716 inter
1943 660 2106 716 mini-

525 769 675 815 stros
708 758 967 814 collocat.
993 754 1123 810 Post
1154 754 1255 809 hos
1284 762 1466 808 autem
1500 754 1565 807 ad
1600 752 1861 809 Hebraeos
1885 770 2106 825 quoque

526 850 775 922 scripsit,
801 849 966 919 idque
988 846 1185 911 Roma,
1213 854 1272 900 ut
1294 845 1351 915 8
1383 845 1509 899 ﬁnis
1539 844 1697 898 docet
1727 861 1739 896 :
1775 863 1793 896 ι
1833 843 2104 907 Salutant,

526 944 727 1014 inquit,
762 956 883 1003 vos,
921 939 1015 1010 qui
1048 946 1177 993 sunt
1208 951 1273 992 ex
1303 936 1461 990 Italia
1488 943 1537 987 γ.
1582 954 1599 986 ι
1632 933 1890 990 Omnium
1924 943 2105 990 autem

525 1035 778 1089 ultimam
813 1029 1041 1101 scripsit
1070 1027 1370 1085 secundam
1416 1026 1482 1081 ad
1512 1024 1886 1091 Timotheum,
1908 1033 1964 1082 et
2000 1026 2107 1083 hoc

524 1142 721 1183 rursus
755 1142 821 1181 ex
857 1123 980 1195 ejus
1030 1121 1253 1193 scriptis
1304 1119 1466 1175 facile
1507 1121 1639 1175 sciri
1682 1126 1884 1191 potest.
1928 1137 1949 1171 ι
1992 1120 2108 1191 Ego

526 1223 695 1286 enim,
732 1217 931 1288 inquit,
967 1216 1081 1286 iam
1118 1213 1358 1281 delibor,
1385 1222 1440 1269 et
1467 1221 1684 1283 tempus
1724 1226 1858 1266 meae
1900 1211 2111 1265 disces-

527 1312 704 1370 sionis
746 1308 920 1366 instat
946 1317 993 1362 ι.
1033 1327 1051 1361 ι
1100 1305 1241 1361 Hinc
1285 1320 1507 1377 quoque
1539 1304 1672 1360 sciri
1728 1310 1932 1377 potest,
1963 1301 2110 1373 quod

529 1405 597 1460 ad
652 1403 924 1473 Ephesios
968 1409 1025 1457 et
1066 1398 1435 1456 Colossenses
1488 1396 1751 1468 epistolas
1786 1380 1957 1450 Roma
2009 1395 2112 1448 mi-

530 1495 685 1549 serit.
723 1512 741 1545 ι
780 1491 1108 1564 Tychicunt,
1133 1491 1281 1546 enim
1304 1488 1506 1560 inquit,
1533 1487 1659 1542 misi
1680 1487 1958 1558 Ephesum
1995 1497 2045 1540 α.
2088 1501 2106 1536 ›

533 1582 634 1638 llic
669 1593 754 1638 est
804 1598 936 1654 ergo
969 1581 1107 1637 ordo
1149 1579 1542 1663 Epistolarum,
1583 1578 1728 1648 quod
1771 1576 1840 1632 ad
1889 1584 2110 1647 tempus

534 1693 644 1749 quo
673 1676 898 1748 scriptae
930 1683 1059 1730 sunt
1089 1673 1307 1729 attinet.
1352 1670 1656 1742 Epistulam
1684 1677 1867 1725 autem
1904 1668 1970 1724 ad
2005 1667 2115 1723 Ro-

2208 573 2323 645 Πρδ
2359 573 2468 627 τῶν
2505 574 2599 628 δύο
2634 574 2816 629 τοίνυν
2868 573 3072 629 τούτων
3111 578 3143 645 ἡ
3184 576 3321 646 πρὸς
3369 577 3650 649 Φιλήμονα
3706 597 3796 633 τεο

2206 665 2411 736 τάχθω.
2476 666 2565 719 Ἐν
2617 665 2806 739 ἐκείνῃ
2860 667 2959 737 μὲν
3008 666 3117 737 γὰρ
3166 667 3424 738 δεχθῆναι
3484 670 3795 739 παρακαλεῖ

2206 756 2298 810 τὸν
2347 758 2658 829 Ὀνήσιμον,
2698 758 2774 823 ὡς
2813 759 2871 813 ἐν
2918 756 2997 829 τῷ
3051 759 3412 831 δεσμωτηρίῳ
3464 760 3576 814 τῶν
3628 776 3796 813 πνευ-

2211 850 2458 921 ματικῶν
2515 850 2721 906 ὠδίνων
2758 852 3116 921 τετυχηκόται
3157 851 3395 905 ἐνταῦθα
3434 851 3493 904 δὲ
3534 854 3629 905 καὶ
3685 855 3796 914 τοῖς

2210 942 2503 1013 ὑπουργοῖς
2550 942 2851 996 συντάττει.
2920 943 3076 996 Μετὰ
3112 943 3334 1007 τούτους
3383 942 3659 1015 Ἑϐραίοις
3698 944 3796 997 ὲπ-

2210 1027 2438 1094 έστειλε,
2478 1029 2573 1082 καὶ
2610 1030 2822 1094 τούτοις
2859 1032 2879 1063 ⁷
2917 1031 2974 1085 δέ
3012 1048 3075 1102 γε
3115 1032 3223 1085 ἀπὸ
3254 1031 3473 1104 Ῥώμης
3496 1070 3510 1097 ,
3551 1032 3626 1096 ὡς
3655 1032 3799 1087 διδά-

2212 1136 2331 1173 σκει
2368 1121 2431 1174 τὸ
2466 1122 2650 1186 τὲλος’
2694 1140 2714 1174 ι
2763 1121 3127 1188 Ἀσπάζονται
3162 1126 3294 1195 γὰρ,
3336 1124 3524 1195 φησὶν,
3564 1125 3709 1195 ὑμᾶς
3748 1126 3797 1178 οἱ

2210 1212 2319 1267 ἀπὺ
2354 1216 2454 1284 τῆς
2505 1214 2786 1279 Ἰταλίας.»
2843 1215 3110 1287 Ἐσχὰτην
3146 1216 3203 1268 δὲ
3245 1215 3434 1269 πασῶν
3472 1216 3571 1288 τὴν
3608 1217 3799 1271 δευτέ-

2212 1322 2314 1376 ραν
2361 1305 2499 1377 πρὸς
2547 1306 2811 1377 Τιμόθεον
2862 1308 3110 1380 γέγραφε
3137 1324 3150 1337 ·
3210 1307 3305 1361 καὶ
3344 1309 3504 1363 τοῦτο
3539 1309 3596 1363 δὲ
3636 1308 3801 1364 πάλιν

2213 1398 2278 1451 ὲκ
2310 1397 2420 1450 τῶν
2459 1397 2624 1452 αὐτοῦ
2664 1400 3009 1470 γραμμάτων
3043 1400 3383 1471 καταμαθεῖν
3425 1401 3627 1472 ῥᾴδιον.
3659 1420 3677 1452 ι
3713 1401 3800 1454 Ἐ-

2211 1488 2295 1558 γὼ
2332 1489 2441 1561 γὰρ
2466 1531 2481 1557 ,
2518 1491 2702 1561 φησὶν,
2741 1491 2845 1562 ἤδη
2884 1490 3222 1562 σπένδομαι,
3265 1491 3362 1545 καὶ
3408 1491 3437 1544 ὁ
3474 1491 3665 1563 καιρὸς
3699 1491 3801 1560 τῆς

2215 1582 2357 1653 ὲμῆς
2395 1580 2707 1647 ἀναλύσεως
2746 1583 3069 1654 ἐφέστηκεν.
3116 1604 3136 1637 ι
3192 1582 3478 1639 Ἐντεῦθεν
3536 1583 3653 1636 ἔστι
3699 1601 3799 1636 κα-

2212 1673 2513 1745 ταμαθεῖν,
2563 1673 2639 1738 ὼς
2699 1676 2796 1728 καὶ
2847 1677 2947 1748 τὴν
2999 1676 3136 1748 πρὸς
3180 1675 3513 1746 Ἐφεσίους,
3552 1676 3648 1729 καὶ
3700 1672 3801 1745 τὴν

533 1784 728 1826 manos
764 1773 1213 1840 praeposuerunt,
1235 1772 1297 1820 ut
1321 1778 1444 1834 quae
1485 1762 1541 1817 in
1584 1776 1643 1818 se
1677 1762 1859 1817 omnis
1893 1761 2112 1833 generis

2217 1765 2356 1836 πρὸς
2394 1764 2753 1829 Κολασσαεῖς,
2790 1766 2897 1819 ἀπὸ
2930 1767 3030 1838 τῆς
3074 1766 3294 1839 Ῥώμης
3328 1766 3667 1821 inerms.th
3694 1766 3799 1817 Τυ-

530 1838 964 1922 ᾱοειιοὶηειηιξει
997 1861 1314 1911 accuratam
1352 1853 1746 1924 copiosamquc
1793 1852 2111 1924 dogmatum

2222 1856 2374 1927 χικὸν
2406 1856 2534 1929 γὰρ,
2574 1858 2758 1927 φησὶν,
2797 1857 3087 1913 ἐπέστειλα
3119 1859 3199 1922 είς
3240 1859 3495 1928 Ἔφεσον.
3537 1876 3555 1908 ι
3584 1857 3668 1917 ¹Ἦ
3702 1856 3801 1927 μὲν

532 1946 1015 2020 pertractationem
1067 1944 1370 2000 contineat.
1402 1943 1639 2009 Quidam
1672 1951 1854 1998 autem
1900 1943 2117 2007 dicunt,

534 2049 597 2095 ut
634 2039 854 2106 urbem,
899 2052 1020 2109 quae
1055 2037 1319 2093 universo
1367 2035 1487 2091 orbi
1528 2042 1783 2105 praeerat,
1810 2043 1865 2088 et
1903 2034 2118 2105 imperii

537 2140 754 2203 sceptra
803 2131 1056 2197 tenebat,
1102 2130 1482 2193 honorarent,
1523 2142 1644 2183 eam
1692 2142 1813 2197 quae
1864 2126 1932 2181 ad
1994 2126 2119 2182 illos

537 2225 741 2293 scripta
806 2232 891 2279 est
952 2222 1250 2293 Epistolam
1306 2220 1540 2291 primam
1591 2218 1920 2275 collocasse.
1980 2217 2113 2273 Mihi

538 2324 722 2370 autem
752 2314 897 2385 quod
936 2315 1089 2386 prius
1121 2313 1329 2369 dictum
1371 2318 1460 2367 est
1492 2310 1708 2367 videtur
1756 2325 1884 2367 esse
1909 2310 2117 2366 verius.

549 2408 657 2463 Sed
695 2409 925 2461 aliarum
958 2406 1180 2478 quidem
1209 2404 1580 2476 Epistolarum
1615 2411 1939 2475 argumenta
1970 2417 2120 2457 con-

539 2497 809 2564 venienti,
841 2496 888 2552 si
920 2496 1030 2550 Deo
1060 2496 1241 2550 visum
1284 2494 1473 2557 fuerit,
1506 2502 1750 2564 tempore
1788 2493 2118 2556 scribemus,

542 2596 597 2643 et
656 2588 969 2659 unicuique
1025 2600 1429 2659 praeponemus.
1483 2582 1542 2640 In
1591 2583 1883 2655 praesentia
1941 2591 2119 2639 autem

540 2679 808 2750 Epistolae
845 2681 912 2735 ad
946 2678 1224 2734 Romanos
1259 2677 1569 2734 institutum
1603 2690 1666 2731 ac
1693 2690 1923 2746 scopum
1968 2689 2123 2729 sum-

541 2773 731 2828 matim
753 2773 1024 2828 dicemus.

2219 1948 2328 2001 τῶν
2376 1947 2674 2002 ἐπιστολῶν
2710 1949 2850 2005 κατὰ
2888 1951 2979 2003 τὸν
3018 1950 3208 2022 χρόνον
3240 1949 3393 2015 τάξις
3432 1950 3581 2003 ἐστὶν
3637 1946 3802 2019 αῦτη.

2221 2040 2597 2112 Προτετάχασι
2636 2040 2690 2094 δὲ
2728 2040 2829 2110 τὴν
2868 2041 3005 2113 πρὸς
3055 2042 3382 2112 Ῥωμαίους,
3421 2040 3497 2105 ὡς
3538 2038 3804 2091 παντοδα-

2225 2130 2332 2201 πὴν
2388 2129 2617 2201 ἔχουσαν
2649 2130 3015 2197 διδασκαλίαν,
3056 2132 3154 2185 καὶ
3195 2132 3294 2203 τὴν
3344 2129 3455 2183 τῶν
3515 2127 3804 2199 δογμάτων

2221 2221 2508 2291 ἀκρίϐειαν
2545 2221 2631 2274 διὰ
2685 2222 2947 2276 πλειόνων
2982 2222 3362 2278 διδάσκουσαν.
3410 2220 3568 2285 Τινὲς
3603 2220 3661 2273 δέ
3701 2237 3796 2287 φα-

2224 2330 2328 2381 σιν,
2363 2315 2445 2368 ὅτι
2468 2314 2560 2367 καὶ
2589 2314 2686 2386 τὴν
2721 2314 2874 2369 πόλιν
2908 2314 3198 2385 τιμῶντες,
3228 2315 3304 2380 ὡς
3341 2314 3441 2384 τῆς
3479 2310 3807 2381 οἰκουμένης

2222 2404 2668 2477 προκαθημένην,
2709 2406 2805 2460 καὶ
2842 2407 2937 2476 τῆς
2957 2406 3238 2477 βασιλείας
3271 2407 3340 2459 τὰ
3380 2406 3639 2477 σκῆπτρα
3677 2419 3808 2456 κατ-

2223 2494 2473 2565 έχουσαν,
2512 2498 2735 2569 πρώτην
2806 2497 3003 2563 ἔταξαν
3048 2497 3147 2569 τὴν
3202 2499 3338 2570 πρὸς
3389 2490 3614 2559 τούτους
3667 2510 3807 2564 γραι-

2228 2589 2422 2657 φεῖσαν
2459 2587 2800 2659 Ἐπιστολήν.
2845 2589 2999 2660 Ἐμοὶ
3032 2588 3175 2642 δὲτὸ
3214 2589 3479 2659 πρότερον
3512 2585 3807 2656 ἀληθέστε-

2229 2695 2321 2750 ρον
2356 2676 2495 2734 εἶναι
2531 2680 2700 2734 δοκεῖ.
2754 2679 2915 2734 Ἀλλὰ
2973 2679 3083 2734 τῶν
3125 2680 3225 2751 μὲν
3281 2678 3454 2731 ἄλλων
3507 2671 3812 2730 ἐπιστολῶν

2225 2770 2324 2832 τὰς
2377 2770 2664 2835 ὑποθέσεις
2716 2770 2855 2825 κατὰ
2910 2770 3003 2825 τὸν
3053 2772 3403 2843 προσήκοντα
3456 2766 3671 2847 καιρὸν,
3711 2763 3812 2815 σὺν

539 2862 662 2935 Θεῷ
711 2863 876 2934 φάναι
907 2902 922 2921 .
975 2862 1260 2935 γράψομεν
1315 2860 1408 2915 καὶ
1462 2860 1700 2929 ἑκάστης
1754 2856 2116 2929 προτάξομεν.
2183 2861 2303 2916 Ἐπὶ
2340 2863 2394 2917 δέ
2434 2882 2495 2933 γε
2550 2864 2642 2917 τοῦ
2686 2865 2949 2933 παρόντος
3007 2866 3107 2934 τῆς
3166 2863 3301 2936 πρὸς
3346 2860 3648 2932 Ῥωμαίους
3718 2853 3814 2908 τδν

547 2954 752 3008 σκοπὸν
788 2950 1022 3026 ἐροῦμεν
1050 2955 1109 3009 ὲν
1144 2951 1449 3024 κεφαλαίῳ.

610 3116 641 3159 1
677 3107 846 3165 Hebr.
877 3123 973 3166 xut
994 3150 1007 3175 ,
1041 3106 1133 3163 24.

1212 3116 1235 3144 ι
1275 3103 1317 3159 ll
1351 3102 1591 3159 Timotb.
1630 3119 1714 3168 tv,
1754 3101 1806 3157 6.
1883 3113 1911 3143 ι
1945 3102 2081 3157 ibid.
2122 3100 2207 3155 l2.

1827 3234 2056 3291 VARIAE
2096 3232 2501 3289 LECTIONES.

645 3333 665 3365 ⁷
698 3336 794 3388 καὶ
820 3333 1030 3396 τούτοις
1055 3362 1126 3373 -
1169 3329 1388 3402 Ῥώμης
1426 3328 1812 3385 desiderantur
1848 3330 1900 3381 in
1934 3329 2158 3383 Hervcti
2196 3329 2466 3383 versione.

568 3540 670 3550 ...νο-
680 3524 2711 3546 υ-ῌῠ--α--υ-..φν-Μαμρ--σ--οα-Μα.

903 3687 1251 3838 ΤΟΥ
1323 3681 2208 3822 ΜΑΚΑΡΙΟΥ
2285 3671 3491 3860 ΘΕΟΔΩΡΗΤΟΥ.

1826 3912 2229 3968 ΕΠΙΣΚΟΠΟΥ
2252 3913 2490 3969 ΚΥΡΟΥ

776 4076 1343 4173 ΕΡΜΗΝΕΙΑ
1439 4078 1660 4167 ΤΗΣ

1780 4075 2073 4166 ΠΡΟΣ
2159 4074 2730 4161 ΡΩΜΑΙΟΥΣ
2873 4076 3514 4167 ΕΠΙΣΤΟΛΗΣ

1214 4351 1789 4608 BEATI
1903 4444 3154 4633 THEODORETI
3275 4580 3281 4585 .

1849 4712 2159 4771 EPISCOPI
2199 4713 2538 4772 CYRENSIS

839 4890 1834 4989 INTERPRETATIO
1910 4888 2543 4984 EPISTOL/E

1047 5213 1105 5305 9
1124 5230 1628 5289 ARGUMENTUM.

620 5326 839 5383 Variam
874 5322 1096 5396 quidem
1126 5331 1181 5379 et
1210 5325 1394 5382 omnis
1427 5326 1647 5399 generis
1679 5326 1992 5385 doctrinam
2035 5344 2135 5400 per

549 5420 667 5476 hac
716 5415 919 5487 scripta
958 5415 1424 5476 cxhibetdivinus
1467 5419 1791 5490 Apostolus.
1826 5419 2134 5480 Universus

553 5516 734 5567 autem
759 5509 1005 5581 epistolae
1027 5510 1117 5566 hic
1139 5520 1465 5584 estscopus.
1489 5512 1699 5569 Divina
1726 5514 2133 5573 incarnationis

554 5602 872 5675 mysterium
922 5603 991 5659 iis
1029 5603 1249 5675 quidem
1287 5606 1383 5676 qui
1434 5621 1568 5676 pure
1606 5621 1672 5661 ac
1708 5607 1925 5664 sincere
1961 5609 2136 5665 credi-

556 5695 753 5751 derunt
807 5705 891 5753 est
941 5697 1251 5755 venerabile
1295 5698 1564 5770 valdeque
1623 5699 1991 5757 adorandum.
2039 5701 2132 5759 Dei
2185 5690 2193 5696 ’

557 5785 698 5843 enim
730 5802 855 5861 erga
903 5788 1152 5847 homines
1198 5806 1441 5848 amorem
1476 5806 1580 5850 nos
1629 5793 1912 5851 evidenter
1942 5796 2120 5852 docet.

2645 4891 2799 4979 AD
2906 4887 3520 4980 ROMANOS.

2861 5234 3044 5289 ΥΠυΘ
3052 5233 3218 5289 ΕΣΙΣ.

2307 5332 2567 5402 Ποικίλην
2597 5330 2697 5400 μὲν
2731 5320 2827 5382 διαὶ
2868 5326 3278 5398 παντοδαπὴνςό
3312 5326 3459 5394 θεῖος
3496 5330 3823 5395 Ἀπόστολος

2232 5422 2321 5478 διὰ
2349 5421 2515 5477 τῶνδε
2558 5420 2665 5475 τῶν
2696 5419 3047 5492 γραμμάτων
3094 5419 3396 5492 προσφέρει
3444 5421 3810 5477 διδασκαλίαν.

2236 5498 2419 5581 Ἅπας
2449 5514 2507 5568 δὲ
2538 5514 2637 5586 τῆς
2679 5512 3002 5583 Ἐπιστολῆς
3042 5514 3071 5566 ὁ
3097 5513 3299 5578 σκοπός
3330 5515 3477 5567 ἐστιν
3503 5508 3677 5577 οὗτος.
3713 5516 3821 5584 Τῆς,

2234 5607 2386 5671 θείας
2435 5606 2904 5679 ὲνανθρωπήσεως
2937 5605 2998 5659 τὺ
3048 5608 3366 5677 μυστήριον,
3414 5609 3526 5671 τοῖς
3556 5606 3654 5677 μὲν
3686 5608 3820 5659 εἰλι-

2234 5699 2435 5770 κρινῶς
2483 5699 2877 5753 πεπιστευκόσι
2923 5698 3118 5752 σεπτὸν
3154 5699 3271 5752 ἐστι
3328 5698 3420 5753 καὶ
3469 5698 3608 5767 ἄγαν
3652 5685 3819 5769 θέροσ-

2238 5792 2490 5863 κυνητόν.
2530 5791 2808 5863 Ἐναργῶς
2851 5789 2961 5862 γὰρ
2991 5792 3138 5863 ἡμᾶς
3171 5790 3269 5862 τὴν
3296 5790 3387 5845 τοῦ
3418 5789 3552 5843 Θεοῦ
3581 5789 3820 5843 διδάσκει
