4124 6394
345 441 416 511 ιε
1373 432 1997 507 ΪΝΤΕΒΡΒΕΤΛΤΙΟ
2023 446 2265 506 EPIST.
2292 446 2393 506 AD
2427 446 2633 507 non.
3572 447 3641 516 te

343 550 797 621 φιλανθρωπίαν.
834 552 899 604 υί
951 549 1011 603 δέ
1065 566 1131 619 γε
1180 551 1280 621 τῆς
1328 551 1587 616 ἀπιστίας
1640 551 1738 624 τὴν
1792 551 1952 623 ἀχλὺι

2061 549 2167 619 Qui
2207 559 2393 609 autem
2424 560 2555 610 sunt
2586 551 2929 611 inﬁdelitatis
2942 552 3180 626 caligine
3210 556 3561 627 circumfusi,
3588 575 3642 618 et

342 641 736 714 περικείμενοι
760 684 778 709 ,
835 644 934 696 καὶ
984 643 1083 696 τοῦ
1142 642 1331 715 νοεροῦ
1384 644 1563 712 φωτὸς
1619 645 1719 715 τὴν
1757 644 1953 715 αίγλην

348 737 588 809 μηδέπω
616 736 946 807 δεξάμενοι,
1000 736 1236 803 γελῶσιν
1286 735 1323 790 ἃ
1374 735 1509 806 μηδὲ
1555 735 1664 790 τῶν
1707 736 1956 805 ἀγγέλων

344 832 395 882 oi
422 829 593 899 δῆμοι
626 829 766 898 πρὸς
794 827 956 892 ἀξίαν
1001 828 1247 898 ὑμνῆσαι
1276 826 1620 899 δεδύνηνται.
1658 827 1770 881 Καὶ
1798 826 1957 882 τοῦτο

351 922 544 991 σαφῶς
576 923 609 974 ὁ
634 920 932 983 θεσπέσιος
978 919 1306 982 Ἀπόστολος
1337 920 1649 990 Κορινθίοις
1699 919 1953 974 ἐπιστέλ-

347 1014 455 1067 λων
487 1012 771 1077 ἐδίδαξεν-
815 1032 837 1063 ε
887 1012 948 1065 Ὀ
990 1012 1153 1081 λόγος
1185 1012 1292 1085 γὰρ
1339 1012 1369 1065 ὁ
1420 1012 1515 1065 τοῦ
1563 1011 1802 1084 σταυροῦ
1843 1014 1957 1076 τοῖς

351 1107 451 1176 μὲν
484 1104 899 1176 ἀπολλυμένοις
937 1104 1121 1175 μωρία
1169 1103 1325 1168 ἐστὶ,
1378 1106 1490 1168 τοῖς
1519 1102 1576 1157 δέ
1627 1102 1957 1175 σωζομένοις

342 1196 584 1267 δύναμις
635 1195 779 1248 Θεοῦ
829 1196 970 1249 ἐστι.
1021 1212 1039 1246 ι
1092 1194 1267 1248 Τοῦτο
1335 1194 1516 1249 τοίνυν
1576 1194 1638 1248 τὸ
1689 1193 1955 1266 σωτήριον

346 1289 658 1360 κηρυγμα,
711 1286 1010 1355 Ῥωμαίοις
1048 1285 1301 1357 γράφων,
1345 1285 1646 1354 ἀναγκαῖον
1688 1283 1951 1349 δείκνυσι,

345 1382 442 1435 καὶ
494 1381 674 1433 πᾶσιν
706 1377 1060 1449 ἀνθρώποις,
1109 1377 1389 1441 Ἰουδαίοις
1437 1394 1497 1430 τε
1550 1377 1646 1431 καὶ
1701 1377 1949 1448 Ἕλλησι,

343 1470 636 1535 λυσιτελὲς
667 1470 767 1524 καὶ
797 1469 1103 1539 συμφέρον.
1134 1464 1209 1522 υῦ
1232 1467 1296 1539 δὴ
1323 1469 1482 1540 χάριν
1510 1469 1617 1539 πρὸ
1647 1468 1753 1522 τῶν
1779 1468 1953 1522 ἄλλων

342 1563 614 1617 ἁπάντων
639 1604 654 1625 ,
694 1563 792 1615 καὶ
826 1560 1099 1629 Ἕλληνας
1138 1559 1415 1630 ἐξελέγχει
1435 1598 1454 1621 ,
1507 1559 1607 1629 τὴν
1641 1559 1953 1615 ἐντεθεῖσαν

341 1661 410 1728 τῇ
472 1655 645 1724 φύσει
685 1653 839 1725 παρὰ
881 1652 976 1706 τοῦ
1040 1652 1407 1721 πεποιηκότος
1451 1651 1560 1705 τῶν
1601 1652 1822 1721 ἀγαθῶν
1858 1653 1953 1706 καὶ

338 1748 451 1802 τῶν
513 1746 784 1799 ἐναντίων
837 1744 1116 1815 διάκρισιν
1182 1741 1445 1814 ἄντικρυς
1500 1742 1949 1814 διαφθείραντας,

340 1841 439 1894 καὶ
484 1842 589 1910 τῆς
637 1837 862 1906 φύσεως
894 1835 1357 1907 παραὸεὸηκὸτας
1405 1836 1529 1899 τοὺς
1566 1833 1767 1906 νόμους
1794 1851 1806 1864 ’
1858 1836 1952 1890 καὶ

343 1931 541 1999 μέντοι
582 1928 686 1982 καὶ
731 1927 1050 1989 Ἰουδαίους,
1097 1924 1380 1996 ἔγγραφον
1414 1926 1514 1994 μὲν
1557 1923 1722 1978 θείων
1770 1924 1953 1995 νόμιον

336 2022 688 2092 δεξαμένους
725 2018 1107 2085 διδασκαλίαν,
1141 2017 1331 2087 ὄνησιν
1361 2017 1419 2070 δέ
1449 2017 1701 2071 ἐντεῦθεν
1734 2018 1796 2071 οὐ
1829 2017 1955 2088 βου-

338 2111 618 2182 ληθέντας
666 2109 856 2162 λαϐεῖν
881 2150 896 2173 ,
948 2106 1090 2161 ἀλλὰ
1136 2105 1348 2177 μείζοσι
1376 2105 1673 2178 τιμωρίαις
1713 2105 1952 2159 ὑπευθύ-

338 2220 469 2267 νους
502 2199 938 2271 γεγενημένους.
982 2198 1140 2253 Μετά
1175 2197 1347 2255 ταῦτα
1376 2196 1526 2266 λέγει
1564 2197 1664 2268 τὴν
1694 2198 1787 2252 τοῦ
1816 2197 1952 2252 Θεοῦ

339 2300 436 2351 καὶ
466 2297 731 2365 Σωτῆρος
780 2292 941 2363 ἡμῶν
968 2293 1293 2362 ἐπιφάνειαν
1317 2333 1332 2358 ,
1377 2292 1481 2347 οὐκ
1509 2293 1603 2346 ἐπὶ
1630 2293 1811 2363 κρίσει
1860 2293 1955 2348 καὶ

336 2389 593 2461 τιμωρίᾳ
623 2387 735 2441 τῶν
771 2386 1315 2458 παρανενομηκότων
1359 2387 1765 2458 γεγενημένην,
1817 2386 1954 2440 ἀλλά

336 2482 450 2536 τῶν
474 2480 909 2552 ἁμαρτημάτων
953 2479 1309 2551 δωρουμένην
1336 2479 1436 2551 τὴν
1462 2480 1681 2548 ἄφεσιν,
1729 2480 1825 2533 καὶ
1858 2476 1952 2533 τοῦ

338 2575 582 2630 θανάτου
629 2574 732 2644 τὴν
764 2571 922 2626 λύσιν
960 2571 1424 2641 ὑπισχνουμένην.
1468 2571 1562 2625 καὶ
1603 2571 1703 2644 τὴν
1734 2569 1953 2625 αἰώνιον

339 2666 837 2738 ἑπαγγελλομένην
893 2665 1064 2735 ζωήν.
1119 2664 1340 2736 Ἐπειδὴ
1390 2664 1448 2718 δὲ
1505 2666 1598 2718 καὶ
1663 2664 1955 2728 Ἰουδαίους

335 2760 458 2832 ᾔδει
488 2760 619 2813 λίαν
647 2758 1052 2829 ἀντεχομένους
1077 2758 1174 2812 τοῦ
1205 2756 1396 2828 νόμου,
1424 2758 1519 2811 καὶ
1542 2758 1670 2821 τοὺς
1697 2756 1768 2810 τὰ
1795 2758 1952 2829 Μαρ-

339 2852 546 2915 κίωνος
578 2852 677 2905 καὶ
708 2850 1035 2904 Βαλεντίνου
1084 2847 1380 2912 νοσοῦντας
1403 2889 1418 2913 ,
1473 2849 1568 2903 καὶ
1618 2846 1803 2919 μέντοι
1856 2848 1953 2901 καὶ

338 2944 696 3015 Πανιχαίους
720 2985 736 3006 ,
778 2942 903 2995 λίαν
930 2942 1128 2996 τούτου
1169 2938 1619 3013 κατηγοροῦντας
1640 2979 1655 3002 ,
1697 2938 1952 3010 καθάπερ

338 3036 573 3107 ἄριστός
602 3051 694 3097 τις
731 3032 1042 3106 στρατηγός
1083 3032 1352 3088 πάντοθεν
1389 3033 1495 3087 ὑπὸ
1533 3032 1812 3103 πολεμίων
1855 3048 1953 3085 κυ-

340 3124 648 3196 κλούμενος
673 3162 691 3186 ,
751 3126 847 3177 καὶ
886 3121 1115 3185 τούτους
1149 3121 1334 3191 βάλλει
1373 3119 1659 3183 κάκείνους
1683 3159 1698 3185 ,
1747 3122 1844 3173 καὶ
1886 3116 1949 3172 τὸ

338 3220 607 3289 τρόπαιον
631 3216 856 3286 ἵστησιν
883 3231 898 3247 ο
924 3214 1100 3280 οὕτως
1127 3216 1155 3268 ὀ
1191 3213 1334 3276 θεῖος
1370 3212 1698 3274 Ἀπόστολος
1722 3210 1816 3264 καὶ
1841 3210 1951 3264 τῶν

337 3307 644 3381 αἱρετικῶν
668 3307 735 3360 τὸ
755 3306 970 3375 στίφος,
1001 3307 1101 3361 καὶ
1122 3305 1234 3358 τῶν
1266 3302 1539 3358 Ἰουδαίων
1563 3300 1665 3374 τὴν
1694 3302 1953 3372 φάλαγγα

334 3401 424 3454 διὰ
450 3400 555 3471 τῆς
591 3398 751 3461 θείας
778 3397 1050 3452 κατέλυσε
1082 3397 1326 3468 χάριτος.
1357 3396 1423 3448 Τί
1451 3395 1561 3464 γὰρ
1596 3397 1776 3461 ποιεῖς
1826 3392 1951 3448 οὔτε

338 3492 481 3560 ἄγαν
504 3489 739 3562 ἐπαίρει
777 3488 874 3541 τὸν
902 3488 1070 3559 νόμον
1099 3487 1189 3541 διὰ
1215 3487 1317 3558 τὴν
1343 3485 1618 3540 Ἰουδαίων
1650 3485 1950 3550 ἀναίδειαν,

337 3583 462 3639 οὔτε
511 3583 801 3655 πρόψασιν
844 3581 1187 3653 κατηγορίας
1221 3581 1455 3651 παρέχει
1486 3581 1598 3644 τοῖς
1631 3578 1953 3634 δυσσεϐέσιν

338 3675 670 3745 αἱρετικοίς.
704 3672 876 3726 Ἀλλά
904 3670 1153 3726 δείκνυσι
1202 3670 1303 3742 μὲν
1336 3670 1503 3724 αὐτὸν
1549 3671 1610 3723 τὸ
1661 3669 1780 3724 δέον
1827 3687 1953 3723 παι-

338 3766 653 3828 δεύσαντα,
708 3763 808 3817 καὶ
859 3763 960 3834 τὴν
1018 3763 1118 3832 τῆς
1175 3759 1529 3834 δικαιοσύνης
1598 3760 1952 3816 διδασκαλίαν

342 3859 792 3933 προσενεγκόντα
813 3875 826 3888 ·
874 3856 1219 3927 κατορθῶσαι
1247 3857 1303 3910 δὲ
1330 3856 1535 3927 ταύτην
1565 3855 1626 3909 οὐ
1652 3854 1953 3925 δυνηθέντα

338 3950 428 4004 διὰ
462 3950 570 4020 τὴν
620 3946 738 4002 τῶν
782 3946 1263 4017 νομοθετηθέντων
1296 3946 1599 4000 ἀσθένειαν.
1643 3941 1773 3999 Είτα
1810 3944 1953 3999 διδά-

342 4038 571 4102 σκειὼς
619 4039 655 4108 ἡ
686 4036 879 4099 πίστις
927 4036 1009 4099 είς
1061 4026 1225 4107 ἔργον
1268 4037 1447 4106 ἤγαγε
1491 4034 1585 4088 τὸν
1636 4034 1732 4088 τοῦ
1786 4033 1951 4104 νόμου

341 4129 567 4184 σκοπόν.
599 4127 791 4198 ’Δπερ
818 4126 930 4196 γὰρ
974 4127 1186 4189 ἐκεῖνος
1232 4123 1585 4196 κατορθῶσαι
1629 4124 1729 4195 μὲν
1763 4123 1956 4195 ἠθέληο

341 4243 435 4282 σεν
462 4269 482 4292 ,
516 4225 628 4280 οὐκ
660 4224 859 4293 ἴσχυσε
909 4222 968 4276 δέ
993 4262 1009 4286 ,
1058 4219 1203 4291 αὕτη
1253 4220 1343 4274 διὰ
1395 4219 1497 4290 τῆς
1531 4219 1626 4273 τοῦ
1677 4217 1950 4287 παναγίου

342 4318 670 4389 Πνεῦματος
697 4313 980 4381 ἐξετέλεσε
1006 4312 1252 4384 χάριτος.
1285 4311 1385 4365 Διά
1407 4310 1614 4366 τούτων
1644 4310 1703 4364 δέ
1733 4309 1952 4363 πάντων

343 4410 725 4481 μανθάνομεν,
777 4406 856 4469 ὡς
886 4404 976 4458 ἀεὶ
1007 4403 1118 4458 τῶν
1143 4401 1451 4475 ἀνθρώπων
1498 4401 1950 4474 προμηθούμενος

339 4501 650 4557 διετέλεσεν
690 4498 721 4552 ὁ
754 4495 1177 4567 δημιουργήσας
1210 4492 1551 4571 ήμᾶςιθεὸς.
1595 4491 1819 4564 Πρῶτον
1852 4492 1952 4562 μὲν

2063 645 2205 703 lucis
2227 646 2604 718 intelligentia
2660 648 3014 719 splendorem
3046 650 3295 707 nondum
3321 668 3635 725 suscepere,

2059 749 2124 790 ea
2146 735 2330 792 rident
2352 753 2478 809 quae
2498 754 2567 795 ne
2593 740 2914 810 angelorum
2938 739 3158 810 quidem
3180 743 3366 813 populi
3393 744 3498 816 ιο
3520 761 3643 816 pos-

2060 838 2189 884 sunt
2209 844 2308 898 pro
2329 829 2598 901 dignitate
2617 831 2860 888 laudare.
2884 832 2953 887 Et
2972 832 3078 889 hoc
3102 834 3325 893 divinus
3342 836 3642 907 Apostolus

2059 921 2126 975 ad
2162 922 2482 979 Corinthios
2530 924 2783 980 scribens
2827 935 3015 997 aperte
3049 928 3237 984 docuit
3290 947 3303 983 :
3337 948 3356 981 ι
3399 929 3638 987 Verbum

2058 1013 2202 1067 enim
2226 1014 2412 1071 crucis
2438 1015 2508 1072 iis
2538 1015 2761 1086 quidem
2787 1017 2879 1086 qui
2916 1026 3146 1088 pereunt
3170 1020 3411 1078 stultitia
3432 1028 3537 1090 est,
3572 1023 3638 1079 iis

2058 1112 2239 1161 autem
2273 1100 2369 1178 qui
2400 1107 2539 1164 salvi
2573 1108 2716 1179 ﬁunt
2752 1109 2845 1166 Dei
2881 1111 3056 1167 virtus
3087 1118 3173 1169 est
3207 1113 3256 1167 ιι.
3301 1132 3320 1167 ι
3356 1112 3514 1170 Hanc
3540 1115 3641 1169 ita-

2058 1211 2165 1266 que
2195 1198 2495 1253 salutarem
2526 1199 2973 1270 prardicationem
2993 1200 3062 1256 ad
3080 1200 3366 1260 Romanos
3387 1205 3640 1262 scribens

2058 1288 2297 1343 ostendit
2325 1303 2451 1344 esse
2476 1290 2876 1358 necessariam,
2907 1300 2962 1346 et
3009 1294 3269 1348 omnibus
3301 1295 3637 1359 hominibus,

2057 1387 2167 1432 tam
2196 1376 2402 1434 Graecis
2431 1394 2597 1449 quam
2625 1378 2852 1450 Judmis,
2892 1383 3080 1438 utilem
3119 1388 3186 1438 ac
3209 1385 3637 1441 conducibilern.

2055 1468 2423 1536 Quamobrem
2457 1476 2586 1526 ante
2633 1470 2771 1527 alios
2825 1486 3015 1529 omnes
3060 1470 3285 1531 Graecos
3341 1475 3640 1549 redarguit,

2055 1560 2147 1631 qui
2185 1562 2455 1616 bonorum
2496 1576 2561 1616 ac
2605 1563 2875 1618 malorum
2920 1563 3219 1634 judicium,
3269 1569 3417 1638 quod
3465 1569 3536 1626 ab
3574 1587 3642 1626 eo

2057 1652 2150 1722 qui
2190 1667 2292 1708 nos
2325 1654 2529 1708 creavit
2559 1661 2773 1710 natura:
2801 1655 3030 1711 insitum
3060 1664 3166 1723 est,
3198 1659 3488 1717 manifeste
3512 1675 3641 1716 cor-

2055 1745 2327 1818 rnperint,
2357 1754 2411 1800 et
2438 1755 2651 1801 naturae
2692 1747 2839 1819 leges
2863 1749 3270 1806 transilierint:
3305 1751 3503 1810 deinde
3537 1752 3640 1811 Ju-

2055 1836 2225 1902 dicos,
2280 1836 2373 1906 qui
2436 1836 2749 1893 divinarum
2807 1838 3032 1909 quidem
3092 1840 3272 1912 legum
3328 1842 3638 1901 doctrinam

2058 1927 2280 1998 scriptis
2326 1927 2642 1983 mandatam
2678 1940 3029 2000 acceperunt,
3052 1931 3191 1987 nihil
3226 1940 3410 1990 tamen
3455 1950 3520 1991 ex
3573 1948 3639 1992 ea

2058 2018 2310 2073 utilitatis
2365 2020 2615 2091 accipere
2675 2021 2989 2086 voluerunt,
3037 2023 3137 2079 sed
3207 2038 3275 2081 eo
3334 2025 3641 2097 majoribus

2057 2111 2344 2181 suppliciis
2383 2111 2510 2167 facti
2545 2121 2676 2169 sunt
2730 2115 2981 2171 obnoxii.
3018 2113 3221 2173 Postea
3269 2125 3451 2174 autem
3504 2120 3641 2175 dicit

2059 2203 2228 2259 Deum
2262 2212 2318 2258 et
2351 2203 2702 2261 Servatorem
2744 2214 3022 2270 nostrum,
3055 2222 3161 2263 non
3201 2207 3271 2263 ad
3303 2224 3494 2264 eorum
3542 2212 3637 2280 qui

2056 2301 2249 2349 contra
2293 2295 2465 2366 legem
2517 2303 2909 2366 peccaverunt,
2950 2296 3474 2354 condemnationem
3503 2314 3641 2372 sup-

2056 2387 2394 2457 pliciumque
2418 2387 2762 2457 apparuisse,
2801 2388 2896 2445 sed
2935 2387 3002 2442 ad
3044 2387 3357 2444 donandam
3384 2403 3640 2461 peccato-

2058 2493 2179 2532 rum
2209 2477 2621 2542 remissionem,
2654 2479 2962 2550 mortisque
3005 2478 3444 2537 destructionem
3504 2497 3640 2553 pro-

2056 2567 2404 2632 mittendam,
2434 2575 2488 2622 et
2520 2575 2785 2624 aeternam
2811 2569 2978 2625 vitam
3006 2568 3463 2626 annuntiandam.
3499 2572 3639 2640 Quia

2057 2672 2240 2719 autem
2271 2662 2481 2719 sciebat
2528 2660 2749 2720 Iudaeos
2775 2663 2997 2734 quidem
3032 2664 3136 2735 legi
3160 2665 3328 2724 nimis
3361 2667 3637 2731 addictos.

2054 2769 2151 2810 eos
2176 2764 2356 2809 autent
2388 2752 2482 2825 qui
2512 2752 2806 2809 Marcionis
2862 2760 2918 2810 et
2947 2752 3223 2811 Valentini
3260 2755 3453 2814 haeresi
3483 2758 3640 2815 labo-

2055 2851 2203 2910 rant,
2230 2850 2395 2915 atquc
2415 2843 2581 2897 etiam
2609 2841 2958 2909 Manichaeos,
2990 2857 3112 2900 eam
3142 2845 3308 2902 nimis
3329 2860 3592 2904 accusare
3620 2861 3637 2902 :

2054 2935 2196 2990 sicut
2226 2934 2717 3005 praestantissimus
2756 2934 2958 3005 aliquis
2981 2935 3093 2990 dux
3129 2936 3257 2991 belli
3285 2936 3358 2993 ab
3386 2938 3639 2995 hostibus

2056 3025 2300 3095 undique
2337 3024 2761 3089 circumsessus,
2801 3034 2853 3080 et
2910 3030 3009 3082 hos
3046 3034 3102 3083 et
3138 3027 3261 3083 illos
3288 3027 3497 3098 dejicit,
3522 3031 3637 3087 eis-

2052 3132 2162 3187 que
2189 3116 2351 3172 victis
2379 3125 2648 3188 tropmum
2683 3117 2848 3188 erigit
2890 3135 2905 3172 :
2958 3118 3036 3173 ita
3084 3118 3306 3176 divinus
3336 3120 3638 3192 Apostolus

2054 3209 2439 3265 haereticorum
2491 3217 2766 3274 catervas,
2822 3216 2878 3264 et
2960 3204 3278 3265 Judaaorum
3338 3210 3637 3285 phalanges

2054 3302 2240 3357 divina
2280 3302 2457 3373 gratia
2498 3300 2705 3373 frangit
2752 3315 2817 3356 ac
2867 3299 3070 3357 fundit.
3099 3299 3246 3369 Quid
3284 3301 3431 3359 enim
3460 3302 3639 3362 facit?

2052 3392 2243 3466 Neque
2270 3395 2444 3465 legem
2477 3393 2644 3451 nimis
2672 3393 2890 3449 extollit
2918 3399 3143 3465 propter
3165 3391 3485 3451 Judaorum
3527 3397 3635 3452 im-

2053 3486 2395 3558 pudentiam,
2458 3500 2640 3556 neque
2699 3485 2886 3557 impiis
2962 3484 3239 3541 itaareticis
3310 3486 3433 3556 ejus
3478 3501 3636 3544 accu-

2008 3592 2023 3599 ’
2052 3578 2240 3633 sandze
2260 3580 2467 3648 praebet
2503 3578 2875 3634 occasionem.
2909 3575 3015 3632 Sed
3042 3591 3163 3631 eam
3194 3577 3421 3651 quidem
3449 3585 3638 3636 osten-

2052 3669 2135 3724 dit
2157 3669 2211 3724 id
2235 3668 2381 3739 quod
2405 3684 2545 3738 opus
2566 3676 2649 3725 est
2672 3668 2953 3738 docuisse,
2976 3666 3078 3739 ιι
3104 3678 3157 3725 ct
3177 3670 3410 3741 justitite
3431 3672 3634 3731 doctri-

2056 3775 2177 3815 nam
2211 3760 2487 3822 attulisse,
2543 3760 2688 3814 hanc
2726 3766 2909 3816 autem
2932 3761 3196 3832 perlicere
3225 3778 3334 3819 non
3365 3765 3635 3833 potuisse,

2056 3861 2274 3921 propter
2308 3864 2497 3904 eorum
2532 3849 2736 3919 quibus
2776 3851 2902 3905 data
2940 3851 3118 3908 fuerat
3170 3853 3629 3909 imbecillitatem.

2055 3943 2259 3999 Deinde
2290 3942 2451 3997 docet
2507 3941 2653 4012 quod
2689 3942 2827 3998 ﬁdes
2857 3942 2995 4013 legis
3030 3955 3256 4013 scopum
3283 3942 3338 3997 in
3371 3959 3510 4012 opus
3538 3946 3585 3997 ιι.
3613 3975 3632 3980 -

2055 4036 2233 4091 duxit.
2264 4034 2395 4101 Quae
2442 4035 2587 4090 enim
2641 4034 2735 4088 illa
2771 4034 2951 4089 voluit
2996 4034 3218 4104 quidem
3255 4031 3489 4096 cﬂicere.
3538 4042 3633 4091 sed

2055 4143 2166 4184 non
2214 4126 2412 4198 potuit,
2469 4127 2573 4183 ista
2607 4142 2703 4196 per
2738 4126 2928 4182 sancti
2947 4123 3190 4196 Spiritus
3223 4125 3460 4196 gratiam
3502 4141 3627 4197 per-

2056 4220 2206 4276 fecit.
2232 4218 2334 4274 Per
2357 4218 2474 4273 haec
2494 4225 2680 4274 autem
2712 4217 2900 4273 omnia
2930 4217 3314 4289 intelligimus,
3345 4217 3491 4285 quod
3530 4217 3628 4272 ho-

2054 4312 2263 4366 minum
2317 4317 2583 4382 perpetuo
2643 4324 2835 4364 curam
2882 4309 3121 4381 gesserit
3178 4308 3326 4364 Deus
3376 4308 3469 4378 qui
3535 4324 3638 4364 nos

2055 4400 2282 4458 creavit.
2326 4399 2572 4455 Primum
2624 4398 2771 4454 enim
2821 4398 2878 4453 in
2908 4405 3107 4453 natura
3142 4397 3341 4454 indidit
3364 4396 3635 4454 honorum

2054 4503 2110 4550 et
2140 4492 2546 4550 contrariorum
2564 4489 2865 4560 judicium.
2895 4484 3101 4545 Deinde
3127 4504 3223 4560 per
3238 4496 3523 4546 creaturas
3540 4504 3635 4544 ecs-

340 4592 447 4663 γὰρ
476 4592 539 4643 ἐν
580 4590 655 4660 τῇ
701 4586 868 4656 φύσει
908 4585 1019 4641 τῶν
1049 4584 1273 4653 ἀγαθῶν
1309 4584 1402 4638 καὶ
1428 4583 1540 4636 τῶν
1569 4582 1831 4637 ἐναντίοιν
1850 4582 1951 4634 τέ-

2056 4585 2150 4655 qui
2170 4585 2464 4640 voluerunt
2495 4582 2724 4639 deduxit
2769 4582 2836 4638 ad
2864 4581 3145 4651 pietatem.
3187 4579 3302 4635 Etsi
3335 4580 3482 4634 enim
3524 4596 3631 4633 noti

340 4682 489 4735 Θεικε
548 4680 656 4751 τὴν
690 4677 993 4749 διάκρισιν.
1048 4672 1182 4731 Εἶτα
1242 4676 1331 4730 διὰ
1387 4677 1490 4746 τῆς
1543 4668 1775 4737 κτίσεως
1824 4673 1951 4737 τοὺς

340 4772 717 4843 βουληθέντας
762 4768 1074 4841 ἐποδήγησε
1104 4768 1244 4839 πρδς
1273 4768 1581 4823 εὐσέϐειαν.
1616 4766 1676 4821 Ei
1720 4766 1831 4837 γὰρ
1860 4767 1954 4820 καὶ

341 4865 419 4935 μὴ
458 4863 674 4925 πάντες
716 4859 847 4913 ἰδεῖν
874 4859 1152 4930 ⁴ίιιθέλησαν
1202 4860 1302 4931 τὴν
1356 4859 1621 4930 ἀλήθειαν
1644 4897 1657 4921 ,
1713 4857 1828 4910 ἀλλ’
1858 4852 1953 4911 οὖν

336 4959 387 5011 οί
440 4955 663 5025 ταύτην
719 4953 1063 5025 ποθήσαντες
1116 4952 1445 5025 ἀπήλαυσαν
1517 4945 1594 5006 ὧν
1650 4948 1949 5021 ἐπόθησαν.

340 5049 487 5120 Πρὸς
521 5048 583 5103 δὲ
616 5046 836 5110 τούτοις
870 5045 1096 5099 κάκεῖνο
1122 5045 1273 5115 ἡμᾶς
1324 5044 1642 5105 ἐκπαιδεύει
1668 5082 1682 5109 ,
1734 5042 1811 5107 ὼς
1848 5045 1949 5098 οὐκ

339 5143 404 5194 ἐκ
436 5138 819 5211 μεταμελείας
842 5138 873 5190 ὁ
895 5136 1003 5191 τῶν
1027 5134 1167 5189 ὅλων
1195 5136 1329 5199 Θεὸς
1367 5135 1462 5190 ἐπὶ
1488 5136 1693 5207 ταύτην
1722 5136 1949 5207 ἐλήλυθε

340 5231 443 5304 τῆς
472 5229 767 5301 σωτηρίας
797 5229 896 5301 τὴν
928 5230 1152 5300 μέθοδον
1180 5250 1192 5261 ·
1229 5230 1349 5283 ἀλλ’
1399 5227 1608 5283 ἀνωθεν
1645 5226 1816 5298 αὐτὴν
1858 5226 1948 5280 διὰ

343 5326 452 5377 τῶν
498 5324 671 5377 θείων
719 5322 1144 5392 προηγόρευσε⁶
1198 5318 1519 5393 προφητῶν.
1562 5319 1819 5374 Διδάσκει
1852 5321 1948 5373 καὶ

342 5416 497 5469 τῶν⁹
527 5414 815 5494 Ἰουδαίων
864 5414 1137 5485 ἀποϐολῆς
1183 5414 1284 5483 τὴν
1332 5411 1513 5468 αἰτίαν
1539 5451 1554 5475 ,
1609 5413 1702 5466 καὶ
1739 5415 1849 5475 τοῖς
1891 5412 1949 5475 ἐξ

423 5599 448 5638 δ
494 5596 682 5652 ICor.
724 5611 783 5661 I,
823 5597 909 5651 l8.

442 5851 463 5881 “
498 5852 541 5904 Β
572 5846 941 5919 προηγόρευε.
1021 5849 1041 5880 9
1074 5845 1112 5898 Β
1151 5844 1270 5909 τῆς,

2053 4689 2247 4730 omnes
2272 4673 2566 4728 voluerunt
2590 4672 2778 4728 videre
2802 4671 3092 4728 veritatem
3125 4686 3140 4723 :
3171 4668 3263 4740 qui
3303 4677 3480 4724 tamen
3518 4683 3632 4723 eam

2051 4765 2464 4831 desiderarunt,
2496 4778 2560 4819 ea
2598 4778 2722 4833 quae
2752 4763 3048 4818 voluerunt
3093 4761 3332 4816 assecuti
3365 4770 3513 4816 sunt.
3554 4761 3632 4812 ΑΛ

2053 4858 2171 4913 haec
2205 4864 2390 4913 autem
2425 4858 2531 4911 hoc
2578 4870 2797 4927 quoque
2841 4869 2945 4910 nos
2986 4852 3168 4919 docet,
3200 4850 3346 4923 quod
3375 4867 3482 4905 non
3516 4867 3628 4903 mn-

2053 4949 2264 5004 tatione
2311 4947 2548 5019 quadam
2601 4947 2820 5002 consilii
2856 4946 3085 5002 Creator
3126 4944 3375 5000 omnium
3425 4951 3635 4996 veneri:

2057 5044 2124 5097 ad
2162 5045 2310 5097 hanc
2339 5039 2537 5097 salutis
2564 5040 2856 5106 rationem,
2894 5038 2990 5094 sed
3031 5052 3153 5094 eam
3184 5035 3357 5091 multo
3382 5044 3510 5089 autc
3542 5046 3635 5101 per

2058 5134 2276 5190 divinos
2325 5130 2629 5203 prophetas
2659 5128 2995 5200 praedixerit.
3030 5127 3198 5181 Docet
3228 5124 3390 5178 etiam
3413 5119 3634 5176 Iuda-c-

2056 5240 2179 5281 rum
2238 5222 2560 5294 rejectionis
2597 5234 2847 5285 causam,
2884 5226 2939 5274 et
2989 5232 3087 5273 eos
3125 5215 3220 5287 qui
3266 5229 3330 5271 ex
3381 5213 3637 5285 gentibus

2058 5314 2409 5372 crediderunt
2449 5312 2722 5374 hortatur,
2767 5324 2834 5365 ne
2873 5308 3136 5365 adversus
3170 5320 3267 5363 cos
3312 5302 3632 5361 elferztntui.

2059 5406 2366 5461 admonens
2397 5402 2522 5458 illos
2554 5401 2609 5457 in
2636 5398 3033 5473 praedicatione
3062 5397 3436 5470 praecessisse.
3464 5389 3637 5447 Porro

1657 5744 1891 5802 νΑῑιηΕ
1951 5744 2246 5800 LECTION
2258 5746 2358 5798 EF.
