4124 6386
548 425 618 491 ιτ
1539 423 2027 487 THEODORETI
2049 423 2390 486 EPISCOPI
2424 405 2792 491 'CYRENSIS
3755 428 3824 496 ts

550 545 740 601 activa:
784 558 1003 616 quoque
1046 542 1266 600 virtutis
1295 542 1601 598 doctrinam
1637 544 1872 598 orationi
1905 542 2127 614 dogma-
2155 550 2178 608 Α

2193 541 2402 608 ,ἐθνῶν
2469 544 2861 599 πεπιστευκόσι
2932 545 3190 616 παραινεῖ
3263 544 3339 616 μὴ
3391 545 3821 617 κατεπαίρεσθαι

548 636 670 692 lica:
703 635 1016 700 admiscuit,
1041 634 1204 690 simul
1226 643 1280 690 et
1312 635 1594 690 veritatem
1620 633 1847 696 docens,
1867 641 1921 689 et
1947 647 2130 687 mores

2235 635 2441 690 τούτων
2473 653 2485 666 ’
2539 639 2870 710 προτρέπων
2920 639 3164 702 ἐκείνους
3213 638 3504 710 προελθεῖν
3533 637 3610 708 τῷ
3648 637 3823 706 κηρύ-

547 743 905 801 componens.
931 727 1047 783 Hoc
1072 738 1156 784 est
1187 729 1374 798 itaque
1413 737 1797 798 argumentum
1825 725 2084 796 Epistolze
2111 742 2124 777 :

2236 742 2427 798 γματι.
2477 729 2587 783 Kal
2631 731 2728 801 τῆς
2761 733 3070 801 πρακτικῆς
3096 731 3152 784 δὲ
3197 731 3399 802 ἀρετῆς
3444 731 3544 800 τὴν
3577 729 3826 782 διδασκα-

547 820 928 892 interpretatio
957 828 1138 874 autem
1179 820 1420 889 partium
1461 819 1804 890 singularum
1841 817 2037 872 melius
2066 830 2128 870 ac

2236 818 2360 872 λίαν
2407 823 2520 884 τοῖς
2551 821 2905 892 δογματικοῖς
2936 822 3162 893 ἀνέμιξε
3201 824 3406 892 λόγοις,
3438 825 3574 894 ὁμοῦ
3603 822 3697 875 καὶ
3726 821 3823 892 τὴν

548 913 846 985 perfectius
886 913 1070 968 omnia
1097 927 1200 966 nos
1240 911 1477 966 docebit.

2237 909 2502 981 ἀλήθειαν
2549 913 2929 978 ἐκπαιδεύων,
2991 915 3085 966 καὶ
3131 913 3192 966 τδ
3219 911 3354 985 ἦθος
3403 914 3706 985 ῥυθμίζων.
3757 915 3824 966 ’Π

550 1007 649 1076 μὲν
676 1001 770 1060 οὖν
836 1005 1092 1068 ὑπόθεσις
1135 1005 1235 1074 τῆς
1287 1003 1604 1074 Ἐπιστολῆς
1649 1003 1797 1056 ἐστιν
1865 1001 2005 1071 αὕτη
2033 1015 2046 1030 ·
2119 1001 2511 1076 ἀκριὸἐστερον
2561 1005 2618 1059 δὲ
2667 1008 2844 1062 πάντα
2883 1009 3031 1078 ἡμᾶς
3073 1009 3105 1078 ἡ
3153 1007 3294 1060 κατὰ
3343 1006 3508 1078 μέρος
3559 1006 3826 1077 ἑρμηνεία

545 1098 764 1168 διδάξει.

1075 1189 1307 1244 CAPUT
1348 1188 1638 1245 PRIMUM.
2673 1191 2703 1242 li

2673 1190 3069 1244 ΚΕΦΔΛΛΙΟΝ
3101 1189 3397 1244 ΠΡΩΤΟΝ.

616 1282 780 1336 Vens.
818 1279 870 1334 1.
903 1279 1110 1334 Paulus
1127 1297 1306 1335 servus
1329 1279 1460 1335 Iesu
1496 1281 1720 1348 Christi,
1747 1289 1962 1336 voratus
1993 1279 2134 1350 Apo-

2311 1287 2380 1334 a'.
2416 1279 2660 1348 Παῦλος
2704 1282 2928 1349 δοῦλος
2973 1282 3182 1349 Ἰησοῦ
3246 1283 3509 1350 Χριστοῦ
3539 1323 3552 1346 ,
3602 1283 3823 1350 κλητὸς

543 1374 735 1428 status.
763 1372 1015 1428 Przel'ecti
1059 1373 1284 1444 quidem
1317 1381 1373 1428 et
1431 1373 1682 1444 magistri
1723 1373 1958 1427 militum
2008 1386 2134 1428 sua-

2238 1369 2604 1437 ἀπόστολος.
2638 1371 2918 1442 ’Ύπαρχοι
2973 1373 3072 1443 μέν
3122 1375 3216 1427 κα)⁵
3258 1374 3553 1442 στρατηγοὶ
3601 1373 3669 1426 τὰ
3714 1373 3824 1426 τῶν

545 1483 667 1522 rum
699 1467 1028 1538 dignitatum
1059 1467 1284 1522 nomina
1324 1468 1443 1523 suis
1481 1469 1708 1538 scriptis
1730 1473 1747 1486 ‘
1783 1475 2134 1538 praeponunt,

2239 1461 2568 1533 ἀξιωμάτων
2611 1463 2853 1533 ὀνόματα
2885 1466 2993 1517 τῶν
3043 1467 3260 1520 οίκείων
3299 1465 3649 1537 γραμμάτων
3685 1482 3822 1536 προ-

548 1559 912 1629 supercilium
949 1559 1052 1628 12
1080 1559 1419 1626 attollentes,
1463 1567 1518 1614 et
1565 1573 1673 1612 una
1707 1573 1832 1613 cum
1867 1559 2135 1630 dignitate

2237 1552 2520 1620 τάττουσι,
2551 1553 2648 1624 τὴν
2689 1555 2861 1625 ὀφρὺν
2889 1556 3158 1627 αίροντες,
3201 1559 3294 1610 καὶ
3327 1556 3408 1627 τῷ
3439 1555 3712 1626 ἀξιώματι
3763 1557 3824 1609 τὸ

547 1668 774 1724 magnos
806 1652 1037 1722 spiritus
1068 1653 1397 1707 excitantes.
1425 1651 1658 1705 Divinus
1686 1660 1868 1705 autem
1895 1653 2131 1721 Aposto-

2233 1639 2492 1712 φρόνημα
2549 1645 2995 1716 συνεπαίροντες.
3059 1647 3117 1699 Ὀ
3179 1647 3236 1700 δὲ
3297 1647 3440 1709 Οεῖος
3490 1646 3821 1709 Ἀπόστολος

545 1745 631 1801 lus
666 1759 725 1800 se
757 1743 1067 1798 abortivum
1099 1743 1370 1808 nominat,
1404 1750 1459 1797 et
1497 1742 1737 1812 primum
1784 1748 2132 1812 peccatorum

2232 1733 2500 1805 ἐκτρωμα
2532 1734 2632 1804 μὲν
2671 1736 2864 1790 ἑαυτὸν
2892 1735 3172 1807 ὀνομάζει,
3211 1739 3441 1791 καὶτῶν
3480 1737 3823 1809 ἁμαρτωλῶν

545 1837 805 1908 appellat,
841 1843 895 1891 et
920 1836 1230 1906 apostolatu
1263 1835 1548 1907 indignum
1575 1850 1700 1891 esse
1731 1835 1886 1890 dicit.
1915 1833 2133 1906 Episto-

2233 1819 2452 1890 πρῶτον
2489 1821 2798 1885 ἀποκαλεῖ,
2833 1824 2926 1876 καὶ
2957 1826 3057 1896 τῆς
3097 1827 3405 1898 ἀποστολῆς
3433 1828 3654 1892 ἀνάξιον
3687 1823 3823 1881 εἶναι

545 1929 624 1983 Ias
676 1937 861 1982 tamen
914 1928 1194 1992 scribens,
1230 1941 1261 1982 a
1307 1926 1484 1999 gratia
1521 1926 1626 1982 sibi
1675 1925 1933 1994 imposita
1967 1939 2132 1980 voca-
2166 1993 2173 1999 _

2197 1926 2389 1999 φησι.
2429 1913 2726 1984 Προτίθησι
2773 1914 2818 1966 δ’
2859 1916 3010 1993 ὅμως
3057 1917 3390 1972 ἐπιστέλλων
3434 1918 3531 1981 τὰς
3579 1918 3682 1970 ὑπὸ
3724 1918 3825 1986 τῆς

544 2018 695 2082 bula,
732 2019 800 2073 ad
826 2033 1016 2073 eorum
1045 2017 1137 2087 qui
1172 2017 1296 2073 illas
1311 1993 1609 2088 accipiunt
1642 1993 1959 2080 utilitatem,
1993 2031 2132 2088 ιιι-τε·
2166 1993 2172 2048 Ῑ

2196 1996 2461 2072 ιχάριτος
2534 2005 2883 2071 ἐπιτεθείσας
2935 2010 3353 2080 προσηγορίας,
3409 2012 3492 2073 είς
3557 2011 3824 2079 ὠφέλειαν

544 2109 717 2181 ponit.
753 2109 1126 2179 Intelligentes
1155 2109 1302 2163 enim
1349 2121 1460 2177 qua
1507 2115 1656 2163 esset
1696 2107 1964 2178 dignitate
1995 2121 2132 2178 prae-

2235 2093 2344 2148 ﬂIw
2391 2095 2702 2167 δεχομένων
2757 2099 2828 2152 τά
2893 2101 3222 2171 γράμματα.
3278 2102 3660 2166 Μανθάνοντες
3715 2104 3824 2172 γὰρ

543 2201 696 2261 ditus
715 2201 809 2270 qui
837 2199 1136 2264 scribebat,
1164 2198 1374 2269 majore
1397 2197 1520 2254 illas
1547 2197 1730 2254 studio
1759 2206 1812 2253 et
1840 2198 2131 2253 alacritate

2234 2186 2399 2240 τίνων
2429 2188 2457 2240 6
2490 2189 2718 2257 γράφων
2758 2188 3088 2260 ἀξιωμάτων
3127 2191 3367 2262 μετέχει.
3405 2196 3546 2262 μετὰ
3577 2192 3825 2254 πλείονος

543 2291 914 2364 accipiebant.
958 2291 1036 2346 Ac
1087 2290 1325 2361 primum
1357 2289 1581 2361 quidem
1619 2289 1861 2360 seipsum
1898 2289 2132 2344 Paulum

2235 2279 2377 2333 αύτά
2405 2281 2645 2350 σπουδῆς
2673 2299 2734 2334 τε
2759 2283 2854 2336 καὶ
2881 2284 3197 2355 προθυμίας
3224 2286 3496 2355 ἐδέχοντο.
3530 2287 3642 2339 Kal
3674 2285 3825 2357 πρῶ·

547 2391 728 2450 vocat,
772 2397 882 2436 non
947 2395 977 2434 a
1025 2380 1347 2452 parentibus
1409 2380 1828 2452 appellationem
1872 2379 2013 2434 hanc
2063 2381 2133 2436 ab

2235 2389 2326 2425 τον
2359 2373 2457 2442 μὲν
2505 2375 2701 2428 ἐαυτὸν
2751 2377 2993 2431 Παῦλον
3028 2379 3214 2444 καλεῖ,
3251 2380 3312 2432 οὐ
3359 2379 3566 2450 ταύτην
3616 2379 3824 2434 ἄνωθεν

548 2475 707 2530 initio
759 2473 1016 2544 adeptus,
1056 2471 1150 2528 sed
1207 2480 1334 2543 post
1377 2472 1726 2526 vocationem
1757 2486 1820 2525 ea
1849 2471 2128 2539 dignatus,

2236 2465 2388 2534 παρὰ
2426 2464 2534 2517 τῶν
2591 2467 2846 2539 πατέρων
2900 2468 3002 2541 τὴν
3075 2471 3452 2541 προσηγορίαν
3504 2471 3823 2542 δεξάμενος,

548 2567 695 2622 sicut
719 2563 906 2619 Simon
939 2563 1138 2618 Petrus
1163 2570 1396 2618 vocatus
1421 2570 1528 2628 est,
1555 2570 1609 2617 et
1629 2561 1726 2616 filii
1760 2560 2009 2616 Zebedmi
2038 2560 2134 2614 lilii

2236 2553 2374 2608 ἀλλὰ
2407 2557 2546 2624 μετὰ
2581 2556 2682 2628 τὴν
2723 2557 2918 2626 κλῆσιν
2955 2559 3163 2631 ταύτης
3197 2561 3452 2626 ἀξιωθεὶς
3473 2602 3486 2628 ,
3535 2563 3611 2627 ὼς
3639 2565 3825 2632 Σίμων

548 2659 781 2724 tonitru,
806 2662 859 2710 et
887 2653 1060 2709 Jac-ob
1089 2652 1282 2718 Israel,
1319 2660 1373 2709 et
1398 2653 1602 2709 Abram
1631 2652 1892 2708 Abraam.
1925 2650 2135 2706 Deinde

2240 2644 2444 2718 Πέτρος
2468 2689 2482 2710 ,
2531 2647 2627 2700 καὶ
2672 2649 2778 2702 υίοὶ
2816 2649 3049 2722 βροντῆς
3078 2653 3128 2705 οἱ
3157 2654 3447 2708 Ζεϐεδαίου
3487 2655 3624 2720 υίοὶ,
3665 2657 3759 2708 καὶ
3797 2658 3827 2709 ὁ

547 2764 756 2804 servum
807 2745 938 2800 Jesu
998 2745 1218 2811 Christi,
1257 2761 1418 2817 quem
1454 2760 1649 2801 omnes
1685 2744 1958 2801 increduli
1986 2759 2131 2799 mor-

2251 2734 2449 2789 Ἰακὼϐ
2513 2737 2731 2809 Ἰσραὴλ
2773 2781 2787 2805 ,
2846 2741 2941 2793 καὶ
3010 2741 3264 2814 ’Λϐραὰμ
3307 2745 3336 2796 6
3394 2744 3636 2816 Ἀϐραμ.
3691 2740 3829 2799 Εἶτα

548 2849 726 2901 tuum,
769 2844 824 2891 et
866 2836 1227 2902 crucifixum,
1270 2844 1324 2892 et
1370 2835 1511 2892 fabri
1557 2837 1728 2891 [ilium
1762 2837 2133 2908 appellabant,

2237 2825 2464 2882 δοῦ.δον
2492 2829 2700 2896 Ἰησοῦ
2728 2834 3009 2900 Χριστοῦ,
3033 2834 3092 2888 ὂν
3115 2835 3307 2906 νεκρὸν
3329 2836 3558 2890 ἐκάλουν
3588 2839 3831 2904 ἅπαντες

549 2930 667 2997 ipse
705 2941 838 2982 vero
889 2926 1008 2996 ejus
1047 2927 1370 2984 servitutem
1407 2926 1583 2983 cuivis
1621 2943 1794 2998 regno
1827 2935 2133 2999 antepone-

2237 2921 2285 2973 οἱ
2315 2920 2698 2986 ἀπιστοῦντες,
2726 2924 2822 2976 καὶ
2852 2926 3296 2998 ἐσταυρωμένον,
3331 2927 3426 2980 καὶ
3451 2928 3545 2981 τοῦ
3574 2929 3832 2994 τέκτονος

548 3023 662 3076 bat.
691 3019 822 3075 Post
849 3019 961 3074 haec
986 3028 1228 3074 vocatum
1263 3034 1324 3074 se
1345 3019 1608 3090 appellat,
1637 3035 1934 3090 supernam
1969 3038 2134 3078 voea-

2239 3011 2371 3066 υἱόν.
2427 3011 2570 3066 Ἀλλ’
2610 3014 2760 3084 ὅμως
2803 3016 2904 3086 τὴν
2927 3016 3120 3068 τούτου
3157 3016 3404 3070 δουλείαν
3452 3019 3593 3088 ὺπέρ
3644 3022 3832 3074 πᾶσαν

546 3114 753 3167 tionem
786 3095 1046 3166 innucns.
1080 3109 1142 3163 Et
1168 3109 1410 3180 Apostoli
1434 3125 1653 3182 quoque
1684 3127 1885 3168 nomen
1922 3113 2134 3185 adjicit,

2241 3100 2520 3172 βασιλείαν
2556 3105 2855 3174 ἠσπάζετο.
2913 3107 3147 3161 Ἔπειτα
3195 3109 3427 3171 κλητὸγ
3467 3111 3659 3164 ἐαυτὸν
3707 3112 3833 3165 ὀνο-

548 3219 608 3259 se
657 3204 761 3258 hoc
803 3202 972 3258 etiam
1012 3216 1042 3256 a
1081 3201 1193 3257 Deo
1225 3209 1543 3257 assecutum
1577 3219 1701 3260 esse
1728 3205 1957 3260 docens.
1986 3205 2136 3274 Quo-

2243 3192 2428 3264 μάζει,
2456 3193 2556 3264 τὴν
2591 3194 2800 3248 ἄνωθεν
2836 3196 3210 3267 αἰνιττόμενος
3243 3198 3457 3269 κλῆσιν.
3496 3201 3607 3254 Kal
3641 3201 3700 3255 τὸ
3729 3201 3831 3255 τοῦ

547 3293 696 3347 niam
729 3292 875 3349 enim
913 3289 1178 3346 Dominus
1207 3290 1501 3347 duodecim
1553 3292 1662 3350 illis
1701 3294 1845 3350 hanc
1899 3298 2175 3369 appella-1

2241 3285 2594 3341 ἀποστόλου
2641 3287 2698 3339 δὲ
2755 3287 3115 3358 προστίθησιν
3161 3290 3367 3362 ὄνομα,
3425 3291 3692 3348 διδάσκων
3751 3295 3833 3357 ὡς

548 3385 753 3440 tionem
806 3383 1092 3454 imposuit,
1151 3383 1294 3440 hanc
1337 3384 1502 3439 etiam
1546 3385 1701 3456 ponit
1729 3387 1952 3446 divinus
1984 3355 2176 3461 Δρο-⁴

2240 3377 2336 3430 καὶ
2386 3377 2578 3431 τούτου
2638 3350 2966 3452 τετύίηκεν.
3013 3350 3267 3454 ’Ἐπειδῆ
3298 3350 3406 3455 γάρ
3457 3388 3571 3450 τοῖς
3619 3350 3835 3442 δώδεκα

549 3477 762 3533 stolus:
793 3490 958 3546 quam
988 3489 1098 3531 non
1129 3476 1247 3546 ipse
1275 3477 1608 3548 arripuerat,
1638 3479 1734 3535 sed
1773 3481 1843 3536 ab
1882 3481 2002 3553 ipso
2034 3482 2139 3536 Do-

2239 3468 2440 3540 ταύτην
2467 3472 2495 3523 6
2531 3470 2736 3541 Κύριος
2767 3472 2868 3543 τὴν
2915 3475 3290 3546 προσηγορίαν
3328 3476 3569 3548 ἐπέθηκε
3593 3517 3608 3540 ,
3644 3479 3834 3550 τίθησι

551 3570 700 3623 mino
725 3576 1034 3639 acceperat.
1065 3585 1083 3619 ι
1112 3567 1263 3624 Vade
1283 3569 1450 3637 enim,
1475 3569 1657 3641 inquit
1679 3570 1744 3625 ad
1773 3571 1974 3642 ipsum,
2009 3573 2139 3642 quia

2242 3563 2335 3614 καὶ
2362 3561 2566 3632 ταύτην
2593 3563 2621 3616 6
2651 3563 2792 3628 θεῖος
2827 3565 3153 3631 Ἀπόστολος
3177 3582 3190 3598 ·
3221 3569 3320 3637 οὐχ
3345 3569 3602 3639 ἀρπάσας
3632 3572 3831 3642 αὐτὴν,

551 3661 620 3716 ad
672 3668 866 3732 gentes
895 3659 1088 3730 procul
1122 3659 1336 3714 mittam
1381 3670 1432 3716 te
1461 3673 1508 3716 ο.
1555 3681 1574 3715 ι
1608 3661 1674 3716 Ει
1724 3661 1834 3718 hoc
1889 3663 2139 3718 declarat

2239 3650 2375 3704 ἀλλὰ
2412 3653 2540 3724 παρ’
2589 3653 2756 3707 αὐτοῦ
2803 3654 2900 3708 τοῦ
2955 3657 3231 3711 Δεσπότου
3280 3659 3597 3729 δεξάμενος.
3660 3681 3676 3714 ι
3724 3664 3836 3716 Πο-

552 3769 651 3824 per
692 3769 756 3807 ea
810 3767 932 3823 qua:
967 3759 1277 3823 sequuntur
1306 3768 1320 3805 :
1363 3752 1678 3826 Segregatus
1708 3756 1762 3808 in
1789 3754 2139 3827 Evangelium

2246 3741 2407 3814 ρεύου
2448 3745 2590 3816 γὰρ,
2625 3745 2730 3818 ἔφη
2773 3748 2915 3819 πρὸς
2946 3749 3146 3815 αὐτὸν,
3183 3751 3265 3803 ὅτι
3315 3752 3396 3814 είς
3440 3751 3568 3822 ἔθνη
3609 3754 3833 3826 μακρὰν

552 3844 666 3899 Dei.
702 3842 820 3898 Non
868 3857 898 3897 a
955 3858 1041 3899 me
1069 3845 1210 3914 ipso,
1255 3845 1458 3915 inquit,
1512 3861 1632 3902 sum
1671 3847 1906 3913 electus,
1935 3847 2034 3903 sed
2072 3849 2141 3904 ab

2241 3835 2588 3900 ἐξαποστελῶ
2632 3855 2712 3894 σε.
2750 3858 2768 3890 ι
2804 3840 2916 3894 Kal
2962 3839 3122 3893 τοῦτο
3172 3840 3323 3910 δηλοί
3377 3842 3462 3895 διὰ
3501 3844 3611 3897 τῶν
3665 3846 3828 3915 63;;-

551 3938 670 4010 ipso
704 3936 812 3992 Deo
858 3935 1268 4006 pmdicationis
1319 3936 1692 3992 ministerium
1743 3939 1985 4010 suscepi.
2038 3937 2140 3994 Se-

2255 3927 2695 3995 Ἀςρωρισμένος
2743 3930 2831 3994 είς
2859 3930 3235 3998 Eua-fremor
3290 3933 3460 3986 Θεοῦ.
3507 3936 3620 3987 Οὐκ
3664 3935 3833 3988 αὐτου

552 4028 794 4101 gregavit
829 4037 1008 4085 autem
1045 4028 1226 4100 ipsum
1285 4038 1339 4085 et
1392 4029 1576 4093 Pater,
1609 4037 1663 4084 et
1685 4025 1694 4040 ‘
1716 4027 1913 4095 Filius,
1938 4037 1996 4085 et
2027 4029 2144 4100 Spi-

2244 4017 2620 4087 χειροτόνητός
2649 4021 2787 4088 είμι,
2819 4019 2986 4090 φησίν
3005 4037 3022 4051 ο
3046 4021 3183 4077 ἀλλὰ
3209 4025 3340 4096 παρ’
3373 4026 3539 4080 αὑτοῦ
3570 4029 3663 4081 τοῦ
3691 4029 3829 4082 Θεοῦ

553 4125 690 4180 ritus
713 4131 960 4179 sanctus.
993 4122 1057 4178 Et
1091 4123 1239 4194 quod
1268 4121 1432 4178 Pater
1487 4122 1710 4193 quidem
1742 4123 1921 4192 ipsum
1956 4137 2142 4193 segre-

2243 4105 2341 4177 τὴν
2371 4106 2466 4160 τοῦ
2515 4109 2872 4181 κηρύγματος
2915 4111 3184 4186 ἐδεξάμην
3213 4117 3509 4174 διακονίαν.
3558 4121 3831 4193 ’Ᾱφὼρισε

550 4215 781 4287 gavcrit,
825 4217 944 4286 ipse
967 4216 1129 4271 docet
1172 4217 1228 4271 in
1261 4214 1505 4287 Epistola
1530 4215 1597 4269 ad
1630 4213 1853 4270 Galatas
1886 4234 1898 4270 :
1944 4234 1962 4267 ι
2001 4213 2139 4270 Cum

2242 4195 2300 4250 δέ
2343 4197 2506 4287 αὐτὸν
2553 4199 2650 4252 καὶ
2679 4201 2707 4252 6
2739 4202 2948 4277 Πατὴρ,
2997 4207 3092 4259 καὶ
3127 4208 3154 4260 6
3210 4208 3358 4275 Υἱὸς,
3415 4212 3510 4265 καὶ
3561 4212 3624 4267 τὸ
3674 4213 3833 4282 ἅγιον

551 4285 732 4362 autem
765 4285 973 4378 placuit
1007 4307 1079 4375 ci,
1111 4307 1206 4379 qui
1241 4285 1326 4363 me
1359 4307 1675 4379 segregavit
1713 4322 1780 4361 ex
1829 4316 1987 4362 utero
2025 4321 2143 4361 ma-

2245 4285 2493 4358 Πνεῦμα.
2549 4290 2660 4342 Καὶ
2690 4291 2773 4344 ὅτι
2827 4292 2928 4363 μὲν
2985 4295 3151 4352 αὑτὸν
3197 4299 3226 4351 6
3277 4300 3468 4372 Πατὴρ
3526 4303 3825 4375 ἀφώρισεν,

550 4400 657 4456 tris
717 4400 818 4472 13
876 4416 1029 4468 mem,
1086 4410 1142 4456 et
1191 4401 1409 4456 vocavit
1457 4415 1554 4471 per
1597 4399 1832 4470 gratiam
1870 4414 2050 4465 suam,
2082 4406 2144 4454 ut

2245 4381 2408 4472 αύτὺς
2447 4384 2506 4435 ἐν
2538 4385 2604 4454 τῇ
2637 4383 2776 4456 πρὸς
2822 4387 3070 4454 Γαλάτας
3102 4391 3379 4447 διδάσκειο
3423 4414 3441 4447 ι
3485 4396 3614 4451 Ὅτε
3645 4398 3701 4451 δὲ
3740 4405 3832 4452 εύ-

553 4471 822 4547 revelaret
864 4489 1066 4547 Filium
1121 4505 1282 4547 suum
1339 4489 1395 4546 in
1454 4505 1562 4554 me,
1600 4497 1660 4544 ut
1708 4490 2141 4562 evangelizarem

2244 4471 2529 4544 δόκησενὸ
2557 4475 2713 4541 Θεὸς,
2748 4480 2776 4531 6
2821 4480 3092 4552 ἀφορίσας
3139 4501 3207 4555 με
3254 4486 3320 4539 ἐκ
3366 4487 3577 4552 κοιλίας
3623 4493 3831 4563 μητρός

551 4585 730 4655 ipsum
761 4584 817 4638 in
847 4583 1108 4653 gentibus
1130 4582 1180 4638 ἀ.
1218 4601 1237 4636 ι
1282 4581 1439 4649 Quod
1483 4589 1668 4637 autem
1693 4583 1857 4638 etiam
1893 4582 2143 4654 unigeni-

2250 4581 2374 4636 μου,
2395 4567 2491 4619 καὶ
2515 4567 2748 4633 καλέσας
2773 4569 2863 4624 διὰ
2889 4573 2991 4644 τῆς
3013 4574 3237 4646 χάριτος
3259 4577 3448 4641 αὑτοῦ,
3475 4580 3829 4651 ἀποκαλύψαι

552 4685 642 4733 tus
668 4675 845 4731 Filius
871 4675 975 4732 hoc
1002 4677 1182 4746 ipsum
1215 4673 1430 4741 fecerit,
1457 4689 1654 4730 rursus
1680 4674 1815 4728 dicit
1842 4674 2142 4744 Apostolus
2173 4685 2180 4741 1

2203 4657 2338 4739 ,τὸν
2364 4659 2492 4712 Υίὺν
2539 4660 2707 4715 αὐτοῦ
2755 4663 2814 4717 ἐν
2861 4665 3020 4736 ἐμοὶ,
3066 4667 3153 4720 ἵνα
3193 4670 3633 4743 εὐαγγελίζωμαι
3667 4673 3831 4727 αὐτὸν

554 4771 610 4824 in
644 4767 894 4835 Actibus,
945 4769 1050 4826 sibi
1085 4768 1265 4823 visum
1320 4783 1444 4824 esse
1498 4767 1793 4822 Dominum
1827 4767 1880 4822 in
1916 4769 2139 4840 templo,

2246 4750 2306 4804 ἐν
2349 4753 2460 4816 τοῖς
2517 4752 2748 4809 ἔθνεσιν.
2796 4774 2814 4808 ι
2859 4757 2984 4810 Ὅτι
3035 4759 3092 4812 δέ
3146 4761 3243 4814 καὶ
3291 4763 3320 4814 6
3362 4763 3656 4834 μονογενὴς
3702 4765 3831 4828 Υἱὸς

553 4861 902 4933 jussisseque
954 4868 1016 4915 ut
1069 4859 1378 4926 festinaret,
1432 4867 1487 4916 et
1547 4861 1740 4927 exiret,
1785 4859 1930 4930 quod
1969 4859 2142 4916 Judaei

2245 4842 2410 4897 ταυτὸ
2453 4845 2614 4899 τοῦτο
2639 4848 2932 4919 πεποίηκε,
2977 4851 3138 4905 πάλιν
3173 4854 3201 4906 6
3251 4854 3574 4920 Ἀπόστολος
3619 4857 3676 4911 ἐν
3710 4861 3831 4922 ταῖς

559 4949 1004 5020 praedicationem
1080 4962 1188 5030 non
1261 4947 1634 5015 admitterent,
1689 4957 1743 5002 et
1796 4948 2065 5018 adjeeisse
2126 4969 2141 5007 :

2249 4935 2491 5030 Πράξεσι
2536 4936 2705 5008 λέγει,
2753 4940 2828 5004 ὡς
2877 4941 3032 5013 ὤφθη
3075 4944 3173 5013 μὲν
3221 4945 3371 5016 αὐτῷ
3420 4949 3478 5000 ἐν
3525 4947 3604 5018 τῷ
3645 4949 3775 5020 ἱερῷ
3806 4954 3835 5004 ὁ

563 5060 580 5092 ‹
620 5039 791 5105 Vade,
820 5039 949 5109 quia
992 5038 1063 5093 ad
1105 5025 1296 5108 gentes
1327 5040 1518 5108 procul
1549 5041 1761 5094 mittam
1791 5050 1842 5097 te
1865 5053 1910 5096 ο.
1954 5062 1972 5095 ι
2027 5041 2144 5098 Hoc

2249 5025 2474 5098 Κύριος,
2510 5030 2954 5100 παρεκελεύσατο
2983 5034 3038 5088 δὲ
3071 5035 3326 5102 σπεῦσαι,
3359 5041 3453 5092 καὶ
3480 5040 3736 5106 ἐξελθεῖν,
3757 5041 3836 5107 ὡς

559 5136 738 5204 ipsum
777 5142 957 5186 autem
977 5128 1113 5184 dixit
1138 5130 1302 5183 etiam
1327 5130 1556 5188 Ananiae
1574 5134 1851 5188 recusanti
1880 5152 1892 5188 :
1922 5152 1940 5185 ι
1971 5132 2138 5200 Vade,

2262 5117 2530 5173 Ἰουδαίων
2567 5122 2644 5192 μὴ
2692 5123 3000 5195 δεχομένων
3035 5127 3096 5179 τὸ
3128 5129 3422 5200 κήρυγμα,
3466 5131 3557 5185 καὶ
3593 5135 3834 5204 προστέ-

497 5243 500 5245 λ
557 5225 818 5296 quoniam
851 5237 949 5276 vas
977 5220 1265 5277 electionis
1302 5231 1386 5277 est
1433 5223 1566 5278 mihi
1596 5225 1718 5289 iste,
1751 5233 2017 5295 ut‘portct
2040 5241 2125 5280 no-

2249 5208 2384 5280 οηκε
2413 5229 2424 5242 ·
2461 5231 2480 5262 ‹
2517 5213 2777 5284 Πορεύου,
2807 5217 2890 5270 ὅτι
2928 5219 3008 5283 είς
3048 5219 3176 5290 ἔθνη
3231 5223 3450 5294 μακρὰν
3486 5224 3837 5290 ἐξαποστελῶ

560 5330 678 5371 men
725 5329 905 5368 meum
977 5325 1164 5365 coram
1225 5315 1499 5383 gentibus,
1529 5323 1584 5372 et
1635 5317 1878 5389 regibus,
1920 5326 1974 5372 et
2016 5317 2141 5373 filiis

2251 5321 2331 5358 σε.
2386 5324 2405 5357 ι
2442 5307 2622 5360 Ταυτὸ
2659 5308 2714 5361 δὲ
2766 5309 2925 5365 τοῦτο
2967 5313 3062 5367 καὶ
3103 5312 3240 5383 πρὸς
3291 5315 3383 5369 τὸν
3434 5317 3684 5371 Ἀνανίαν
3728 5317 3833 5390 ἔφη

561 5401 727 5457 Israel
764 5401 808 5452 ί.
843 5417 860 5450 ι
895 5399 964 5453 At
1017 5399 1211 5455 beatus
1261 5417 1480 5473 quoque
1549 5403 1725 5460 Lucas
1773 5409 1918 5461 ‘nos
1981 5405 2140 5460 docet

2248 5397 2640 5468 ἀναδυόμενον*
2683 5419 2701 5452 ι
2738 5402 2978 5475 Πορεύου
3005 5446 3020 5472 ,
3081 5405 3164 5459 ὅτι
3213 5407 3409 5473 σκεῦος
3465 5409 3698 5481 ἐκλογῆς
3741 5427 3833 5480 μοι

559 5492 881 5564 (λαθὼοιιιη
917 5491 1195 5562 propheta:
1243 5495 1548 5552 Antiochia:
1586 5497 1817 5552 Domino
1860 5497 2138 5552 ministra—

2249 5487 2401 5543 ἐστὶν
2438 5484 2629 5553 οὗτος,
2679 5491 2773 5546 τοῦ
2818 5494 3086 5562 βαστάσαι
3131 5499 3192 5553 τὸ
3223 5501 3398 5572 ὄνομά
3449 5518 3550 5572 μου
3598 5501 3831 5555 ἐνώπιον

561 5590 702 5643 rent,
738 5589 790 5635 ct
822 5581 1157 5650 jejunareut,
1202 5582 1340 5636 dixit
1383 5583 1626 5654 Spiritus
1663 5597 1930 5642 sanctus:
1973 5606 1992 5638 ι
2037 5583 2139 5640 Se-

2247 5581 2452 5649 ἐθνῶν,
2489 5584 2582 5637 καὶ
2616 5583 2921 5654 βασιλέων,
2964 5590 3096 5647 υἱῶν
3139 5610 3199 5647 τε
3230 5596 3472 5667 Ἰσραήλ.
3521 5614 3540 5648 ι
3592 5595 3650 5648 ὐ
3686 5593 3742 5647 δέ
3769 5611 3832 5663 γε

560 5680 773 5742 gretate.
795 5671 924 5724 mihi
953 5669 1253 5726 Barnabam
1281 5681 1334 5727 et
1360 5672 1586 5728 Saulum
1632 5675 1698 5728 ad
1729 5691 1864 5746 opus
1895 5675 1960 5729 ad
1994 5675 2138 5746 quod

2273 5674 2518 5743 ιακάρεος
2559 5677 2771 5742 Λουκᾶς
2802 5680 3044 5738 διδάσκει
3079 5688 3248 5758 ἡμᾶς,
3287 5690 3362 5754 ὡς
3389 5689 3498 5743 τῶν
3540 5689 3598 5743 ἐν
3627 5687 3831 5744 Ἀντιος
3893 5671 3901 5682 ⁸

637 5868 655 5896 ε
691 5863 808 5914 Act.
853 5878 992 5926 xw,
1031 5863 1110 5917 2i.
1192 5860 1214 5898 δ
1259 5860 1432 5917 ϐςιίτιι.
1471 5880 1516 5928 ι,
1566 5863 1642 5917 ίῖἰ.
1731 5875 1750 5896 ο
1795 5864 1907 5928 ιρι.
1951 5880 2096 5928 un,
2141 5862 2224 5917 fl.

1192 5860 1214 5898 δ
1259 5860 1432 5917 Calai.
1471 5880 1516 5928 ι,
1566 5863 1642 5917 ίῖἰ.
1731 5875 1750 5896 τ’
1795 5864 1907 5928 ιρι.
1951 5880 2096 5928 \\ll,
2141 5862 2224 5917 fl.
2315 5865 2330 5903 ί
2379 5865 2497 5920 ΛΜ.
2541 5879 2627 5928 lx,
2665 5863 2748 5919 l3.
