4124 6390
316 408 388 472 49

1190 419 1808 483 INTERPRETATIO
1848 422 2088 485 EPIST.
2139 426 2239 487 AD
2262 428 2444 493 ROM.
2474 431 2632 497 CAP.
2670 437 2719 501 Ι.

3534 450 3604 513 50

310 526 433 599 χείᾳ
494 529 802 601 προφητῶν
863 530 1337 605 λειτουργούντων
1402 536 1481 608 τῷ
1534 537 1724 609 Κυρίῳ
1748 580 1763 601 ,
1821 539 1904 592 καλ

2020 542 2295 612 assumpsi
2325 558 2423 599 eos
2455 555 2501 599 κ.
2550 547 2776 615 ιρυοιιο
2803 552 2967 610 etiam
2998 556 3289 615 manifesta
3312 567 3397 615 est
3426 560 3605 618 Trini-

307 622 717 691 νηστευόντων,
750 618 878 681 εἶπε
911 624 977 679 τδ
1030 625 1261 698 Πνεῦμα
1290 627 1353 682 τὸ
1395 629 1551 698 ἅγιον
1577 646 1593 661 ι
1631 647 1649 681 ι
1700 630 1921 704 Ἀφορί-

309 729 440 765 σατε
480 714 549 787 δή
592 733 689 786 μοι
729 717 823 772 τὸν
868 717 1164 790 Βαρνάϐαν
1207 720 1305 774 καὶ
1346 720 1439 775 τὸν
1469 721 1709 789 Σαῦλον,
1743 724 1822 790 εἰς
1859 724 1921 779 τὸ

305 807 470 877 ὶργον
501 806 532 859 ὃ
576 808 1011 881 προσκέκλημαι
1060 812 1279 879 αὐτούς.
1327 833 1346 866 ι
1391 816 1536 889 Δήλη
1593 817 1773 875 τοίνυν
1824 820 1920 874 καὶ

306 898 563 951 ἐντεῦθεν
595 902 632 969 ἡ
661 900 767 972 τῆς
794 902 1032 973 Τριάδος
1070 905 1274 977 ἰσότης.
1308 908 1421 963 Καὶ
1462 908 1524 963 τὸ
1579 910 1917 981 Εὐαγγέλιον

303 988 378 1050 δὲ,
402 988 505 1043 τοῦ
533 989 682 1045 Θεοῦ
712 992 813 1061 μὲν
842 993 1085 1049 ἐνταῦθα
1114 995 1530 1068 προσηγόρευσε
1551 1013 1564 1027 ·
1611 999 1751 1068 μετά
1785 998 1918 1071 βρα-

302 1076 403 1149 χέα
436 1078 499 1133 δέ
542 1097 687 1152 φησι
728 1080 825 1135 τοῦ
865 1082 1001 1137 Υἰοῦ
1042 1083 1201 1138 τοῦτο
1233 1081 1397 1140 εἶναι.
1432 1087 1599 1157 Λέγει
1641 1086 1697 1141 δὲ
1741 1087 1929 1143 οῦτωο.

299 1169 556 1240 Μάρτυς
605 1171 725 1243 γάρ
762 1191 870 1244 μοι
897 1175 1077 1230 ἐστιν
1117 1180 1151 1231 ὀ
1173 1176 1341 1244 Θεὸς,
1364 1168 1411 1245 ᾧ
1431 1180 1702 1248 λατρεύω
1737 1178 1811 1233 ἐν
1837 1178 1918 1246 τῷ

292 1264 772 1334 ’Πνεῦματιμοω
804 1266 876 1321 ἐν
897 1264 978 1333 τῷ
1007 1269 1356 1339 Εὐαγγελίῳ
1387 1268 1493 1323 τοῦ
1545 1269 1682 1324 Υἱοῦ
1703 1268 1914 1327 αὐτοῦ.

303 1352 498 1409 ταῦτα
540 1355 604 1410 δὲ
644 1356 751 1411 οῦκ
804 1359 931 1430 εἰκῆ
987 1360 1084 1414 καὶ
1144 1360 1324 1432 μάτην
1381 1360 1912 1434 ὲπεσημηνάμηνίθ,

296 1446 441 1500 ἀλλά
466 1447 699 1513 δεικνὺς
732 1450 812 1515 ὡς
853 1449 1173 1524 ἀδιαφόρως
1217 1451 1288 1506 τά
1319 1452 1461 1507 αύτά
1484 1493 1499 1518 ,
1535 1453 1667 1507 ποτὲ
1698 1455 1798 1526 μὲν
1822 1455 1916 1510 ἐπὶ

291 1536 393 1589 τοῦ
436 1538 691 1611 Πατρδς,
730 1541 867 1595 ποτε
912 1542 973 1596 δὲ
1003 1544 1101 1597 ἐπὶ
1138 1542 1232 1597 τοῦ
1278 1543 1410 1599 Υίοῦ
1446 1544 1691 1600 τιθέασιν
1726 1547 1776 1600 οί
1814 1548 1915 1620 τῆς

292 1627 570 1698 ἀληθείας
619 1631 966 1688 διδάσκαλοι.
1015 1634 1391 1705 Εὐαγγέλιον
1436 1636 1493 1690 δὲ
1534 1636 1595 1691 τὸ
1649 1638 1915 1710 κήρυγμα

292 1720 786 1791 προσηγόρευσεν,
827 1724 906 1789 ὠς
952 1725 1171 1780 πολλῶν
1216 1726 1439 1796 ἀγαθῶν
1478 1728 1913 1801 ὑπισχνούμενον

292 1813 599 1882 χορηγίαν.
642 1816 1084 1885 Εὐαγγελίζεται
1130 1819 1240 1891 γὰρ
1272 1819 1373 1884 τὰς
1398 1818 1495 1874 τοῦ
1525 1819 1661 1874 Θεοῦ
1703 1821 1909 1876 καταλ-

2023 631 2214 690 nitatis
2243 637 2552 706 aequalitas.
2601 641 2679 696 Ac
2723 642 2818 698 Dei
2870 646 3092 717 quidem
3134 648 3491 722 Evangelium
3516 654 3606 710 hic

2020 725 2353 794 appellavit;
2396 730 2562 799 paulo
2610 743 2737 803 post
2772 743 2958 793 autem
3002 739 3135 795 dicit
3159 741 3264 797 hoc
3298 759 3423 800 esse
3456 744 3603 801 Filii.

2022 814 2116 872 Sic
2158 818 2306 873 enim
2339 819 2496 887 dicit,
2541 822 2709 880 Testis
2742 835 2819 880 est
2867 830 2997 884 mihi
3029 830 3193 897 Deus,
3238 836 3326 889 cui
3352 838 3521 893 servio
3551 838 3604 893 in

2018 908 2209 978 spiritu
2235 927 2371 976 meo,
2405 913 2459 968 in
2493 911 2779 987 Evangelia
2804 916 2939 975 Filii
2962 920 3099 991 ejus.
3131 922 3257 981 Haec
3281 935 3464 984 autem
3494 943 3604 985 nou

2018 999 2225 1058 frustra
2249 1013 2305 1060 et
2329 1011 2534 1063 temere
2559 1007 2848 1077 adnotavi;
2872 1012 2970 1069 sed
2996 1025 3051 1070 ut
3082 1018 3428 1075 ostenderem
3455 1020 3601 1093 quod

2018 1091 2157 1148 citra
2197 1095 2368 1151 ullum
2409 1098 2709 1157 discrimen
2757 1104 2948 1161 eadem
2981 1106 3280 1180 aliquando
3300 1091 3600 1178 Patri,ﬁali-

2018 1185 2239 1254 quando
2268 1185 2409 1244 Filio
2434 1190 2722 1247 ascribunt
2754 1195 3006 1253 veritatis
3027 1196 3303 1257 doctores.
3328 1199 3601 1258 Praedica-

2018 1275 2226 1333 tionem
2273 1287 2457 1335 autem
2484 1279 2834 1354 Evangetium
2871 1288 3191 1358 appellavit,
3225 1298 3284 1347 ut
3306 1307 3428 1365 quae
3459 1293 3600 1349 mul-

2019 1374 2199 1422 torum
2230 1367 2504 1426 bonorum
2543 1373 2894 1446 largitionem
2932 1381 3302 1452 promitteret.
3337 1382 3600 1441 Felicitcr

2015 1457 2163 1514 enim
2198 1462 2497 1519 annuntiat
2530 1463 2627 1521 Dei
2671 1469 3206 1540 reconciliationem,
3238 1474 3444 1531 diaboli
3483 1476 3600 1533 dis-

2015 1550 2368 1623 solutionem,
2402 1565 2759 1628 peccatorum
2785 1564 3196 1634 remissionem,
3232 1569 3428 1626 mortis
3485 1584 3603 1627 ces-

2014 1644 2311 1729 sationem,
2347 1664 2379 1703 a
2410 1653 2645 1710 mortuis
2692 1661 3187 1729 resurrectionem,
3238 1663 3401 1719 vitam
3443 1671 3603 1720 aster—

2014 1752 2163 1803 nam,
2186 1724 2257 1794 ’ἐι
2308 1755 2539 1813 regnum
2589 1746 2881 1807 C(elorum.
2931 1750 3068 1808 Cum
3120 1763 3301 1810 autem
3367 1754 3601 1813 dixisset

2013 1825 2234 1917 divinus
2267 1830 2593 1903 Apostolus,
2648 1852 2710 1894 se
2768 1838 2875 1913 ιι
2931 1840 3103 1899 fuisse
3159 1852 3508 1917 segregatum
3541 1846 3597 1900 in

288 1901 477 1969 ὶαγάς
500 1944 519 1969 ,
564 1905 675 1976 τὴν
710 1906 810 1960 τοῦ
836 1907 1090 1961 διαϐόλου
1121 1909 1451 1976 κατάλυσιν,
1499 1910 1611 1965 τῶν
1645 1911 1901 1983 ἁμαρτη-

2005 1901 2360 1992 Evangelium
2391 1922 2509 1991 Dei,
2538 1925 2660 1997 ejus
2708 1901 2894 1985 sta—tim
2940 1938 3069 1988 ante
3121 1901 3587 2006 omniavantiqui-

291 1992 490 2061 μάτων
535 1995 642 2068 τὴν
689 1999 922 2068 ἄφεσιν,
967 1997 1063 2053 τοῦ
1100 1998 1332 2055 θανάτου
1366 2001 1466 2073 τὴν
1496 2000 1745 2068 παῦλαν,
1794 2002 1905 2057 τῶν

286 2083 515 2153 νεκρῶν
555 2086 664 2158 τὴν
707 2088 1044 2156 ἀνάστασιν,
1091 2090 1193 2163 τὴν
1220 2090 1366 2163 ζωὴν
1396 2091 1495 2162 τὴν
1522 2090 1764 2158 αἰώνιον,
1806 2092 1907 2165 τὴν

2013 2018 2181 2067 tatem
2238 2016 2505 2081 ostendit,
2542 2034 2613 2075 ne
2660 2020 2868 2082 stultus
2924 2021 3065 2079 forte
3106 2024 3381 2100 quispiam
3421 2026 3477 2082 id
3510 2043 3591 2084 re-

2012 2102 2231 2160 centius
2261 2115 2525 2177 reputans
2554 2109 2830 2180 rejiceret,
2863 2121 2946 2197 ,ει
2983 2114 3122 2170 dicit
3149 2134 3162 2173 :

289 2173 588 2242 βασιλείαν
660 2179 775 2234 τῶν
818 2181 1092 2254 οὐρανῶν.
1167 2182 1224 2237 '0
1271 2182 1327 2236 δὲ
1377 2181 1521 2247 θεῖος
1584 2183 1908 2249 Ἀπόστολος
1969 2191 2207 2265 εἰρηκὼς
2257 2173 2338 2261 ὡς
2379 2173 2667 2275 ἀφωρίσθη
2710 2204 2791 2269 είς
2817 2173 3168 2275 ’έύαγγέλιον
3220 2206 3385 2272 Θεοῦ,
3430 2208 3592 2275 εὐθὺς

286 2268 469 2323 αὐτοῦ
510 2268 625 2344 πρὸ
663 2271 890 2343 πάντων
927 2272 1028 2345 τὴν
1061 2274 1404 2346 ἀρχαιότητα
1445 2274 1720 2331 δείκνυσιν
1745 2317 1761 2343 ,
1814 2277 1903 2332 ἵνα
1944 2282 2018 2355 μή
2045 2299 2129 2349 τις
2151 2287 2259 2340 τῶν
2280 2268 2525 2362 ἀνοήτων
2545 2292 2620 2358 ὡς
2655 2268 2941 2368 *νεώτερον
2963 2268 3283 2371 ἀποκρίνας
3330 2268 3592 2376 ἐκϐάλλῃ,

286 2360 390 2414 καί
416 2378 597 2431 φησιν
621 2378 636 2393 ⁸

362 2455 431 2525 β’.
457 2457 535 2510 Ὃ
557 2459 1087 2529 προεπηγγείλατο
1106 2459 1206 2515 διὰ
1231 2460 1349 2516 τῶν
1367 2460 1689 2532 προφητῶν
1712 2462 1927 2525 αὑτοῦ,

288 2547 359 2601 ἐγ
379 2549 672 2619 Γραφαῖς
704 2550 927 2619 ἁγίαις.
962 2552 1077 2623 Πλή
1088 2569 1189 2624 ρης
1214 2555 1325 2625 γὰρ
1349 2556 1383 2627 ή
1415 2555 1630 2610 Παλαιὰ
1654 2555 1902 2628 Διαθήκη

285 2640 401 2694 τῶν
448 2643 592 2712 περὶ
642 2642 749 2695 τοῦ
779 2642 991 2715 Κυρίου
1051 2646 1434 2718 προρρήσεων.
1495 2647 1570 2701 Τὸ
1611 2647 1669 2701 δὲ
1705 2648 1903 2718 ἁγίαις

286 2735 391 2805 οὐχ
436 2734 641 2800 ἁπλῶς
694 2735 970 2791 τέθεικεν.
1038 2738 1200 2792 Ἀλλά
1228 2739 1446 2810 πρῶτον
1490 2743 1590 2813 μὲν
1632 2742 1901 2797 διδάσκων

282 2828 363 2891 ὡς
385 2828 487 2882 καὶ
512 2827 623 2899 τὴν
663 2828 917 2884 Παλαιὰν
946 2828 1101 2885 θείαν
1125 2828 1235 2885 οἶδε
1265 2832 1493 2905 Γραφήν
1512 2851 1527 2865 ο
1558 2830 1679 2888 εἶτα
1713 2830 1899 2906 πᾶσαν

286 2920 617 2990 ἀποκρίνων
654 2919 758 2992 τὴν
786 2920 1098 2993 ἀλλοτρίαν.
1133 2925 1287 2995 Μόνη
1331 2925 1441 2997 γὰρ
1476 2927 1510 2997 ἠ
1542 2925 1901 2993 θεόπνευστος

284 3009 481 3082 Γραφὴ
515 3011 584 3065 τὺ
610 3012 898 3084 ὠφέλιμον
942 3013 1079 3086 ἔχει.
1116 3014 1281 3085 Λέγει
1317 3015 1376 3070 δὲ
1408 3017 1625 3091 καὶτῆς
1655 3016 1897 3090 ἐπαγγεὲ

285 3101 404 3167 λίας
430 3102 500 3157 τὸ
530 3097 705 3166 εἶδος.

350 3201 425 3265 γ’.
461 3196 613 3265 Περὶ
666 3196 782 3251 τοῦ
831 3196 971 3252 Υἱοῦ
1002 3198 1229 3266 αὑτοῦ,
1282 3199 1391 3255 τοῦ
1442 3200 1773 3271 γενομένου
1822 3202 1893 3257 ἐκ

2081 2462 2247 2521 Vens.
2280 2468 2336 2524 2.
2378 2469 2532 2538 Quod
2560 2482 2682 2529 ante
2707 2476 3023 2544 promiserat
3051 2495 3144 2550 per
3161 2483 3443 2552 prophetas
3464 2504 3589 2546 suos

2007 2556 2069 2617 in,
2087 2556 2377 2629 Scripturis
2395 2564 2614 2620 sanctis.
2649 2565 2881 2623 Plenum
2918 2579 3005 2627 est
3031 2572 3179 2628 enim
3208 2572 3380 2633 Vetus
3404 2577 3591 2638 Testa-

2007 2659 2255 2706 mentum
2283 2655 2737 2724 prazdictionibus
2759 2658 2998 2718 Domini.
3022 2662 3234 2721 Sanctis
3265 2678 3447 2727 autem
3476 2688 3587 2730 non

2008 2746 2216 2798 temere
2249 2745 2527 2815 apposuit.
2561 2748 2669 2803 Sed
2695 2749 2935 2820 primum
2978 2754 3222 2824 quidem,
3265 2768 3324 2815 ut
3362 2761 3588 2819 doceret

2007 2846 2069 2888 se
2109 2834 2273 2889 etiam
2306 2845 2548 2893 veterem
2583 2837 2926 2912 Scripturam
2984 2843 3227 2903 divinam
3261 2852 3582 2922 agnoscere;

2000 2923 2205 2982 deinde
2236 2926 2429 2994 etiam,
2462 2936 2525 2984 ut
2558 2946 2775 2988 omnem
2808 2934 3045 2992 alienam
3085 2940 3422 3002 excluderet.
3456 2945 3581 3004 Sola

1999 3013 2148 3070 enim
2203 3030 2234 3071 a
2286 3017 2398 3076 Deo
2441 3019 2713 3092 inspirata
2743 3023 3032 3097 Scriptura
3076 3030 3373 3089 utilitatem
3424 3037 3480 3091 in
3523 3054 3583 3095 se

1997 3104 2267 3162 continet.
2301 3105 2420 3163 Jam
2470 3126 2601 3166 vero
2638 3112 2776 3170 dicit
2809 3117 2974 3174 etiam
3010 3125 3266 3191 promissi
3314 3128 3576 3197 speciem.

2066 3195 2232 3255 Vens.
2262 3199 2316 3255 5.
2348 3199 2422 3256 De
2449 3199 2594 3259 Filio
2617 3222 2732 3275 suo,
2754 3209 2843 3278 qui
2858 3209 3035 3278 factus
3060 3222 3138 3268 est
3165 3230 3230 3270 ea:
3252 3195 3449 3274 semine
3470 3218 3581 3276 Da—

284 3286 645 3358 σπέρματος
673 3288 859 3343 Δαϐίό
884 3288 1043 3375 ,κατὰ
1075 3289 1307 3358 σάρκα.
1328 3290 1430 3345 Διά
1463 3292 1703 3359 πάντων,
1736 3292 1894 3384 φησι,

2003 3287 2131 3345 vidis
2183 3294 2469 3350 secundum
2518 3277 2900 3358 carnem.rPer
2944 3319 3161 3372 omnes,
3206 3308 3406 3381 inquit,
3450 3328 3581 3384 pro-

283 3378 392 3432 τῶν
428 3380 749 3451 προφητῶν
792 3370 1023 3454 τάπερὶ
1061 3381 1160 3435 τοῦ
1190 3381 1324 3435 Υίοῦ
1360 3382 1763 3453 προεθέσπισεν
1787 3402 1802 3418 ο
1836 3383 1896 3448 δς

286 3470 345 3535 ἐξ
374 3470 553 3545 αὐτοῦ
586 3471 757 3539 φύσει
803 3470 912 3543 πρὸ
939 3472 1050 3527 τῶν
1074 3472 1288 3528 αἰώνων
1326 3473 1725 3545 γεγεννημένος
1748 3513 1764 3540 ,
1802 3475 1895 3529 καὶ

286 3562 373 3616 τοῦ
395 3541 572 3617 Δαϐὶδ
608 3562 732 3627 uio;
761 3541 1160 3634 ἐχρημάτισεν,
1181 3564 1257 3628 ὡς
1287 3541 1352 3620 ἐκ
1381 3541 1704 3636 σπέρματος
1728 3566 1896 3620 Δαϐὶδ

288 3654 379 3726 τὴν
412 3654 783 3726 ἀνθρωπείαν
814 3655 979 3726 φύσιν
1006 3655 1315 3714 ἀναλαϐών.
1350 3656 1459 3711 Τοῦ
1496 3657 1682 3728 μέντοι
1727 3657 1895 3712 Δαϐὶδ

293 3747 705 3818 μνημονεύσας,
728 3747 870 3817 ἄγαν
890 3747 1212 3827 ἀναγκαίως
1235 3748 1295 3803 τὸ
1320 3749 1473 3804 κατὰ
1501 3747 1701 3819 σάρκα
1722 3765 1894 3821 προσ-

288 3839 528 3893 τέθεικεν
557 3855 575 3869 ·
613 3839 707 3894 ἵνα
746 3839 824 3910 μὴ
852 3838 1017 3908 φύσει
1047 3839 1147 3912 μὲν
1169 3839 1265 3893 τοῦ
1298 3838 1464 3894 Δαϐὶδ
1493 3839 1609 3903 υίὸς
1632 3837 1892 3911 νομισθῇ,

286 3930 424 3985 κατᾶ
460 3933 634 4002 χάριν
661 3930 726 3984 δὲ
765 3929 863 3985 τοῦ
887 3929 1048 3985 Θεοῦ.
1104 3931 1172 3984 ἰι
1206 3930 1316 4003 γὰρ
1365 3929 1479 4012 τοῦ
1510 3930 1661 3986 κατὰ
1696 3930 1895 4000 σάρκα

286 4023 602 4096 προσθήκη,
642 4024 954 4078 αἰνίττεται
983 4024 1061 4088 ὡς
1102 4024 1198 4079 τοῦ
1224 4022 1363 4078 Θεοῦ
1399 4025 1493 4079 καὶ
1526 4024 1745 4096 Πατρὸς
1778 4023 1895 4089 υἱός

286 4117 431 4169 ἐστιν
460 4115 699 4187 ἀληθῶς
743 4116 886 4169 κατά
919 4115 1018 4188 τὴν
1047 4114 1300 4187 θεότηνα.
1336 4115 1474 4170 Οὐδὲ
1506 4115 1617 4188 γὰρ
1663 4115 1758 4169 ἐπὶ
1782 4115 1894 4171 τῶν

282 4206 440 4260 τοῦτο
475 4206 647 4277 μόνον
679 4206 856 4260 ὄντων
899 4206 1040 4278 ὅπερ
1091 4206 1359 4278 ὁρῶνται,
1408 4205 1557 4261 ἔστιν
1608 4207 1788 4278 εὑρεῖν
1833 4203 1895 4260 τδ

282 4300 434 4353 κατὰ
482 4298 699 4367 σάρκα
758 4299 1181 4371 προσκείμενον.
1225 4301 1336 4355 Καὶ
1379 4300 1593 4372 μάρτυς
1631 4301 1661 4355 ό
1712 4300 1891 4373 μακά-

284 4407 397 4462 ρλος
460 4391 761 4454 Ματθαῖος
823 4392 852 4443 ό
904 4390 1319 4464 εύαγγελιστής.
1396 4389 1660 4463 Εἰρηκὼς
1737 4390 1888 4465 γάρ·

289 4501 309 4534 ι
347 4483 621 4553 Ἀϐρααμ
662 4482 929 4551 ἐγέννησε
969 4482 1064 4537 τὸν
1093 4482 1300 4549 Ἰσαὰκ,
1333 4481 1524 4538 Ἰσαάκ
1553 4482 1609 4536 δὲ
1629 4482 1890 4554 ἐγέννησε

283 4572 371 4627 τὴν
404 4573 638 4640 Ἰακὼϐ,
685 4572 889 4627 Ἰακὼϐ
940 4573 997 4627 δὲ
1023 4573 1281 4646 ἐγέννησε
1316 4573 1409 4629 τὸν
1447 4575 1653 4674 Ἰούδαν
1676 4594 1760 4674 ,ηι
1793 4574 1890 4674 καὶ.
1918 4614 1967 4674 D

284 4666 464 4720 πᾶσαν
506 4665 718 4737 ἐφεξῆς
766 4665 867 4738 τὴν
906 4665 1262 4736 γενεαλογίαν
1293 4665 1615 4733 διεξελθὼν,
1649 4665 1887 4739 οὐδαμοῦ

282 4758 343 4810 τὸ
378 4758 536 4813 κατὰ
586 4757 797 4826 σάρκα
847 4756 1264 4828 προστέθεικεν.
1318 4758 1432 4829 Οὐχ
1477 4758 1719 4829 ἥρμοττε
1778 4757 1889 4829 γὰρ

285 4850 471 4913 αύτοῖς
510 4848 833 4921 ἀνθρώποις
877 4845 1033 4903 οὖσιν
1071 4850 1104 4920 ἠ
1153 4849 1380 4918 τοιαύτη
1426 4849 1736 4922 προσθήκη.
1773 4849 1891 4903 Ἐν·
1928 4908 1932 4911 ,

281 4941 567 5003 ταῦθαδὲ,
617 4940 810 5013 ἐπειδὴ
855 4942 956 4995 οὐκ
990 4940 1279 5013 ἄνθρωπος
1316 4941 1478 5013 μόνον
1528 4940 1701 5006 ἐστὶν,
1753 4940 1892 4996 ἀλλά

283 5035 375 5087 καὶ
407 5034 550 5097 Θεὸς
584 5033 922 5105 semanimo;
950 5035 979 5088 ό
1016 5033 1450 5106 ὲνανθρωπήσας
1499 5032 1634 5098 Θεὸς
1693 5033 1887 5102 Λόγος,

281 5127 372 5179 τοῦ
402 5126 737 5199 σπέρματος
763 5126 858 5180 τοῦ
887 5126 1053 5180 Δαϐὶδ
1079 5125 1466 5199 μνημονεύσας
1502 5126 1530 5180 ό
1563 5125 1706 5189 θεῖος
1728 5126 1891 5181 ’Λπό⁴

284 5221 509 5285 stolae,
557 5217 886 5289 ἀναγκαίως
939 5219 1002 5273 τὸ
1046 5218 1200 5273 κατὰ
1249 5217 1455 5287 σάρκα
1507 5218 1890 5290 προστέθεικε,

282 5312 475 5382 σαφῶς
510 5314 669 5384 ἡμᾶς
701 5312 956 5378 διδάξας,
992 5312 1112 5376 πῶς
1144 5311 1244 5383 μὲν
1275 5311 1407 5375 rw;
1451 5309 1571 5364 ἐστι
1602 5306 1696 5363 τοῦ
1728 5309 1888 5377 Θεοῦ,

282 5402 397 5467 ’.πῶς
423 5402 485 5456 δὲ
510 5401 611 5455 τοῦ
640 5399 811 5454 Δαϐὶδ
839 5402 1200 5473 ἐχρημάτισε.

351 5585 381 5625 ε
418 5585 540 5638 Act.
589 5598 718 5647 xm,
751 5583 807 5638 2.
884 5585 915 5625 ιι
957 5581 1151 5638 Matth.
1185 5598 1239 5650 l,
1270 5583 1305 5638 2
1336 5599 1491 5657 seqq.

1997 3380 2191 3453 pbctas
2240 3382 2385 3442 Deus
2430 3386 2591 3444 Pater
2648 3392 2902 3461 praedixit
2940 3410 3064 3466 quae
3094 3396 3163 3455 de
3199 3380 3343 3461 Filio.
3391 3380 3578 3460 futura

1996 3481 2156 3529 erant
2191 3493 2206 3531 :
2261 3478 2357 3548 qui
2389 3478 2458 3535 ab
2484 3495 2551 3537 eo
2584 3489 2784 3539 natura
2831 3486 3052 3556 genitus
3091 3498 3219 3547 ante
3254 3494 3478 3561 sarcula,
3516 3495 3579 3550 ti-

1996 3563 2110 3623 lius
2168 3569 2336 3624 etiam
2390 3569 2615 3631 Davidis
2666 3576 2973 3648 appellatus
3019 3589 3128 3648 est,
3163 3590 3225 3640 ut
3267 3587 3361 3657 qui
3392 3603 3459 3643 ex
3487 3603 3578 3646 sc-

1995 3664 2145 3719 mine
2191 3664 2415 3722 Davidis
2465 3669 2759 3735 humanam
2809 3683 3061 3754 naturam
3110 3682 3405 3754 acceperit.
3439 3684 3576 3741 Cum

1996 3751 2183 3824 itaque
2250 3756 2511 3814 Davidem
2578 3751 2942 3830 meminisset,
2993 3751 3309 3828 necessario
3366 3775 3578 3833 addidit

1994 3842 2281 3898 secundum
2312 3861 2523 3902 carnem
2546 3863 2566 3903 :
2598 3864 2669 3906 ne
2693 3861 2889 3909 natura
2918 3856 3143 3926 quidem
3177 3860 3322 3918 ﬁlius
3351 3862 3578 3923 Davidis

1995 3935 2430 4005 existimaretur,
2478 3937 2574 3995 Dei
2618 3948 2803 3998 autem
2853 3946 3158 4003 secundum
3194 3953 3450 4021 gratiam.
3475 3957 3577 4014 llla

1993 4026 2140 4081 enim
2176 4027 2413 4097 adjectio
2435 4032 2719 4085 serundum
2739 4048 2995 4090 carnem:
3025 4037 3204 4093 innuit
3225 4041 3371 4111 quod
3399 4041 3495 4099 Dei
3522 4055 3578 4101 et

1992 4112 2175 4171 Patris
2201 4131 2328 4172 vere
2356 4126 2441 4174 est
2464 4117 2638 4176 Filius
2659 4123 2967 4181 secundum
2996 4125 3345 4187 divinitatem
3388 4131 3577 4207 Neque

1994 4206 2142 4262 enim
2186 4207 2244 4263 in
2284 4208 2374 4277 iis,
2406 4210 2503 4282 qui
2543 4211 2596 4269 id
2624 4221 2755 4270 sunt
2786 4217 2965 4273 solum
2997 4220 3144 4290 quod
3184 4222 3460 4291 videntur,
3486 4206 3578 4285 est

1995 4297 2244 4361 invenire
2268 4300 2544 4373 adjectum
2594 4304 2734 4362 illud
2785 4310 3071 4365 secundum
3093 4328 3327 4373 carnem.
3351 4320 3370 4341 ‘
3395 4316 3577 4376 Testis

1993 4397 2080 4447 est
2110 4391 2310 4448 beatus
2340 4392 2629 4453 Mattliaaus
2662 4397 3034 4474 Evangelista.
3060 4403 3198 4461 Cum
3228 4409 3373 4465 enim
3405 4410 3579 4471 dixis-

1995 4488 2100 4549 set,
2130 4500 2150 4535 ι
2187 4482 2465 4542 Abraham
2510 4491 2702 4560 genuit
2738 4490 3012 4563 lsaacum,
3038 4493 3195 4554 Isaac
3243 4510 3425 4558 autem
3483 4521 3577 4576 ge-

1994 4571 2113 4628 nuit
2161 4571 2453 4644 Jacobum,
2504 4576 2682 4635 Jacob
2746 4590 2927 4638 autem
2980 4586 3171 4656 genuit
3218 4585 3413 4643 Judam
3459 4571 3511 4658 ιι,
3550 4612 3569 4643 ι

1990 4668 2046 4717 et
2071 4676 2289 4718 omnem
2330 4664 2594 4736 deinceps
2624 4670 3003 4744 genealogiam
3046 4682 3196 4731 esset
3225 4686 3570 4747 persecutus,

1989 4767 2265 4825 nusquam
2323 4754 2558 4824 addidit,
2606 4760 2891 4816 secundum
2942 4780 3175 4824 carnem.
3204 4766 3390 4841 Neque
3426 4773 3571 4829 enim

1990 4845 2124 4909 illis,
2150 4846 2246 4918 qui
2275 4858 2436 4906 erant
2465 4850 2570 4921 ipsi
2595 4849 2871 4923 homines,
2902 4855 3175 4929 ejusmodi
3211 4865 3573 4922 conveniebat

1989 4934 2219 4992 additio.
2246 4935 2348 4994 Hic
2384 4954 2536 5007 vero,
2565 4943 2828 5013 quoniam
2878 4962 2988 5004 non
3048 4950 3224 5008 solum
3272 4954 3435 5010 homo
3466 4969 3570 5022 est,

1991 5026 2090 5083 sed
2122 5034 2177 5084 et
2205 5029 2352 5085 Deus
2375 5038 2502 5088 ante
2530 5035 2754 5103 saacula,
2780 5038 2874 5108 qui
2910 5039 3013 5111 15
3049 5040 3213 5101 homo
3254 5043 3429 5104 factus
3468 5057 3570 5115 est,

1993 5116 2233 5175 Verbum
2285 5119 2451 5190 Deus,
2505 5138 2629 5181 cum
2689 5130 2921 5187 seminis
2952 5131 3174 5192 Davidis
3235 5138 3574 5198 meminisset

1994 5210 2213 5267 divinus
2239 5211 2557 5287 Apostolus,
2585 5221 2869 5275 secundum
2896 5237 3105 5279 carnem
3132 5229 3449 5287 necessario
3476 5232 3574 5289 ad-

1992 5304 2154 5370 didit,
2187 5319 2290 5362 nos
2332 5314 2527 5379 aperte
2561 5308 2767 5368 docens
2811 5315 3087 5383 quomodo
3116 5317 3211 5375 Dei
3240 5320 3460 5393 quidem
3500 5326 3591 5393 sit,

1996 5393 2195 5464 Filius,
2228 5397 2508 5467 quomodo
2543 5407 2724 5457 autem
2758 5401 2905 5461 ﬁlius
2925 5402 3153 5467 Davidis
3172 5409 3363 5471 dictus
3388 5414 3484 5474 sit.

1580 5740 1812 5800 ".XRIIE
1854 5741 2257 5802 LECTIONES.

353 5857 392 5888 "
425 5859 463 5913 Β
485 5857 956 5933 ἐπεσημανάμην.
