4124 6426
511 470 580 537 at
1482 474 1972 535 THEODORE’I‘I
2004 477 2343 536 EPISCOPI
2376 456 2744 535 clamas
3701 469 3779 537 σε

583 579 749 637 Vens.
789 580 841 634 ι.
874 580 977 644 Qui
1005 579 1411 642 ,nwdestinatus
1439 583 1543 652 fuit
1564 581 1738 639 Filius
1771 586 1867 640 Dei
1892 586 1945 638 in
1978 586 2082 639 vir-

2265 584 2330 639 δ’.
2363 585 2472 639 Τοῦ
2498 584 2846 651 ὁρισθέντος
2882 581 3017 635 Υίοῦ
3048 582 3195 634 Θεοῦ
3220 582 3287 635 ἐν
3308 580 3580 651 δυνάμει,
3619 584 3777 639 κατὰ

513 681 624 729 tute
648 672 932 728 secundum
955 671 1215 741 Spiritum
1254 676 1728 745 sanctiﬁcationis,
1752 692 1817 731 ex
1841 694 2093 732 resurrec-

513 766 655 819 tione
684 774 1015 819 mortuorum
1068 763 1197 821 Iesu
1224 765 1427 822 Christi
1469 768 1681 823 Domini
1733 771 1919 824 nostri.
1958 774 2094 825 Ante

511 872 734 913 crucem
767 858 986 928 quidem
1030 867 1083 913 et
1122 859 1461 927 passionem,
1499 859 1768 917 Dominus
1814 859 2091 930 Christus,

516 964 626 1003 non
653 948 830 1004 solum
865 950 989 1004 aliis
1010 948 1239 1013 Iudaeis,
1279 950 1373 1005 sed
1414 951 1552 1021 ipsis
1595 953 1763 1006 etiam
1798 955 2090 1024 apostolis,

511 1055 625 1097 non
679 1040 970 1096 videbatur
999 1058 1122 1099 esse
1147 1041 1313 1098 Deus.
1349 1039 1785 1099 Oﬂ‘cndebantur
1829 1046 1974 1101 enim
2006 1062 2092 1102 re-

511 1133 616 1189 bus
647 1132 923 1200 humanis,
957 1147 1084 1188 cum
1114 1148 1239 1189 eum
1273 1134 1674 1200 comedentem,
1708 1143 1760 1191 et
1795 1136 2093 1200 bibentem,

510 1234 567 1276 ct
602 1222 990 1290 dormientem,
1018 1240 1081 1281 ac
1105 1224 1387 1281 defessum
1424 1224 1677 1281 viderent
1724 1247 1736 1282 :
1786 1238 1838 1282 et
1875 1243 1945 1283 ne
1977 1226 2094 1297 ipsa

510 1314 733 1385 quidem
774 1316 1047 1372 miracula
1080 1332 1175 1373 eos
1221 1317 1287 1373 ad
1325 1318 1467 1372 hanc
1511 1318 1823 1388 opinionem
1859 1319 2098 1374 adduce-

512 1407 669 1463 bant.
709 1404 899 1478 Itaque
929 1423 1057 1463 cum
1109 1409 1245 1464 illud
1277 1408 1423 1479 quod
1478 1409 1534 1463 in
1592 1410 1729 1463 mari
1778 1409 1982 1465 factum
2015 1422 2098 1465 εει

512 1499 838 1555 miraculum
878 1499 1170 1568 vidissent,
1214 1501 1519 1557 dicebant:
1564 1519 1582 1551 ι
1629 1494 1823 1567 Qualis
1866 1509 1952 1557 est
2008 1501 2098 1555 hic.

514 1592 720 1647 homo?
748 1594 878 1665 quia
917 1602 972 1651 et
1025 1609 1175 1651 mare
1220 1603 1274 1651 et
1314 1596 1458 1649 venti
1506 1593 1775 1651 obediunt
1804 1594 1852 1650 ei
1892 1594 1937 1650 i.
1974 1614 1993 1646 ι
2033 1593 2099 1649 Et

511 1690 810 1756 propterea
829 1686 1092 1742 Dominus
1106 1686 1188 1743 eis
1209 1688 1374 1744 etiam
1394 1686 1614 1742 dicebat
1637 1705 1649 1741 ε
1681 1705 1697 1736 ι
1725 1683 1909 1742 Habeo
1928 1687 2098 1741 multa

511 1777 671 1834 VHDIS
730 1777 937 1843 dicere,
999 1779 1098 1835 sed
1162 1795 1272 1836 non
1340 1780 1571 1850 potestis
1627 1786 1847 1849 portare
1911 1780 2095 1835 modo.

512 1867 747 1933 Quando
777 1876 962 1926 autem
1014 1872 1232 1927 venerit
1264 1871 1380 1937 ille,
1417 1870 1663 1941 Spiritus
1695 1873 1963 1931 veritatis.
2006 1873 2098 1926 ille

2196 675 2441 743 Πνεῦμα
2507 674 2871 744 ἁγιωσύνης,
2949 671 3019 736 ἐξ
3090 672 3485 737 ἀναστάσεως
3546 671 3779 741 νεκρῶν

2210 768 2420 836 Ἰησοῦ
2479 768 2737 835 Χριστοῦ
2796 766 3017 834 Κυρίου
3092 764 3280 835 ἡμῶν.
3346 764 3459 835 Πρὸ
3522 765 3620 835 μὲν
3685 764 3785 818 τοῦ

2199 858 2436 933 σταυροῦ
2468 860 2564 914 καὶ
2620 858 2714 913 τοῦ
2770 858 2989 923 πάθους,
3040 861 3069 912 ὁ
3116 859 3396 929 Δεσπότης
3439 857 3671 928 Χριστὸς
3719 857 3781 909 οὑ

2201 955 2361 1026 μόνον
2390 954 2506 1016 τοῖς
2549 951 2732 1015 ἄλλοις
2777 950 3078 1017 Ἰουδαίοις,
3121 950 3256 1005 ἀλλά
3294 951 3388 1003 καὶ
3444 951 3626 1013 αὑτοῖς
3670 949 3783 1010 τοῖς

2198 1044 2524 1108 ἀποστόλοις
2545 1044 2646 1102 οὑκ
2676 1042 2850 1098 ἐδόκει
2902 1037 3041 1097 εἶναι
3073 1041 3225 1105 Θεὸς.
3272 1041 3643 1113 Προσέπταιον
3672 1039 3783 1109 γὰρ

2196 1139 2311 1201 τοῖς
2335 1134 2719 1208 ἀνθρωπίνοις,
2747 1133 2998 1189 ἐσθίοντά
3024 1152 3083 1188 τε
3114 1134 3211 1188 καὶ
3241 1134 3484 1199 πίνοντα,
3510 1133 3604 1185 καὶ
3650 1132 3780 1185 καθ-

2200 1228 2443 1293 εύδοντα,
2465 1226 2559 1279 καὶ
2582 1225 2865 1279 κοπιῶντα
2884 1224 3170 1294 θεώμενοι,
3187 1224 3279 1277 καὶ
3301 1225 3420 1276 οὑδὲ
3439 1225 3508 1275 τὰ
3528 1222 3783 1292 θαύματα
3846 1284 3855 1291 θ

2198 1320 2394 1381 αὐτοὺς
2436 1318 2572 1389 πρὸς
2615 1318 2819 1387 ταύτην
2875 1317 3130 1385 ἐποδήγει
3186 1317 3286 1388 τὴν
3337 1315 3516 1380 δόξαν.
3577 1314 3782 1368 Αὑτίκα

2198 1411 2380 1464 τοίνυν
2431 1410 2493 1462 τὸ
2553 1408 2698 1462 κατά
2753 1409 2854 1479 τὴν
2892 1409 3164 1463 θάλατταν
3216 1408 3543 1479 θεασάμενοι
3598 1406 3784 1478 θαῦμα

2200 1504 2385 1571 ἔλεγον
2416 1522 2429 1533 ·
2472 1522 2490 1553 ι
2517 1501 2769 1565 Ποταπός
2795 1503 2944 1555 ἐστιν
2971 1496 3126 1565 οὗτος
3164 1503 3192 1555 ὁ
3215 1501 3525 1571 ἄνθρωπος,
3573 1501 3655 1554 ὅτι
3692 1502 3785 1560 καὶ

2201 1597 2233 1666 ή
2281 1595 2524 1649 θάλασσα
2556 1595 2650 1647 καὶ
2678 1595 2729 1648 οἱ
2761 1594 2954 1663 ἄνεμοι
2990 1593 3358 1647 ὑπακούουσιν
3385 1592 3567 1663 αὑτῷ;
3602 1612 3620 1643 ι
3687 1594 3785 1645 Διί

2200 1706 2283 1741 τοι
2313 1687 2472 1740 τοῦτο
2505 1687 2602 1740 καὶ
2639 1688 2667 1739 ὁ
2698 1685 2905 1759 Κύριος
2927 1685 3084 1754 ἔλεγε
3114 1685 3251 1758 πρὸς
3281 1684 3480 1749 αὑτούς
3506 1700 3521 1714 ·
3558 1705 3575 1736 ι
3606 1684 3783 1738 Πολλᾶ

2201 1781 2311 1851 ἔχω
2337 1780 2516 1847 λέγειν
2547 1779 2698 1849 ὑμῖν,
2730 1778 2848 1831 ἀλλ’
2893 1779 2952 1831 οὑ
3002 1777 3232 1831 δύνασθε
3281 1767 3573 1848 βαστάζειν
3616 1776 3739 1844 ἄρτι
3769 1790 3780 1802 ·

2200 1873 2327 1926 ὅταν
2382 1871 2437 1925 δὲ
2493 1870 2621 1941 ἔλθῃ
2679 1871 2905 1934 ἐκεῖνος,
2956 1869 3017 1924 τὸ
3069 1868 3296 1939 Πνεῦμα
3344 1868 3445 1939 τῆς
3504 1866 3783 1937 ἀληθείας,

516 1976 613 2018 vos
650 1961 887 2019 deducet
931 1963 988 2018 in
1038 1978 1257 2018 omnem
1295 1964 1580 2020 veritatem
1616 1963 1661 2019 i.
1701 1984 1720 2017 ι
1755 1963 1819 2018 Et
1854 1980 2049 2020 rursus
2083 1978 2097 2014 :

2205 1965 2412 2027 ἐκεῖνος
2462 1964 2608 2032 ὑμᾶς
2638 1962 2895 2033 ὁδηγήσει
2947 1962 3029 2024 εἰς
3088 1961 3272 2014 πᾶσαν
3298 1960 3399 2030 τὴν
3429 1958 3709 2029 ἀλήθειαν.
3759 1976 3778 2008 ι

518 2074 537 2105 ι
583 2051 779 2111 Sedete
820 2055 912 2110 hic
942 2058 998 2111 in
1032 2055 1135 2112 hac
1166 2054 1410 2125 civitate,
1434 2055 1612 2112 donec
1654 2055 1836 2112 induti
1880 2055 2100 2111 fueritis

514 2147 816 2217 potentiam
846 2163 912 2203 ex
938 2148 1072 2212 alto,
1114 2163 1241 2203 cum
1275 2148 1489 2204 venerit
1514 2148 1755 2219 Spiritus
1784 2156 2013 2203 sanctus
2043 2146 2099 2200 in

510 2253 612 2295 vos
645 2237 695 2292 ι.
733 2257 754 2292 ι
799 2237 941 2295 Ante
976 2238 1290 2311 passionem
1329 2254 1463 2311 ergo
1494 2239 1777 2296 habebant
1824 2238 2099 2312 ejusmodi

512 2332 584 2386 de
604 2344 674 2387 eo
702 2329 1016 2401 opiniones.
1042 2331 1344 2403 Postquam
1372 2339 1558 2387 autem
1586 2332 1915 2397 resurrexit,
1940 2339 1995 2387 et
2030 2329 2101 2387 ad

514 2423 690 2479 oculos
719 2423 996 2489 ascendit,
1027 2432 1082 2479 et
1124 2431 1351 2480 sanctus
1387 2421 1632 2495 Spiritus
1681 2424 1849 2485 venit,
1877 2430 1935 2479 et
1977 2430 2103 2494 post

513 2516 697 2574 munis
740 2517 959 2588 generis
1002 2520 1290 2584 miracula,
1325 2534 1448 2589 qua:
1503 2517 1802 2574 venerabili
1834 2517 1954 2588 ejus
2000 2531 2102 2572 no-

511 2607 663 2667 mine
700 2608 961 2665 invocato
1005 2609 1366 2681 peragebant,
1400 2617 1746 2681 agnoverunt
1781 2623 1973 2664 omnes
2006 2607 2098 2679 qui

512 2697 885 2766 crediderant,
922 2714 1048 2755 eum
1084 2714 1211 2755 esse
1244 2698 1466 2766 'Deum,
1511 2710 1567 2756 et
1599 2699 1695 2756 Dei
1752 2699 2100 2771 unigenitum

513 2790 741 2857 Filium.
772 2788 890 2848 Hoc
936 2806 1070 2865 ergo
1097 2791 1190 2847 hic
1216 2808 1443 2865 quoque
1498 2792 1688 2849 docuit
1720 2792 1940 2849 divinus
1966 2790 2106 2864 Apo-

396 2916 405 2919 -
515 2883 718 2950 stolus,
749 2883 896 2955 quod
928 2884 1022 2956 qui
1057 2884 1202 2941 ﬁlius
1254 2884 1479 2941 Davidis
1533 2886 1834 2942 secundum
1878 2902 2100 2941 carnem

515 2975 699 3032 dictus
723 2984 828 3037 est.
859 2975 1125 3034 deﬁnitus
1148 2989 1203 3033 et
1232 2978 1648 3034 demonstratus
1692 2988 1778 3033 est
1811 2979 1903 3033 Dei
1931 2977 2102 3034 Filius

515 3083 614 3138 per
674 3070 1002 3140 potentiam,
1040 3086 1164 3141 qua
1209 3070 1315 3142 16
1346 3086 1373 3124 a
1408 3082 1602 3127 sancto
1638 3071 1844 3143 Spiritu
1881 3087 2104 3128 exerce-

515 3163 699 3229 batur,
730 3170 857 3234 post
903 3163 1123 3219 Domini
1177 3164 1352 3220 nostri
1390 3162 1524 3223 Iesu
1565 3164 1773 3221 Christi
1822 3178 2100 3221 resurrec—

514 3254 723 3313 tionem
762 3269 794 3309 a
830 3255 1087 3314 mortuis.

588 3431 754 3489 Vsus.
787 3433 840 3490 5.
881 3433 987 3491 Per
1012 3452 1165 3506 quem
1218 3439 1514 3509 accepimus
1562 3439 1793 3511 gratiam
1822 3448 1873 3494 et
1899 3448 2106 3510 apostoo

520 3528 690 3586 latum
727 3525 798 3580 ad
828 3525 1171 3582 obediendum
1198 3528 1345 3599 ﬁdei,
1380 3531 1434 3584 in
1467 3531 1711 3585 omnibus
1743 3529 1984 3602 gentibus
2009 3545 2105 3601 pro

519 3617 729 3673 nomine
755 3617 891 3685 eius.
924 3617 1044 3690 Ipse
1065 3620 1210 3674 enim
1239 3635 1343 3676 nos
1375 3622 1763 3693 praedicatores
1792 3623 2104 3690 constituit,

519 3710 768 3765 omnium
796 3710 1043 3782 gentium
1086 3711 1251 3768 nobis
1282 3713 1557 3769 mandans
1601 3714 1860 3785 salutem,
1890 3726 1945 3772 et
1981 3729 2106 3788 gra-

522 3802 658 3859 tiam
686 3801 924 3867 donans,
961 3818 1083 3875 qua:
1113 3804 1493 3874 praedicationi
1533 3807 1876 3872 conveniret,
1909 3813 1968 3861 ut
2003 3821 2103 3862 no~

522 3889 609 3947 bis
640 3889 950 3956 obedirent,
973 3907 1038 3947 ac
1070 3894 1244 3950 verbo
1279 3894 1597 3963 crederent,
1631 3898 1724 3969 qui
1759 3895 2103 3969 praedicatio-

522 3996 647 4037 nem
679 3981 1017 4053 reciperent.
1530 3990 1541 3995 “

570 4063 765 4145 Ὑεαε.
787 4067 843 4125 6.
870 4067 937 4125 In
961 4070 1149 4143 quibus
1172 4073 1301 4127 estis
1320 4082 1367 4128 et
1398 4090 1510 4140 vos,
1529 4076 1702 4131 vocati
1723 4074 1853 4131 Jesu
1882 4074 2105 4132 Christi.

520 4157 602 4216 Ex
638 4158 731 4225 Iis,
764 4162 965 4233 inquit,
1001 4178 1101 4219 vos
1133 4178 1356 4234 quoque
1385 4165 1645 4235 gentibus
1675 4167 1831 4235 estis,
1868 4183 2103 4237 quarum

520 4251 743 4307 cultura
771 4253 909 4309 mihi
940 4254 1243 4311 commissa
1290 4263 1397 4315 est.
1448 4254 1529 4312 Ne
1578 4256 1727 4313 enim
1776 4258 2108 4315 existimetis

521 4357 612 4399 me
638 4342 817 4400 aliena
845 4358 1135 4417 usurpare,
1166 4352 1221 4402 et
1255 4361 1419 4418 agros
1452 4347 1581 4403 aliis
1615 4348 1927 4421 assignatos
1954 4350 2109 4408 iuva-

520 4438 670 4494 dere.
693 4437 966 4497 Dominus
997 4439 1145 4497 enim
1181 4456 1267 4498 me
1293 4441 1540 4498 omnium
1571 4445 1814 4513 gentium
1840 4446 2103 4516 praedica-

519 4531 697 4584 torem
723 4528 1043 4585 constituit.

2204 2055 2317 2110 Kal.
2366 2053 2558 2108 πάλιν·
2590 2070 2609 2103 ι
2637 2053 2873 2106 Μείνατε
2902 2049 3068 2105 αὑτοῦ
3096 2052 3153 2103 ἐν
3181 2052 3248 2119 τῇ
3283 2048 3435 2101 πόλει
3466 2046 3658 2119 ταύτῃ.
3681 2047 3785 2109 ἕως

2202 2145 2268 2199 ἂν
2329 2143 2621 2215 ἐνδύσησθε
2676 2143 2906 2214 δύναμιν
2967 2140 3026 2208 ἐξ
3089 2142 3278 2212 ὕψους,
3336 2141 3651 2204 ἐπελθόντος
3691 2139 3786 2192 τοῦ

2204 2238 2359 2307 ἁγίου
2394 2237 2710 2307 Πνεύματος
2734 2235 2819 2307 ἐφ’
2843 2237 3007 2307 ὑμᾶς.
3035 2253 3055 2285 ι
3084 2236 3199 2306 Πρὸ
3222 2233 3320 2306 μὲν
3342 2228 3435 2287 οὗν
3462 2233 3555 2286 τοῦ
3583 2231 3786 2295 πάθους

2201 2329 2456 2393 τοιαύτας
2483 2325 2629 2400 εἶχον
2658 2328 2816 2397 δόξας
2853 2328 2983 2400 περὶ
3015 2325 3201 2381 αὑτοῦ.
3242 2324 3398 2380 Μετά
3436 2324 3490 2377 δέ
3531 2323 3630 2394 τὴν
3656 2323 3787 2375 ἀνά-

2204 2441 2416 2489 στασιν,
2469 2424 2565 2478 καὶ
2619 2422 2718 2492 τὴν
2762 2423 2843 2487 είς
2878 2420 3143 2493 οὐρανοὺς
3204 2418 3489 2479 ἀνάϐασιν,
3541 2416 3637 2468 καὶ
3692 2413 3788 2467 τοῦ

2203 2517 2471 2585 παναγίου
2527 2515 2849 2585 Πνεύματος
2893 2511 3267 2583 ἐπιφοίτησιν,
3323 2510 3417 2562 καὶ
3456 2510 3554 2571 τὰς
3586 2523 3789 2560 παντοη

2202 2609 2384 2673 δαπάς
2446 2607 2894 2679 θαυματουργίας
2955 2605 3021 2669 ἃς
3080 2603 3413 2667 ἐπετέλουν,
3492 2599 3789 2663 καλοῦντες

2203 2699 2370 2757 αὑτοῦ
2430 2699 2492 2753 τὸ
2546 2691 2845 2769 σεϐάσμιον
2894 2697 3088 2768 δνομα,
3143 2695 3387 2764 ἔγνωσαν
3450 2694 3688 2757 ἅπαντες
3739 2693 3791 2749 οἱ

2204 2791 2553 2855 πιστεύοντες
2603 2790 2667 2856 ίί,
2717 2790 2800 2844 δτι
2834 2788 2929 2843 καὶ
2957 2782 3090 2853 Θεός
3138 2789 3281 2855 ἐστι,
3349 2787 3447 2843 καὶ
3502 2784 3597 2840 τοῦ
3651 2783 3792 2837 Θεοῦ

2207 2886 2503 2957 μονογενὴς
2537 2882 2687 2948 Υἱός.
2722 2882 2894 2937 Τοῦτο
2929 2881 3113 2935 τοίνυν
3159 2879 3440 2936 κάνταῦθα
3492 2876 3734 2943 ἐδίδαξεν
3763 2876 3793 2927 ὁ

2205 2978 2347 3039 θεῖος
2389 2973 2733 3037 Ἀπόστολος,
2761 2972 2843 3026 ὅτι
2873 2970 3019 3025 κατὰ
3050 2970 3228 3043 σάρκα
3256 2968 3349 3024 τοῦ
3380 2968 3547 3022 Δασὶδ
3566 2982 3791 3038 χρημας

2204 3068 2359 3132 τίσας
2393 3066 2539 3131 Υἱὸς,
2575 3063 2787 3137 ὡρίσθη
2816 3064 2909 3117 καὶ
2935 3063 3231 3134 ἀπεδείχθη
3256 3061 3350 3115 τοῦ
3375 3058 3511 3114 Θεοῦ
3532 3059 3677 3121 Υίὸς,
3703 3054 3797 3115 διὰ

2203 3162 2305 3233 τῆς
2363 3161 2472 3215 ὑπὸ
2531 3159 2626 3214 τοῦ
2686 3156 2958 3226 παναγίου
3027 3155 3345 3226 Πνεύματος
3397 3148 3796 3225 ἐνεργουμένης

2206 3255 2489 3325 δυνάμεως
2519 3253 2659 3326 μετά
2685 3251 2782 3324 τὴν
2809 3251 2873 3303 ὲκ
2900 3245 3112 3320 νεκρῶν
3159 3247 3456 3302 ἀνάστασιν
3501 3241 3666 3298 αὑτοῦ
3698 3239 3802 3294 τοῦ

2210 3345 2414 3419 Κυρίου
2448 3344 2607 3417 ἡμῶν
2648 3341 2827 3415 Ἰησοῦ
2858 3339 3116 3413 Χριστοῦ.

2277 3445 2338 3496 ε’.
2373 3438 2454 3493 Δι’
2500 3432 2571 3493 οὗ
2602 3435 2899 3506 ἐλάϐομεν
2933 3431 3112 3503 χάριν
3159 3432 3256 3484 καὶ
3302 3426 3660 3495 ἀποστολὴν
3706 3428 3798 3491 είς

2205 3530 2488 3597 ὑπακοὴν
2542 3529 2824 3593 πίστεως.
2888 3525 2959 3579 ἐν
3006 3523 3156 3578 πᾶσι
3205 3521 3331 3588 τοῖς
3373 3520 3615 3575 ἔθνεσιν
3642 3518 3797 3584 ὑπὲρ

2206 3622 2314 3677 τοῦ
2351 3622 2643 3691 ὀνόματος
2675 3617 2882 3674 αὐτοῦ.
2907 3616 3082 3679 Αὑτδς
3110 3615 3220 3687 γὰρ
3265 3614 3414 3686 ἡμᾶς
3443 3608 3791 3682 προύϐάλετο

2207 3711 2479 3781 κήρυκας.
2510 3707 2619 3762 τῶν
2652 3705 2822 3760 ἐθνῶν
2852 3704 3109 3759 ἁπάντων
3141 3702 3456 3773 ἐγχειρίσας
3481 3700 3579 3771 τὴν
3614 3713 3795 3765 σωτηο

2211 3803 2354 3874 ρίαν,
2388 3800 2483 3855 καί
2511 3797 2885 3868 ἀναλογοῦσαν
2928 3796 3008 3869 τῷ
3053 3795 3374 3867 κηρύγματι
3407 3792 3794 3866 δωρησάμενος

2207 3895 2390 3965 χάριν,
2413 3891 2551 3946 ὥστε
2613 3891 2765 3960 ἡμῖν,
2795 3890 2891 3942 καὶ
2916 3887 3236 3951 ὑπακούειν,
3281 3888 3376 3941 καὶ
3408 3882 3685 3938 πιστεύειν
3718 3879 3801 3950 τῷ

2207 3985 2373 4054 λόγῳ,
2409 3982 2533 4043 τοὺς
2568 3978 2891 4049 δεχομένους
2925 3978 2986 4031 τὸ
3025 3979 3306 4051 κήρυγμα.

2280 4082 2353 4140 ς’.
2416 4074 2512 4126 Ἐν
2568 4066 2659 4137 οἷς
2703 4071 2846 4124 ἐστε
2889 4070 3005 4140 grai
3072 4068 3266 4139 ὑμεῖς,
3328 4072 3537 4137 κλητοὶ
3602 4069 3794 4140 Ἰησοῦ

2280 4087 2353 4140 ς’.
2421 4087 2512 4126 Εν
2568 4087 2659 4137 οις
2703 4087 2846 4124 εστε
2945 4087 3005 4124 αι
3072 4087 3266 4139 υμεις,
3328 4087 3537 4137 aetneos
3602 4087 3794 4140 ἰησου

2208 4164 2486 4237 Χριστοῦ.
2525 4166 2621 4218 Ἐκ
2644 4163 2855 4217 τούτων
2880 4087 3007 4217 {bet
3037 4164 3133 4218 καὶ
3157 4162 3321 4235 ὑμεῖς
3350 4163 3461 4218 τῶν
3489 4164 3685 4231 ἐθνῶν,
3716 4159 3797 4220 ὧν

2207 4261 2309 4332 τὴν
2333 4256 2609 4330 γεωργίαν
2631 4254 3025 4328 ἐνεχειρίσθην.
3061 4254 3153 4327 Μὴ
3193 4258 3303 4329 γὰρ
3331 4255 3396 4329 δὴ
3436 4257 3696 4329 νομίσητε
3726 4258 3797 4312 τά

2209 4352 2467 4425 ἀλλότρια
2500 4346 2938 4420 σφετερίζεσθαι,
2992 4346 3088 4402 καὶ
3145 4348 3247 4412 τὰς
3288 4348 3470 4413 ἄλλοις
3520 4350 3795 4420 ἀπονεμη-

2211 4445 2395 4509 θείσας
2451 4442 2720 4515 ἁρπάζειν
2777 4440 3036 4511 ἀρούρας.
3099 4441 3324 4495 Πάντων
3378 4441 3487 4510 γάρ
3552 4459 3619 4512 με
3687 4441 3801 4495 τῶν

2210 4536 2380 4591 ἐθνῶν
2409 4536 2438 4590 ὁ
2464 4535 2740 4606 Δεσπότης
2781 4533 3196 4604 κεχειροτόνηκε
3235 4534 3473 4603 κήρυκα.

592 4612 761 4675 Vens.
804 4619 857 4677 7.
922 4619 1181 4676 Omnibus
1227 4624 1319 4693 qui
1361 4633 1484 4678 sunt
1518 4623 1699 4683 Romae
1747 4627 1956 4684 dilectis
1987 4628 2101 4694 Dei,

2284 4628 2351 4693 ζ’.
2387 4626 2545 4683 Πᾶσι
2573 4626 2699 4692 τοῖς
2719 4620 2901 4680 οὖσιν
2930 4625 3000 4679 ἐν
3032 4625 3217 4695 Ῥώμῃ
3242 4626 3572 4695 ἀγαπητοῖς
3623 4626 3793 4691 Θεοῦ,

519 4710 722 4765 uocatis
761 4713 987 4767 sanctis.
1020 4712 1087 4768 Et
1139 4712 1344 4771 divinis
1377 4732 1474 4772 eos
1508 4720 1972 4789 appellationibus
2004 4722 2105 4777 ho-

519 4800 761 4864 noravit,
814 4810 870 4858 et
925 4806 1305 4876 arrogantiam
1349 4811 1632 4880 repressit.
1671 4811 1911 4868 Primum
1955 4815 2102 4870 cnim

518 4906 639 4960 eos,
668 4908 789 4959 non,
810 4904 868 4950 ut
899 4896 1071 4953 totius
1104 4898 1258 4956 orbis
1293 4907 1567 4958 terrarqu
1620 4903 1929 4961 dominium
1963 4906 2106 4961 obti-

521 4994 719 5044 nentes
750 4986 822 5044 ab
850 4987 977 5044 aliis
1004 4989 1265 5060 gentibus
1293 4994 1550 5059 secrevit,
1577 4995 1673 5053 sed
1696 4997 1823 5053 aliis
1849 4998 2107 5054 commis-

523 5080 657 5136 cuit.
694 5077 900 5136 Deinde
925 5080 1183 5141 omuibus
1208 5083 1376 5140 simul
1404 5087 1619 5153 scribit,
1646 5103 1838 5145 servos
1871 5090 2107 5147 miscens

521 5177 579 5228 et
624 5169 941 5236 mendicos,
983 5178 1040 5225 et
1074 5187 1172 5227 eos
1218 5175 1311 5245 qui
1356 5173 1462 5231 sibi
1487 5176 1745 5233 manibus
1774 5178 1980 5233 victum
2012 5194 2107 5250 pa-

522 5268 672 5327 rant,
694 5275 902 5330 eosque
928 5259 1025 5331 qui
1059 5264 1257 5334 opibus
1300 5266 1627 5333 ell‘eruntur,
1667 5276 1723 5323 et
1751 5258 1847 5323 ed's
1881 5270 1975 5341 qui
2015 5284 2109 5340 po-

524 5358 725 5407 testate
781 5362 912 5407 sunt
963 5355 1197 5425 praediti.
1253 5356 1414 5425 Quod
1451 5361 1595 5415 enim
1644 5376 1708 5415 ex
1752 5360 1839 5415 his
1889 5376 2111 5432 quoque

527 5446 695 5517 aliqui
728 5445 1124 5510 credidissent.
1170 5451 1331 5507 docet
1385 5453 1439 5508 in
1496 5453 1742 5525 Epistola
1780 5453 1847 5509 ad
1899 5452 2107 5525 Philip-

525 5553 725 5614 penses
754 5578 766 5589 .
801 5557 827 5597 «η
860 5538 1115 5597 Salutant
1140 5545 1308 5613 enim,
1342 5547 1539 5619 inquit,
1592 5562 1695 5604 vos
1744 5545 1838 5619 qui
1869 5555 1996 5605 sunt
2039 5562 2106 5604 ex

2211 4717 2458 4786 κλητοῖς
2495 4717 2704 4786 ἁγίοις.
2739 4713 2852 4767 Καὶ
2901 4716 3023 4777 ταῖς
3067 4712 3241 4778 θείαις
3288 4714 3485 4778 αὑτοὺς
3524 4732 3797 4786 προσηγο-

2214 4811 2360 4883 ρίαις
2410 4808 2700 4880 τετίμηκε,
2757 4805 2854 4859 καὶ
2901 4803 3000 4874 τὴν
3069 4805 3391 4869 ἀλαζονείαν
3459 4805 3794 4865 κατέστειλε.

2212 4902 2435 4975 Πρῶτον
2469 4898 2567 4972 μὲν
2620 4897 2728 4968 γὰρ
2762 4895 2981 4959 αὑτοὺς,
3034 4896 3134 4966 οὑχ
3188 4897 3265 4960 ὡς
3309 4897 3648 4969 κρατοῦντας
3694 4895 3799 4966 τῆς

2213 4993 2541 5064 οἰκουμένης
2590 4988 2854 5059 ἀπέκρινε
2907 4986 3015 5041 τῶν
3051 4987 3226 5042 ἄλλων
3260 4988 3452 5053 ἐθνῶν,
3496 4988 3634 5042 ἀλλά
3685 4990 3798 5051 τοῖς

2216 5086 2396 5149 ἄλλοις
2425 5082 2714 5153 ἀνέμιγεν’
2760 5078 2952 5133 ἔπειτα
2985 5078 3042 5132 δὲ
3088 5080 3254 5134 πᾶσιν
3278 5080 3414 5149 ὁμοῦ
3449 5078 3671 5150 γράφει,
3703 5079 3800 5133 καὶ

2213 5180 2428 5239 οἰκέτας
2476 5173 2804 5246 ἀναμιγνὺς,
2862 5172 2959 5227 καὶ
3009 5173 3330 5245 προσαίτας,
3381 5174 3474 5226 καὶ
3507 5174 3801 5245 ἀποχειρο-

2214 5267 2464 5330 ϐιώτους,
2498 5263 2743 5327 καὶτοὺς
2772 5261 2987 5333 πλούτῳ
3020 5262 3328 5333 κομῶντας,
3360 5265 3456 5319 καὶ
3480 5264 3607 5327 τοὺς
3636 5263 3799 5318 δυνα-

2217 5361 2399 5415 στείαν
2462 5354 2902 5426 περικειμένους.
2967 5355 3091 5408 Ὅτι
3154 5355 3264 5429 γὰρ
3332 5355 3428 5410 καὶ
3482 5357 3548 5409 ἐκ
3592 5353 3803 5409 τούτων

2212 5447 2355 5523 ἦσαν
2381 5446 2810 5509 πεπιστευκότες
2843 5445 3011 5512 τινὲς,
3039 5447 3096 5499 ἐν
3125 5450 3188 5519 τῇ
3216 5447 3353 5520 πρὸς
3401 5446 3803 5518 Φιλιππησίους

2215 5543 2480 5601 διδάσκει.
2514 5559 2532 5591 ι
2585 5538 2947 5604 Ἀσπάζονται
2978 5539 3106 5612 γὰρ,
3141 5542 3325 5612 φησὶν,
3364 5541 3509 5613 ὑμᾶς
3534 5539 3585 5594 οἱ
3612 5539 3677 5593 ἐκ
3702 5541 3802 5609 τῆς

604 5704 620 5745 ι
664 5701 855 5759 Matth.
885 5721 1020 5771 VIII,
1051 5708 1142 5769 27.
1223 5724 1237 5763 l
1279 5712 1434 5769 Joan.
1469 5729 1616 5779 xxvi,
1656 5716 1743 5771 1‘2.
1822 5714 1850 5755 ιι
1888 5713 2021 5769 Luc.
2058 5728 2208 5775 xxw,
2240 5709 2328 5765 49.

1842 5851 2078 5915 ῩᾹΙΗᾹΖ
2121 5849 2527 5914 ιΕΟΤιΟΝΕδ.

602 5914 641 5953 δι
676 5910 723 5975 Β
753 5914 1157 5990 πιστεύσαντες.
