4124 6418
320 484 391 550 53
1193 498 1811 559 ΙΝΤΕΗΡΗΕΤΑΤΙΟ
1844 500 1951 559 EPJ

2050 502 2081 559 ,‘.
2118 503 2225 561 AD
2246 503 2428 564 ROM.
2458 504 2618 565 CAP.
2654 505 2704 565 I.
3537 501 3610 571 5|

325 600 609 672 Καίσαρος
637 602 841 667 οἰκίας.
877 624 897 655 ι
953 606 1192 673 Ἐδξδαξε
1225 611 1428 681 μέντοι,
1461 612 1534 675 ὡς
1555 612 1654 665 οὐκ
1680 612 1926 675 ἀπίστοις

2050 613 2263 670 laesaris
2282 614 2445 673 domo
2476 615 2514 672 ι.
2547 636 2566 668 ι
2599 615 2793 672 Docuit
2838 618 3041 687 itaque,
3084 617 3229 684 quod
3264 601 3371 670 non
3404 618 3610 671 scribat

329 694 556 765 γράςρει,
587 695 731 748 ἀλλὰ
759 700 879 761 τοῖς
910 698 1016 770 ἤδη
1053 703 1497 758 πεπιστευκόσιν.
1527 704 1693 758 Ὅθεν
1730 704 1930 767 αὐτοὺς

332 784 426 837 καὶ
455 786 732 854 κλητοὺς
755 789 852 842 καὶ
884 790 1105 860 ἁγίους
1148 796 1567 866 προσαγορεύει,
1607 796 1731 860 ταῖς
1769 812 1932 849 πνευ-

340 881 604 945 ματικαῖς
662 880 975 952 εὐφημίαις
1027 885 1293 957 ἐπαίρων,
1366 889 1461 941 καὶ
1524 888 1616 942 τὸν
1678 887 1807 960 περὶ
1843 887 1934 941 τὸν

338 969 641 1042 εὐεργέτην
675 973 845 1027 πόθον
870 976 1185 1047 πυρσεύων.
1217 980 1398 1049 Χάρις
1426 980 1573 1051 ὑμῖν
1606 980 1702 1034 καὶ
1724 978 1934 1049 εἰρήνη

338 1061 451 1115 ἀπὸ
484 1064 643 1119 Θεοῦ
672 1066 912 1135 Πατρός
933 1068 1109 1137 ἡμῶν
1148 1070 1247 1125 καὶ
1299 1073 1521 1140 Κυρίου
1567 1071 1764 1139 Ἰησοῦ
1801 1074 1935 1142 Χρι-

336 1153 510 1209 στοῦ.
550 1153 829 1211 Ἐνταῦθα
870 1161 1325 1232 συμπεπλήριυιιε
1349 1163 1448 1232 τὴν
1474 1161 1574 1233 τῆς
1615 1161 1937 1232 Ἐπιστολῆς

339 1246 704 1316 προγραφήνο
760 1249 1007 1318 Παῦλος
1066 1252 1200 1323 γὰρ,
1246 1255 1400 1325 φησὶ,
1458 1252 1684 1320 δοῦλος
1741 1253 1937 1321 Ἰησοῦ

339 1334 610 1401 Χριστοῦ
673 1336 831 1394 πᾶσι
877 1339 1005 1408 τοῖς
1051 1336 1234 1397 οὖσιν
1270 1344 1342 1398 ἐν
1371 1343 1565 1413 Ῥώμη
1607 1344 1938 1415 ἀγαπητοῖς

342 1428 515 1493 Θεοῦ,
550 1432 810 1498 κλητοῖς
838 1433 1054 1503 ἁγίοις,
1085 1435 1262 1506 χάρις
1289 1436 1434 1507 ῦμῖν
1454 1438 1549 1491 καὶ
1583 1436 1790 1505 εΙρήνη
1821 1437 1938 1492 ἀπὸ

341 1518 496 1572 Θεοῦ
536 1522 783 1590 Πατρός
823 1522 997 1593 ἡμῶν
1036 1525 1138 1579 καὶ
1174 1526 1395 1595 Κυρίου
1430 1526 1627 1594 Ἰησοῦ
1656 1527 1937 1596 Χριστοῦ.

338 1611 527 1666 Τᾶλλα
551 1611 614 1666 δὲ
644 1613 869 1668 ἅπαντα
895 1615 1101 1685 μεταξὺ
1126 1618 1491 1690 παρενέθηκε,
1507 1618 1773 1673 διδάσκων
1796 1620 1940 1684 τίνος

340 1720 399 1757 τε
429 1704 620 1776 κῆρυξ
654 1705 1051 1778 προῦέόληται,
1085 1710 1180 1763 καὶ
1226 1710 1387 1763 ὁποῖα
1423 1710 1717 1782 κηρύττειν
1771 1728 1942 1781 προσ-

342 1795 635 1861 τέτακται,
691 1798 790 1851 nat
842 1798 956 1853 τισι
1010 1799 1185 1854 ταῦτα
1226 1802 1564 1874 προσφέρειν
1611 1801 1939 1874 ἀφώρισται.

357 1888 693 1961 Ἑπεύχεται
744 1890 802 1944 δὲ
848 1892 1054 1957 αὐτοῖς,
1091 1892 1310 1962 πρῶτον
1361 1894 1460 1965 μὲν
1505 1895 1598 1949 τοῦ
1648 1896 1785 1949 Θεοῦ
1840 1896 1938 1968 τὴν

343 1978 508 2047 χάριν
529 1950 564 2009 Γ
592 1977 691 2031 διὰ
715 1977 926 2049 ταύτης
1101 1950 1652 2055 ᾶπαντεςισωτηρῐας
1694 1950 1941 2057 ἀπήλαύ-
1972 1950 2015 2004 Β

344 2085 443 2121 σαν
477 2070 535 2122 οἱ
556 2069 985 2135 πιστεύσαντες.
1014 2068 1150 2127 Εἶτα
1175 2074 1271 2146 τὴν
1300 2076 1548 2148 εἰρήνην,
1567 2078 1636 2132 δι’
1664 2074 1732 2151 ἦς
1764 2082 1944 2135 πᾶσαν

343 2160 653 2217 αενεττεται
703 2163 807 2233 τῆς
852 2163 1057 2236 ἀρετῆς
1094 2165 1192 2238 τὴν
1239 2167 1598 2238 κατόρθωσιν.
1657 2172 1943 2243 Εἰρηνεύει

339 2251 450 2323 γὰρ
477 2253 627 2324 πρὸς
650 2253 791 2308 Θεὸν
818 2256 849 2310 ὀ
872 2256 974 2326 τὴν
998 2257 1365 2329 εὐαγγελικὴν
1393 2260 1775 2333 ἀσπαζόμενος
1796 2264 1946 2318 πολι-

338 2345 521 2406 τείαν.
594 2348 626 2398 ὁ
676 2346 1017 2419 θεραπεύειν
1071 2353 1235 2409 αὑτὸν
1272 2356 1354 2420 εἰς
1384 2355 1604 2411 ἅπαντα
1629 2356 1945 2428 προθυμού-

344 2456 533 2506 μενος.
605 2441 838 2496 Τούτων
871 2443 931 2497 δὲ
974 2444 1089 2499 τῶν
1142 2446 1383 2519 δωρεῶν.
1451 2451 1513 2503 οὐ
1567 2449 1659 2504 τὸν
1724 2451 1945 2523 Πατέρα

344 2533 535 2599 μόνον,
569 2533 716 2587 ἀλλὰ
762 2538 861 2589 καὶ
910 2537 1008 2591 τὸν
1058 2538 1190 2592 Υἱδν
1223 2538 1467 2595 δείκνυσι
1500 2541 1760 2612 χορηγὸνο
1802 2540 1945 2597 Ἀπὸ

341 2623 497 2678 Θεοῦ
529 2623 671 2696 τὰρ,
710 2625 867 2695 φησὶ,
890 2626 1125 2697 Πατρός
1146 2627 1336 2698 ἡμῶν,
1368 2630 1469 2684 καὶ
1486 2631 1707 2698 Κυρίου
1752 2631 1946 2699 Ἰησοῦ

340 2715 634 2781 Χριστοῦ.
667 2717 751 2769 Δι’
775 2711 854 2771 ὧν
883 2719 1035 2790 ἡμᾶς
1061 2719 1301 2785 ἐδίδαξεν
1327 2722 1587 2795 ἄντικρυς
1614 2724 1827 2795 Πατρὸς
1850 2724 1946 2777 καὶ

340 2804 475 2859 Υιοῦ
496 2806 605 2875 τὴν
639 2809 887 2880 ἰσότητα.

411 2907 483 2970 η’.
544 2898 805 2969 Πρῶτον
838 2902 957 2970 μὲν
1000 2903 1339 2973 εὐχαριστῶ
1396 2903 1475 2971 τῷ
1526 2905 1648 2972 Θεῷ
1693 2925 1813 2976 μου
1853 2907 1950 2963 διὰ

350 2988 575 3058 Ἰησοῦ
606 2992 876 3060 Χριστοῦ
897 2995 1055 3065 ὑπὲρ
1081 2994 1326 3049 πάντων
1346 2995 1533 3067 ὑμῶν,
1565 2999 1654 3051 ὅτι
1681 3000 1719 3066 ἠ
1744 2999 1950 3066 πίστις

335 3082 516 3153 ὑμῶν
538 3086 1025 3156 καταγγέλλεται
1047 3087 1119 3142 ἐν
1148 3087 1269 3154 ὅλῳ
1301 3086 1384 3153 τῷ
1427 3091 1652 3159 κόσμῳ.
1687 3088 1860 3144 Τοῦτο
1892 3090 1949 3145 δὲ

336 3179 401 3230 οὐ
438 3175 780 3248 θεραπεύων
810 3180 1034 3244 αὐτοὺς.
1073 3180 1191 3236 ἀλλ’
1214 3180 1499 3253 ἀληθεύων
1542 3185 1572 3237 ὁ
1618 3184 1951 3249 Ἀπόστολος

2034 704 2368 771 inﬁdelibus,
2407 708 2501 764 sed
2534 709 2603 764 iis
2636 707 2733 779 qui
2768 706 2882 778 jam
2915 707 3286 763 crediderunt.
3325 705 3479 762 Unde
3514 721 3611 762 eos

2034 798 2202 854 etiam
2233 808 2515 855 etvacatos
2541 810 2594 856 et
2618 809 2831 853 sanctos
2858 800 3117 871 appeliat,
3151 799 3491 869 spiritalibus
3516 814 3611 853 eos

2035 890 2296 946 laudibus
2333 891 2624 956 extollens,
2651 900 2705 946 et
2727 905 2918 945 eorum
2955 891 3009 945 in
3045 905 3169 945 eum
3202 890 3297 960 qui
3337 890 3486 960 ipsos
3517 888 3613 942 illo

2036 981 2304 1037 beneﬁcio
2335 982 2618 1047 aﬁ‘ecerat,
2649 982 2983 1038 desiderium
3015 980 3383 1036 inﬁammans.
3421 979 3611 1034 Gratia

2037 1075 2181 1128 vobis
2196 1084 2244 1129 et
2266 1089 2374 1144 pax
2399 1092 2430 1128 a
2452 1073 2562 1129 Deo
2583 1072 2748 1128 Patre
2770 1083 2950 1129 nostro
2972 1085 3020 1129 et
3051 1074 3277 1128 Domino
3307 1072 3432 1128 Jesu
3453 1073 3612 1128 Chri-

2038 1174 2140 1219 sto.
2165 1163 2268 1219 Hic
2302 1164 2557 1235 Epistulae
2581 1165 3002 1235 inscriptionem
3033 1163 3299 1234 perfecit:
3330 1165 3431 1235 1'7
3465 1164 3612 1218 Pau-

2039 1256 2145 1322 lus,
2171 1255 2375 1326 inquit,
2406 1272 2586 1310 servus
2619 1253 2751 1310 Jesu
2790 1255 3012 1320 Christi,
3053 1255 3294 1310 omnibus
3350 1257 3440 1327 qui
3490 1265 3611 1311 sunt

2040 1345 2223 1401 Romae
2253 1345 2464 1425 dilectis
2503 1345 2618 1410 Dei,
2646 1342 2846 1401 vocatis
2891 1349 3114 1412 sanctis,
3162 1348 3338 1418 gratia
3381 1347 3524 1402 vobis
3565 1357 3615 1401 et

2039 1450 2146 1504 pax
2169 1452 2202 1490 a
2225 1434 2335 1491 Deo
2361 1434 2525 1490 Patre
2550 1444 2731 1490 nostro
2754 1442 2802 1489 et
2833 1434 3062 1490 Domino
3091 1434 3220 1489 Jesu
3248 1432 3615 1488 Christo.Alia

2042 1542 2172 1582 vero
2199 1528 2381 1583 omnia
2414 1527 2709 1597 interjecit,
2735 1528 2948 1583 docens
2971 1542 3000 1581 a
3026 1540 3266 1598 quonam
3292 1525 3619 1597 praedicator

2043 1620 2117 1674 sit
2155 1620 2525 1687 constitutus,
2544 1628 2598 1676 et
2627 1635 2873 1690 quamam
2902 1619 3205 1691 praedicare
3230 1618 3422 1689 jussus
3448 1619 3541 1683 sit,
3565 1627 3620 1672 et

2044 1710 2375 1781 quibusnam
2403 1710 2520 1765 haec
2546 1708 2747 1765 oﬁ‘erre
2772 1710 3153 1780 praescriptum
3184 1710 3278 1764 sit.
3306 1706 3400 1764 Eis
3433 1698 3619 1762 autem

2046 1809 2325 1876 precatur,
2353 1802 2594 1873 primum
2622 1801 2841 1873 quidem
2878 1802 2971 1857 Dei
3002 1801 3232 1871 gratiam
3268 1817 3281 1852 :
3326 1814 3421 1869 per
3479 1798 3619 1851 hanc

2047 1897 2219 1961 enim,
2254 1896 2572 1965 quicunque
2599 1895 2974 1957 crediderunt,
3001 1894 3234 1949 salutem
3264 1900 3393 1946 sunt
3425 1906 3622 1946 conse-

2045 1988 2179 2044 cuti.
2217 1987 2423 2044 Deinde
2452 2001 2665 2058 pacem,
2697 2001 2794 2057 per
2819 2000 2985 2056 quam
3016 1998 3236 2040 omnem
3270 1991 3479 2039 rectam
3509 1983 3624 2038 vir-

2047 2080 2181 2136 tutis
2233 2079 2509 2136 actionem
2545 2078 2841 2150 signiﬁcat.
2875 2076 3014 2132 Cum
3074 2074 3188 2132 Deo
3233 2076 3382 2137 enim
3429 2089 3621 2146 pacem

2048 2170 2232 2235 habet,
2260 2169 2354 2239 qui
2381 2166 2758 2239 evangelicam
2791 2167 2917 2222 vitae
2947 2165 3353 2221 institutionem
3388 2164 3625 2234 amplec-

2048 2262 2202 2328 titur,
2227 2261 2435 2335 quique
2473 2275 2598 2316 eum
2633 2259 2826 2315 sedulo
2857 2259 2911 2312 in
2939 2257 3198 2313 omnibus
3227 2256 3362 2311 colit
3388 2264 3443 2310 et
3475 2258 3491 2275 '
3524 2255 3623 2309 ob-

2047 2362 2249 2411 servat.
2274 2351 2478 2408 Horum
2514 2361 2694 2407 autem
2739 2351 3008 2405 donorum
3037 2364 3146 2403 non
3168 2348 3349 2404 solum
3376 2346 3622 2410 Patrem,

2049 2445 2144 2502 sed
2170 2445 2335 2502 etiam
2366 2443 2566 2498 Filium
2599 2442 2915 2513 largitorem
2961 2456 3087 2497 esse
3129 2439 3394 2497 ostendit.
3431 2437 3476 2492 A
3519 2437 3626 2493 Deo

2048 2540 2218 2605 enim,
2251 2538 2452 2609 inquit,
2486 2535 2649 2591 Patre
2673 2545 2878 2602 nostro,
2901 2544 2949 2589 et
2981 2533 3209 2588 Domino
3234 2529 3367 2585 J'esu
3388 2529 3621 2586 Christo.

2049 2630 2155 2687 Per
2194 2646 2317 2700 qua:
2355 2644 2456 2686 nos
2500 2637 2690 2699 aperte
2744 2626 2933 2683 docuit
2960 2625 3141 2680 Patris
3164 2632 3220 2680 et
3250 2623 3371 2679 Filii
3403 2621 3629 2693 aquali-

2050 2730 2238 2778 tatem.

2112 2904 2279 2961 Vsus.
2315 2904 2368 2960 8.
2404 2903 2645 2958 Primum
2674 2903 2883 2974 quiaem
2901 2902 3107 2972 gratias
3137 2916 3235 2971 ago
3258 2900 3367 2953 Deo
3400 2914 3514 2953 meo
3539 2913 3630 2969 per

2050 2998 2238 3053 Iesum
2270 2997 2542 3053 Christum
2577 3013 2674 3067 pro
2700 2995 2844 3051 vobis
2869 2993 3134 3061 omnibus,
3191 2992 3330 3063 quod
3377 2990 3507 3061 ﬁdes
3555 3007 3634 3045 re—

2052 3100 2167 3146 stra
2189 3091 2540 3146 annuntiatur
2559 3091 2614 3145 in
2636 3091 2877 3144 universo
2907 3086 3125 3143 mundo.
3160 3086 3278 3141 Hoc
3303 3091 3486 3139 autem
3519 3097 3626 3137 non

2052 3184 2133 3239 eis
2163 3183 2479 3249 blandiens,
2533 3180 2627 3237 sed
2658 3195 2788 3234 vera
2835 3180 3028 3235 dicens
3071 3176 3258 3249 posuit
3307 3174 3626 3247 Apostolus.

336 3269 617 3327 τέθεικεν.
648 3269 794 3325 Οὔτε
822 3272 930 3344 γὰρ
973 3268 1087 3326 οἷόν
1110 3290 1171 3327 τε
1200 3269 1269 3345 ἦν
1300 3273 1484 3329 λαθεῖν
1512 3276 1641 3340 τοὺς
1669 3275 1813 3331 κατὰ
1848 3277 1949 3349 τὴν

2052 3273 2237 3345 Neque
2292 3272 2438 3329 enim
2473 3271 2590 3326 ﬁeri
2645 3277 2882 3342 poterat,
2915 3277 2976 3324 ut
3015 3282 3137 3339 qua:
3172 3266 3360 3322 Romae
3413 3265 3629 3320 evenie-

337 3363 685 3435 οἰκουμένην
708 3365 779 3418 τὰ
802 3367 861 3418 ἐν
892 3368 960 3436 τῇ
1008 3365 1196 3437 Ῥώμῃ
1220 3366 1606 3437 συμϐαίνοντα.
1645 3368 1734 3422 Ἐν
1764 3370 1950 3444 ἐκείνῃ

342 3457 454 3527 γὰρ
482 3452 642 3526 εἶχον
670 3456 843 3511 πάλαι
890 3456 1179 3533 Ῥωμαίων
1224 3460 1275 3511 οἱ
1309 3458 1548 3530 βασιλεῖς
1576 3460 1646 3514 τὰ
1680 3461 1948 3532 βασίλεια,

342 3545 613 3599 κάκεῖθεν
663 3545 724 3599 οἵ
769 3562 829 3598 τε
872 3546 982 3600 τῶν
1020 3547 1195 3601 ὲθνῶν
1247 3549 1508 3621 ἄρχοντες
1552 3549 1949 3622 ἐξεπέμποντο,

346 3636 441 3688 καὶ
501 3637 556 3689 0i
610 3636 710 3690 τὸν
754 3635 964 3707 δασμὸν
995 3637 1096 3701 τὰς
1124 3638 1310 3702 πόλεις
1340 3639 1785 3712 εἰσπράττοντες.
1842 3642 1952 3697 Καὶ

352 3729 540 3799 μέντοι
577 3730 677 3783 καὶ
711 3731 797 3793 εἷς
832 3731 1051 3799 ἐκείνην
1078 3732 1401 3803 συνέτρεχον
1435 3732 1675 3797 ἅπαντες
1714 3734 1763 3787 oi
1795 3733 1950 3804 βασι-

350 3822 508 3887 λικὰς
585 3822 1038 3891 ἐπαγγέλλοντες
1098 3824 1355 3896 χάριτας.
1414 3826 1532 3880 Καὶ
1595 3826 1683 3880 διὰ
1742 3826 1952 3887 τούτων

349 3916 613 3969 ἁπάντων
640 3914 1030 3985 κατεμηνύετο
1060 3915 1360 3988 πανταχοῦ,
1384 3916 1459 3980 ὡς
1480 3916 1574 3970 καὶ
1595 3918 1628 3977 ἡ
1661 3916 1951 3987 Ῥωμαίων

347 4005 507 4068 £612;
550 4006 661 4074 τὴν
696 4005 849 4058 κατὰ
899 4006 994 4059 τὸν
1045 4007 1285 4078 Χριστὸν
1322 4006 1676 4062 διδασκαλίαν
1711 4006 1949 4072 ἐδέξατο.

348 4095 636 4166 Μεγιστην
649 4095 711 4150 δὲ
730 4096 895 4149 τοῦτο
916 4098 1030 4160 τοῖς
1048 4096 1340 4151 ἁκούουσιν
1356 4094 1627 4166 ὠφέλειαν
1644 4097 1950 4170 προύξένει.
1998 4082 2008 4090 ’

353 4188 517 4242 Ὀθεν
548 4193 579 4243 ὁ
624 4189 778 4249 θεῖος
813 4189 1143 4252 ’Δπόστολος
1171 4190 1264 4243 ὲπὶ
1290 4189 1503 4256 τούτοις
1531 4192 1628 4245 τὸν
1674 4194 1954 4263 Δεσπότην

350 4282 694 4353 ἀνύμνησεν.
734 4281 960 4355 Ἐπειδὴ
993 4283 1050 4336 δὲ
1080 4284 1555 4356 κεχειροτονῆσθαι
1587 4285 1686 4356 μὲν
1712 4284 1816 4358 ἔφη
1846 4286 1955 4340 τῶν

347 4375 520 4430 ἐθνῶν
529 4375 800 4429 ἁπάντων
817 4373 1628 4447 διδάσκαλος,συχνοῢδὲχρόνου
1644 4376 1953 4448 διεληλυθό-

348 4484 436 4531 τος
450 4465 580 4521 οὔτε
598 4465 774 4530 αὐτὸς
796 4466 937 4539 πρὸς
950 4467 1150 4530 αὐτοὺς
1165 4467 1525 4539 ἀπελήλυθεν,
1542 4467 1663 4522 οὔτε
1676 4469 1765 4523 διὰ
1781 4487 1887 4542 γρα
1896 4488 1956 4540 μ-

352 4560 542 4629 μάτων
566 4558 779 4622 αὐτοὺς
807 4557 949 4630 πρὸς
966 4556 1071 4630 τὴν
1089 4556 1348 4631 ἀλήθειαν
1385 4558 1748 4632 ὲποδήγησεν,
1780 4562 1952 4632 ἀναγ-

349 4652 525 4714 καίως
554 4653 654 4705 καὶ
686 4651 791 4721 τὴν
808 4650 1108 4717 ἀπολογίαν
1120 4651 1442 4723 προσφέρει,
1459 4652 1555 4706 καὶ
1570 4653 1663 4708 τὸν
1678 4656 1955 4728 Δεσπότην

348 4742 484 4797 θεὸν
506 4744 593 4807 εἰς
622 4741 942 4813 μαρτυρίαν
963 4741 1062 4813 τῆς
1078 4744 1206 4815 περὶ
1237 4744 1437 4807 αὐτοὺς
1456 4743 1614 4799 καλεῖ
1638 4746 1953 4813 διαθέσεως.

417 4832 488 4898 θ’,
527 4840 579 4889 ι’.
595 4832 852 4901 Μάρτυς
874 4833 987 4903 γάρ
1010 4851 1133 4903 μου
1156 4834 1330 4889 ἐστὶν
1359 4838 1393 4890 ὁ
1425 4836 1588 4903 Θεὸς,
1612 4832 1660 4906 ᾧ
1685 4842 1955 4910 λατρεύω

346 4932 417 4985 ἐν
444 4928 532 4996 τῷ
554 4928 867 4998 πνεύματί
891 4945 1033 4998 μου,
1066 4928 1137 4982 ἐν
1161 4927 1242 4995 τῷ
1282 4931 1628 5001 Εὐαγγελίῳ
1661 4933 1768 4988 τοῦ
1811 4935 1950 4991 Υιοῦ

344 5022 566 5088 αὑτοῦ,
615 5022 703 5087 ὡς
751 5018 1155 5085 ἀδιαλείπτως
1189 5022 1411 5091 μνείαν
1445 5022 1617 5093 ὑμῶν
1648 5025 1949 5096 ποιοῦμαι.

346 5114 631 5169 Πάντοτε
680 5111 785 5167 ἐπὶ
828 5111 950 5166 τῶν
989 5113 1350 5183 προσευχῶν
1389 5133 1511 5184 μου
1554 5115 1857 5187 δεόμενος,
1901 5120 1957 5173 εἴ

346 5222 476 5274 πως
503 5206 632 5275 ἤδη
659 5203 812 5258 ποτὲ
830 5203 1283 5276 εὐοδωθήσομαι
1319 5207 1391 5260 ἐν·
1421 5205 1501 5273 τῷ
1526 5210 1815 5279 θελήματι
1848 5212 1956 5267 τοῦ

350 5300 506 5355 Θεοῦ
540 5297 756 5355 ἐλθεῖν
780 5298 933 5367 πρὸς
956 5299 1135 5369 ὑμᾶς.
1177 5298 1308 5372 Εἷδη
1335 5299 1592 5372 λατρείας
1627 5303 1819 5357 πολλὰ.
1846 5306 1956 5359 Καὶ

348 5392 462 5463 γὰρ
499 5394 534 5447 ὁ
565 5391 1014 5465 προσευχόμενος
1052 5390 1175 5463 Θεῷ
1209 5392 1487 5464 λατρεύει,
1522 5394 1616 5448 καὶ
1656 5397 1685 5448 ὁ
1730 5399 1955 5470 νηστείᾳ

349 5485 670 5557 χρώμενος,
707 5483 805 5537 καὶ
827 5483 855 5534 ὁ
875 5486 988 5547 τοῖς
1014 5483 1183 5548 θείοις
1216 5485 1500 5557 προσέχων
1519 5485 1724 5554 λογίοις
1758 5489 1821 5552 ³⁸,
1862 5491 1954 5543 καὶ

354 5576 546 5646 μέντοι
593 5574 697 5627 καὶ
740 5576 769 5627 ὀ
804 5575 904 5644 τῆς
951 5574 1062 5627 τῶν
1114 5572 1282 5639 ξένων
1324 5573 1621 5645 θεραπείας
1657 5576 1951 5647 ἐπιμελού-

428 5708 447 5754 ι
492 5711 742 5783 Philipp.
773 5728 849 5778 tv,
877 5712 972 5768 22.

2055 3369 2205 3432 baut,
2246 3380 2312 3422 ea
2350 3365 2476 3421 illos
2513 3363 2606 3436 qui
2638 3363 2692 3418 in
2723 3370 2840 3418 toto
2873 3367 3033 3418 erant
3061 3368 3334 3416 terrarum
3361 3358 3497 3414 orbe
3544 3356 3628 3411 la-

2051 3461 2250 3515 terent.
2318 3456 2376 3511 In
2434 3455 2528 3510 illa
2597 3455 2743 3510 enim
2828 3452 3205 3508 Romanorum
3274 3451 3631 3521 imperatores

2053 3551 2256 3622 regiam
2289 3564 2447 3605 suam
2478 3547 2779 3611 habebant,
2820 3553 2877 3602 et
2906 3546 3061 3601 illinc
3094 3544 3473 3606 mittebantur,
3515 3549 3629 3596 tum

2052 3644 2144 3715 qui
2181 3642 2437 3715 gentibus
2471 3647 2796 3712 praeessent,
2833 3649 2948 3694 tum
2977 3639 3124 3708 quia
3163 3636 3483 3693 civitatibus
3509 3647 3634 3689 vec-

2053 3732 2183 3802 tigal
2209 3733 2508 3804 exigerent.
2541 3728 2665 3784 Jam
2696 3744 2824 3786 vero
2849 3729 2907 3783 in
2927 3728 3077 3783 illam
3099 3741 3318 3798 quoque
3337 3739 3635 3782 concurre-

2053 3827 2185 3882 bant
2213 3839 2406 3881 omnes
2437 3824 2533 3894 qui
2563 3820 2765 3895 regalia
2794 3821 3058 3892 petebant
3087 3817 3355 3876 beneﬁcia
3393 3835 3407 3872 :
3440 3823 3496 3873 et
3538 3830 3635 3886 per

2053 3918 2153 3973 hos
2187 3930 2383 3972 omnes
2411 3914 2616 3985 ubique
2665 3911 3099 3984 signiﬁcabatur,
3124 3910 3269 3981 quod
3295 3909 3495 3964 civitas
3525 3908 3636 3962 Ro-

2058 4023 2347 4063 manorum
2382 4005 2592 4062 Christi
2617 4004 2923 4060 doctrinam
2948 4008 3285 4073 perceperat.
3309 3997 3425 4055 Hoc
3448 4008 3633 4054 autem

2055 4107 2122 4161 iis
2159 4104 2254 4176 qui
2311 4101 2607 4159 audiebant
2654 4098 2951 4155 maximam
2996 4095 3288 4151 utilitatem
3354 4093 3631 4150 afferebat.

2057 4196 2210 4253 Unde
2241 4204 2294 4252 et
2337 4194 2558 4249 divinus
2616 4189 2919 4263 Apostolus
2951 4195 3173 4261 propter
3196 4187 3312 4243 haec
3346 4185 3635 4242 Dominum

2061 4291 2167 4361 18
2199 4287 2479 4345 laudabat.
2522 4283 2796 4352 Quoniam
2858 4288 3043 4338 autem
3085 4279 3330 4336 omnium
3392 4278 3635 4349 gentium

2057 4400 2117 4441 se
2147 4383 2222 4438 ait
2245 4382 2415 4438 fuisse
2437 4379 2800 4435 constitutum
2824 4377 3162 4447 apostolum,
3189 4374 3424 4429 multum
3451 4380 3638 4429 autem

2057 4475 2324 4546 temporis
2351 4469 2850 4543 praeterieratnquo
2876 4482 2977 4523 nec
3007 4467 3127 4537 ipse
3160 4464 3228 4519 ad
3263 4479 3360 4520 eos
3386 4469 3632 4525 venerat,

2060 4584 2161 4625 nec
2189 4568 2338 4638 ipsos
2370 4564 2566 4619 litteris
2593 4563 2661 4618 ad
2696 4561 2980 4617 veritatem
3028 4558 3349 4621 deduxerat,
3384 4570 3641 4611 necessa-

2062 4661 2145 4715 rio
2177 4657 2336 4713 affert
2360 4654 2806 4719 excusationem,
2837 4658 2893 4707 et
2914 4649 3205 4706 Dominum
3233 4647 3400 4703 Deum
3426 4646 3494 4702 ad
3526 4662 3641 4703 sua:

2061 4753 2117 4807 in
2149 4765 2244 4805 eos
2276 4743 2672 4804 benevolentiae
2702 4740 3077 4799 testimonium
3110 4748 3294 4795 vocat.

2140 4841 2303 4897 Vens.
2338 4839 2395 4905 9,
2425 4838 2512 4893 10.
2548 4835 2718 4892 Testis
2747 4833 2886 4889 enim
2909 4849 3054 4888 meus
3081 4840 3158 4887 est
3196 4830 3336 4886 Deus
3358 4831 3445 4885 cui
3474 4830 3642 4885 servio

2063 4939 2118 4991 in
2150 4934 2342 5004 spiritu
2365 4946 2499 4996 meo,
2535 4929 2590 4982 in
2623 4923 2912 4997 Evangelia
2934 4921 3068 4977 Filii
3088 4921 3227 4992 ejus,
3251 4919 3391 4991 Quod
3421 4920 3534 4975 sine
3561 4921 3644 4973 in-

2065 5027 2397 5087 termissione
2429 5019 2739 5077 memoriam
2768 5017 2929 5074 vestri
2960 5015 3121 5088 facio.
3174 5012 3388 5083 Semper
3411 5013 3469 5066 in
3514 5028 3640 5067 ora-

2061 5120 2291 5177 tionibus
2316 5116 2444 5171 meis
2464 5112 2818 5177 obsecrans,si
2831 5126 2932 5182 quo
2955 5107 3110 5162 modo
3134 5104 3345 5159 tandem
3358 5102 3644 5174 aliquando

2056 5226 2365 5284 prosperum
2402 5209 2504 5264 iter
2529 5204 2749 5260 habeam
2795 5202 2851 5257 in
2882 5199 3151 5256 voluntate
3178 5197 3275 5252 Dei
3307 5195 3544 5251 veniendi
3573 5194 3643 5249 ad

2061 5323 2170 5361 vos.
2205 5304 2372 5359 Multa
2404 5298 2574 5356 divini
2601 5297 2785 5354 cultus
2818 5301 2947 5350 sunt
2969 5305 3191 5363 genera.
3222 5288 3358 5344 Nam
3394 5298 3448 5345 et
3470 5288 3642 5344 Deum

2052 5393 2197 5455 colit
2225 5396 2318 5467 qui
2349 5392 2520 5449 Deum
2552 5396 2831 5462 precatur,
2868 5392 2924 5441 et
2962 5385 3054 5456 qui
3099 5382 3313 5454 jejunio
3352 5381 3543 5446 utitur,
3589 5386 3648 5433 et

2064 5491 2155 5561 qui
2195 5494 2353 5544 vacat
2392 5483 2592 5541 divinis
2617 5479 2893 5550 eloquiis:
2922 5486 2977 5533 et
3034 5476 3081 5532 is
3109 5475 3271 5530 etiam
3308 5474 3398 5545 qui
3444 5485 3644 5527 curan-

2064 5583 2260 5635 dorum
2320 5575 2597 5646 hospitum
2676 5584 2865 5626 curam
2932 5566 3090 5639 gerit.
3173 5564 3397 5620 Diviuus
3460 5571 3649 5616 autem-

1691 5787 1727 5839 Υ
1740 5785 1924 5841 ΑΙὶΙΑΞ
1965 5781 2369 5839 LEt..TIONES.

433 5900 475 5931 ι’
510 5898 890 5954 (ιοῖςωηεηὶιιε
923 5917 934 5952 :
973 5898 1154 5960 λόςοες
1206 5896 1525 5951 Timmlulus
1560 5914 1572 5949 :
1606 5896 1777 5951 sacris
1809 5894 2053 5950 Litteris.
