4124 6444
500 469 574 532 55
1190 486 1214 508 υ
1525 460 2015 523 THEODORETI
2047 459 2080 519 Ε

2182 460 2386 523 SCOPI
2419 464 2787 525 CYRENSIS
3708 459 3785 519 56

504 577 800 649 Apostolus
862 577 975 634 Deo
1027 574 1234 634 servire
1287 590 1346 630 se
1394 575 1547 640 dicit,
1601 576 1731 631 dum
1782 575 1908 631 Filii
1965 575 2080 644 ejus

2195 597 2375 650 μενος.
2435 580 2492 633 '0
2521 580 2577 634 δέ
2607 597 2672 648 γε
2704 580 2848 644 θεῖος
2900 573 3217 641 ’Δπόστολος
3254 574 3537 649 λατρεύειν
3574 574 3684 645 ἔφη
3729 573 3776 606 ⁸³

498 669 855 742 Evangelium
901 668 1157 741 gentibus
1207 665 1414 739 profert
1456 685 1469 721 :
1521 675 1575 722 et
1616 667 1826 723 servire
1871 667 2090 738 spiritu,

2196 673 2275 744 τῷ
2301 673 2440 745 Θεῷ,
2477 673 2537 727 τὸ
2551 673 2644 727 τοῦ
2674 670 2804 726 Υίοῦ
2821 671 2987 725 αὑτοῦ
3015 672 3060 702 ¹⁸
3088 669 3413 742 προσφέρων
3431 670 3544 730 τοῖς
3568 665 3778 720 ἔθνεσιν

500 761 605 817 hoc
633 766 741 826 est,
795 760 922 817 data
959 760 1155 830 gratia.
1209 759 1288 814 Ita
1338 758 1442 815 scit
1500 756 1772 828 Unigeniti
1827 757 2080 812 honorem

2198 765 2530 833 Εὑαγγέλιον
2557 781 2574 794 '
2598 764 2689 818 καὶ
2708 762 2986 835 λατρεύειν
3003 765 3060 816 ὲν
3078 760 3157 832 τῷ
3183 760 3476 830 πνεύματι,
3499 755 3776 811 τουτέστιν

505 853 616 909 Deo
653 852 890 925 placere.
945 852 1220 907 Accurate
1261 859 1441 906 autem
1495 850 1751 920 loquens,
1807 866 1916 904 non
1955 848 2080 903 dixit

2195 858 2255 908 ὲν
2279 855 2358 925 τῷ
2387 854 2650 926 διδομένῳ
2674 854 3004 926 χαρίσματι·
3045 850 3220 914 οὕτως
3248 845 3388 905 οἶδεν
3434 847 3776 921 ἁρέσκουσαν

503 945 826 1018 simpliciter
858 960 918 1002 se
964 944 1069 1001 iter
1121 944 1189 999 ad
1246 958 1342 1000 eos
1383 943 1699 1015 expetiisse,
1755 941 1850 998 sed
1882 942 1937 997 in
1997 956 2090 996 vo-

502 1039 715 1093 luntate
761 1035 880 1092 Dei.
938 1034 997 1091 Si
1061 1036 1183 1100 hoc,
1231 1034 1429 1106 inquit,
1504 1034 1682 1107 placet
1748 1048 1930 1090 rerum
1972 1048 2121 1089 om-.

502 1131 655 1184 nium
702 1127 1093 1185 Gubernatori.
1128 1126 1284 1194 Quod
1317 1127 1384 1192 si,
1417 1127 1507 1182 ubi
1562 1126 1630 1182 de
1691 1126 2088 1189 toLhominum

502 1219 810 1292 myriadum
840 1222 859 1241 "
902 1219 1084 1277 salute
1136 1218 1339 1291 agitur,
1371 1218 1505 1274 nihil
1566 1217 1887 1301 indis}incte
1934 1216 2089 1288 petiit

500 1309 726 1367 divinus
771 1309 1095 1381 Apostolus,
1132 1309 1228 1367 sed
1264 1307 1520 1380 petitioni
1547 1305 1790 1362 divinam
1825 1304 2083 1361 volunta-

2192 943 2271 1015 τῷ
2297 942 2416 1015 Θεῷ
2449 944 2544 996 τοῦ
2596 941 2938 1011 Μονογενοῦς
2989 939 3090 1010 τὴν
3144 940 3333 1011 τιμήν.
3394 935 3674 1008 Ἀκριὸείᾳ
3717 931 3776 987 δὲ

2194 1034 2498 1106 χρώμενος,
2556 1035 2654 1105 οὐχ
2703 1033 2892 1097 ἁπλῶς
2945 1028 3101 1089 εἶπεν
3161 1030 3425 1102 ῄτηκέναι
3480 1029 3580 1098 τὴν
3636 1029 3774 1098 πρὸς
3860 1050 3871 1059 ί

2191 1127 2392 1190 αὐτοὺς
2435 1125 2688 1197 πορείαν,
2730 1124 2848 1179 ἀλλ’
2881 1125 2939 1178 ἐν
2962 1124 3041 1196 τῷ
3076 1123 3347 1195 θελήματι
3377 1118 3471 1175 τοῦ
3500 1119 3659 1173 Θεοῦ.
3709 1121 3772 1173 Et

2190 1222 2345 1276 τοῦτο
2366 1265 2381 1285 ,
2413 1222 2599 1291 φησιν,
2632 1220 2857 1291 ἀρέσκει
2904 1217 2983 1289 τῷ
3017 1216 3350 1288 Κυϐερνήτῃ
3371 1211 3481 1266 τῶν
3512 1211 3649 1265 ὅλων
3679 1227 3693 1241 ’
3724 1212 3773 1264 εί

2188 1314 2246 1368 δὲ
2272 1314 2405 1369 ὅπου
2438 1312 2683 1383 σωτηρία
2709 1310 2987 1383 μυριάδων
3009 1307 3302 1375 τοσούτων,
3324 1304 3479 1359 οὐδὲν
3504 1302 3773 1374 ἀορίστως

502 1413 610 1459 tem
640 1401 952 1475 conjunxit,
982 1416 1223 1473 quanam
1253 1401 1410 1457 venia
1443 1399 1597 1472 digni
1630 1414 1845 1466 sumus,
1880 1398 1975 1469 qui
2018 1398 2080 1453 de

2188 1405 2393 1477 ⁴ᾔτησεν
2452 1406 2481 1457 ὁ
2533 1403 2676 1466 θεῖος
2723 1400 3067 1465 Ἀπόστολος,
3125 1396 3261 1453 ἀλλὰ
3313 1399 3382 1468 τῇ
3442 1395 3658 1465 αἰτήσει
3708 1392 3772 1446 τὸ

500 1497 668 1554 rebus
687 1495 1042 1553 sensibilibus
1060 1502 1116 1551 et
1132 1493 1459 1552 disserimus
1482 1501 1536 1548 et
1557 1506 1654 1550 eas
1674 1499 1951 1564 optamus,
1984 1504 2080 1546 nec

2187 1497 2329 1551 θεῖον
2352 1495 2606 1563 συνέταξε
2627 1494 2861 1565 θέλημα,
2887 1492 3044 1555 ποίας
3070 1492 3231 1562 ἡμεῖς
3249 1487 3388 1554 ἄξιοι
3412 1484 3767 1556 συγγνώμης,

502 1596 692 1645 nostra
711 1589 896 1644 omnia
918 1586 1119 1645 divinae
1134 1584 1398 1642 voluntati
1421 1584 1809 1656 permittimus,
1829 1582 1898 1638 ab
1911 1596 2080 1653 eaque

2187 1590 2317 1660 περὶ
2348 1588 2625 1660 αἰσθητῶν
2665 1587 3035 1660 πραγμάτων,
3080 1584 3175 1637 καὶ
3223 1580 3619 1651 διαλεγόμενοι,
3673 1577 3769 1630 καὶ

499 1679 806 1751 pendemus
831 1679 871 1759 ?_
1263 1722 1267 1729 .
2185 1658 2509 1754 εὐχόμενοι,
2554 1682 2649 1735 καὶ
2699 1658 2799 1750 τῆς
2843 1677 2993 1741 θείας
3050 1674 3244 1747 βουλῆς
3298 1674 3400 1728 οὐκ
3435 1670 3770 1742 ὲξαρτῶντες

2184 1772 2252 1829 τὰ
2281 1772 2405 1828 καθ’
2436 1774 2586 1844 ἡμᾶς
2604 1791 2620 1837 ;

571 1856 740 1917 Vens.
779 1859 865 1917 11.
900 1859 1066 1929 Cupio
1090 1860 1232 1916 enim
1260 1860 1432 1915 videre
1458 1875 1568 1925 vos,
1594 1865 1652 1910 ut
1680 1857 1951 1926 impertiar
1973 1857 2079 1911 ali-

2255 1873 2348 1924 ια’.
2408 1863 2701 1920 Ἐπιποθῶ
2755 1862 2865 1932 γὰρ
2897 1858 3046 1916 ὶδεῖν
3081 1856 3259 1927 ὑμᾶς,
3303 1856 3405 1910 ἵνα
3443 1872 3497 1909 τι
3536 1849 3773 1924 μεταδῶ

497 1950 624 2021 quid
655 1953 853 2022 gratia:
883 1922 1207 2021 spiritualis.
1228 1950 1370 2007 Sunt
1400 1954 1515 2007 haec
1548 1922 1656 2022 i9
1676 1922 1797 2021 quas
1821 1949 2080 2006 dicuntur

2186 1922 2453 2027 χάρισμα
2474 1954 2619 2026 ὑμῖν
2645 1922 3076 2024 πνελιιλατικόν.
3105 1922 3377 2027 ’Ϊαπεινοῦ
3420 1922 3769 2016 φρονήματος

498 2041 657 2111 plena
678 2042 1024 2100 humilitatis.
1071 2041 1193 2099 Non
1224 2045 1372 2100 enim
1404 2042 1564 2106 dixit,
1608 2050 1667 2097 ut
1706 2041 1853 2106 dem,
1900 2041 1995 2097 sed
2026 2051 2080 2095 ut

2187 2025 2555 2121 τὰείρημένα
2606 2047 2799 2120 μεστά.
2860 2045 2937 2099 Οὐ
2992 2042 3102 2114 γὰρ
3132 2025 3310 2107 εἶπεν,
3348 2039 3471 2092 Ἵνα
3503 2036 3598 2102 δῶ,
3630 2034 3767 2097 ἀλλ’,

496 2130 793 2200 impertiar.
843 2132 1205 2191 Communico
1254 2134 1400 2190 enim
1443 2133 1595 2191 exiis
1618 2147 1739 2205 quae
1776 2132 1983 2203 accepi.
2019 2130 2080 2187 Et

2188 2142 2324 2197 Ἵνα
2350 2139 2598 2210 μεταδῶ·
2619 2139 2712 2210 ἀφ’
2736 2131 2813 2193 ὧν
2842 2136 2950 2207 γὰρ
2977 2134 3187 2198 ἔλαϐον,
3211 2132 3425 2202 δίδωμι.
3451 2130 3561 2184 Kal.
3581 2127 3769 2198 ἐπειδὴ

495 2223 624 2293 quia
650 2223 860 2294 primus
889 2224 971 2282 eis
990 2240 1222 2297 magnus
1253 2223 1452 2282 Petrus
1501 2224 1811 2280 doctrinam
1848 2236 2080 2294 evange-

2186 2231 2406 2305 πρῶτος
2458 2231 2645 2295 αὐτοῖς
2692 2231 2721 2282 ὁ
2783 2228 2957 2300 μέγας
3007 2227 3215 2298 Πέτρος
3259 2225 3359 2294 τὴν
3406 2220 3769 2292 εὐαγγελικὴν

497 2313 658 2369 licam
690 2314 945 2385 prtebuit,
979 2316 1297 2374 necessario
1346 2315 1565 2372 intulit:
1587 2316 1668 2371 Ad
1689 2313 2080 2385 conﬁrmandos

2184 2323 2536 2380 διδασκαλίαν
2595 2322 2996 2394 προσήνεγκεν,
3075 2315 3393 2385 ἀναγκαίως
3460 2312 3763 2384 ἐπήγαγεν·

496 2422 605 2463 vos.
626 2406 744 2463 Non
765 2409 910 2464 enim
933 2410 1118 2476 aliam,
1140 2410 1339 2482 inquit,
1364 2410 1673 2467 doctrinam
1695 2408 1851 2466 vobis
1867 2408 2080 2474 aﬂ'erre,

2182 2417 2286 2480 Εἰς
2328 2415 2395 2469 τὸ
2441 2412 2841 2484 στηριχθῆναι
2865 2413 3041 2485 ὑμᾶς.
3101 2414 3177 2468 Οὐ
3218 2411 3329 2483 γὰρ
3383 2411 3577 2483 ἑτέραν
3616 2412 3767 2482 ὑμῖν,

497 2498 594 2554 sed
628 2514 749 2555 eam
781 2516 904 2571 quae
927 2500 1041 2572 jam
1065 2501 1251 2558 oblata
1277 2508 1364 2557 est
1393 2500 1748 2566 conﬁrmare,
1774 2506 1831 2556 et
1854 2498 2080 2554 arbores

2185 2504 2341 2577 φησι,
2402 2503 2754 2558 διδασκαλίαν
2808 2504 3146 2576 προσφέρειν
3194 2502 3261 2568 ¹⁸,
3322 2499 3462 2554 ἀλλὰ
3517 2500 3620 2573 τὴν
3665 2499 3768 2573 ἤδη

490 2592 607 2662 jam
636 2592 914 2664 plantatas
948 2593 1182 2667 irrigare
1207 2594 1354 2650 volo.
1384 2592 1592 2651 Deinde
1647 2607 1844 2650 rursus
1880 2591 2080 2648 oratio-

2185 2594 2647 2668 προσενεχθεῖσαν
2699 2593 3109 2665 βεϐαιώσασθαι
3171 2593 3456 2665 βούλομαι,
3515 2593 3608 2647 καὶ
3654 2595 3769 2656 τοῖς

497 2700 620 2742 nem
649 2684 821 2741 multa
852 2686 1026 2758 replet
1054 2686 1449 2744 moderatione.

567 2945 729 3005 Vens.
768 2949 851 3004 12.
901 2949 1015 3008 Hoc
1038 2959 1214 3008 autem
1241 2962 1320 3008 est
1365 2952 1526 3006 simul
1561 2951 1825 3007 consolari
1857 2953 1913 3007 in
1938 2952 2081 3008 vobis

492 3056 587 3111 per
629 3057 747 3097 eam
795 3058 913 3113 quae
973 3044 1193 3100 invicem
1230 3053 1305 3100 est
1339 3044 1499 3115 ﬁdem
1543 3051 1770 3099 vestram
1799 3053 1849 3099 et
1884 3059 2078 3099 meam.

494 3131 612 3188 Non
643 3135 825 3192 solum
851 3136 999 3194 enim
1019 3136 1147 3194 volo
1168 3136 1323 3205 dare,
1364 3137 1461 3194 sed
1489 3137 1651 3193 etiam
1679 3151 1709 3191 a
1735 3136 1892 3193 vobis
1939 3137 2082 3192 acci-

2185 2690 2286 2763 ήδη
2323 2688 2635 2760 φυτευθεῖσι
2687 2690 2874 2760 φυτοῖς
2929 2687 3026 2760 τὴν
3081 2687 3307 2759 ἀρδείαν
3354 2686 3764 2757 προσενεγκεῖν.

2182 2778 2318 2838 Εἶτα
2376 2780 2539 2836 πάλιν
2600 2780 2957 2852 μετριότητος
3005 2778 3208 2850 πολλῆς
3250 2778 3341 2832 τὸν
3389 2777 3546 2846 λόγον
3599 2776 3768 2847 ἐμπί-

2182 2876 2373 2948 πλησι.

2255 2967 2345 3041 ιβ’.
2382 2968 2565 3024 Τοῦτο
2602 2967 2671 3023 δέ
2726 2968 2857 3022 ἐστι
2890 2963 3480 3039 συμπαρακληθῆναι
3520 2964 3592 3018 ἐν
3623 2961 3771 3033 ὑμῖν

2180 3059 2279 3116 διὰ
2306 3059 2418 3131 τῆς
2453 3059 2523 3114 ἐν
2551 3058 2850 3125 ἀλλήλοις
2882 3057 3145 3123 πίστεως
3178 3054 3347 3126 ὑμῶν
3374 3072 3438 3109 τε
3465 3054 3563 3109 καὶ
3594 3054 3764 3124 ἐμοῦ.

2181 3153 2256 3208 Οὒ
2289 3151 2398 3222 γὰρ
2425 3150 2586 3222 μόνον
2608 3148 2794 3204 δοῦναι
2831 3147 3109 3219 βούλομαι,
3140 3145 3276 3199 ἀλλὰ
3304 3146 3399 3199 καὶ
3424 3144 3607 3198 λαϐεῖν
3636 3142 3769 3212 παρ’

495 3242 645 3297 pere.
696 3226 913 3284 Excitat
936 3237 1119 3288 autem
1204 3238 1259 3284 et
1306 3229 1626 3301 magistrum
1682 3227 2075 3299 discipulorum

2183 3242 2359 3314 ὑμῶν.
2420 3240 2744 3313 Παρακαλεῖ
2786 3239 2843 3293 δὲ
2894 3238 2988 3292 καὶ
3034 3237 3357 3293 διδάσκαλον
3406 3238 3441 3308 ἡ
3486 3234 3772 3306 προθυμία

495 3321 776 3378 alacritas.

563 3410 732 3470 Vens.
770 3414 857 3471 15.
903 3413 1046 3471 Nolo
1074 3424 1252 3471 autem
1288 3431 1374 3470 vos
1403 3415 1671 3485 ignorare,
1694 3415 1916 3486 fratres,
1937 3415 2077 3487 quod

494 3520 631 3576 stupe
653 3506 903 3577 proposui
930 3505 1001 3561 ad
1032 3524 1120 3564 vos
1150 3507 1342 3572 venire,
1375 3516 1425 3562 et
1462 3506 1759 3577 prohibitus
1802 3524 1921 3563 sum
1979 3525 2074 3563 us-

493 3613 593 3666 que
622 3597 811 3655 adhuc.
837 3597 904 3653 Et
933 3599 1275 3669 propositum
1312 3599 1576 3665 ostendit,
1601 3608 1655 3655 et
1681 3599 2077 3671 providentiam

494 3689 813 3747 declaravit.
838 3690 1032 3748 Divina
1054 3691 1224 3757 enim,
1248 3689 1452 3763 inquit,
1473 3693 1644 3763 gratia
1665 3708 1751 3748 me
1782 3699 1842 3748 ut
1861 3694 1976 3749 vult
1993 3707 2080 3750 re-

494 3783 596 3855 git.
630 3782 770 3839 Cum
796 3794 978 3841 autem
1002 3784 1426 3856 interposuisset
1448 3783 1605 3852 illud,
1639 3784 1945 3841 Prohibitus
1961 3802 2076 3841 sum

493 3878 779 3948 hucusque,
820 3877 980 3934 docet
999 3879 1243 3949 apertius
1266 3878 1623 3950 quamobrem
1652 3878 1721 3933 ad
1760 3878 1909 3949 ipsos
1929 3879 2080 3935 veni-

494 3984 555 4026 re
596 3969 850 4026 voluerit.
885 3968 953 4025 Ut
987 3970 1218 4042 aliquem
1264 3970 1500 4043 fructum
1548 3971 1603 4025 in
1647 3970 1788 4026 vobis
1832 3970 2074 4036 habeam,

493 4064 628 4119 sicut
655 4072 706 4119 et
731 4064 789 4118 in
815 4063 1022 4119 caeteris
1054 4063 1318 4133 gentibus.

569 4248 737 4304 Vens.
770 4248 860 4316 14,
900 4248 986 4304 £5.
1027 4246 1228 4305 Graecis
1265 4258 1315 4304 et
1336 4248 1618 4316 Barbaris,
1648 4252 1975 4321 sapientibus
2028 4258 2079 4304 et

494 4340 865 4410 insipientibus
895 4340 1102 4397 debitor
1135 4356 1273 4398 sum.
1309 4343 1398 4397 Ita
1422 4341 1560 4413 quod
1582 4343 1635 4396 in
1672 4359 1754 4397 me
1780 4349 2080 4411 proruptum

494 4438 571 4484 est
597 4437 649 4486 et
686 4429 834 4487 vobis
891 4431 984 4501 qui
1044 4429 1226 4488 Romae
1281 4433 1409 4488 estis
1445 4432 1831 4504 euangelizare.
1879 4430 2082 4487 Doctor

495 4520 744 4578 omnium
800 4522 1043 4594 gentium
1105 4523 1442 4581 constitutus
1503 4539 1649 4580 sum.
1705 4522 2077 4589 Quamobrem

2178 3336 2289 3390 τῶν
2321 3334 2602 3407 μαθητῶν.

2255 3435 2342 3499 ιγ’.
2379 3429 2463 3482 Οὐ
2510 3424 2662 3482 θέλω
2710 3424 2779 3478 δὲ
2834 3420 2993 3493 ὑμᾶς
3036 3421 3279 3491 ἀγνοεῖν
3304 3462 3319 3486 ,
3354 3418 3607 3489 ἀδελφοὶ
3630 3462 3645 3486 ,
3677 3418 3769 3473 ὅτι

2180 3519 2479 3586 πολλάκις
2506 3516 2842 3588 προεθέμην
2880 3514 3083 3570 ἐλθεῖν
3111 3512 3264 3583 πρὸς
3288 3510 3464 3582 ὑμᾶς,
3488 3512 3587 3565 καί
3621 3512 3767 3565 ἐκω-
3838 3518 3845 3523 ’

2178 3615 2377 3682 λύθην
2428 3611 2569 3681 ἄχρι
2603 3608 2712 3664 τοῦ
2750 3607 2945 3678 δεῦρο.
2981 3607 3094 3662 Καὶ
3124 3605 3224 3676 τὴν
3282 3603 3537 3676 πρόθεσιν
3575 3602 3763 3670 ἔδειξε,

2181 3704 2277 3760 καὶ
2303 3702 2402 3774 τὴν
2435 3701 2748 3772 οἰκονομίαν
2777 3699 3065 3770 ἐδήλωσεν.
3103 3698 3169 3751 Ἥ
3199 3696 3320 3751 θεία
3344 3695 3454 3767 γάρ
3477 3712 3544 3767 με
3580 3695 3761 3766 χάρις,

2180 3795 2367 3868 φησὶν,
2407 3793 2485 3857 ὡς
2521 3790 2772 3862 βούλεται
2815 3789 3076 3862 κυϐερνᾷ.
3107 3785 3380 3850 Τεθεικὼς
3420 3786 3479 3839 δὲ
3513 3786 3572 3839 ὲν
3610 3784 3764 3855 μέσῳ

2179 3886 2240 3941 τὸ
2269 3885 2583 3953 ἐκωλύθην
2611 3883 2750 3952 ἄχρι
2774 3880 2883 3936 τοῦ
2910 3880 3087 3948 δεῦρο
3109 3919 3123 3943 ,
3152 3878 3396 3932 διδάσκει
3429 3876 3764 3947 σαφέστερον

2180 3977 2324 4042 τίνος
2350 3977 2535 4032 ἕνεκεν
2578 3974 2713 4048 πρὸς
2754 3972 2950 4036 αὐτοὺς
2994 3969 3249 4025 ἀπελθεῖν
3279 3969 3551 4040 ἠϐουλήθη
3577 3985 3589 4000 ο
3628 3967 3764 4022 Ἵνα

2182 4068 2314 4123 τινὰ
2338 4066 2573 4136 καρπὸν
2595 4065 2725 4134 σχῶ
2754 4064 2852 4118 καὶ
2879 4063 2950 4118 ἐν
2977 4060 3141 4132 ὑμῖν,
3176 4061 3376 4128 καθὼς
3419 4059 3518 4115 καί
3540 4060 3610 4115 ὲν
3639 4058 3763 4126 τοῖς

2180 4158 2418 4226 λοιποῖς
2449 4157 2712 4212 ἔθνεσιν.

2254 4252 2335 4318 ιδ’,
2384 4257 2466 4304 ιε’.
2503 4248 2773 4317 ’Ἐλλησί
2810 4264 2873 4303 τε
2919 4247 3018 4301 καί
3055 4244 3405 4315 βαρϐάροις,
3447 4244 3662 4315 σοφοῖς
3702 4258 3766 4296 τε

2181 4343 2279 4397 καὶ
2320 4340 2599 4408 ἀνοήτοις
2649 4338 2969 4409 ὀφειλέτης
3004 4340 3144 4411 ειμι.
3181 4338 3345 4393 Οὕτω
3382 4338 3450 4391 τὸ
3497 4335 3625 4391 κατ’
3659 4333 3765 4403 ἐμὲ

2181 4436 2488 4504 πρόθυμον
2503 4431 2600 4487 καὶ
2622 4431 2767 4502 ὑμῖν
2780 4431 2904 4499 τοῖς
2925 4431 2994 4486 ἐν
3020 4430 3211 4501 Ῥώμῃ
3232 4429 3759 4499 εὐαγῃελίσασθαι.

2180 4526 2304 4583 Τῶν
2332 4524 2501 4579 ἐθνῶν
2549 4524 2806 4580 ἁπάντων
2854 4523 3269 4596 έχειροτονήθην
3309 4520 3650 4584 διδάσκαλος.
3686 4513 3762 4573 Οὗ

497 4613 673 4672 debeo
699 4614 960 4672 omnibus
987 4615 1249 4672 doctrina:
1269 4615 1538 4682 debitum,
1582 4630 1691 4671 non
1717 4614 1895 4671 solum
1923 4610 2074 4667 Cra:-

2182 4618 2243 4690 δὴ
2270 4618 2430 4689 χάριν
2454 4617 2619 4671 πᾶσιν
2656 4615 2859 4686 ὀφείλω
2881 4616 2980 4686 τῆς
3004 4612 3350 4676 διδασκαλίας
3383 4610 3443 4665 τὸ
3467 4610 3646 4682 χρέος,
3670 4609 3762 4663 καὶ

495 4705 599 4773 eis,
625 4704 724 4761 sed
755 4705 918 4761 etiam
941 4705 1218 4765 Barbarie.
1249 4707 1546 4781 Pr0pterea
1577 4707 1723 4765 enim
1747 4714 1803 4762 et
1832 4704 2078 4760 diversas

496 4794 658 4851 nobis
686 4793 841 4850 dedit
883 4796 1098 4870 linguas
1132 4798 1378 4871 Spiritus
1411 4799 1587 4855 sancti
1629 4799 1827 4871 gratia,
1857 4807 1913 4852 ct
1945 4810 2079 4851 con-

497 4887 649 4944 venit
678 4894 790 4943 tum
824 4888 893 4947 iis
922 4890 1017 4961 qui
1058 4890 1127 4947 de
1172 4891 1426 4947 doctrina
1464 4906 1525 4947 se
1552 4888 1811 4955 eil‘erunt,
1864 4895 1979 4942 tum
2010 4887 2079 4943 iis

496 4980 590 5051 qui
621 4986 877 5051 expertes
904 4991 1034 5039 sunt
1065 4984 1329 5052 scientiae,
1354 4983 1603 5040 debitum
1627 4982 1933 5038 exsolvere.
1966 4979 2073 5036 Sa-

492 5074 689 5142 pientes
718 5075 862 5131 enim
894 5091 991 5134 eos
1019 5077 1280 5149 appellat,
1322 5077 1414 5147 qui
1441 5075 1551 5144 20
1586 5080 1812 5144 propter
1859 5072 2079 5130 dicendi

499 5166 818 5225 facultatem
862 5168 1171 5225 eti‘eruntur
1206 5168 1558 5236 :insipientes
1592 5173 1776 5221 autem
1830 5180 1945 5232 eos,
1986 5167 2079 5239 qui

495 5261 565 5316 ab
595 5260 665 5317 iis
706 5260 797 5331 qui
830 5258 1092 5317 dicuntur
1138 5259 1417 5330 sapientes
1462 5265 1688 5326 propter
1742 5257 2075 5329 imperitiam

496 5352 569 5406 ita
600 5363 889 5409 vocantur.
934 5351 1004 5408 Et
1052 5350 1315 5422 quoniam
1365 5362 1475 5404 non
1505 5361 1698 5403 omnes
1753 5347 2032 5421 Evangelii
2059 5355 2074 5372 '

493 5443 941 5514 praedicationem
972 5440 1371 5512 suscipiebant,
1402 5437 1599 5495 merito
1642 5439 1843 5510 adjecit
1873 5460 1887 5497 :
1921 5440 2075 5509 Quod

493 5540 548 5591 in
590 5552 670 5592 me
704 5545 1006 5605 promptum
1029 5529 1350 5586 est.Meum
1408 5537 1492 5584 est
1530 5529 1674 5585 enim
1731 5533 2073 5603 praedicare;

497 5628 835 5685 audientium
861 5632 1042 5680 autem
1072 5620 1315 5678 credere.
1358 5619 1625 5687 Quoniam
1654 5633 1835 5681 autem
1877 5627 2072 5698 praedi-

2174 4711 2274 4783 οὐχ
2307 4709 2533 4781 Ἕλλησι
2567 4709 2749 4779 μόνον,
2772 4706 2909 4761 ἀλλὰ
2938 4707 3032 4760 καὶ
3067 4704 3385 4777 βαρϐάροις.
3416 4701 3511 4755 Διὰ
3544 4701 3653 4772 γάρ
3679 4716 3761 4753 τοι

2176 4801 2336 4857 τοῦτο
2388 4802 2482 4856 καὶ
2512 4800 2611 4865 τὰς
2658 4800 2951 4870 διαφόρους
2985 4797 3232 4867 γλώττας
3288 4795 3516 4849 δέδωκεν
3547 4795 3676 4864 ἡμῖν
3726 4794 3760 4862 ή

2174 4892 2269 4948 τοῦ
2319 4891 2635 4963 Πνεύματος
2665 4892 2848 4963 χάρις,
2895 4890 2990 4945 καὶ
3048 4889 3317 4961 προσήκει
3366 4888 3466 4959 μὲν
3506 4888 3600 4940 καὶ
3648 4888 3761 4949 τοῖς

2178 4984 2273 5038 ἐπὶ
2296 4983 2515 5055 παιδείᾳ
2550 4983 2695 5054 μέγα
2733 4981 3012 5055 φρονοῦσι,
3033 4982 3129 5035 καὶ
3153 4982 3267 5044 τοῖς
3293 4980 3468 5050 λόγων
3498 4979 3764 5050 ἀμυήτοις

2179 5078 2392 5133 ἐκτῖσαι
2441 5076 2503 5130 τὸ
2535 5075 2778 5145 ὄφλημα.
2804 5073 2978 5129 Καλεῖ
3008 5073 3116 5145 γὰρ
3146 5071 3380 5142 σοφοὺς
3402 5072 3501 5141 μὲν
3524 5071 3652 5133 τοὺς
3675 5070 3764 5123 ἐπ’

2178 5169 2483 5240 εὐγλωττίᾳ
2535 5165 2987 5238 βρενθυομένους,
3017 5164 3319 5232 ἀνοήτους
3372 5163 3430 5216 δὲ
3486 5164 3611 5225 τοὺς
3658 5162 3764 5215 ὑπὸ

2178 5263 2287 5318 τῶν
2316 5260 2667 5333 καλουμένων
2697 5258 2878 5329 σοφῶν
2920 5258 2988 5311 δι’
3022 5257 3382 5313 ἀπαιδευσίαν
3413 5255 3557 5310 οὕτω
3594 5273 3766 5328 προσ-

2180 5352 2632 5427 αγορευομένους.
2674 5349 2786 5405 Καὶ
2836 5348 3025 5419 ἐπειδὴ
3052 5348 3112 5402 οὐ
3159 5349 3360 5413 πάντες
3392 5348 3638 5419 ἐδέχοντο
3666 5346 3762 5400 τοῦ

2182 5444 2519 5513 Εὐαγγελίου
2566 5443 2627 5497 τὸ
2675 5444 2962 5514 κήρυγμα,
2994 5440 3222 5503 εἰκότως
3271 5440 3646 5511 προστέθεικε·
3690 5440 3763 5494 Τὸ

2183 5538 2312 5590 κατ’
2331 5534 2435 5606 ἐμὲ
2461 5536 2790 5604 πρόθυμον.
2807 5534 2969 5604 Ἐμὸν
2995 5532 3103 5604 γὰρ
3119 5533 3179 5585 τὸ
3194 5533 3506 5604 κηρύττειν,
3531 5530 3593 5584 τὸ
3618 5529 3674 5584 δέ
3697 5547 3761 5598 γε

2184 5627 2463 5680 πιστεύειν
2492 5627 2598 5680 τῶν
2650 5626 2977 5680 ἀκουόντων.
3023 5624 3135 5678 Καὶ
3166 5624 3352 5697 ἐπειδὴ
3392 5625 3451 5678 τὸ
3497 5625 3759 5694 κήρυγμα

1812 5801 2043 5858 VARUE
2081 5802 2488 5861 LECTIONES.

460 5905 465 5919 '
573 5915 615 5947 ¹³
642 5910 1009 5971 (Ecumenius
1048 5930 1060 5968 :
1093 5910 1280 5983 ἔφησε.

1387 5915 1426 5948 ⁸⁵
1450 5915 1613 5970 αὑτοῦ
1649 5917 1796 5975 deest
1832 5918 1884 5974 in
1920 5919 2277 5976 OEcruncnio.

2385 5923 2424 5951 ’³
2450 5920 2489 5975 Β
2518 5920 2831 5991 ποοτῖέριο.
2871 5921 3033 5977 Hcrv.
3071 5921 3258 5980 affero.
