4124 6442
405 456 480 524 δθ

411 567 587 624 solum
623 582 741 638 quae
777 567 936 622 nobis
977 567 1288 631 evhibctnr,
1325 565 1431 636 22
1464 567 1555 622 sed
1593 575 1647 621 et
1690 568 1835 622 illam
1871 584 1990 638 qum

2096 571 2157 638 τῇ
2189 572 2247 620 ἐκ
2280 569 2488 642 νεκρῶν
2531 571 2841 630 ἀναστάσει,
2869 570 3032 640 φηςιλ,
3059 570 3150 622 71‘.
3184 575 3244 636 τζῖ
3303 571 3384 623 ιιῗε,

411 659 466 713 in
498 659 619 728 ipso
649 659 1077 729 dispensationis
1125 661 1384 729 mysterio
1441 670 1627 725 aperte
1659 661 1986 715 ostenditur.

409 747 529 804 Non
569 750 716 803 enim
751 751 801 804 vi
835 758 1076 805 nostram
1125 751 1356 803 salutem
1413 751 1839 810 administravit,
1890 766 1990 804 nec

413 842 646 910 imperio
675 856 737 894 ac
759 842 924 896 verbo
951 841 1144 894 mortis
1174 841 1466 908 potentiam
1492 841 1681 894 evertit
1706 859 1720 906 ;
1757 843 1849 894 sed
1905 842 1991 910 ju-

411 933 618 987 stitiam
651 933 1023 1004 misericordia
1054 931 1394 1002 temperavit.
1431 930 1490 984 Et
1532 932 1710 1004 ipsum
1743 934 1989 1004 unigeni-

412 1036 530 1078 tum
567 1024 657 1079 Dei
693 997 951 1088 Verblum,
1000 1024 1194 1078 Adami
1238 1032 1488 1077 naturam
1535 1024 1806 1087 indutum,
1861 1040 1986 1080 eum

413 1114 480 1168 ab
515 1113 660 1167 omni
695 1121 919 1184 peccato
975 1114 1269 1167 immunem
1313 1111 1462 1167 illam
1521 1121 1816 1179 servasset,
1867 1127 1986 1168 eam

411 1220 511 1273 pro
573 1205 734 1260 nobis
784 1205 1009 1268 obtulit,
1067 1212 1120 1258 et
1179 1213 1388 1260 natura:
1441 1205 1624 1260 debito
1682 1207 1985 1276 persoluto,

411 1310 701 1352 commune
726 1299 973 1352 omnium
1003 1298 1286 1351 hominum
1311 1296 1552 1351 debitum
1577 1297 1851 1354 dissolvit.
1883 1296 1989 1352 Sed

410 1386 635 1442 divinus
661 1389 958 1456 Apostolus
981 1389 1096 1443 haec
1124 1403 1226 1443 nos
1253 1388 1412 1442 docet
1435 1391 1678 1459 apertius
1707 1389 1756 1441 in
1777 1390 1992 1456 iis'qnae

411 1491 742 1550 sequuntur.
777 1477 889 1535 Nos
934 1489 1116 1534 autem
1165 1477 1672 1549 interpretationem
1709 1482 1987 1551 sigillatim

413 1584 829 1639 persequamur.
863 1568 1000 1624 Cum
1033 1569 1218 1639 itaque
1251 1569 1482 1624 dixisset
1532 1568 1736 1626 Judmis
1761 1579 1813 1624 ct
1843 1570 1985 1625 Grat-

414 1661 496 1712 cis
531 1659 844 1714 volentibus
873 1658 1066 1714 adesse
1117 1660 1371 1721 salutem,
1404 1659 1610 1712 dictum
1653 1673 1812 1713 suum
1844 1659 1993 1713 Scri-

410 1759 586 1822 ptuiaa
662 1751 976 1806 testimonio
1037 1750 1404 1816 conﬁrmavit,
1457 1757 1510 1806 et
1575 1751 1712 1806 dixit
1777 1769 1790 1806 :
1840 1749 1991 1807 Sicut

409 1845 660 1912 scriptum
693 1852 770 1897 est
811 1857 829 1896 :
865 1841 1055 1897 Justus
1095 1852 1269 1897 autent
1309 1859 1374 1896 ex
1425 1843 1532 1914 [ide
1573 1844 1716 1900 vivit.
1751 1843 1865 1900 Hoc
1895 1861 1992 1900 au-

409 1944 517 1990 tem
550 1934 862 1990 Judaeorum
903 1939 1077 2007 gratia
1111 1937 1312 2006 posuit,
1346 1932 1560 1992 docens'
1593 1951 1690 1993 eos
1746 1953 1854 1992 non
1908 1939 1986 1994 le-
2024 1918 2064 1975 Β

407 2028 582 2096 galem
622 2028 861 2083 retinere
907 2029 1338 2090 institutionem,
1391 2028 1487 2084 sed
1513 2045 1648 2084 suos
1693 2031 1990 2100 prophetas

409 2119 585 2189 sequi.
618 2116 685 2172 Hi
736 2119 880 2173 enim
929 2121 1119 2175 multis
1167 2128 1314 2176 retro
1345 2121 1561 2176 saeculis
1595 2121 1835 2177 futuram
1895 2139 1991 2194 per

411 2211 568 2266 fidem
599 2211 826 2266 salutem
868 2209 1257 2280 praedicarunt.
1321 2211 1460 2268 Hinc
1499 2213 1683 2281 itaque
1717 2213 1990 2269 desistens

406 2301 624 2358 Judaaos
655 2301 890 2372 primum
959 2317 1249 2368 accusare,
1308 2318 1499 2360 onmes
1546 2305 1688 2360 alios
1739 2305 1990 2362 homines

408 2403 655 2459 accusat,
679 2403 738 2451 ut
765 2395 859 2466 qui
891 2395 1063 2466 legem
1087 2397 1144 2450 in
1181 2404 1378 2450 natura
1410 2396 1480 2451 ab
1517 2394 1726 2467 Opiﬁee
1755 2397 1988 2468 positam

409 2489 617 2558 absque
649 2487 760 2542 ullo
789 2493 935 2542 metu
959 2486 1337 2542 transilierint.
1367 2485 1574 2543 Horum
1615 2497 1796 2545 autem
1829 2504 1991 2545 accu-

411 2579 555 2634 satio
609 2579 771 2634 habet
829 2579 992 2634 etiam
1047 2578 1421 2634 defensionem
1502 2578 1802 2636 Creatoris.
1852 2579 1990 2637 Cum

407 2671 554 2724 enim
584 2685 680 2727 eos
719 2669 980 2733 condidit,
1009 2685 1114 2724 non
1161 2671 1408 2740 permisit
1440 2677 1499 2726 ut
1561 2671 1848 2728 brutorum
1901 2672 1991 2728 in-

415 2770 538 2815 star
583 2760 868 2828 viverent';
902 2759 996 2816 sed
1033 2760 1246 2814 ratione
1280 2760 1589 2826 honoravit,
1618 2769 1674 2815 et
1723 2760 1991 2831 judicium

409 2851 581 2914 dedit,
630 2851 1012 2920 honorumque
1037 2865 1102 2906 ac
1145 2851 1550 2908 contrariorum
1603 2849 1871 2922 judicium
1903 2853 1990 2906 in-

411 2942 567 2998 didit.
627 2942 694 2997 Et
745 2944 848 2998 hoc
905 2943 1108 2999 dictum
1139 2959 1242 3000 suo
1297 2944 1612 2999 testimonio
1662 2943 1994 3001 conﬁrmant

410 3033 504 3101 qui
525 3041 652 3088 ante
674 3033 850 3104 legem
876 3031 1175 3090 Mosaieam
1195 3033 1400 3089 virtute
1420 3040 1476 3089 et
1496 3034 1700 3105 pietate
1717 3035 1996 3092 excellue-

413 3133 561 3194 runt,
593 3134 646 3180 et
669 3125 763 3196 qui
799 3140 997 3182 rursus
1050 3123 1156 3181 iter
1181 3124 1526 3179 contrarium
1555 3122 1796 3195 ingressi
1841 3138 1991 3181 sunt.

1403 456 1890 518 THEODORETI
1926 439 2268 520 muscum
2308 463 2674 523 cvnsxsrs
3606 467 3674 532 60

3446 573 3457 590 ο
3541 574 3566 594 ν

3388 594 3502 641 ,νιῳ
3536 581 3667 647 quis,

2096 661 2191 713 καὶ
2215 665 2277 731 τῇ
2311 663 2560 734 βασιλεία
2591 665 2698 716 τῶν
2750 663 3018 734 οὐρανῶν.
3047 664 3404 734 Δικαιοσῦνην
3432 666 3486 719 δὲ
3537 667 3673 721 Θεοῦ

2092 751 2181 805 διὰ
2233 753 2326 805 τοῦ
2379 755 2712 823 Εὑαγγελίου
2745 753 3229 808 ἀποκαλύπτεσθαι
3269 755 3396 826 ἔφη,
3429 759 3486 810 οὐ
3514 761 3674 827 μόνον

2092 843 2191 912 τὴν
2215 846 2348 913 ἡμῖν
2381 844 2817 915 χορηγουμένην,
2855 844 2992 898 ἀλλά
3046 847 3140 898 καὶ
3187 845 3284 916 τὴν
3325 849 3382 900 ὲν
3422 849 3571 918 αὐτῷ
3595 850 3674 920 τῷ

2092 936 2190 1004 τῆς
2235 935 2543 1004 οἰκονομίας
2601 937 2884 1007 μυστηρίῳ
2941 938 3234 1004 προφανῶς
3295 939 3668 1012 δεικνυμένην.

2093 1025 2166 1077 Οὐ
2195 1027 2304 1096 γὰρ
2334 1027 2552 1099 ἐξουσίᾳ
2578 1028 2676 1098 τὴν
2717 1029 2992 1100 ἡμετέραν
3021 1029 3339 1100 ᾠκονόμησε
3373 1032 3668 1102 σωτηρίαν,

2092 1117 2212 1169 οὐδὲ
2273 1119 2655 1190 προστάγματι
2709 1121 2803 1173 καὶ
2824 1119 2968 1190 λόγῳ
2998 1120 3262 1174 κατέλυσε
3297 1121 3390 1175 τσῦ
3439 1121 3670 1176 θανάτου

2093 1209 2154 1260 τὸ
2183 1208 2402 1277 κράτος,
2435 1210 2550 1264 ἀλλ’
2589 1211 2818 1281 ἐκέρασε
2853 1213 2931 1283 τῷ
2982 1211 3176 1283 δικαίῳ
3223 1211 3313 1266 τὸν
3350 1213 3520 1268 ἔλεον.
3563 1217 3671 1269 Καὶ

2093 1298 2254 1362 αὐτὸς
2279 1302 2306 1352 ὁ
2345 1301 2637 1370 μονογενὴς
2692 1301 2786 1354 τοῦ
2819 1302 2954 1356 Θεοῦ
3004 1303 3198 1372 Λόγος,
3245 1305 3342 1374 τὴν
3375 1305 3466 1357 τοῦ
3499 1307 3672 1378 Ἀδὰμ

2091 1391 2454 1460 ἐνδυσάμενος
2499 1391 2691 1459 φύσιν,
2727 1393 2819 1446 καὶ
2877 1397 3056 1466 πάσης
3097 1397 3376 1468 ἁμαρτίας
3429 1398 3670 1466 φυλάξας

2091 1482 2358 1552 ἀμύητον.
2391 1483 2594 1552 ταύτην
2647 1485 2788 1556 ὑπὲρ
2839 1488 2998 1556 ἡμῶν
3039 1490 3435 1562 προσενήνοχε,
3483 1492 3576 1543 καὶ
3609 1491 3670 1544 τὸ

2091 1572 2250 1642 χρέος
2291 1572 2390 1641 τῆς
2421 1573 2634 1640 φύσεως
2659 1575 2906 1640 ἀποδοὺς,
2942 1575 3002 1628 τὸ
3021 1577 3196 1630 κοινὸν
3219 1577 3436 1632 πάντων
3457 1577 3669 1652 ἀνθρὼ-

2093 1678 2212 1715 πων
2244 1661 2486 1715 διέλυσεν
2517 1663 2762 1735 ὄφλημα.
2805 1665 2965 1720 Ἀ).λά
3015 1667 3176 1722 τοῦτο
3219 1669 3460 1724 διδάσκει
3500 1670 3669 1738 σαφέ-

2093 1768 2282 1821 στερον
2313 1752 2463 1819 ἡμᾶς
2487 1753 2542 1804 ἐν
2579 1755 2693 1816 τοῖς
2731 1753 2857 1824 ἑξῆς
2883 1756 2912 1807 ὁ
2943 1755 3084 1818 θεῖος
3111 1755 3450 1818 Ἀπόστολος.
3478 1756 3669 1826 Ἡμεῖς

2091 1843 2150 1896 δὲ
2194 1843 2298 1912 τῆς
2345 1843 2487 1896 κατὰ
2545 1845 2713 1914 μέρος
2761 1846 3057 1916 ἑρμηνείας
3107 1844 3378 1916 ἐχώμεθα.
3415 1843 3669 1916 Εἰρηκὼς

2093 1937 2270 1990 τοίνυν
2299 1937 2374 1999 ὡς
2398 1937 2492 1989 καὶ
2533 1936 2812 2000 Ἰουδαίοις
2849 1936 2944 1990 καὶ
2971 1937 3198 2008 Ἕλλησι
3253 1936 3594 2008 βουλομένοις
3635 1938 3668 2004 ὴ

2095 2027 2338 2098 σωτηρία
2385 2028 2758 2097 προσγίνεται,
2799 2030 3045 2098 Γραφικῇ
3084 2029 3360 2099 μαρτυρίᾳ
3391 2030 3483 2080 τὸν
3510 2027 3668 2096 λόγον

2091 2119 2374 2189 ὠχύρωσε,
2405 2118 2500 2172 καί
2521 2135 2684 2190 φησι·
2712 2118 2914 2185 Καθὼς
2941 2118 3260 2189 γέγραπται
3285 2137 3298 2149 ·
3343 2119 3405 2171 '0
3460 2117 3528 2171 δὲ
3577 2118 3666 2170 δί-

2091 2231 2262 2280 καιος
2313 2212 2382 2266 ἐκ
2453 2212 2710 2278 πίστεως
2769 2210 3026 2277 ζήσεται.
3079 2209 3251 2264 Τοῦτο
3293 2209 3351 2262 δὲ
3402 2209 3670 2263 Ἰουδαίων

2090 2307 2256 2361 ἓνεκα
2277 2304 2506 2360 τέθεικε·
2545 2303 2814 2358 διδάσκων
2839 2303 3038 2366 αὐτοὺς
3057 2301 3132 2374 μὴ
3168 2305 3266 2374 τῆς
3284 2301 3516 2372 νομικῆς
3538 2301 3660 2354 ἀντ.

2091 2397 2314 2468 έχεσθαι
2378 2396 2680 2460 πολιτείας,
2731 2394 2869 2449 ἀλλά
2919 2396 3034 2459 τοῖς
3084 2395 3305 2457 οἰκείοις
3361 2393 3670 2465 προφήταις

2092 2485 2426 2544 ἀκολουθεῖν.
2458 2481 2616 2540 Οὗτοι
2651 2487 2759 2558 γὰρ
2782 2486 2988 2540 ἀνωθεν
3019 2485 3120 2556 τὴν
3140 2485 3230 2539 διά
3266 2486 3503 2548 πίστεως
3539 2501 3673 2554 προ-

2091 2578 2365 2652 εκήρυξαν
2396 2579 2690 2650 σωτηρίαν.
2729 2577 3010 2632 Ἐντεῦθεν
3037 2577 3218 2631 τοίνυν
3245 2576 3355 2632 τῶν
3399 2575 3673 2632 Ἰουδαίων

2095 2673 2254 2741 ἀφεὶς
2314 2671 2528 2742 πρῶτον
2585 2673 2950 2741 κατηγορεῖν,
2989 2669 3288 2740 κατηγορεῖ
3333 2666 3443 2720 τῶν
3496 2665 3674 2721 ἄλλων

2093 2765 2350 2819 ἁπάντων
2392 2761 2712 2834 ἀνθρώπων,
2737 2761 2812 2826 ὡς
2861 2761 2952 2816 τὸν
2995 2762 3052 2814 ὲν
3081 2762 3146 2832 τῇ
3183 2759 3342 2829 φύσει
3388 2757 3540 2830 παρὰ
3576 2755 3672 2811 τοῦ

2095 2860 2438 2935 Δημιουργοῦ
2463 2859 2685 2914 τεθέντα
2710 2860 2873 2930 νόμον
2903 2858 3078 2922 ἀδεῶς
3107 2855 3492 2928 παραϐάντων.
3535 2851 3674 2908 Ἦδι

2095 2971 2160 3024 γε
2182 2953 2386 3008 τούτων
2407 2950 2711 3024 κατηγορία
2736 2951 2827 3004 καὶ
2852 2947 3146 3016 ἀπολογίαν
3161 2946 3274 3018 ἔχει
3303 2943 3398 2998 τοῦ
3418 2941 3666 3014 Ποιητοῦ.

2095 3044 2518 3116 Δημιουργήσας
2546 3043 2656 3114 γὰρ
2683 3041 2900 3104 αὐτοὺς.
2928 3039 3028 3092 οὐκ
3061 3037 3271 3105 ἀλόγων
3313 3035 3471 3106 δίκην
3522 3032 3674 3086 εἴασε

2100 3133 2382 3207 βιοτεύειν,
2409 3132 2550 3189 ἀλλὰ
2599 3131 2678 3204 τῷ
2737 3133 2883 3203 λόγῳ
2933 3131 3234 3200 τετίμηκε,
3261 3127 3358 3180 καὶ
3402 3125 3675 3196 διάκρισιν

414 3217 622 3274 Etenim
641 3217 809 3272 Adam
833 3228 880 3286 ι»,
901 3233 1024 3274 eum
1041 3217 1230 3272 statim
1270 3208 1596 3290 pimceptum
1614 3225 1995 3288 transgressus

2098 3229 2321 3295 δέδωκε,
2351 3226 2449 3284 καὶ
2472 3224 2586 3281 τῶν
2604 3219 2828 3295 ἀγαθῶν
2861 3222 2955 3277 καὶ
2985 3221 3092 3274 τῶν
3119 3219 3378 3272 ἐναντίων
3403 3215 3674 3308 ἐντέθεικε

412 3317 585 3378 esset,
605 3317 658 3366 et
681 3309 749 3365 de
771 3307 951 3365 fructu
973 3309 1369 3381 sibiprohibito
1384 3309 1490 3380 23
1512 3316 1806 3380 gustasset,
1828 3309 1998 3366 latere

413 3399 630 3469 quidem
644 3407 875 3456 conatus
887 3409 1115 3467 est,eum
1135 3399 1374 3454 ulciscen
1383 3408 1432 3456 te
1445 3397 1999 3456 conscientia‘.Dein-

413 3498 482 3545 «te
511 3493 565 3546 in
581 3491 848 3562 judicium
865 3502 1116 3560 vocatus,
1140 3506 1239 3548 nec
1259 3492 1460 3548 factum
1479 3490 1753 3549 inliciatus
1771 3499 1877 3556 est,
1893 3507 1998 3550 nec

415 3589 481 3637 μαι
519 3585 604 3640 sui
631 3583 1004 3640 defensionem
1037 3584 1396 3654 ignorantiam
1417 3583 1856 3654 praetenditzsed
1876 3585 1998 3655 ejus

414 3675 483 3727 de
510 3690 620 3746 quo
649 3674 1019 3730 accusabatur
1049 3673 1344 3744 culpam‘in
1371 3675 1656 3731 mulierem
1688 3677 1993 3733 transtulit.

417 3771 614 3836 Aperte
641 3767 826 3836 itaque
878 3767 984 3822 hoc
1017 3766 1194 3831 ἀοι-οι,
1251 3765 1397 3837 quod
1431 3775 1631 3823 natura
1670 3767 1860 3826 habuit
1915 3783 2000 3824 re-

420 3873 540 3913 rum
584 3857 1078 3914 discernendarum
1132 3866 1477 3928 potestatem.
1512 3857 1606 3914 Sic
1661 3859 1832 3917 etiam
1863 3859 1998 3917 Cain

419 3949 643 4004 fratrem
675 3947 894 4020 quidem
929 3948 1242 4004 clanculum
1275 3947 1555 4005 interfecit
1587 3950 2000 4023 :interrogatus

419 4051 621 4108 autem,
659 4038 804 4097 «Ubi
833 4049 919 4096 est
973 4039 1110 4097 Abel
1143 4038 1314 4096 frater
1371 4048 1500 4098 tuus
1524 4040 1550 4096 τ
1577 4059 1597 4094 ι
1651 4043 1892 4115 negavit,
1944 4051 1999 4098 et

420 4132 622 4193 factum
653 4133 836 4188 celare
865 4142 1098 4188 conatus
1123 4137 1233 4189 est.
1267 4130 1571 4190 Convictus
1599 4148 1754 4201 vero,
1787 4133 1996 4206 justum

419 4237 544 4278 esse
565 4222 904 4294 supplicium
933 4221 1228 4280 confessus
1258 4231 1365 4290 est,
1397 4231 1452 4280 et
1478 4223 1685 4294 judicia
1711 4223 1999 4282 sententiae

420 4331 684 4375 assensus
709 4323 814 4383 est,
845 4325 900 4372 et
931 4317 1178 4388 gravius,
1216 4333 1382 4390 quam
1414 4326 1476 4373 ut
1500 4316 1661 4372 venia
1679 4316 1880 4391 dignus
1906 4331 1997 4372 es-

421 4413 528 4472 set,
564 4422 625 4462 se
645 4421 904 4479 peccasse
925 4409 1062 4464 dixit
1081 4420 1134 4466 ς.
1173 4407 1604 4466 Innumerabilia
1633 4414 1816 4466 autem
1843 4405 1999 4480 ejus~

425 4497 571 4553 modi
597 4500 722 4554 licet
745 4500 798 4554 in
833 4515 990 4556 sacra
1033 4501 1320 4572 Scriptura
1351 4500 1618 4558 invenire.
1643 4499 1844 4588 Etideo
1860 4499 1999 4555 dixit

423 4593 648 4652 divinus
678 4591 978 4664 Apostolus
1016 4611 1030 4648 :

2102 3321 2200 3392 τὴν
2227 3321 2540 3391 διάγνωσιν.
2571 3319 2682 3373 Καὶ
2699 3315 2834 3388 τῷδε
2862 3309 3302 3386 μαρτυροῦσιτῷ
3324 3310 3468 3378 λόγῳ
3501 3310 3550 3361 οἱ
3573 3306 3677 3379 πρὸ

2099 3411 2194 3466 τοῦ
2222 3413 2520 3466 Μωσαῖκου
2547 3407 2718 3479 νόμου
2764 3405 3169 3478 διαπρέψαντες
3201 3404 3260 3457 ὲν
3287 3399 3534 3470 εὐσεϐείᾳ
3581 3399 3676 3451 καὶ

2097 3505 2295 3575 ἀρετῇ,
2329 3502 2423 3556 καὶ
2449 3495 2517 3554 αὖ
2551 3497 2714 3553 πάλιν
2737 3497 2787 3552 oi
2811 3495 2910 3568 τὴν
2937 3493 3186 3549 ἐναντίαν
3209 3491 3548 3552 ὁδεύσαντες.
3565 3488 3674 3542 Καὶ

2097 3596 2260 3668 γάρὸ
2287 3592 2478 3662 Ἀδὰμ,
2509 3591 2672 3654 εὐθὺς
2717 3590 2818 3661 τὴν
2880 3585 3098 3658 ἐντολὴν
3145 3581 3402 3656 παραϐὰς
3452 3583 3548 3635 καὶ
3579 3577 3672 3633 τοῦ

2099 3682 2316 3757 καρποῦ
2368 3681 2740 3752 γευσάμενος,
2769 3678 2830 3732 δν
2875 3675 3220 3748 ἀπηγόρευεν
3271 3671 3442 3741 αὐτῷ,
3493 3669 3676 3723 λαθεῖν

2103 3778 2203 3850 μὲν
2231 3773 2518 3846 ἐπειράθη,
2550 3771 2646 3827 τοῦ
2677 3769 2978 3832 συνειδότος
3003 3767 3358 3838 ἀμείψαντος.
3389 3758 3523 3815 Εῐτα
3547 3761 3676 3850 κλη-

2098 3846 2213 3932 θεὶς
2239 3868 2319 3931 εἰς
2353 3864 2415 3919 τὸ
2446 3863 2751 3934 κριτήριον,
2783 3857 2908 3912 οὔτε
2935 3854 3150 3928 ἠρνήθη
3179 3851 3240 3906 τὸ
3263 3851 3486 3919 γεγονὸς
3508 3891 3522 3910 ,
3552 3846 3674 3900 οὔτε

2100 3960 2212 4033 μὴν
2239 3957 2338 4030 τὴν
2367 3954 2592 4024 ἄγνοιαν
2619 3953 2699 4014 εἰς
2723 3945 3018 4016 ἀπολογίαν
3051 3941 3428 4033 ιιιροὺὸιίιλετο,Δ
3444 3937 3558 4033 ἀλλ’
3583 3939 3677 3992 ἐπὶ

2097 4029 2196 4119 τὴν
2218 4029 2453 4114 γυναῖκα
2471 4037 2824 4112 μετατέθεικε
2845 4037 2944 4107 τῆς
2973 4032 3306 4106 κατηγορίας
3321 4031 3382 4085 τὸ
3403 4029 3674 4100 ἔγκλημα.

2099 4135 2292 4207 Σαφῶς
2317 4133 2376 4189 δὲ
2405 4131 2562 4187 τοῦτο
2594 4129 2858 4192 διδάσκει,
2889 4126 2965 4192 ὡς
2985 4119 3132 4196 εἶχεν
3163 4125 3197 4195 ἡ
3249 4121 3412 4193 φύσις
3447 4121 3544 4192 τὴν
3571 4119 3678 4172 τῶν

2099 4225 2444 4298 πραγμάτων
2469 4223 2781 4290 διάγνωσιν.
2804 4216 2964 4273 υῦτω
2987 4218 3084 4272 καὶ
3111 4217 3140 4270 δ
3181 4213 3340 4274 Κάῖν,
3373 4213 3551 4284 λάθρα
3581 4211 3678 4280 μὲν

2097 4316 2277 4374 ἀνεῖλε
2330 4314 2424 4370 τὸν
2473 4311 2741 4382 ἀδελφόν·
2775 4308 3074 4382 ἐρωτηθεὶς
3115 4307 3193 4374 δὲ,
3232 4325 3253 4358 ι
3302 4303 3412 4358 Ποῦ
3460 4301 3620 4354 Ἀδε)
3651 4301 3680 4352 ὸ

2098 4406 2330 4476 ἀδελφός
2367 4422 2462 4460 σου
2491 4422 2506 4471 ;
2547 4423 2566 4458 ι
2597 4399 2831 4474 ¹ἠρνήθη,
2869 4399 2964 4454 καὶ
2998 4398 3062 4452 τδ
3086 4395 3308 4468 γεγονὸς
3356 4393 3680 4464 ἐπεχείρησε

2099 4497 2344 4571 κρύψαι·
2382 4493 2660 4566 ἐλεγχθεὶς
2709 4491 2764 4545 δέ
2798 4508 2883 4561 γε,
2913 4489 3234 4562 ὡμολόγησε
3273 4486 3488 4540 δικαίαν
3542 4479 3680 4535 εἶναι

2031 4586 2076 4642 D
2106 4589 2204 4663 τὴν
2227 4586 2524 4661 τιμωρίαν,
2547 4584 2644 4640 καὶ
2669 4581 3074 4654 συνεψηφίσατο
3106 4579 3185 4650 τῷ
3210 4579 3396 4652 κριτῇ,
3423 4577 3518 4630 καὶ
3539 4574 3682 4642 πέρα

427 4681 758 4756 συγγνώμης
789 4678 942 4736 εἶπεν
975 4684 1381 4756 ἡμαρτηκέναι.
1415 4682 1527 4736 Καὶ
1571 4679 1738 4755 ἕτερα
1768 4680 1828 4736 δὲ
1862 4680 2034 4754 μυρία
2079 4679 2307 4737 τοιαῦτα
2339 4681 2486 4734 ἐστιν
2535 4677 2714 4748 εὑρεῖν
2761 4675 2912 4746 παρὰ
2957 4678 3024 4746 τῇ
3081 4671 3203 4743 θείᾳ
3240 4671 3452 4744 Γραφῇ.
3479 4670 3682 4723 Τούτου

425 4781 586 4851 χάριν
613 4776 643 4828 ὁ
673 4775 814 4840 θεῖος
857 4774 1175 4839 Ἀπόστολος
1211 4774 1314 4845 ἔφη
1335 4789 1350 4801 ·

503 4869 665 4926 Vsus.
703 4867 788 4923 18.
820 4865 1102 4923 Revelatur
1133 4867 1275 4920 enim
1310 4864 1398 4919 ira
1434 4862 1534 4919 Dei
1561 4861 1628 4918 de
1669 4861 1806 4920 emta
1845 4877 2007 4932 super

426 4976 633 5018 onmem
660 4960 989 5030 impietatem
1020 4967 1069 5013 et
1118 4956 1446 5024 iniustitiam
1495 4955 1772 5012 hominum
1797 4971 2005 5022 eorum,

425 5053 518 5124 qui
557 5051 834 5108 veritatem
878 5050 938 5105 in
975 5049 1244 5116 injustitia
1291 5045 1545 5102 detinent.
1603 5044 1813 5104 Natura
1859 5046 2004 5102 enim

426 5159 526 5200 eos
547 5151 844 5212 utrumque
879 5137 1095 5204 docuit,
1131 5147 1184 5192 et
1217 5135 1386 5192 Deum
1409 5151 1533 5192 esse
1553 5137 1801 5192 omnium
1828 5135 1997 5208 Opiﬁ-

429 5252 573 5301 cem,
599 5244 658 5292 et
694 5237 886 5306 fugere
919 5229 1146 5302 quidem
1177 5228 1533 5299 injustitiam,
1556 5229 1832 5298 justitiam
1873 5244 2006 5286 vero

435 5325 713 5400 amplecti.
746 5322 853 5378 Sed
893 5321 1042 5378 datis
1064 5320 1174 5376 sibi
1200 5321 1636 5391 praeceptoribus
1673 5336 1786 5378 non
1813 5328 1874 5376 ut
1915 5335 2016 5392 par

421 5421 538 5477 .fuit
563 5419 650 5476 usi
683 5424 836 5474 sunt.
871 5411 1030 5468 Unde
1057 5411 1224 5468 etiam
1255 5413 1338 5468 eis
1379 5409 1627 5468 futurum
1673 5413 2012 5485 supplicium

437 5515 679 5564 minatus
703 5512 812 5560 est.
843 5501 1254 5559 Convenienter
1287 5511 1471 5560 autem
1523 5503 1613 5559 hic
1657 5518 1880 5574 quoque
1927 5519 2019 5574 po-

436 5611 568 5668 suit,
596 5595 885 5656 reveletur,
929 5594 1076 5666 quod
1112 5594 1208 5666 qui
1251 5597 1556 5652 intentatas
1611 5595 2015 5666 suppliciorum

437 5691 616 5746 minas
644 5703 756 5744 non
793 5685 1055 5754 credunt,
1095 5701 1190 5742 eas
1229 5687 1344 5744 sint
1371 5695 1564 5758 postea
1595 5701 1761 5744 veras
1792 5703 1851 5743 re
1899 5687 2018 5756 ipsa

520 5869 544 5909 Γ
579 5867 715 5928 Cen.
744 5888 840 5929 Ill.
873 5872 924 5930 8.
1005 5881 1032 5924 ει
1072 5869 1206 5926 Gen.
1245 5887 1316 5937 IV,
1353 5869 1503 5924 8-l5.

2188 4864 2277 4930 ιη’.
2309 4855 2827 4910 Ἀποκαλύπτεται
2864 4848 2976 4922 τὰρ
3010 4845 3156 4918 ὀργὴ
3198 4846 3346 4901 Θεοῦ
3393 4846 3492 4900 ἀπ’
3515 4849 3689 4915 οὐρα·

2111 4950 2222 5006 νοῦ
2253 4948 2352 5004 ἐπὶ
2381 4947 2588 5004 πᾶσαν
2613 4945 2896 5001 ἀσέϐειαν
2921 4941 3018 4995 καί
3072 4938 3311 4994 ἀδικίαν
3339 4938 3686 5007 ἀνθρώπων,

2111 5042 2230 5104 τῶν
2263 5041 2378 5111 τὴν
2399 5040 2691 5107 ἀλήθειαν
2720 5037 2789 5091 ἐν
2827 5034 3028 5102 ἀδικίᾳ
3047 5033 3441 5102 κατεχόντων.
3485 5031 3688 5101 ’Δμφό-

2110 5153 2244 5206 τερα
2259 5133 2367 5206 γὰρ
2381 5133 2579 5196 αὐτοὺς
2592 5131 2626 5202 ἡ
2641 5130 2800 5200 φύσις
2820 5127 3047 5194 ἐδίδαξε,
3064 5125 3160 5180 xui.
3176 5123 3266 5178 τὸν
3278 5122 3412 5176 Θεὸν
3430 5117 3691 5177 εἶναιτῶν

2116 5225 2369 5280 ἁπάντων
2393 5221 2755 5294 Δημιουργὺν,
2779 5217 2958 5272 καὶτὸ
2981 5215 3203 5286 φεύγειν
3228 5213 3325 5286 μὲν
3343 5211 3438 5279 τὴν
3455 5213 3689 5275 ἀδικίαν,

2109 5317 2208 5388 τὴν
2239 5316 2296 5371 δέ
2329 5331 2394 5384 γε
2423 5311 2772 5380 δικαιοσύνην
2805 5307 3174 5373 ἀσπάζεσθαι·
3199 5305 3314 5360 ἀλλ’
3333 5305 3434 5360 οὐκ
3467 5307 3545 5368 εἰς
3571 5304 3694 5358 δέον

2110 5410 2224 5472 τοῖς
2251 5407 2479 5460 δοθεῖσιν
2502 5403 2808 5476 ἐχρήσαντο
2844 5397 3187 5461 διδασκάλοις
3208 5413 3221 5428 ·
3245 5395 3368 5450 ὅθεν
3399 5396 3580 5458 αὐτοῖς
3602 5395 3696 5447 καὶ

2112 5503 2213 5572 τὴν
2241 5499 2508 5570 ἐσομένην
2539 5493 2802 5566 ἠπείλησε
2825 5491 3066 5545 κόλασιν.
3083 5488 3320 5550 Εἰκότως
3337 5487 3394 5540 δὲ
3417 5485 3696 5544 κάνταῦθα

2113 5593 2175 5645 τὸ
2201 5588 2684 5644 ἀποκαλύπτεται
2706 5584 2968 5645 τέθεικεν,
2999 5581 3075 5643 ὡς
3107 5579 3216 5634 τῶν
3246 5576 3618 5634 ἀπιστούντων
3633 5578 3695 5631 οὐ

2117 5681 2424 5752 δεχομένων
2447 5679 2547 5742 τὰς
2576 5675 2826 5741 ἀπειλὰς,
2848 5673 2958 5728 τῶν
2977 5672 3034 5726 δέ
3061 5688 3122 5742 γε
3149 5670 3431 5743 ὀψομένων
3459 5669 3559 5742 τὴν
3588 5671 3699 5726 τῶν
