4124 6458
440 461 508 527 Gl
1318 461 1941 521 INTERPRETATIO
1991 461 2227 521 El‘lST.
2266 464 2366 522 AD
2406 462 2588 523 R03].
2618 464 2845 526 CAP.I.
3666 464 3739 530 62

436 572 620 638 λόγων
685 569 969 640 ἀλήθειαν.
1018 570 1220 641 Ὀργὴν
1256 572 1390 625 Θεοῦ
1430 575 1531 643 τὴν
1572 575 1845 646 τιμωρίαν
1872 575 2040 638 καλεῖ,

2155 575 2460 643 cxperturi.
2489 573 2638 628 Iram
2677 586 2862 629 autem
2915 575 3015 629 Dei
3070 574 3406 646 supplicium
3452 576 3718 646 appellat,

436 666 547 717 οὐκ
603 663 803 734 ἐπειδὴ
852 663 1018 717 πάθει
1054 664 1273 730 κολάζει
1305 667 1332 717 ὁ
1364 667 1523 730 θεός·
1555 668 1672 721 ἀλλ’
1710 669 1795 722 ἵνα
1830 669 1908 737 τῷ
1938 669 2040 721 ὀνό-

2161 680 2268 717 non
2301 666 2449 734 quod
2484 664 2629 721 Deus
2666 667 2775 719 ulla
2813 667 2983 721 animi
3041 668 3462 737 perturbatione
3500 669 3737 721 concita.

438 771 580 824 ματι
631 754 857 826 φοϐήσῃ
909 756 1038 820 τοὺς
1096 756 1500 825 ἀντιλέγοντας.
1564 757 1682 810 Ἀπ’
1717 757 1948 828 οὐρανοῦ
2000 759 2040 812 δε

2159 764 2245 808 tus
2276 756 2490 823 puniat,
2518 756 2615 810 sed
2646 765 2705 816 ut
2731 771 2837 823 eos
2860 756 2956 825 qui
3013 756 3404 811 contradicunt
3453 754 3573 823 ipso
3635 769 3733 807 no—

436 846 619 915 αὐτὴν
656 847 1157 902 ἀποκαλύπτεσθαι
1189 848 1317 920 ἔφη,
1352 849 1427 913 ὡς
1443 848 1542 903 τοῦ
1580 849 1715 903 Θεοῦ
1747 852 1843 904 καὶ
1873 851 2040 921 Σωτῆ-

2158 843 2307 899 mine
2332 844 2633 902 deterreat.
2663 848 2811 902 Dicit
2839 857 3020 903 autem
3054 864 3172 904 eam
3196 848 3263 903 de
3296 848 3437 903 caelo
3479 847 3734 903 revelari.

441 953 539 1007 ρος
569 938 740 1008 ήμῶν
790 939 1007 993 ἐκεῖθεν
1062 941 1560 1011 ἐπιφανησομένου.
1602 941 1774 994 Τοῦτο
1824 942 1932 1013 γὰρ
1963 943 2040 995 κατ

2155 937 2301 1005 quod
2337 936 2478 994 Deus
2511 947 2566 994 et
2596 941 2851 995 Salvator
2893 950 3084 996 noster
3119 941 3273 995 illinc
3327 940 3400 994 sit
3448 940 3734 1010 apparitu-

437 1028 612 1092 αὐτὸς
670 1031 698 1084 ὁ
748 1030 961 1103 Κύριος
989 1031 1131 1103 ἔφη*
1185 1051 1203 1084 ι
1242 1033 1377 1086 Τότε
1405 1032 1603 1103 ὄψεσθε
1644 1034 1735 1086 τὸν
1782 1034 1909 1086 Υίδν
1958 1035 2040 1087 τοί

2156 1043 2271 1082 rus.
2312 1026 2425 1083 lloc
2454 1030 2606 1083 enim
2653 1031 2790 1085 dicit
2822 1032 2989 1086 etiam
3029 1033 3147 1100 ipse
3182 1029 3445 1085 Dominus
3475 1048 3489 1082 :
3526 1048 3544 1080 ι
3581 1027 3736 1081 Tune

436 1120 748 1192 ἀνθρώπου
781 1124 1084 1196 ἐρχόμενον
1113 1125 1207 1178 ἐπὶ
1254 1125 1362 1179 τῶν
1396 1126 1637 1196 νεφελῶν
1686 1126 1780 1180 τοῦ
1818 1128 2051 1198 οὐρανοῦ

439 1209 590 1278 μετὰ
610 1210 910 1281 δυνάμεως
936 1215 1032 1267 καὶ⁵
1058 1214 1265 1285 πολλῆς
1294 1216 1476 1284 δόξης.
1495 1236 1515 1268 ι

515 1298 606 1351 ιϐ’.
637 1302 804 1355 Διότι
824 1301 890 1355 τὸ
915 1305 1196 1372 γνωστὸν
1229 1304 1340 1358 τοῦ
1377 1306 1546 1369 Θεοῦ,
1575 1307 1839 1375 φανερόν
1880 1306 2053 1361 ἐστιν

432 1388 512 1443 ἐν
561 1390 803 1456 αὐτοῖς.
862 1391 1021 1455 Τίνος
1085 1394 1292 1464 ταύτην
1352 1396 1534 1459 αὐτοῖς
1598 1395 1892 1461 δεδωκότος
1951 1396 2051 1468 τήν

434 1479 694 1547 γνῶσιν;
734 1481 798 1533 '0
829 1484 978 1550 Θεὸς
1013 1485 1121 1554 γὰρ
1152 1487 1359 1551 αὐτοῖς
1390 1487 1755 1557 ἐφανέρωσε.
1800 1489 1924 1551 Πῶς
1954 1491 2050 1542 καὶ

432 1571 549 1624 τίνι
570 1573 771 1643 τρόπῳ
796 1589 813 1638 ;

508 1663 579 1717 κ’.
622 1665 705 1721 Τὰ
745 1668 860 1734 γὰρ
888 1666 1113 1733 ἀόρατα
1153 1670 1339 1723 αὐτοῦ
1366 1670 1485 1724 ἀπὸ
1518 1672 1771 1737 κτίσεως
1814 1670 2047 1740 κόσμου

432 1756 569 1823 τοῖς
597 1757 902 1827 ποιήμασι
938 1761 1244 1828 νοούμενα
1283 1761 1627 1831 καθορᾶται,
1672 1763 1710 1830 ἢ
1743 1781 1805 1817 τε
1857 1763 2047 1829 ἀΐδιος

437 1849 638 1903 αὑτοῦ
666 1849 934 1919 δύναμις
956 1852 1052 1903 καὶ
1092 1856 1345 1919 θειότης.
1365 1855 1426 1906 'H
1455 1854 1654 1918 κτίσις,
1682 1856 1836 1923 φησι,
1862 1859 1956 1910 καὶ
1977 1857 2044 1910 τὰ

435 1945 497 1991 εν
527 1944 600 2012 τῇ
626 1943 814 1995 κτίσει
854 1944 1141 2015 γινόμενα,
1164 1944 1324 2015 ὡρῶν
1353 1945 1671 2014 ὲναλλαγαὶ,
1708 1949 1801 2000 καὶ
1847 1949 2047 2018 μεταλ-

2157 1119 2413 1176 videbitis
2466 1120 2666 1176 Filium
2725 1121 2966 1177 hominis
3011 1121 3320 1175 venientem
3381 1121 3434 1173 in
3492 1120 3735 1174 nubibus

2155 1192 2274 1264 coeli
2308 1227 2430 1264 cum
2466 1220 2737 1281 potestate
2768 1226 2962 1280 magna
2996 1222 3049 1265 et
3077 1211 3425 1280 majestate".
3466 1229 3485 1259 ι

2224 1303 2333 1374 24
2366 1302 2533 1358 Vens.
2564 1305 2650 1358 19.
2689 1304 2830 1368 Quia
2853 1306 2990 1373 quod
3020 1305 3083 1357 de
3125 1302 3233 1357 Deo
3265 1303 3509 1372 cognosci
3538 1310 3728 1369 potest,

2156 1395 2506 1464 manifestum
2537 1406 2615 1449 cst
2678 1397 2730 1448 in
2764 1395 2896 1472 illis.
2951 1395 3058 1450 Sed
3106 1397 3231 1466 quis
3281 1396 3426 1450 hanc
3465 1394 3549 1449 eis
3579 1394 3733 1448 dedit

2150 1488 2566 1557 cognitionem?
2609 1487 2744 1542 Deus
2796 1489 2938 1542 enim
2997 1488 3106 1542 illis
3166 1488 3553 1558 manifestanit.
3614 1488 3733 1553 Qua

2149 1580 2362 1633 ratione
2401 1588 2456 1634 et
2479 1595 2718 1649 quonam
2748 1580 2908 1634 modo
2932 1579 2956 1634 ?

2221 1668 2386 1723 Vsus.
2419 1669 2511 1726 20.
2546 1669 2854 1725 Invisibilia
2872 1671 3012 1725 enim
3032 1671 3200 1737 ipsius
3227 1687 3259 1724 a
3279 1671 3548 1725 creatione
3577 1685 3730 1722 mun-

2148 1759 2223 1826 di,
2258 1776 2351 1830 per
2374 1777 2437 1815 ea
2472 1778 2589 1832 qua:
2625 1764 2774 1833 facta
2805 1772 2950 1830 sunt,
2978 1763 3251 1818 intellecta
3301 1764 3726 1831 conspiciuntur,

2148 1846 2195 1906 et
2247 1853 2567 1921 sempiterna
2612 1853 2729 1920 ejus
2784 1856 3022 1922 polentia
3053 1863 3104 1909 et
3156 1854 3432 1908 divinitas.
3484 1854 3726 1919 Creatio,

2078 1917 2118 1971 Β
2147 1947 2349 2015 inquit,
2383 1959 2436 2000 et
2467 1962 2588 2017 qua:
2619 1948 2751 2001 liunl
2782 1949 2835 2001 in
2885 1947 3190 2014 creatione,
3247 1946 3509 2002 horarum
3551 1957 3730 2001 muta-

430 2033 609 2099 λαγαὶ
633 2034 871 2106 καιρῶν,
908 2036 1004 2088 καὶ
1035 2036 1230 2097 νυκτὸς
1265 2038 1357 2089 καὶ
1390 2037 1605 2109 ἡμέρας
1655 2038 1917 2109 διαδοχαὶ,
1957 2058 2043 2093 νε-

434 2125 556 2190 ᾠν
584 2126 785 2190 ὠδῖνες
807 2167 824 2190 ,
857 2128 1075 2198 ἀνέμων
1109 2126 1296 2199 αὖραι,
1341 2130 1683 2200 καρπογονία
1732 2132 1915 2200 φυτῶν
1950 2134 2043 2187 καὶ

435 2220 809 2291 σπερμάτων,
845 2214 941 2275 καὶ
968 2222 1138 2276 τᾶλλα
1174 2224 1274 2276 ὅσα
1311 2223 1539 2277 τοιαῦτα
1574 2223 1764 2294 σαφῶς
1786 2227 1938 2296 ἡμᾶς
1966 2227 2044 2280 δι-

429 2310 657 2371 δάσκει,
691 2314 789 2366 καὶ
841 2314 1077 2386 ποιητὴν
1119 2309 1262 2367 εἶναι
1299 2315 1410 2368 τῶν
1456 2317 1711 2371 ἁπάντων
1749 2318 1841 2370 τὸν
1884 2317 2037 2383 Θεὸν,

432 2405 530 2456 nl.
555 2405 745 2471 σοφῶς
768 2407 1026 2477 κατέχειν
1046 2408 1170 2470 τοὺς
1200 2409 1298 2478 τῆς
1333 2409 1562 2473 κτίσεως
1595 2409 1804 2474 οἴακας.
1840 2404 1900 2463 Ὅ
1933 2410 2042 2483 γὰρ

432 2496 620 2550 πάντα
645 2497 692 2529 ³⁸
733 2497 824 2552 διὰ
861 2500 1035 2568 μόνην
1094 2500 1511 2571 φιλανθρωπίαν
1565 2501 1906 2573 πεποιηκὼς,
1941 2503 2042 2558 οὐκ

428 2592 495 2642 ἀν
525 2607 666 2643 ποτε
704 2588 743 2643 ἃ
771 2591 1074 2663 πεποίηκεν
1099 2593 1421 2666 ἀτημέλητα
1461 2594 1798 2650 καταλείποι.
1831 2596 1929 2650 Διά
1957 2614 2037 2650 τοι

428 2679 617 2744 τοῦτο,
653 2681 759 2734 οὐκ
806 2676 961 2736 εἶπεν
1015 2684 1046 2736 ὁ
1084 2681 1227 2748 θεῖος
1269 2685 1610 2753 Ἀπόστολος,
1652 2685 1722 2739 τὸ
1783 2686 2042 2757 ἀόρατον

428 2771 649 2834 αὐτοῦ,
687 2771 832 2826 ἀλλὰ
893 2772 970 2826 τὰ
1031 2773 1258 2842 ἀόρατα
1306 2776 1517 2842 αὐτοῦ,
1551 2777 1835 2832 τουτέστιν
1883 2779 1917 2849 ἡ
1945 2777 2041 2850 δη-

431 2863 708 2934 μιουργία
751 2864 947 2932 αὐτοῦ,
979 2866 1076 2920 καὶ
1118 2868 1153 2938 ἡ
1189 2867 1452 2939 πρόνοια,
1501 2868 1595 2922 καὶ
1638 2871 1671 2940 ἡ
1714 2870 1899 2923 δικαία
1952 2870 2040 2941 ἐφ’

427 2953 655 3025 ἑκάστῳ
678 2955 1001 3026 ψῆφος,καὶ
1039 2958 1095 3012 αἱ
1134 2959 1479 3014 παντοδαπαὶ
1515 2960 1840 3031 οἰκονομίαι.
1877 2957 1952 3017 Ob
1975 2963 2039 3035 δὴ

428 3046 599 3119 χάριν
643 3047 986 3120 συγγνώμης
1034 3050 1245 3118 ἀνάξιοι
1279 3053 1329 3105 oi
1358 3052 1630 3106 τοσούτων
1668 3052 1768 3123 μὲν
1800 3054 2040 3108 ἀπολαύ-

429 3157 634 3204 σαντες
654 3140 1026 3207 διδασκάλων,
1056 3143 1318 3215 οὐδεμίαν
1343 3144 1400 3198 δὲ
1456 3144 1644 3217 δνησιν
1676 3148 1740 3199 ὲκ
1770 3146 2041 3201 τοσούτων

2143 2040 2341 2103 tiones,
2385 2048 2438 2094 et
2487 2049 2796 2109 temporum
2867 2039 3307 2104 vicissitudines,
3357 2038 3648 2109 noctisque
3674 2046 3731 2095 et

2144 2128 2248 2182 diei
2281 2130 2679 2196 successiones,
2708 2132 2935 2185 nubium
2971 2131 3393 2200 parturitiones.
3416 2146 3568 2186 aurae
3596 2148 3728 2188 ven-

2145 2228 2352 2285 torum,
2394 2220 2785 2293 fructuumque
2808 2234 2863 2277 et
2909 2223 3182 2278 seminum
3231 2222 3727 2292 productiones,et

2149 2315 2530 2383 quaecunque‘
2561 2323 2689 2369 sunt
2721 2312 3015 2383 ejusmodi,
3048 2329 3152 2369 nos
3188 2321 3375 2384 aperte
3411 2315 3630 2379 docent,
3673 2327 3727 2370 et

2147 2407 2315 2460 Deum
2353 2422 2479 2463 esse
2507 2407 2755 2461 omnium
2799 2406 3111 2462 effectorem
3134 2447 3149 2472 ,
3203 2415 3258 2462 et
3295 2416 3563 2462 creaturae
3609 2403 3726 2459 cla-

2144 2511 2271 2549 vum
2300 2497 2580 2565 sapienter
2601 2505 2808 2553 tenere.
2853 2496 2955 2561 Qui
2991 2497 3138 2553 enim
3167 2497 3285 2552 sola
3331 2511 3433 2553 sua
3474 2497 3728 2566 benigni-

2143 2594 2255 2641 tate
2303 2586 2577 2642 adductus
2606 2587 2791 2641 omnia
2840 2586 2994 2654 fecit,
3047 2602 3333 2658 nunquam
3384 2602 3573 2643 eorum
3601 2600 3727 2657 quae

2144 2678 2273 2734 fecit
2294 2693 2485 2732 curam
2521 2693 2743 2733 omnem
2798 2678 3087 2749 abjecerit.
3144 2677 3210 2732 Et
3254 2677 3381 2734 ideo
3435 2692 3548 2732 non
3587 2676 3729 2732 dixit

2157 2770 2381 2826 divinus
2418 2769 2741 2841 Apostolus,
2776 2769 3035 2824 invisibile
3085 2769 3273 2839 ipsius,
3306 2769 3402 2825 sed
3434 2767 3726 2823 invisibilia

2143 2864 2334 2931 ipsius,
2397 2863 2505 2918 hoc
2550 2870 2658 2929 est,
2709 2863 2927 2918 creatio
2978 2861 3120 2934 ejus,
3149 2871 3205 2918 et
3255 2861 3628 2933 providentia,
3671 2868 3727 2915 et

2137 2955 2289 3025 justa
2323 2956 2378 3010 in
2418 2970 2755 3026 unoquoque
2800 2956 3108 3020 sententia,
3149 2970 3449 3026 rerumque
3489 2954 3728 3011 admini-

2151 3050 2508 3105 strandarum
2551 3050 2887 3120 multiplices
2915 3066 2982 3105 ac
3020 3051 3186 3106 varia:
3229 3053 3493 3106 rationes.
3522 3051 3727 3117 Quam-

2143 3142 2331 3196 obrem
2374 3141 2588 3197 veniam
2638 3156 2749 3197 non
2798 3151 3080 3198 merentur
3153 3143 3271 3213 qui,
3315 3158 3443 3197 cum
3478 3150 3561 3198 tot
3606 3158 3724 3198 ma-

429 3231 788 3327 ;Lfthpﬁtw‘I
813 3233 1120 3307 δεξάμενοι.
1144 3236 1318 3300 Τοῦτο
1344 3238 1455 3308 γὰρ
1485 3238 1766 3310 ἐπήγαγεν
1787 3254 1804 3270 ⁸
1843 3238 1942 3305 Είς
1965 3239 2033 3294 τὸ

2144 3233 2349 3305 gistros
2386 3233 2709 3301 habuerint,
2754 3250 2822 3290 ex
2856 3243 2934 3290 tot
2965 3235 3277 3306 disciplinis
3316 3237 3518 3291 nullam
3572 3236 3725 3290 utili-

424 3321 588 3380 εἶναι
621 3326 852 3394 αὐτοὺς
889 3329 1413 3400 ἀναπολογήτους.
1436 3332 1586 3385 Absit
1615 3331 1723 3403 γὰρ
1754 3332 2037 3404 μονονουχὶ

427 3419 531 3488 βοᾷ
562 3416 633 3471 τὰ
678 3420 1023 3490 πράγματα,
1050 3422 1129 3486 ὡς
1180 3423 1439 3494 οὐδεμίαν
1484 3424 1666 3495 ἔχουσι
1706 3425 2038 3498 παραίτησιν

424 3511 507 3572 είς
537 3511 875 3585 ἀπαλλαγὴν
904 3512 1014 3567 τῶν
1040 3515 1430 3588 ἡπειλημένων
1478 3519 1690 3575 κακῶν.

496 3775 610 3823 κα¹.
629 3771 792 3823 Διότι
819 3772 955 3839 γνόι
972 3789 1071 3837 τες
1102 3773 1210 3827 τὸν
1234 3775 1402 3837 Θεὸν,
1423 3779 1536 3848 οὐχ
1552 3779 1634 3844 ὡς
1660 3781 1812 3835 Θεὸν
1829 3783 2011 3849 ἐδόξα
2026 3819 2037 3827 -

423 3875 573 3925 σαν,
621 3857 662 3927 ἦ
698 3859 1165 3929 εὐχαρίστησαν
1198 3863 1265 3918 ’⁸.
1304 3864 1427 3919 Ὀτι
1471 3868 1581 3941 γὰρ
1610 3869 1857 3938 ἔγνωσαν
1898 3871 2037 3929 εἶναι

423 3951 586 4018 θεὸν,
637 3950 739 4004 καὶ
776 3952 935 4005 αὐτοὶ
985 3955 1329 4025 μαρτυροῦσι
1367 3974 1381 3988 °
1426 3961 1780 4033 περιφέρουσι
1814 3954 1933 4035 ’γὰρ
1975 3966 2036 4018 τὸ

426 4040 638 4094 σεπτὸν
665 4040 846 4111 ὄνομα
884 4042 1044 4097 τοῦτο
1064 4061 1078 4075 ο
1109 4043 1266 4110 ἀξίας
1306 4047 1362 4101 δὲ
1393 4050 1522 4121 περὶ
1556 4052 1724 4106 αὐτοῦ
1746 4053 1904 4119 δόξας
1936 4056 2037 4109 οὑκ

424 4134 718 4190 ἐθέλουσιν
744 4134 912 4206 ἔχειν.
952 4139 1120 4193 Ἀλλ’
1153 4140 1607 4212 ἐματαιώθησαν
1636 4147 1707 4200 ἐν
1736 4148 1862 4215 τοῖς
1909 4148 2037 4203 δια-

420 4227 756 4296 ,λογισμοῖς
812 4226 1038 4293 αὐτῶν,
1100 4231 1201 4285 καί
1258 4233 1590 4305 ἐσκοτίσθη
1633 4237 1670 4304 ἡ
1735 4238 2038 4308 ἀσύνετος

421 4313 636 4369 (αὐτῶν
664 4315 908 4385 καρδία.
953 4317 1081 4383 Τοῖς
1114 4319 1224 4392 γὰρ
1259 4320 1511 4393 ἀνοήτοις
1551 4325 1927 4398 ἠκολούθησαν
1949 4329 2037 4384 λο-

421 4409 680 4477 γισμοῖς,
713 4407 813 4462 καὶ
851 4408 1073 4475 ἑκόντες
1109 4412 1203 4466 τὸν
1248 4414 1349 4483 τῆς
1390 4417 1649 4482 ἀπιστίας
1699 4420 2039 4486 εἰσεδέξαντο

422 4499 621 4565 ζόφον.

2145 3334 2308 3382 tatem
2340 3341 2653 3397 percepero.
2692 3325 2807 3382 Hoc
2839 3328 2987 3383 enim
3022 3327 3316 3398 subiunxit
3351 3344 3365 3380 :
3406 3326 3495 3383 Ita
3523 3337 3580 3381 ut
3617 3329 3726 3383 sint

2142 3417 2244 3485 ipsi
2298 3418 2708 3474 inexcusabiles.
2765 3420 2874 3475 lies
2919 3419 3066 3475 enim
3126 3420 3257 3487 ipsae
3322 3419 3714 3492 propemodum

2139 3510 2404 3575 clamant,
2438 3526 2550 3566 non
2584 3526 2751 3582 posse
2791 3512 2903 3567 ullo
2938 3512 3102 3567 modo
3124 3527 3222 3569 eos
3257 3513 3566 3583 deprecari,
3598 3523 3656 3567 ut
3690 3526 3721 3565 a

2140 3600 2342 3668 malis,
2384 3617 2626 3672 quorum
2682 3605 2847 3659 minae
2888 3604 2998 3659 illis
3041 3604 3328 3660 intentata:
3380 3611 3529 3671 sunt,
3589 3602 3725 3659 libo-

2139 3700 2354 3747 rentur.

2210 3781 2377 3839 Vsus.
2406 3783 2499 3838 2|.
2526 3783 2670 3851 Quia
2696 3801 2817 3842 cum
2833 3787 3195 3858 cognovissent
3227 3785 3419 3851 Deum,
3453 3802 3559 3841 non
3586 3786 3724 3840 sicut

2140 3873 2309 3928 Deum
2373 3874 2830 3944 gloriﬁcaverunt,
2870 3877 2951 3931 vel
3019 3877 3224 3948 gratias
3279 3886 3517 3948 egerunt.
3566 3875 3724 3943 Quod

2139 3964 2284 4019 enim
2313 3964 2485 4027 Deum
2517 3980 2642 4020 esse
2671 3966 3057 4037 cognoverint,
3098 3965 3202 4035 ipsi
3268 3980 3490 4035 quoque
3534 3963 3724 4020 testillo

2139 4065 2354 4113 cantur.
2377 4055 2710 4113 Venerabile
2734 4057 2880 4112 enim
2904 4056 3011 4112 hoc
3043 4072 3243 4113 nomen
3268 4055 3673 4112 circumferunt
3706 4076 3719 4111 :

2139 4158 2547 4208 consentaneas
2611 4159 2794 4206 autem
2852 4151 3147 4222 opiniones
3211 4149 3280 4205 de
3348 4149 3469 4221 ipso
3523 4148 3731 4203 habere.

2138 4246 2363 4300 nolunt.
2398 4242 2503 4299 Sed
2532 4253 2868 4299 evanuerunt
2926 4246 2983 4297 in
3035 4240 3449 4315 cogitationibus
3478 4241 3588 4295 suis
3619 4256 3638 4294 :
3673 4249 3723 4292 et

2139 4336 2478 4391 obscuratum
2529 4344 2609 4390 est
2671 4334 2778 4405 25
2815 4335 3074 4404 insipiens
3104 4350 3194 4389 cor
3221 4335 3481 4403 ipsorum.
3512 4330 3726 4385 Stultas

2136 4429 2285 4484 enim
2315 4429 2681 4500 cogitationes
2732 4428 2910 4483 secuti
2961 4435 3114 4491 sunt,
3147 4434 3201 4482 et
3266 4423 3608 4480 inﬁdelitatis
3647 4431 3724 4477 te-

2138 4521 2340 4577 nebras
2380 4535 2481 4577 sua
2516 4529 2713 4591 sponte
2746 4526 3134 4590 susceperunt.

498 4587 611 4659 x32
636 4589 997 4659 φάσκοντες
1058 4589 1217 4650 εἶναι
1287 4597 1491 4666 σοφοί,
1573 4600 2031 4672 ἐμωράνθησαν.

2213 4610 2383 4667 Vens.
2431 4587 2823 4666 22.'Dicentes
2875 4587 2992 4665 esse
3044 4612 3330 4679 sapientes,
3389 4608 3542 4663 stulti
3593 4607 3725 4677 facti

424 4680 657 4751 ιιῦξησε
696 4684 766 4753 τῇ
796 4686 1145 4757 προσηγορίᾳ
1166 4687 1264 4758 τὴν
1295 4690 1654 4761 κατηγορίαν.
1688 4693 1895 4762 Σοφοὺς
1926 4695 2035 4766 γὰρ

368 4845 375 4849 θ
423 4772 670 4835 ἑαυτοὺς
737 4773 1126 4846 ὀνομάζοντας,
1187 4781 1454 4853 ἀνοήτους
1509 4783 1650 4851 σφᾶς
1690 4784 1888 4850 αὐτοὺς
1925 4787 2036 4840 ἀπὸ

420 4863 541 4916 τῶν
570 4862 759 4935 ἔργων
796 4865 1113 4938 ἀπέφηναν.
1868 4868 1880 4879 ’

500 4963 617 5024 κγ’.
644 4955 762 5009 Καὶ
781 4957 1134 5025 ἠλλάξαντο
1188 4959 1304 5029 τὴν
1348 4960 1538 5027 δόξαν
1582 4964 1691 5018 τοῦ
1726 4964 2055 5036 ἀφθάρτου.

425 5046 612 5110 Θεοῦ,
631 5048 704 5100 ἐν
728 5049 1051 5119 ὁμοιώματι
1102 5052 1338 5119 aluero;-
1386 5055 1652 5129 φθαρτοῦ
1689 5056 2027 5125 ἀνθρώπου.

421 5138 679 5193 Συνιδεῖν
716 5140 826 5211 γὰρ
877 5143 977 5201 οὐκ
1029 5143 1411 5215 ἐθελήσαντες,
1459 5147 1536 5211 ὡς
1565 5149 1593 5201 ὁ
1625 5148 1734 5202 τῶν
1776 5150 2032 5206 ἁπάντων

423 5231 788 5302 Δημιουργδς
850 5226 1057 5305 φθορᾶς
1120 5236 1381 5306 ἀμείνων,
1445 5241 1542 5294 καὶ
1591 5240 1701 5295 τῶν
1738 5244 2034 5316 ὁρωμένων

425 5322 768 5396 ὑπέρτερος,
803 5326 902 5389 τὰς
932 5328 1039 5379 τῶν
1068 5328 1287 5383 οίκείων
1311 5331 1582 5402 σωμάτων
1603 5319 1859 5401 εἰκόνας,
1877 5338 2035 5403 θεοὺς

428 5415 916 5488 προσηγόρευσαν.
958 5418 1095 5473 Οὐδὲ
1139 5420 1248 5492 γὰρ
1282 5422 1401 5489 ,τῶν
1428 5425 1679 5497 ἀοράτων
1726 5427 1916 5500 ψυχῶν
1939 5433 2035 5489 ἀν-

510 5596 535 5623 τ
571 5586 745 5640 Marc.
784 5605 919 5651 ιιιιι,
952 5588 1046 5643 26.

2136 4714 2283 4758 sunt.
2331 4704 2713 4773 Appellatione
2747 4702 2900 4758 auxit
2932 4701 3442 4775 reprehensionem.
3484 4699 3710 4770 Seipsos

2135 4793 2282 4847 enim
2309 4793 2439 4848 dum
2471 4793 2753 4863 sapientes
2782 4792 3096 4857 nominant,
3131 4790 3456 4862 insipientes
3509 4805 3569 4845 se
3599 4804 3722 4845 esse

2136 4881 2306 4937 factis
2335 4883 2726 4938 ostenderunt.

2208 4972 2379 5029 Vsus.
2413 4974 2505 5029 25.
2545 4973 2612 5028 Et
2647 4986 2988 5030 mutaverunt
3039 4974 3268 5046 gloriam
3300 4970 3721 5041 incorruptibilis

2143 5065 2237 5121 Dei
2267 5067 2321 5119 in
2355 5066 2711 5121 similitudine
2758 5068 3010 5139 imaginis
3059 5064 3421 5133 corruptibilis
3468 5063 3719 5120 hominis.

2139 5159 2276 5213 Cum
2311 5158 2459 5213 ettim
2521 5159 2837 5214 noluissent
2886 5158 3191 5228 intelligere
3247 5156 3489 5209 omnium
3535 5170 3719 5209 rerum

2139 5250 2401 5321 Opiﬁcem
2455 5251 2526 5306 ab
2569 5250 2797 5306 interitu
2829 5250 3059 5305 liberum
3084 5262 3230 5312 esse,
3276 5256 3331 5302 et
3365 5246 3437 5301 iis
3476 5261 3599 5317 quae
3636 5245 3719 5300 vi-

2139 5340 2342 5394 dentur
2398 5341 2780 5411 superiorem,
2824 5353 3121 5408 corporum
3175 5352 3404 5394 suorum
3457 5337 3722 5408 imagines

2144 5432 2280 5493 deos
2317 5433 2757 5503 appellaverunt.
2792 5427 2979 5500 Neque
3027 5428 3174 5486 enim
3232 5430 3564 5496 animarum,
3599 5442 3723 5499 qua:

1722 5686 1959 5744 VARUE
2014 5689 2424 5749 LEL'TIONES.

533 5810 583 5844 ι’
622 5810 788 5891 πέντε
841 5813 994 5891 deest
1040 5817 1097 5872 in
1128 5816 1171 5871 Β
1200 5827 1255 5873 et
1297 5821 1441 5890 apud
1488 5820 1652 5876 Herv.

431 5878 613 5945 (retas
638 5879 967 5953 Basileensi,
1004 5901 1072 5943 an
1098 5904 1194 5959 per
1233 5878 1475 5948 errorem
1501 5892 1753 5956 ?nescio.

1757 5825 1802 5857 ²⁰
1833 5827 2033 5900 ηὐχαρ.
2092 5829 2289 5899 legisse
2333 5828 2737 5888 Theodoretum
2774 5832 2852 5888 ait
2884 5829 3222 5890 Wetstenius
3254 5830 3322 5886 ad
3356 5828 3411 5887 h.
3449 5829 3483 5891 l.
3528 5830 3720 5887 codice
