4124 6460
413 439 483 503 63
1409 435 1902 497 THEODORETI
1924 435 2267 499 EPISCOPI
2303 441 2673 503 CYRENSIS
3617 438 3685 502 64

414 556 521 611 sub
575 563 860 625 aspectum
914 568 1045 608 non
1076 552 1315 617 cadunt,
1375 552 1644 624 imagines
1707 551 1997 605 innituntur

2105 551 2491 622 δριαντοποιοὶ,
2553 556 2650 610 καὶ
2700 555 3205 626 ἀγαλματογλύφοι,
3272 556 3364 611 καὶ
3407 554 3688 628 ζωγράφοι

414 648 691 712 statuarii,
747 648 1057 718 sculptorcs
1107 654 1159 701 et
1213 647 1477 716 pictores,
1526 645 1625 700 sed
1670 659 1990 715 corporum,

411 754 536 809 quae
589 750 1022 809 corrumpuntur
1050 746 1105 793 et
1146 737 1449 793 intereunt.
1484 734 1595 791 Nec
1641 735 1748 789 hoc
1798 735 1882 791 eis
1925 733 1992 788 ad

413 834 754 903 impietatem
814 831 919 886 fuit
964 831 1104 886 satis
1147 849 1161 883 :
1201 830 1298 885 sed
1355 829 1644 883 volucrum
1693 829 1880 893 etiam,
1939 834 1996 881 et

412 923 857 992 quadrupedum,
899 929 954 976 ct
987 920 1256 977 vermium
1290 920 1561 991 imagines
1599 918 1991 975 adoraverunt.

414 1016 718 1083 Oportebat
774 1023 957 1068 autem
1008 1028 1106 1069 eos
1151 1014 1373 1078 videre,
1402 1012 1551 1083 quod
1605 1013 1838 1067 istorum
1887 1010 1994 1065 alia

414 1107 636 1171 quidem
678 1106 782 1175 ipsi
818 1105 1148 1168 comedunt,
1187 1111 1248 1158 ut
1294 1106 1611 1173 esculenta;
1661 1104 1770 1158 alia
1811 1112 1994 1180 autem

415 1199 734 1260 abhorrent,
790 1206 848 1250 ut
905 1197 1224 1262 immunda;
1264 1198 1370 1251 alia
1407 1207 1591 1253 autem
1642 1196 1884 1268 fugiunt,
1937 1205 1997 1249 ut

416 1289 578 1341 tinxia
606 1297 659 1341 et
680 1289 762 1342 eis
809 1287 1154 1342 insidiantia.
1194 1287 1300 1342 Sed
1340 1303 1435 1357 per
1472 1298 1775 1342 extremam
1808 1286 1997 1341 stulti-

414 1381 544 1433 tiam
566 1382 581 1399 '
609 1387 665 1433 et
694 1388 1000 1449 stuporem,
1033 1381 1203 1435 etiam
1242 1395 1431 1435 eorum
1460 1395 1584 1449 quae
1613 1379 1994 1441 comedebant,

414 1483 467 1523 et
503 1488 626 1543 quae
683 1473 1084 1538 abhorrebant,
1119 1485 1173 1528 et
1220 1487 1341 1542 quae
1390 1473 1684 1535 necabant,
1733 1470 2000 1542 imagines

418 1563 471 1615 in
508 1565 643 1617 deos
674 1565 1008 1619 retulerunt.

486 1653 654 1710 Vens.
691 1656 782 1709 24.
822 1653 1045 1724 Propter
1106 1654 1244 1721 quod
1298 1652 1520 1707 tradidit
1572 1653 1695 1707 illos
1752 1650 1894 1707 Deus
1943 1653 2000 1705 in

415 1745 693 1800 desideriis
729 1745 905 1800 cordis
936 1762 1121 1800 eorum
1147 1745 1202 1799 in
1236 1743 1662 1809 immunditiam,
1703 1752 1761 1798 ut
1814 1755 2001 1798 contu-

417 1836 588 1889 meliis
648 1836 878 1906 afﬁciant
934 1852 1164 1906 corpora
1213 1853 1314 1891 sua
1370 1836 1426 1890 in
1480 1835 1693 1905 seipsis.
1744 1832 1998 1888 Tradidit

2101 646 2199 710 τάς
2222 648 2438 713 είκόνας
2460 649 2770 719 μιμοῦνται,
2798 649 2933 703 ἀλλά
2961 649 3069 704 τῶν
3095 649 3470 721 φθειρομένων
3496 648 3688 719 σωμά-

2100 756 2233 795 των.
2271 740 2387 794 Οὐκ
2411 741 2615 811 ἤρκεσε
2639 741 2697 795 δὲ
2721 741 2904 806 αὐτοῖς
2925 742 3007 804 είς
3047 741 3305 795 ἀσέϐειαν
3330 739 3490 794 τοῦτο
3510 756 3523 770 ο
3552 739 3689 794 ἀλλά

2103 831 2337 886 καὶτῶν
2382 832 2669 894 πετεινῶν,
2706 834 2799 886 ταὶ
2844 832 2953 887 τῶν
3010 832 3378 903 τετραπόδων,
3429 832 3522 885 καὶ
3579 830 3690 885 τῶν

2102 923 2349 997 ἑρπετῶν
2404 923 2821 996 προσεκύνησαν
2853 925 2924 978 τά
2977 924 3295 995 ίνδάλματα.
3328 924 3477 977 Ἔδει
3504 923 3562 976 δὲ
3594 923 3691 975 αὐ-

2103 1013 2232 1077 τοὺς
2272 1012 2525 1079 συνιδεῖν,
2581 1013 2656 1077 ὡς
2679 1012 2888 1069 τούτων
2923 1014 2992 1067 τὰ
3029 1014 3129 1084 μὲν
3154 1014 3429 1067 ἐσθίουσιν
3458 1013 3533 1076 ὡς
3559 1011 3690 1065 ἑδώ-

2102 1103 2255 1174 διμα,
2285 1104 2351 1158 τὰ
2403 1104 2462 1157 δὲ
2521 1104 2886 1174 μυσάττονται
2924 1105 3001 1169 ὡς
3024 1104 3335 1175 ἀκάθαρτα,
3365 1103 3434 1156 τὰ
3467 1103 3523 1157 δὲ
3556 1102 3689 1173 φεύ-

2078 1190 2292 1265 ¹γουσιν
2325 1197 2401 1260 ὡς
2423 1195 2705 1249 ἐπίϐουλα.
2753 1196 2892 1249 Ἀλλ’
2920 1194 2983 1261 ἐξ
3015 1195 3360 1267 ἀϐελτερίας,
3375 1196 3470 1249 καὶ
3512 1213 3691 1268 παρα-

2105 1289 2336 1360 πληξίας
2365 1290 2622 1359 ἐσχάτης,
2672 1290 2768 1343 καὶ
2823 1282 2898 1343 ὧν
2949 1289 3156 1360 ἢσθιον,
3211 1289 3306 1343 καὶ
3355 1283 3691 1367 ὧνὲμυσάτ·

2104 1398 2274 1447 τοντο,
2310 1379 2406 1434 καὶ
2432 1373 2508 1434 ὧν
2536 1379 2797 1452 ἀνῄρουν,
2825 1379 2925 1445 τὰς
2948 1381 3163 1444 εἰκόνας
3190 1379 3566 1450 ὲθεοποίησαν.

2177 1638 2277 1693 κδ’.
2307 1639 2403 1692 Διὸ
2444 1638 2544 1693 καί
2589 1637 2935 1709 παρέδωκεν
2974 1635 3199 1703 αὐτοὺς
3225 1638 3258 1691 ό
3294 1634 3439 1701 Θεὸς
3464 1633 3536 1687 ἐν
3564 1633 3695 1699 ταῖς

2104 1731 2448 1801 ἐπιθυμίαις
2484 1730 2604 1784 τῶν
2644 1729 2906 1799 καρδιῶν
2935 1727 3137 1785 αὐτῶν
3164 1731 3253 1795 εἰς
3293 1728 3689 1796 ἀκαθαρσίαν,

2106 1822 2212 1897 τοῦ
2251 1822 2630 1892 ἀτιμάζεσθαι
2677 1826 2751 1878 τὰ
2781 1821 3029 1894 σώματα
3068 1821 3269 1879 αὐτῶν
3306 1823 3377 1876 ἐν
3431 1820 3687 1886 ἑαυτοῖς.

416 1928 601 1996 posuit
633 1943 734 1997 pro
762 1929 1026 1995 permisit.
1086 1928 1230 1983 Dicit
1253 1936 1432 1983 autem
1465 1926 1635 1997 quod.
1667 1941 1790 1982 cum
1820 1925 1994 1981 vidis-

2105 1915 2175 1968 Τὸ
2203 1914 2548 1983 παρέδωκεν
2569 1915 2695 1968 ἀντὶ
2725 1914 2820 1968 τοῦ
2839 1915 3236 1986 συνεχώρησε
3257 1914 3492 1968 τέθεικε.
3526 1913 3692 1982 Λέγει

417 2026 498 2073 set
524 2032 621 2073 eos
662 2033 763 2072 nec
785 2018 923 2072 velle
939 2033 1037 2088 per
1055 2016 1335 2088 opiﬁcium
1356 2019 1420 2073 ad
1441 2016 1765 2072 Eﬂ‘ectorem
1785 2015 2004 2080 deduci,

415 2124 596 2179 neque
633 2109 685 2163 vi
723 2109 958 2163 rationis
1010 2110 1182 2165 indita
1235 2109 1466 2165 meliora
1499 2109 1555 2163 in
1586 2108 1753 2163 rebus
1776 2106 2006 2177 agendis

416 2203 643 2271 eligere,
678 2216 745 2256 ac
774 2200 1048 2256 deteriora
1096 2202 1306 2272 fugere,
1352 2201 1479 2255 illos
1510 2214 1612 2255 sua
1655 2198 2004 2269 providentia

416 2293 687 2361 privavit.
753 2298 807 2346 et
862 2299 1124 2361 tanquam
1191 2290 1444 2362 cymbam
1507 2290 1716 2359 absque
1772 2288 2005 2344 saburra

417 2384 548 2439 ferri
611 2385 721 2454 26
776 2383 1032 2455 permisit
1083 2382 1457 2439 :detrectans
1510 2397 1606 2438 eos
1660 2380 1999 2453 gubernare,

414 2476 512 2545 qui
546 2475 612 2529 ad
635 2484 941 2531 extremam
973 2474 1312 2545 impietatem
1340 2474 1582 2543 prolapsi
1609 2472 1850 2536 fuerant,
1882 2488 2005 2544 quae

416 2566 678 2636 injustam
711 2572 765 2619 et
800 2564 1016 2636 legibus
1045 2563 1389 2619 contrariam
1426 2563 1589 2617 vitam
1628 2563 1861 2634 peperit.

482 2739 652 2796 Vens.
695 2740 786 2796 25.
818 2741 925 2808 Qui
973 2750 1427 2795 commutaveruut
1480 2740 1753 2795 veritatem
1810 2737 1905 2793 Dei
1947 2738 2004 2793 in

412 2833 771 2896 mendacium,
822 2842 872 2888 et
932 2833 1247 2899 coluerunt,
1306 2843 1355 2889 et
1406 2834 1701 2888 servierunt
1742 2841 2003 2887 creatura:

413 2925 595 2994 potius
631 2941 788 2993 quam
817 2924 1087 2990 Creatori,
1122 2926 1211 2996 qui
1236 2933 1316 2981 est
1354 2924 1658 2980 benedictus
1687 2926 1743 2979 in
1777 2923 1999 2979 saecula.

412 3017 601 3071 Amen.
636 3015 974 3085 lniquitatis,
1015 3017 1238 3087 inquit,
1282 3017 1705 3073 fundamentum
1752 3015 1858 3071 fuit
1893 3015 1999 3068 im-

415 3109 618 3177 pii-tas.
676 3109 912 3178 Propter
971 3117 1268 3178 utrumque
1330 3115 1514 3162 autem
1573 3106 1761 3162 divina
1822 3105 2000 3177 gratia

414 3199 615 3267 privati
670 3207 822 3253 sunt.
881 3198 977 3253 Dei
1031 3206 1216 3254 autem
1255 3200 1530 3254 ueritatem
1578 3205 1741 3254 vocat
1798 3212 2000 3254 nomen

416 3290 970 3346 Deusnnendacium
1017 3300 1223 3355 autem,
1270 3307 1435 3346 manu
1501 3291 1710 3345 factum
1766 3289 1999 3344 idolum.
2029 3267 2074 3327 (ἶ

411 3383 551 3437 Cum
609 3384 756 3438 enim
808 3391 1089 3454 oporteret
1129 3399 1227 3441 eos
1282 3399 1472 3439 verum
1533 3382 1701 3438 Deum
1747 3380 2003 3452 adorare,

413 3482 684 3530 creatura:
707 3474 956 3530 divinum
1000 3476 1266 3531 honorem
1309 3476 1646 3531 tribuerunt.
1692 3474 1751 3528 ln
1780 3474 2002 3531 easdem

414 3568 884 3638 reprehensiones
919 3568 1174 3629 incidunt
1207 3568 1374 3623 etiam
1425 3568 1483 3634 ii,
1515 3567 1607 3638 qui
1654 3566 2004 3638 unigenitum

417 3657 511 3712 Dei
538 3656 734 3711 Filium
771 3666 1086 3713 creaturam
1122 3667 1358 3726 vocant,
1404 3666 1460 3713 et
1514 3664 1777 3727 tanquam
1835 3656 2004 3712 Deum

421 3757 606 3800 tamen
643 3745 897 3800 adorant.
930 3745 1164 3817 Oportet
1188 3747 1361 3812 enim,
1386 3747 1472 3802 vel
1519 3746 1565 3802 si
1601 3745 1772 3802 Deum
1815 3746 2007 3803 existi-

420 3846 599 3902 mant,
629 3853 753 3893 cum
793 3849 1059 3894 creatura
1078 3853 1189 3893 non
1214 3838 1572 3910 conjungere,
1604 3836 1700 3893 sed
1730 3852 1855 3892 cum
1894 3836 2007 3893 Deo

418 3930 513 4001 qui
566 3930 754 4001 genuit
784 3948 797 3984 :
822 3930 904 3985 vel
939 3930 985 3985 si
1027 3937 1339 3985 creaturam
1376 3930 1680 3999 appellant,
1714 3928 1795 3984 illi
1827 3929 2007 3984 hono-

419 4038 536 4078 rem
568 4031 832 4093 tanquam
895 4021 1111 4078 numini
1174 4037 1286 4076 non
1333 4022 1619 4078 exhibere.
1659 4020 1768 4077 Sed
1805 4022 1873 4076 ad
1911 4036 2007 4077 eo-

422 4132 543 4172 rum
588 4132 712 4185 quae
739 4124 1051 4185 sequuntur
1110 4108 1630 4184 interpietationem
1686 4126 2004 4184 pergamus.

495 4203 666 4261 Vens.
721 4202 809 4269 26,
842 4205 931 4260 27.
998 4203 1289 4273 Propterea
1343 4202 1570 4256 tradidit
1633 4218 1720 4256 eos
1772 4200 1912 4256 Deus
1950 4203 2007 4256 in

420 4297 687 4364 passiones
714 4296 1038 4366 ignominiw.
1092 4293 1238 4348 Nam
1267 4302 1315 4348 et
1366 4293 1579 4362 femina:
1612 4308 1796 4348 eorum
1832 4301 2008 4347 muta-

420 4394 605 4441 verunt
654 4386 959 4440 naturalem
986 4401 1168 4448 usun,
1205 4384 1260 4437 in
1317 4399 1436 4436 eum
1468 4383 1558 4453 qui
1589 4390 1667 4437 est
1696 4389 1882 4437 contra
1909 4398 2008 4436 na-

422 4487 621 4531 turant.
658 4478 918 4532 Similiter
960 4485 1139 4531 autem
1168 4484 1217 4531 et
1250 4473 1500 4541 masculi,
1552 4475 1737 4528 relicto
1766 4473 2009 4528 naturali

2104 2006 2183 2072 δὲ,
2233 2006 2315 2060 ὅτι
2371 2005 2708 2076 θεασάμενος
2771 2007 2992 2071 αὐτοὺς,
3035 2005 3160 2060 οὔτε
3205 2005 3293 2059 διὰ
3330 2006 3430 2076 τῆς
3463 2005 3693 2068 κτίσεως

2106 2095 2247 2166 πρὸς
2270 2096 2363 2149 τὸν
2396 2095 2636 2167 Ποιητὴν
2662 2095 3034 2167 πώηγηθῆναι
3065 2095 3422 2167 θελήσαντας,
3453 2094 3578 2149 οὔτε
3605 2094 3695 2149 διὰ

2105 2191 2205 2260 τῆς
2255 2188 2365 2243 τῶν
2420 2187 2696 2260 λογισμῶν
2758 2188 3105 2260 διακρίσεως,
3163 2188 3381 2243 ἑλέσθαι
3438 2188 3538 2260 μὲν
3581 2187 3694 2245 τῶν

2106 2280 2399 2352 πρακτέων
2444 2281 2513 2334 τὰ
2556 2281 2810 2353 κρείττω,
2847 2283 3040 2351 φυγεῖν
3080 2279 3134 2335 δὲ
3162 2281 3230 2335 τά
3266 2281 3458 2352 χείρω,
3488 2279 3591 2351 τῆς
3616 2280 3695 2334 elo

2106 2372 2261 2437 κείας
2317 2372 2662 2444 προμηθείας
2720 2372 3032 2445 ἐγύμνωσε,
3070 2373 3166 2428 καὶ
3196 2373 3451 2445 καθάπερ
3486 2374 3695 2443 σκάφος

2106 2464 2510 2535 ἀτερμάτιστον
2531 2465 2576 2496 ²¹
2604 2464 2868 2537 φέρεσθαι
2907 2466 3091 2519 εῐασεν
3113 2484 3127 2499 ·
3158 2465 3260 2519 οὐκ
3324 2464 3693 2536 ἀνασχόμενος

2105 2553 2377 2627 κυϐερνᾷν
2403 2557 2531 2619 τοὺς
2554 2556 2886 2627 είςὲσχάτην
2912 2559 3247 2623 ἐκπεσόντας
3273 2556 3554 2623 ἀσέϐειαν,
3570 2556 3693 2627 ἥτις

2106 2647 2201 2702 καὶ
2231 2647 2323 2701 τὸν
2346 2647 2666 2719 παράνομον
2696 2649 2982 2720 ἀπεκύησε
3012 2649 3147 2721 βίον.

2176 2737 2526 2803 κε’.οἵτινες
2581 2738 3051 2807 μετηλλάξαντο
3104 2739 3222 2809 τὴν
3258 2738 3550 2807 ἀλήθειαν
3585 2735 3691 2795 τοῦ

2108 2828 2257 2883 Θεοῦ
2280 2828 2351 2882 ὲν
2391 2829 2472 2895 τῷ
2508 2829 2745 2898 ψεύδει,
2801 2828 2903 2883 καί
2934 2828 3387 2900 ἐσεϐάσθησαν,
3423 2833 3521 2886 καὶ
3552 2830 3694 2887 ἐλά-

2105 2932 2370 2988 τρευσαν
2407 2916 2485 2987 τῇ
2517 2919 2712 2973 κτίσει
2749 2920 2912 2989 παρὰ
2945 2920 3054 2975 τὸν
3081 2923 3397 2989 κτίσαντα,
3435 2923 3502 2990 ὅς
3518 2924 3696 2980 ἐστιν

2104 3013 2437 3084 εὐλογητὸς
2470 3015 2561 3080 εὶς
2616 3013 2760 3080 τοὺς
2819 3013 3059 3082 αἰῶνας.
3102 3016 3310 3086 Ἀμήν.
3355 3016 3692 3089 ’Υποϐάθρα,

2107 3105 2262 3177 φησὶ,
2286 3105 2387 3176 τῆς
2411 3106 2756 3177 παρανομίας
2786 3107 3083 3179 γεγένηται
3119 3108 3153 3178 ἡ
3194 3107 3423 3163 ἀσέϐεια
3442 3126 3454 3139 ·
3488 3108 3694 3179 δι’ἀμ-

2107 3194 2312 3266 φότερα
2332 3194 2389 3249 δὲ
2410 3194 2512 3265 τῆς
2538 3194 2690 3259 θείας
2704 3196 3103 3269 ἐγυμνώθησαν
3125 3198 3371 3270 χάριτος.
3390 3198 3699 3265 Ἀλήθειαν

2104 3288 2160 3342 δὲ
2189 3288 2285 3341 τοῦ
2339 3287 2488 3343 Θεοῦ
2549 3287 2706 3341 καλεῖ
2738 3288 2799 3341 τὸ
2855 3287 2988 3353 Θεὸς
3032 3287 3234 3360 ὄνομα·
3286 3290 3517 3358 ψεῦδος
3543 3289 3600 3343 δὲ
3635 3289 3699 3343 τὸ

2106 3377 2486 3451 χειροποίητον
2550 3378 2787 3433 εἴδωλον.
2825 3377 2955 3431 Δέον
3004 3378 3113 3451 γὰρ
3151 3380 3349 3441 αὐτοὺς
3392 3378 3481 3432 τὸν
3519 3378 3695 3451 ἀληθῆ

2107 3473 2485 3544 προσκυνῆσαι
2516 3472 2671 3540 Θεὸν,
2725 3475 2794 3544 τῇ
2852 3473 3027 3527 κτίσει
3063 3473 3123 3527 τὸ
3159 3473 3302 3528 θεῖον
3334 3473 3498 3537 σέϐας
3528 3491 3699 3546 προσ-

2106 3566 2367 3637 ήνεγκαν.
2406 3563 2646 3628 Ταύταις
2674 3565 2996 3619 ὑπόκεινται
3035 3568 3157 3631 ταῖς
3188 3566 3568 3637 κατηγορίαις,
3603 3565 3699 3620 καὶ⁵

2106 3657 2157 3711 οἱ
2175 3656 2267 3711 τὸν
2297 3656 2561 3727 μονογενῆ
2594 3655 2688 3709 τοῦ
2738 3654 2875 3710 Θεοῦ
2930 3658 3057 3712 Υίὸν
3109 3658 3317 3728 κτίσμα
3355 3657 3453 3729 μὲν
3488 3660 3701 3712 ἀποκα-

2106 3748 2346 3815 λοῦντες,
2379 3748 2456 3814 ὡς
2478 3749 2536 3804 δὲ
2557 3748 2690 3804 Θεὸν
2745 3749 3199 3822 προσκυνοῦντες.
3241 3752 3330 3803 Δεῖ
3348 3750 3478 3822 γὰρ,
3505 3750 3539 3822 ἢ
3575 3748 3698 3803 θεο-

2107 3840 2402 3909 λογοῦντας
2443 3841 2517 3912 μὴ
2542 3844 2610 3913 τῇ
2644 3841 2823 3895 κτίσει
2869 3842 3209 3906 συντάττειν,
3236 3842 3372 3895 ἀλλά
3398 3841 3476 3915 τῷ
3508 3860 3700 3912 γεγεν-

2107 3934 2469 4006 νηκότιΘεῷ·
2509 3934 2544 4006 ἢ
2572 3935 2776 4004 κτίσμα
2837 3933 3371 4005 προσαγορεύοντας,
3425 3936 3486 3989 τὸ
3536 3936 3699 4001 σέϐας

2106 4026 2257 4096 αὐτῷ
2289 4025 2364 4097 μὴ
2394 4025 2726 4097 προσφέρειν
2754 4023 2832 4095 τῷ
2853 4025 2983 4097 οείῳ
3003 4026 3071 4082 η.
3104 4026 3264 4080 Ἀλλὰ
3286 4027 3378 4081 ἐπὶ
3399 4028 3468 4083 τὰ
3496 4028 3698 4101 συνεχῆ

2106 4120 2206 4190 τῆς
2238 4117 2534 4189 ἑρμηνείας
2568 4116 2899 4188 βαδίσωμεν.

2179 4215 2295 4274 κς’,
2321 4206 2425 4274 κζ’.
2455 4209 2560 4263 Διὰ
2584 4209 2761 4265 τοῦτο
2817 4210 3162 4281 παρέδωκεν
3213 4216 3437 4283 αὐτοὺς
3470 4219 3503 4271 ὀ
3553 4217 3699 4284 Θεὸς

2106 4302 2193 4366 είς
2220 4299 2378 4369 πάθη
2409 4300 2668 4369 ἀτιμίας.
2689 4302 2765 4355 Αἵ
2780 4318 2842 4355 τε
2863 4302 2974 4372 γὰρ
2988 4304 3223 4371 θήλειαι
3251 4305 3452 4361 αὐτῶν
3474 4308 3698 4377 μετήλ-

2106 4393 2307 4458 λαξαν
2346 4384 2461 4460 τὴν
2485 4392 2757 4463 φυσικὴν
2780 4395 3005 4465 χρῆσιν
3034 4400 3123 4465 είς
3147 4398 3264 4465 τὴν
3301 4400 3461 4468 παρὰ
3483 4402 3694 4470 φύσιν.

2120 4485 2366 4555 Ὁμοίως
2397 4484 2462 4538 δὲ
2496 4485 2594 4541 καὶ
2620 4489 2673 4541 oi
2702 4485 2975 4555 ᾶῤῥενες,
3003 4489 3261 4558 ἀφέντες
3283 4490 3398 4559 τὴν
3423 4492 3700 4562 φυσικὴν

422 4587 523 4625 usu
549 4570 779 4639 femina},
813 4578 1127 4625 exarserunt
1160 4571 1214 4623 in
1245 4567 1507 4622 desiderio
1538 4568 1622 4622 sui
1653 4567 1708 4620 in
1757 4567 2001 4632 invicem,

2107 4575 2337 4647 χρῆσιν
2365 4575 2473 4646 τῆς
2515 4579 2782 4645 θηλείας,
2838 4580 3262 4651 ἐξεκαύθησαν
3301 4585 3373 4639 ἐν
3398 4584 3475 4654 τῇ
3506 4587 3699 4655 ὀρέξει

424 4664 651 4718 masculi
681 4667 733 4718 in
767 4664 1034 4719 masculos
1071 4662 1456 4732 turpitudinem
1504 4669 1804 4732 operantes.
1858 4660 2004 4714 Con-

422 4758 758 4813 venientiam
807 4757 976 4812 habet
1007 4756 1275 4826 iniquitas
1321 4770 1446 4809 cum
1493 4755 1797 4825 impietate.
1852 4752 2012 4808 Sicut

422 4850 570 4904 enim
630 4856 985 4903 mutaverunt
1040 4844 1134 4901 Dei
1182 4846 1476 4900 veritatem
1509 4844 1564 4897 in
1612 4844 1961 4899 mendacium
1992 4882 2008 4908 ,

422 4943 501 4999 ita
530 4941 693 4997 etiam
728 4940 1039 5011 legitimum
1080 4936 1409 5007 cupiditatis
1435 4951 1596 4991 usum
1630 4936 1689 4991 in
1738 4936 2007 5006 injustum

423 5045 477 5089 et
505 5034 804 5090 nefarium.
845 5030 913 5085 Et
944 5039 1315 5100 congruentem
1346 5030 1638 5084 mercedem
1687 5030 1889 5084 erroris
1921 5028 2010 5084 sui

424 5125 479 5179 in
510 5141 564 5179 se
595 5124 929 5193 recipientes.
985 5119 1164 5190 Hujus
1197 5120 1342 5176 enim
1376 5121 1492 5175 vitii
1529 5129 1837 5178 extremum
1885 5130 2009 5193 sup-

427 5217 653 5287 plicium
688 5225 775 5272 est
818 5214 926 5285 27
960 5213 1288 5285 ignominia.
1321 5213 1455 5280 Qua:
1498 5215 1647 5270 enim
1688 5216 1875 5273 nullus
1905 5233 2010 5272 un.

425 5323 590 5379 quam
628 5307 803 5362 hostis
838 5307 891 5359 in
928 5319 1025 5360 eos
1057 5307 1487 5376 perpetraverit'
1519 5323 1582 5363 ea
1627 5309 2011 5366 lubentissime

424 5399 838 5470 aittplectuntur
872 5404 967 5451 :et
997 5395 1147 5467 quod
1195 5397 1381 5455 nullus
1432 5415 1678 5471 unquam
1727 5401 1900 5471 judex
1951 5403 2009 5457 in

2106 4667 2305 4722 αὐτῶν
2365 4669 2453 4733 είς
2501 4667 2837 4737 ἀλλήλους,
2898 4670 3144 4740 ᾶρῤενες
3201 4674 3272 4728 ἐν
3320 4675 3528 4744 ἇρῤεσι
3584 4676 3702 4746 τὴν

2105 4761 2553 4829 ἀσχημοσύνην
2626 4761 3140 4833 κατεργαζόμενοι.
3231 4768 3586 4839 Κατάλληλος
3660 4772 3695 4843 ἡ

2108 4850 2433 4922 παρανόμία
2475 4855 2539 4924 τῇ
2613 4853 2927 4927 δυσσεϐείᾳ.
2962 4856 3178 4929 Ὥσπερ
3210 4858 3320 4931 γὰρ
3362 4860 3698 4933 μετήλλαξαν

2104 4947 2207 5017 τὴν
2235 4945 2499 5017 ἀλήθειαν
2521 4945 2613 4999 τοῦ
2641 4946 2778 5000 Θεοῦ
2806 4948 2865 4999 ὲν
2888 4947 2969 5019 τῷ
2995 4947 3215 5019 ψεύδει·
3244 4951 3387 5006 οὕτω
3429 4954 3530 5025 τὴν
3554 4953 3697 5009 ἔννο-

2113 5055 2214 5109 μον
2244 5038 2343 5107 τῆς
2373 5037 2673 5115 ἐπιθυμίας
2697 5039 3000 5094 ἀπόλαυσιν
3039 5042 3333 5113 μετέϐαλον
3349 5046 3430 5109 είς
3456 5047 3697 5118 παράνο-

2117 5147 2238 5201 μον.
2265 5128 2375 5183 Καὶ
2416 5128 2534 5197 τὴν
2582 5130 2988 5199 ἀντιμισθίαν,
3016 5132 3097 5201 ἢν
3123 5133 3267 5205 ἔδει,
3291 5137 3404 5205 τῆς
3458 5137 3700 5208 πλάνης

2111 5219 2311 5277 αὐτῶν
2333 5220 2404 5275 ἐν
2435 5220 2669 5288 ἑαυτοῖς
2702 5223 3253 5294 ἀπολαμϐάνοντες.
3304 5229 3559 5301 Τιμωρία
3589 5232 3699 5305 γὰρ

2110 5311 2314 5384 ἐσχάτη
2364 5311 2519 5367 τοῦδε
2568 5313 2663 5366 τοῦ
2716 5314 2982 5389 πάθουςή
3017 5317 3236 5389 ἀτιμία,
3285 5322 3354 5375 "A
3379 5323 3489 5395 γὰρ
3519 5324 3699 5388 οὐδεὶς

2113 5403 2310 5468 αὐτοὺς
2332 5403 2441 5459 τῶν
2464 5404 2740 5474 πολεμίων
2767 5406 3034 5482 ἐπειράθη
3060 5410 3325 5468 διαθεῖναί
3354 5434 3505 5477 ποτε.
3524 5415 3696 5470 ταῦτα

1739 5521 1971 5577 VARle
2006 5521 2405 5579 LECTIONES.

532 5604 1018 5699 ’ίεόικιερμςιτιρτον
1032 5607 1330 5699 legi-asine
1354 5626 1519 5699 sensu
1553 5614 1798 5699 Bt."quod
1826 5625 1879 5699 et
1904 5614 2147 5699 habebat
2171 5615 2223 5669 in
2256 5615 2450 5699 codice
2479 5615 2908 5699 suoilervetus:
2938 5619 3037 5692 qui
3061 5620 3363 5699 legijubet
3393 5624 3695 5699 ἀκυϐέρνηα

429 5676 1339 5767 gv.-SedAsatis-bonale:stlectio
1372 5676 1871 5767 textusﬁir'mond:
1917 5685 2346 5767 ᾏτερμάτιστος
2367 5683 2647 5767 llesychio
2679 5697 2735 5744 et
2770 5676 3369 5767 δυ-ἰάαιέειάἒέόαιος,
3400 5676 3698 5767 ἀθέμὲὶιῶ.

428 5749 1516 5836 f'fiiqult‘l‘nquunt‘videturﬁirntondo
1545 5754 1671 5836 _h_oc
1717 5749 2054 5836 vocabulum"
2080 5749 3100 5836 interpretanti'inmente_l‘nisse_‘sb
3132 5749 3548 5836 ἀνερμάτιστον,
3598 5749 3698 5828 non

430 5815 1002 5893 saburratunt’tquod
1031 5820 1088 5874 in
1122 5820 1291 5874 Suida
1327 5823 1429 5893 legi
1474 5825 1689 5881 volebat
1740 5824 2026 5883 Knsterus.

430 5882 690 5943 habebat:
724 5882 953 5944 divinum
982 5888 1247 5947 honorem.

2108 5827 2153 5859 ⁸³
2183 5826 2349 5882 Forte
2384 5826 2674 5899 legendum
2704 5829 2766 5883 τὸ
2797 5829 2957 5889 θεῖον,
2998 5826 3485 5906 Herreti'quidem
3523 5826 3702 5902 versi!)
