4124 6392
376 421 454 494 85
1278 415 1894 479 INTERPRETATIO
1920 410 2159 473 EPIST.
2195 412 2295 472 AD
2323 412 2507 475 ROM.
2538 413 2698 476 CAP.
2733 414 2784 475 Ῐ.
3620 412 3696 480 66

381 529 526 602 μετὰ
562 526 761 599 πάσης
796 524 1153 591 ἀσπάζονται
1205 524 1519 595 προθυμίας
1544 539 1559 554 ο
1585 525 1681 578 καὶ
1725 523 1795 595 ἣν
1841 520 2003 584 οὐδεὶς

2121 533 2219 573 eos
2246 520 2580 590 supplicium
2622 520 2898 583 statuerit,
2934 523 3040 576 hoc
3074 521 3152 575 illi
3190 521 3244 576 in
3278 521 3491 593 seipsos
3522 531 3694 580 attra-

377 624 446 678 ἃν
480 622 673 678 αὐτῶν
702 620 982 690 δικαστὴς
1010 616 1424 687 κατεψηφίσατο
1476 615 1770 686 τιμωρίαν,
1800 611 2008 682 ταύτην

380 714 543 769 αὐτοὶ
571 714 700 767 καθ’
734 712 954 768 ἑαυτῶν
1010 709 1376 763 ἐπισπῶνται.
1413 707 1478 762 Τί
1510 708 1567 761 δὲ
1598 707 1658 761 τὸ
1695 706 1870 762 αἴτιον
1897 705 2008 759 τῶν

381 802 579 856 κακῶν
601 820 619 868 ;

455 894 569 965 κη’.
591 892 708 948 Καὶ
744 892 953 958 καθὼς
981 892 1094 947 οὐκ
1122 890 1496 961 ἐδοκίμασαν
1527 888 1636 943 τὸν
1664 888 1813 944 Θεὸν
1843 888 2008 958 ἔχειν

384 988 456 1041 ἐν
484 985 851 1057 ἐπιγνώσει,
889 984 1242 1055 παρέδωκεν
1267 983 1489 1049 αὐτοὺς
1523 984 1556 1037 ό
1585 982 1729 1049 Θεὸς
1752 984 1839 1048 είς
1870 981 2008 1035 ἀδό-

383 1094 573 1147 κιμον
625 1077 790 1131 νοῦν
839 1076 1041 1131 ποιεῖν
1093 1076 1168 1130 τὰ
1210 1076 1297 1145 μὴ
1323 1073 1684 1140 καθήκοντα.
1712 1074 1774 1126 Ei
1799 1072 1909 1142 γὰρ
1943 1071 2008 1143 δὴ

385 1167 600 1237 γνῶναι
636 1167 815 1220 αὑτὸν
871 1164 1272 1237 ἐϐουλήθησαν,
1326 1166 1440 1226 τοῖς
1485 1163 1651 1225 θείοις
1684 1161 1750 1216 ἂν
1776 1160 2005 1231 ἠκολού-

388 1260 570 1332 θησαν
599 1259 821 1329 νόμοις.
873 1256 1095 1329 Ἐπειδὴ
1152 1256 1210 1310 δὲ
1252 1256 1347 1309 τὸν
1380 1254 1618 1324 Ποιητὴν
1663 1253 2002 1324 ἠρνήθησαν,

389 1354 496 1423 τῆς
543 1350 770 1403 ἐκείνου
824 1349 1088 1419 προνοίας
1149 1345 1429 1408 παντελῶς
1480 1341 1897 1415 ἐγυμνώθησάν.
1932 1337 2007 1397 Ob

388 1441 455 1512 δὴ
479 1440 651 1510 χάριν
682 1441 799 1492 πᾶν
836 1435 982 1502 εἶδος
1008 1436 1213 1501 κακίας
1233 1436 1328 1489 σὺν
1356 1433 1512 1504 ἀδείᾳ
1542 1432 1804 1504 τολμῶσι.

463 1530 576 1584 κθ’.
611 1526 1151 1598 Πεπληρωμένους
1188 1524 1356 1594 πάσῃ
1394 1523 1611 1592 ἀδικίᾳ.
1634 1555 1706 1565 —-
1743 1522 2009 1579 Ἀδικίαν

391 1624 556 1677 καλεῖ
575 1622 679 1693 τὴν
706 1622 965 1675 ἐναντίαν
1001 1624 1067 1675 ἐκ
1112 1619 1410 1691 διαμέτρου
1461 1620 1527 1689 τῇ
1559 1615 1873 1688 δικαιοσύνῃ
1899 1632 2008 1669 κει·

396 1714 595 1784 μένην.
634 1713 736 1765 Ἐκ
767 1712 883 1782 γάρ
910 1710 1120 1781 ταύτης
1159 1709 1236 1773 ὡς
1291 1708 1494 1761 ἐπίπαν
1533 1704 1673 1771 εἶδος
1718 1707 2006 1778 βλαστάνει

393 1803 915 1874 κατηγορούμενον.
982 1799 1215 1866 Διέξεισι
1265 1799 1324 1852 δὲ
1379 1798 1479 1852 καὶ
1504 1799 1641 1853 αύτά
1666 1800 1735 1852 τὰ
1770 1798 2005 1869 βλαστὴ-

395 1910 572 1965 ματα.

465 1984 756 2052 Πορνείᾳ,
788 1984 1073 2052 πονηρίᾳ,
1134 1982 1481 2049 πλεονεξίᾳ,
1502 1983 1680 2050 κακίᾳ
1706 1997 1719 2011 ⁶
1743 1981 2009 2051 μεστοὺς

394 2078 653 2145 φθόνου,
694 2077 918 2146 φόνου,
975 2075 1194 2144 ἔριδος,
1245 2075 1454 2139 δόλου,
1485 2075 1879 2143 κακοηθείας-ο
1904 2077 2007 2144 ψι-

394 2170 717 2238 θυριστὰς.
769 2168 861 2234 (λ’,
887 2169 1016 2238 λα’).
1073 2166 1499 2234 Καταλάλους,
1560 2167 1902 2236 θεοστυγεῖς
1939 2167 2005 2233 ³³,

394 2261 711 2329 ὑϐριστὰς,
733 2258 1196 2330 ὑπερηφάνους,
1219 2258 1536 2325 ἀλαζόνας,
1560 2259 1885 2329 ἐφευρετὰς
1907 2276 2010 2314 κα-

393 2351 540 2418 κῶν,
564 2352 867 2421 γονεῦσιν
885 2350 1176 2417 ἀπειθεῖς,
1204 2351 1567 2416 ἀσυνέτους,
1590 2349 1969 2416 ἀσυνθέτους
1988 2391 2003 2416 ,

391 2445 765 2514 ἀστόργους,
800 2443 1182 2509 ἀσπόνδους.
1219 2442 1656 2512 ἀνελεήμονας.
1698 2441 1812 2495 Καὶ
1850 2441 2009 2496 καλεῖ

390 2537 696 2607 πορνείαν
724 2535 826 2606 μὲν
846 2534 946 2605 τὴν
976 2536 1039 2587 ού
1089 2533 1232 2588 κατά
1263 2534 1442 2604 γάμον
1488 2533 1783 2604 γινομένην
1810 2550 2006 2587 συνου-

394 2629 544 2683 σίαν.
594 2627 916 2695 Πονηρίαν
956 2626 1046 2690 δὲ,
1087 2626 1189 2697 τὴν
1231 2625 1472 2698 θηριώδη
1505 2624 1769 2698 γνώμηνο
1822 2630 2005 2681 πλεο-

390 2719 613 2785 νεξίαν
657 2718 751 2784 δὲ,
788 2717 890 2790 τὴν
944 2717 1043 2770 τοῦ
1076 2716 1322 2781 πλείονος
1383 2717 1602 2786 ἔφεσιν,
1658 2718 1753 2770 καὶ
1789 2717 1897 2771 τῶν
1943 2718 2004 2771 ού

391 2810 801 2882 προσηκόντων
823 2809 926 2880 τὴν
966 2809 1254 2880 ἁρπαγήν.
1284 2808 1542 2873 Κακίαν,
1578 2808 1676 2879 τῆς
1700 2809 1878 2881 ψυχῆς
1905 2810 2005 2881 τὴν

390 2902 490 2954 ἐπὶ
540 2902 614 2954 τὰ
665 2902 844 2973 χείρω
897 2901 1094 2973 ῥοπὴν,
1126 2901 1220 2954 καὶ
1270 2903 1363 2956 τὸν
1392 2902 1487 2955 ἐπὶ
1530 2901 1703 2975 βλάϐῃ
1723 2902 1815 2955 τοῦ
1835 2902 2005 2967 πέλας

388 2993 693 3063 γινόμενον
738 2991 1038 3062 λογισμόν.
1079 2991 1359 3058 Μεστοὺς
1412 2993 1643 3061 φθόνου
1675 2993 1910 3064 χαλεπὸν
1943 2993 2004 3046 τὸ

391 3084 599 3149 πάθος,
638 3084 739 3137 καὶ
789 3084 981 3155 φέρειν
1028 3084 1129 3138 οὐκ
1183 3084 1513 3155 ἀνεχόμενον
1561 3085 1656 3139 τοῦ
1692 3085 1861 3150 πέλας
1903 3086 2004 3157 τὴν

2112 611 2268 666 luunt.
2301 610 2366 668 Et
2391 626 2642 685 quaenam
2674 614 2949 668 malorum
2993 628 3162 669 causa
3189 614 3309 670 est?

2176 875 2351 932 Vens.
2392 875 2485 931 28.
2520 874 2592 930 Et
2611 879 2749 931 sicut
2781 895 2883 932 non
2915 878 3273 947 probaverunt
3305 877 3477 932 Deum
3504 879 3695 935 habere

2108 969 2165 1022 in
2187 969 2404 1033 notitia,
2431 967 2652 1023 tradidit
2671 970 2794 1024 illos
2822 970 2958 1025 Deus
2986 972 3038 1024 in
3063 971 3344 1038 reprobum
3373 988 3604 1037 sensum,
3636 982 3696 1025 ut

2110 1058 2314 1128 faciant
2341 1077 2406 1115 ea
2429 1078 2549 1132 quae
2581 1079 2683 1117 nan
2732 1063 3063 1118 conveniunt.
3107 1064 3165 1118 Si
3219 1081 3344 1120 cum
3399 1066 3544 1118 enim
3602 1082 3697 1121 vo-

2111 1150 2348 1207 luissent
2402 1167 2759 1223 cognoscere,
2809 1154 3027 1209 divinas
3068 1155 3216 1223 leges
3262 1158 3439 1211 secuti
3486 1167 3691 1212 essent.

2110 1241 2250 1309 Quia
2279 1251 2462 1298 autem
2506 1245 2827 1311 Creatorem
2891 1256 3251 1318 negaverunt,
3305 1249 3454 1305 illius
3507 1253 3692 1320 provi-

2110 1336 2295 1390 dentia
2328 1337 2556 1391 omnino
2583 1338 2780 1407 privati
2812 1348 2959 1393 sunt.
2988 1338 3360 1405 Quamobrem
3385 1355 3546 1395 omne
3571 1341 3689 1396 \‘itii

2109 1444 2285 1500 genus
2313 1429 2367 1482 in
2397 1444 2458 1484 se
2497 1429 2760 1484 audacter
2799 1431 3135 1500 suscipiunt.
3278 1437 3282 1441 '

2180 1518 2348 1575 Vsus.
2380 1519 2470 1575 29.
2519 1519 2759 1590 Repletos
2810 1522 2955 1575 omni
2996 1521 3297 1591 iniquitate.
3347 1519 3696 1590 lniquitatcm

2110 1626 2208 1666 seu
2261 1611 2595 1679 iniustitiam
2631 1620 2815 1678 vocat,
2852 1627 2975 1681 quae
3022 1627 3089 1667 ex
3142 1612 3412 1667 diametro
3464 1613 3697 1679 iustitiae

2108 1712 2196 1760 est
2230 1704 2508 1775 Opposita.
2557 1703 2633 1759 Ex
2659 1719 2723 1759 ea
2756 1705 2904 1758 enim
2942 1719 3174 1773 prorsus
3205 1705 3472 1775 quidquid
3506 1720 3697 1775 repre-

2108 1796 2462 1853 hendendum
2519 1806 2605 1852 est
2661 1795 2954 1867 germinat.
3001 1795 3125 1867 Ipsa
3170 1811 3390 1867 quoque
3446 1797 3693 1868 germina

2109 1888 2484 1959 prosequitur.

2182 1977 2588 2042 Fornication‘e,
2647 1976 2883 2043 malitia,
2925 1977 3182 2041 avaritia,
3216 1979 3472 2048 nequitia,
3515 1978 3695 2045 plenos

2115 2071 2342 2136 inridia,
2392 2058 2710 2133 Itontiridio,
2766 2072 3116 2135 contentione,
3153 2070 3298 2139 dolo,
3341 2072 3694 2142 malignitate,

2111 2178 2447 2224 susurrones.
2493 2160 2682 2226 (Vens.
2740 2161 2831 2225 50,
2879 2161 2993 2233 5L)
3044 2163 3391 2227 detractores,
3435 2162 3545 2217 Deo
3578 2162 3698 2216 odi-

2110 2253 2261 2318 bites,
2285 2255 2718 2317 contumeliosos,
2750 2255 3023 2323 superbos,
3071 2264 3409 2326 arrogantes,
3453 2257 3687 2310 invento-

2108 2363 2192 2401 res
2217 2347 2503 2412 malorum,
2529 2347 2836 2414 parentibus
2872 2363 2975 2401 non
3009 2347 3328 2410 obedientes,
3368 2349 3694 2415 insipientes,

2107 2436 2507 2504 incompositos,
2557 2437 2670 2490 sine
2723 2436 3023 2505 affectione,
3059 2436 3256 2507 absque
3317 2437 3534 2507 fwdcre,
3584 2440 3697 2495 sine

2108 2529 2503 2585 misericordia.
2535 2528 2601 2584 Et
2632 2530 3041 2599 fornicationem
3089 2533 3313 2601 quidem
3358 2543 3521 2588 vocat
3562 2550 3697 2589 con-

2108 2621 2473 2691 gressionem,
2516 2636 2638 2690 quae
2673 2621 2730 2675 ﬁt
2761 2630 2915 2676 extra
2945 2623 3383 2681 matrimonium.
3418 2624 3695 2680 Halitiam

2106 2719 2312 2773 autem,
2346 2719 2583 2766 mentem
2608 2713 2911 2767 belluinam
2942 2730 2955 2765 :
2998 2716 3281 2769 avaritiam
3313 2726 3515 2783 autem,
3536 2719 3692 2787 plura

2108 2803 2347 2859 habendi
2407 2804 2810 2876 cupiditatem,
2851 2812 2904 2859 et
2937 2821 3128 2863 eorum
3186 2824 3309 2877 quae
3353 2808 3418 2863 ad
3473 2825 3532 2864 se
3588 2826 3695 2864 non

2107 2895 2386 2964 pertinent
2412 2896 2684 2966 rapinam.
2717 2894 3050 2965 Nequitiam,
3088 2899 3287 2954 animae
3315 2901 3381 2954 ad
3417 2901 3693 2956 deteriora

2107 2987 2545 3052 inclinationem,
2600 2996 2675 3054 et,
2718 3005 2840 3057 qua:
2890 2990 2957 3045 ad
3004 2991 3240 3060 proximi
3293 2993 3689 3048 detrimentum

2107 3077 2445 3147 suscipitur,
2490 3080 2912 3150 cogitationem.
2974 3080 3178 3136 Plenas
3252 3082 3475 3136 invidia.
3541 3085 3696 3139 Sana

388 3168 708 3248 εὐπραξίαν
730 3191 745 3205 ·
777 3168 936 3239 οὗτος
993 3174 1091 3228 καὶ
1140 3174 1232 3231 τὸν
1288 3175 1450 3244 φόνον
1489 3176 1769 3248 ἐγέννησε,
1794 3177 2003 3233 καὶτὸν

2108 3169 2276 3223 animi
2308 3170 2666 3239 perturbatio,
2694 3180 2895 3242 etquae
2927 3171 3249 3229 felicitatem
3279 3171 3518 3244 proximi
3553 3175 3695 3230 ferre

387 3269 544 3323 δόλον
583 3267 796 3339 ἐκύησε
821 3283 836 3296 ·
867 3266 1049 3338 φθόνῳ
1080 3266 1236 3336 γὰρό
1269 3267 1410 3321 Κάῖν
1456 3269 1710 3339 τρωθεὶς,
1746 3270 1842 3323 καὶ
1867 3269 2005 3340 δόλῳ

388 3359 753 3432 χρησάμενος
782 3358 1057 3429 συνεργῷ,
1091 3358 1331 3429 ἐξήγαγε
1364 3358 1464 3429 μὲν
1504 3360 1585 3422 είς
1616 3358 1678 3413 τὸ
1704 3361 1883 3414 πεδίον
1913 3361 2006 3415 τὸν

385 3451 650 3522 ἀδελφὸν,
679 3450 776 3504 τὸν
793 3450 852 3505 δέ
876 3449 1037 3520 φόνον
1068 3450 1358 3522 ἐτόλμησε.
1391 3450 1720 3517 Κακοήθεις
1747 3451 1803 3504 δὲ
1829 3450 2002 3517 καλεῖ,

386 3544 519 3607 τοὺς
549 3545 634 3607 εἰς
657 3542 962 3612 ἐπιϐουλὴν
1016 3523 1399 3613 κεχρημένους
1431 3545 1544 3607 τοῖς
1578 3543 1881 3613 λογισμοῖς,
1906 3543 2005 3596 καὶ

388 3631 491 3702 τὴν
526 3629 745 3700 βλάϐην
777 3628 857 3700 τῷ
885 3628 1060 3691 πέλας
1118 3628 1588 3701 τεκταινομένους.
1640 3630 2003 3699 Ψιθυριστὰς

388 3720 476 3783 δὲ,
514 3722 650 3784 τοὺς
676 3719 821 3787 πρὸς
867 3719 929 3774 τὸ
974 3714 1070 3784 οὖς
1115 3718 1551 3791 διαλεγομένους,
1590 3719 1685 3773 καὶ
1725 3721 2003 3792 παρόντας

393 3812 544 3879 τινάς
585 3813 782 3877 κακῶς
820 3811 1213 3884 ἀγορεύοντας.
1270 3811 1688 3878 Καταλάλους,
1739 3813 1866 3877 τοὺς
1895 3814 2002 3868 δια-

387 3903 582 3968 δολαξ
603 3903 755 3958 κατὰ
776 3901 889 3958 τῶν
918 3902 1173 3957 ἀπόντων
1201 3901 1372 3967 ἀδεῶς
1403 3900 1806 3975 κεχρημένους.
1861 3906 2000 3959 Θεο-

387 3993 665 4063 στυγεῗς,
690 3994 822 4058 τοὺς
845 3992 1105 4064 ἀπεχθῶς
1135 3993 1265 4063 περὶ
1300 3993 1393 4047 τὸν
1423 3993 1556 4047 Θεὸν
1600 3994 1998 4066 διακειμένους.

397 4083 755 4154 ’Υὸριστὰς,
804 4084 936 4147 τοὺς
985 4083 1116 4155 περὶ
1158 4083 1259 4156 τὴν
1310 4083 1599 4156 παροινίαν
1652 4085 2000 4157 προχείρους.

399 4174 901 4246 ⁸Υπερηςσὰνους,
940 4176 1070 4238 τοὺς
1099 4175 1185 4245 ἐφ’
1213 4171 1297 4239 οἷς
1350 4174 1534 4246 ἔχουσι
1560 4175 2003 4249 πλεονεκτήμασι

393 4270 618 4341 μεγάλα
645 4267 1007 4341 φρονοῦντας.
1047 4264 1397 4334 Ἀλαζόνας,
1453 4266 1587 4331 τοὺς
1608 4266 1869 4337 οὐδεμίαν
1901 4267 2001 4338 μὲν

386 4363 627 4433 ἔχοντας
668 4360 1053 4431 πρόφασινείς
1095 4360 1446 4431 φρονήματος
1502 4359 1687 4427 όγκον,
1724 4357 1902 4429 μάτην
1940 4356 2000 4412 δὲ

388 4452 807 4523 φυσωμένους.
844 4449 1203 4519 Ἔφευρετὰς
1236 4447 1457 4513 κακῶν,
1492 4449 1621 4511 τοὺς
1646 4448 1708 4502 οὐ
1741 4447 2000 4519 μόνοντά

2106 3261 2321 3330 nequit.
2377 3261 2453 3315 Ea
2514 3272 2697 3318 autem
2756 3272 2815 3319 et
2873 3265 3081 3321 caedem
3130 3267 3345 3336 genuit,
3402 3278 3459 3321 et
3506 3266 3691 3323 dolum

2105 3350 2384 3420 concepit.
2419 3352 2556 3406 Cain
2591 3352 2740 3406 enim
2778 3354 2985 3409 invidia
3015 3356 3336 3420 sauciatus,
3369 3364 3424 3411 et
3450 3356 3558 3411 doli
3593 3372 3696 3426 ope

2108 3455 2266 3508 usus,
2295 3442 2520 3495 fratrem
2553 3443 2609 3496 in
2640 3443 2753 3513 28
2789 3459 3042 3514 campum
3110 3446 3332 3501 seduxit
3379 3448 3695 3518 caedemque

2107 3535 2465 3603 perpetravit.
2498 3534 2767 3606 Malignos
2807 3552 2938 3593 vero
2983 3546 3162 3603 vocat,
3200 3539 3295 3609 qui
3354 3540 3584 3596 rationis
3612 3539 3695 3594 fa-

2106 3627 2312 3681 cultate
2343 3627 2410 3681 ad
2465 3626 2701 3684 insidias
2731 3629 3135 3700 comparandas
3168 3639 3425 3700 utuntur,
3457 3640 3514 3687 et
3562 3648 3690 3703 pro-

2105 3717 2255 3772 ximo
2284 3717 2589 3787 perniciem
2622 3718 3082 3778 architectantur.
3114 3719 3446 3776 Susurrones
3480 3729 3688 3784 autem.

2103 3809 2201 3877 qui
2246 3808 2302 3862 in
2335 3823 2525 3863 aurem
2583 3809 2912 3879 loquuntur,
2959 3819 3016 3866 et
3057 3811 3124 3866 de
3174 3814 3543 3882 praesentibus
3587 3815 3690 3867 ali-

2102 3901 2307 3973 quibus
2335 3898 2695 3956 maledicunt.
2754 3901 3126 3968 Dctractores,
3165 3905 3259 3974 qui
3291 3905 3553 3961 absentes
3592 3921 3692 3960 au-

2103 3995 2295 4049 dacter
2327 3992 2759 4048 calumniantur.
2809 3992 2910 4048 Dei
2956 4010 3161 4062 osores,
3201 3995 3295 4065 qui
3330 3996 3528 4051 infesto
3561 4007 3689 4052 sunt

2103 4085 2159 4139 in
2207 4083 2377 4139 Deum
2439 4083 2648 4138 animo.
2703 4083 3158 4150 Contumeliosos,
3215 4086 3309 4157 qui
3373 4085 3440 4140 ad
3486 4088 3687 4157 probra

2102 4177 2401 4249 ingerenda
2438 4177 2596 4247 proni
2653 4187 2805 4233 sunt.
2850 4177 3140 4249 Superbos,
3194 4179 3286 4249 qui
3323 4179 3393 4235 ob
3420 4195 3507 4243 ea,
3561 4180 3686 4250 qui-

2103 4265 2206 4321 bus
2236 4264 2597 4322 suuteaateris
2623 4265 3305 4336 superiores,etl‘eruutur.
3338 4267 3685 4338 Arrogantes,

2101 4359 2216 4430 qui,
2252 4374 2378 4414 eum
2438 4359 2644 4413 nullam
2696 4359 3048 4415 occasionem
3105 4360 3366 4427 habeant,
3420 4369 3480 4417 ut
3525 4361 3593 4417 de
3626 4378 3687 4417 se

2102 4450 2394 4523 magniﬁce
2454 4451 2753 4516 scntiant,‘
2808 4452 2930 4508 sine
2982 4467 3151 4508 causa
3211 4461 3398 4507 tamen
3450 4454 3688 4508 intume-

389 4522 805 4614 ςσολιτευόμενα
824 4540 1144 4610 τολμῶντας
1160 4540 1327 4607 κακὰ,
1368 4539 1504 4594 ἀλλὰ
1554 4540 1650 4594 καὶ
1677 4539 1840 4613 ἕτερα
1868 4557 2002 4606 προ-

2105 4551 2289 4599 scunt.
2336 4541 2602 4599 Malorum
2653 4544 2969 4610 inventores,
3030 4545 3124 4614 qui
3170 4559 3279 4598 non
3313 4544 3488 4599 solum
3542 4547 3683 4600 mala

392 4634 790 4696 επινοοῦντας.
830 4633 1138 4687 Γονεῦσιν
1166 4631 1453 4699 ἀπειθεῖς,
1499 4631 1698 4687 ἀτοπία
1732 4632 1829 4685 καὶ
1857 4630 1999 4702 αὕτη

374 4718 662 4800 μεγίστη,
680 4727 783 4799 τὴν
809 4726 971 4796 φύσιν
997 4727 1301 4799 κατήγορον
1346 4710 1566 4797 ἔχουσα.
1610 4723 1995 4792 Ἀσυνέτουςο

386 4824 440 4877 oi
475 4822 591 4892 γὰρ
622 4824 704 4884 είς
735 4821 831 4874 τὸν
854 4821 1172 4892 παράνομον
1195 4818 1568 4884 ἐξοκείλαντες
1614 4817 1748 4888 βίον,
1782 4818 1877 4872 τοῦ
1911 4817 1999 4872 λο-

387 4914 556 4986 γικοῦ
596 4916 730 4979 τοὺς
781 4913 1147 4984 χαρακτῆρας
1218 4912 1514 4968 ἀπέϐαλον.
1582 4910 1996 4979 Ἁσυνθέτους,

386 5011 521 5072 τοὺς
548 5005 928 5078 ἀκοινώνητον
978 5007 1073 5060 καὶ
1125 5004 1368 5077 πονηρὸν
1400 5004 1516 5077 βίον
1545 5003 1993 5075 ἀσπαζομένους.

399 5101 924 5170 Ἆστόργους,τοὺς
942 5099 1122 5167 φιλίας
1137 5098 1337 5169 νόμους
1364 5098 1554 5168 μαθεῖν
1573 5095 1673 5149 οὐκ
1690 5095 1995 5160 ἐθέλοντας.

398 5192 818 5257 Ἀσπένδους,
836 5193 961 5256 τοὺς
989 5191 1163 5256 ἀδεῶς
1180 5191 1248 5243 τὰ
1284 5189 1618 5260 συγκείμενα
1643 5186 2000 5259 παραϐαίνον-

387 5303 513 5349 τας.
550 5284 1017 5353 Ἀνε.ιεήμονας.
1050 5284 1180 5343 τοὺς
1213 5281 1323 5334 τῶν
1365 5279 1573 5352 θηρίων
1599 5278 1696 5351 τὴν
1735 5278 1997 5351 ὠμότητα

393 5376 803 5450 μιμουμένους.

2101 4646 2224 4700 (μιιρ
2275 4630 2331 4685 in
2371 4629 2651 4686 communi
2703 4647 2806 4686 usu
2857 4638 3174 4694 versantur,
3230 4630 3326 4686 sed
3371 4632 3536 4686 etiam
3578 4633 3684 4687 alia

2099 4720 2439 4790 exc03itant.
2473 4719 2794 4774 Parentibus
2831 4737 2935 4775 non
2963 4719 3296 4784 obedientes,
3323 4719 3432 4776 hoc
3461 4736 3683 4792 quoque

2100 4811 2403 4866 maximum
2451 4819 2507 4866 et
2568 4811 2975 4867 alienissimum
3047 4821 3134 4868 est
3160 4812 3376 4880 vitium,
3431 4813 3577 4883 quod
3626 4822 3683 4867 et

2058 4940 2065 4957 .
2099 4902 2216 4973 ipsa
2249 4912 2445 4959 natura
2475 4914 2722 4963 accusat.
2770 4903 3107 4973 Insipientes,
3167 4906 3265 4975 qui
3311 4905 3456 4959 enim
3521 4905 3577 4958 in
3601 4905 3684 4958 vi-

2102 5003 2210 5049 tam
2250 4995 2553 5065 improbam
2590 4997 2834 5067 prolapsi
2868 5006 3029 5067 sunt,
3060 4995 3096 5051 ii
3131 4995 3364 5051 rationis
3393 4995 3680 5051 characte-

2101 5101 2192 5142 rcs
2220 5088 2554 5142 amiserunt.
2592 5087 3008 5157 Incompositos,
3058 5087 3153 5156 qui
3184 5086 3353 5140 vitam
3410 5085 3681 5140 nefariam

2100 5184 2157 5233 et
2216 5191 2246 5231 a
2300 5179 2578 5235 communi
2637 5179 2901 5235 societate
2964 5178 3201 5233 alienam
3249 5177 3679 5248 amplectuntur.

2101 5263 2372 5322 Amicitia:
2407 5279 2664 5338 expertes,
2697 5269 2791 5340 qui
2833 5267 3090 5322 amicitiae
3145 5268 3294 5339 leges
3348 5269 3547 5324 nolunt
3595 5270 3682 5325 di-

2102 5369 2279 5412 scere.
2314 5355 2438 5411 Sine
2468 5357 2682 5426 fucdere,
2706 5358 2800 5427 qui
2827 5365 2985 5427 pacta
3021 5365 3296 5414 conventa
3333 5358 3682 5429 impudenter

2102 5450 2608 5520 transgrediuntur.
2653 5447 3134 5517 Immisericordes,
3158 5450 3251 5522 qui
3285 5449 3526 5506 ferarum
3552 5464 3683 5505 cru-

2104 5539 2382 5596 delitatem
2422 5540 2725 5595 imitantur.

1718 5649 1952 5705 νΑιιι.-Ε
1998 5652 2293 5710 LECTION
2304 5653 2401 5709 ES.

470 5747 520 5777 ’³
553 5744 885 5811 Θεοστύγεις
927 5741 1554 5819 legendumsecundum
1592 5735 1923 5797 Theodm'eti
1991 5743 2538 5815 interpretationem.
2570 5743 2835 5817 Equidem
2863 5753 3141 5819 receptam
3187 5745 3470 5803 lectionem
3498 5742 3675 5800 actis:

397 5830 565 5875 wtsu
597 5810 894 5873 occurrere
932 5814 1086 5869 valde
1119 5810 1331 5866 dubito.
