4124 6408
499 426 563 487 ετ
1492 396 1987 465 THEODORETI
2012 393 2352 457 EPISCOPI
2373 389 2741 452 CYRENSIS
3696 381 3768 444 68

572 536 740 592 Vens.
790 533 882 588 52.
928 529 1037 597 Qui
1074 540 1196 580 cum
1240 523 1509 592 iustitiam
1559 518 1653 571 De:
1697 512 2081 587 cognovissent,
2114 514 2159 570 Α

503 629 639 698 quod
665 627 754 694 qui
785 625 916 677 talia
953 628 1113 692 agunt
1168 615 1316 685 digni
1359 622 1483 667 sunt
1529 616 1719 672 morte,
1760 622 1867 661 non
1910 603 2081 658 solum

502 741 561 776 ea
602 720 827 790 faciunt,
856 715 946 770 sed
977 712 1139 766 etiam
1174 710 1243 761 iis
1265 708 1353 775 qui
1375 722 1435 757 ea
1464 703 1671 773 faciunt
1694 698 2083 756 assentiuntur,

503 825 552 867 et
604 789 666 866 ea
715 796 1085 876 comprobant.
1139 797 1501 854 Ostendimus
1552 789 1832 861 quomodo
1884 796 2086 842 natura

505 906 667 958 docet
703 910 821 954 tum
853 898 1121 951 bonorum
1159 889 1509 947 electionem,
1545 893 1666 937 tum
1704 880 1890 949 fugam
1951 891 2085 930 con-

507 996 820 1050 trariorum.
860 986 966 1042 Sed
1000 993 1182 1037 tamen
1209 981 1286 1041 hi,
1326 978 1526 1049 inquit,
1562 990 1670 1028 non
1703 972 1840 1028 satis
1879 968 2089 1023 ducunt

508 1089 622 1141 lucc
661 1084 865 1143 facere,
897 1076 989 1131 sed
1037 1076 1201 1129 etiam
1231 1070 1300 1126 iis
1338 1069 1430 1139 qui
1473 1065 1677 1122 similia
1729 1061 1938 1117 faciunt
1969 1058 2089 1112 lau-

505 1181 600 1233 des
627 1178 948 1230 contexunt.
985 1165 1087 1220 Hic
1122 1169 1302 1218 autem
1355 1166 1672 1229 postremus
1732 1164 1818 1210 est
1873 1148 2085 1220 iniqui.

506 1267 634 1321 tatis
664 1262 887 1333 gradus.
917 1255 1220 1326 Oportebat
1257 1250 1404 1305 enim
1456 1263 1567 1301 non
1624 1244 1805 1300 solum
1854 1240 2088 1294 aliorum

507 1356 852 1427 iniquitatem
893 1346 1224 1405 odisse,st
1258 1342 1422 1396 etiam
1459 1353 1618 1394 suam
1654 1335 1979 1390 abhorrere.

1115 1523 1224 1592 29
1255 1516 1409 1574 CAP.
1460 1516 1522 1574 ll.

584 1623 784 1679 Deinde
826 1633 1022 1673 rursus
1070 1616 1229 1667 aliter
1261 1608 1510 1665 ostendit
1546 1620 1646 1660 nos
1699 1603 1903 1657 habere
1948 1601 2091 1654 bona

510 1733 562 1773 ct
604 1717 746 1773 mala
802 1706 1153 1766 discernendi
1203 1702 1552 1756 facultatem.

585 1810 747 1862 Vens.
790 1810 835 1859 t.
890 1802 1118 1867 Propter
1148 1796 1285 1867 quod
1338 1790 1719 1847 inexcusabitts
1743 1802 1821 1849 es,
1850 1801 1879 1838 ο
1938 1782 2093 1836 homo

2256 505 2355 577 λβ’.
2385 506 2614 568 Οῗτινες
2642 501 2709 557 τὸ
2734 500 3028 568 δικαίωμα
3067 495 3173 550 τοῦ
3210 495 3358 549 Θεοῦ
3395 492 3765 565 ἐπιγνόντες.

2187 599 2274 652 ὅτι
2292 600 2345 652 οἱ
2363 597 2434 651 τὰ
2453 596 2696 650 τοιαῦτα
2725 591 3109 661 πράσσοντες
3132 587 3286 652 (tam
3312 585 3573 640 θανάτου
3587 587 3737 640 είσὶι·
3755 627 3769 649 ,

2184 693 2257 743 οὐ
2275 692 2470 759 μόνον
2507 689 2656 741 αὐτὰ
2675 682 2979 745 ποιοῦσιν,
3015 664 3291 734 ἀλλὰκαὶ
3326 676 3773 733 συνευδοκοῦσι

2185 779 2312 844 τοῖς
2343 779 2734 845 πράττουσιν.
2780 772 3094 838 Ἑδείξαμεν
3152 770 3300 831 ὅπως
3341 770 3374 839 ἡ
3427 767 3587 837 φύσις
3630 765 3774 819 διδα-

2187 886 2309 922 σκει
2329 868 2425 921 καὶ
2452 868 2560 920 τῶν
2589 864 2809 933 ἀγαθῶν
2840 864 2937 932 τὴν
2957 861 3197 932 αἵρεσιν,
3228 860 3321 913 καὶ
3352 860 3451 928 τὴν
3478 857 3586 911 τῶν
3614 858 3772 909 ἐναν-

2187 962 2316 1015 τίων
2342 960 2540 1031 φυγήν.
2574 958 2714 1011 Ἀλλ’
2752 958 2900 1027 ὅμως
2936 950 3104 1015 οὗτοι,
3160 951 3348 1023 φησὶν,
3389 951 3491 1004 οὐκ
3524 948 3774 1020 ἀποχρῆν

2188 1052 2449 1125 ἡγοῦνται
2474 1052 2536 1105 τὸ
2583 1049 2759 1105 ταῦτα
2797 1050 2972 1101 ποιεῖν
2998 1064 3010 1077 ·
3058 1043 3195 1099 ἀλλὰ
3228 1044 3322 1097 καὶ
3365 1042 3623 1104 ἐπαίνους
3663 1042 3774 1102 τοῖς

2189 1143 2261 1198 τὰ
2289 1145 2451 1213 ὃμοια
2488 1141 2690 1213 δρῶσιν
2715 1140 3050 1208 ὑφαίνουσιν.
3082 1137 3351 1205 Ἐσχατος
3381 1134 3436 1187 δὲ
3464 1127 3618 1197 οὗτος
3650 1132 3775 1203 ὅρος

2189 1236 2288 1305 τῆς
2319 1235 2687 1305 παρανομίας.
2726 1233 2874 1285 Ἔδει
2897 1231 3005 1300 γὰρ
3031 1228 3104 1299 μὴ
3136 1229 3296 1298 μόνον
3332 1226 3431 1296 τὴν
3466 1225 3575 1277 τῶν
3598 1224 3776 1279 ἄλλων

2172 1326 2535 1405 ,παρανομίαν
2590 1325 2790 1394 μισεῖν,
2844 1320 2977 1373 ἀλλὰ
3020 1319 3114 1372 καὶ
3158 1318 3257 1388 τὴν
3296 1316 3504 1369 οἰκείαν
3555 1312 3775 1385 βδελύτ·

2190 1417 2404 1471 τεσθαι.
2500 1473 2509 1479 ,

2835 1505 3085 1557 ΚΕΦΛΛ.
3135 1503 3208 1554 B'.

2267 1598 2396 1655 Εἶτα
2418 1601 2577 1654 πάλιν
2610 1598 2811 1669 ἑτέρως
2842 1596 3115 1649 δείκνυσιν
3139 1592 3360 1663 ἔχοντας
3391 1592 3536 1661 ἡμᾶς
3552 1590 3650 1660 τὴν
3669 1591 3777 1643 τῶν

2196 1694 2418 1764 ἀγαθῶν
2451 1693 2543 1747 καὶ⁷
2568 1691 2675 1744 τῶν
2696 1688 2952 1742 ἐναντίων
2982 1687 3279 1756 διάκρισιν.

2272 1792 2341 1838 α’.
2395 1784 2488 1836 Διὸ
2542 1781 2997 1847 ἀναπολόγητος
3053 1772 3128 1840 εἷ,
3166 1771 3213 1830 ὦ
3258 1775 3553 1842 ἄνθρωπε,
3599 1771 3715 1839 πᾶς
3747 1777 3779 1827 ό

512 1901 681 1953 omnis
730 1896 817 1965 qui
867 1891 1097 1957 indicas.
1159 1884 1219 1939 In
1246 1900 1347 1954 quo
1403 1883 1541 1936 enim
1583 1878 1800 1948 judicas
1837 1874 2088 1934 alterum,

2206 1877 2437 1945 κρίνων.
2472 1875 2568 1925 Ἐν
2600 1864 2647 1938 ᾧ
2679 1870 2787 1940 γὰρ
2847 1870 3071 1936 κρίνεις
3098 1865 3205 1919 τὸν
3243 1866 3468 1934 ἕτερον,
3518 1864 3781 1918 σεαυτὸν

513 1963 1089 2052 Lipsntttcondemnas
1126 1990 1142 2028 :
1178 1971 1359 2027 eadem
1399 1971 1536 2023 enim
1570 1968 1684 2037 agis
1719 1965 1809 2034 qui
1849 1963 2089 2032 judicas.

515 2077 620 2129 Sed
652 2074 902 2143 quamvis
930 2073 1002 2123 ita
1035 2065 1216 2121 affecti
1252 2064 1397 2129 sitis,
1432 2063 1476 2115 si
1518 2058 1828 2130 judicaudi-
1852 2061 2095 2125 potesta-

514 2180 621 2220 lcm
647 2167 716 2218 al)
752 2164 936 2231 aliqua
972 2155 1327 2225 acceperitis,
1362 2168 1458 2207 ens
1485 2151 1576 2220 qni
1613 2150 1760 2218 leges
1809 2156 2095 2215 transgre-

511 2259 737 2311 diuntur
765 2264 1023 2323 tanquam
1075 2263 1199 2303 reos
1236 2244 1466 2315 punitis.
1500 2241 1737 2295 Tantum
1774 2238 1990 2294 habetis
2030 2236 2097 2289 de

512 2352 680 2405 rebus
713 2346 875 2402 bouis
908 2350 965 2398 et
1004 2338 1303 2396 centrariis
1338 2334 1641 2405 judicium.
1678 2329 1978 2385 Sciendum
2013 2336 2098 2382 est

514 2451 717 2502 autem,
753 2436 901 2506 quod
933 2449 1029 2504 per
1067 2446 1189 2501 qua:
1230 2429 1369 2481 altos
1390 2427 1482 2496 qui
1519 2433 1749 2494 peccant
1798 2418 2088 2492 judicatis,

515 2549 615 2589 vos
666 2544 885 2602 quoque
943 2527 1094 2592 ipsos
1162 2522 1372 2578 eisdem
1430 2516 1720 2574 sententiis
1803 2513 2096 2583 subjicitis.

517 2624 774 2678 Eamdem
796 2622 944 2676 enim
971 2618 1027 2671 in
1062 2631 1160 2672 vos
1187 2614 1530 2683 iniquitatem
1555 2608 1838 2677 suscipere
1860 2605 2096 2660 audetis.

589 2716 753 2770 Vens.
787 2713 842 2768 2.
900 2710 1109 2766 Scimus
1159 2707 1298 2761 enim
1355 2702 1494 2776 quod
1541 2699 1812 2771 judicium
1865 2696 1966 2752 Dei
2023 2704 2101 2749 est

516 2808 803 2865 secundum
839 2804 1115 2858 veritatem
1152 2800 1205 2853 in
1236 2815 1323 2853 eos
1365 2797 1455 2866 qui
1497 2795 1632 2847 tatia
1664 2797 1849 2861 agunt.
1874 2788 1972 2844 Est
2000 2800 2101 2841 au-

518 2914 625 2955 tum
661 2897 1012 2953 manifestum
1040 2894 1110 2947 iis
1148 2891 1244 2960 qui
1281 2891 1525 2957 Sztpllllll,
1565 2883 1712 2955 quod
1764 2882 1858 2952 qui
1908 2879 2101 2933 iniuua

520 3003 707 3066 agunt,
733 2991 917 3045 divina
945 2986 1217 3043 sententia
1248 2983 1575 3052 puniuntur.

596 3087 761 3140 Vnus.
796 3086 850 3149 3,
892 3083 943 3136 4.
983 3077 1280 3134 Existimas
1336 3083 1511 3126 autem
1548 3071 1668 3134 hoc,
1711 3086 1740 3124 ο
1779 3068 1959 3127 homo,
2015 3062 2104 3132 qui

2194 1965 2572 2033 κατακρίνεις
2598 1981 2613 1995 ο
2682 1962 2752 2016 τὰ
2805 1960 2916 2031 τὰρ
2972 1958 3126 2014 αὐτὰ
3151 1956 3449 2027 πράσσεις
3476 1960 3509 2011 ὀ
3538 1956 3776 2025 κρίνων.

2209 2059 2366 2114 Ἀλλὰ
2397 2058 2487 2112 καὶ
2519 2056 2661 2109 οὕτω
2701 2053 3062 2124 διακείμενοι,
3101 2053 3151 2105 εἱ
3192 2050 3284 2103 τοῦ
3337 2050 3543 2121 κρίνειν
3572 2048 3670 2118 τὴν
3697 2048 3780 2113 ἐξ·

2196 2151 2385 2205 ουσίαν
2426 2148 2578 2219 παρὰ
2620 2164 2765 2210 τινος
2830 2145 3065 2203 λάϐοιτε,
3106 2143 3229 2203 τοὺς
3255 2140 3362 2193 τῶν
3388 2140 3571 2208 νόμων
3603 2154 3783 2209 παραο

2197 2246 2366 2308 ϐατας
2396 2244 2470 2307 ὼς
2500 2239 2835 2302 ὑπευθύνους
2878 2238 3138 2302 κολάζετε
3162 2250 3173 2263 ⁸
3204 2233 3468 2304 τοσαύτην
3505 2232 3655 2302 ἔχετε
3675 2231 3782 2284 τῶν

2200 2336 2420 2408 ἀγαθῶν
2448 2335 2542 2389 καὶ
2593 2333 2702 2387 τῶν
2767 2330 3029 2387 ἐναντίων
3071 2328 3385 2396 διάγνωσιν.
3435 2326 3552 2397 Χρὴ
3600 2323 3784 2396 μέντοι

2201 2430 2420 2495 ειδέναι,
2443 2430 2526 2483 ὅτι
2551 2428 2616 2481 δι’
2643 2416 2717 2480 ὧν
2742 2424 2870 2487 τοὺς
2898 2423 3093 2485 ἄλλους
3118 2420 3533 2492 ἁμαρτάνοντας
3546 2417 3782 2487 κρίνετε,

2200 2522 2454 2593 καὶὺμᾶς
2482 2518 2681 2582 αὐτοὺς
2733 2518 2855 2579 ταῖς
2908 2516 3100 2579 αὑταῖς
3125 2514 3325 2585 ψήφοις
3360 2512 3603 2579 ὑπάγετε
3634 2527 3647 2540 ·
3686 2510 3785 2579 τὴν

2201 2612 2373 2684 αὐτὴν
2400 2611 2508 2682 γὰρ
2531 2610 2767 2681 τολμᾶτε
2801 2607 3167 2678 παρανομίαν.

2275 2705 2342 2774 β’.
2374 2704 2631 2773 Οἴδαμεν
2645 2701 2734 2767 δὲ,
2757 2700 2847 2754 ὅτι
2864 2700 2928 2754 τὸ
2953 2698 3131 2768 κρῖμα
3155 2696 3263 2752 τοῦ
3299 2696 3447 2753 Θεοῦ
3476 2696 3606 2750 ἐστι
3637 2692 3791 2748 κατὰ

2202 2794 2496 2863 ἀλήθειαν
2523 2790 2622 2845 ἐπὶ
2642 2789 2786 2856 τοὺς
2839 2791 2913 2842 τὰ
2958 2787 3205 2843 τοιαῦτα
3238 2786 3648 2856 πράσσοντας.
3685 2783 3791 2852 Ai.

2204 2886 2296 2939 λον
2327 2885 2384 2938 δὲ
2416 2886 2528 2946 τοῖς
2553 2878 2612 2936 εὖ
2678 2881 2992 2952 φρονοῦσιν,
3028 2881 3112 2934 δτι
3163 2879 3306 2933 κατὰ
3343 2878 3495 2933 θείαν
3530 2877 3711 2947 ψῆφον
3737 2876 3792 2929 οἱ

2206 2979 2304 3041 τὰς
2341 2976 2690 3048 παρανομίας
2721 2972 3033 3045 τολμῶντες
3074 2971 3419 3037 κολάζονται.

2277 3074 2348 3135 γ’,
2370 3068 2430 3120 δ’.
2466 3065 2678 3135 Λογίζῃ
2732 3065 2801 3118 δὲ
2829 3064 3028 3130 τοῦτο,
3074 3054 3122 3119 ὦ
3152 3063 3446 3133 ἄνθρωπε,
3488 3065 3522 3117 ὁ
3570 3062 3797 3132 κρίνωε⁴

511 3180 729 3252 judicas
759 3191 845 3229 eos
891 3172 979 3244 qui
1039 3168 1176 3222 talia
1219 3172 1411 3237 agunt,
1462 3170 1521 3239 et
1573 3160 1709 3231 facis
1740 3174 1825 3221 ea,
1869 3159 2004 3226 quod
2048 3162 2099 3204 tu

2209 3161 2350 3227 τοὺς
2376 3160 2450 3214 τὰ
2503 3159 2750 3213 τοιαῦτα
2788 3157 3199 3228 πράσσοντας,
3252 3155 3351 3209 καί
3400 3154 3588 3208 ποιῶν
3614 3152 3792 3216 αὐτὰ,

521 3244 737 3342 effugies
760 3265 1027 3337 judicium
1076 3260 1217 3314 Dei?
1268 3257 1351 3310 An
1397 3254 1614 3308 divitias
1652 3248 1908 3303 bonitatis
1960 3244 2096 3314 ejus,

522 3337 575 3419 et
600 3337 895 3434 patientiw,
919 3364 968 3409 et
1007 3349 1431 3422 Ionganimitatis
1467 3342 1804 3400 contemnis?
1834 3338 1947 3393 Nos
1976 3337 2100 3407 qui—

522 3429 646 3511 dem
675 3453 880 3509 scimns
940 3445 1086 3518 quod
1121 3441 1420 3509 unicuique
1467 3436 1656 3503 inique
1685 3431 1870 3501 agenti
1914 3429 2101 3498 justus

519 3548 691 3618 jndex
741 3556 843 3598 suo
892 3549 1136 3608 tempore
1184 3530 1516 3603 supplicium
1569 3527 1833 3594 imponet.
1869 3519 1978 3575 Vos
2002 3533 2101 3572 au-

525 3650 657 3699 tem,
718 3631 919 3702 inquit,
979 3628 1072 3698 qui
1138 3626 1281 3678 alios
1340 3618 1570 3690 punitis,
1625 3621 1864 3672 vestram
1919 3619 2101 3664 autem

527 3727 876 3798 iniquitatem
917 3719 1106 3776 videre
1168 3729 1278 3770 non
1334 3710 1534 3772 vultis,
1598 3703 1934 3762 existimatis
1988 3701 2106 3756 fore

526 3829 588 3875 ut
618 3796 861 3873 divinum
890 3811 1162 3883 judicium
1192 3802 1488 3874 cil'ugiatis.
1524 3798 1630 3855 Sed
1662 3799 1775 3855 haec
1799 3813 1905 3851 non
1945 3796 2019 3849 ita
2046 3810 2107 3848 se

526 3911 749 3964 habent.
780 3905 1029 3960 Sustinet
1058 3902 1227 3962 enim,
1265 3905 1319 3950 et
1357 3892 1621 3947 diuturna
1657 3890 1883 3943 lmtitate
1912 3887 2105 3950 utitur,

527 4012 679 4054 tuam
719 4003 1052 4065 exspectans
1074 3985 1477 4061 paenitentiam.
1518 3980 1635 4035 Hoc
1666 3979 1811 4035 enim
1847 3985 1932 4032 est
1958 3972 2108 4046 quod

528 4091 755 4147 intulit:
784 4086 1043 4158 Ignorans
1075 4082 1213 4151 quod
1267 4074 1563 4144 benignitas
1613 4069 1711 4123 Dei
1750 4078 1797 4123 te
1832 4066 1900 4121 ad
1936 4067 2107 4135 paeni-

531 4182 753 4237 tentiam
785 4176 1024 4231 adducit.

602 4274 768 4328 Vsus.
801 4268 871 4335 5,
914 4267 968 4321 6.
1024 4262 1327 4320 Secundum
1390 4268 1567 4314 autem
1616 4256 1873 4311 duritiam
1927 4262 2101 4316 tuam,

528 4373 577 4417 et
603 4359 927 4429 impaenitens
964 4370 1075 4420 cor,
1107 4352 1440 4407 tltesaurizas
1476 4349 1573 4403 tibi
1612 4349 1749 4401 iram
1788 4339 1843 4399 ιἰι
1871 4344 1957 4397 die
1988 4344 2105 4405 irte,

529 4462 579 4505 et
610 4447 968 4510 reuelationis,
1006 4453 1055 4499 et
1081 4443 1222 4513 justi
1261 4440 1458 4512 judicii
1496 4439 1618 4505 Dei,
1651 4439 1759 4510 30
1790 4440 1878 4509 qui
1927 4438 2109 4492 reddet

2209 3255 2300 3308 ὅτι
2330 3254 2412 3308 σὺ
2440 3252 2706 3323 ἐκφεύξῃ
2725 3252 2791 3305 τὸ
2824 3250 3003 3319 κρῖμα
3019 3248 3127 3302 τοῦ
3155 3248 3342 3313 Θεοῦ;
3375 3249 3445 3302 Ἠ
3470 3247 3576 3301 τοῦ
3604 3247 3799 3298 πλού-

2210 3365 2316 3401 του
2352 3344 2466 3414 τῆς
2520 3344 2927 3414 χρηστότητος
2975 3340 3183 3403 αὑτοῦ,
3227 3339 3326 3393 καὶ
3381 3336 3488 3405 τῆς
3528 3334 3792 3406 ἀνοχῆς.

2210 3439 2310 3492 καὶ
2361 3436 2471 3505 τῆς
2518 3435 2927 3506 μακροθυμίας
2986 3431 3417 3501 καταφρονεῖς;
3462 3430 3653 3500 Ἡμεῖς
3694 3427 3795 3498 μὲ)

2212 3529 2392 3597 ἴσμεν,
2423 3525 2499 3589 ὡς
2527 3525 2606 3587 εἰς
2642 3525 2834 3595 καιρὸν
2887 3522 3103 3592 ἑκάστῳ
3159 3519 3566 3592 παρανομοῦντι
3588 3518 3687 3589 τὴν
3714 3535 3744 3571 τ
3768 3543 3799 3560 ι-

2217 3616 2425 3688 μωρίαν
2451 3618 2478 3669 ὁ
2508 3616 2716 3679 δίκαιος
2769 3614 2960 3678 ἐπάξει
3017 3613 3231 3685 κριτής.
3268 3613 3453 3683 Ὑμεῖς
3487 3611 3566 3673 δὲ,
3607 3610 3791 3681 φησὶν,

2213 3706 2651 3777 ὑπολαμϐάνετε,
2696 3709 2745 3760 oi
2801 3707 2927 3769 τοὺς
2964 3707 3061 3775 μὲν
3095 3704 3288 3768 ἄλλους
3318 3702 3660 3767 κολάζοντες,
3693 3703 3795 3771 τὴν

2212 3800 2269 3852 δὲ
2301 3799 2511 3877 οἰκείαν
2564 3798 2909 3869 παρανομίαν
2970 3797 3097 3851 ἰδεῖν
3152 3797 3255 3849 οὐκ
3303 3795 3599 3859 ἐθέλοντες,
3629 3793 3798 3848 ὅτιτὸ

2214 3887 2354 3940 θεῖον
2379 3886 2730 3956 διαφεύξεσθε
2760 3886 3130 3955 δικαστήριον.
3164 3882 3305 3936 Ἀλλ’
3329 3884 3426 3953 οὐχ
3449 3883 3591 3936 οὕτω
3623 3881 3797 3935 ταῦτα

2216 3977 2349 4050 ἔχει.
2397 3977 2672 4050 ’ᾼνέχιται
2711 3976 2822 4047 γὰρ
2857 3975 2952 4029 καὶ⁵
3007 3974 3370 4046 μακροθυμεῖ,
3397 3975 3498 4046 τὴν
3539 3973 3638 4046 σὴν
3667 3976 3799 4027 ανα-

2219 4071 2395 4142 μένων
2421 4071 2732 4141 μετάνοιαν.
2792 4066 2963 4120 Τοῦτο
3018 4066 3128 4139 γὰρ
3180 4068 3493 4139 ἐπήγαγεν
3538 4064 3801 4135 Ἀγνοῶν

2215 4163 2307 4216 ὅτι
2354 4164 2419 4216 τὸ
2453 4161 2722 4231 χρηστὸν
2752 4158 2855 4212 τοῦ
2891 4157 3038 4211 Θεοῦ
3069 4160 3155 4223 εἰς
3184 4158 3506 4227 μετάνοιάν
3535 4175 3608 4212 σε
3646 4158 3794 4228 ἆγε..

2286 4262 2349 4308 ε’.
2369 4254 2527 4309 Κατὰ
2549 4252 2616 4306 δὲ
2638 4252 2752 4319 τὴν
2769 4251 3155 4318 σκληρότητα
3188 4266 3327 4312 σου,
3352 4250 3451 4304 καὶ
3469 4251 3799 4319 ἀμετανόη-

2215 4364 2322 4401 τον
2339 4345 2614 4414 καρδίαν,
2639 4343 3015 4411 θησαυρίζεις
3033 4341 3270 4408 σεαυτῷ
3295 4341 3484 4411 ὀργὴν
3511 4343 3569 4395 ἐι
3607 4341 3802 4412 ἡμέρᾳ

2217 4438 2403 4508 ὀργῆς
2440 4437 2537 4491 καὶ
2566 4437 3031 4504 ἀποκαλύψεως,
3072 4434 3171 4489 καὶ
3213 4434 3654 4502 δικαιοκρισίας
3691 4434 3801 4487 τοῦ

530 4543 810 4612 unicuique
869 4536 1156 4593 secundum
1224 4551 1382 4605 opera
1414 4534 1549 4605 ejus.
1609 4534 1879 4601 Quoniam
1959 4534 2100 4588 enim

2218 4530 2367 4586 Θεοῦ
2391 4570 2406 4592 ,
2448 4528 2516 4594 ὃς
2566 4527 2866 4583 ἀποδώσει
2918 4527 3154 4593 ἑκάστῳ
3207 4528 3358 4581 κατὰ
3388 4526 3461 4579 τὰ
3504 4526 3648 4594 ἔργα
3689 4528 3801 4581 αὺ-

530 4635 667 4690 dura
697 4649 759 4689 es
785 4639 841 4687 et
870 4629 1138 4685 indomita
1171 4635 1374 4691 mente,
1409 4636 1463 4682 et
1496 4627 1551 4682 in
1594 4627 1943 4698 improbitate
1978 4640 2106 4695 per-

531 4740 774 4788 severas,
813 4722 959 4777 feres
1013 4721 1280 4775 adversus
1310 4719 1543 4789 teipsum
1597 4719 1925 4775 sententiam
1976 4731 2109 4785 sup-

531 4819 682 4890 plicii
717 4834 730 4871 :
767 4830 931 4885 quam
988 4829 1135 4866 nunc
1184 4812 1408 4881 quidem
1463 4811 1607 4867 Deus
1644 4812 1825 4868 differt
1886 4819 2110 4881 propter

534 4926 689 4966 suam
756 4905 1223 4969 miscricordiam,
1268 4904 1365 4960 sed
1392 4920 1510 4959 eam
1559 4905 1827 4959 revelabit
1859 4909 2111 4959 extremo

532 5003 642 5065 die,
691 5000 1060 5069 operibusque
1110 4997 1495 5051 convenientes
1540 4996 1825 5051 mercedes
1894 4991 2107 5048 reddet.

534 5091 672 5147 Illud
706 5096 890 5145 autem
927 5087 1256 5142 thesaurizas
1310 5086 1407 5141 tibi
1450 5095 1594 5143 recte
1658 5086 1867 5157 posuit,
1914 5091 2105 5139 osten-

533 5184 672 5238 dens
727 5178 872 5250 quod
927 5179 1137 5233 nullum
1192 5187 1442 5235 nostrum
1501 5178 1712 5234 dictum
1770 5176 1856 5231 vel
1901 5174 2106 5229 factum

534 5273 795 5330 oblivioni
847 5273 1170 5338 mandatur;
1209 5272 1303 5327 sed
1334 5280 1391 5327 et
1428 5270 1654 5327 virtutis
1699 5275 1976 5321 amatores
2014 5267 2111 5320 bo-

535 5381 733 5422 norum
764 5365 1083 5420 thesaurum
1107 5365 1209 5420 sibi
1239 5371 1549 5436 congerunt
1584 5380 1596 5415 :
1621 5370 1678 5416 et
1708 5359 1803 5430 qui
1836 5358 2107 5429 iniquita-

534 5464 646 5512 tem
679 5464 995 5526 operantur,
1043 5454 1299 5511 similiter
1341 5454 1608 5508 malorum
1652 5451 1974 5507 thesaurum
2015 5463 2110 5503 ac-

534 5548 832 5603 cumulant.

607 5638 772 5695 Vnns.
823 5641 873 5694 7.
919 5638 999 5696 Iis
1057 5639 1269 5710 quidem
1313 5638 1404 5709 qui
1456 5651 1546 5706 per
1607 5636 1922 5704 patientiam
1990 5634 2110 5686 boni

538 5733 708 5800 operis
734 5732 960 5804 gloriam
990 5740 1039 5785 et
1068 5733 1320 5785 honorem
1371 5738 1422 5780 et
1469 5725 1916 5792 incorruptionem
1967 5739 2113 5792 quae-

537 5832 678 5891 runt,
710 5825 868 5877 vitam
920 5832 1187 5878 aeternam.
1231 5819 1293 5873 Et.
1345 5817 1559 5873 virtutis
1613 5817 1829 5871 labores
1892 5814 2097 5877 docuit,

2217 4621 2346 4676 τοῦ.
2384 4620 2598 4691 Ἐπειδὴ
2638 4621 2747 4693 γὰρ
2772 4619 3084 4691 ἀτεράμονα
3132 4616 3360 4689 γνώμην
3399 4617 3566 4688 ἔχεις,
3614 4619 3710 4670 καὶ
3730 4620 3802 4688 τῇ

2219 4712 2457 4785 πονηρία
2523 4713 2876 4784 προσμένεις,
2934 4709 3079 4764 κατὰ
3164 4708 3367 4763 σαυτοῦ
3433 4711 3637 4778 κρινεῖς
3696 4708 3802 4779 τῆς

2216 4805 2490 4875 τιμωρίας
2543 4804 2642 4875 τὴν
2681 4804 2884 4875 ψῆφον·
2931 4806 2997 4876 ἣν
3035 4802 3130 4858 νῦν
3180 4803 3280 4872 μὲν
3325 4803 3353 4854 ὁ
3386 4800 3517 4863 Θεὸς
3558 4800 3625 4853 δι’
3654 4801 3801 4852 ἔλεον

2218 4896 2957 4966 ἀναϐάλλεταιβποκαλύῴει
2990 4896 3046 4949 δὲ
3074 4896 3215 4950 κατὰ
3242 4895 3343 4966 τὴν
3374 4893 3476 4964 τῆς
3493 4890 3802 4955 συντελείας

2220 4990 2456 5062 ἡμέραν,
2503 4990 2599 5043 καὶ
2650 4989 3021 5060 καταλλήλους
3072 4991 3183 5052 τοῖς
3234 4986 3417 5057 ἔργοις
3459 4984 3558 5047 τὰς
3596 4984 3807 5038 ἀντιδό-

2221 5101 2334 5148 σεις
2363 5081 2606 5154 παρέξει.
2635 5081 2829 5146 Καλῶς
2867 5081 2923 5135 δὲ
2960 5081 3056 5135 καὶ
3078 5081 3139 5134 τὸ
3165 5079 3540 5149 θησαυρίζεις
3565 5078 3808 5144 σεαυτῷ

2217 5176 2448 5242 τέθεικε,
2481 5174 2696 5238 δεικνὺς
2747 5173 2822 5236 ὡς
2848 5174 3000 5227 οὐδὲν
3027 5173 3137 5226 τῶν
3179 5171 3466 5243 ἡμετέρων
3501 5171 3533 5242 ἢ
3568 5171 3742 5234 λόγων
3770 5170 3804 5241 ἢ

2219 5266 2396 5337 ἔργων
2425 5264 2787 5337 παραδέδοται
2828 5262 2969 5335 λήθῃ
2998 5279 3011 5295 ο
3062 5262 3200 5337 ἀλλὰ
3253 5262 3350 5316 καὶ
3381 5262 3429 5315 οἱ
3474 5263 3575 5332 τῆς
3600 5260 3805 5332 ἀρετῆς

2219 5359 2450 5432 spati-rat
2479 5357 2661 5427 σφίσιν
2691 5357 2903 5419 ἑαυτοῖς
2940 5355 3010 5408 τὰ
3045 5353 3226 5422 ἀγαθὰ
3268 5352 3680 5425 θησαυρίζουσι,
3712 5355 3808 5404 καὶ

2219 5452 2269 5504 οἱ
2300 5450 2396 5522 τῆς
2424 5447 2689 5520 πονηρίας
2712 5448 2942 5519 ἐργάται
2963 5446 3129 5499 ταυτὸ
3156 5446 3315 5501 τοῦτο
3335 5445 3574 5501 ποιοῦσι.

2294 5627 2357 5693 ζ’.
2379 5626 2507 5692 Τοῖς
2534 5625 2649 5696 μὲν
2670 5627 2799 5680 καθ’
2824 5624 3140 5693 ὑπομονὴν
3157 5623 3333 5691 ἔργου
3352 5621 3576 5690 ιὶγαθοῦ
3592 5619 3801 5686 δόξαν,

2223 5719 2319 5774 καὶ
2351 5717 2550 5787 τιμὴν,
2578 5718 2676 5771 καὶ
2705 5718 3047 5784 ἀφθαρσίαν
3066 5714 3324 5781 ζητοῦσι,
3362 5713 3515 5779 ζωὴν
3543 5711 3804 5766 αίώνιον.

2214 5812 2323 5866 Καὶ
2348 5812 2472 5875 τοὺς
2508 5811 2700 5872 πόνους
2738 5808 2942 5873 ἐδίδαξε
2994 5808 3091 5878 τῆς
3138 5808 3359 5881 ἀρετῆς,
3396 5804 3488 5861 καὶ
3527 5803 3651 5867 τοὺς
3684 5818 3801 5857 cr:-
