4124 6428
367 399 435 463 θθ

1236 394 1768 459 INTERPRETAT
1776 399 1852 458 13
1878 397 2117 459 EPIST.
2147 398 2247 459 ΑΙ)
2275 398 2457 460 ROM.
2488 402 2646 463 CAP.
2680 402 2760 465 II.
3586 407 3659 472 70

370 509 581 580 φάνους
626 502 918 573 ὑπέδειξε.
962 504 1037 560 Τὸ
1089 505 1215 578 γὰρ,
1260 509 1389 561 καθ’
1440 507 1758 579 ὑπομονὴν
1808 507 1985 578 ἔργου

2093 516 2144 563 et
2168 524 2406 567 coronas
2437 515 2692 567 ostendit.
2725 515 2861 569 lllud
2893 517 3063 581 enim,
3084 533 3174 587 per
3197 517 3505 583 patientiam
3540 517 3661 573 boni

371 599 625 670 ἀγαθοῦ,
648 598 763 653 τῶν
815 598 1008 653 πόνων
1054 598 1367 673 δηλωτικόν.
1403 601 1495 653 Δεῖ
1542 599 1650 671 γὰρ
1693 601 1981 669 ὑπομεῖναι

374 693 472 747 καὶ
498 688 865 763 κατορθῶσαι
901 691 1008 762 τὴν
1041 689 1264 763 ἀρετὴν,
1300 691 1392 745 καὶ
1430 689 1573 745 οὕτω
1615 692 1742 754 τοὺς
1781 690 1985 761 ταύτης

377 785 685 853 ἀναμεῖναι
720 783 1050 851 στεφάνους.
1071 781 1232 836 Ἀλλὰ
1261 782 1597 853 πρόσκαιρος
1630 782 1726 853 μὲν
1750 783 1778 834 ὁ
1803 780 1980 846 πόνος,

377 874 605 931 αἰώνιον
625 874 687 928 δὲ
712 875 777 925 τὸ
796 873 1018 943 κέρδος.
1045 874 1120 927 Οὐ
1156 873 1315 945 μόνον
1352 872 1408 927 δὲ
1443 875 1509 944 τῇ
1541 873 1654 944 ζωῇ
1677 871 1739 925 τὸ
1767 870 1984 924 αἰώνιον

378 966 806 1039 πρόσκειταμδ,
840 966 979 1019 ἀλλὰ
1018 967 1112 1019 καὶ
1154 967 1218 1038 τῇ
1264 964 1412 1036 δόξῃ,
1457 965 1552 1017 καὶ
1593 965 1656 1034 τῇ
1704 963 1857 1032 τιμῇ,
1893 962 1986 1013 καὶ

376 1063 448 1130 τῇ
477 1058 770 1129 ἀφθαρσίᾳ
813 1057 916 1110 Διὰ
939 1056 1205 1110 πλειόνων
1234 1055 1345 1128 γὰρ
1376 1052 1646 1125 ὲῆουλήθη
1691 1050 1985 1116 δεῖξαιτῶν

377 1152 610 1221 ἀγαθῶν
633 1152 739 1223 τὴν
772 1151 1066 1205 ἀντίδοσιν.

453 1251 529 1315 η’,
554 1244 623 1299 θ’.
654 1242 787 1309 Τοῖς
832 1242 899 1295 δὲ
937 1242 1007 1306 ἐξ
1060 1241 1334 1309 ἐριθείας,
1373 1241 1470 1294 καὶ
1528 1239 1841 1294 ἀπειθοῦσι
1867 1237 1986 1307 μὲν

376 1332 461 1403 τῇ
492 1333 776 1400 ἀληθείᾳ,
809 1330 1184 1400 πειθομένοις
1213 1331 1280 1384 δὲ
1304 1330 1377 1398 τῇ
1402 1330 1624 1398 ἀδικίᾳ,
1650 1330 1836 1400 θυμὸς
1886 1331 1982 1385 καὶ

379 1424 557 1494 (prii.
595 1424 811 1492 θλίψις
834 1423 931 1475 καὶ
968 1422 1358 1490 στενοχωρία,
1398 1422 1495 1475 ἐπὶ
1535 1419 1744 1475 πᾶσαν
1773 1420 1986 1490 ψυχὴν

375 1514 733 1582 ἀνθρώπου,
793 1511 898 1566 τοῦ
938 1509 1441 1579 κατεργαζομένου
1488 1510 1551 1563 τὸ
1588 1510 1795 1573 κακόν,
1838 1510 1985 1563 ’1ου-

374 1607 561 1661 δαίου
632 1623 697 1660 τε
730 1603 970 1674 πρῶτον
1009 1604 1107 1656 καὶ
1143 1603 1469 1670 ’Έλληνοᾳ
1519 1602 1731 1673 Ὥσπερ
1775 1602 1866 1655 ἐπὶ
1888 1602 1985 1670 τῆς

377 1695 583 1765 ἑτέρας
617 1693 906 1765 συμμορία
944 1732 958 1755 ,
1003 1693 1103 1762 οὐχ
1155 1690 1342 1754 ἁπλῶς
1374 1694 1484 1753 τοῖς
1519 1690 1772 1761 τυχοῦσιν
1801 1692 1983 1743 ἐκεῖνα

374 1789 661 1859 ὑπέσχετο
686 1787 756 1840 τὰ
796 1785 1001 1853 ἀγαθὰ,
1038 1784 1159 1837 οὐδὲ
1215 1786 1329 1846 τοῖς
1370 1782 1510 1854 μετὰ
1540 1781 1822 1854 ῥᾳστώνης
1854 1800 1981 1853 μετ-

378 1881 526 1935 ιοῦσι
566 1880 673 1950 τὴν
704 1880 933 1951 ἀρετὴν,
968 1877 1108 1931 ἀλλὰ
1140 1879 1250 1938 τοῖς
1276 1876 1571 1946 ὑπομένειν
1601 1875 1779 1945 αὐτῆς
1808 1877 1987 1945 ἀνεχο-

379 1973 573 2043 μένοις
601 1972 736 2035 τοὺς
776 1971 1009 2034 πόνους*
1061 1969 1203 2022 οὕτω
1237 1969 1332 2022 κοιλ⁵
1377 1968 1469 2020 ἐπὶ
1508 1967 1610 2037 τῆς
1649 1967 1847 2029 κακίας
1889 1968 1986 2029 τὰς

376 2063 638 2135 χαλεπᾶς
666 2062 971 2132 ἠπείλησεν
1005 2061 1254 2128 ἀπειλὰς,
1289 2060 1349 2113 οὐ
1383 2061 1495 2122 τοῖς
1528 2062 1593 2111 ἐκ
1617 2057 1987 2131 περιστάσεως

376 2169 530 2215 τινος
568 2151 979 2205 ὀλισθαίνουσιν
1002 2152 1083 2213 εἰς
1118 2151 1312 2220 αὐτὴν,
1335 2148 1468 2202 ἀλλὰ
1494 2150 1605 2211 τοῖς
1626 2147 1763 2218 μετὰ
1790 2147 1988 2219 πολλῆς

378 2243 556 2315 αὐτὴν
582 2240 841 2313 μετιοῦσι
868 2241 1126 2313 σπουδῆς⁸
1156 2240 1315 2294 τοῦτο
1341 2240 1450 2312 γὰρ
1471 2240 1624 2312 δηλοῖ
1650 2240 1730 2304 τὸ,
1751 2238 1844 2304 Ἐξ
1867 2240 1987 2307 ἐρι-

380 2337 572 2401 θείας,
618 2334 721 2388 καὶ
753 2334 1101 2390 Ἀπειθοῦσι
1127 2332 1204 2402 τῇ
1222 2332 1494 2400 ἀληθεία,
1517 2334 1608 2385 καὶ
1630 2331 1988 2402 Κατεργαζοο

373 2428 591 2498 μένοις
618 2425 689 2479 τὸ
721 2426 933 2479 κακόν.
982 2424 1216 2495 Ὁμοίως
1256 2423 1335 2483 δὲ,
1385 2422 1539 2493 φησὶ,
1569 2423 1663 2475 καὶ
1703 2422 1989 2483 Ἰουδαίους

381 2519 478 2571 καὶ
505 2517 812 2587 Ἕλληνας,
847 2517 943 2569 καὶ
964 2513 1414 2587 παρανομοῦντας
1439 2514 1679 2577 κολάσει,
1711 2514 1802 2566 καὶ
1835 2515 1985 2565 εὐσε-

381 2608 539 2671 6ιεὶας
560 2608 664 2660 καὶ
679 2605 1031 2676 δικαιοσύνης
1058 2605 1520 2674 ἐπιμελουμένους
1544 2602 1765 2668 ἀξιώσει
1789 2605 1986 2674 στεφά-

381 2715 508 2752 νων.
566 2696 852 2768 Ἕλληνας
883 2695 940 2749 δὲ
988 2694 1085 2749 νῦν
1121 2693 1296 2757 καλεῖ,
1334 2695 1392 2747 ού
1434 2694 1562 2758 τοὺς
1603 2693 1679 2764 τῷ
1718 2694 1847 2764 θείῳ
1885 2713 1988 2765 κη-

384 2789 639 2862 ρύγματι
665 2787 1167 2859 προσεληλυθότας,
1222 2785 1358 2841 ἀλλὰ
1409 2788 1533 2849 τοὺς
1574 2786 1679 2856 πρὸ
1708 2784 1808 2855 τῆς
1840 2784 1989 2848 θείας

382 2881 867 2953 ὲνανθρωπήσεως
902 2879 1218 2947 γεγονότας.
1276 2879 1350 2932 Οὐ
1404 2878 1510 2949 μὴν
1546 2881 1658 2940 τοῖς
1695 2878 1767 2932 τὰ
1791 2878 1987 2931 εἴδωλα

385 2975 818 3046 προσκυνήσασι
876 2973 977 3043 τὴν
1025 2972 1171 3041 ζωὴν
1202 2971 1300 3043 τὴν
1329 2971 1547 3025 αἰώνιον
1597 2970 1984 3039 ἐπηγγείλατο,

385 3067 526 3121 ἀλλὰ
554 3069 675 3129 τοῖς
726 3064 837 3129 ἔξω
882 3063 983 3135 μὲν
1019 3063 1116 3116 τοῦ
1166 3061 1461 3116 Μωσαῖκοῦ
1506 3052 1989 3131 πολιτευσαμένοις

2089 601 2287 668 operis,
2328 601 2548 658 labores
2588 604 3143 677 significat.0portet
3189 610 3335 663 enim
3365 607 3658 671 sustinere,

2086 699 2141 746 et
2172 704 2322 748 recte
2352 708 2417 748 ac
2455 694 2669 751 fortiter
2725 698 2984 754 virtutem
3018 715 3299 761 exercere,
3343 712 3397 755 et
3440 701 3517 755 ita
3542 699 3664 769 ejus

2086 795 2321 839 coronas
2369 796 2718 855 exspectare.
2764 788 2871 843 Sed
2919 789 3077 843 labor
3110 790 3334 861 quidem
3359 789 3424 844 ad
3452 799 3665 860 tempus

2085 875 2408 943 suscipitur,
2440 877 2654 931 lucrum
2690 895 2820 934 vero
2853 889 2937 934 est
2963 889 3253 937 reternum.
3296 882 3432 936 lllud
3481 892 3662 936 autem

2087 974 2366 1031 teter-num,
2397 983 2507 1023 non
2558 969 2737 1024 solum
2778 970 2901 1024 vita:
2944 971 3205 1037 adlueret,
3237 970 3331 1026 sed
3368 980 3421 1026 et
3455 971 3661 1041 glorise,

2086 1062 2139 1109 et
2170 1055 2389 1124 honori,
2416 1067 2468 1113 et
2501 1060 2921 1131 incorruptioni.
2983 1061 3169 1116 Voluit
3223 1064 3365 1117 enim
3414 1063 3665 1133 pluribus

2086 1150 2378 1207 ostendere
2410 1151 2681 1207 bonorum
2722 1158 3246 1211 remunerationem.

2161 1240 2327 1296 Vsus.
2366 1242 2482 1306 8,9.
2509 1243 2587 1297 Iis
2620 1261 2737 1299 vero
2771 1247 2861 1315 qui
2887 1257 3008 1299 sunt
3028 1261 3092 1300 ex
3129 1248 3476 1311 contentione,
3499 1255 3548 1302 et
3574 1250 3667 1318 qui

2088 1348 2192 1385 non
2229 1335 2580 1402 acquiescant
2616 1338 2850 1400 veritati,
2900 1340 3118 1392 credunt
3153 1350 3329 1394 autem
3361 1340 3662 1408 injustitia’,

2087 1422 2170 1475 ira
2202 1432 2251 1476 et
2291 1424 2610 1493 indignatio,
2649 1426 2923 1480 tribulatio
2953 1437 3003 1480 et
3045 1428 3294 1497 angustia
3350 1428 3406 1480 in
3459 1444 3663 1481 omnem

2087 1515 2325 1567 animant
2360 1515 2591 1569 hominis
2641 1520 2907 1581 operantis
2941 1521 3165 1581 malum,
3211 1516 3392 1571 ,ἴαιίωὶ
3435 1517 3667 1585 primum

2085 1615 2133 1657 et
2189 1605 2421 1659 Gra'ci.‘
2481 1607 2953 1675 Quemadmodum
3004 1610 3057 1662 in
3103 1610 3273 1663 altera
3326 1617 3480 1678 parte
3556 1624 3665 1662 non

2088 1698 2415 1767 simpliciter
2476 1700 2816 1769 quibuslibet
2866 1700 2960 1754 illa
3010 1701 3155 1755 bona
3220 1700 3510 1770 promisit,
3565 1716 3667 1754 nec

2088 1788 2157 1843 iis
2195 1792 2288 1859 qui
2337 1790 2596 1860 virtutem
2666 1792 2905 1861 segniter
2963 1800 3393 1862 persequuntur,
3452 1792 3548 1847 sed
3598 1791 3667 1845 iis

2089 1879 2183 1948 qui
2231 1889 2464 1948 possunt
2512 1880 2632 1949 ejus
2696 1881 2911 1935 labores
2957 1882 3254 1946 sustinere,
3318 1881 3394 1936 ita
3432 1889 3485 1936 et
3534 1881 3670 1935 vitio

2090 1984 2285 2039 graves
2314 1971 2492 2025 minas
2524 1971 2774 2037 intentat,
2818 1987 2923 2025 non
2969 1970 3036 2026 iis
3069 1972 3161 2041 qui
3197 1987 3328 2026 casu
3386 1972 3569 2042 aliquo
3611 1972 3664 2025 in

2090 2060 2143 2115 id
2178 2062 2560 2130 prolabuntur,
2590 2061 2692 2133 31
2738 2063 2830 2118 sed
2863 2064 2931 2118 iis
2958 2063 3050 2133 qui
3097 2062 3229 2117 illud
3267 2079 3461 2133 magno
3482 2062 3669 2117 studio

2091 2154 2505 2224 aggrediuntur.
2542 2153 2656 2207 Hoc
2709 2154 2853 2208 enim
2916 2155 3191 2225 signiﬁcat
3224 2155 3379 2218 illud,
3408 2153 3493 2207 Ex
3542 2171 3669 2209 con-

2092 2239 2340 2302 tentione,
2374 2249 2427 2294 et
2458 2239 2561 2305 Qui
2604 2258 2708 2295 non
2736 2251 2924 2310 parent
2963 2243 3194 2306 veritati,
3229 2250 3284 2297 et
3313 2241 3668 2313 Operantibus

2090 2330 2314 2385 malum.
2370 2330 2640 2385 Similiter
2722 2342 2928 2396 autem,
2988 2333 3193 2404 inquit,
3249 2344 3304 2389 et
3348 2332 3569 2390 Judteos
3613 2344 3669 2388 et

2090 2419 2331 2486 Graecos,
2374 2432 2427 2476 et
2458 2422 2647 2492 inique
2698 2416 2921 2492 agentes
2975 2424 3187 2493 puniet,
3230 2432 3286 2479 et
3337 2425 3561 2494 pietatis
3605 2440 3669 2478 ac

2084 2512 2318 2582 justitiaa
2349 2528 2540 2566 curant
2586 2523 2840 2585 gerentes
2878 2513 3104 2568 coronis
3147 2512 3487 2582 dignabitur.
3519 2513 3668 2569 Gm-

2091 2618 2188 2658 cos
2221 2615 2400 2659 autem
2431 2620 2579 2660 nunc
2632 2614 2810 2670 vocat,
2866 2620 2976 2659 non
3022 2619 3116 2659 eos
3158 2606 3252 2675 qui
3306 2605 3370 2659 ad
3427 2606 3675 2661 divinam

2090 2697 2535 2768 praedicationem
2571 2705 2944 2760 accesserant,
2990 2698 3085 2751 sed
3114 2712 3210 2752 eos
3245 2699 3338 2768 qui
3371 2705 3499 2752 ante
3530 2696 3669 2753 divi-

2090 2806 2218 2845 nam
2253 2791 2690 2845 incarnationem
2742 2788 2983 2845 fuerant.
3031 2787 3152 2845 Non
3182 2798 3364 2845 tamen
3400 2789 3470 2844 iis
3499 2789 3670 2844 vitam

2090 2893 2352 2938 αξιοι-ηοω
2384 2883 2664 2954 pollicitus
2687 2890 2771 2938 est
2804 2883 2896 2954 qui
2929 2882 3074 2936 idola
3107 2881 3432 2945 adorarunt,
3470 2885 3567 2937 sed
3601 2881 3672 2934 iis

2092 2979 2185 3046 qui
2221 2983 2378 3031 extra
2421 2976 2593 3046 legem
2635 2975 2857 3047 quidem
2890 2975 3187 3031 Mosaicam
3223 2977 3388 3029 vitam
3415 2986 3669 3046 egerunt,

2093 3068 2347 3136 pietatem
2408 3077 2588 3124 tamen
2654 3068 2862 3140 Deique
2921 3069 3130 3122 cultum
3166 3069 3403 3138 amplexi
3438 3076 3568 3123 sunt
3618 3078 3673 3122 et

384 3159 580 3229 νόμου,
605 3156 932 3211 θεοσέσειαν
959 3155 1013 3209 δὲ
1041 3156 1480 3226 ἀσπασαμένοις,
1516 3155 1611 3207 καὶ
1639 3153 1987 3223 δικαιοσύνης

2093 3158 2321 3229 iustitia:
2345 3174 2534 3213 curam
2560 3168 2873 3239 gesserunt.

386 3247 815 3321 πεφροντικόσι.

460 3350 512 3396 ι’.
546 3340 714 3406 Δόξα
735 3340 833 3407 δὲ,
861 3337 963 3393 καὶ
994 3337 1155 3408 τιμὴ,
1195 3337 1292 3391 καὶ
1321 3339 1552 3407 εἰρήνη,
1581 3336 1759 3392 παντὶ
1785 3336 1865 3402 τῷ
1894 3337 1989 3405 ἐρα

389 3430 701 3500 ταξομένφ
737 3429 807 3482 τὸ
855 3426 1120 3498 ἀγαθὸν,
1169 3426 1427 3492 Ἰουδαίῳ
1471 3443 1547 3479 τερ
1592 3424 1848 3495 πρῶτον,
1892 3424 1992 3479 καὶ

387 3524 679 3590 Ἕλληνι.
708 3521 826 3593 Οὐχ
848 3519 1033 3583 ἅπλῶς
1056 3518 1216 3571 τοῦτο
1241 3518 1507 3584 τέθεικεν,
1532 3518 1646 3571 ἀλλ’
1671 3517 1757 3571 ἵνα
1782 3517 1993 3579 τούτοις

386 3618 480 3670 τὸν
508 3613 647 3685 ἑξῆς
680 3614 970 3685 συνυφήνῃ
1010 3611 1192 3680 λόγον.
1224 3610 1425 3664 Μέλλει
1456 3613 1564 3683 γὰρ
1587 3609 1686 3682 τὴν
1721 3609 1993 3664 Ἰουδαίων

387 3706 581 3759 λοιπὸν
615 3703 900 3774 εἰσφέρειν
927 3700 1285 3774 κατηγορίαν.

462 3827 558 3885 ια’,
611 3817 706 3888 ιβ’.
764 3819 849 3872 Οὐ
877 3815 991 3887 γάρ
1030 3815 1163 3871 ἐστι
1208 3816 1691 3885 προσωποληψία
1732 3815 1891 3882 παρὰ
1916 3813 1996 3879 τῷ

390 3912 538 3977 Θεῷ.
596 3912 779 3964 Ὅσοι
834 3909 946 3980 γὰρ
997 3908 1235 3977 ἀνόμως
1302 3907 1587 3978 ἥμαρτον,
1633 3906 1865 3975 ἀνόμως
1896 3907 1994 3959 καὶ

2167 3335 2334 3391 Vens.
2379 3336 2465 3391 10.
2504 3334 2688 3389 Gloria
2744 3345 2941 3400 autem,
2979 3346 3028 3391 et
3076 3336 3263 3402 honor,
3296 3346 3344 3390 et
3376 3312 3484 3406 pain
3531 3336 3675 3390 omni

2095 3429 2338 3496 aperanti
2371 3428 2582 3494 bonum,
2608 3428 2800 3483 Judazo
2827 3430 3080 3497 primum,
3102 3440 3149 3482 et
3185 3426 3388 3483 erco.
3422 3426 3537 3482 Hoc
3564 3443 3672 3482 non

2095 3518 2300 3575 frustra
2348 3520 2554 3589 posuit,
2592 3519 2687 3574 sed
2748 3527 2806 3573 ut
2868 3536 2991 3572 cum
3048 3519 3133 3574 bis
3187 3521 3472 3588 sequentia
3524 3519 3673 3574 dicta

2096 3618 2469 3665 connecteret.
2506 3609 2603 3665 Est
2653 3610 2800 3663 enim
2852 3608 3167 3664 Judaeorum
3217 3610 3475 3680 deinceps
3507 3625 3676 3665 act-u-

2095 3701 2360 3756 sationem
2398 3701 2831 3757 introducwrus.

2169 3809 2335 3865 Vens.
2380 3811 2468 3878 ll,
2503 3810 2590 3864 12.
2626 3808 2750 3865 Non
2788 3820 2866 3864 est
2899 3826 3021 3881 ergo
3063 3827 3409 3881 personarum
3438 3813 3676 3880 acceptio

2099 3902 2239 3971 apud
2268 3902 2455 3958 Deum.
2492 3903 2804 3973 Quicunque
2846 3904 2985 3957 enim
3019 3905 3133 3958 sine
3164 3904 3273 3974 lege
3308 3914 3673 3973 peccaverunt,

2098 3995 2215 4051 sine
2241 3995 2407 4065 legeet
2422 3996 2663 4064 peribunt
2682 4035 2697 4058 ,
2719 4004 2768 4049 et
2787 3997 3079 4066 quicunque
3107 3997 3161 4049 in
3190 3997 3672 4066 legepeccaverunt,

2098 4102 2189 4156 per
2239 4087 2400 4157 legem
2454 4084 2863 4155 jttdicabuntur.
2917 4085 3175 4140 Omnium
3227 4088 3410 4149 enim,
3473 4088 3675 4157 inquit,

2099 4186 2319 4236 creator
2348 4176 2494 4232 Deus
2526 4177 2772 4232 omnium
2804 4192 3023 4247 quoque
3061 4177 3233 4246 judcx
3268 4178 3391 4233 erit.
3426 4178 3488 4232 Et
3514 4193 3544 4232 a
3577 4177 3676 4233 Ju-

2098 4270 2235 4326 daeis
2285 4270 2506 4342 quidem
2555 4285 2623 4325 ex
2680 4271 2797 4341 lege
2846 4269 3081 4324 Mosaica
3122 4270 3394 4341 rationem
3440 4272 3623 4342 exiget
3663 4291 3675 4326 :

2099 4376 2198 4418 eos
2248 4371 2431 4416 autem
2494 4361 2586 4431 qui
2639 4377 2757 4416 eam
2810 4378 2919 4415 non
2980 4372 3333 4432 acceperunt,
3377 4363 3478 4420 bos
3533 4366 3678 4419 enim

2103 4462 2263 4509 vocat
2299 4455 2420 4509 sine
2454 4456 2590 4526 lege,
2615 4462 2670 4511 et
2703 4454 2904 4510 deinde
2936 4463 3331 4524 peccaverunt,
3367 4472 3433 4511 ex
3472 4465 3682 4512 natura:

2029 4522 2076 4579 D
2103 4545 2267 4600 insita
2294 4522 2608 4611 cognitione
2636 4546 2784 4613 juste
2820 4522 3031 4615 puniet.

2177 4635 2342 4691 Vsus.
2376 4638 2611 4692 15.1Von
2651 4638 2790 4691 enim
2846 4639 3117 4693 auditores
3172 4639 3298 4708 legis
3349 4638 3490 4708 justi
3542 4640 3681 4707 apud

2104 4724 2295 4792 Deum,
2332 4725 2423 4779 sed
2463 4726 2693 4790 factores
2722 4728 2848 4797 tegis
2870 4728 3337 4799 justiﬁcabuntur.
3367 4728 3482 4784 Non
3532 4732 3680 4785 enim

2105 4816 2191 4871 lex
2227 4815 2351 4871 ideo
2392 4816 2555 4871 nobis
2600 4816 2732 4871 data
2766 4826 2869 4883 est,
2900 4827 2958 4871 ut
2995 4826 3218 4874 nostras
3254 4832 3418 4872 aures
3466 4816 3685 4873 demut-

2103 4919 2247 4975 ceat,
2277 4908 2375 4964 sed
2406 4915 2463 4962 ut
2498 4908 2566 4964 ad
2593 4909 2863 4965 bonorum
2905 4911 3182 4965 actionem
3211 4908 3469 4964 deducat.

387 4002 777 4059 ἀπολοῦνται
798 4017 812 4032 ·
856 4001 955 4054 καὶ
997 3999 1133 4053 ὅσοι
1169 3999 1240 4053 ἐν
1267 4000 1428 4067 νόμῳ
1462 3997 1749 4067 ἥμαρτον,
1776 3996 1873 4050 διὰ
1899 3996 1999 4050 νό-

381 4113 506 4165 μου
558 4093 981 4161 κριθήσονται.
1025 4092 1248 4146 Πάντων
1298 4091 1428 4161 γὰρ,
1487 4089 1643 4158 φησὶ,
1695 4089 1925 4159 ποιητὴς
1969 4089 1997 4140 ό

389 4186 526 4248 Θεὸς
595 4185 822 4237 πάντων
851 4179 946 4236 οὖν
987 4183 1142 4236 ἔσται
1181 4181 1395 4253 κριτὴς,
1434 4182 1528 4233 καὶ
1560 4181 1684 4243 τοὺς
1728 4180 1828 4249 μὲν
1869 4181 1998 4232 Ἰου-

387 4276 575 4340 δαίους
608 4274 757 4328 κατὰ
787 4275 881 4328 τὸν
910 4272 1208 4329 Μωσαῖκδν
1237 4272 1399 4342 νόμον
1432 4269 1664 4334 εὐθύνας
1705 4269 1996 4341 εἰσπράξει

386 4385 517 4431 ται,
552 4368 686 4431 τοὺς
722 4366 783 4420 δέ
831 4384 895 4434 γε
938 4363 1131 4419 τοῦτον
1171 4365 1231 4418 οὐ
1262 4363 1589 4435 δεξαμένους
1614 4361 1859 4435 (τούτους
1889 4362 1997 4433 γὰρ

388 4461 640 4531 ἀνόμους
673 4459 892 4529 καλεῖ),
917 4453 1039 4511 εἶτα
1069 4457 1465 4529 ἡμαρτηκότας
1488 4496 1502 4519 ,
1547 4455 1691 4509 κατὰ
1721 4454 1821 4527 τὴν
1851 4456 1999 4509 ὲντε-

388 4554 586 4607 θεῖσαν
616 4555 684 4621 τῇ
716 4550 883 4620 φύσει
909 4549 1205 4617 διάγνωσιν
1230 4547 1454 4611 ἐνδίκως
1480 4546 1723 4602 κολάσει.

467 4650 563 4711 ιγ’.
600 4644 687 4697 Οὐ
710 4643 824 4712 γὰρ
847 4643 901 4694 οἱ
928 4636 1214 4707 ἀκροαταὶ
1244 4636 1351 4692 τοῦ
1376 4638 1564 4706 νόμου
1592 4636 1810 4690 δίκαιοι
1839 4637 1999 4703 παρὰ

389 4735 475 4801 τῷ
505 4733 658 4799 Θεῷ,
684 4735 827 4788 ἀλλ’
859 4734 911 4786 οἱ
939 4730 1176 4799 ποιηταὶ
1212 4728 1319 4783 τοῦ
1342 4729 1534 4798 νόμου
1565 4726 1999 4796 δικαιωθήσον-

390 4843 510 4880 ται,
549 4824 631 4878 Οὐ
664 4824 777 4895 γὰρ
805 4822 871 4894 δὴ
899 4823 1091 4875 τούτου
1127 4821 1290 4893 χάριν
1332 4822 1464 4891 ἡμῖν
1495 4818 1658 4889 ἐτέθη
1692 4818 1878 4888 νόμος,
1911 4818 2000 4871 ἵνα

389 4915 495 4977 τὰς
533 4913 822 4984 ἡμετέρας
860 4910 1029 4974 ἀκοὰς
1070 4909 1404 4981 καταθέλγῃ,
1446 4908 1560 4961 ἀλλ’
1598 4907 1682 4960 ἵνα
1713 4908 1998 4980 ποδηγήσῃ

391 5004 536 5076 πρὸς
570 5003 676 5073 τὴν
703 5001 907 5073 πρᾶξιν
938 5001 1047 5055 τῶν
1077 4999 1322 5070 ἀγαθῶν.

466 5093 553 5151 ιδ’.
582 5096 783 5147 Ὅταν
806 5095 915 5163 γὰρ
951 5094 1120 5159 ἔθνη,
1168 5090 1241 5145 τὰ
1272 5088 1359 5159 μὴ
1392 5089 1581 5157 νόμον
1621 5087 1860 5157 ἔχοντα,
1880 5089 1995 5158 ερύ-

390 5205 493 5244 σει
520 5186 599 5241 τὰ
626 5185 738 5240 τοῦ
769 5185 957 5255 νόμου
1000 5181 1169 5251 ποιῇ,
1205 5178 1373 5239 οὗτοι
1409 5172 1599 5249 νόμον
1629 5179 1716 5248 μὴ
1752 5178 1999 5248 ἔχοντες

389 5280 645 5347 ἑαυτοῖς
694 5281 818 5333 siin
860 5278 1066 5347 νόμος.
1102 5276 1228 5329 Ὅτι
1274 5274 1382 5346 γὰρ
1426 5272 1525 5345 τὴν
1559 5272 1760 5345 πρᾶξιν
1791 5275 1820 5327 ό
1859 5273 2000 5338 θεῖος

389 5373 629 5426 ἁπαιτεί
683 5370 871 5440 νόμος,
916 5366 1295 5439 μαρτυροῦσιν
1343 5366 1393 5419 οἱ
1434 5364 1539 5437 πρὸ
1571 5363 1665 5417 τοῦ
1700 5363 1999 5418 Μωσαῖκοῠ

392 5467 591 5535 νόμου,
635 5460 894 5515 εὐσεϐέσι
917 5460 1020 5531 μὲν
1053 5458 1395 5530 χρησάμενοι
1429 5454 1733 5525 λογισμοῖς,
1767 5455 2002 5525 πράξεσι

2177 5082 2346 5139 Vsus.
2384 5084 2472 5138 14.
2511 5083 2644 5140 Cum
2681 5085 2817 5138 enim
2857 5095 3056 5155 gentes,
3087 5100 3202 5155 qua:
3250 5084 3412 5154 legem
3443 5099 3547 5137 non
3591 5085 3685 5137 ha-

2107 5180 2247 5243 bent,
2307 5180 2633 5234 naturaliter
2668 5195 2729 5234 ea
2776 5194 2894 5250 qua:
2941 5179 3047 5248 32
3099 5177 3225 5249 legis
3276 5186 3401 5232 sunt
3456 5177 3684 5247 faciunt,

2106 5270 2367 5340 ejusmodi
2416 5271 2576 5341 legem
2627 5286 2731 5324 non
2784 5268 3034 5323 habentes
3091 5269 3193 5337 ipsi
3247 5268 3351 5323 sibi
3400 5278 3525 5325 sunt
3581 5270 3686 5324 lex.

2108 5362 2266 5429 Quod
2302 5363 2451 5419 enim
2506 5365 2590 5420 lex
2638 5363 2823 5419 divina
2870 5363 3145 5419 actionem
3180 5362 3391 5434 exigat,
3414 5372 3689 5420 testantur

2109 5454 2207 5526 qui
2236 5464 2362 5510 ante
2400 5455 2577 5527 legem
2628 5453 2927 5511 Mosaicam
2959 5453 3069 5527 piis
3118 5452 3207 5510 usi
3237 5460 3369 5511 sunt
3396 5453 3692 5525 cogitatio-

1730 5630 1964 5689 VARUE
2004 5629 2414 5691 LECTIONES.

464 5799 517 5832 ⁸⁵
544 5798 590 5850 Β
610 5795 923 5871 πρόκειται,
956 5810 1074 5850 non
1106 5793 1265 5849 bene.
