4124 6446
545 428 610 498 ⁸71
1589 422 2080 488 THEODORETI
2120 422 2144 482 I

2248 422 2459 484 seem
2499 424 2867 487 CYRENSIS
3751 428 3824 495 τε
3902 516 3907 521 η

553 546 741 611 nibus,
769 547 786 567 ‘
818 543 1090 614 bonisque
1125 540 1438 598 actionibus
1473 540 1638 597 vitam
1695 552 2053 604 exornarere,
2083 544 2136 591 et

2244 540 2295 594 δὲ
2320 542 2554 611 ἀγαθαῖς
2580 544 2671 598 τὸν
2700 542 2816 614 βίον
2844 538 3389 610 κατακοσμήσαντες,
3423 539 3515 594 καὶ
3544 538 3694 610 σφῶν
3723 541 3823 594 αὺ-

552 638 657 694 sibi
684 637 818 707 ipsis
855 638 1027 707 legem
1063 638 1263 690 tulere.

622 725 791 781 Vens.
830 727 921 792 1'3,
954 726 1043 782 16.
1077 727 1183 792 Qui
1224 724 1504 779 ostendunt
1537 740 1666 792 opus
1707 722 1836 792 legis
1883 723 2138 788 scriptum

552 820 605 871 in
662 817 911 870 cordibus
973 818 1116 881 suis,
1160 817 1519 870 testimonium
1571 815 1818 868 reddente
1860 813 1969 867 illis
2012 830 2139 866 con-

552 910 798 972 scientia,
824 918 871 962 et
896 910 1034 962 inter
1074 926 1126 962 se
1156 909 1382 961 invicem
1427 905 1841 976 cogitationibus
1881 922 2141 959 accusan-

555 1002 715 1063 tibus,
746 1010 837 1053 aut
907 1002 1068 1054 etiam
1116 997 1537 1067 defendentibus.
1580 995 1647 1050 In
1678 995 1763 1049 die
1811 1013 1931 1050 cum
1984 994 2139 1064 judi-

554 1093 690 1145 cabit
720 1090 863 1145 Deus
913 1090 1122 1142 occulta
1150 1089 1422 1143 hominum
1457 1087 1747 1142 secundum
1793 1086 2141 1157 Erangclium

554 1200 723 1235 meum
756 1198 846 1249 per
875 1180 1061 1234 Iesum
1089 1180 1384 1236 Christum.
1422 1180 1676 1235 Ostendit
1725 1180 1899 1251 legem
1930 1188 2143 1233 natura:

551 1273 813 1328 cordibus
850 1273 1200 1340 inscriptam,
1234 1281 1288 1325 et
1339 1272 1697 1326 conscientiae
1743 1281 1858 1325 tum
1909 1286 2141 1325 accusa-

551 1366 757 1418 tionem
813 1370 929 1417 tum
987 1362 1369 1417 defensionem
1427 1364 1663 1416 veritate
1711 1369 1983 1416 ornatam.
2029 1360 2143 1430 Ego

552 1462 735 1508 autem
787 1468 873 1507 me
915 1467 1095 1522 opera:
1138 1452 1378 1523 pretium
1432 1451 1707 1506 facturum
1759 1452 2039 1515 existimo,
2092 1451 2140 1506 si

558 1558 672 1596 rem
718 1542 903 1611 aliquo
939 1544 1192 1612 exemplo
1227 1542 1578 1596 manifestam
1615 1541 1874 1597 effecero.
1910 1540 2142 1609 Quando

553 1636 697 1690 enim
732 1635 883 1688 illum
920 1635 973 1688 in
1006 1634 1294 1704 Benjamin
1324 1622 1510 1689 actdm
1542 1635 1862 1689 ordiebatur
1899 1636 2141 1689 admira-

551 1728 679 1792 bilis
722 1726 947 1797 Josepb,
998 1735 1053 1781 et
1110 1728 1271 1797 quasi
1328 1728 1557 1781 calicem
1620 1726 1924 1782 snﬂ‘uratus
1970 1734 2138 1792 esset,

553 1836 773 1875 servum
836 1819 1111 1874 abducere
1160 1819 1507 1883 conabatur,
1566 1818 1804 1873 fratrum
1858 1818 2024 1873 veluti
2085 1818 2137 1871 in

554 1916 678 1983 igne
710 1924 947 1967 mentem
984 1911 1252 1981 probans,
1291 1920 1479 1982 aperte
1512 1920 1736 1966 ostensa
1766 1918 1850 1966 est
1871 1911 1954 1966 vis
1985 1911 2141 1965 testi-

551 2006 721 2060 monii
749 2005 1124 2059 conseientiae.
1151 2004 1306 2059 Tunc
1334 2005 1501 2068 enim,
1535 2011 1669 2058 tunc
1694 2004 1769 2058 illi
1812 2004 2137 2074 tragmdiam

550 2096 771 2167 quidem
833 2097 973 2150 banc
1054 2097 1344 2152 attendere
1404 2097 1637 2151 minime
1691 2097 1984 2161 volebant,
2044 2097 2141 2153 sed

552 2188 779 2243 admissi
814 2196 942 2244 ante
981 2190 1121 2245 duos
1157 2197 1213 2243 et
1243 2189 1439 2258 viginti
1477 2204 1654 2244 annos
1684 2190 1913 2245 sceleris
1945 2205 2140 2245 recor-

550 2280 828 2335 dabantur
863 2297 876 2333 :
906 2287 961 2334 et
1023 2279 1116 2333 alii
1169 2279 1392 2351 quidem
1437 2279 1721 2345 dicebant,
1764 2298 1782 2331 ι
1814 2278 2026 2335 Fratris
2054 2280 2140 2336 sui

548 2369 789 2437 jnnioris
842 2370 1169 2439 sanguinem
1222 2385 1286 2424 ex
1324 2370 1584 2425 manibus
1617 2384 1806 2425 eorum
1842 2371 2072 2440 requiri,
2117 2388 2135 2421 ι

553 2458 746 2514 Ruben
801 2468 984 2514 autem
1044 2461 1218 2516 factas
1289 2462 1399 2517 illis
1464 2461 1873 2517 admonitiones
1918 2462 1971 2516 in
2023 2476 2140 2516 me-

553 2552 787 2606 moriam
833 2552 1144 2606 revocabat.
1175 2552 1584 2608 Convenienter
1630 2552 1761 2608 huic
1792 2552 2141 2607 similitudini

552 2643 937 2699 describamus
1002 2642 1249 2698 futurum
1301 2643 1616 2715 judicium,
1679 2653 1734 2698 et
1791 2657 1983 2697 eorum
2047 2644 2142 2713 qui

552 2743 706 2789 extra
758 2734 928 2805 legem
995 2734 1250 2788 vixerunt
1309 2734 1742 2798 conscientiam,
1802 2750 1927 2804 quae
1995 2748 2144 2788 nunc

553 2827 775 2897 quidem
808 2843 866 2881 se
899 2825 1166 2891 defendit,
1197 2833 1251 2881 et
1288 2826 1659 2897 ignorantiam
1690 2826 1964 2891 obtendit,
1995 2841 2143 2880 nunc

555 2927 740 2974 autem
797 2920 1015 2989 culpam
1080 2918 1368 2987 agnoscit,
1418 2925 1473 2971 ct
1530 2918 1654 2972 latae
1692 2900 1798 2988 33
1856 2917 2143 2974 sententias

553 3012 872 3080 aequitatem
918 3009 1183 3080 praedicat
1222 3019 1269 3062 ³.
1305 3009 1382 3062 Ita
1428 3018 1481 3063 et
1510 3008 1850 3073 Abimcleeb,
1879 3024 2003 3063 cum
2039 3010 2142 3064 ba-

554 3104 711 3158 beret
735 3102 1089 3157 conscientiae
1117 3102 1516 3165 testimonium,
1545 3100 1657 3156 Deo
1680 3101 1899 3157 dicebat
1929 3121 1941 3157 :
1977 3121 1995 3153 ι
2038 3101 2143 3158 Do-

556 3197 725 3259 mine,
775 3203 991 3266 gentem
1051 3195 1395 3264 ignorantem
1440 3202 1495 3248 et
1543 3194 1751 3263 justam
1804 3193 2141 3251 interficies?

554 3287 747 3342 Nonne
777 3288 894 3357 ipse
926 3285 1058 3339 mihi
1086 3285 1245 3349 dixit,
1277 3285 1451 3339 Soror
1486 3300 1603 3339 mea
1650 3296 1754 3351 est,
1785 3297 1838 3341 et.
1868 3287 1985 3357 ipsa
2011 3287 2143 3341 mihi

555 3380 693 3433 dixit
719 3420 733 3446 ,
774 3377 967 3433 Frater
1003 3391 1160 3431 meus
1201 3375 1322 3431 est?
1353 3375 1500 3430 Pura
1540 3384 1722 3431 mente
1766 3376 1872 3430 hoc
1916 3379 1998 3447 egi
2035 3378 2079 3429 ι.
2120 3396 2141 3427 ι

555 3471 692 3523 Cum
756 3476 941 3522 autem
1009 3466 1129 3520 haec
1181 3466 1467 3520 docuisset
1518 3464 1742 3521 divinus
1808 3467 2143 3537 Apostolus,

557 3560 830 3616 convertit
860 3573 1168 3615 sermonem
1205 3558 1271 3613 ad
1304 3555 1576 3623 Judaeum,
1602 3566 1655 3614 et
1684 3557 1816 3613 dicit
1846 3578 1857 3613 :

637 3835 801 3893 Vens.
861 3837 946 3890 l7.
997 3836 1130 3892 Ecce
1187 3845 1243 3891 tu
1301 3835 1524 3892 Juda'us
1578 3836 1994 3909 cognominaris.
2028 3835 2146 3892 Hoc

561 3930 705 3985 enim
740 3944 937 3983 nomen
968 3942 1264 3983 commune
1296 3929 1426 3983 olim
1461 3928 1581 3983 erat
1614 3938 1669 3984 et
1703 3926 2015 3983 venerabile
2044 3947 2058 3982 :
2091 3936 2147 3983 et

561 4020 684 4075 ideo
718 4036 827 4074 nou
862 4019 1011 4073 dixit
1050 4019 1371 4086 nominaris,
1405 4019 1500 4073 sed
1546 4021 2046 4091 cognominaris.—
2078 4018 2147 4072 Et

561 4113 847 4180 requiescis
886 4112 944 4163 in
980 4111 1108 4181 lege.
1138 4108 1255 4165 Non
1287 4111 1433 4166 enim
1469 4112 1718 4175 laboras,
1757 4120 1818 4167 ut
1849 4112 1945 4182 qui
1992 4120 2146 4166 extra

563 4215 732 4276 legem
780 4212 1057 4270 versatur,
1093 4218 1345 4273 qtmrens
1391 4202 1524 4273 quid
1576 4204 1650 4257 sit
1685 4202 1958 4273 agendum
1997 4190 2147 4257 {sed

563 4298 735 4352 babes
789 4295 1002 4365 legem,
1057 4310 1178 4365 qua:
1234 4302 1286 4348 te
1348 4294 1534 4348 omnia
1595 4302 1784 4363 aperte
1846 4292 2026 4348 docet.
2078 4291 2148 4345 Et

564 4388 819 4459 gloriaris
869 4388 924 4439 in
971 4385 1102 4440 Deo.
1155 4385 1228 4440 Ut
1278 4385 1373 4456 qui
1432 4393 1485 4440 te
1522 4384 1830 4453 prmtulerit
1886 4382 2148 4438 omnibus

566 4481 841 4553 gentibus,
867 4494 988 4549 quas
1034 4485 1195 4533 erant
1232 4478 1288 4532 in
1315 4486 1430 4531 toto
1464 4476 1598 4554 orbe
1640 4482 1937 4537 terrarum,
1964 4481 2024 4528 ut
2053 4474 2149 4546 qui

2241 633 2353 687 τῶν
2384 635 2672 706 νομοθέται
2701 633 3006 704 γενόμενοι.

2316 733 2400 791 ιε’,
2439 733 2534 793 ις’.
2570 727 2800 792 Οἵτινες
2828 723 3240 779 ἐνδείκνυνται
3284 720 3351 776 τὸ
3380 722 3557 790 ἔργον
3583 720 3690 775 τοῦ
3722 722 3825 775 νόο

2236 838 2357 890 μου
2388 819 2652 888 γραπτὸν
2687 819 2756 873 ἐν
2789 817 2919 884 ταῖς
2945 816 3216 886 καρδίαις
3244 812 3463 879 αὐτῶν,
3481 827 3827 884 συμμαρτυ-

2235 912 2473 979 ρούσης
2531 908 2731 965 αὐτῶν
2786 908 2898 978 τῆς
2961 906 3397 975 συνειδήσεως,
3452 905 3550 960 καὶ
3598 905 3826 976 μεταξὺ

2243 1000 2535 1069 ἀλλήλων
2566 999 2685 1054 τῶν
2715 998 3025 1069 λογισμῶν
3071 997 3598 1067 κατηγορούντων,
3648 995 3685 1064 ἢ
3728 995 3828 1050 καί

2243 1091 2767 1162 ἀπολογουμένων.
2812 1092 2916 1145 Ἐν
2967 1089 3187 1159 ἡμέρᾳ,
3229 1089 3327 1142 ὅτε
3375 1086 3566 1155 κρινεῖ
3606 1089 3640 1141 ὁ
3684 1088 3828 1152 Θεὸς

2242 1184 2316 1236 τὰ
2368 1185 2601 1251 κρυπτὰ
2646 1182 2767 1236 τῶν
2796 1179 3123 1250 ἀνθρώπων
3166 1180 3317 1234 κατὰ
3348 1178 3416 1233 τὸ
3458 1176 3829 1248 Εὑαγγέλιόν

2240 1292 2358 1345 μου
2392 1273 2491 1329 διὰ
2538 1275 2742 1342 Ἰησοῦ
2769 1260 3064 1343 ’Χριστοῦ
3096 1272 3307 1339 Ἐδειξε
3343 1271 3433 1325 τὸν
3476 1271 3577 1342 τῆς
3614 1270 3828 1339 φύσεως

2244 1366 2408 1436 νόμον
2436 1367 2556 1429 ταῖς
2599 1365 2851 1436 καρδίαις
2880 1363 3352 1435 ἐγγεγραμμένον,
3394 1362 3492 1416 καὶ
3519 1361 3615 1415 τοῦ
3647 1379 3827 1414 συνει-

2242 1457 2390 1518 δότος
2421 1456 2517 1509 καὶ
2545 1458 2644 1527 τὴν
2674 1455 3009 1526 κατηγορίαν
3040 1455 3135 1508 καὶ
3159 1453 3259 1525 τὴν
3281 1453 3580 1522 ἀπολογίαν
3600 1452 3829 1523 ἀληθείᾳ

2244 1545 2693 1616 κεκοσμημένην.
2743 1544 2885 1612 Ἐγὼ
2923 1545 2980 1598 δὲ
3022 1542 3299 1615 προῦργου
3328 1542 3533 1614 νομίζω
3564 1543 3655 1598 διά
3681 1559 3828 1603 τινος

2244 1637 2687 1711 παραδείγματος
2743 1637 2890 1708 σαφῆ
2947 1638 3173 1708 ποιῆσαι
3221 1636 3315 1689 τὸν
3367 1635 3551 1704 λόγον.
3591 1635 3721 1688 Ὅτε
3764 1633 3830 1688 τὸ

2244 1731 2389 1785 κατὰ
2419 1730 2507 1784 τὸν
2538 1730 2797 1800 Βενιαμὶν
2831 1729 3064 1800 ὲξύφηνε
3094 1730 3332 1800 δρᾶμαό
3362 1725 3669 1798 θαυμάσιος
3707 1727 3826 1780 Ἰω-

2247 1822 2379 1891 σὴφ,
2415 1822 2509 1875 καὶ
2547 1822 2623 1885 ὡς
2650 1820 2954 1892 κεκλοφότα
2998 1819 3091 1874 τὸν
3124 1818 3304 1883 κόνδυ,
3348 1817 3535 1872 δοῦλον
3571 1818 3829 1889 ἐπειρᾶτο

2242 1914 2460 1978 λαϐεῖν,
2503 1913 2612 1966 τῶν
2666 1912 2914 1982 ἀδελφῶν
2950 1910 3027 1976 ὠς
3071 1913 3129 1966 ὲν
3184 1910 3320 1982 πυρὶ
3369 1909 3681 1980 δοκιμάζων
3731 1908 3828 1980 τὴν

2242 2004 2488 2076 γνώμην,
2516 2004 2777 2075 ἄντικρυς
2804 2003 3020 2075 ἐδείχθη
3050 2002 3150 2072 τῆς
3169 2002 3265 2056 τοῦ
3292 2001 3592 2065 συνειδότος
3619 2016 3828 2072 μαρτυ-

2246 2096 2370 2169 ρίας
2403 2096 2437 2166 ή
2460 2094 2708 2165 δύναμις.
2741 2095 2876 2149 Τότε
2904 2094 3013 2165 γὰρ
3041 2093 3126 2165 δὴ,
3152 2094 3275 2146 τότε
3303 2093 3479 2165 ταύτῃ
3508 2091 3606 2161 μὲν
3627 2092 3828 2163 ἥκιστα

2240 2189 2308 2257 τῇ
2342 2186 2623 2259 τραγῳδίᾳ
2667 2185 2960 2259 προσέχειν
3006 2183 3311 2252 ἐϐούλοντο,
3358 2184 3461 2254 τῆς
3493 2183 3551 2237 δὲ
3584 2183 3690 2255 πρὸ
3733 2183 3826 2235 δύο

2242 2279 2337 2332 καὶ
2379 2279 2553 2332 εἴκοσι
2601 2278 2740 2333 ἐτῶν
2774 2276 3073 2348 γενομένης
3121 2276 3467 2348 παρανομίας
3523 2274 3827 2347 ἀνεμιμνή·

2244 2385 2458 2424 σκοντο.
2495 2369 2606 2421 Καὶ
2646 2371 2695 2422 oi
2730 2367 2829 2439 μὲν
2858 2368 3067 2435 ἔλεγον,
3099 2368 3180 2422 ὅτι
3216 2387 3235 2419 ι
3272 2368 3345 2421 Τὸ
3378 2362 3518 2438 αἷμα
3558 2366 3641 2420 τοῦ
3673 2364 3828 2420 ἀδελ·-

2244 2458 2348 2529 ιροῦ
2398 2459 2557 2530 ἡμῶν
2592 2459 2688 2513 τοῦ
2733 2460 3001 2532 νεωτέρου
3047 2459 3359 2531 ὲκζητεῖται
3402 2460 3482 2522 είς
3513 2458 3610 2523 τὰς
3639 2461 3828 2530 χεῖρας

2243 2551 2434 2624 ἡμῶν*
2473 2570 2492 2602 ι
2531 2552 2640 2606 τῶν
2666 2551 2722 2606 δὲ
2748 2551 3131 2623 γεγενημένων
3156 2550 3294 2624 πρὸς
3316 2551 3515 2615 αὐτοὺς
3541 2550 3827 2623 παρακλή-

2247 2660 2388 2697 σεων
2435 2644 2464 2697 ὁ
2501 2643 2760 2713 Ῥουὸεὶμ
2795 2644 3194 2715 ἀνεμίμνησκε.
3220 2642 3377 2698 Κατά
3402 2643 3605 2715 ταύτην
3630 2644 3728 2713 τὴν
3754 2646 3831 2695 εί-

2243 2736 2378 2789 κόνα
2403 2735 2795 2808 διαγράφωμεν
2823 2736 2885 2790 τὸ
2915 2735 3107 2807 μέλλον
3143 2737 3441 2809 κριτήριον,
3476 2735 3701 2790 καὶτῶν
3722 2734 3831 2800 ἔξω

2244 2830 2410 2899 νόμου
2435 2829 2915 2900 πολιτευσαμένων
2945 2828 3008 2882 τὸ
3039 2829 3300 2894 συνειδὸς,
3344 2827 3438 2883 νῦν
3483 2827 3583 2900 μὲν
3626 2827 3829 2882 ἀπολο-

2243 2922 2342 2992 γού
2352 2939 2531 2994 μενον,
2569 2922 2663 2975 καὶ
2691 2919 2788 2992 τὴν
2814 2918 3037 2990 ἄγνοιαν
3064 2919 3524 2992 προϐαλλόμενον,
3560 2919 3656 2974 νῦν
3681 2919 3740 2975 δέ
3763 2936 3831 2987 γε

2243 3017 2341 3088 τὴν
2396 3014 2733 3088 κατηγορίαν
2785 3014 3107 3085 δεχόμενον,
3163 3014 3259 3068 καλ¹
3303 3012 3679 3084 ἀνακηρύττον
3727 3009 3832 3082 τῆς

2245 3106 2630 3178 ἐπενεχθείσης
2652 3106 2833 3177 ψήφου
2860 3104 2922 3158 τὸ
2951 3106 3178 3161 δίκαιον.
3209 3102 3365 3159 Οὕτω
3390 3103 3486 3158 καὶ⁵
3515 3103 3829 3174 Ἀϐιμέλεχ,

2169 3215 2217 3277 C
2246 3196 2341 3250 τοῦ
2392 3196 2695 3260 συνειδότος
2729 3195 2866 3266 ἔχων
2897 3195 2998 3265 τὴν
3035 3194 3364 3269 μαρτυρίαν,
3400 3193 3537 3266 πρὸς
3568 3192 3659 3247 τὸν
3698 3194 3833 3248 Θεὸν

2248 3291 2436 3359 ἑλεγεο
2481 3309 2500 3342 ι
2540 3288 2735 3361 Κύριε,
2773 3288 2926 3352 ἔθνος
2954 3287 3183 3358 ἀγνοοῦν
3223 3287 3321 3341 καὶ
3357 3287 3565 3341 δίκαιον
3596 3287 3835 3340 ἀποκτε-

2248 3387 2394 3449 νεῖς;
2426 3381 2542 3437 Οὐκ
2563 3380 2724 3444 αὑτός
2753 3396 2843 3450 μοι
2863 3375 3036 3444 εἶπεν,
3059 3380 3142 3433 δτι
3176 3380 3403 3451 Ἀδελφή
3431 3396 3535 3451 μου
3566 3378 3706 3443 ἐστὶ,
3738 3378 3837 3432 καὶ

2250 3473 2387 3544 αὐτή
2431 3490 2521 3542 μοι
2565 3467 2720 3525 εἶπεν
2744 3509 2760 3534 ,
2808 3473 2892 3526 ὅτι
2933 3471 3186 3542 Ἀδελφός
3217 3488 3319 3542 μου
3358 3471 3544 3536 ὲστίν;
3603 3470 3692 3523 Ἐν
3732 3487 3840 3525 κα.-

2248 3565 2395 3636 θαρᾷ
2437 3563 2639 3635 καρδίᾳ
2687 3562 2922 3632 ἐποίησα
2969 3562 3032 3616 τὸ
3083 3562 3235 3636 ῥῆμα
3271 3561 3450 3616 τοῦτο,
3492 3580 3512 3614 ι
3551 3561 3612 3615 '0
3645 3560 3838 3632 μέντοι

2250 3655 2394 3718 θεῖος
2438 3651 2761 3714 ’Δπὸστολος
2788 3649 2931 3705 οὕτω
2957 3650 3131 3706 ταῦτα
3174 3650 3413 3715 διδάξας,
3442 3651 3537 3705 ἐπὶ
3567 3650 3659 3704 τὸν
3699 3652 3837 3705 Ἰου-

2247 3746 2397 3799 δαῖον
2426 3744 2723 3816 μεταφέρει
2758 3742 2849 3798 τδν
2884 3743 3064 3812 λόγον,
3095 3742 3190 3797 καί
3217 3759 3383 3813 φησιν
3405 3758 3418 3773 ·

2321 3838 2405 3901 ιζ’.
2442 3837 2566 3893 Ἴδε
2589 3837 2670 3892 σὺ
2694 3838 2740 3870 ’⁸
2781 3835 3061 3901 Ἰουδαῖος
3086 3833 3448 3903 ἐπονομάζῃ.
3494 3832 3688 3888 Κοινδν
3721 3831 3837 3903 γὰρ

2247 3929 2409 3985 τοῦτο
2433 3930 2494 3984 τὸ
2526 3930 2719 4000 ὄνομα,
2751 3929 2846 3982 καὶ
2869 3929 3053 3997 τίμιον
3084 3921 3154 3998 ἦν
3184 3925 3388 3980 πάλαι·
3424 3924 3506 3980 διὸ
3537 3926 3637 3979 οὐκ
3656 3919 3836 3988 εἶπεν.

2247 4020 2512 4093 ὀνομάζῃ.
2554 4021 2670 4074 ἀλλ’
2699 4018 3060 4089 ἐπονομάζῃ.
3091 4051 3159 4062 -
3190 4020 3299 4074 Καὶ
3343 4020 3707 4089 ἐπαναπαύῃ
3751 4020 3841 4085 τῷ

2249 4115 2434 4184 νόμῳ.
2478 4115 2553 4168 Οὐ
2582 4114 2693 4186 γὰρ
2727 4114 2981 4183 κάμνεις,
3030 4113 3106 4176 ὡς
3140 4111 3245 4178 ἔξω
3281 4115 3450 4185 νόμου
3481 4113 3841 4184 πολιτευόμε-

2250 4222 2362 4269 νος,
2413 4205 2477 4258 τὸ
2528 4205 2802 4276 πρακτέον
2835 4204 3143 4276 ἐπιζητῶν·
3196 4205 3312 4258 ἀλλ’
3354 4204 3500 4275 ἔχεις
3533 4204 3625 4259 τὸν
3670 4206 3840 4274 νόμον

2253 4293 2444 4364 σαφῶς
2498 4294 2718 4348 ἅπαντά
2760 4312 2821 4348 σε
2868 4294 3211 4350 διδάσκοντα.
3261 4294 3371 4350 Καί
3430 4293 3733 4365 καυχᾶσαι
3767 4294 3841 4347 ἐν

2255 4387 2398 4454 Θεῷ.
2455 4386 2543 4452 Ὠς
2582 4387 2799 4442 πάντων
2841 4403 2900 4439 σε
2944 4385 3362 4459 προτετιμηκότι
3403 4386 3512 4439 τῶν
3559 4387 3701 4441 κατά
3736 4384 3840 4456 τὴν

2252 4479 2581 4551 οίκουμένην
2622 4477 2815 4543 ἐθνῶν,
2858 4478 2934 4542 ὡς
2963 4476 3164 4550 πολλῆς
3202 4495 3261 4531 σε
3300 4477 3629 4548 κηδεμονίας
3672 4476 3841 4547 ἠξιως

570 4585 817 4641 nmgaam
848 4570 929 4622 tui
967 4583 1158 4623 curam
1200 4581 1393 4635 gerere
1422 4565 1681 4632 dignatus
1710 4568 1729 4586 ⁶
1758 4563 1853 4627 sit,
1890 4570 1946 4619 et
1971 4564 2143 4635 legem

2252 4571 2393 4635 κότι,
2417 4570 2511 4625 καλ⁵
2540 4571 2704 4642 νόμον
2723 4570 3003 4637 δεδωκότι,
3023 4571 3118 4623 καὶ
3137 4570 3225 4623 διὰ
3248 4569 3357 4623 τῶν
3385 4567 3679 4640 προφητῶν
3699 4568 3839 4622 ποδ-

564 4657 801 4723 dederit,
829 4666 883 4712 et
912 4672 1008 4726 per
1043 4656 1337 4727 prophetas
1376 4653 1698 4707 instituerit.

639 4745 803 4802 Vens.
842 4747 928 4800 18.
962 4746 1032 4800 Et
1070 4746 1210 4798 nosti
1239 4743 1563 4798 voluntatem
1596 4741 1733 4810 ejus,
1764 4740 1859 4797 Dei
1907 4742 2143 4802 scilicet.

566 4839 633 4896 Et
655 4839 847 4908 probas
878 4839 1121 4892 utiliora.
1150 4835 1264 4889 Hoc
1292 4843 1397 4897 est,
1429 4834 1709 4904 dignoseis
1742 4850 1804 4889 ea
1850 4852 1973 4905 qua:
2007 4836 2150 4893 inter

565 4949 625 4988 se
666 4940 795 4987 sunt
840 4930 1144 4990 contraria,
1196 4926 1471 4995 justitiam
1520 4932 1577 4980 et
1625 4925 2148 4993 injustitiam,tem-

568 5025 869 5094 perautiam
923 5029 979 5075 ct
1026 5017 1532 5087 intemperantiam,
1601 5017 1860 5086 pietatem
1926 5027 1983 5072 et
2043 5021 2149 5074 im-

565 5118 843 5185 pietatem.
896 5111 1199 5165 Instrttctus
1250 5123 1342 5177 per
1395 5107 1699 5177 legem.llla
1755 5110 1902 5164 enim
1940 5110 2055 5166 hate
2095 5120 2148 5167 te

566 5210 776 5264 docuit.

643 5297 808 5351 Vens.
860 5293 947 5357 19,
990 5292 1082 5346 9.0.
1131 5289 1197 5344 Et
1251 5290 1476 5359 conﬁdis
1526 5293 1747 5360 teipsum
1809 5281 1921 5349 esse
1962 5294 2146 5350 durem

642 5448 665 5476 ³
707 5434 845 5490 Gen.
879 5447 1009 5485 mu
1045 5440 1092 5486 et
1137 5448 1277 5487 κων.
1363 5433 1379 5469 ι
1425 5431 1559 5487 Gen.
1592 5448 1693 5496 xx,
1736 5434 1797 5497 ί,
1828 5433 1883 5487 5.

2247 4663 2534 4733 ηγήσαντι.

2328 4757 2421 4822 ιη’.
2481 4750 2594 4805 Καὶ
2640 4751 2954 4821 γινώσκεις
3009 4750 3077 4804 τὸ
3123 4750 3375 4816 θέλημα.
3442 4748 3689 4804 τουτέστι
3737 4748 3837 4802 τοῦ

2254 4840 2411 4896 Θεοῦ.
2452 4841 2560 4897 Καὶ
2597 4838 2929 4911 δοκιμάζεις
2971 4837 3046 4893 τὰ
3088 4836 3466 4909 διαφέροντα.
3526 4840 3671 4892 Ἀντὶ
3715 4838 3833 4903 τοῦ,

2255 4935 2476 4990 ἐναντία
2513 4934 2783 5006 ἀλλήλοις,
2817 4931 3165 5001 δικαιοσύνην
3212 4932 3306 4986 καὶ
3344 4933 3580 4997 ἀδικίαν,
3621 4949 3838 5001 σωφρο-

2260 5025 2428 5096 σύνην
2448 5025 2544 5079 καὶ
2570 5023 2888 5088 ἀκολασίαν,
2911 5021 3193 5075 εὐσέϐειαν
3225 5022 3317 5075 καὶ
3354 5023 3630 5076 ἀσέϐειαν.
3688 5025 3841 5076 Κατ-

2258 5115 2602 5184 ηχούμενος
2624 5113 2694 5167 ἐκ
2728 5113 2837 5168 τοῦ
2883 5113 3093 5182 νόμου.
3128 5113 3347 5168 Τούτων
3378 5113 3487 5186 γάρ
3520 5130 3602 5167 σοι
3632 5113 3839 5176 ἐκεῖνος

2257 5203 2574 5268 διδάσκαλος
2600 5205 2912 5272 γεγένηται.

2330 5295 2416 5359 ιϐ’,
2451 5302 2520 5350 κ’.
2580 5292 2873 5361 Πέποιθάς
2909 5311 2975 5348 τε
3005 5293 3268 5349 σεαυτόν
3310 5295 3533 5365 ὁδηγὸν
3563 5290 3717 5350 εἶναι
3744 5310 3840 5349 τυ-

1840 5548 2079 5604 νΛῐῖΙιἘ
2123 5548 2526 5604 LECTIONES.
3624 5550 3652 5577 ‘

638 5674 684 5705 ’³
720 5670 914 5725 Totum
947 5666 1077 5721 illud
1112 5685 1124 5720 :
1161 5668 1265 5721 Ἴδε
1306 5667 1393 5729 σὺ,
1434 5686 1487 5721 κ.
1519 5687 1567 5721 τ.
1592 5668 1667 5730 λ.,
1699 5668 1764 5721 ad
1800 5682 1943 5720 vers.
1979 5665 2072 5727 9.5,
2100 5679 2194 5733 per
2222 5664 2703 5734 interrogationem
2740 5665 2868 5718 olim
2907 5665 3125 5720 codices
3171 5663 3359 5734 aliqui,
3401 5669 3553 5734 teste
3583 5660 3840 5734 Theodo-

570 5754 688 5795 rcto
737 5745 788 5795 in
823 5741 1026 5796 Ca'eua
1061 5756 1195 5794 msc.
1231 5738 1285 5791 in
1324 5739 1496 5801 Epist.
1535 5740 1601 5791 ad
1655 5738 1829 5790 Rom;
1864 5737 1919 5789 in
1954 5732 2460 5796 li:bl.illodlci:tna,
2495 5735 2585 5802 qui
2631 5744 2813 5788 tamen
2852 5736 2965 5802 ipse
3011 5732 3302 5790 lectionem
3345 5735 3504 5787 istam
3542 5732 3836 5802 improbat.

573 5812 647 5865 Ita
682 5814 840 5868 Joau.
882 5812 1082 5865 Minius
1119 5812 1184 5864 ad
1236 5810 1295 5862 Ν.
1334 5808 1399 5861 Τ.
1442 5811 1495 5862 in
1548 5809 1695 5862 bone
1745 5805 1894 5858 Pauli
1949 5806 2151 5858 locum.
2186 5803 2293 5858 Sed
2349 5820 2541 5860 vereor
2590 5820 2658 5860 ne
2703 5801 3018 5861 obseruatio
3061 5805 3181 5860 cod.
3242 5803 3524 5858 Bodleiaui
3565 5801 3836 5859 Theodori

572 5882 872 5957 Mopsuest.
904 5883 992 5948 sit,
1026 5890 1120 5936 aut
1170 5880 1308 5934 alius
1340 5879 1538 5933 sisnilis
1570 5876 1907 5933 Theodoreti
1945 5875 2205 5929 numinis.
