4124 6384
250 392 316 459 ’Π
1135 374 1752 454 INTERPRETATIO
1790 390 2030 481 EP‘IST.
2071 394 2173 453 AD
2209 393 2392 453 non.
2434 392 2591 454 cae.
2635 392 2717 454 II.
3491 390 3563 459 7t

249 498 433 571 φλῶν,
462 498 597 567 φῶς
631 497 761 552 τῶν
800 500 883 554 ἐν
912 502 1146 567 σκότει,
1194 501 1531 569 παιδευτὴν
1573 502 1873 571 ἀφρόνων,

1981 518 2264 568 arearum,
2298 503 2472 557 lumen
2504 518 2687 557 eorum
2733 502 2825 573 qui
2882 503 2937 557 in
2970 501 3199 558 tenebris
3261 510 3409 569 sunt,
3438 517 3564 556 eru—

250 592 629 648 διδὰσκανὶον
670 592 948 655 νηπίων.
994 592 1266 647 Ἐνταῦθα
1319 594 1380 648 τὸ
1426 594 1630 664 ὑψηλὸν
1691 593 1870 649 αὐτῶν

252 684 489 749 ἒπέδειξε
542 684 842 755 φρόνημα,
897 686 997 737 καὶ
1047 684 1369 755 ἐγύμνωσεν
1420 686 1487 757 ἢν
1534 683 1679 755 εἶχον
1731 684 1874 738 κατὰ

254 774 355 829 τῶν
406 772 791 845 προσηλύτων
830 773 1034 843 ὀφρύν.
1092 776 1349 844 Ἔχοντα
1402 774 1519 843 τὴν
1556 777 1874 846 μόρφωσιν

255 867 357 935 τῆς
380 864 699 937 γνώσεως,
726 866 834 919 καὶ
870 864 984 934 τῆς
1004 866 1292 945 ἀληθείας
1319 868 1390 922 ἐν
1416 869 1494 934 τῷ
1523 870 1705 938 νόμῳ.
1737 866 1872 922 Τού-

258 977 356 1012 των
379 959 495 1029 γάρ
524 975 615 1011 σοι
644 956 881 1011 πάντων
920 958 1052 1022 τοὺς
1084 959 1445 1030 χαρακτῆρας
1473 961 1501 1013 6
1531 959 1673 1024 θεῖος
1705 977 1873 1032 προσ-

259 1052 409 1120 έφερε
440 1050 642 1120 νόμος.

317 1141 548 1212 inf-mf.
605 1144 675 1198 ὀ
709 1140 832 1200 οὖν
868 1142 1182 1197 διδάσκων
1215 1142 1443 1211 ἕτερον,
1477 1141 1742 1199 σεαυτὸν
1800 1146 1872 1200 οὐ

256 1235 611 1303 dimicuisse;
646 1240 684 1291 ὁ
710 1238 1051 1305 κηρύσσων
1087 1236 1177 1307 μὴ
1219 1237 1523 1304 κλέπτειν,
1556 1238 1873 1304 edentem;

255 1330 289 1382 ὁ
317 1327 521 1397 λέγων
570 1328 667 1398 μὴ
716 1330 1054 1403 μοιχεύειν,
1102 1330 1407 1399 μοιχεύεις
1421 1330 1872 1396 ;ὀβδελυσσό-

250 1435 436 1488 μενος
463 1417 545 1471 τὰ
569 1417 808 1473 εἴδωλα
851 1417 1230 1487 ίεροσῡλεῖω
1268 1418 1336 1487 ὃς
1395 1421 1466 1475 ἐν
1513 1420 1676 1491 νόμῳ
1725 1440 1873 1477 καυ-

254 1506 471 1576 χᾶσαι,
516 1510 626 1563 διὰ
668 1508 786 1578 τῆς
814 1509 1211 1578 παραϐάσεως
1244 1510 1353 1565 τοῦ
1378 1510 1567 1580 νόμου
1588 1512 1696 1565 τὸν
1725 1511 1876 1566 Θεὸν

250 1598 596 1671 ἀτιμάζειςς
627 1600 882 1667 Ἕδειξεν
903 1600 1068 1654 αὑτὸν
1096 1600 1352 1673 οὐδεμίαν
1379 1603 1443 1656 ἐκ
1471 1601 1572 1673 τῆς
1594 1600 1684 1656 τοῦ
1707 1601 1873 1672 νόμου

256 1690 460 1755 θέσεως
494 1691 787 1759 ὠφέλειαν
841 1690 1178 1762 δεξάμενον,
1233 1690 1370 1745 ἀλλὰ
1424 1693 1539 1757 τοῖς
1585 1693 1874 1771 γρέιμμασι

260 1783 443 1855 μόνοις
488 1783 978 1855 ἐναϐρυνόμενον
1021 1783 1118 1836 καὶ
1170 1782 1447 1837 διδάσκειν
1498 1783 1600 1854 μὲν
1653 1784 1877 1855 ἑτέρους

258 1876 639 1947 πιρώμενον,
673 1874 1184 1946 ἁντιφθεγγόμενον
1221 1874 1276 1929 δὲ
1300 1875 1390 1929 διὰ
1410 1874 1521 1929 τῶν
1557 1874 1735 1947 ἔργων
1763 1877 1877 1941 τοῖς

257 1969 474 2036 λόγοις,
509 1969 617 2021 καὶ
662 1967 850 2040 μάτην
894 1968 988 2021 ἐπὶ
1025 1968 1106 2040 τῷ
1136 1969 1287 2040 νόμῳ
1328 1965 1872 2041 μγαλαυχοῦμενον.

256 2061 456 2132 τίθησι
501 2060 566 2115 δὲ
624 2061 726 2115 καὶ
771 2061 1084 2134 μαρτυρίαν
1131 2064 1213 2127 είς
1252 2062 1351 2134 τὴν
1403 2063 1502 2135 τῆς
1537 2046 1875 2136 κατηγορίας

260 2149 585 2221 βεϐαίωσιν.

324 2242 425 2296 κδ’.
474 2241 551 2297 Τὸ
585 2241 708 2311 τὰρ
741 2240 936 2312 ὄνομα
966 2242 1073 2298 τοῦ
1117 2243 1265 2300 Θεσῦ
1295 2244 1371 2298 δι’
1408 2242 1567 2316 ὑμᾶς
1586 2246 1876 2318 ,βλασφη-

252 2335 447 2406 μεῖται
492 2335 570 2389 ὲν
602 2334 736 2402 τοῖς
773 2334 1002 2403 ἔθνεσι,
1035 2334 1233 2403 καθὼς
1264 2336 1609 2408 γέγραπται.
1649 2341 1723 2394 Οὐ
1763 2340 1873 2411 γὰρ

263 2427 419 2498 μόνον
479 2426 808 2495 δοξολογίας
864 2426 1041 2493 αἴτιος
1062 2427 1110 2460 ⁸⁸
1162 2430 1224 2482 οὐ
1272 2431 1571 2504 γεγένησαι
1601 2433 1680 2505 τῷ
1727 2434 1869 2506 Θεῷ,

259 2518 390 2572 ἀλλά
420 2518 527 2571 καὶ
561 2519 652 2581 είς
688 2517 1050 2591 βλασφημίαν
1083 2518 1286 2584 πολλὰς
1320 2521 1581 2593 ὲκίνησας
1599 2522 1868 2593 γλώττας.

269 2610 543 2682 Ὁρῶντες
570 2611 690 2682 γάρ
724 2627 823 2664 σου
857 2611 949 2664 τὸν
972 2609 1295 2683 παράνομον
1328 2612 1444 2682 βίον
1463 2653 1479 2679 ,
1531 2615 1622 2669 τὸν
1649 2614 1873 2683 ἐκλεξὰ-

261 2702 420 2773 μενόν
456 2718 523 2755 σε
564 2702 875 2773 προφανῶς
908 2702 1301 2776 ἐϐλασφήμουν
1327 2705 1481 2759 θεὸν.
1514 2704 1671 2761 Οὕτω
1693 2707 1871 2775 δείξας

256 2793 444 2862 ὕνησιν
479 2794 698 2858 αὐτοὺς
728 2795 796 2847 ἐκ
830 2793 931 2866 τῆς
954 2795 1263 2866 Μωσαῖκῆς
1291 2797 1617 2866 νομοθεσίας
1638 2801 1700 2856 οὐ
1727 2801 1873 2867 δεξα-

260 2884 478 2956 μένους,
506 2888 593 2950 είς
618 2885 724 2958 τὴν
753 2886 1063 2959 περιτομὴν
1092 2888 1395 2960 μεταφέρει
1423 2886 1515 2945 τὸν
1542 2891 1702 2963 λόγον
1723 2910 1739 2926 ⁸
1776 2893 1872 2949 καὶ

254 2974 499 3031 δείκνυσι
547 2977 651 3031 καὶ
700 2976 914 3048 ταῦτην
963 2978 1225 3051 ἀνόνητον
1247 2979 1314 3051 ³⁷,
1350 2982 1481 3038 ὅταν
1533 2983 1642 3039 τῶν
1694 2985 1872 3041 ἄλλων

255 3068 437 3144 ἔργω
462 3070 711 3142 ἄμοιρος
740 3064 801 3143 il-

321 3256 425 3304 κε’.
486 3250 804 3321 Περιτομὴ
857 3250 979 3321 μὲν
1038 3252 1152 3325 γὰρ
1210 3254 1453 3326 ὠφελεῖ,
1517 3259 1629 3315 ἐὰν
1686 3263 1876 3332 νόμον

256 3341 586 3411 ιράσσῃς·
619 3343 737 3397 ἐὰν
764 3342 836 3397 δὲ
872 3345 1225 3416 παραϐάτης
1266 3350 1458 3421 νόμου
1500 3347 1599 3424 ᾖς,
1641 3357 1680 3424 ἠ
1712 3372 1875 3424 περι-

255 3430 402 3500 τομή
431 3445 562 3487 σου
602 3430 991 3501 ἀκροϐυστία
1032 3436 1262 3506 γέγονε.
1299 3440 1427 3506 Τοῖς
1462 3449 1823 3516 προφητικοῖς
1846 3446 1875 3499 6

261 3522 396 3587 θεῖος
460 3524 815 3588 Ἀπόστολος
866 3526 1212 3600 ἠκολούθησε
1267 3530 1468 3601 λόγοις.
1525 3535 1583 3588 Ὀ
1617 3536 1728 3609 γὰρ
1764 3538 1875 3593 τῶν

268 3615 393 3669 ὅλων
435 3616 580 3680 Θεὸς
631 3617 728 3671 διὰ
775 3618 1049 3690 Ἱερεμίου
1102 3622 1197 3676 τοῦ
1228 3627 1512 3697 προφήτου
1557 3628 1744 3698 φησιν,
1792 3631 1875 3685 ὅτι

280 3725 299 3759 ι
328 3707 505 3763 Diana.
530 3708 605 3761 τὰ
630 3709 768 3782 ἔθνη
784 3712 1141 3784 ἀπερίτμητα
1164 3716 1345 3786 σαρκί·
1370 3717 1398 3768 6
1416 3716 1471 3771 δὲ
1495 3713 1643 3783 οἶκος
1659 3719 1876 3793 Ἰσραὴλ

270 3798 638 3872 ἀπερίτμητοι
662 3801 921 3872 καρδίαις
941 3804 1143 3859 αὐτῶν.
1164 3823 1183 3857 ι
1219 3807 1328 3861 Καὶ
1350 3809 1533 3863 πάλιν·
1555 3830 1573 3863 ι
1593 3812 1874 3885 Περιτμή-

263 3887 383 3961 θητε
413 3890 499 3961 τῷ
530 3890 684 3962 Θεῷ.
716 3909 736 3942 ›
787 3893 901 3947 Καὶ
928 3893 1146 3960 δεικνὺς
1189 3896 1351 3952 ποίαν
1386 3898 1536 3970 λέγει
1567 3903 1873 3975 περιτομὴν

262 3980 614 4052 ὰρέσκουσαν
646 3981 730 4052 τῷ
761 3982 904 4054 Θεῷ,
946 3985 1228 4058 ἐπήγαγε·
1267 4008 1286 4042 ι
1334 3991 1445 4045 Καὶ
1477 3993 1875 4064 περιτέμνεσοε

258 4073 355 4145 τὴν
386 4073 779 4145 ἀκροὸυστίαν
814 4076 915 4147 τῆς
953 4078 1186 4147 καρδίας
1217 4081 1373 4151 ὑμῶν
1402 4082 1504 4155 τὴν
1547 4084 1812 4157 σκληράν.
1847 4103 1868 4138 ι

270 4161 561 4217 Ἐντεῦθεν
590 4164 932 4237 ὁρμώμενος
958 4170 988 4221 6
1022 4167 1165 4235 θεῖος
1208 4170 1568 4240 Ἀπόστολος,
1613 4176 1875 4249 περιττὴν

258 4252 427 4320 ἔδειξε
450 4254 555 4326 τὴν
585 4257 927 4329 περιτομὴν,
963 4260 1062 4331 τῆς
1092 4259 1236 4316 κατὰ
1257 4262 1436 4335 ψυχὴν
1466 4266 1566 4338 οὐχ
1597 4266 1877 4340 ὑπαρχού-

259 4362 360 4418 σης
376 4349 724 4419 περιτομῆς.
746 4351 827 4402 Δι’
844 4352 1063 4422 ἐκείνην
1092 4355 1201 4426 γὰρ
1217 4355 1353 4429 αὕτη
1371 4358 1601 4414 δέδοται.
1619 4361 1744 4416 Ἐὰν
1765 4361 1875 4434 γὰρ

259 4437 447 4525 ἐκείνη
478 4439 561 4509 μὴ
580 4442 792 4511 προσῇ,
811 4441 963 4496 οὐδὲν
988 4444 1097 4498 ἀπὸ
1111 4445 1317 4519 ταύτης
1331 4449 1546 4518 ὄφελος·
1574 4451 1748 4523 μόνης
1766 4452 1874 4525 γὰρ

1976 595 2204 648 ditorem
2258 595 2645 662 insipientium,
2710 594 3022 664 magistrum
3087 592 3399 663 infantium.
3464 592 3566 648 llic

1974 686 2219 740 ostendit
2268 687 2447 741 elatos
2483 693 2539 740 et
2588 693 2913 755 arrogantes
2969 701 3161 742 eorum
3219 686 3470 751 animos,
3512 694 3568 739 et

1975 775 2194 844 aperuit
2233 774 2511 845 quodnam
2545 782 2694 828 esset
2742 789 2937 829 eorum.
2968 774 3077 846 35.
3096 773 3366 829 adversus
3402 788 3568 842 pros~

1974 868 2149 938 elytos
2196 867 2579 937 supercilium.
2615 865 2906 921 [labentem
2946 867 3177 937 formam
3212 864 3448 918 setentiw
3470 903 3485 926 ,
3517 874 3567 918 et

1975 959 2211 1012 ueritatis
2250 959 2309 1012 iu
2354 961 2482 1030 lege.
2520 959 2722 1014 Eorum
2757 958 2902 1013 enim
2934 959 3179 1013 omnium
3217 956 3568 1011 characteres

1978 1050 2077 1105 tihi
2114 1050 2299 1106 divina
2336 1052 2422 1106 lex
2458 1052 2664 1105 attulit.

2047 1140 2221 1197 Vens.
2248 1140 2440 1198 21—25.
2490 1138 2595 1208 Qui
2631 1158 2753 1212 ergo
2798 1142 2959 1194 alium
2989 1139 3162 1205 doces,
3189 1143 3413 1223 teipsun}
3461 1160 3567 1197 non

1975 1237 2173 1293 doces?
2203 1239 2297 1309 qui
2350 1239 2615 1308 prwdicas
2665 1254 2768 1292 non
2821 1237 3135 1307 furandum,
3183 1239 3431 1307 furoris?
3462 1240 3569 1305 Qui

1975 1329 2113 1384 dicis
2153 1347 2256 1383 non
2300 1329 2688 1394 niteo/tandum,
2730 1330 3052 1385 uttecharis?
3090 1331 3186 1400 qui
3231 1330 3565 1385 abominaris

1976 1420 2146 1485 idola,
2179 1423 2518 1493 sacrilegium
2555 1422 2885 1477 committis?
2918 1410 3023 1488 Qui
3060 1422 3116 1474 in
3149 1420 3260 1492 iege
3290 1422 3566 1490 gloriaris,

1975 1528 2067 1580 per
2098 1513 2228 1584 legis
2273 1513 2766 1582 praevaricationem
2801 1513 2970 1567 Deum
3010 1512 3340 1569 inhonorus?
3368 1511 3570 1569 Osten-

1976 1603 2057 1659 dit
2098 1619 2222 1660 eum
2255 1605 2464 1659 nullam
2498 1620 2563 1660 ex
2605 1604 2732 1659 data
2770 1605 2882 1661 sibi
2914 1606 3032 1677 lege
3081 1606 3378 1662 utilitatem
3411 1622 3572 1661 accc-

1977 1697 2146 1766 pisse,
2170 1696 2267 1754 sed
2289 1707 2502 1753 tantum
2537 1708 2764 1768 propter
2793 1698 3002 1768 scripta
3031 1699 3260 1769 gloriari
3296 1718 3309 1754 :
3338 1708 3393 1755 et
3421 1699 3563 1755 alios

1979 1787 2200 1857 quidem
2250 1789 2441 1843 conari
2487 1787 2707 1850 docere,
2764 1786 2929 1843 iactis
2981 1800 3164 1843 autem
3213 1790 3398 1845 verbis
3449 1790 3569 1846 suis

1972 1879 2385 1943 contradicere,
2413 1886 2468 1934 et
2509 1878 2720 1935 frustra
2770 1879 2828 1934 in
2878 1878 2997 1949 lege
3032 1881 3345 1950 superbire.
3392 1881 3571 1935 Atl‘ert

1977 1977 2167 2026 autem
2201 1971 2369 2026 etiam
2410 1970 2792 2027 testimonium
2842 1969 2910 2026 ad
2944 1972 3325 2029 accusationis
3358 1972 3567 2029 conﬁr-

1976 2062 2301 2119 mationem.

2046 2232 2215 2293 Vens.
2253 2236 2343 2293 24.
2372 2232 2583 2292 Nomen
2613 2238 2755 2293 enim
2787 2236 2887 2293 Dei
2921 2254 3014 2309 per
3044 2254 3133 2295 vos
3165 2238 3566 2310 blasphematur

1978 2328 2116 2383 inter
2166 2338 2366 2400 gentes,
2394 2330 2531 2385 sicut
2581 2330 2837 2398 scriptum
2886 2340 2991 2385 est.
3019 2328 3141 2384 Non
3192 2330 3369 2386 solum
3416 2332 3567 2386 enim

1973 2435 2200 2475 causam
2252 2436 2359 2476 non
2410 2420 2610 2476 dedisti
2670 2430 2731 2476 ut
2786 2421 2934 2478 Deus
2992 2422 3566 2493 gloriﬁcaretur,sed

1973 2511 2273 2566 multorum
2308 2513 2472 2568 etiam
2511 2512 2729 2583 linguas
2755 2512 2823 2568 ad
2856 2512 3153 2568 maledicta
3188 2514 3565 2569 commovisti.

1972 2603 2111 2660 Cum
2153 2612 2303 2659 tuam
2334 2606 2482 2660 enim
2520 2607 2844 2661 sceleratam
2890 2613 2949 2662 et
2990 2606 3238 2677 iniquam
3268 2607 3439 2662 vitam
3479 2608 3567 2663 vi-

1973 2697 2192 2763 derent,
2224 2697 2395 2753 Deum
2439 2699 2533 2769 qui
2579 2706 2633 2753 te
2675 2699 2842 2770 eli-git
2880 2698 3244 2769 blasphemiis
3292 2707 3349 2756 et
3396 2701 3567 2755 male-

1974 2786 2139 2844 dictis
2173 2796 2360 2859 aperte
2392 2787 2766 2843 incessebant.
2797 2788 3098 2859 Postquam
3142 2799 3327 2846 autem
3359 2796 3457 2848 eus
3489 2793 3566 2847 ita

1973 2878 2218 2934 ostendit
2266 2876 2404 2932 nihil
2449 2892 2517 2932 ex
2570 2877 2689 2948 lege
2718 2877 2960 2934 Mosaica
3014 2879 3272 2937 utilitatis
3324 2883 3565 2954 cepisse,
3626 2908 3635 2913 -

1973 2970 2239 3026 transfert
2272 2970 2580 3025 orationem
2615 2970 2685 3025 ad
2709 2971 3216 3038 circumcisionem,
3238 2981 3294 3030 et
3322 2976 3566 3032 ostendit

1972 3078 2093 3120 eam
2129 3080 2350 3135 quoque
2392 3079 2515 3120 esse
2554 3063 2830 3133 inutilem,
2871 3066 3097 3138 quando
3130 3066 3295 3125 fuerit
3327 3070 3567 3126 aliorum

1976 3170 2205 3226 operum
2237 3171 2456 3226 expers.

2050 3244 2217 3302 Vsus.
2266 3246 2359 3301 25.
2409 3242 2759 3302 Circumcisio
2817 3249 2958 3304 enim
3005 3251 3256 3320 prodest,
3296 3255 3344 3310 si
3398 3255 3566 3327 legem

1977 3354 2147 3393 serves
2169 3354 2190 3404 ;
2214 3337 2300 3393 sin
2332 3346 2510 3392 autem
2544 3339 2619 3394 sis
2644 3341 3030 3408 prwvaricator
3053 3342 3207 3415 legis,
3232 3346 3566 3403 circumcisio

1980 3440 2073 3485 tua
2107 3432 2430 3500 prmputium
2466 3431 2615 3501 facta
2658 3442 2756 3487 est.
2809 3432 3043 3492 Divinus
3074 3438 3378 3509 Apostolus
3415 3441 3566 3495 dicta

1978 3522 2299 3593 prophetica
2339 3529 2568 3580 secutus
2610 3534 2716 3580 est.
2752 3523 3154 3584 Universorum
3209 3531 3356 3586 enim
3418 3531 3564 3589 Deus

1977 3614 2112 3669 dicit
2160 3630 2256 3684 per
2308 3612 2604 3670 Jeremiam
2643 3617 2972 3687 prophetam
3011 3637 3025 3675 :
3070 3639 3088 3672 ι
3131 3620 3336 3679 Omnes
3373 3633 3566 3694 gentes

1977 3706 2387 3761 incircumcisze
2419 3722 2591 3762 carne
2628 3726 2641 3763 :
2672 3710 2691 3729 ‘
2713 3709 2912 3766 domus
2958 3720 3142 3767 autem
3195 3711 3363 3770 Israel
3398 3717 3568 3772 incir-

1976 3797 2209 3852 cmncisi
2258 3796 2527 3853 cordibus
2572 3797 2692 3853 suis
2718 3810 2768 3853 ιι.
2814 3819 2834 3851 ι
2872 3799 2939 3854 Ει
2969 3817 3209 3859 rursus:
3241 3804 3347 3876 35
3386 3825 3405 3858 ι
3440 3806 3568 3863 Cir-

1976 3887 2368 3943 cumcidamini
2416 3888 2529 3944 Deo
2576 3898 2623 3942 ν.
2691 3908 2710 3941 ι
2771 3890 2839 3944 Et
2900 3893 3202 3949 ostendens
3267 3886 3566 3966 quam‘nam

1977 3981 2127 4037 dicat
2159 3984 2648 4040 circumcisionem
2674 3984 2787 4040 Deo
2809 3986 3049 4056 placere,
3077 3989 3367 4058 subjunxit
3395 4006 3409 4043 :
3446 4010 3465 4044 ι
3497 3992 3564 4047 Et

1976 4075 2451 4131 circumcidamini
2480 4078 2810 4148 praeputium
2834 4077 3020 4135 cordis
3064 4082 3236 4136 vestri
3266 4083 3491 4138 durum.
3535 4105 3555 4138 ο

1975 4166 2110 4222 Inde
2163 4176 2446 4238 permotus
2496 4168 2722 4225 divinus
2770 4168 3071 4241 Apostolus
3138 4174 3382 4230 ostendit
3446 4160 3562 4230 cir-

1977 4256 2376 4313 cumcisionem
2437 4273 2562 4315 esse
2608 4275 3100 4330 supervacaneam,
3138 4263 3187 4319 si
3248 4280 3355 4320 non
3419 4266 3562 4323 adsit

1977 4347 2174 4403 animae
2212 4349 2588 4406 circumcisio.
2621 4348 2855 4422 Propter
2890 4352 3042 4407 illam
3093 4356 3240 4409 enim
3281 4356 3398 4413 haec
3433 4356 3566 4414 data

1976 4444 2080 4492 est.
2110 4436 2268 4504 Quod
2305 4439 2354 4495 si
2400 4439 2491 4494 illa
2525 4456 2637 4496 non
2682 4442 2848 4509 adsit,
2884 4445 3037 4499 nulla
3070 4453 3156 4501 est
3189 4446 3419 4505 alterius
3452 4450 3562 4504 uti-

258 4524 415 4590 ταξιν
466 4525 669 4595 ἐπέχει
715 4529 1033 4599 σφραγῖδος.
1076 4532 1248 4588 Ἔνθα
1273 4534 1331 4588 δὲ
1369 4536 1571 4607 χρυσὸν
1594 4524 1868 4613 ἒχομεν,ἢ

1978 4528 2125 4585 litas.
2150 4530 2338 4586 Solius
2368 4531 2514 4586 enim
2552 4533 2824 4605 signaculi
2852 4534 3032 4590 locum
3063 4537 3296 4594 obtinet.
3328 4538 3432 4596 Ubi
3459 4557 3563 4596 au-

257 4613 531 4686 ᾰργυρον,
556 4615 593 4686 ἧ
618 4614 810 4679 λίθους
834 4620 1071 4690 τιμίους,
1092 4621 1126 4693 ἢ
1144 4623 1347 4695 ἐσθῆτα
1373 4626 1666 4698 πολυτελῆ,
1688 4629 1876 4684 εἰώθα-

264 4723 366 4775 μεν
396 4708 718 4762 ἐπιτιθέναι
734 4710 807 4764 τὰ
827 4712 890 4784 σή
900 4717 1315 4787 μαντρα.”οταν
1334 4717 1393 4772 δέ
1414 4736 1478 4788 γε
1500 4720 1708 4776 τούτων
1724 4723 1874 4780 ἔνδον
1920 4760 1937 4766 ε

263 4797 440 4869 μηδὲν
465 4799 797 4869 ἀπόκειται,
831 4806 1061 4880 περιττὴ
1084 4807 1193 4862 τῶν
1226 4810 1556 4884 σημάντρων
1584 4815 1618 4884 ὴ
1650 4813 1819 4880 θέσις.

323 5070 453 5129 ις’.
511 5062 667 5117 Ἐὰν
721 5059 838 5120 οὖν
886 5067 926 5136 ἡ
977 5068 1349 5138 ἀκροϐυστία
1388 5072 1461 5131 τὰ
1509 5072 1870 5148 δικαιώματα

255 5153 369 5209 τοῦ
400 5156 611 5224 νόμου
667 5154 989 5227 φυλάσσῃ,
1034 5161 1172 5231 οὐχι
1209 5164 1249 5231 ἡ
1291 5164 1659 5234 ἀκροϐυστία
1682 5172 1870 5227 αὐτοῦ

254 5248 345 5313 εις
371 5244 729 5315 περιτομὴν
757 5247 1225 5317 λογισθήσεταις
1267 5253 1327 5308 Ὀ
1365 5255 1548 5327 νόμος,
1592 5260 1764 5331 φησὶ,
1810 5263 1871 5317 τὺ

256 5339 426 5410 ἔργον
456 5340 715 5394 ἀπαιτεῖ.
742 5338 914 5394 Ὅταν
942 5338 1034 5397 οὖν
1061 5344 1125 5398 σὺ
1151 5345 1181 5399 6
1211 5350 1683 5422 περιτετμημένος
1709 5352 1870 5408 τοῦτο

262 5430 344 5501 μὴ
377 5429 540 5503 ἔχῃς,
591 5431 623 5483 6
651 5428 714 5484 δὲ
744 5429 1084 5501 ἀκρόὸυστος
1112 5434 1234 5509 ἔχῃ,
1277 5437 1378 5491 οὐκ
1427 5438 1494 5493 ἂν
1528 5439 1754 5506 εἰκότως
1801 5443 1867 5497 σὺ

330 5592 364 5624 ι
399 5583 622 5642 Jerem.
656 5601 749 5653 ix,
779 5585 870 5641 26.
947 5595 976 5626 ν
1012 5585 1216 5647 Jerem.
1250 5605 1325 5659 tv,
1354 5592 1409 5646 4.

1982 4626 2090 4675 tem
2148 4623 2413 4679 habemus
2466 4639 2683 4692 aurum,
2732 4628 2816 4683 vel
2859 4638 3174 4700 argentum,
3204 4631 3289 4687 vel
3348 4633 3564 4705 lapides

1981 4711 2272 4780 pretiosos,
2303 4714 2386 4769 vel
2429 4723 2637 4772 vestem
2693 4726 3111 4789 sumptuosam,
3158 4722 3274 4778 illic
3316 4724 3560 4782 solemus

1980 4801 2263 4872 signacula
2311 4805 2615 4876 imponere.
2656 4807 2762 4865 Sed
2797 4813 3027 4882 quando
3059 4814 3199 4870 nihil
3247 4816 3444 4873 horum
3476 4829 3565 4875 est

1980 4892 2130 4950 intus
2192 4897 2519 4965 repositum,
2580 4911 2711 4956 tunc
2765 4913 2852 4960 est
2921 4921 3395 4977 supervacaneum
3456 4913 3563 4967 im-

1978 5002 2184 5058 ponere
2213 4988 2473 5058 sigillum.

2049 5079 2216 5137 Vens.
2248 5082 2340 5138 ‘26.
2372 5081 2434 5138 Si
2457 5101 2579 5157 ergo
2605 5091 2926 5158 praeputium
2947 5091 3193 5162 justitias
3224 5092 3355 5163 legis
3378 5102 3560 5149 custo-

1977 5173 2111 5235 diat,
2130 5189 2301 5229 nonne
2322 5179 2640 5245 prwputium
2666 5180 2819 5237 illius
2841 5185 2898 5237 in
2919 5184 3373 5239 circumcisione»:
3398 5203 3561 5256 repu-

1979 5261 2381 5329 tabitur?Lex,
2410 5266 2607 5337 inquit,
2651 5284 2793 5341 opus
2850 5272 3039 5342 exigit.
3064 5271 3121 5326 Si
3180 5285 3239 5329 tu
3284 5290 3415 5347 ergo
3462 5279 3558 5347 qui

1976 5367 2037 5409 es
2110 5353 2510 5421 circumcisus,
2574 5358 2679 5414 hoc
2751 5375 2862 5415 non
2929 5362 3168 5431 habeas,
3235 5365 3330 5436 qui
3393 5366 3560 5423 habet

1977 5452 2159 5500 autem
2220 5448 2549 5520 praeputium
2591 5452 2696 5507 hoc
2757 5451 2980 5523 habent,
3038 5469 3106 5511 an
3149 5472 3261 5513 non
3310 5457 3434 5528 jure
3496 5466 3557 5515 tu

1601 5722 1838 5808 νᾹιιιΑι
1867 5750 2273 5813 LECTIONES.

336 5838 383 5872 ⁸·
414 5838 528 5895 αττ.
565 5836 728 5894 deest
762 5837 817 5893 in
850 5836 982 5919 Baﬁv.
1060 5838 1105 5871 ’⁷
1143 5835 1220 5893 lta
1255 5839 1384 5896 Bav.
1420 5843 1591 5909 bene;
1633 5854 1818 5903 textus
1855 5846 2132 5906 Sirmondi
2164 5851 2395 5909 habebat
2426 5853 2675 5926 ἀνόητον.

638 5912 933 5997 Panos.
961 5934 1078 5996 Gn.
1111 5933 1400 5997 LXXXII.
