4124 6390
301 446 374 508 ’Π
1183 445 1797 508 INTERPRETATIO
1830 444 2066 504 EPlS'l‘.
2108 446 2208 505 AD
2247 447 2426 507 non.
2470 450 2626 510 CAP.
2670 452 2781 513 III.
3511 466 3584 527 73

304 573 448 619 οεως
496 556 826 627 ἐσχηκότων
859 556 1176 625 διάγνωσιν,
1214 558 1438 622 τούτους
1468 559 1651 613 λαϐεῖν
1682 560 1775 613 καὶ
1816 557 1901 611 τοῦ

2013 572 2074 611 ev
2120 571 2314 613 natura
2364 571 2447 616 est
2488 562 2857 633 cognitionem
2910 564 3199 632 haberent,
3244 583 3340 625 eos
3408 572 3581 645 legem

303 648 475 717 νόμου
506 646 608 718 τὴν
638 647 825 702 οέσιν.

373 744 447 806 γ’.
487 739 553 791 Τί
581 738 695 809 γὰρ
719 742 775 794 ει
806 741 1170 809 ἠπίστησάν
1211 759 1407 808 τινες;
1445 741 1531 810 μὴ
1576 741 1615 809 ἡ
1662 741 1911 795 ἀπιστία

306 828 507 883 αὐτῶν
557 831 681 898 τὴν
729 834 951 888 πίστιν
997 835 1105 889 τοῦ
1163 833 1314 888 Θεοῦ
1367 831 1767 901 καταργιξσειῖ
1813 832 1909 898 Μὴ

310 920 565 992 γένοιτο.
608 923 791 994 ’ῌδει,
832 927 1023 995 φησιν,
1055 925 1259 978 ἄνωθεν
1280 927 1308 978 ὁ
1328 925 1436 979 τῶν
1469 925 1606 978 ὅλων
1634 924 1787 987 Θεὸς,
1818 923 1912 977 καὶ

308 1016 431 1075 τοὺς
466 1013 730 1081 φύλακας
770 1016 1072 1086 ἐσομένους
1101 1016 1193 1069 τοῦ
1229 1017 1419 1086 νόμου,
1456 1016 1548 1069 καὶ
1576 1017 1701 1079 τοὺς
1720 1014 1911 1068 τοῦτον

308 1101 743 1171 παραϐήσεσθαι
795 1104 1130 1174 μέλλοντας·
1180 1104 1431 1175 οὐδαμῶς
1484 1104 1665 1157 τοίνυν
1699 1104 1748 1156 οἱ
1781 1105 1911 1157 ἀπι-

307 1195 616 1263 στήσαντες
649 1193 1002 1264 ἐλυμήναντο
1054 1194 1153 1257 τὰς
1204 1195 1359 1258 θείας
1398 1194 1739 1265 εὐεργεσίας.
1788 1194 1910 1247 Κᾶν

306 1284 415 1354 γὰρ
447 1283 703 1347 ἅπαντες
738 1287 788 1338 οἱ
824 1284 1108 1356 ἄνθρωποι
1144 1287 1272 1357 περὶ
1302 1286 1466 1339 αὐτὸν
1493 1285 1780 1357 ἀχάριστοι
1813 1286 1907 1354 γέ-

306 1392 528 1441 νωνται,
564 1377 671 1429 οὐκ
701 1375 1005 1431 ἐλαττώσει
1038 1376 1134 1431 τοῦ
1167 1377 1303 1430 Θεοῦ
1334 1378 1433 1448 τὴν
1461 1377 1617 1443 δόξαν
1645 1379 1677 1446 ἡ
1703 1377 1909 1429 τούτων

302 1467 631 1537 ἀχαριστία.
670 1466 850 1521 Τοῦτο
886 1469 996 1539 γὰρ
1049 1468 1140 1522 διὰ
1191 1468 1303 1522 τῶν
1354 1471 1712 1540 ἐπαγομένων
1749 1469 1908 1539 δεδή-

304 1558 474 1611 λωκε.

370 1649 436 1704 δ’.
470 1649 759 1706 Γινέσοω
784 1650 857 1704 δὲ
883 1654 919 1705 ό
948 1651 1093 1720 Θεὸς
1122 1652 1356 1722 ἀληθής
1379 1670 1393 1685 ·
1440 1652 1557 1720 πᾶς
1585 1653 1654 1707 δὲ
1682 1653 1906 1722 ἅνθρω-

305 1753 419 1807 πος
446 1742 759 1809 ψεύστης.
790 1726 985 1812 Δῶμεν
1024 1743 1157 1815 γὰρ,
1201 1745 1361 1815 φησὶ,
1390 1744 1469 1816 τῷ
1497 1745 1662 1815 λόγῳ,
1702 1745 1908 1816 μηδένα

306 1832 411 1885 τῶν
461 1832 789 1903 ἀνθρώπων
837 1835 938 1905 τὴν
973 1838 1362 1908 προσήκουσαν
1413 1836 1562 1907 αὐτῷ
1601 1837 1907 1906 δοξολογίαν

306 1925 674 1996 προσφέρειν,
708 1925 851 1979 ἀλλὰ
896 1925 1110 1991 πάντας
1152 1928 1478 1999 ἀχαριστίαν
1509 1933 1688 1981 νοσεῖν
1724 1928 1908 1999 (τοῦτο

303 2016 413 2089 γὰρ
458 2017 617 2087 λέγει
636 2033 650 2047 ’
678 2017 807 2081 Πᾶς
835 2018 906 2073 δὲ
940 2020 1253 2088 ἄνθρωπος
1284 2022 1600 2095 emicem)-
1631 2024 1790 2077 ποίαν
1820 2026 1908 2078 ὲν-

303 2108 501 2161 τεῦθεν
530 2109 772 2176 μείωσιν
802 2111 836 2180 ἡ
880 2110 977 2164 τοῦ
1008 2111 1145 2166 Θεοῦ
1182 2113 1393 2178 δέξεται
1418 2114 1580 2180 δόξας
1612 2114 1782 2169 Τοῦτο
1815 2118 1909 2170 καὶ

304 2197 835 2267 ἀλλαχοῦτέθεικεν
854 2200 884 2251 ὁ
915 2201 1191 2272 μακάριος
1219 2203 1451 2267 Παῦλος.
1498 2225 1516 2256 ι
1556 2205 1620 2258 Εἰ
1650 2206 1909 2259 ἀπιστοῦ-

305 2307 407 2361 μεν
435 2291 574 2361 γὰρ,
609 2293 805 2362 φησὶν,
856 2294 1065 2358 ἐκεῖνος
1114 2294 1306 2360 πιστὸς
1350 2296 1530 2367 μένει·
1563 2298 1906 2373 ἀρνήσασθαι

301 2383 412 2454 γὰρ
436 2383 642 2436 ἑαυτὸν
690 2384 754 2437 οὐ
788 2383 1037 2438 δύναται.
1083 2404 1102 2438 ι
1143 2386 1405 2441 Ἐνταῦθα
1432 2388 1489 2442 δὲ
1524 2390 1616 2442 καὶ
1654 2390 1902 2461 Γραφικῇ

306 2474 578 2545 κέχρηται
629 2475 952 2547 μαρτυρία·
994 2476 1272 2546 Καθάπερ
1302 2478 1623 2549 γέγραπται
1645 2497 1660 2510 ⁸
1706 2482 1907 2548 ’Ὅπως

304 2563 378 2618 ὼ·
416 2561 753 2632 δικαιωθῇς
783 2564 855 2617 ἐν
891 2563 1018 2630 τοῖς
1058 2567 1260 2634 λόγοις
1305 2582 1461 2630 σου,
1511 2569 1612 2622 καὶ
1645 2568 1907 2638 νικήσῃς

302 2656 369 2707 ἐν
392 2655 475 2721 τῷ
505 2656 833 2724 κρίνεσθαι
868 2672 963 2711 σε.
1013 2657 1088 2709 Τὸ
1117 2657 1175 2710 δὲ
1207 2657 1366 2724 ὅπως
1398 2659 1498 2712 οὐκ
1544 2661 1906 2730 αἰτιολογικόν

304 2752 452 2802 ἐστιν
490 2747 763 2812 ἐνταῦθα,
795 2748 934 2802 ἀλλὰ
960 2751 1061 2818 τῆς
1092 2750 1369 2816 ἐκϐάσεως
1404 2752 1722 2823 δηλωτικόν.
1769 2754 1906 2808 Οὐδὲ

303 2838 408 2909 γὰρ
443 2840 647 2893 τούτου
681 2839 848 2910 χάριν
889 2841 1302 2912 ἁμαρτάνομεν,
1344 2843 1433 2896 ἵνα
1475 2844 1571 2898 τοῦ
1619 2844 1755 2898 Θεοῦ
1805 2847 1906 2917 τὴν

301 2930 725 3003 φιλανθρωπίαν
758 2931 1056 3002 δείξωμενο
1110 2934 1227 2987 ἀλλ’
1264 2935 1427 2999 αὐτὸς
1470 2937 1568 3006 μὲν
1596 2937 1708 2991 τῶν
1751 2939 1905 3009 εὐερ-

299 3025 500 3091 γεσιῶν
531 3026 771 3096 χορηγεῖ
810 3024 910 3089 τὰς
945 3024 1154 3095 πηγὰς,
1181 3027 1461 3099 σωτηρίαν
1512 3033 1904 3102 πραγματευό-

300 3132 464 3185 μενος
506 3115 728 3169 ἅπασιν
748 3132 763 3145 ·
801 3114 1144 3180 αὐτεξούσιοι
1181 3117 1238 3171 δὲ
1267 3117 1420 3183 ὄντες
1449 3123 1497 3175 οἱ
1529 3121 1830 3193 ἄνθρωποι,
1854 3125 1903 3178 οἱ

2012 664 2235 719 quoque
2268 668 2567 723 accepisse.

2085 740 2248 797 Vens.
2283 745 2334 798 5.
2384 743 2524 810 Quid
2550 746 2723 808 enim,
2757 748 2804 800 si
2852 746 3023 818 aliqui
3070 766 3175 803 non
3224 751 3584 819 crediderunt,

2012 835 2247 904 nunquid
2295 837 2642 892 incredulitas
2692 839 2907 893 illorum
2945 840 3103 910 ﬁdem
3138 840 3238 896 Dei
3269 844 3587 900 evacuabit?

2012 927 2182 980 Absit.
2212 927 2453 992 Sciebat,
2478 930 2678 1000 inquit,
2708 931 2852 986 Deus
2881 932 2994 1002 jam
3035 934 3105 988 ab
3136 935 3312 998 initio,
3356 937 3582 1005 quinam

2014 1018 2184 1088 legem
2226 1028 2412 1075 essent
2465 1023 2761 1088 servaturi,
2790 1031 2844 1078 et
2872 1025 3097 1094 quinam
3150 1027 3581 1098 transgressuri.

2011 1107 2196 1179 Itaque
2251 1113 2344 1180 qui
2399 1128 2507 1167 non
2555 1114 2931 1178 crediderunt,
2982 1132 3326 1188 nequaquam
3380 1119 3585 1174 divinis

2010 1198 2295 1256 beneﬂciis
2324 1201 2648 1258 oﬁ‘ecerunt.
2683 1205 2799 1258 Etsi
2831 1206 2977 1259 enim
3011 1221 3202 1263 omnes
3232 1208 3486 1264 homines
3529 1209 3585 1262 in

2010 1306 2135 1346 eum
2186 1293 2385 1363 ingrati
2438 1295 2670 1361 fuerint,
2712 1297 2963 1368 ingratus
3000 1314 3190 1353 eorum
3234 1300 3450 1354 animus
3486 1300 3581 1354 Dei

2009 1383 2240 1453 gloriam
2294 1401 2401 1439 non
2459 1386 2757 1443 diminuet.
2790 1387 2907 1443 Hoc
2952 1390 3097 1443 enim
3153 1405 3251 1460 per
3299 1391 3586 1461 sequentia

2009 1475 2325 1531 declaravit.

2007 1626 2044 1642 “
2082 1648 2250 1705 Vens.
2282 1651 2333 1705 4.
2360 1649 2447 1706 Sit
2463 1658 2640 1705 autem
2668 1652 2811 1707 Deus
2837 1670 3017 1720 verax,
3040 1656 3210 1710 omnis
3228 1666 3403 1711 autem
3429 1656 3584 1711 homo

2011 1740 2260 1796 mendax.
2293 1740 2676 1798 Concedamus
2724 1745 2894 1810 enim,
2938 1747 3138 1817 inquit,
3182 1750 3392 1804 nullum
3442 1749 3585 1804 inter

2013 1834 2264 1891 homines
2296 1835 2406 1890 Deo
2440 1851 2603 1906 quam
2643 1851 2742 1907 par
2788 1846 2874 1893 est
2906 1839 3136 1908 gloriam
3189 1841 3442 1906 reddere,
3483 1843 3580 1897 sed

2013 1940 2204 1979 omnes
2230 1925 2432 1996 ingrati
2467 1926 2639 1982 animi
2670 1928 2904 1984 crimine
2929 1930 3183 1987 laborare
3211 1932 3230 2001 (
3253 1932 3359 1988 hoc
3392 1937 3410 1955 ‘
3437 1936 3584 1989 enim

2013 2018 2168 2082 dicit,
2201 2017 2388 2074 Omnis
2414 2030 2590 2074 autent
2621 2021 2777 2075 homo
2809 2021 3091 2094 mendax);
3115 2025 3376 2094 quidnam
3407 2041 3473 2081 ex
3516 2041 3585 2081 eo

2011 2108 2104 2163 Dei
2176 2110 2366 2177 gloria:
2424 2111 2762 2169 decesserit?
2803 2112 2919 2169 Hoc
2979 2117 3148 2169 etiam
3200 2117 3330 2170 alibi
3401 2120 3586 2187 posuit

2008 2199 2202 2255 beatus
2254 2199 2480 2258 Paulus.
2547 2219 2566 2252 ι
2623 2200 2678 2256 Si
2731 2218 2842 2258 non
2901 2204 3199 2273 credimus,
3250 2207 3448 2278 inquit,
3493 2209 3586 2264 ille

2009 2297 2191 2345 tamen
2236 2290 2414 2346 ﬁdelis
2480 2300 2688 2348 manet.
2739 2292 2990 2364 Seipsum
3028 2297 3174 2351 enim
3223 2314 3425 2369 negare
3472 2315 3583 2356 non

2009 2389 2188 2451 potest
2217 2391 2265 2435 ι.
2309 2401 2327 2434 ι
2365 2381 2465 2437 Hic
2500 2390 2684 2438 autem
2733 2385 2896 2440 etiam
2929 2384 3228 2456 Scriptura:
3262 2391 3584 2445 testimonio

2006 2476 2184 2529 utitur
2218 2494 2229 2528 :
2274 2473 2429 2530 Sicut
2456 2477 2713 2545 scriptum
2744 2486 2823 2530 est
2848 2485 2900 2542 .V,
2940 2476 3009 2530 Ut
3034 2478 3350 2548 justiﬁceris
3389 2482 3445 2535 in
3470 2498 3575 2535 ser-

2007 2566 2263 2624 monibus,
2289 2569 2417 2631 tuis,
2449 2577 2498 2621 et
2540 2568 2718 2621 vincas
2745 2584 2863 2622 cum
2910 2568 3201 2638 judicaris.
3233 2572 3369 2627 Illud
3395 2583 3579 2629 autem

2006 2667 2065 2709 ut
2093 2671 2202 2711 non
2248 2657 2427 2711 reddit
2457 2658 2545 2710 hic
2572 2659 2861 2724 rationem,
2890 2659 2985 2715 sed
3026 2672 3280 2717 eventum
3312 2664 3576 2719 declarat.

2007 2747 2192 2818 Neque
2222 2748 2366 2802 enim
2419 2748 2541 2803 ideo
2585 2764 2903 2818 peccamus,
2950 2760 3009 2804 ut
3046 2750 3137 2806 Dei
3180 2752 3579 2810 humanitatem

2007 2839 2388 2905 ostendamus,
2418 2839 2512 2894 sed
2547 2839 2666 2909 ipse
2700 2840 2921 2908 quidem
2973 2842 3363 2898 beneﬁciorum
3401 2843 3583 2900 fontes

2007 2930 2358 2999 suppeditat,
2414 2930 2525 3001 38
2587 2931 2818 2986 salutem
2878 2948 3186 3002 procurans
3263 2937 3578 2993 omnibus:

2008 3020 2260 3077 homines
2290 3028 2496 3086 autem,
2544 3037 2666 3077 cum
2700 3022 2812 3077 sint
2862 3024 3036 3079 libero
3068 3026 3299 3081 arbitrio
3341 3028 3578 3097 praediti,

2006 3113 2099 3165 alii
2142 3111 2235 3168 Dei
2275 3114 2486 3168 cultum
2530 3113 2856 3183 praal'erunt,
2889 3115 2983 3170 alii
3038 3118 3320 3172 contraria
3354 3119 3440 3173 via
3488 3118 3572 3173 in-

300 3208 400 3274 μὲν
423 3205 753 3276 προτιμῶσι
805 3206 908 3278 τὴν
952 3207 1048 3261 τοῦ
1096 3209 1234 3262 Θεοῦ
1282 3211 1601 3283 θεραπείαν,
1633 3216 1683 3268 οἱ
1718 3215 1776 3268 δὲ
1803 3215 1901 3287 τὴν

2005 3203 2359 3275 grediuutur,
2398 3213 2452 3260 et
2483 3205 2647 3262 ﬁnem
2683 3207 2784 3262 via:
2815 3223 2930 3263 suae
2967 3211 3384 3266 convenientem
3440 3227 3581 3267 nan-

299 3299 549 3353 ἑναντίαν
594 3298 874 3365 ὁδεύουσι,
924 3301 1019 3355 καὶ
1067 3303 1409 3375 κατάλληλον
1451 3306 1769 3375 εὑρίσκουσι
1802 3308 1902 3378 τῆς

300 3388 415 3441 ὁδοῦ
446 3389 510 3441 τὺ
531 3388 720 3451 τέλος.
766 3390 830 3443 Ὀ
871 3390 1058 3460 μέντοι
1102 3391 1257 3455 Θεὸς,
1296 3393 1393 3446 καὶ
1421 3394 1647 3459 τούτους
1677 3397 1903 3466 εὐεργε-

298 3479 423 3545 τῶν,
446 3479 769 3549 ἀπολογίαν
798 3482 856 3533 ἐν
884 3480 963 3551 τῷ
1008 3481 1215 3551 κρίνειν
1253 3483 1386 3555 ἔχει,
1425 3487 1523 3555 τὴν
1554 3487 1901 3559 παντοδαπὴν

304 3575 473 3628 αὐτῶν
502 3577 643 3646 imp
659 3574 866 3628 ἐλειαν.
893 3574 1051 3628 Οὕτω
1074 3577 1169 3630 καὶ
1191 3579 1327 3649 πρὸς
1350 3580 1443 3632 τὸν
1483 3580 1699 3651 Ἰσραὴλ
1721 3581 1898 3651 ἔλεγε·

317 3668 489 3731 (Δαός
523 3684 659 3738 μου,
692 3666 747 3719 τί
776 3667 1013 3737 ἐποίησά
1045 3684 1130 3720 σοι
1150 3687 1164 3735 ;
1188 3668 1221 3739 ἢ
1243 3669 1297 3721 τί
1322 3669 1568 3741 ἐλύπησά
1603 3688 1663 3725 σε
1687 3673 1765 3740 ⁸¹;
1791 3672 1899 3744 ἢτί

309 3758 700 3829 παρηνὸχλησᾶι
729 3774 845 3821 σοι;
874 3759 1209 3829 ἀποκρίθητί
1236 3777 1347 3831 μοι.
1371 3781 1389 3813 ι
1414 3757 1547 3816 Εἶτα
1566 3763 1710 3816 κατὰ
1730 3764 1898 3834 μέρος

301 3849 401 3902 τῶν
430 3851 780 3920 εὐεργεσιῶν
810 3852 1244 3922 ἀναμιμνήσκει.
1278 3853 1437 3908 Οὕτω
1470 3855 1565 3908 καὶ
1607 3856 1696 3911 διὰ
1727 3856 1894 3927 Ἱερε-

298 3939 420 4008 μίου
457 3938 565 4011 βοᾷ
584 3956 600 3970 ·
632 3960 653 3992 ι
690 3939 758 3993 Τί
780 3932 941 4012 εὗρον
975 3941 1024 3993 ot
1052 3941 1288 4013 πατέρες
1309 3944 1463 4014 ὑμῶν
1480 3946 1537 3998 ὲν
1561 3934 1685 4016 ἐμοὶ
1712 3946 1897 4017 πλημ-

298 4032 538 4101 μέλημα,
568 4032 657 4084 ὅτι
697 4032 1021 4104 ἀπέστησαν
1050 4033 1149 4087 ἀπ’
1195 4035 1330 4105 ἐμοῦ
1376 4037 1615 4108 μακρὰν,
1644 4038 1737 4090 καὶ
1770 4039 1899 4091 ὲπο·

295 4122 576 4191 ρεύθησαν
601 4122 785 4176 ὀπίσω
817 4124 926 4177 τῶν
958 4124 1224 4196 ματαίων,
1252 4127 1347 4180 καὶ
1373 4127 1799 4199 ἐματαιώθησαν
1824 4145 1838 4194 ;
1870 4148 1889 4182 ι

293 4214 401 4266 Καὶ
435 4214 606 4268 πάλιν
636 4215 732 4268 τὸν
764 4215 876 4270 τῶν
923 4217 1256 4289 εὐεργεσιῶν
1289 4218 1534 4289 εἰσφέρει
1570 4220 1890 4290 κατάλογον.

302 4307 365 4360 '0
398 4308 592 4376 μέντοι
619 4307 768 4373 θεῖος
815 4308 1145 4374 Ἀπόστολος
1169 4309 1243 4375 ὡς
1276 4311 1342 4364 ἐκ
1369 4308 1464 4364 τοῦ
1495 4310 1605 4365 τῶν
1635 4311 1894 4366 ἐναντίων

288 4399 778 4467 ὲπισυλλογὶζεται
812 4400 1128 4471 προσώπου.

360 4498 423 4554 ε’,
455 4499 536 4557 ς’.
595 4495 664 4546 Et
714 4492 784 4546 δὲ
834 4492 1039 4547 ἀδικία
1087 4492 1255 4563 ἡμῶν
1298 4495 1446 4550 Θεοῦ
1495 4495 1893 4565 δικαιοσύνην

2007 3298 2312 3353 ciscuntur.
2372 3298 2541 3353 Porro
2597 3299 2740 3357 Deus
2805 3302 2909 3357 hos
2945 3301 3108 3356 etiam
3173 3304 3441 3360 beneﬁcio
3493 3306 3579 3360 af-

2006 3388 2234 3453 ﬁciens,
2283 3389 2491 3459 justam
2552 3390 2715 3445 habet
2774 3390 2827 3444 in
2881 3390 2961 3446 eis
3015 3392 3329 3461 judicandis
3388 3393 3580 3450 defen-

2004 3480 2242 3542 sionem,
2272 3481 2420 3550 quod
2462 3482 2612 3535 omni
2665 3482 2878 3537 ratione
2926 3498 3118 3538 eorum
3165 3499 3354 3539 curam
3400 3497 3576 3557 gerat.

2006 3569 2100 3626 Sic
2126 3571 2290 3626 etiam
2318 3572 2532 3626 dicebat
2567 3572 2632 3627 ad
2675 3572 2930 3629 lsraelem
2966 3590 2979 3626 :
3024 3593 3043 3626 ‹
3087 3575 3294 3646 Popule
3325 3578 3419 3642 mi,
3445 3581 3576 3649 quid

2006 3664 2107 3720 feci
2152 3664 2292 3718 tibi?
2323 3667 2404 3718 vel
2456 3673 2647 3734 quate
2686 3667 2913 3722 tristitia
2947 3676 3040 3721 aut
3091 3670 3342 3725 molestia
3389 3670 3579 3727 aﬁeci?

2003 3755 2274 3825 responde
2327 3755 2457 3808 mihi
2501 3764 2549 3811 ι.
2619 3774 2638 3807 ι
2698 3754 2907 3811 Deinde
2969 3758 3249 3828 sigillatim
3310 3761 3575 3817 beneﬁcia

2002 3853 2415 3900 commemorat.
2446 3846 2523 3899 Ita
2545 3853 2598 3900 et
2627 3862 2724 3916 per
2747 3845 3036 3902 Jeremiam
3067 3850 3270 3906 clamat
3296 3870 3310 3906 :
3340 3873 3359 3904 ‹
3392 3852 3578 3919 Quod—

2003 3954 2129 3993 nam
2176 3937 2438 3992 delictum
2494 3936 2550 3990 in
2603 3951 2690 3991 me
2742 3937 3070 3991 invenerunt
3124 3950 3306 4009 patres
3359 3944 3572 4005 vestri.

2000 4033 2145 4104 quod
2194 4033 2353 4102 longe
2382 4045 2410 4084 a
2462 4044 2549 4083 me
2598 4031 2955 4093 recesserint,
2992 4037 3047 4085 et
3093 4045 3231 4085 vana
3282 4034 3481 4098 secuti,
3517 4044 3572 4091 et

1999 4126 2126 4180 vani
2186 4123 2314 4178 facti
2378 4120 2676 4176 l‘uerinta‘l
2709 4138 2727 4171 ι
2767 4119 2832 4175 Ει
2885 4137 3083 4178 rursus
3135 4123 3347 4193 profert
3405 4126 3569 4203 bene.

2001 4218 2250 4273 ﬁciorum
2316 4214 2644 4283 catalogum.
2709 4211 2943 4268 Divinus
3004 4222 3183 4270 autem
3233 4216 3568 4285 Apostolus.

2000 4316 2259 4377 tauquam
2298 4322 2362 4361 ex
2415 4303 2856 4359 adversariorum
2888 4318 3158 4372 persona,
3193 4306 3568 4376 syllogismum

1998 4399 2227 4454 inducit.

2069 4490 2228 4546 Vens.
2270 4492 2322 4557 5,
2353 4492 2408 4546 6.
2437 4490 2536 4546 Sin
2561 4499 2737 4544 autem
2767 4497 2952 4542 nostra
2984 4487 3237 4556 iniquitas
3277 4486 3369 4540 Dei
3405 4487 3570 4555 justi-

290 4584 654 4651 συνίστησι,
688 4584 748 4638 τί
775 4583 1060 4653 ὲροῦμεν;
1096 4584 1192 4653 Μὴ
1219 4585 1428 4653 ἄδικος
1456 4590 1489 4641 ὁ
1520 4588 1665 4654 Θεὸς
1691 4591 1725 4642 ό
1762 4589 1889 4643 ἐπι-

2005 4585 2125 4638 tiam
2174 4582 2539 4644 commendat,
2584 4579 2710 4650 quid
2748 4578 3022 4633 dicemus?
3058 4576 3312 4647 Nunquid
3358 4579 3569 4647 iniquus

287 4675 489 4745 φέρων
524 4675 651 4743 τὴν
702 4676 927 4746 όργήν;
980 4677 1142 4731 Κατὰ
1189 4677 1507 4761 ἄνθρωπον
1559 4679 1734 4750 λέγω.
1794 4681 1888 4750 Μὴ

290 4766 549 4834 γένοιτο.
600 4766 945 4834 ’Δναγκαίως
981 4768 1081 4838 τὴν
1110 4769 1199 4839 ὑφ’
1237 4772 1441 4843 ἐτέρων
1471 4775 1891 4846 προφερομένην

289 4855 577 4911 ἀντίθεσιν
602 4856 857 4924 τέθεικε,
911 4860 1007 4914 καὶ
1037 4863 1101 4932 τῇ
1154 4863 1528 4934 ἀπαγορεύσει
1583 4866 1644 4917 τὸ
1689 4865 1889 4920 ἄτοπον

286 4949 516 5015 ἔδειξεν.
550 4947 629 5003 Οὐ
664 4949 777 5018 γὰρ
807 4949 951 5019 ἐγὼ,
983 4953 1150 5022 φησὶ,
1184 4953 1357 5008 ταῦτα
1396 4954 1559 5024 λέγω,
1595 4955 1730 5010 ἀλλὰ
1761 4958 1888 5019 τοὺς

284 5040 394 5094 τῶν
447 5040 635 5094 ἄλλων
678 5041 900 5096 τέθεικα
946 5044 1260 5117 λογισμούς.
1318 5045 1487 5101 Τοῦτο
1537 5046 1647 5118 γὰρ
1695 5048 1885 5117 λέγει·

290 5149 309 5180 ι
335 5132 503 5184 Κατὰ
538 5132 854 5204 ἄνθρωπον.
881 5152 898 5184 ι

363 5223 538 5279 Ἐπεὶ
580 5222 713 5289 πῶς
755 5226 950 5294 κρινεῖ
984 5229 1019 5281 ὁ
1047 5227 1196 5293 Θεὸς
1241 5229 1350 5283 τὸν
1384 5231 1618 5300 κόσμον
1629 5249 1649 5298 ;
1682 5232 1791 5303 (ζ’.)
1817 5235 1887 5287 Ei

282 5313 394 5379 τὰρ
446 5313 487 5380 ἡ
540 5312 803 5380 ἀλήθεια
854 5315 958 5371 τοῦ
999 5317 1150 5372 Θεοῦ
1202 5319 1270 5373 ἐν
1310 5318 1391 5386 τῷ
1435 5321 1555 5391 ἐμῷ
1584 5323 1885 5393 ψεύσματι

280 5403 747 5473 ἐπερίσσευσεν
770 5407 857 5473 εἰς
886 5406 1003 5475 τὴν
1039 5406 1228 5474 δόξαν
1255 5412 1465 5476 αὐτοῦ,
1496 5413 1553 5466 τί
1592 5414 1680 5467 ἔτι
1719 5414 1882 5482 κάγὼ

352 5593 381 5622 κ
422 5583 720 5639 l'l'imoth.
757 5601 830 5651 ιι,
863 5586 948 5641 15.
1025 5596 1055 5635 γ
1096 5586 1243 5645 Psal.
1275 5605 1338 5656 1.,
1367 5591 1418 5645 6.

1503 5588 1535 5628 τ’
1564 5590 1727 5646 Micli.
1761 5608 1811 5646 Vl
1832 5631 1847 5657 ,
1875 5591 1933 5646 ὅ.

1996 4686 2075 4731 est
2113 4675 2254 4730 Deus
2290 4676 2380 4744 qui
2414 4673 2577 4742 infert
2612 4672 2786 4725 iram?
2810 4669 3097 4724 secundum
3129 4668 3392 4722 hominem
3425 4668 3565 4724 dico.

1997 4770 2167 4825 Absit.
2212 4767 2533 4823 Necessario
2590 4765 2776 4835 posuit
2831 4762 3269 4834 oppositiouem,
3323 4777 3446 4833 qua:
3497 4763 3568 4817 ab

1997 4863 2118 4916 aliis
2170 4858 2439 4922 aﬁ‘ertur,
2494 4865 2547 4911 et
2614 4856 2910 4926 negatione
2974 4869 3139 4925 quam
3190 4853 3263 4909 sit
3326 4854 3566 4909 absurda

1998 4950 2262 5008 ostendit.
2289 4947 2411 5001 Non
2442 4946 2615 5012 enim,
2649 4945 2848 5016 inquit,
2873 4945 2988 4999 haec
3017 4944 3164 5007 dico,
3196 4945 3290 4999 sed
3330 4944 3566 4999 aliorum

2002 5039 2453 5097 ratiocinationes
2489 5036 2712 5091 adduxi.
2752 5034 2810 5090 ld
2830 5035 2976 5091 enim
3011 5043 3096 5091 cst
3124 5033 3267 5104 quod
3297 5034 3396 5099 ait,
3423 5053 3440 5085 ι
3466 5033 3566 5089 Se-

2009 5132 2247 5187 cundum
2279 5129 2575 5184 hominem.
2604 5148 2622 5180 ι

2068 5223 2278 5294 Alioqui
2310 5220 2568 5287 quomodo
2585 5218 2853 5290 judicabit
2878 5218 3017 5271 Deus
3058 5215 3563 5285 mundum?(VEns.

1998 5318 2072 5382 7.)
2102 5314 2161 5371 Si
2197 5316 2334 5369 enim
2368 5313 2558 5367 veritas
2612 5311 2706 5364 Dei
2744 5308 3032 5362 abundarit
3060 5308 3117 5361 in
3143 5324 3254 5362 meo
3292 5308 3565 5363 mendacio

1994 5411 2046 5462 in
2065 5406 2295 5479 gloriam
2330 5405 2497 5472 ipsius
2520 5444 2533 5469 ,
2561 5400 2688 5471 quid
2713 5400 2886 5454 adhuc
2915 5416 3008 5471 ego
3038 5409 3289 5472 tanquam
3324 5410 3569 5470 peccator

2010 5603 2035 5630 ι
2075 5589 2278 5644 Jcrcm.
2316 5602 2352 5640 ιι
2380 5627 2392 5651 ,
2424 5584 2475 5640 5.

1610 5746 1838 5802 VARIAZ
1883 5744 2282 5805 LECTIONES.

357 5853 421 5884 ’τ’
452 5870 513 5907 σε
550 5852 711 5909 deest
744 5854 798 5907 in
833 5851 895 5908 Β.
