4124 6398
540 438 613 504 79

1535 422 2026 487 THEODORETI
2056 419 2396 482 EPIQCOPI
2420 420 2785 482 CYRENSIS

3745 413 3818 478 80

536 541 936 619 judicorI’Est,
978 539 1184 609 inquit,
1231 535 1692 592 absurdissimum
1746 534 1863 588 lucc
1915 531 2120 586 dicere.

2248 530 2307 596 ὗς
2338 531 2688 599 ἀμαρτωλθτς
2709 531 3022 598 κρίνομαι;
3058 525 3179 579 Τῶν
3213 523 3599 589 ἀτοπωτάτων,
3629 523 3815 593 φησὶν,

541 638 698 694 Justa
734 646 817 693 est
861 635 1008 691 enim
1044 631 1137 687 Dei
1182 628 1460 686 sententia
1494 645 1507 680 :
1543 641 1647 680 nec
1696 639 1816 679 mea
1857 621 2126 693 iniquitas

545 731 656 789 Deo
707 727 1015 785 clementia:
1074 724 1301 780 nomine
1347 720 1579 791 gloriam
1645 716 1927 772 conciliat.
1974 718 2129 771 Esset

541 823 690 879 enim
740 833 957 877 summa
1021 815 1248 886 injuria,
1295 813 1342 867 si
1375 811 1472 879 qui
1521 810 1599 863 illi
1646 806 1881 878 gloriam
1940 802 2129 857 conci-

542 915 819 971 liaverunt
864 909 933 964 ab
979 923 1045 964 eo
1090 906 1442 977 punirentur,
1496 908 1552 957 et
1591 907 1803 955 aeterno
1856 894 2130 966 supplicio

542 1008 909 1064 adicerentur.
950 1002 1062 1073 39
1110 1000 1228 1055 Hoc
1275 1000 1425 1054 enim
1476 1010 1581 1051 nec
1635 992 2127 1063 injustissimorum

542 1097 826 1153 hominum
889 1093 1182 1164 quisquam
1230 1088 1447 1151 fecerit,
1475 1085 1678 1142 nedum
1709 1088 1723 1105 ’
1765 1084 1906 1153 ipse,
1932 1097 1961 1135 a
2020 1097 2130 1152 quo

537 1190 769 1261 justitiae
794 1187 970 1243 fontes
1000 1182 1334 1240 scaturiunt.

616 1365 768 1426 Vens
792 1369 847 1425 8.
889 1367 956 1422 Et
988 1380 1090 1420 non
1118 1363 1250 1419 sicut
1282 1359 1735 1430 blasphemamur,
1769 1363 1820 1410 et
1868 1354 2005 1408 sicut
2049 1352 2135 1406 di-

545 1472 668 1518 cunt
703 1461 871 1532 aliqui
914 1476 1007 1513 nos
1051 1456 1227 1510 dicere
1262 1469 1280 1507 :
1313 1452 1607 1506 Faciamus
1647 1447 1793 1503 mala
1826 1455 1883 1500 ut
1922 1446 2132 1500 veniant

545 1542 706 1621 bona,
752 1567 980 1625 quorum
1009 1548 1278 1621 judicium
1316 1545 1530 1614 justum
1576 1551 1675 1596 est.
1726 1539 1899 1605 Nihil,
1933 1537 2129 1607 inquit,

546 1649 743 1702 horum
770 1659 873 1699 nos
902 1641 1141 1697 dicimus
1172 1657 1185 1694 :
1222 1637 1316 1694 sed
1352 1636 1445 1691 alii
1469 1648 1571 1689 nos
1593 1633 1775 1688 dicere
1789 1629 2135 1686 calumnian-

546 1750 660 1804 tur,
704 1737 799 1808 qui
819 1734 1045 1806 quidem
1079 1729 1373 1786 calumniae
1405 1739 1598 1797 poenas
1620 1724 1796 1779 luent.
1842 1721 1999 1776 Scire
2030 1734 2130 1775 auo

546 1839 658 1885 tem
706 1831 956 1898 oportet,
989 1822 1135 1895 quod
1176 1835 1303 1876 cum
1353 1817 1531 1875 sancti
1579 1814 1815 1889 apostoli
1862 1814 2131 1876 dicerent,

2231 623 2373 687 ἐστὶ,
2402 623 2464 676 τὸ
2490 622 2667 676 ταῦτα
2697 623 2899 690 λέγειν.
2930 620 3124 674 Δικαία
3146 618 3253 688 γὰρ
3282 621 3314 688 ἡ
3337 618 3429 671 τοῦ
3453 615 3591 670 Θεοῦ
3614 616 3813 686 ψῆφος·

2231 716 2324 767 καὶ
2352 714 2414 767 οὐ
2452 714 2514 768 τὸ
2562 713 2694 783 ἐμὸν
2733 714 2988 782 ἄγνωμον
3041 712 3295 783 προξενεῖ
3329 709 3407 780 τῷ
3441 708 3560 781 Θεῷ
3587 708 3685 780 τὴν
3727 709 3820 762 ἐστὶ

2230 803 2614 876 φιλανθρωπίᾳ
2659 803 2833 871 δόξαν.
2869 804 3080 857 ’Δδικία
3110 803 3219 873 γὰρ
3271 802 3498 873 ἐσχάτη,
3530 801 3657 864 τοὺς
3686 817 3820 872 προ-

2230 896 2417 963 ξένους
2449 896 2615 950 αὺτοῦ
2643 896 2971 967 γενομένους
3012 896 3114 966 τῆς
3156 895 3338 964 δόξης,
3373 895 3530 958 δίκας
3559 893 3821 965 εἰσπράτ-

2230 991 2418 1045 τεσθαι
2466 993 2594 1062 παρ’
2625 988 2814 1054 αὐτοῦ,
2862 991 2959 1045 καὶ
2996 989 3219 1044 κόλασιν
3247 989 3543 1058 ὑπομεῖναι
3577 988 3818 1045 αἰώνιον.

2232 1083 2405 1136 Τοῦτο
2455 1082 2565 1153 γὰρ
2599 1082 2722 1135 οὐδὲ
2760 1081 2870 1135 τῶν
2919 1081 3059 1148 ἄγαν
3113 1080 3468 1133 ἀδικωτάτων
3517 1079 3823 1150 ἀνθρώπων

2230 1174 2418 1245 δράσοι
2449 1191 2534 1237 τις
2560 1173 2646 1239 ἂν,
2673 1174 2908 1244 ἦπουργε
2943 1171 3104 1236 αὐτὸς
3141 1174 3168 1225 6
3205 1172 3305 1237 τὰς
3345 1172 3443 1243 τῆς
3472 1169 3824 1242 δικαιοσύνης

2231 1263 2556 1329 ἀναδλύζων
2585 1266 2788 1335 πηγάς.

2301 1366 2373 1429 η’.
2415 1359 2525 1412 Kal
2559 1358 2646 1427 μὴ
2679 1359 2873 1424 καθὼς
2898 1357 3451 1426 βλασφημούμεθα.
3499 1355 3595 1410 καὶ
3629 1351 3826 1418 καθὼς

2232 1451 2386 1520 φασί
2406 1467 2567 1516 τινες
2592 1449 2752 1520 ἡμᾶς
2783 1450 3005 1520 λέγειν,
3042 1449 3131 1503 ὅτι
3163 1450 3519 1518 Ποιήσωμεν
3548 1446 3619 1501 τὰ
3646 1445 3824 1508 κακὰ,

2235 1543 2335 1594 ἵνα
2364 1540 2513 1609 ἔλθῃ
2556 1542 2631 1595 τὰ
2663 1540 2874 1611 ἀγαθὰ,
2919 1536 3009 1595 ὧν
3045 1539 3113 1594 τὸ
3144 1540 3321 1610 κρῖμα
3354 1539 3597 1594 ἔνδικόν
3631 1538 3824 1591 ἐστιν.

2234 1632 2422 1696 Οὐδὲν,
2459 1632 2613 1703 φησὶ,
2659 1631 2865 1687 τούτων
2897 1635 3061 1703 ἡμεῖς
3100 1649 3303 1703 φαμεν,
3350 1633 3482 1703 παρ’
3533 1630 3737 1702 ἐτέρων
3770 1630 3828 1684 δὲ

2234 1728 2413 1795 λέγειν
2451 1725 2956 1797 συκοφαντούμεθα,
3002 1726 3052 1779 οἳ
3081 1724 3181 1794 τῆς
3215 1723 3584 1792 συκοφαντίας
3616 1722 3829 1776 τίσουσι

2234 1818 2414 1882 δίκας.
2449 1817 2666 1872 Εἰδέναι
2699 1818 2882 1888 μέντοι
2912 1816 3040 1888 χρὴ,
3074 1815 3151 1878 ὡς
3180 1815 3290 1869 τῶν
3322 1813 3484 1885 ἱερῶν
3512 1811 3830 1867 ἀποστόλων

548 1924 655 1981 Ubi
680 1883 980 1978 abundavit
1007 1883 1326 1986 peccatum,
1356 1910 1473 1967 illic
1504 1883 1809 1965 abundavit
1847 1914 1903 1961 et
1933 1903 2128 1976 gratia,

2248 1911 2506 1980 λεγόντων
2531 1927 2545 1942 ο
2588 1930 2606 1963 ι
2631 1883 2807 1964 Ὅπου
2835 1883 3161 1964 ἐπλεόνασεν
3189 1910 3222 1979 ἠ
3254 1883 3520 1979 ἁμαρτία,
3553 1907 3831 1977 ὑπερεπε-

548 2014 773 2086 quidam
816 2025 893 2073 ex,
923 2009 994 2064 iis
1019 2006 1110 2077 qui
1138 2005 1396 2076 pietatem
1436 2000 1722 2086 colebant,
1750 1996 1890 2052 falsa
1938 1996 1994 2050 in
2038 2009 2135 2050 eos

549 2104 927 2169 conferentes,
963 2100 1095 2155 illos
1120 2097 1308 2153 dicere
1343 2083 1567 2149 aiebant
1597 2110 1611 2147 :
1644 2089 1939 2144 Faciamus
1965 2085 2132 2148 mala,

547 2210 604 2254 ut
636 2197 846 2253 veniant
866 2193 1025 2247 bona.
1057 2188 1163 2246 Sed
1197 2203 1307 2242 non
1341 2186 1433 2241 hic
1464 2193 1586 2241 erat
1610 2182 1879 2238 doctrinae
1914 2186 2138 2250 aposto-

548 2293 670 2348 licae
713 2302 940 2359 scOpus.
974 2285 1180 2341 Gontra
1203 2280 1349 2336 enim
1382 2276 1736 2341 sanciebant,
1775 2281 1835 2328 ut
1866 2272 1938 2327 ab
1983 2268 2136 2327 omni

549 2384 845 2455 iniquitate
884 2392 1081 2436 omnes
1118 2374 1486 2431 abstinerent.
1528 2368 1640 2424 Eos
1677 2374 1886 2429 autem,
1927 2362 2023 2435 qui
2067 2361 2137 2416 ad

548 2453 805 2532 sanctam
848 2467 1301 2542 praedicationem
1348 2459 1715 2523 accedebant,
1757 2456 1904 2511 bono
1953 2453 2139 2508 animo

548 2580 676 2621 esse
722 2562 1009 2634 iubebant,
1048 2566 1313 2627 tanquam
1358 2550 1608 2623 priorum
1650 2554 2008 2619 peccatorum
2048 2560 2136 2599 rc-

549 2655 818 2710 missione
841 2665 871 2705 a
924 2649 1035 2704 Deo
1059 2646 1205 2701 data.
1240 2643 1353 2698 Nos
1391 2651 1576 2695 autem
1617 2635 2134 2707 interpretationem

552 2749 645 2804 hic
687 2746 973 2808 sistentes,
1010 2748 1065 2795 et
1108 2744 1351 2792 mentem
1391 2732 1682 2802 interjecta
1723 2729 1909 2800 quiete
1956 2739 2141 2782 recre-

552 2849 729 2904 antes,
764 2850 889 2893 eum
920 2832 1012 2905 qui
1052 2831 1203 2886 dedit
1234 2843 1298 2884 os
1334 2825 1568 2889 homini,
1601 2822 1813 2893 quique
1848 2828 2061 2877 mutum
2085 2825 2141 2872 et

550 2928 783 2986 surdum
815 2924 966 2988 fecit,
998 2919 1311 2980 laudemus,
1351 2923 1405 2970 et
1438 2922 1495 2969 ut
1518 2912 1834 2983 apostolicae
1869 2906 2140 2964 doctrinae

552 3023 978 3095 intelligentiam
1012 3032 1114 3073 nos
1145 3014 1342 3069 doceat
1367 3026 1614 3067 oremus.
1642 3008 1803 3063 Dabit
1840 3005 1986 3062 enim
2019 3019 2141 3060 om-

552 3120 688 3176 nino
722 3094 818 3188 qui
849 3112 990 3169 dixit
1021 3131 1034 3165 :
1062 3129 1081 3161 ‹
1110 3106 1305 3170 Petite,
1340 3111 1395 3159 et
1424 3103 1646 3158 dabitur
1669 3098 1859 3165 vobis;
1885 3094 2137 3166 quaerite,

2238 2006 2523 2079 ρίσσευσεν
2551 2006 2801 2077 ηχάριςε
2834 2022 2853 2055 ι
2898 2002 3042 2065 τινὲς
3065 2004 3132 2072 τῇ
3162 2001 3441 2072 θεοσεϐείᾳ
3463 1999 3831 2063 δουλεύοντες,

2235 2097 2611 2169 ψευδολογίαις
2640 2097 2761 2151 κατ’
2791 2095 2973 2151 αὐτῶν
3002 2093 3332 2165 κεχρημένοι
3354 2132 3368 2154 ,
3416 2093 3598 2161 λέγειν
3630 2092 3832 2153 αὐτοὺς

2238 2191 2478 2261 ἔφασκον
2494 2204 2509 2219 '
2541 2188 2895 2257 Ποιήσωμεν
2920 2186 2993 2240 τὰ
3018 2183 3196 2250 κακὰ,
3216 2186 3319 2238 ἵνα
3339 2182 3492 2251 ἔλθῃ
3518 2182 3590 2237 τὰ
3612 2181 3828 2252 ἀγαθά.

2252 2281 2393 2336 Ἀλλ’
2423 2280 2523 2353 οὐχ
2565 2274 2719 2343 οὗτος
2768 2274 2836 2350 ἦν
2866 2281 2896 2332 6
2936 2277 3038 2347 τῆς
3072 2274 3439 2343 ἀποστολικῆς
3477 2272 3834 2336 διδασκαλίας

2241 2372 2464 2437 σκοπός.
2518 2373 2635 2426 Πᾶν
2690 2371 2801 2442 γὰρ
2843 2368 3152 2422 τούναντίον
3210 2366 3595 2436 ἐνομοθέτουν,
3648 2366 3836 2434 πάσης

2242 2465 2489 2528 ἅπαντας
2515 2461 2857 2535 παρανομίας
2880 2457 3198 2528 ἀπέχεσθαι.
3232 2456 3371 2520 Τοὺς
3395 2456 3451 2509 δὲ
3474 2455 3551 2527 τῷ
3577 2454 3836 2525 παναγίῳ

2242 2554 2562 2627 κηρύγματι
2615 2553 2941 2625 προσιόντας
2993 2551 3216 2623 θαρρεῖν
3278 2549 3556 2614 ἐκέλευον,
3606 2548 3680 2612 ὡς
3730 2548 3838 2618 τῆς

2239 2646 2491 2716 ἀφέσεως
2526 2646 2638 2699 τῶν
2671 2644 2951 2716 προτέρων
2983 2642 3398 2714 ἁμαρτημάτων
3433 2641 3539 2694 ὑπὸ
3567 2639 3661 2693 τοῦ
3693 2638 3837 2692 Θεοῦ

2239 2740 2550 2812 δεδομένης.
2588 2741 2782 2810 Ἡμεῖς
2805 2738 2861 2792 δὲ
2883 2736 3120 2791 ἐνταῦθα
3147 2736 3246 2805 τὴν
3276 2732 3574 2805 ἑρμηνείαν
3601 2731 3841 2800 στήσαν-

2240 2852 2353 2897 τες,
2407 2832 2502 2886 καὶ
2545 2831 2638 2885 τὸν
2689 2830 2815 2885 νοῦν
2866 2830 3365 2894 διαναπαύσαντες,
3417 2827 3508 2881 τὸν
3562 2825 3844 2879 δεδωκότα

2242 2925 2416 2994 στόμα
2444 2923 2738 2995 ἀνθρώπῳ,
2761 2924 2854 2977 καὶ
2879 2923 3182 2993 ποιήσαντα
3199 2920 3484 2988 δύσκωφον
3508 2917 3603 2972 καὶ
3625 2917 3841 2986 κωφὸν,

2241 3017 2669 3088 ἀνυμνήσωμεν,
2705 3016 2800 3071 καὶ
2828 3016 2929 3085 τῆς
2960 3013 3330 3082 ἀποπολικῆς
3361 3010 3710 3071 διδασκαλίας
3742 3008 3842 3062 τὸν

2241 3110 2366 3164 νοῦν
2397 3109 2736 3180 καταμαθεῖν
2770 3106 3157 3177 ίκετεύσωμεν.
3190 3105 3363 3159 Δώσει
3405 3103 3516 3174 γὰρ
3553 3102 3779 3164 πάντως
3814 3101 3844 3153 6

552 3221 609 3268 et
657 3186 984 3272 invenietis;
1018 3203 1259 3275 pulsate,
1289 3206 1343 3253 et
1374 3197 1659 3268 aperietur
1682 3192 1841 3249 vobis
1867 3191 1916 3244 ι’.
1955 3208 1974 3242 ι
2001 3186 2137 3242 Cum

2248 3200 2415 3256 εξπὼν
2434 3218 2448 3233 ⁸
2504 3219 2524 3253 ι
2553 3200 2785 3262 Αἰτεῖτε,
2817 3198 2909 3252 καὶ
2942 3197 3228 3269 δοθήσεται
3256 3196 3386 3265 ὑμῖν
3407 3210 3421 3224 ·
3468 3193 3704 3265 ζητεῖτε,
3739 3191 3845 3245 καὶ

555 3318 667 3374 quo
687 3301 837 3357 Patri
858 3312 985 3355 cum
1016 3291 1373 3353 sanctissimo
1399 3288 1610 3360 Spiritu
1645 3285 1822 3357 gloria
1853 3278 2138 3339 convenit,

556 3405 610 3449 et
641 3388 1070 3464 magniﬁcentia,
1103 3398 1251 3440 nunc
1274 3382 1338 3454 jct
1360 3394 1606 3451 semper,
1635 3384 1689 3431 et
1716 3374 1771 3428 in
1803 3370 2009 3427 saecula
2048 3381 2143 3423 sae-

558 3479 831 3535 culorum.
871 3476 1066 3532 Amen.

922 3723 1046 3797 ·(ιο
1090 3719 1328 3778 TOMUS
1371 3709 1763 3773 SECUNDUS.

631 3842 755 3902 lam
794 3840 1060 3903 diximus,
1106 3838 1354 3893 divinum
1399 3827 1726 3902 Apostolum
1779 3823 1921 3879 velle
1968 3827 2151 3876 osten-

563 3935 714 4001 dere,
740 3931 910 3988 Deum
934 3939 986 3986 et
1006 3928 1356 3985 Servatorem
1386 3929 1640 3978 nostrum
1657 3917 1844 3975 Jesum
1867 3913 2149 3970 Christum

566 4024 883 4084 necessario
938 4022 1220 4078 hominem
1260 4016 1470 4073 factum
1513 4027 1661 4069 esse.
1727 4009 1843 4064 Hae
1899 4007 2045 4062 enim
2084 4006 2152 4060 de

564 4135 755 4187 causa,
787 4125 844 4173 et
878 4117 946 4173 de
990 4116 1060 4171 iis
1085 4113 1181 4185 qui
1209 4119 1366 4167 extra
1407 4109 1607 4179 legem,
1641 4111 1697 4160 et
1734 4103 1802 4158 de
1842 4102 1913 4156 iis
1957 4098 2149 4161 etiam,

565 4211 661 4283 qui
713 4210 818 4266 sub
848 4220 920 4265 'ea
946 4209 1230 4268 vixerunt,
1281 4201 1502 4256 locutus
1541 4202 1648 4263 est,
1694 4191 2063 4264 probavitque
2097 4196 2154 4243 et

565 4280 693 4358 illos
727 4301 906 4371 legem
942 4295 1279 4357 naturalem,
1351 4300 1409 4346 et
1467 4289 1572 4343 hos
1614 4287 1788 4355 legem
1849 4280 2150 4337 Mosaicam

566 4405 693 4447 esse
728 4397 1132 4459 transgressos,
1164 4388 1219 4438 et
1245 4381 1443 4436 ultimo
1479 4392 1603 4432 esse
1627 4372 1902 4444 supplicio
1924 4371 2149 4442 dignos:

567 4494 623 4539 et
652 4482 926 4553 optimum
965 4477 1239 4533 medicum
1268 4471 1518 4528 imitatus
1539 4475 1646 4531 est,
1678 4468 1771 4537 qui
1810 4466 1972 4521 docet
2001 4463 2154 4533 prius

567 4551 748 4632 morbi
779 4570 1105 4644 grav’italem
1147 4580 1245 4622 eos
1284 4561 1380 4634 qui
1429 4559 1701 4622 laborant,
1735 4555 1933 4610 deinde
1974 4551 2152 4608 medi-
2189 4581 2236 4638 Β

569 4674 953 4723 camentorum
992 4659 1260 4715 auxilium
1299 4652 1546 4710 adhibet.
1589 4650 1669 4705 lta
1717 4649 1864 4704 enim
1913 4653 1968 4702 et
2013 4646 2154 4715 ipse,

569 4768 865 4832 postquam
895 4756 1094 4810 horum
1126 4756 1181 4806 et
1207 4747 1427 4803 illorum
1452 4747 1472 4767 ‘
1498 4743 1846 4813 iniquitatem
1880 4737 2155 4809 coarguit,

571 4826 840 4921 ipsosque
877 4852 932 4900 et
960 4854 1089 4896 reos
1119 4848 1174 4893 et
1211 4833 1490 4905 supplicio
1518 4830 1716 4902 dignos
1751 4826 1930 4882 fuisse
1966 4832 2160 4879 osten-

574 4913 677 5009 dit,
715 4913 927 5010 profert
967 4931 1234 4999 deinceps
1263 4923 1385 4980 ﬁdei
1434 4914 1928 4981 medicamentum,
1979 4923 2036 4971 et
2076 4913 2163 4969 di-

575 5007 732 5086 una;
768 5018 1206 5096 dispensationis
1245 5014 1646 5086 benignitatem
1692 5011 1878 5073 docet,
1923 5007 2159 5062 dicens:

647 5205 817 5261 Vens.
857 5199 1009 5258 9-18.
1043 5195 1185 5266 Quid
1212 5211 1335 5266 ergo
1376 5192 1734 5263 prrecellimus
1762 5191 1786 5244 .9
1833 5186 1993 5241 Prius
2019 5186 2163 5240 enim

578 5297 790 5353 causati
834 5309 1042 5357 sumus,
1084 5288 1305 5344 Iudaeos
1344 5296 1395 5341 et
1443 5285 1656 5340 Graecos
1679 5298 1857 5337 omnes
1912 5295 2023 5334 esse
2066 5278 2160 5332 sub

578 5399 817 5463 peccato,
872 5387 1008 5441 sicut
1053 5385 1311 5454 scriptum
1359 5389 1437 5437 est
1471 5393 1488 5433 :
1521 5376 1643 5432 Non
1684 5384 1763 5430 est
1787 5374 1969 5444 justus
2013 5372 2163 5443 quis-

580 5498 763 5554 quam.
795 5478 918 5534 Non
945 5487 1021 5533 est
1056 5477 1356 5546 intelligens
1381 5490 1398 5526 :
1423 5488 1528 5525 non
1560 5480 1637 5524 est
1668 5467 1938 5536 requirens
1970 5463 2160 5518 Deum.

584 5570 780 5627 Omnes
801 5567 1212 5629 declinaverunt,
1253 5560 1418 5618 simul
1452 5557 1670 5613 inutiles
1705 5554 1838 5624 facti
1867 5562 1989 5608 sunt
2016 5567 2035 5607 :
2062 5568 2166 5605 non

581 5670 661 5716 est
686 5661 775 5727 qui
799 5659 964 5729 faciat
997 5656 1213 5721 bonum,
1242 5670 1345 5708 non
1366 5661 1441 5705 est
1473 5664 1635 5718 usque
1664 5646 1734 5700 ad
1763 5660 1951 5698 unum.
1983 5641 2168 5711 Sepul-

584 5756 769 5811 chrum
810 5760 995 5822 patens
1029 5760 1107 5803 est
1140 5756 1324 5819 guttur
1352 5757 1559 5805 eorum,
1606 5739 1802 5810 linguis
1832 5736 1943 5791 suis
1985 5734 2169 5789 dolose

677 5938 702 5983 δ
738 5937 936 5997 Matth.
970 5952 1077 6003 vn,
1116 5936 1178 6002 '7;
1222 5931 1356 5986 Luc.
1394 5944 1483 5995 χι,
1521 5928 1575 5984 9.

2246 3295 2508 3366 εὑρήσετε
2531 3313 2544 3327 ο
2581 3292 2831 3367 κρούετε,
2858 3293 2952 3346 καὶ
2985 3291 3334 3362 ἀνοιγήσεται
3364 3288 3516 3358 ὑμῖν.
3551 3305 3570 3338 ι
3613 3283 3751 3338 Μεθ’
3780 3272 3845 3335 οὗ

2246 3386 2324 3456 τῷ
2356 3385 2532 3456 Πατρὶ
2560 3386 2656 3439 σὺν
2677 3384 2756 3456 τῷ
2783 3383 3034 3453 παναγίῳ
3056 3379 3336 3451 Πνεύματι
3361 3378 3491 3443 δόξα
3513 3376 3713 3447 πρέπει
3739 3376 3845 3428 καὶ

2252 3478 2721 3550 μεγαλοπρέπεια,
2746 3476 2841 3530 νῦν
2875 3475 2968 3530 καὶ
2998 3474 3108 3542 ἀεὶ,
3129 3473 3225 3528 καὶ
3248 3473 3327 3536 είς
3351 3473 3477 3534 τοὺς
3509 3468 3709 3532 αἰῶνας
3729 3466 3848 3521 τῶν

2250 3567 2483 3623 αἰώνων.
2526 3569 2720 3640 Ἀμήν.

2733 3681 2968 3734 ΤΟΜΟΣ
3005 3676 3381 3733 ΔΕΥΤΕΡΟΣ.

2322 3799 2636 3871 Εἰρὴκαμεν
2668 3793 2790 3866 ἤδη,
2821 3792 2896 3855 ὡς
2921 3793 2950 3845 6
2984 3791 3126 3854 θεῖος
3164 3786 3486 3849 ’Λπόστολος
3519 3782 3687 3850 δεῖξαι
3720 3782 3848 3852 Bati-

2253 3896 2401 3951 λεται
2430 3894 2528 3964 τὴν
2560 3890 2719 3946 ὲνανθ
2731 3888 2977 3961 ρὼπησιν
3002 3885 3096 3939 τοῦ
3126 3882 3263 3938 Θεοῦ
3288 3882 3381 3938 καὶ
3407 3880 3661 3950 Σωτῆρος
3682 3879 3849 3951 ἡμῶν

2267 3985 2442 4058 Ἰησοῦ
2478 3981 2718 4057 Χριστοῦ
2749 3978 3067 4046 ἀναγκαίως
3089 3975 3483 4046 γεγενημένην.
3508 3972 3714 4026 Τούτου
3736 3971 3849 4041 γάρ

2254 4078 2318 4148 δὴ
2368 4077 2529 4148 χάριν
2562 4074 2655 4127 τὸν
2698 4071 2826 4142 περὶ
2870 4070 2979 4123 τῶν
3024 4067 3130 4133 ἔξω
3159 4067 3254 4120 τοῦ
3288 4064 3474 4136 νόμον,
3524 4062 3618 4117 καὶ
3662 4062 3850 4132 μέντοι

2257 4169 2350 4223 καὶ
2379 4169 2486 4221 τῶν
2515 4167 2607 4220 ὑπ’
2638 4164 2801 4218 αὐτὸν
2831 4159 3329 4229 πολιτευσαμένων,
3363 4156 3623 4227 κεκίνηκε
3650 4154 3809 4222 λόγον
3830 4171 3846 4184 ·

2258 4263 2351 4316 καὶ
2380 4255 2631 4332 διήλεγξε
2660 4255 2948 4318 κάκείνους
2986 4254 3079 4307 τὸν
3113 4250 3365 4322 φυσικὸν,
3394 4249 3490 4303 καὶ
3516 4247 3738 4309 τούτους
3758 4246 3853 4298 τὸν

2258 4349 2557 4407 Μωσαῖκδν
2584 4344 3044 4418 παραϐεϐηκότας
3067 4342 3250 4412 νόμον,
3274 4341 3370 4394 καὶ
3393 4338 3665 4409 τιμωρίας
3687 4336 3854 4399 ὄντας

2258 4447 2359 4515 τῆς
2393 4442 2630 4512 ἐσχάτης
2664 4438 2869 4505 ἀξίους.
2905 4435 3016 4491 Καὶ
3051 4435 3235 4506 ἰατρὸν
3268 4434 3489 4506 ἄριστον
3515 4430 3854 4503 ἐμιμήσατο,

2261 4537 2319 4599 ὃς
2347 4534 2612 4606 πρότερον
2639 4531 2739 4603 τὴν
2771 4528 2865 4583 τοῦ
2902 4530 3206 4600 νοσήματος
3237 4524 3582 4598 χαλεπότητα
3609 4520 3857 4576 διδάσκει

2259 4629 2387 4692 τοὺς
2415 4628 2745 4698 κάμνοντας,
2781 4623 2881 4678 εἷθ’
2914 4623 3056 4677 οὕτω
3088 4620 3389 4695 προσφέρει
3418 4617 3517 4690 τὴν
3541 4616 3648 4670 τῶν
3675 4613 3859 4679 ἀλεξιη

2263 4720 2450 4774 κάκων
2475 4716 2787 4788 φαρμάκων
2816 4713 3090 4785 βοήθειαν.
3125 4710 3282 4766 Οὕτω
3315 4707 3424 4781 γὰρ
3451 4708 3547 4763 καὶ
3572 4704 3734 4769 αὐτὸς
3754 4704 3861 4771 τὴν

2263 4811 2469 4866 τούτων
2502 4809 2774 4864 κάκείνων
2801 4804 3078 4872 διελέγξας
3125 4799 3491 4875 παρανομίαν,
3541 4799 3635 4853 καὶ
3675 4795 3860 4861 δείξας

2265 4902 2603 4966 ὑπευθύνους
2639 4901 2733 4955 καὶ
2769 4898 3041 4970 τιμωρίας
3081 4896 3286 4962 ἀξίους,
3332 4892 3631 4964 προσφέρει
3667 4887 3863 4943 λοιπὸν

2265 4997 2326 5051 τὸ
2356 4997 2458 5067 τῆς
2490 4994 2728 5056 πίστεως
2765 4991 3081 5061 φάρμακον,
3111 4989 3207 5042 καὶ
3240 4986 3337 5058 τῆς
3366 4984 3516 5049 θείας
3545 4979 3865 5051 οἰκονομίας
3912 4980 3937 5067 ,⁸1

2264 5090 2365 5162 τὴν
2392 5083 2803 5158 φιλανθρωπίαν
2829 5082 3094 5145 διδάσκει,
3142 5079 3236 5134 καί
3267 5089 3453 5149 φησιν·

2339 5179 2505 5248 θ’-ιη¹.
2560 5177 2621 5230 Tl
2674 5169 2788 5229 οὖν
2824 5171 3158 5241 κατέχομεν
3187 5168 3519 5238 περισσόν;
3567 5168 3867 5233 Προῃτια-

2271 5271 2503 5342 σάμεθα
2535 5268 2647 5338 γὰρ
2682 5265 3015 5330 Ἰουδαίους
3043 5276 3109 5316 τε
3131 5262 3231 5317 καὶ
3265 5264 3594 5328 Ἕλληνας,
3629 5254 3870 5320 πάντας

2271 5364 2372 5434 ὑφ’
2401 5360 2694 5432 ἁμαρτίαν
2725 5353 2899 5422 εἶναι,
2938 5354 3142 5421 ’καθὼς
3178 5353 3525 5425 γέγραπται,
3575 5349 3664 5402 ὅτι
3737 5347 3869 5400 Οὐκ

2273 5456 2405 5511 ἐστι
2435 5453 2663 5518 δίκαιος
2695 5449 2839 5504 οὐδὲ
2865 5443 2973 5514 εἷς.
3012 5449 3134 5503 Οὐκ
3167 5450 3339 5502 ἐστιν
3371 5449 3405 5501 ὁ
3436 5442 3669 5499 συνιὼν
3691 5457 3706 5473 ο
3749 5438 3874 5491 οὐκ

2274 5550 2447 5604 ἔστιν
2477 5550 2509 5601 ό
2552 5543 2812 5611 ἐκζητῶν
2858 5543 2967 5596 τὸν
3007 5544 3177 5596 Θεόν.
3232 5538 3463 5604 Πάντες
3515 5535 3868 5602 ἐξέκλιναν,

2276 5643 2396 5711 ἅμα
2422 5636 2839 5707 ὴχρειώθησαν
2869 5651 2883 5664 ·
2931 5636 3043 5689 οὐκ
3080 5633 3211 5687 ἐστι
3246 5629 3434 5685 ποιῶν
3460 5627 3870 5699 χρηστότητα,

2277 5710 2389 5787 οὒκ
2413 5729 2584 5784 ἐστιν
2615 5728 2725 5793 ἕως
2749 5727 2905 5791 ἑνός.
2946 5724 3137 5794 Τάρσος
3167 5721 3543 5791 ἀνεῳγμένος
3572 5722 3604 5773 ό
3632 5710 3875 5782 λάρυγξ

3892 5060 3933 5153 ,
3990 5084 3995 5089 .
