4124 6426
543 380 614 442 83
1522 371 2006 432 TLIEODORETI
2034 371 2373 431 EPISCOPI
2406 373 2771 432 CYRENSIS
3732 372 3809 451 Si

547 490 642 543 bus
671 487 796 559 legis
823 502 926 541 non
948 484 1338 555 justi/icabiiur
1367 486 1536 538 omnis
1573 500 1698 539 caro
1761 499 1940 536 eorum
1974 484 2111 552 ipso.

2230 484 2377 552 σὰρξ
2400 484 2655 538 ἐνώπιον
2675 483 2883 538 αὑτοῦ.
2916 484 3023 537 Καὶ
3055 485 3140 536 ἵνα
3169 485 3242 554 μή
3266 501 3346 546 τις
3369 484 3531 537 αὑτὸν
3562 485 3811 557 ύπολάὅῃ

547 579 614 634 Et
654 593 722 634 ne
752 578 877 647 quis
895 592 1018 633 eum
1050 578 1225 648 legem
1252 576 1561 658 vituperare
1589 576 1952 638 existimaret,
1986 574 2118 629 sub-

542 672 750 740 junxit,
777 669 881 724 Per
903 670 1062 740 legem
1092 670 1232 724 enim
1250 654 1475 738 cognitio
1500 667 1719 736 peccati.
1753 665 1891 732 Lex,
1919 667 2118 736 inquit,

555 761 944 833 perfectiorem
975 760 1183 831 peccati
1215 759 1586 831 cognitionem
1623 759 1939 814 hominibus
1976 758 2122 814 indic

548 855 653 919 dit,
674 861 727 909 et
761 863 818 907 ιιι
846 852 1225 908 vehementius
1250 860 1607 907 accusaretur
1634 850 1815 906 eﬂ‘ecit
1843 869 1853 904 :
1887 851 1953 906 ad
1971 858 2123 907 recte

549 954 729 1001 autent
766 943 1127 1001 exercendam
1178 943 1439 997 virtutem
1488 941 1804 995 hominibus
1861 940 2117 996 sullicere

550 1046 660 1086 non
684 1031 880 1101 pomit.
912 1030 1048 1085 Cum
1081 1029 1162 1085 sic
1188 1029 1526 1085 ostendisset
1552 1030 1727 1099 legem
1777 1044 1901 1085 esse
1923 1030 2121 1097 {solum

552 1123 820 1177 bonorum
851 1121 1324 1191 honestorumque
1351 1119 1692 1190 magistram,
1721 1118 1963 1174 ostendit
1995 1134 2121 1190 gra-

550 1213 635 1267 tiae
659 1214 978 1283 potentiam.

620 1303 790 1360 Vens.
836 1304 927 1359 2i.
959 1302 1117 1357 Nunc
1147 1312 1323 1357 autem
1355 1306 1464 1358 siue
1500 1304 1608 1374 lege
1629 1302 1849 1373 justitia
1876 1300 1973 1356 Dei
2006 1318 2122 1354 ma-

550 1397 806 1466 nifestata
854 1406 969 1461 est,
1028 1397 1367 1464 testiﬁcataa
1414 1396 1523 1466 lege
1561 1405 1611 1449 et
1648 1393 1937 1464 prophetis.
1986 1392 2123 1459 Quis

551 1487 869 1557 apostolicae
921 1487 1208 1556 sapientiae
1234 1486 1536 1556 potentiam
1565 1487 1700 1541 satis
1730 1499 1830 1556 pro
1857 1484 2125 1554 dignitate

551 1575 855 1630 admiretur
882 1576 905 1629 ?
930 1574 1102 1629 Simul
1130 1577 1274 1631 enim
1300 1576 1539 1630 ostendit
1568 1583 1624 1628 et
1655 1574 1827 1645 legem
1849 1587 2120 1637 cessasse,

551 1676 606 1721 et
631 1683 751 1723 eam
786 1669 975 1740 gratim
1005 1668 1364 1738 patrocinari.
1391 1667 1498 1739 43
1549 1670 1686 1736 Apte
1720 1673 1903 1721 autem
1939 1665 2123 1735 posuit

547 1763 896 1831 manifestata
929 1772 1030 1817 est.
1070 1761 1227 1828 Quod
1283 1762 1428 1815 enim
1469 1770 1587 1814 erat
1634 1759 1970 1815 occultatum
2004 1756 2123 1813 dis-

2223 576 2317 629 τοῦ
2371 577 2535 646 νόμου
2581 577 2934 647 κατηγορεῖν,
2977 576 3263 646 ἐπήγαγε·
3321 575 3424 631 Διὰ
3465 578 3574 648 γὰρ
3618 581 3813 648 νόμου

2224 669 2550 736 ἐπίγνωσις
2585 666 2895 736 ἁμαρτίας.
2941 667 3384 738 Ἀκριὸεστέραν,
3430 669 3615 738 φησὶν,
3651 671 3679 721 ὁ
3716 671 3811 723 νό-

2228 775 2325 828 μος
2364 760 2505 821 τοῖς·
2528 756 2834 828 ἀνθρώποις
2872 757 3166 825 ἐπίγνωσιν
3198 757 3295 828 τῆς
3339 758 3611 829 ἁμαρτίας
3653 760 3809 814 ἐντέ-

2226 849 2397 915 θεικε,
2440 850 2803 921 σφοδροτέραν
2833 849 2929 920 τὴν
2960 850 3082 902 κατ’
3117 850 3286 920 αὐτῆς
3323 852 3662 921 κατηγορίαν
3707 870 3811 905 πε-

2226 940 2421 1010 ποίηκε
2441 956 2456 971 ⁸
2485 943 2564 1003 εἰς
2590 940 2648 992 δὲ
2668 939 2767 1010 τῆς
2794 940 2994 1011 ἀρετῆς
3020 938 3116 1011 τὴν
3137 939 3472 1011 κατόρθωσιν
3500 943 3809 1012 ἐπαρκέσαι

2226 1032 2340 1093 τοῖς
2369 1028 2675 1100 ἀνθρώποις
2703 1030 2804 1082 οὐκ
2833 1030 3071 1100 ῐσχυσεν.
3120 1028 3275 1084 Οὕτω
3302 1030 3482 1097 δείξας
3518 1031 3608 1085 τὸν
3641 1033 3807 1103 νόμον

2228 1122 2388 1193 μόνον
2415 1120 2735 1175 διδάσκαλον
2765 1120 2872 1199 τῶν
2901 1119 3102 1188 καλῶν,
3148 1120 3491 1176 ὑποδείκνυσι
3522 1122 3621 1194 τῆς
3646 1123 3809 1195 χάρι-

2224 1228 2313 1273 τος
2342 1210 2442 1280 τὴν
2472 1209 2646 1281 ἰσχύν.

2296 1299 2403 1355 κα’.
2443 1300 2593 1356 Νυνὶ
2627 1300 2695 1353 δὲ
2720 1300 2897 1369 χωρίς
2916 1303 3105 1371 νόμου
3134 1300 3491 1370 δικαιοσύνη
3526 1302 3674 1356 Θεοῦ
3700 1317 3809 1358 πει

2224 1390 2577 1461 φανέρωται,
2628 1391 3087 1462 μαρτυρουμένη
3139 1394 3259 1449 ὑπὸ
3306 1394 3411 1448 τοῦ
3464 1395 3651 1464 νόμου
3701 1396 3802 1448 καί

2223 1483 2344 1539 τῶν
2372 1482 2709 1553 προφητῶν.
2751 1482 2846 1547 Τίς
2873 1483 2939 1536 ἂν
2968 1482 3134 1549 ἀξίως
3154 1485 3424 1555 θαυμάσοι
3449 1486 3548 1557 τῆς
3571 1486 3805 1561 ἀποστο-

2225 1575 2383 1647 λικῆς
2412 1575 2602 1643 σοφίας
2628 1574 2726 1646 τὴν
2758 1574 3022 1646 δύναμιν;
3066 1576 3272 1641 Ἐδειξε
3303 1576 3412 1648 γὰρ
3440 1578 3578 1631 κατὰ
3607 1578 3809 1630 ταυτὸν

2225 1668 2321 1720 καὶ
2373 1665 2721 1736 πεπαυμένον
2769 1667 2860 1719 τὸν
2904 1667 3088 1737 νόμον,
3142 1668 3235 1721 καὶ
3284 1666 3688 1739 συνηγοροῦντα
3732 1671 3805 1737 τῇ

2225 1760 2428 1831 χάριτι.
2466 1758 2760 1830 Ἀρμοδίως
2785 1759 2842 1811 δὲ
2873 1760 2967 1813 καὶ
2998 1759 3081 1823 τὸ,
3111 1758 3539 1829 πεφανέρωται,
3569 1757 3804 1810 τέθεικε.

550 1853 892 1923 pensationis
921 1853 1269 1924 mysterium,
1299 1852 1557 1907 omnibus
1591 1849 1947 1905 manifestum
1993 1847 2118 1903 red-

2230 1848 2299 1901 Τὸ
2323 1848 2433 1920 γὰρ
2457 1848 2839 1920 κεκρυμμένον
2854 1849 2959 1918 ¹τῆς
2983 1848 3293 1918 οἰκονομίας
3324 1850 3619 1920 μυστήριον
3640 1847 3808 1918 δῆλον

539 1940 711 1994 .ilidit.
760 1937 819 1993 in
852 1941 1043 2010 gratim
1077 1950 1259 1996 autem
1300 1947 1356 1995 et
1383 1941 1519 2011 legis
1558 1940 1855 1996 collatione
1879 1938 2123 1994 victoria:

550 2030 929 2085 excellentiam
952 2030 1215 2099 ostendit,
1245 2031 1636 2088 demonstrans
1662 2032 1834 2103 legem
1867 2031 2040 2102 ipsam
2070 2039 2124 2085 et

552 2118 850 2188 prophetas
876 2125 1045 2176 testes
1076 2135 1199 2177 esse
1224 2122 1431 2192 gratiae.

619 2295 788 2352 Vsus.
844 2297 934 2353 22.
997 2296 1227 2354 Justitia
1285 2308 1460 2354 autem
1515 2297 1614 2354 Dei
1644 2315 1736 2369 per
1789 2297 1947 2367 ﬁdem
1993 2294 2124 2349 Jesu

550 2385 751 2441 Christi
806 2387 863 2441 in
895 2404 1071 2443 omnes
1118 2400 1166 2444 et
1215 2404 1373 2458 super
1410 2404 1586 2443 omnes
1616 2403 1701 2442 eos
1744 2387 1834 2457 qui
1879 2385 2119 2440 credunt.

551 2480 839 2549 ltcpetitur
860 2479 1245 2550 quod-dictum
1278 2479 1478 2544 fuerat,
1504 2491 1564 2535 ut
1598 2483 1616 2504 ί
1657 2478 1954 2549 adjiciatur
1975 2477 2124 2547 quod

551 2570 765 2625 deerat.
790 2569 929 2636 Quia
956 2571 1101 2626 enim
1122 2570 1260 2626 dixit
1288 2568 1513 2625 Iustitia
1538 2569 1635 2624 Dei
1653 2570 1996 2639 manilestata
2024 2576 2125 2633 est,

551 2669 606 2715 et
623 2660 818 2717 deinde
853 2662 1097 2732 quaedam
1121 2661 1473 2733 interposuit,
1510 2662 1613 2716 hoc
1636 2660 1783 2716 dicto
1816 2659 2126 2714 necessario

554 2754 816 2825 repetito,
856 2755 1096 2810 ostendit
1130 2769 1224 2824 per
1246 2755 1404 2809 [idem
1435 2754 1489 2808 in
1534 2752 1822 2807 Dominum
1843 2750 2125 2806 Christum

552 2860 655 2900 eos
684 2845 779 2900 illa
816 2844 949 2909 frui,
982 2845 1097 2900 sive
1138 2846 1249 2900 sint
1277 2843 1471 2909 Judaei,
1506 2846 1622 2901 sive
1648 2844 1846 2906 (irmci,
1877 2845 1969 2914 qui
2006 2858 2125 2898 eam

553 2938 774 3008 assequi
805 2938 1139 2994 desiderant.
1172 2937 1309 2992 Illud
1342 2938 1485 2991 enim
1527 2938 1581 2991 iu
1622 2953 1823 2998 omnes,
1862 2935 1995 2991 dicit
2027 2935 2126 2990 Ju-

553 3030 735 3084 dmos:
777 3046 932 3099 super
966 3046 1143 3084 ontues
1199 3037 1405 3094 autem,
1454 3044 1550 3085 eos
1596 3028 1690 3098 qui
1733 3033 1959 3091 suntex
2003 3026 2126 3082 aliis

555 3122 829 3191 gentibus.
865 3121 1253 3193 Etpergitboc
1272 3120 1472 3177 docere
1501 3120 1771 3190 apertius.
1810 3117 1932 3172 Non
1984 3118 2122 3172 enim

558 3222 630 3267 est
652 3213 953 3275 distinctio.

628 3389 794 3447 Vens.
819 3390 909 3447 23.
945 3391 1136 3448 Omnes
1166 3393 1303 3447 enim
1324 3400 1686 3462 peccaverunt,
1710 3399 1758 3444 et
1784 3402 1927 3463 egent
1956 3391 2131 3463 gloria

558 3479 678 3535 Dei.
728 3479 927 3537 Paucis
975 3497 1170 3538 omnes
1213 3499 1336 3538 reos
1387 3497 1512 3539 esse
1550 3483 1794 3538 ostendit
1854 3490 1907 3538 et
1949 3484 2130 3554 gratia

558 3588 736 3645 egere.
752 3561 757 3568 ’

636 3664 800 3720 νειις.
841 3665 932 3720 2i.
984 3663 1279 3737 Iusti/irati
1320 3668 1492 3739 gratis
1525 3684 1618 3737 per
1670 3668 1901 3737 gratiam
1937 3666 2128 3735 ipsius,

558 3771 651 3824 per
692 3755 1094 3823 redemptionem
1149 3773 1265 3827 qua:
1311 3760 1479 3813 estin
1535 3758 1749 3812 Christo
1799 3756 1949 3811 Iesu.
2001 3754 2131 3809 Sola

561 3848 706 3901 enim
740 3845 845 3902 lide
878 3848 1044 3901 allata
1079 3858 1429 3918 peccatorum
1478 3850 1864 3906 remissionem
1916 3848 2133 3917 accepi-

562 3952 716 3992 mus:
748 3937 1009 4007 quoniam
1035 3939 1205 3993 veluti
1242 3940 1517 4010 quoddam
1554 3941 1950 4012 redemptionis
2002 3954 2131 4011 pre-

563 4027 722 4090 tium,
778 4042 876 4098 pro
908 4028 1069 4084 nobis
1124 4028 1388 4086 Dominus
1441 4029 1700 4088 Christus
1730 4047 1891 4086 suum
1928 4045 2133 4101 corpus

563 4118 783 4174 obtulit.

631 4208 802 4266 Vens.
846 4211 936 4266 25.
984 4211 1150 4278 Quem
1189 4215 1464 4279 proposuit
1512 4198 1651 4268 Deus
1704 4214 2134 4285 propitiationem

562 4318 655 4372 per
687 4303 842 4372 ﬁdem
883 4306 934 4359 iu
989 4322 1084 4359 suo
1119 4308 1393 4377 sanguine.
1431 4306 1879 4377 Propitiatorium
1904 4315 2024 4361 erat
2064 4308 2133 4360 la-

566 4398 711 4451 mina
745 4412 932 4460 aurca,
960 4415 1080 4469 quae
1113 4416 1278 4468 super
1306 4416 1491 4454 aream
1538 4401 1937 4465 incumbebat;
1966 4400 2137 4454 hahe-

564 4488 767 4558 hatque
818 4490 1074 4561 utrinque
1119 4490 1329 4562 elligies
1376 4491 1654 4546 Cherubin
1684 4491 1730 4546 δ.
1766 4492 1895 4546 Inde
1949 4500 2131 4545 autem

564 4596 719 4635 sacra
753 4581 976 4636 obeunti
1000 4578 1251 4637 Pontiﬁci
1273 4582 1556 4639 manifesta
1579 4582 1743 4638 ﬁebat
1777 4583 1867 4639 Dei
1894 4584 2133 4639 benevo-

568 4672 754 4727 lentia.
783 4672 949 4729 Docet
981 4688 1110 4745 ergo
1134 4674 1354 4730 divinus
1374 4679 1692 4746 Apostolus,
1724 4693 1916 4732 verum
1948 4677 2134 4747 propi-

569 4764 847 4819 tiatorium
889 4781 1013 4821 esse
1036 4765 1326 4821 Dominum
1355 4766 1657 4821 Christum.
1694 4766 1832 4822 illud
1866 4769 2013 4823 enim
2041 4784 2129 4823 νεα

567 4866 656 4912 tus
709 4856 872 4925 hujus
925 4867 1107 4929 typum
1144 4857 1390 4928 gerebat.
1424 4857 1820 4933 Convenit“
1854 4869 2037 4915 autem
2081 4860 2132 4916 ci

566 4949 666 5001 hoc
698 4963 895 5002 nomen
930 4958 1184 5017 tanquam
1212 4948 1445 5011 homini,
1474 4964 1581 5002 non
1617 4957 1874 5020 tanquam
1902 4950 2033 5005 Deo.
2066 4950 2134 5006 Ut

567 5043 709 5095 licus
737 5040 905 5106 enim,
939 5038 1059 5108 ipse
1098 5053 1425 5106 responsum
1457 5038 1634 5093 reddit
1660 5056 1753 5111 per
1799 5043 2128 5112 propitiato-

562 5132 703 5185 rium
739 5147 752 5185 :
779 5137 838 5182 ut
865 5130 1030 5182 homo
1052 5134 1255 5194 autem,
1289 5127 1430 5183 hanc
1460 5130 1876 5201 appellationem
1902 5132 2129 5203 recipit,

563 5224 709 5279 sicut
756 5230 810 5277 et
844 5221 1001 5284 alias,
1044 5227 1104 5273 ut
1148 5219 1288 5284 ovis,
1335 5231 1390 5275 et
1431 5237 1625 5293 agnus,
1658 5232 1710 5278 et
1748 5232 2133 5295 peccatum,et

565 5312 942 5373 maledictum,
979 5319 1031 5365 et
1061 5325 1399 5382 quaecunque
1416 5314 1709 5384 ejusmodi.
1743 5320 1806 5370 tit
1845 5318 2129 5388 antiquum

563 5402 786 5471 quidem
814 5399 1255 5469 propitiatorium
1274 5417 1468 5473 expers
1486 5414 1601 5460 crat
1620 5408 1926 5477 sanguinis,
1946 5415 2132 5477 utpote

567 5492 933 5545 inanimatam
972 5507 984 5543 :
1038 5492 1326 5563 sanguinis
1367 5505 1548 5553 autem
1604 5498 1906 5553 hostiarum
1950 5510 2134 5570 guttas

570 5580 889 5650 recipiebat.
922 5578 1183 5640 Dominus
1215 5594 1392 5641 autem
1411 5587 1665 5646 Christus
1695 5601 1746 5647 et
1782 5591 1919 5648 Deus
1942 5600 2046 5656 est,
2080 5603 2132 5649 et

638 5752 663 5793 ⁸
707 5753 874 5809 Exod.
912 5772 1030 5825 xxv,
1065 5762 1251 5823 26.75.

2229 1944 2528 2016 πεποίηκεν
2566 1943 2788 2000 ἅπασιν.
2854 1945 2942 1997 Ἐν
2989 1945 3046 1999 δέ
3088 1961 3151 2013 γε
3191 1946 3259 2014 τῇ
3305 1943 3664 2014 παρεξετάσει
3702 1942 3810 2013 τῆς

2227 2033 2466 2104 χάριτος,
2506 2035 2601 2087 καὶ
2632 2032 2725 2087 τοῦ
2760 2033 2945 2103 νόμου,
2985 2033 3154 2101 ἔδειξε
3186 2034 3284 2107 τήν
3310 2036 3408 2106 τῆς
3449 2034 3602 2105 νίκης
3631 2034 3808 2103 ὑπερ-

2227 2124 2409 2193 ϐολὴν,
2440 2124 2602 2178 αὑτὸν
2631 2124 2723 2178 τὸν
2746 2124 2908 2195 νόμον
2931 2124 3025 2179 καὶ
3057 2126 3183 2190 τοὺς
3213 2127 3495 2198 προφήτας
3523 2125 3810 2196 μάρτυρας

2225 2213 2509 2283 ἀποφήνας
2540 2215 2637 2284 τῆς
2668 2214 2905 2287 χάριτος.

2298 2305 2401 2376 κβν.
2438 2306 2799 2375 Δικαιοσύνη
2833 2307 2902 2361 δὲ
2949 2307 3096 2362 Θεοῦ
3144 2306 3243 2361 διὰ
3295 2309 3550 2373 πίστεως
3598 2306 3813 2374 Ἰησοῦ

2226 2398 2484 2468 Χριστοῦ
2534 2403 2621 2465 είς
2672 2399 2902 2465 πάντας
2949 2400 3049 2453 καὶ
3091 2400 3191 2454 ἐπὶ
3240 2400 3470 2467 πάντας
3522 2399 3666 2464 τοὺς
3708 2414 3811 2451 πι-

2226 2493 2575 2558 στεύοντας.
2614 2491 2929 2546 Ἀνελάϐετο
2948 2492 3009 2544 τὸ
3032 2492 3463 2563 προειρημένον,⁸
3479 2492 3566 2545 ἵνα
3591 2492 3811 2561 προσθῇ

2227 2581 2289 2635 τδ
2317 2581 2658 2651 λειπόμενον.
2694 2583 2913 2652 Ἐπειδὴ
2944 2582 3052 2653 γὰρ
3082 2578 3225 2648 εἶπε,
3259 2582 3621 2649 Δικαιοσύνη
3652 2581 3811 2635 Θεοῦ

2229 2670 2653 2740 πεφανέρωται,
2704 2668 2824 2725 εἶτα
2867 2689 2987 2725 τινα
3036 2672 3446 2743 παρενέθεικεν,
3492 2671 3813 2740 ἀναγκαίως

2227 2761 2415 2815 τοῦτον
2446 2762 2537 2816 τὸν
2568 2763 2725 2831 λόγον
2751 2764 3057 2831 ἀναλαϐὼν,
3086 2765 3325 2818 δείκνυσι
3356 2763 3444 2817 διὰ
3471 2764 3572 2834 τῆς
3601 2764 3682 2827 είς
3710 2764 3814 2816 τὸν

2229 2850 2505 2921 Δεσπότην
2526 2850 2760 2922 Χριστὸν
2783 2851 3014 2915 πίστεως
3042 2852 3242 2923 ταύτης
3269 2850 3656 2916 ἀπολαύοντας,
3690 2849 3809 2904 εἴτε

2242 2940 2481 2993 Ἰουδαῖοι
2516 2936 2645 2999 εἷεν,
2678 2942 2785 2995 εἴτε
2818 2941 3096 3013 Ἕλληνες,
3132 2943 3181 2995 οί
3209 2941 3411 3013 ταύτης
3448 2942 3630 3012 τυχεῖν
3656 2941 3812 3009 ἐφιέ-

2232 3049 2403 3103 μενοι.
2459 3032 2531 3084 To
2566 3032 2673 3104 γὰρ
2714 3037 2797 3099 εἰς
2833 3033 3079 3101 πάντας,
3123 3033 3248 3098 τοὺς
3295 3032 3579 3095 Ἰουδαίους
3620 3030 3766 3098 λέγει
3792 3048 3808 3060 ·

2229 3122 2329 3175 ἐπί
2356 3122 2587 3189 πάντας
2616 3123 2692 3188 δὲ,
2725 3125 2848 3186 τοὺς
2881 3126 2945 3176 ἐκ
2972 3124 3080 3177 τῶν
3115 3123 3289 3176 ἄλλων
3320 3123 3506 3177 ἐθνῶν.
3541 3121 3652 3174 Καὶ
3683 3122 3814 3172 ἑπι-

2155 3212 2198 3269 C
2235 3212 2387 3283 μένει
2429 3211 2587 3265 τοῦτο
2636 3213 2904 3267 διδάσκων
2954 3211 3320 3284 σαφέστερον·
3388 3213 3470 3266 Οὐ
3520 3211 3630 3281 γάρ
3675 3210 3813 3264 ἐστι

2232 3303 2526 3369 διαστολή
2537 3344 2549 3357 .

2304 3396 2409 3465 κγ.
2439 3393 2667 3462 Πάντες
2690 3393 3113 3465 γάρῆιιαρτον,
3147 3394 3241 3447 καί
3275 3393 3668 3461 ὑστεροῦνται
3700 3390 3819 3458 τῆς

2232 3485 2420 3554 δόξης
2450 3484 2554 3539 τοῦ
2595 3484 2762 3538 Θεοῦ.
2814 3486 2901 3539 Ἐν
2932 3485 3179 3554 συντόμῳ
3225 3486 3430 3545 πάντας
3477 3479 3814 3542 ὑπευθύνους

2233 3576 2422 3641 ἔδειξε,
2451 3576 2545 3629 καὶ
2574 3576 2673 3645 τῆς
2705 3576 2922 3646 χάριτος
2951 3575 3167 3637 ἐνδεεῖς.

2305 3667 2404 3719 κδ’.
2446 3668 2852 3735 Δικαιούμενοι
2881 3667 3107 3736 δαιοεὰν
3139 3664 3214 3734 τῇ
3242 3665 3429 3720 αὐτοῦ
3464 3664 3679 3734 χάριτι,
3712 3660 3816 3715 διὰ

2233 3756 2342 3824 τῆς
2379 3758 2848 3825 ἀπολυτρώσεως
2872 3757 2980 3825 τῆς
3002 3758 3069 3811 ὲν
3092 3755 3322 3825 Χριστῷ
3360 3754 3583 3823 Ἰησοῦ.
3622 3753 3814 3806 Πίστιν

2234 3848 2343 3919 γὰρ
2398 3848 2564 3919 μόνην
2621 3847 3047 3915 εἰσενεγκόντες,
3092 3846 3199 3899 τῶν
3251 3844 3666 3917 ἁμαρτημάτων
3711 3841 3815 3911 τὴν

2236 3944 2429 4012 ἄρρεσιν
2481 3939 2822 4009 ἐδεξάμεθα’
2892 3939 3077 4009 ἐπειδὴ
3140 3932 3251 3991 οἷόν
3313 3955 3365 3990 τι
3419 3936 3613 4007 λύτρον
3669 3934 3815 4005 ὑπὲρ

2236 4034 2394 4104 ήμῶν
2438 4032 2466 4083 ὁ
2510 4031 2783 4101 Δεσπότης
2834 4029 3067 4101 Χριστὸς
3104 4030 3165 4083 τὸ
3211 4031 3406 4084 οἰκεῖον
3443 4027 3811 4100 προαενήνοχε

2238 4123 2418 4192 σῶμα.
2976 4192 2985 4199 1

2307 4221 2404 4267 κε’.
2449 4216 2558 4268 Ὃν
2591 4212 2869 4282 προέθετο
2916 4216 2948 4267 ό
2982 4214 3126 4280 Θεὸς
3170 4213 3522 4281 ἱλαστήριον
3559 4209 3655 4264 διὰ
3701 4208 3811 4276 τῆς

2238 4306 2515 4370 πίστεως,
2544 4305 2613 4358 ἐν
2640 4303 2718 4369 τῷ
2748 4303 2935 4358 αὑτοῦ
2958 4305 3176 4374 αἵματι.
3206 4306 3278 4358 Τὸ
3306 4283 3615 4383 ἱλαστήριον
3649 4301 3813 4354 πέτα-

2236 4397 2327 4450 λον
2350 4392 2416 4469 ἦν
2443 4396 2703 4468 χρυσοῦν
2742 4395 2992 4449 ἐπέκειτο
3015 4396 3071 4448 δὲ
3096 4398 3162 4467 τῇ
3192 4393 3407 4465 κιϐωτῷ
3430 4412 3443 4424 ·
3477 4390 3813 4463 ἑκατέρωθεν

2238 4489 2294 4542 δὲ
2321 4487 2432 4560 εἶχε
2460 4491 2528 4542 τὰ
2554 4489 2661 4541 τῶν
2700 4487 2981 4559 Χερουϐὶμ
3023 4486 3416 4555 ἐκτυπώματα.
3465 4485 3704 4543 Ἐκεῖθεν
3735 4481 3813 4551 τῷ

2240 4584 2486 4654 ἀρχιερεῖ
2510 4580 2909 4651 λειτουργοῦντι
2945 4580 3157 4648 ἐγένετο
3192 4578 3325 4649 δήλη
3355 4577 3448 4631 τοῦ
3480 4575 3615 4630 Θεοῦ
3648 4576 3681 4646 ἡ
3722 4575 3815 4626 εύ-

2241 4676 2447 4745 μὲνεια.
2494 4674 2743 4727 Διδάσκει
2773 4674 2951 4726 τοίνυν
2995 4675 3022 4725 ὁ
3070 4672 3213 4735 θεῖος
3268 4670 3605 4733 Ἀπόστολος,
3646 4667 3719 4730 ὡς
3753 4665 3814 4717 τὸ

2236 4765 2485 4837 ἀληθινὸν
2509 4765 2815 4836 ἱλαστήριον
2838 4767 2865 4818 ὁ
2887 4765 3161 4835 Δεσπότης
3183 4764 3297 4816 ἐστὶ
3321 4763 3571 4832 Χριστός.
3606 4758 3814 4812 Ἐκεῖνο

2237 4859 2347 4930 γὰρ
2380 4860 2441 4912 τὸ
2477 4859 2702 4912 παλαιὸν
2728 4858 2916 4912 τούτου
2947 4858 3038 4912 τὸν
3067 4857 3238 4912 τύπον
3273 4858 3532 4928 ἐπλήρου.
3578 4853 3812 4925 ’Λρμότ-

2236 4967 2320 5003 τει
2345 4949 2401 5003 δὲ
2429 4949 2577 5020 αὐτῷ
2603 4948 2678 5012 ὡς
2708 4948 2980 5021 ἀνθρώπῳ
3011 4949 3070 5002 τὸ
3098 4949 3290 5019 ὅκομα,
3320 4949 3417 5019 οὐχ
3445 4947 3518 5010 ὡς
3548 4945 3685 5016 Θεῷ.
3724 4946 3813 5008 Ὠς

2239 5042 2346 5112 γὰρ
2376 5040 2529 5104 Θεὸς,
2567 5040 2727 5102 αὐτὸς
2754 5039 2841 5093 διὰ
2869 5040 2963 5093 τοῦ
2990 5039 3307 5109 ίλαστηρίου
3344 5036 3670 5110 χρηματίζει
3693 5051 3707 5066 °
3738 5034 3815 5099 ὡς

2238 5134 2294 5186 δὲ
2324 5132 2630 5204 ἄνδρωπος,
2677 5132 2768 5183 καὶ
2809 5132 3013 5202 ταύτην
3042 5131 3253 5202 δέχεται
3287 5128 3382 5199 τὴν
3416 5126 3814 5199 προσηγορίαν,

2240 5224 2489 5295 καθάπερ
2538 5225 2630 5278 καὶ
2662 5224 2758 5286 τὰς
2791 5223 2976 5288 ἄλλας,
3011 5218 3119 5276 οἷον
3156 5221 3447 5293 πρόϐατον,
3485 5219 3578 5273 καὶ
3621 5217 3809 5287 ἀμνὸς.

2240 5319 2335 5369 καὶ
2369 5316 2632 5387 ἁμαρτία,
2667 5315 2762 5369 καὶ
2794 5317 3031 5385 κατάρα,
3073 5315 3165 5367 καὶ
3194 5314 3293 5367 ὅσα
3322 5311 3565 5365 τοιαῦτα.
3614 5309 3722 5361 Καὶ
3753 5308 3816 5360 τὸ

2244 5411 2342 5478 μὲν
2373 5407 2598 5462 παλαιὸν
2632 5407 2938 5476 ἱλαστήριον
2965 5408 3059 5460 καὶ
3093 5407 3320 5475 ἄναιμον
3346 5400 3434 5475 ἦν,
3465 5403 3695 5472 ἐπείπερ
3720 5401 3815 5452 καὶ

2240 5500 2443 5569 ἄψυχον
2474 5515 2486 5529 ·
2534 5497 2629 5551 τοῦ
2664 5498 2720 5551 δὲ
2767 5499 2875 5551 τῶν
2927 5496 3138 5568 ἱερείων
3184 5496 3414 5566 αἵματος
3454 5494 3551 5556 τὰς
3596 5489 3814 5577 ῥανίδας

2243 5592 2471 5661 ἐδέχετο.
2515 5591 2576 5645 ’0
2607 5591 2661 5643 δὲ
2693 5592 2966 5662 Δεσπότης
2997 5588 3247 5659 Χριστὸς,
3281 5588 3371 5641 καὶ
3395 5588 3525 5650 Θεὸς
3556 5587 3690 5648 ἐστι,
3719 5581 3816 5636 καὶ
