4124 6408
567 395 636 458 87
1562 400 2053 463 THEODORETE
2088 401 2431 464 EPISCOPI
2452 404 2823 466 CYRENSIS
3779 403 3850 472 88

569 520 680 560 non
719 512 901 576 potest
931 515 991 561 ut
1020 504 1217 561 borum
1240 505 1460 578 quidem
1496 523 1686 564 curam
1720 519 1895 580 gerat,
1940 510 2137 565 illorun

2266 509 2373 564 τῶν
2410 511 2671 567 ἁπάντων
2700 514 2730 568 ὁ
2762 511 3109 584 Δημιουργύς
3132 528 3147 545 ·
3183 512 3278 567 καί
3315 509 3417 584 οὐχ
3446 505 3560 566 οἷόν
3597 528 3660 566 τε
3688 513 3852 569 αὑτὸν

567 610 701 652 vero
728 612 840 652 non
865 604 1037 669 gerat.
1062 597 1337 656 Omnibus
1354 615 1486 671 ergo
1509 601 1603 671 qui
1623 602 1888 668 credunt,
1919 602 2159 658 salutem

568 688 796 757 praebet.
833 688 1307 745 Circumcisionem
1340 699 1528 746 autem
1560 699 1719 747 vocat
1751 690 1994 757 Iudaeos,
2024 707 2160 761 pra:-

567 783 778 849 putium
818 797 955 837 vero
990 781 1103 854 ιθ
1144 792 1358 854 gentes.
1407 780 1584 838 Solvit
1635 798 1805 855 porro
1854 798 1978 839 eam
2026 797 2153 853 qua:

567 876 766 931 incidit
798 877 1185 946 objectionem.

636 966 800 1022 Vens.
833 969 897 1023 51
907 1010 920 1025 .
949 967 1135 1038 Legem
1160 984 1289 1039 ergo
1305 967 1629 1023 destruimus
1653 984 1745 1038 per
1764 967 1957 1038 ﬁdem?
1978 967 2155 1037 Absit,

564 1058 655 1114 sed
686 1059 850 1130 legem
878 1059 1188 1114 statuimus.
1216 1058 1401 1134 Multis
1432 1060 1579 1115 enim
1600 1059 1713 1129 jam
1760 1068 1907 1114 retro
1936 1059 2157 1114 saeculis

562 1160 616 1204 et
645 1150 729 1204 lex
764 1158 819 1205 et
841 1150 1123 1222 prophetae
1147 1151 1217 1207 de
1239 1151 1344 1207 ﬁde
1368 1152 1755 1222 prmdixerunt.
1792 1149 1983 1205 Fidem
2019 1165 2152 1221 ergo

562 1242 967 1313 suscipientes,
1023 1242 1197 1314 legem
1255 1244 1675 1300 conﬁrmamus.
1727 1242 1933 1298 Deinde
1994 1242 2153 1297 aﬂ'ert

561 1334 760 1389 horum
792 1335 1151 1405 probationes
1183 1352 1198 1403 ;
1229 1344 1283 1392 et
1327 1350 1452 1391 eum
1493 1344 1679 1406 posset
1733 1335 1970 1403 plurima
2020 1347 2152 1403 pro-

561 1426 850 1497 phetarum
902 1429 1222 1483 testimonia
1265 1427 1576 1493 adducere,
1609 1425 1787 1496 pergit
1847 1424 1915 1479 ad
1969 1424 2147 1495 ipsam

557 1502 872 1574 Iudaeorum
910 1520 1172 1585 radicem,
1201 1526 1255 1574 et
1289 1519 1530 1574 ostendit
1557 1516 1928 1588 patriarcham
1966 1516 2147 1569 Abra-

561 1612 786 1665 hamum
811 1611 1082 1682 justitiam
1114 1627 1212 1683 per
1260 1611 1421 1667 tidem
1460 1611 1847 1681 acquisivisse,
1886 1617 1942 1665 et
1973 1609 2145 1665 dicit:

1145 1788 1374 1847 CAPUT
1403 1789 1492 1845 IV.

2260 601 2371 655 τῶν
2426 602 2528 673 μὲν
2564 603 2980 675 ἐπιμελεῖσθαι,
3024 604 3153 668 τοὺς
3191 604 3252 659 δὲ
3306 603 3684 676 ἀτημελήτους
3730 606 3849 678 ὲᾷν.

2260 692 2470 747 Οὐκοῦν
2493 694 2666 748 ἅπασι
2692 697 2806 760 τοῖς
2831 695 3187 750 πιστεύουσιν¹
3210 695 3396 767 ὀρέγει
3419 696 3524 767 τὴν
3550 694 3847 767 σωτηρίαν.

2258 779 2525 839 Καλετδὲ
2571 786 2901 856 περιτομὴν
2936 787 3036 859 μὲν
3077 788 3205 851 τοὺς
3247 786 3559 855 Ἰουδαίους,
3598 788 3847 858 ἀκροϐυ-

2256 877 2438 930 στίαν
2465 877 2526 930 δὲ
2560 879 2631 932 τὰ
2658 878 2809 950 ἔθνη.
2846 879 2979 933 Λύει
3009 880 3065 933 δὲ
3091 878 3273 934 καὶτὸ
3304 878 3609 950 ύφορμοῦν.

2324 967 2425 1023 λα’.
2462 970 2665 1040 Νόμον
2692 969 2762 1024 δὲ
2795 972 3211 1041 καταργοῦμεν
3266 969 3369 1024 διὰ
3403 969 3519 1037 τῆς
3545 969 3846 1035 πίστεωςξ

2254 1059 2351 1129 Μὴ
2379 1060 2649 1130 γένοιτοο
2694 1062 2857 1117 ἀλλὰ
2896 1064 3088 1131 νόμον
3131 1058 3410 1130 ἱστῶμεν.
3462 1060 3704 1113 Ἀνωθεν
3735 1058 3848 1131 7&9

2255 1148 2348 1201 καὶ
2368 1149 2397 1201 ὁ
2414 1148 2598 1220 νόμος,
2631 1150 2726 1203 καὶ
2755 1150 2805 1203 oi
2837 1153 3136 1223 προφῆται,
3159 1148 3232 1204 τά
3247 1150 3293 1189 ³ο
3322 1148 3456 1220 περὶ
3481 1148 3583 1219 τῆς
3604 1147 3845 1211 πίστεως

2252 1238 2568 1295 ὲθὲσπισαν.
2611 1241 2903 1313 Δεχόμενοι
2935 1243 3116 1297 τοίνυν
3142 1239 3241 1315 τὴν
3268 1240 3479 1307 πίστιν,
3510 1237 3845 1310 βεϐαιοῦμεν

2249 1331 2342 1385 τὸν
2370 1332 2556 1403 νόμον.
2603 1330 2738 1388 Εἶτα
2766 1334 2973 1389 τούτων
3010 1334 3317 1406 προσφέρει
3358 1332 3459 1397 τὰς
3500 1330 3804 1396 ἀποδείξεις
3825 1348 3842 1361 ·

2251 1421 2346 1476 καὶ
2375 1423 2638 1487 πλείστας
2672 1424 3019 1496 παραγαγεῖν
3068 1422 3370 1493 δυνάμενος
3400 1420 3514 1475 τῶν
3544 1420 3844 1492 προφητῶν

2252 1514 2592 1586 μαρτυρίας,
2640 1517 2727 1569 ἐπ’
2776 1514 2952 1587 αὐτὴν
3003 1517 3175 1587 χωρεῖ
3229 1513 3342 1568 τῶν
3403 1512 3678 1567 Ἰουδαίων
3739 1510 3845 1581 τὴν

2249 1607 2446 1676 ῥίζαν,
2501 1607 2598 1661 καὶ
2640 1606 2880 1661 δείκνυσι
2925 1606 3019 1661 τὸν
3062 1606 3413 1677 πατριάρχην
3456 1603 3710 1676 Ἀϐραὰμ
3739 1603 3846 1675 τὴν

2245 1697 2341 1752 διὰ.
2384 1680 2624 1763 πίστεως
2671 1698 3022 1770 δικαιοσύνην
3072 1699 3461 1769 κτησάμενον,
3515 1696 3613 1751 καί
3665 1712 3840 1767 φησιο

2803 1790 3205 1845 ΚΕΦΑΛΔΙΟΝ
3242 1791 3296 1842 Δ⁹
3554 1797 3564 1804 ’

628 1877 857 1936 VensJ.
885 1878 1031 1948 Quid
1058 1897 1184 1951 ergo
1210 1881 1445 1935 dicemus
1480 1893 1683 1949 patrem
1716 1886 1958 1933 nostrum
1983 1877 2137 1932 Abra

2326 1887 2391 1936 α’.
2432 1882 2494 1938 Τί
2527 1876 2642 1936 οὗν
2664 1880 2919 1950 ἐροῦμεν
2968 1879 3214 1950 Ἀϐραὰμ
3257 1878 3366 1934 τὸν
3395 1875 3626 1945 πατέρα
3668 1872 3845 1945 ἡμῶν

555 1972 773 2026 hamum
795 1971 1053 2026 invenisse
1080 1970 1365 2026 secundum
1381 1972 1625 2025 carnem?
1654 1969 1919 2038 Ecquam,
1943 1969 2144 2040 inquit,

554 2069 850 2133 antequam
896 2061 1173 2117 Abraham
1240 2060 1353 2117 Deo
1384 2061 1672 2123 crederet,
1727 2059 1996 2130 justitiam
2021 2058 2147 2128 ejus

555 2169 657 2226 per
728 2168 896 2224 opera
948 2153 1122 2210 fuisse
1182 2154 1536 2209 audivimus?
1586 2151 1886 2208 Secundum
1931 2166 2146 2206 carnem

551 2243 698 2299 enim
725 2243 860 2306 dicit
908 2258 1029 2299 eam
1061 2257 1182 2314 quae
1214 2251 1299 2299 est
1325 2243 1381 2297 in
1412 2230 1696 2314 operibus,
1753 2240 2019 2312 quoniam
2044 2253 2145 2310 per

552 2350 757 2405 corpus
794 2350 959 2406 opera
999 2336 1333 2407 pet-agimus.

629 2420 800 2478 Vens.
826 2423 882 2478 2.
915 2422 975 2479 Si
1030 2427 1168 2478 enim
1200 2422 1468 2478 Abraham
1503 2439 1569 2479 ea:
1590 2423 1830 2494 operibus
1866 2423 2141 2494 justi/ica-

554 2524 639 2568 tus
672 2515 970 2589 crta/iubet
1027 2515 1551 2587 gloriatiouemucd
1592 2533 1698 2572 non
1750 2516 1891 2585 apud
1944 2515 2139 2572 Deum.

550 2610 831 2668 Bonorum
865 2626 1094 2683 operum
1122 2612 1386 2684 perfectio
1415 2627 1512 2668 eos
1535 2613 1630 2683 qui
1654 2620 1957 2682 operantur
1981 2625 2141 2666 coro-

550 2712 671 2770 ηιιι,
718 2705 813 2759 sed
875 2703 968 2760 Dei
1020 2705 1417 2776 benignitatem
1479 2719 1590 2760 non
1657 2702 1918 2760 ostendit.
1974 2702 2140 2759 Fides

551 2804 734 2851 autem
771 2803 1071 2867 utrumque
1124 2795 1482 2852 manifestum
1539 2795 1690 2861 facit,
1741 2803 1796 2850 et
1863 2794 1985 2864 ejus
2042 2794 2137 2865 qui

545 2887 728 2942 credit
760 2887 814 2941 in
843 2885 1011 2943 Deum
1037 2887 1315 2951 affectum,
1338 2896 1394 2943 et
1418 2886 1513 2942 Dei
1535 2886 1961 2957 benignitatem:
1994 2900 2138 2956 quo-

547 2977 698 3033 niam
730 2980 1044 3050 approbans
1075 2978 1255 3044 ﬁdem,
1306 2994 1430 3033 eum
1462 2978 1554 3049 qui
1586 2977 1677 3031 illa
1725 2976 1987 3048 praeditus
2030 2988 2135 3044 est,

547 3070 818 3127 victorem
854 3072 1119 3127 declarat.
1144 3071 1211 3126 Et
1242 3072 1347 3127 hoc
1380 3069 1673 3126 conﬁrmat
1702 3084 1802 3139 per
1834 3069 2137 3142 Scriptura:

547 3163 952 3222 testimonium.

617 3251 786 3317 Vens.
817 3254 870 3310 5.
906 3253 1051 3323 Quid
1062 3256 1201 3310 enim
1223 3255 1352 3310 dicit
1374 3253 1648 3323 Scriptura
1671 3256 1698 3311 2
1719 3253 1942 3309 credidit
1969 3254 2139 3309 Abra-

544 3344 669 3400 ham
695 3345 822 3411 Deo,
849 3354 899 3402 et
921 3354 1221 3417 rcputatum
1245 3345 1422 3401 εειίΗί
1439 3345 1509 3399 ad
1516 3345 1806 3415 justitiam.
1836 3343 1958 3400 Non
1989 3345 2139 3401 enim

543 3453 613 3493 ex
642 3438 756 3509 lege
777 3438 943 3494 vitam
985 3438 1285 3493 instituens
1310 3436 1665 3493 beatissimus
1702 3436 1977 3491 Abraham
1998 3434 2142 3490 divi—

544 3545 677 3585 num
708 3530 1087 3586 testimonium
1118 3536 1408 3585 assecutus
1434 3536 1519 3584 est
1542 3571 1558 3595 ,
1587 3527 1683 3585 sed
1709 3529 1758 3585 ei
1792 3529 1885 3598 qui
1918 3526 2139 3584 vocavit

544 3622 779 3679 credens
807 3621 1039 3694 justitiaa
1064 3620 1304 3677 fructum
1328 3620 1572 3692 collegit.

610 3801 779 3859 Vens.
822 3801 880 3857 4.
924 3799 995 3855 Ei
1023 3808 1199 3856 autem
1230 3802 1321 3871 qui
1351 3799 1461 3873 4³1
1491 3809 1761 3871 operatur,
1805 3814 1999 3854 merces
2030 3814 2133 3852 non

538 3895 834 3964 imputatur
848 3891 1135 3948 secundum
1160 3894 1414 3962 gratiam,
1439 3894 1529 3948 sed
1556 3893 1846 3948 secundum
1876 3891 2131 3946 debitum.

537 3986 808 4054 Oper-ator
840 3984 989 4040 enim
1040 3983 1277 4054 justitia:
1322 3986 1633 4042 mercedem
1670 3985 1962 4057 postulat:
2009 3984 2132 4053 jus-

536 4077 659 4131 titia
696 4084 884 4131 autem
920 4091 986 4131 ex
1039 4076 1145 4132 tlde
1193 4077 1400 4132 donum
1445 4088 1534 4134 est
1572 4077 1672 4133 Dei
1717 4078 2129 4133 universorum.

535 4167 653 4223 Hoc
682 4169 864 4223 enim‘
896 4166 1094 4224 docent
1118 4169 1286 4224 etiam
1316 4186 1438 4241 quae
1469 4177 1804 4241 sequuntur.

606 4257 774 4315 Vsus.
804 4259 858 4314 ὅ.
887 4257 951 4313 Ei
982 4276 1098 4314 vero
1127 4262 1218 4333 qui
1246 4278 1351 4318 non
1384 4272 1656 4331 operatur,
1693 4261 1928 4316 credenti
1951 4269 2130 4315 autem

540 4354 598 4406 in
624 4351 778 4405 illum
809 4351 901 4423 qui
924 4352 1195 4422 justiﬁcat
1238 4354 1480 4424 impium,
1524 4362 1806 4424 reputatur
1854 4353 1986 4423 ﬁdes
2014 4354 2129 4422 ejus

534 4443 606 4497 ad
626 4442 916 4514 justitiam.
944 4444 1083 4501 Cum
1108 4445 1189 4503 sic
1212 4461 1312 4517 per
1335 4446 1711 4519 patriarcham
1747 4446 2127 4501 Abrahamum

2244 1973 2565 2044 εὑρηκέναι
2614 1973 2768 2029 κατὰ
2814 1972 3054 2043 σάρκας
3093 1971 3265 2027 Ποίαν
3285 2011 3301 2037 ,
3348 1970 3485 2041 φησὶ
3506 2011 3523 2035 ,
3575 1966 3685 2039 πρὸ
3739 1965 3844 2020 τοῦ

2245 2065 2537 2120 πιστεῦσαι
2576 2066 2653 2137 τῷ
2683 2065 2806 2136 Θεῷ
2838 2065 2932 2119 τὸν
2976 2064 3255 2135 Ἀϐραὰμ,
3289 2058 3639 2130 δικαιοσύνην
3667 2055 3845 2113 αὐτοῦ

2243 2160 2312 2213 δι’
2343 2158 2522 2231 ἔργων
2569 2158 2950 2229 γεγενημένην
3007 2155 3363 2228 ἠκούσαμενς
3406 2151 3573 2208 Κατὰ
3638 2149 3845 2219 σάρκα

2244 2251 2353 2323 7&9
2386 2251 2480 2323 τὴν
2513 2252 2574 2304 ὲν
2615 2250 2798 2320 ἔργοις
2828 2249 2978 2320 λέγει
3005 2290 3019 2314 ,
3056 2247 3359 2321 ἐπειδήπερ
3397 2244 3488 2301 διὰ
3514 2242 3611 2299 τοῦ
3646 2241 3843 2314 σῶμα·

2243 2359 2334 2406 τος
2366 2342 2753 2413 ἐκπληροῦμεν
2780 2341 2849 2396 τά
2875 2340 3013 2411 ἔργα
3028 2340 3096 2395 ε’.

2316 2433 2381 2504 β’.
2428 2435 2496 2486 Ei
2540 2433 2652 2503 γὰρ
2692 2432 2941 2501 Ἀϐραὰμ
2993 2430 3063 2495 ἐξ
3091 2430 3283 2499 ἔργων
3322 2424 3671 2495 ἐδικαιώθη,
3702 2422 3844 2496 ἔχει

2241 2526 2525 2595 καύχημα
2553 2541 2567 2555 ·
2607 2524 2748 2580 ἀλλ’
2779 2526 2853 2579 οὐ
2892 2523 3042 2593 πρὸς
3071 2522 3182 2577 τὸν
3219 2523 3389 2577 Θεόν.
3442 2520 3509 2575 Ἦ
3548 2518 3658 2573 τῶν
3695 2518 3846 2587 ἀγα-

2243 2615 2352 2669 οῶν
2386 2616 2565 2688 ἔργων
2606 2616 2964 2688 ὲκπλήρωσις
2994 2613 3191 2678 αὐτοὺς
3225 2614 3482 2681 στεφανοῖ
3506 2611 3632 2674 τοὺς
3666 2611 3845 2680 ἐργα-

2241 2706 2541 2779 ζομένους,
2593 2707 2694 2780 τὴν
2734 2708 2793 2761 δὲ
2835 2705 2930 2760 τοῦ
2963 2704 3102 2759 Θεοῦ
3146 2701 3562 2775 φιλανθρωπίαν
3610 2700 3675 2755 οὺ
3719 2698 3845 2753 δεε-

2240 2817 2466 2854 κνυσινο
2505 2802 2539 2872 ὴ
2573 2799 2631 2854 δὲ
2667 2799 2854 2863 πίστις
2882 2798 3171 2870 ἀμφότερα
3219 2800 3365 2851 ποιεῖ
3393 2794 3553 2866 δῆλα,
3588 2792 3685 2848 καὶ
3733 2788 3850 2845 τοῦ

2239 2893 2672 2954 πεπιστευκότος
2703 2892 2803 2965 τὴν
2853 2890 2987 2962 περὶ
3013 2890 3104 2944 τὸν
3131 2888 3266 2943 Θεὸν
3293 2887 3571 2950 διάθεσιν,
3605 2884 3702 2940 καὶ
3733 2882 3847 2938 τοῦ

2237 2982 2376 3037 Θεοῦ
2430 2984 2493 3038 τὸ
2542 2982 2929 3055 φιλάνθρωπον
2952 2998 2966 3011 ⁸
3020 2983 3103 3036 ὅτι
3150 2982 3251 3052 τὴν
3303 2979 3489 3034 πίστιν
3538 2976 3842 3047 δεχόμενος

2238 3072 2609 3146 άνακηρύττει
2658 3073 2751 3128 τὸν
2803 3072 3166 3144 κεκτημένον.
3212 3069 3325 3124 Καὶ
3369 3066 3528 3123 τοῦτο
3580 3066 3671 3121 διὰ
3725 3064 3837 3136 τῆς

2240 3166 2527 3240 Γραφικῆς
2562 3166 2772 3237 βεϐαιοῖ
2807 3163 3138 3237 μαρτυρίας.

2312 3265 2384 3328 γ’.
2443 3259 2507 3312 Τί
2554 3257 2665 3327 γὰρ
2717 3258 2757 3325 ή
2817 3254 3032 3325 Γραφὴ
3099 3252 3263 3323 λέγει
3276 3270 3295 3317 ;
3350 3250 3716 3307 Ἐπίστευσε
3763 3248 3839 3303 δὲ

2255 3349 2503 3420 Ἀϐραὰμ
2522 3346 2603 3413 τῷ
2619 3346 2764 3414 Θεῷ.
2783 3345 2884 3401 καί
2898 3345 3187 3417 ἐλογίσθη
3215 3343 3379 3409 αὐτῷ
3407 3345 3495 3409 είς
3517 3341 3835 3396 δικαιοσύο

2239 3459 2378 3511 νην.
2428 3442 2504 3496 Οὐ
2545 3441 2654 3511 7&9
2688 3439 2833 3495 κατά
2876 3439 3040 3510 νόμον
3077 3436 3542 3507 πολιτευσάμενος
3574 3436 3603 3489 ὁ
3652 3432 3838 3505 μακά-

2243 3551 2357 3605 ριος
2394 3532 2649 3604 Ἀϐραάμ
2684 3532 2785 3602 τῆς
2814 3529 2969 3595 θείας
3001 3528 3312 3601 μαρτυρίας
3340 3527 3665 3598 τετύχηκεν,
3693 3524 3838 3580 ἀλλὰ

2237 3625 2316 3695 τῷ
2347 3623 2642 3697 κεκλτηιὸτι
2670 3621 2969 3687 πιστεύσας
3000 3621 3099 3693 τῆς
3142 3618 3495 3691 δικαιοσύνης
3540 3618 3632 3672 τὸν
3661 3615 3835 3672 πλοῦ-

2238 3734 2328 3770 τον
2358 3716 2649 3788 ἐτρύγησε.

2306 3808 2368 3863 δ’.
2423 3808 2506 3875 Τῷ
2547 3807 2617 3861 δὲ
2658 3805 3025 3878 ἐργαζομένῳ
3056 3805 3091 3859 ό
3133 3802 3358 3873 μισθὸς
3408 3802 3481 3856 οὐ
3532 3796 3837 3869 λογίζεται

2235 3902 2388 3957 κατὰ
2420 3901 2629 3971 χάριν,
2668 3898 2833 3955 ἀλλὰ
2872 3898 3026 3952 κατὰ
3081 3896 3405 3965 ὀφείλημα.
3472 3892 3533 3946 '0
3573 3891 3683 3961 7&9
3726 3890 3835 3960 τῆς

2235 3990 2580 4061 δικαιοσύνης
2625 3989 2870 4060 ἐργάτης
2916 3986 3112 4058 μισθὸν
3158 3985 3424 4041 άπαιτεῖ’
3465 3985 3499 4055 ἡ
3532 3982 3591 4036 δὲ
3625 3982 3690 4035 ὲκ
3736 3981 3834 4035 πί-

2237 4099 2405 4146 στεως
2442 4080 2758 4149 δικαιοσύνη
2803 4077 2978 4149 δῶρόν
3024 4079 3142 4130 ἐστι
3186 4076 3283 4131 τοῦ
3330 4074 3441 4129 τῶν
3480 4074 3620 4129 ὅλων
3661 4070 3827 4129 Θεοῦ.

2233 4176 2405 4230 Τοῦτο
2437 4176 2546 4247 7&9
2573 4174 2817 4229 διδάσκει
2842 4171 2938 4226 καὶ
2970 4170 3040 4225 τά
3068 4169 3218 4242 ἑξῆς.

2302 4275 2364 4323 ε’.
2406 4266 2497 4333 Τῷ
2535 4266 2605 4320 δὲ
2653 4264 2741 4336 μὴ
2772 4262 3177 4335 ἐργαζομένῳ,
3223 4260 3573 4317 πιστεύοντι
3620 4256 3691 4312 δὲ
3720 4256 3829 4312 ἐπὶ

2231 4362 2341 4416 τὸν
2389 4360 2739 4415 δικαιοῦντα
2790 4359 2901 4412 τὸν
2923 4355 3118 4425 ἀσεϐῆ
3141 4393 3157 4417 .
3213 4352 3509 4424 λογίζεται
3536 4351 3576 4419 ἡ
3610 4350 3827 4416 πίστις

2231 4454 2420 4509 αὑτοῦ
2456 4456 2545 4519 είς
2575 4451 2997 4518 δικαιοσύνην.
3042 4447 3201 4502 Οὖτω
3232 4446 3319 4499 διὰ
3348 4445 3443 4498 τοῦ
3476 4442 3827 4514 πατριάρχου

532 4539 871 4596 ostendisset
926 4540 1089 4596 tidem
1147 4556 1274 4597 esse
1315 4541 1702 4612 antiquiorem
1755 4540 1898 4610 lege,
1954 4542 2120 4596 alium

2242 4545 2494 4617 Ἀϐραάμ
2518 4544 2700 4609 δείξας
2742 4542 2834 4597 τοῦ
2862 4543 3031 4613 νόμου
3069 4537 3452 4610 πρεσϐυτέραν
3480 4537 3581 4604 τὴν
3610 4535 3826 4596 πίστιν,

534 4646 730 4688 rursus
759 4633 1017 4689 idoneum
1047 4634 1215 4705 hujus
1257 4643 1450 4689 testem
1487 4635 1643 4695 citat.
1674 4634 1845 4689 David
1888 4634 2123 4706 prophe-

531 4732 643 4777 tam
666 4730 721 4779 et
746 4739 928 4796 regem
960 4741 975 4780 :
995 4725 1082 4780 cui
1107 4725 1496 4781 universorum
1517 4723 1662 4780 Deus
1688 4724 1868 4781 factas
1891 4727 2125 4782 Abrahae

532 4814 933 4883 promissiones
1003 4817 1307 4872 renovavit.
1368 4815 1524 4871 Sicut
1586 4816 1732 4872 enim
1792 4818 2124 4887 patriarchae

528 4906 845 4965 Abrahamo
885 4909 1168 4980 pollicitus
1202 4916 1290 4965 est
1316 4924 1377 4965 se
1403 4909 1458 4963 in
1480 4908 1601 4979 ejus
1627 4910 1839 4966 semine
1860 4911 2121 4969 omnibus

526 5001 784 5073 gentibus
814 5003 1252 5065 benedicturum,
1286 5002 1359 5056 ita
1388 5002 1554 5058 etiam
1580 5003 1721 5057 dixit
1772 5003 2121 5060 divinissimo

532 5091 719 5148 Uavidi
754 5112 799 5149 ιι
832 5092 1009 5150 Semel
1036 5093 1221 5164 juravi
1282 5093 1336 5148 in
1388 5103 1580 5149 sancto
1626 5110 1787 5161 meo,
1846 5097 1891 5150 sl
1931 5094 2120 5150 Davidi

530 5188 800 5243 mentiar:
833 5200 1021 5241 semen
1044 5185 1166 5255 ejus
1197 5194 1382 5241 manet
1409 5186 1463 5241 in
1491 5186 1776 5250 saeculum,
1806 5195 1861 5242 et
1886 5187 2119 5244 thronus

527 5277 651 5348 ejus
688 5285 949 5351 tanquam
1010 5278 1092 5334 sol
1133 5293 1319 5333 coram
1383 5294 1503 5348 me,
1552 5287 1606 5336 et
1668 5287 1930 5351 tauquam
1992 5281 2120 5336 luna

533 5370 778 5440 perfecta
812 5371 867 5424 in
903 5377 1193 5436 :eternum,
1227 5380 1283 5427 et
1328 5373 1487 5429 testis
1526 5373 1581 5427 in
1611 5373 1753 5429 cmlo
1794 5372 1971 5430 tldelis
2016 5374 2035 5413 τ
2069 5393 2117 5429 ,ι

604 5527 623 5567 ῐ
665 5527 812 5585 Psal.
840 5540 1106 5593 Lxxxvm,
1135 5528 1226 5595 36,
1259 5532 1345 5587 58.

2229 4637 2419 4711 ἕτερον
2477 4636 2643 4690 πάλιν
2703 4633 3005 4706 ἀξιόχρεων
3070 4631 3325 4703 μάρτυρα
3397 4628 3603 4697 ταύτης
3663 4624 3831 4680 καλεῖ

2229 4730 2395 4785 Δαϐὶδ
2420 4729 2513 4784 τὸν
2548 4728 2839 4801 προφήτην
2878 4726 2975 4781 καὶ
3024 4722 3252 4796 βασιλέα
3278 4764 3293 4788 ,
3350 4721 3489 4792 πρὸς
3527 4719 3589 4773 ὃν
3637 4719 3666 4772 ὁ
3710 4717 3828 4771 τῶν

2228 4822 2366 4877 ὅλων
2394 4821 2527 4886 Θεδς
2554 4818 2897 4875 ἀνενεώσατο
2931 4817 3032 4881 τὰς
3058 4816 3198 4887 πρὸς
3243 4813 3337 4867 τὸν
3377 4811 3635 4883 Ἀϐραὰμ
3658 4824 3830 4878 γεγευ-

2226 4915 2533 4987 γενημένας
2566 4913 2917 4982 ἐπαγγελίας.
2955 4911 3170 4979 Ὥσπερ
3214 4905 3324 4977 γὰρ
3366 4904 3447 4973 τῷ
3496 4901 3827 4975 πατριάρκῇ

2230 5009 2498 5079 ὑπέσχετο
2537 5004 2809 5078 Ἀϐραὰμ,
2851 5007 2909 5058 ὲν
2940 5001 3019 5073 τῷ
3067 5000 3344 5071 σπέρματι
3388 4994 3551 5049 αὑτοῦ
3583 4994 3782 5064 εύλογή
3806 5022 3824 5033 ο

2230 5115 2343 5151 σειν
2366 5098 2542 5152 πάντα
2563 5096 2633 5150 τὰ
2647 5096 2797 5166 ἔθνη,
2814 5094 2958 5149 οὕτω
2983 5094 3077 5147 καὶ
3098 5090 3177 5162 τῷ
3197 5088 3460 5155 Θειοτάτῳ
3482 5086 3587 5157 ἔφη
3614 5084 3779 5138 Δαϐίδ
3802 5102 3821 5119 ο

2234 5208 2251 5241 ι
2294 5188 2478 5254 "Arreti
2521 5188 2713 5260 ὤμοσα
2770 5190 2829 5242 ὲν
2872 5185 2951 5258 τῷ
3004 5184 3147 5254 ἁγίῳ
3202 5198 3342 5252 μου,
3397 5180 3448 5232 εί
3517 5177 3597 5249 τῷ
3647 5175 3821 5232 Δαϐὶδ

2224 5282 2504 5352 ψεύσομαι
2530 5299 2545 5313 ο
2582 5281 2644 5335 τὸ
2678 5280 2900 5351 σπέρμα
2939 5275 3105 5332 αὐτοῦ
3145 5273 3227 5339 είς
3270 5273 3365 5327 τὸν
3412 5269 3585 5324 αἰῶνα
3621 5269 3773 5341 μένει
3797 5309 3815 5333 .

2230 5374 2326 5429 καὶ
2356 5377 2383 5428 ὁ
2411 5374 2601 5446 Θρόνος
2638 5372 2799 5427 αὐτοῦ
2825 5371 2901 5436 ὡς
2926 5372 2954 5425 ὁ
2980 5369 3131 5442 ἥλιος
3165 5363 3407 5421 ἐναντίον
3449 5380 3573 5435 μου,
3614 5361 3708 5416 καὶ
3736 5360 3817 5424 ὡς

1864 5675 2096 5732 γΑιιΙιΕ
2131 5669 2530 5731 LECTIONES.

602 5761 646 5791 ³⁸
678 5760 746 5841 τά
777 5758 928 5815 deest
950 5763 1086 5841 apud
1103 5763 1330 5820 (Eoum.
1412 5765 1853 5841 "_t.]l;lcnunenius
1893 5768 2078 5841 ἐπειδὴ
2100 5768 2188 5822 διὰ
2217 5769 2316 5837 τῆς
2358 5768 2557 5841 σαρκὸς
2589 5764 2915 5840 ἐκτελοῦμεν
2947 5783 2995 5819 τ.
3025 5783 3070 5819 ε.
3105 5763 3316 5823 Pariter
3336 5761 3602 5819 Theodul.
3626 5774 3804 5832 quan-

524 5830 818 5903 (loquidem
848 5847 942 5904 per
969 5834 1139 5904 ipsum
1174 5852 1392 5893 carnem
1422 5837 1679 5893 nimirum
1703 5854 1865 5908 Opera
1896 5830 2205 5909 pen-licinius
