4124 6390
391 399 461 461 se
1271 407 1887 475 INTERPRETATIO
1925 418 2163 480 EPIST.
2206 422 2307 481 AD
2348 382 2524 484 aoM.
2565 425 2724 487 CAP.
2766 427 2864 495 Iv.

3612 439 3684 503 90

393 516 427 582 ἡ
459 508 688 616 uti;qu
708 514 1140 616 κατηρτισμένη
1172 518 1252 583 είς
1281 520 1374 574 τὸν
1400 522 1576 578 αίῶνα
1603 540 1617 553 ·
1654 527 1753 580 καὶ
1786 530 1814 582 6
1863 530 1988 601 μάρ

2105 532 2171 587 Ει
2198 549 2392 592 rursus
2423 554 2439 592 :
2475 557 2495 589 ι
2536 536 2743 593 Ponam
2776 540 2833 594 in
2869 540 3005 595 mari
3030 556 3254 599 manum
3278 544 3488 616 ipsius,
3537 557 3590 605 et
3625 552 3679 603 in

388 620 489 666 τυς
527 603 588 656 ὲν
633 601 856 675 οὐρανῷ
909 607 1127 672 πιστός.
1169 628 1188 660 ι
1230 611 1341 664 Καὶ
1375 614 1570 669 πάλινο
1616 637 1634 669 ι
1659 618 1908 691 Θήσομαι
1942 624 2000 675 ἐν

391 693 644 765 θαλάσσῃ
671 698 837 765 χεῖρα
855 697 1051 765 αὑτοῦ,
1077 700 1176 753 καὶ
1196 702 1254 755 ἐν
1279 709 1545 776 ποταμοῖς
1563 709 1745 776 δεξιὰν
1773 713 1992 766 αὑτοῦ.»

330 791 335 797 '
391 787 506 839 Καὶ
554 783 758 850 αὖθις·
801 806 821 840 t
870 791 986 844 Καὶ
1041 797 1523 866 προσκυνήσουσιν
1589 801 1737 872 αὺτῷ
1800 805 2000 869 πάντες

388 876 440 929 οἱ
480 877 734 947 βασιλεῖς
762 880 865 950 τῆς
914 881 1050 951 γῆς,
1095 884 1278 940 πάντα
1322 886 1394 940 τὰ
1437 888 1566 960 ἔθνη
1621 891 1999 949 δουλεύσουσιν

388 967 569 1037 αὐτῷ,
610 987 630 1019 ι
670 969 770 1021 καὶ
805 969 876 1024 τὰ
921 969 1141 1035 τούτοις
1199 975 1525 1045 προσόμοια.
1560 980 1671 1031 Καὶ
1702 982 1998 1054 ἐπειδήπερ

388 1060 482 1112 τδν
517 1062 801 1133 μακάρων
833 1062 1039 1128 ἔδειξεν
1076 1065 1333 1138 Ἀϐραὰμ
1365 1068 1454 1122 διὰ
1506 1071 1745 1136 πίστεως
1774 1074 1873 1144 τὴν
1917 1075 1995 1128 δι-

387 1149 703 1220 καιοσύνην
726 1150 1098 1223 κτησάμενον,
1127 1154 1234 1224 πρὸ
1258 1154 1316 1209 δὲ
1345 1157 1444 1227 τῆς
1472 1158 1568 1212 τοῦ
1598 1159 1765 1230 νόμου
1792 1162 1994 1227 θέσεως

2103 626 2284 684 ﬂuviis
2316 627 2559 683 dextram
2594 631 2714 698 ejus
2775 634 2801 673 ε
2825 672 2839 687 .
2885 650 2904 684 ›
2943 632 3009 687 Et
3040 637 3271 692 rursus':
3305 654 3324 690 ι
3369 640 3434 692 Et
3486 641 3681 696 adora-

2105 715 2244 770 bunt
2279 732 2402 772 eum
2436 734 2628 774 omnes
2672 735 2829 790 reges
2863 728 3021 776 teme
3051 740 3066 777 :
3120 739 3311 780 omnes
3333 736 3525 796 gentes
3567 742 3682 783 ser-

2102 807 2256 861 vient
2305 808 2449 873 eih,
2495 828 2513 862 ι
2569 817 2624 865 et
2673 822 2868 865 caetera
2932 813 3225 881 ejusmodi.
3291 814 3359 869 Et
3424 819 3680 887 quoniam

2102 896 2340 952 ostendit
2368 899 2587 953 beatum
2626 900 2997 955 Abrahamum
3046 918 3145 972 per
3194 905 3356 960 ﬁdem
3407 908 3677 977 justitiam

2104 987 2516 1056 acquisivisse,
2572 999 2865 1060 antequam
2914 1000 3096 1048 autem
3148 995 3271 1049 data
3330 998 3417 1052 lex
3481 1008 3673 1056 esset.

2101 1073 2374 1128 Abraham
2397 1074 2598 1143 fueral,
2623 1079 2873 1147 apposite
2893 1082 3132 1137 ostendit
3157 1082 3434 1151 Davidem,
3462 1087 3553 1157 qui
3573 1088 3676 1143 sub

2104 1166 2221 1233 lege
2252 1166 2421 1231 vixit,
2449 1167 2571 1223 ﬁdei
2606 1172 2978 1227 testimonium
3008 1174 3247 1242 dedisse,
3283 1184 3339 1231 et
3364 1174 3500 1233 dicit
3526 1195 3541 1233 :

400 1234 669 1340 ᾍϐραὰμ
710 1240 997 1340 ἐγεγόνει,
1078 1244 1398 1314 ἀναγκαίως
1441 1247 1536 1302 τὸν
1596 1249 1763 1306 Δαϐὶδ
1813 1252 1920 1307 ὑπὸ
1952 1251 2034 1323 τῷ
2105 1254 2257 1325 νόμῳ
2307 1257 2768 1330 πολιτευσάμενον
2795 1302 2811 1327 ,
2868 1263 3110 1318 δείκνυσι
3179 1234 3559 1338 μαρτυροῦντα
3609 1272 3676 1340 τῇ

385 1328 608 1400 χάριτι,
645 1333 747 1386 καί
774 1351 912 1403 φησι
934 1350 949 1365 ’

464 1416 628 1489 ς’-η’.
685 1420 968 1490 Καθάπερ
1011 1422 1115 1476 καὶ
1169 1425 1352 1479 Δαϐίδ
1384 1425 1549 1497 λέγει
1586 1428 1694 1484 τὸν
1736 1447 1989 1500 μακαρι-

384 1508 555 1577 σμέν
584 1510 697 1564 τοῦ
738 1512 1081 1581 ἀνθρώπου,
1112 1509 1163 1583 ᾧ
1194 1519 1228 1571 ό
1257 1519 1403 1585 Θεὸς
1441 1519 1737 1590 ,λογίζεται
1776 1523 1994 1579 δικαιο-

380 1597 601 1665 σύνην
632 1600 820 1667 χωρὶς
861 1601 1075 1669 ἔργων·
1113 1605 1404 1674 Μακάριοι
1436 1602 1527 1663 ὧν
1578 1610 1895 1679 ἀφέθησαν
1930 1617 1992 1669 αἱ

382 1688 675 1758 ἀνομίαι,
731 1692 833 1746 καὶ
882 1688 972 1747 ὧν
1015 1696 1537 1766 ἑπεκαλύερθησαγ
1590 1704 1654 1755 al
1694 1703 1990 1771 ἁμαρτίαι.

2165 1430 2331 1490 Vens.
2352 1435 2468 1491 6—8.
2496 1436 2645 1492 Sicut
2666 1448 2716 1492 et
2737 1431 2905 1494 David
2924 1440 3052 1495 dicit
3093 1443 3469 1499 beatitudinem
3506 1444 3679 1500 homi-

2095 1525 2199 1591 nis,
2234 1527 2322 1579 cui
2368 1527 2509 1583 Deus
2540 1539 2753 1598 accepto
2785 1532 2888 1600 fert
2912 1533 3186 1601 justitiam
3234 1537 3346 1590 sine
3392 1536 3632 1606 operibus
3655 1553 3676 1592 :

2093 1615 2250 1670 Beati
2275 1634 2500 1688 quorum
2546 1622 2787 1676 remissa:
2821 1631 2947 1678 sunt
2983 1625 3320 1696 iniquitates,
3363 1637 3414 1682 et
3451 1644 3674 1698 quorum

2094 1713 2229 1760 tecta
2256 1715 2381 1760 sunt
2420 1720 2654 1775 peccata.
2690 1712 2886 1767 Beatus
2926 1715 3008 1767 vir
3050 1716 3138 1768 cui
3187 1732 3292 1770 non
3343 1717 3675 1786 imputaverit

383 1781 708 1894 ξῑακὰριος
759 1780 953 1893 ανὴρ,
1002 1779 1053 1854 ᾧ
1116 1790 1189 1842 οὐ
1240 1790 1327 1859 μὴ
1392 1792 1715 1862 λογίσηται
1773 1795 1988 1863 Κύριος

2095 1796 2355 1854 Dominus
2373 1799 2798 1871 “vaccatum.
2825 1803 2960 1870 Lex,
2998 1805 3196 1876 inquit,
3226 1807 3294 1862 iis
3314 1779 3426 1878 qui.
3445 1817 3673 1877 peccant

383 1872 715 1941 ἁμαρτίαν.
768 1874 828 1928 Ὀ
861 1875 1062 1946 νόμος,
1098 1878 1271 1949 φησὶ,
1312 1882 1425 1944 τοῖς
1457 1882 1839 1952 ἁμαρτάνουσι
1892 1885 1988 1953 τὴν

2096 1890 2425 1959 supplicium
2473 1892 2660 1947 intulit
2711 1909 2727 1947 :
2770 1896 3038 1965 propheta
3073 1872 3284 1952 “autem
3329 1872 3672 1954 cos-beatos

384 1964 676 2034 τιμωρίαν
706 1966 967 2034 ἐπήγαγε
993 1983 1006 1998 ο
1047 1969 1076 2020 6
1104 1967 1163 2020 δὲ
1198 1968 1493 2041 Προφήτης
1538 1972 1835 2044 μακαρίζει
1867 1976 1994 2039 τοὺς
2024 2050 2027 2053 _

382 2053 503 2107 τῶν
554 2055 980 2126 ἁμαρτημάτων
1019 2057 1351 2128 δεξαμένους
1396 2061 1494 2132 τὴν
1551 2062 1768 2131 ἄφεσιν.
1822 2066 1994 2136 Δῆλον

385 2143 578 2198 τοίνυν
613 2145 694 2208 ὡς
720 2145 792 2199 τὰ
837 2146 1082 2219 ἡμέτερα
1127 2150 1465 2221 μακαρίζει,
1508 2152 1603 2205 καὶ
1633 2153 1735 2223 τῆς
1772 2155 1995 2227 χάριτος

389 2235 776 2308 προαγορεύει
824 2238 894 2291 τὰ
941 2237 1112 2311 δῶρα.
1165 2241 1418 2295 Δείκνυσι
1468 2242 1525 2297 δὲ
1570 2243 1772 2316 ταύτην
1821 2245 1997 2301 ἅπασι

389 2331 801 2403 προκειμένην,
843 2333 938 2386 καί
966 2351 1101 2403 φησι
1146 2337 1267 2388 κατ’
1303 2337 1603 2408 ἐρώτησιν·

462 2423 534 2478 θ’.
586 2423 658 2476 '0
679 2425 1071 2495 μακαρισμὸς
1102 2421 1220 2509 οιξὶν
1260 2423 1443 2494 οὗτος
1475 2430 1574 2484 ἐπί
1621 2432 1738 2502 τὴν
1764 2447 1993 2503 περιτο-

381 2510 542 2583 μὴν,
569 2512 613 2581 ἢ
646 2512 750 2567 καὶ
773 2514 871 2574 ἐπὶ
898 2514 1015 2582 τὴν
1041 2517 1492 2585 ἁκροϐυστίανῖ
1521 2517 1657 2577 Εἶτα
1690 2523 1853 2580 πάλιν
1884 2525 1994 2579 ἀπὸ

386 2600 486 2656 τοῦ
552 2602 919 2675 πατριάρχου
963 2603 1226 2676 Ἀϐραὰμ
1287 2607 1576 2680 συνίστησι
1638 2611 1699 2665 τὸ
1765 2613 1992 2685 προκεί-

455 2783 739 2854 Δέτομεν
766 2784 879 2855 γὰρ
901 2785 993 2840 ὅτι
1014 2784 1304 2856 ἐλογίσθη
1327 2788 1409 2855 τῷ
1436 2790 1686 2860 Ἀϐραὰμ
1714 2793 1754 2862 ἡ
1785 2794 1993 2863 πίστις

383 2877 477 2942 εις
525 2875 959 2946 δικαιοσύνην.
1011 2876 1141 2949 (ι’.)
1187 2879 1320 2946 Πῶς
1375 2878 1491 2938 οὖν
1538 2883 1869 2954 ἐλογίσθη;
1920 2888 1993 2943 ἐν

383 2965 687 3036 περιτομῇ
716 2967 880 3031 ὄντι,
926 2968 965 3035 ἢ
999 2968 1073 3021 ἐν
1095 2969 1505 3040 ἀκροϐυστ[ᾳ;
1541 2974 1664 3028 Οὐκ
1707 2973 1779 3027 ἐν
1829 2990 1991 3044 περι-

384 3057 561 3127 τομῇ,
593 3059 745 3113 ἀλλ’
781 3059 855 3113 ἐν
894 3059 1287 3128 ἀκροϐυστίᾳ.
1326 3061 1567 3129 Ἔδειξεν
1606 3064 1666 3117 οὐ
1706 3066 1866 3137 μόνον
1894 3067 1988 3120 τοῦ

2091 1979 2391 2046 existimat,
2417 1982 2508 2052 qui
2529 1991 2879 2053 peccatorum
2914 1987 3293 2043 remissionem
3318 1997 3667 2058 acceperunt.

2092 2068 2439 2126 Manifestum
2471 2082 2557 2129 est
2608 2090 2759 2145 ergo,
2805 2077 2951 2146 quod
2996 2092 3098 2133 nos
3149 2078 3340 2135 beatos
3390 2080 3667 2149 praedicet,

2092 2170 2149 2213 et
2172 2162 2361 2231 gratiae
2397 2162 2538 2218 dona
2566 2165 2770 2221 laudet.
2802 2164 3054 2222 Ostendit
3080 2176 3262 2225 autem
3303 2169 3445 2223 hanc
3486 2169 3671 2226 omni-

2093 2251 2195 2309 bus
2217 2267 2340 2309 esse
2371 2256 2726 2326 propositam,
2755 2265 2807 2313 et
2829 2258 2959 2314 dicit
2993 2274 3090 2330 per
3144 2261 3665 2332 interrogationem:

2164 2429 2331 2488 Vens.
2364 2433 2417 2489 9.
2460 2433 2746 2490 Bcatitudo
2776 2452 2895 2506 ergo
2918 2435 3030 2491 lucc
3058 2437 3114 2491 in
3150 2438 3565 2503 circumcisione,
3596 2454 3668 2492 an

2091 2522 2253 2576 etiam
2288 2523 2344 2578 in
2384 2527 2688 2594 prteputio?
2730 2525 2936 2582 Deinde
2988 2542 3183 2584 rursus
3231 2544 3299 2583 ex
3355 2529 3667 2598 patriarcha

2092 2614 2406 2670 Abrahamo
2428 2615 2715 2673 conﬁrmat
2742 2617 2797 2671 id
2833 2619 2980 2688 quod
3006 2628 3090 2674 est
3115 2620 3476 2690 propositum.

2164 2786 2405 2843 Dicimus
2459 2789 2597 2843 enim
2646 2762 2788 2860 quod
2828 2798 3074 2859 reputata
3122 2799 3201 2844 est
3255 2789 3483 2846 Abt-alue
3532 2790 3665 2861 ﬁdes

2091 2870 2161 2925 ad
2198 2871 2496 2941 justitiam.
2530 2870 2731 2943 (Vens.
2760 2873 2887 2944 10.)
2919 2872 3194 2940 Quomodo
3244 2890 3363 2943 ergo
3418 2884 3666 2943 reputate

2090 2964 2197 3017 est?
2228 2961 2292 3016 Ei
2319 2963 2412 3032 qui
2440 2964 2630 3017 eratin
2661 2965 3077 3029 circumcisione,
3113 2981 3182 3018 an
3219 2966 3267 3018 ei
3312 2966 3402 3035 qui
3433 2967 3487 3018 in
3526 2980 3667 3033 prte-

2088 3056 2276 3123 putio?
2303 3053 2424 3109 Non
2455 3055 2509 3109 in
2545 3056 2964 3119 circumcisione,
3020 3054 3112 3110 sed
3145 3056 3203 3109 in
3231 3055 3511 3123 prwputio.
3566 3053 3671 3110 Os-

382 3150 578 3222 νόμου,
612 3151 761 3205 ἀλλὰ
789 3151 889 3205 καὶ
921 3150 1095 3221 αὐτῆς
1133 3152 1234 3222 τῆς
1260 3154 1568 3225 περιτομῆς
1601 3155 1985 3230 πρεσϐυτέραν

2092 3145 2264 3202 tendit
2297 3160 2406 3201 non
2433 3147 2611 3201 solum
2635 3147 2777 3217 lege.
2802 3145 2895 3202 sed
2922 3146 3036 3216 ipsa
3057 3145 3217 3201 etiam
3241 3145 3669 3200 circumcisione

380 3245 484 3317 τὴν
510 3245 731 3307 πίστιν,
768 3245 869 3297 καὶ
908 3244 991 3297 ὅτι
1025 3244 1135 3315 πρὸ
1176 3244 1275 3314 τῆς
1306 3246 1613 3318 περιτομῆς
1638 3250 1667 3302 6
1715 3250 1990 3321 πατριάρ-

382 3354 483 3407 χης
508 3337 618 3405 τῆς
650 3335 800 3389 κατὰ
820 3334 923 3406 τὴν
949 3335 1137 3388 πίστιν
1169 3335 1517 3405 δικαιοσύνης
1543 3338 1645 3410 τὴν
1678 3340 1988 3413 μαρτυρίαν

382 3426 627 3494 ἐδέξατο.
683 3424 803 3479 Ποῦ
850 3425 1032 3479 τοίνυν
1066 3424 1242 3479 ἐδεῖτο
1289 3427 1391 3497 τῆς
1423 3432 1749 3503 περιτομῆς,
1781 3431 1881 3503 τὴν
1924 3434 1987 3486 ἐκ

383 3519 621 3583 πίστεως
675 3516 1035 3589 δικαιοσύνην
1085 3516 1473 3589 κτησάμενοςς
1525 3521 1781 3577 Διδάσκει
1828 3524 1987 3578 τοῦτο

389 3611 591 3680 σαφῶς.

458 3708 543 3755 ια’.
582 3699 705 3755 Καὶ
754 3698 1016 3768 σημεῖον
1054 3699 1238 3755 ἔλαϐε
1278 3702 1602 3773 περιτομῆς
1620 3744 1636 3770 ,
1685 3706 1986 3777 σφραγῖδα

388 3789 489 3861 τῆς
531 3791 946 3858 δικαιοσύνης
977 3789 1090 3858 τῆς
1142 3792 1402 3859 πίστεως
1430 3793 1539 3863 τῆς
1581 3795 1652 3849 ἐν
1691 3794 1770 3864 τῇ
1813 3796 1986 3864 ἀκρο.

382 3886 623 3952 ϐυστίᾳ.
667 3883 750 3937 Οὐ
788 3883 1144 3952 δικαιοσύνη,
1194 3886 1393 3954 φησὶν,
1441 3886 1649 3957 ἐστινὴ
1687 3888 1982 3957 περιτομὴ,

2090 3236 2251 3293 ﬁdem
2283 3252 2405 3292 esse
2438 3237 2823 3307 antiquiorem,
2854 3245 2910 3293 et
2934 3236 3079 3308 quod
3109 3243 3234 3290 ante
3280 3235 3662 3290 circumcisio-

2088 3339 2212 3379 nem
2261 3324 2572 3394 patriarcha
2615 3325 2848 3393 iustitia:
2871 3324 3175 3382 secundum
3224 3323 3381 3380 ﬁdem
3423 3324 3670 3386 testimo-

2088 3416 2239 3471 nium
2277 3417 2512 3488 accepit.
2558 3415 2793 3473 Ubinam
2820 3419 2840 3439 '
2869 3433 2998 3489 ergo
3051 3415 3477 3472 circumcisione
3528 3430 3667 3484 opus

2088 3507 2323 3563 habebat
2380 3508 2476 3579 qui
2528 3524 2594 3565 ex
2649 3508 2756 3564 ﬁde
2801 3509 3076 3580 justitiam
3132 3507 3504 3580 acquisierat?
3548 3506 3665 3562 Hoc

2089 3610 2274 3669 aperte
2312 3599 2492 3656 docet.

2164 3689 2328 3746 Vens.
2384 3692 2472 3746 il.
2524 3691 2594 3745 Et
2654 3693 2853 3761 accepit
2894 3691 3123 3762 ‘signum
3200 3691 3661 3757 circumcisionis,

2085 3782 2416 3851 signaculum
2435 3782 2665 3851 justitia:
2695 3782 2821 3851 ﬁdei
2852 3800 2969 3854 qua:
3003 3793 3081 3838 est
3127 3783 3184 3836 in
3228 3783 3506 3851 prmputio.
3543 3781 3656 3836 Non

2085 3880 2191 3935 est,
2226 3871 2437 3939 inquit,
2466 3873 2815 3927 circumcisio
2859 3872 3098 3941 justitia,
3139 3872 3236 3927 sed
3288 3872 3660 3928 testimonium

380 3980 518 4033 ἀλλᾶ
570 3977 864 4050 μαρτυρία
918 3977 1309 4049 δικαιοσύνης,
1383 3980 1477 4033 καὶ
1546 3980 1824 4050 σφραγὶς,
1890 3979 1984 4031 καὶ

2090 3961 2334 4033 iustitiae,
2365 3970 2419 4017 et
2448 3963 2819 4032 signaculum,
2851 3971 2905 4017 et
2934 3962 3151 4033 signum
3183 3961 3307 4016 ﬁdei
3342 3976 3506 4032 quam
3534 3975 3663 4018 ante

382 4073 613 4141 σημεῖον
654 4069 762 4141 τῆς
814 4070 1085 4135 πίστεως,
1138 4070 1208 4142 ῆν
1259 4071 1367 4143 πρὸ
1410 4071 1513 4142 τῆς
1548 4072 1851 4143 περιτομῆς
1882 4072 1984 4125 ἐπ-

380 4162 465 4215 εδε
475 4164 490 4215 ί
496 4162 652 4228 ξατο.

442 4254 551 4318 Εἰς
598 4252 672 4305 τὸ
726 4247 889 4306 εἶναι
937 4250 1128 4306 αὑτὸν
1164 4249 1392 4319 πατέρα
1445 4250 1691 4307 πάντων
1738 4253 1859 4307 τῶν
1887 4268 1981 4308 πι-

2087 4053 2563 4110 circumcisionem
2592 4052 2935 4109 exhibuerat.

2160 4248 2227 4304 Ut
2259 4250 2328 4304 sit
2369 4258 2520 4319 pater
2566 4247 2801 4304 omnium
2834 4246 3156 4303 credentium
3202 4263 3294 4318 per
3322 4251 3658 4320 praeputium,

377 4345 738 4398 στενόν-των
776 4341 855 4396 δι’
904 4343 1346 4411 ἀκροϐυστίας,
1382 4345 1471 4407 εὶς
1515 4344 1580 4397 τὸ
1620 4344 1984 4413 λογισθῆναι

2090 4354 2137 4397 ιιι
2166 4343 2450 4410 imputetur
2484 4343 2559 4396 eis
2583 4342 2823 4410 justitia.
2856 4344 2875 4413 (
2904 4343 3068 4400 Vens.
3107 4343 3189 4397 12.
3223 4343 3242 4415 )
3278 4342 3346 4397 Et
3390 4343 3460 4397 sit
3509 4353 3662 4411 pater

378 4434 479 4487 καὶ
511 4433 732 4499 αὐτοῖς
770 4433 891 4499 τὴν
946 4432 1367 4501 δικαιοσύνην.
1417 4432 1556 4504 (ιβ’.)
1593 4432 1705 4487 Καὶ
1754 4434 1982 4501 πατέρα

2090 4432 2521 4487 circumcisionis.
2558 4430 2684 4503 1Hic
2729 4441 2951 4502 oportet
3009 4432 3371 4503 distinguere.
3409 4432 3662 4488 Ostendit

377 4520 738 4592 περιτομῆς.
778 4516 911 4576 ’Ὧδε
947 4522 1054 4591 χρὴ
1085 4499 1300 4585 στίξαι.
1323 4499 1575 4575 Δείκνυσι
1609 4523 1715 4593 γὰρ
1744 4522 1836 4576 τὸν
1876 4499 1983 4577 πα-

2090 4526 2230 4581 cnitn
2256 4499 2624 4595 patriarcham
2663 4499 3074 4595 (Ahrahamum
3106 4528 3125 4594 )
3156 4499 3390 4594 primum
3437 4524 3658 4593 quidem

377 4613 681 4684 τριάρχην,
709 4612 930 4683 πρῶτον
958 4613 1057 4684 μὲν
1086 4611 1195 4667 τῶν
1217 4615 1275 4666 ὲν
1311 4613 1653 4685 ἀκροϐυστίᾳ
1682 4632 1980 4669 πεπιστευ-

378 4705 560 4757 κᾶτων
605 4704 828 4774 πατέρα
857 4719 870 4733 ⁸
926 4702 1118 4773 ἐπειδὴ
1171 4702 1267 4757 καὶ
1310 4704 1475 4765 αὐτὸς
1531 4704 1871 4775 ἁκρόϐυστος
1902 4704 1979 4758 ὢν

377 4795 459 4847 ἔτι
484 4835 502 4858 ,
554 4794 619 4847 τὺ
676 4794 778 4863 τῆς
811 4794 1047 4857 πίστεως
1089 4793 1261 4864 δῶρον
1311 4795 1685 4866 προσενήνοχε
1718 4794 1796 4863 τῷ
1823 4796 1975 4867 Θεᾷν

375 4886 576 4938 ἔπειτα
630 4883 822 4954 μέντοι
873 4883 964 4936 καὶ
1015 4883 1320 4947 Ἰουδαίων,
1387 4883 1464 4947 ὡς
1518 4883 1620 4955 τῆς
1674 4887 1979 4955 περιτομῆς

376 4979 532 5045 αὐτῷ
560 4975 1041 5044 κοινωνησάντων.
1067 4976 1179 5028 Καὶ
1201 4975 1262 5028 τὸ
1291 4975 1424 5029 αὐτὸ
1447 4975 1611 5029 πάλιν
1639 4976 1978 5048 σαφέστερον

374 5067 467 5123 διὰ
495 5067 613 5120 τῶν
668 5066 1092 5137 ἐπιφερομένων
1120 5065 1363 5120 διδάσκει
1387 5082 1400 5096 ·
1441 5069 1524 5120 Οὐ
1550 5066 1676 5132 τοῖς
1703 5067 1772 5120 ἐκ
1822 5082 1982 5136 περι-

374 5158 571 5228 τομῆς
627 5158 866 5227 μόνον,
925 5158 1089 5212 ἀλλὰ
1136 5158 1235 5211 καί
1292 5158 1419 5225 τοῖς
1479 5159 1798 5229 στοιχοῦσι
1855 5159 1980 5227 τοῖς

375 5253 587 5322 ἵχνεσι
630 5247 745 5315 τῆς
782 5250 1047 5314 πίστεως
1089 5247 1201 5318 τῆς
1229 5249 1301 5303 ἐν
1332 5248 1408 5319 τῇ
1452 5251 1822 5318 ἀκροϐυστίᾳ
1870 5252 1978 5305 τοῦ

375 5342 612 5409 πατρὸς
658 5339 835 5409 ἡμῶν
871 5338 1154 5410 Ἀϐραάμ.
1186 5339 1247 5393 Εἰ
1273 5343 1383 5411 γάρ
1410 5358 1496 5404 τις
1524 5340 1585 5406 ἐξ
1606 5340 1774 5395 ἐθνῶν
1796 5341 1978 5412 ὁρμώ-

380 5450 578 5502 μενος,
621 5433 722 5484 καὶ
760 5430 1072 5504 περιτομὴν
1113 5430 1175 5483 οὐ
1214 5430 1570 5501 δεδεγμένος,
1628 5430 1974 5504 ἰχνηλατήσει

376 5525 478 5595 τὴν
510 5525 703 5577 πίστιν
739 5522 961 5592 ἐκείνην
1018 5522 1112 5574 τοῦ
1171 5522 1510 5594 πατριάρχου
1537 5563 1553 5588 ,
1602 5522 1672 5591 ἢν
1718 5522 1822 5594 πρδ
1875 5523 1975 5594 τῆἶ

378 5615 693 5685 περιτομῆς
725 5611 1047 5678 ἐπεδείξατο
1068 5653 1083 5677 ,
1121 5611 1224 5681 τῆς
1272 5611 1481 5665 ἐκείνου
1518 5612 1840 5681 συγγενείας
1873 5612 1973 5666 οὐκ

450 5795 475 5835 ε
517 5790 666 5848 l’sal.
700 5789 1084 5857 ιςιχτιιι,⁴26.
1166 5790 1191 5829 ιι
1232 5788 1376 5847 Psal.
1407 5805 1567 5855 LXXI,
1604 5791 1686 5846 ll‘.

2089 4624 2296 4685 patrem
2329 4629 2519 4668 eorum
2551 4614 2644 4684 qui
2683 4629 2748 4668 ex
2799 4614 3065 4685 prarputio
3110 4614 3481 4678 crediderunt,
3519 4627 3656 4680 quo-

2084 4706 2230 4761 niam
2264 4712 2321 4760 et
2359 4705 2495 4775 ipse,
2531 4719 2654 4759 cum
2697 4703 2876 4759 adhuc
2912 4704 3137 4760 haberet
3183 4704 3524 4775 praeputium,
3549 4701 3658 4756 Deo

2083 4797 2209 4851 ﬁdei
2241 4797 2445 4851 donum
2483 4795 2688 4851 obtulit
2720 4813 2733 4849 :
2764 4795 2961 4850 deinde
3008 4806 3187 4851 autem
3225 4805 3277 4850 et
3322 4793 3656 4857 Judteorum,

2084 4896 2148 4942 ut-
2168 4886 2258 4958 qui
2298 4886 2500 4941 fuerint
2535 4902 2658 4940 cum
2707 4886 2801 4940 illo
2847 4887 3291 4942 circumeisionis
3337 4884 3657 4955 participes.

2084 4975 2150 5030 Et
2170 4976 2272 5031 hoc
2300 4974 2477 5045 ipsum
2507 4989 2602 5044 per
2628 4974 3020 5043 subsequentia
3048 4975 3208 5029 docet
3227 4973 3470 5043 apertius
3497 4987 3509 5024 :
3534 4970 3655 5025 Non

2081 5064 2148 5117 iis
2177 5072 2383 5117 tantum
2413 5062 2501 5131 qui
2537 5071 2661 5116 sunt
2713 5077 2779 5116 ex
2817 5061 3240 5126 circumcisione,
3271 5060 3361 5114 sed
3386 5069 3435 5113 et
3466 5059 3532 5112 iis
3565 5058 3658 5126 qui

2080 5155 2192 5229 49
2205 5164 2473 5210 sectantur
2496 5154 2715 5226 uestigia
2742 5153 2886 5224 ﬁdei,
2912 5169 3028 5224 qua:
3041 5161 3119 5207 est
3140 5153 3191 5206 in
3210 5152 3466 5221 prwputio
3483 5150 3654 5219 patris

2084 5248 2253 5301 nostri
2282 5245 2592 5303 Abrahami.
2631 5245 2689 5301 Si
2715 5245 2840 5315 quis
2879 5245 3024 5300 enim
3053 5258 3121 5299 ex
3171 5242 3426 5314 gentibus
3472 5249 3655 5309 ortus,

2082 5339 2503 5394 circumcisione
2535 5354 2643 5394 non
2681 5346 2923 5407 accepta,
2959 5336 3104 5392 illam
3135 5336 3461 5407 patriarchae
3495 5336 3662 5393 ﬁdem

2083 5438 2306 5485 secutus
2338 5429 2518 5494 fuerit,
2554 5444 2719 5497 quant
2770 5439 2900 5484 ante
2944 5427 3426 5484 circumcisionem
3471 5433 3657 5482 osten-

2082 5521 2257 5588 derat,
2297 5522 2444 5577 illius
2466 5521 2793 5593 cognatione
2847 5536 2957 5575 non
3005 5519 3382 5577 frustrabitur.
3419 5517 3653 5575 Univer-

2087 5628 2271 5669 sorum
2304 5612 2447 5670 enim
2478 5612 2640 5677 Deus.
2661 5627 2781 5669 cum
2812 5611 3171 5682 prmvidisset,
3200 5617 3463 5683 tanquam
3491 5608 3655 5674 Deus,
