4124 6462
469 428 536 497 91
1448 424 1939 487 THEODORETI
1968 422 2313 484 EPISCOPI
2346 425 2538 485 CYRE
2546 426 2636 487 ΝΞ
2648 427 2713 485 [S
3670 424 3750 488 92

474 557 536 599 se
567 558 734 598 unum
772 543 1032 615 populum
1075 557 1140 597 ex
1170 540 1376 598 Iudaeis
1405 551 1459 597 et
1480 516 1737 613 gentibus
1768 553 2067 611 congrega-

2201 538 2553 605 ιποτεύξεται.
2603 541 2664 593 '0
2710 538 2821 609 γάρ
2856 537 2964 591 τῶν
3001 536 3139 591 ὅλων
3166 535 3303 601 Θεὸς
3324 577 3338 601 ,
3393 536 3654 607 προειδὼς
3683 539 3764 603 ὡς

476 644 706 697 turum,
763 646 817 689 et
857 635 938 691 eis
993 650 1091 706 per
1155 634 1315 691 fidem
1377 636 1609 691 salutem
1652 634 2008 704 praebiturum
2043 668 2060 696 ,

2201 633 2326 700 θεὸς,
2359 634 2454 686 καὶ
2480 634 2556 696 ὼς
2579 633 2675 686 ἕνα
2702 632 2830 685 λαὸν
2861 630 2920 694 ἐξ
2951 629 3122 683 ἐθνῶν
3152 631 3249 683 καὶ
3272 629 3547 683 Ἰουδαίων
3573 628 3763 693 ἀθροί-

481 734 776 794 utrumque
798 725 852 778 in
879 724 1189 795 patriarcha
1217 725 1531 779 Abrahamo
1560 725 1713 795 prius
1732 723 2064 794 designavit.

479 815 615 869 Cum
643 816 788 871 enim
824 817 1155 901 ostendisset
1186 817 1367 887 ipsum
1399 818 1562 872 etiam
1613 828 1740 873 ante
1772 816 2068 873 circumci-

2173 741 2282 787 σει,
2313 725 2411 778 καὶ
2445 724 2538 778 διὰ
2568 723 2809 787 πίστεως
2834 724 3022 785 αὐτοῖς
3045 722 3145 793 τὴν
3199 722 3477 791 σωτηρίαν
3502 722 3757 793 παρέξει,

2172 818 2231 871 ἐν
2256 815 2333 887 τῷ
2360 816 2677 888 πατριάρχῃ
2709 813 2962 886 Ἀϐραὰμ
2983 813 3269 884 ἀμφότερα
3307 810 3677 884 προδιέγραψε
3691 813 3760 863 ιο.

482 910 694 964 sionem
755 907 1029 978 justitiam
1096 926 1162 963 ex
1212 909 1317 964 ﬁde
1376 910 1765 979 acquisivisse,
1824 918 1880 965 et
1939 916 2068 980 post

2201 907 2364 974 λείξας
2409 907 2519 977 γὰρ
2552 906 2716 960 αὑτὸν
2773 906 2869 960 καὶ
2925 905 3032 977 πρὸ
3076 904 3177 974 τῆς
3212 903 3517 975 περιτομῆς
3566 903 3664 973 τὴν
3695 902 3766 954 ἐκ

480 998 958 1053 circumcisionem
991 1014 1096 1051 non
1129 1013 1195 1053 ex
1223 998 1340 1069 lege
1374 998 1611 1054 Mosaica
1658 999 1825 1070 vitam
1852 999 2075 1054 institu-

2176 1000 2414 1063 πίστεως
2473 997 2824 1069 δικαιοσύνην
2884 997 3265 1068 κτησάμενον,
3317 996 3413 1050 καὶ
3476 993 3614 1066 μετὰ
3660 993 3767 1065 τὴν

479 1091 609 1155 isse,
636 1090 729 1144 sed
772 1091 825 1144 in
873 1089 995 1144 ﬁdei
1043 1089 1289 1160 vestigiis
1337 1091 1601 1157 lnrsisse,
1661 1106 1787 1146 eum
1857 1100 2069 1160 patrem

2201 1095 2512 1167 περιτομὴν,
2552 1095 2614 1147 οὑ
2647 1094 2788 1148 κατὰ
2825 1094 2919 1147 τὸν
2963 1092 3258 1147 Μωσαῖκὸν
3294 1087 3764 1156 πολιτευσάμενον

481 1183 725 1250 gentium
758 1183 1048 1254 appellavit
1082 1202 1094 1238 :
1124 1193 1182 1237 ut
1210 1184 1277 1238 ad
1306 1184 1459 1237 illum
1490 1194 1543 1239 et
1576 1182 1748 1239 Judaei
1802 1193 1856 1238 et
1898 1182 2073 1240 (ἔνιοι-ἰ

2201 1186 2379 1256 νόμον,
2420 1185 2537 1239 ἀλλ’
2567 1185 2929 1256 ἐπιμείναντα
2977 1187 3043 1257 τῇ
3092 1185 3192 1256 τῆς
3230 1182 3470 1245 πίστεως
3500 1177 3763 1250 ποδηγία,

481 1272 863 1341 respicientes.
897 1289 1073 1344 neque
1101 1275 1155 1328 hi
1209 1275 1689 1331 circumcisionem
1713 1316 1729 1342 ,
1785 1296 1964 1350 neque
1998 1281 2076 1335 illi

2201 1275 2392 1345 τατέρα
2431 1275 2541 1329 τῶν
2587 1275 2756 1329 ἐθνῶν
2801 1275 2964 1329 αὑτὸν
3025 1274 3508 1346 προσηγόρευσεν·
3551 1271 3640 1324 ἵνα
3682 1269 3769 1330 είς

482 1365 853 1432 przeputiutn,
924 1366 1021 1420 sed
1091 1366 1312 1435 utrique
1370 1367 1490 1436 ejus
1547 1368 1708 1422 tidem
1769 1369 2075 1427 imitentur.

2183 1369 2391 1421 ἐκεῖνον
2436 1367 2531 1420 καὶ
2568 1367 2816 1420 Ἰουδαῖοι
2872 1368 2969 1420 καὶ
3022 1366 3284 1436 Ἕλληνες
3337 1362 3765 1422 ἀποϐλέποντες.

483 1451 670 1524 Neque
697 1454 842 1509 enim
891 1455 1393 1523 eircumcisionem,
1446 1473 1547 1513 nec
1589 1462 1934 1530 praeputium,
1983 1462 2078 1517 sed

2201 1463 2325 1532 μήτε
2364 1454 2509 1515 οὗτοι
2564 1461 2664 1532 τὴν
2710 1458 3046 1532 περιτομὴν,
3090 1460 3227 1530 μήτε
3277 1457 3384 1528 μὴν
3426 1456 3625 1508 ἐκεῖνοι
3667 1451 3773 1522 τὴν

486 1545 647 1602 ﬁdem
700 1547 974 1617 justitiam
1030 1550 1323 1620 appellavit
1373 1549 1557 1606 diiina
1616 1552 1921 1622 Scriptura.
1970 1550 2082 1607 Hoc

2201 1553 2573 1626 ἱικροϐυστίαν,
2602 1553 2720 1607 ἀλλ’
2749 1552 3052 1624 ἀμφότεροι
3075 1547 3243 1606 αὑτοῦ
3264 1550 3364 1623 τὴν
3393 1550 3576 1602 πίστιν
3604 1544 3778 1616 ζηλώ-

490 1638 650 1694 modo
681 1654 804 1693 cum
844 1641 1121 1697 docuisset
1154 1642 1311 1695 ﬁdem
1338 1657 1462 1699 esse
1498 1644 1613 1713 lege
1637 1652 1690 1699 et
1715 1646 2081 1715 antiquiorem

2201 1663 2372 1700 rwmv.
2427 1645 2568 1700 Οὔτε
2619 1645 2728 1717 γάρ
2775 1644 2877 1716 τὴν
2929 1643 3268 1716 περιτομὴν,
3325 1639 3450 1695 οὔτε
3513 1638 3619 1711 μὴν
3673 1634 3778 1705 τὴν

489 1738 546 1785 et
577 1732 1051 1802 praestabiliorem,
1088 1734 1331 1789 ostendit
1371 1750 1565 1790 rursus
1596 1735 1767 1805 legem
1793 1751 1920 1791 esse
1958 1753 2085 1807 pro-

2186 1739 2579 1811 ἀκροϐυστίαν,
2629 1737 2766 1793 ἀλλὰ
2812 1738 2911 1807 τὴν
2958 1736 3138 1790 πίστιν
3167 1734 3566 1798 δικαιοσύνην
3600 1744 3779 1799 προσ-

494 1823 759 1879 missione
798 1825 1033 1880 Abrahae
1066 1825 1210 1881 facta
1245 1829 1634 1892 recentiorem,
1688 1827 2085 1885 demonstrans

2201 1834 2489 1905 ηγόρευσεν
2520 1833 2554 1902 ἡ
2605 1829 2730 1884 θεία
2772 1830 2984 1901 Γραφή.
3037 1826 3195 1882 Οὑτω
3232 1825 3414 1889 δείξας
3452 1821 3552 1892 τὴν
3592 1819 3783 1872 πίστιν

493 1915 724 1984 gratiam
750 1930 875 1971 esse
909 1916 1026 1987 lege
1053 1917 1447 1987 antiquiorem.
1485 1918 1563 1974 De
1602 1918 1707 1974 hac
1739 1920 1887 1975 enim
1927 1920 2087 1976 factae

2187 1924 2282 1979 τοῦ
2306 1924 2475 1997 νόμου
2499 1923 2594 1975 καὶ
2617 1921 2995 1993 πρεσϐυτέραν
3021 1919 3117 1974 καὶ
3150 1919 3510 1988 τιμιωτέραν,
3532 1912 3786 1967 δείκνυσι

494 2014 628 2062 sunt
675 2008 1076 2078 promissiones
1121 2009 1375 2065 Abrahae.
1426 2009 1717 2067 Pollicitus
1766 2020 1854 2066 est
1904 2020 2086 2068 autem

2201 2017 2354 2073 πάλιν
2385 2015 2481 2069 τὸν
2511 2013 2673 2085 νόμον
2713 2013 2813 2082 τῆς
2856 2010 2995 2082 πρὸς
3037 2010 3130 2063 τὺν
3170 2006 3423 2079 Ἀϐραὰμ
3472 1998 3786 2072 γεγενημέ-

493 2111 555 2152 se
583 2096 640 2153 in
678 2098 890 2156 semine
924 2100 1045 2168 ejus
1078 2116 1203 2157 esse
1268 2102 1527 2158 omnibus
1554 2104 1806 2174 gentibus
1834 2106 2090 2162 benedice

2188 2126 2289 2179 νης
2345 2106 2680 2175 ἐπαγγελίας
2752 2100 3258 2172 μεταγενέστερον,
3326 2097 3614 2166 ἀποφήνας
3679 2091 3789 2160 τὴν

493 2198 677 2244 turum
717 2211 729 2247 :
763 2208 861 2263 per
911 2192 1205 2250 Dominum
1264 2210 1396 2251 vero
1456 2195 1739 2253 Christum
1791 2198 2087 2269 promissio

2201 2203 2350 2273 χάριν
2371 2198 2753 2270 πρεσϐυτέραν
2776 2193 2873 2247 τοῦ
2897 2193 3086 2263 νόμου.
3109 2191 3247 2262 Περὶ
3270 2187 3480 2259 ταύτης
3502 2186 3610 2254 γὰρ
3643 2181 3791 2252 πρὸς

496 2281 656 2337 tinem
690 2284 925 2355 accepit.

2190 2295 2282 2347 τὸν
2316 2289 2572 2363 Ἀϐραὰμ
2603 2289 2660 2343 αί
2701 2287 3026 2357 ὑποσχέσεις
3064 2283 3414 2353 γεγένηνται.
3482 2273 3795 2363 ’Υπέσχετο

492 2377 554 2433 δὲ
620 2379 678 2432 ἐν
743 2379 823 2450 τῷ
893 2381 1170 2453 σπέρματι
1211 2382 1378 2435 αὑτοῦ
1418 2382 1740 2455 εὐλογήσειν
1779 2384 1960 2440 πάντα
2009 2386 2079 2440 τὰ
2117 2387 2285 2460 ἔθνη·
2341 2362 2431 2441 διά
2488 2386 2546 2438 δέ
2596 2382 2688 2436 τοῦ
2743 2379 3019 2434 Δεσπότου
3069 2374 3309 2448 Χριστοῦ
3372 2374 3406 2445 ἡ
3478 2362 3794 2435 ἐπαγγελία

491 2471 556 2525 τὸ
580 2471 752 2543 πέρας
781 2470 1017 2536 ἐδέξατο.

566 2563 737 2619 Vnus.
776 2564 859 2618 l5.
900 2562 1025 2618 Non
1067 2567 1207 2619 enim
1251 2581 1341 2635 per
1380 2565 1545 2637 legem
1577 2568 1859 2635 promissio
1903 2568 2080 2622 Abra-

2264 2566 2354 2628 ιγ’.
2393 2559 2475 2613 οὐ
2501 2555 2612 2627 γὰρ
2640 2552 2738 2608 διὰ
2765 2553 2955 2621 νόμου
2985 2551 3023 2619 ἡ
3041 2546 3373 2619 ἐπαγγελία
3394 2543 3476 2609 τῷ
3508 2543 3785 2612 Ἀϐραὰμ-

497 2655 655 2709 hamo
677 2695 692 2720 ,
724 2664 819 2707 aut
851 2656 1043 2709 semini
1074 2656 1191 2725 ejus
1213 2698 1228 2722 ,
1266 2667 1324 2709 ut
1360 2658 1524 2712 limes
1557 2669 1692 2713 esset
1731 2659 1920 2714 mundi
1940 2700 1956 2723 ,
1988 2658 2081 2714 sed

2201 2653 2230 2722 ἢ
2256 2650 2338 2718 τῷ
2357 2647 2654 2718 σπέρματι
2677 2643 2886 2705 αὑτοῦ,
2915 2642 2983 2696 τὸ
3015 2637 3394 2719 κληρονόμον
3417 2636 3606 2693 αὐτὸν
3628 2631 3787 2689 εἶναι

497 2746 887 2815 perjustitiam
916 2747 1063 2815 ﬁdei.
1093 2747 1233 2803 Cum
1262 2749 1408 2803 enim
1444 2748 1555 2804 Deo
1589 2750 1694 2819 50
1721 2751 2079 2816 credidisset,

502 2854 615 2893 non
649 2838 1017 2909 autemquod
1054 2855 1118 2894 ex
1156 2840 1274 2906 lege
1315 2840 1555 2895 Mosaica
1590 2844 1760 2896 vitam
1803 2843 2083 2899 instituis-

502 2938 627 2995 set,
667 2929 884 3000 accepit
915 2932 1346 3001 promissionem
1381 2932 1789 2990 benedictionis
1817 2935 2087 3006 gentium.

577 3100 745 3157 Vens.
784 3102 870 3156 14.
906 3102 968 3158 Si
1000 3105 1140 3157 enim
1176 3119 1241 3158 ea:
1277 3105 1388 3175 lege
1420 3105 1653 3159 Itwredes
1689 3116 1842 3173 sunt,
1901 3108 2091 3160 exina-

505 3192 618 3244 nita
646 3201 725 3244 est
755 3191 884 3260 ﬁdes
905 3234 922 3259 ,
957 3201 1007 3245 et
1037 3192 1244 3248 abolita
1273 3207 1353 3269 est
1379 3197 1679 3263 promissio.
1716 3197 1775 3250 Si
1810 3198 1956 3251 cnim
1995 3198 2090 3267 qui

504 3295 573 3334 ex
608 3281 725 3351 lege
759 3282 927 3335 vitam
964 3283 1364 3352 instituerunt,
1413 3289 1555 3341 bona
1604 3290 1881 3358 promissa
1933 3305 2091 3346 asse-

509 3382 782 3442 quuntur,
816 3372 1094 3428 Abraham
1128 3377 1347 3433 frustra
1387 3379 1495 3434 Deo
1523 3381 1800 3435 credidit:
1835 3380 2097 3452 falsaeque

511 3473 688 3528 sunt,
723 3474 776 3519 et
808 3480 917 3519 non
952 3480 1095 3521 verte
1117 3506 1131 3531 ,
1160 3483 1283 3538 qua:
1328 3471 1407 3525 illi
1454 3486 1483 3525 a
1527 3471 1639 3527 Deo
1685 3471 2097 3542 promissioucs

514 3554 678 3609 facta:
714 3564 865 3611 sunt.

586 3644 756 3703 VERS.
803 3648 890 3704 15.
933 3649 1044 3704 Lex
1086 3651 1224 3705 enim
1274 3654 1415 3706 iram
1465 3663 1736 3722 operatur.
1791 3653 1902 3709 Lex
1951 3656 2099 3709 enim

515 3741 808 3794 consuevit
840 3755 941 3796 eos
987 3743 1218 3812 punire,
1270 3745 1362 3813 qui
1415 3761 1539 3799 eam
1586 3746 2100 3816 transgrediuntur.

517 3832 661 3886 iram
709 3834 856 3887 enim
897 3835 1234 3904 supplicium
1274 3838 1594 3907 appellavit.
1637 3836 1738 3893 Ubi
1780 3849 1958 3893 autem
1999 3856 2104 3893 non

517 3936 595 3980 est
625 3925 709 3979 (ea:
729 3966 744 3993 ,
770 3942 864 3980 nec
894 3929 1290 3994 pramaricatio.
1321 3928 1431 3984 Lex
1468 3931 1615 3986 enim
1661 3933 1825 4001 punit
1868 3946 1965 3988 eos
2009 3932 2106 4001 qui

520 4018 1006 4086 transgrediuntur
1031 4036 1046 4086 ;
1078 4018 1182 4088 legi
1211 4020 1357 4074 enim
1388 4020 1686 4092 conjuncta
1716 4031 1800 4076 est
1826 4030 1881 4076 et
1911 4023 2105 4077 obser-

521 4109 673 4163 vatio
703 4117 759 4165 et
787 4110 1166 4180 transgressio
1192 4131 1204 4165 :
1236 4126 1363 4166 cum
1398 4112 1454 4167 hi
1485 4113 1707 4183 quidem
1736 4121 1965 4182 propter
1992 4115 2109 4167 vir-

525 4201 660 4257 tutis
689 4201 935 4256 studium
968 4216 1089 4256 eam
1127 4202 1368 4258 libenter
1398 4212 1665 4269 servant,
1699 4203 1781 4256 illi
1813 4218 1948 4258 vero
1980 4218 2109 4272 pro-

524 4299 648 4360 pter
688 4292 998 4348 sorordiam
1043 4308 1164 4348 eam
1209 4293 1441 4350 licenter
1484 4293 1801 4364 transgredi
1857 4308 1969 4347 non
2001 4293 2111 4348 du-

528 4383 729 4437 bitant.

599 4474 768 4531 Vens.
806 4476 890 4532 16.
924 4475 1054 4533 Ideo
1086 4493 1153 4532 ea:
1178 4479 1283 4547 ﬁde
1305 4519 1319 4543 ,
1350 4489 1408 4532 ut
1434 4478 1726 4532 secundum
1753 4479 1989 4549 gratiam
2012 4517 2027 4542 ,
2057 4489 2112 4533 ut

530 4569 688 4637 ﬁrma
718 4569 788 4624 sit
828 4571 1119 4638 promissio
1161 4571 1305 4624 omni
1335 4571 1563 4636 semini,
1602 4586 1707 4624 non
1738 4572 1789 4625 ci
1821 4570 1996 4625 solum
2024 4588 2090 4641 qu

2220 4575 2305 4639 εὶς
2336 4571 2401 4626 τὸ
2447 4572 2601 4625 εἶναι
2634 4572 2894 4636 ,ϐεϐαίαν
2941 4569 3057 4637 τὴν
3095 4566 3466 4636 ἐπαγγελίαν
3506 4563 3683 4617 παντί
3722 4561 3809 4628 τῷ
3906 4615 3910 4629 τ

2193 2744 2299 2799 τοῦ
2358 2745 2624 2811 κόσμου,
2671 2736 2833 2792 ἀλλὰ
2884 2733 2983 2787 διὰ
3044 2732 3438 2796 διγαιοὸ-ὐνης
3499 2728 3786 2794 πίστεως.

2193 2834 2503 2897 Πιστεὺσας
2536 2833 2645 2902 γάρ
2667 2830 2745 2902 τῷ
2772 2827 2914 2898 Θεῷ,
2953 2825 3049 2880 καὶ
3078 2827 3140 2878 οὑ
3183 2822 3324 2878 κατά
3354 2822 3445 2875 τὸν
3473 2819 3788 2876 Μωσαῖκδν

2197 2925 2654 2996 πολιτευσάμενος
2707 2923 2903 2991 νόμον,
2955 2917 3114 2971 ἔλαϐε
3166 2915 3266 2986 τὴν
3312 2912 3648 2982 ἐπαγγελίαν
3680 2913 3787 2982 τῆς

2196 3017 2305 3071 τῶν
2329 3014 2504 3069 ἐθνῶν
2531 3011 2804 3075 εὐλογίας.

2273 3107 2354 3160 ιδ’.
2384 3108 2451 3159 El
2478 3107 2586 3174 γὰρ
2625 3106 2694 3158 ἐκ
2734 3103 2923 3172 νόμου
2956 3101 3011 3154 οἱ
3046 3097 3430 3167 κληρονόμοι,
3461 3096 3793 3150 κεκένωται

2200 3202 2239 3271 ἡ
2269 3200 2493 3265 πίστις,
2521 3196 2619 3251 καί
2656 3193 3017 3263 κατήργηται
3050 3192 3089 3259 ἠ
3120 3190 3467 3259 ἐπαγγελία.
3510 3188 3573 3241 Ei
3600 3187 3710 3258 γάρ
3742 3188 3795 3241 oi

2201 3291 2347 3347 κατὰ
2370 3291 2534 3362 νόμον
2569 3286 3042 3356 πολιτευσάμενοι,
3069 3282 3176 3335 τῶν
3199 3279 3627 3351 ἐπηγγελμένων
3660 3296 3801 3349 τυγ-

2200 3386 2458 3457 χάνουσιν
2484 3380 2727 3449 ἀγαθῶν,
2762 3379 2940 3449 μάτην
2969 3376 3067 3445 μὲν
3095 3375 3418 3427 ἐπίστευσεν
3441 3370 3697 3443 Ἀϐραὰμ
3713 3371 3801 3442 τῷ

2201 3475 2322 3546 Θεῷ
2349 3491 2360 3504 ·
2395 3472 2614 3545 ψευδεῖς
2656 3470 2713 3523 δὲ
2741 3511 2755 3535 ,
2791 3469 2888 3523 καὶ
2928 3469 3028 3521 οὑκ
3061 3466 3284 3535 ἀληθεῖς
3309 3506 3322 3531 ,
3370 3466 3427 3517 αί
3462 3466 3598 3536 πρὸς
3630 3463 3801 3517 αὑτὸν

2203 3564 2530 3638 ὑποσχέσεις
2559 3563 2711 3635 παρὰ
2740 3560 2834 3616 τοῦ
2870 3559 3008 3614 Θεοῦ
3055 3558 3443 3629 γεγενημέναι.

2280 3666 2363 3713 ιε’.
2424 3659 2488 3711 '0
2544 3655 2654 3726 γὰρ
2697 3657 2882 3724 νόμος
2918 3651 3108 3721 ὀργὴν
3157 3648 3589 3719 κατεργάζεται.
3634 3648 3800 3712 Ἐθος

2206 3750 2317 3821 γάρ
2335 3748 2413 3819 τῷ
2436 3748 2588 3819 νόμῳ
2607 3746 2649 3779 ιι
2679 3744 2932 3809 κολάζειν
2962 3744 3089 3806 τοὺς
3113 3740 3555 3811 παραϐαίνοντας
3577 3757 3589 3771 ο
3625 3740 3805 3812 ὀργὴν

2208 3843 2319 3915 γὰρ
2346 3844 2443 3914 τὴν
2471 3838 2743 3910 τιμωρίαν
2769 3837 3048 3891 ἐκάλεσεν.
3085 3830 3165 3890 Οὗ
3201 3834 3269 3886 δὲ
3294 3835 3404 3887 οὐκ
3433 3835 3564 3887 ἐστι
3590 3834 3800 3902 νόμος,

2210 3933 2355 3990 οὐδὲ
2405 3929 2762 3999 παράϐασις.
2817 3927 2861 3979 Τ
2869 3927 3156 3996 ιμωρεῖται
3205 3924 3316 3996 γὰρ
3362 3926 3391 3977 ὁ
3439 3924 3604 3994 νόμος
3669 3923 3802 3986 τοὺς

2212 4022 2688 4096 παραϐαίνοντας·
2729 4017 3085 4080 συνέζευκται
3120 4016 3228 4085 γὰρ
3271 4013 3348 4085 τῷ
3391 4015 3540 4085 νόμῳ
3573 4015 3668 4068 καὶ
3702 4030 3807 4081 φυ-

2213 4115 2355 4187 λακὴ
2402 4112 2497 4168 καὶ
2539 4109 2895 4180 παράϐασιςο
2953 4110 3062 4161 τῶν
3107 4109 3207 4179 μὲν
3276 4108 3343 4161 δι’
3385 4106 3611 4177 ,ἀρετῆς
3680 4107 3811 4157 ἐτει-

2190 4204 2441 4279 ’μέλειαν
2514 4202 2809 4273 φυλάττειν
2903 4199 3066 4256 αὑτὸν
3143 4199 3626 4273 προαιρουμένων,
3693 4198 3813 4251 τῶν-

2215 4298 2273 4351 δέ
2311 4297 2401 4350 διὰ
2446 4294 2734 4368 ῥαστώνην
2767 4293 2939 4358 ἀδεῶς
2975 4293 3164 4346 τοῦτον
3205 4291 3566 4364 παραϐαίνειν
3613 4291 3806 4362 ἀνεχο-

2222 4389 2420 4460 μένων.

2292 4477 2389 4544 ις’.
2426 4479 2532 4532 Διά
2560 4495 2652 4533 τοι
2684 4476 2862 4532 τοῦτο
2886 4477 2955 4531 ἐκ
2980 4476 3262 4540 πίστεως.
3298 4474 3397 4527 ἵνα
3427 4471 3577 4527 κατὰ
3604 4470 3809 4541 χάριν,

528 4668 609 4714 est
647 4675 713 4714 ex
750 4660 859 4731 lege
883 4703 898 4728 ,
947 4662 1039 4716 sed
1085 4670 1136 4715 et
1165 4662 1216 4716 ei
1256 4663 1348 4731 qui
1377 4670 1457 4715 est
1488 4676 1554 4716 ea:
1593 4661 1698 4731 ﬁde
1729 4662 1957 4716 Abrahw
1979 4703 1992 4728 ,
2022 4680 2090 4733 qu

2222 4662 2540 4732 σπέρματι,
2575 4664 2648 4717 οὐ
2677 4661 2756 4727 τῷ
2785 4664 2853 4716 ἐκ
2898 4662 3001 4716 τοῦ
3032 4663 3223 4730 νόμου
3257 4661 3469 4730 μόνον,
3505 4659 3665 4714 ἀλλὰ
3705 4659 3807 4712 καὶ

527 4760 609 4806 est
639 4762 790 4822 pater
824 4755 1060 4808 omm'um
1096 4762 1356 4809 nostrum.
1393 4751 1712 4808 Iudaeorum
1749 4755 2111 4824 supercilium

531 4844 846 4911 contraxit,
897 4862 1072 4901 semen
1117 4845 1353 4899 Abrahae
1398 4860 1610 4900 vocans
1656 4861 1755 4901 eos
1809 4845 1902 4916 qui
1950 4846 2114 4902 ﬁdem

534 4937 772 4992 Abrahae
810 4947 941 4992 sunt
986 4937 1220 5004 imitati,
1259 4937 1478 4992 etiamsi
1529 4953 1732 5008 genere
1775 4938 1888 4993 sint
1919 4938 2115 4993 alieni-

535 5044 708 5100 gente.
741 5030 900 5095 Quod
938 5030 984 5086 si
1019 5030 1107 5084 lex
1140 5028 1300 5098 punit
1335 5043 1430 5083 eos
1462 5030 1555 5100 qui
1597 5029 2114 5100 transgrediuntur,

535 5121 717 5190 gratia
753 5128 937 5176 autem
973 5120 1068 5175 dat
1100 5128 1456 5190 peccatorum
1505 5122 1933 5189 remissionem,
1984 5139 2118 5178 con-

2219 4756 2300 4822 τῷ
2332 4757 2401 4810 ἐκ
2443 4756 2703 4821 πίστεως
2740 4755 3007 4825 Ἀϐραὰμ,
3046 4753 3114 4820 ὅς
3158 4753 3288 4807 ἐστι
3323 4751 3520 4821 πατὴρ
3566 4750 3812 4805 πάντων

2221 4848 2411 4919 ἡμῶν.
2461 4848 2789 4903 Κατέστειλε
2845 4849 2945 4920 τὴν
2998 4846 3269 4901 Ἰουδαίων
3321 4845 3528 4917 ὀφρὺν,
3570 4844 3812 4913 σπέρμα

2222 4943 2329 4998 τοῦ
2359 4943 2611 5013 Ἀϐραὰμ
2654 4940 2893 5005 καλέσας
2928 4941 3055 5005 τοὺς
3085 4938 3180 4995 τοῦ
3211 4938 3466 5011 Ἀϐραὰμ
3496 4938 3594 5009 τὴν
3626 4937 3811 4991 πίστιν

2227 5053 2443 5107 μεμιμη
2455 5035 2673 5105 μένους,
2709 5036 2756 5087 εἰ
2791 5034 2885 5087 καὶ
2918 5030 3064 5087 κατὰ
3091 5032 3152 5085 τὸ
3180 5033 3336 5101 γένος
3361 5026 3472 5084 εἷεν
3499 5028 3808 5100 ἀλλόφυλοι.

2230 5128 2292 5181 Εἰ
2337 5126 2395 5179 δὲ
2437 5127 2465 5179 ὁ
2496 5125 2658 5195 νόμος
2704 5124 2924 5188 κολάζει
2972 5124 3098 5187 τοὺς
3142 5122 3619 5196 παραϐαίνοντας,
3667 5122 3700 5191 ἡ
3755 5120 3812 5174 δὲ

540 5212 723 5266 tirmat
766 5211 874 5266 ista
923 5210 1019 5267 Dei
1072 5211 1538 5281 promissionem,
1586 5213 1806 5269 donans
1858 5215 2097 5285 gentihu:

2228 5220 2391 5291 χάρις
2419 5218 2677 5290 δωρεῖται
2699 5217 2810 5274 τῶν
2845 5217 3264 5289 ἁμαρτημάτων
3287 5216 3386 5287 τὴν
3420 5215 3638 5285 ἄφεσιν,
3671 5213 3812 5284 αῦτη

539 5303 1006 5359 benedictionem.
1041 5302 1184 5370 Quia
1221 5312 1403 5359 autem
1439 5313 1486 5361 et
1527 5306 1774 5377 gentium
1812 5316 1865 5361 et
1898 5305 2119 5361 Judmo-

544 5411 665 5451 rum
719 5405 933 5467 patrem
989 5398 1206 5453 vocavit
1254 5397 1672 5465 Abrahamum,
1723 5399 2019 5455 conﬁrmat
2067 5400 2119 5454 id

542 5489 692 5559 quod
721 5489 855 5544 dicit
885 5486 1189 5559 Scriptura:
1221 5491 1559 5547 testimonio.

2232 5310 2445 5382 βεϐαιοῖ
2477 5309 2570 5363 τοῦ
2615 5308 2752 5363 Θεοῦ
2810 5308 2910 5380 τὴν
2958 5309 3286 5380 ὑπόσχεσιν,
3338 5308 3655 5379 δωρουμένη
3711 5306 3811 5377 τὴν

2231 5403 2485 5472 εὐλογίαν
2525 5404 2638 5465 τοῖς
2672 5400 2907 5455 ἔθνεσιν.
2955 5401 3174 5471 Ἐπειδὴ
3225 5401 3281 5455 δὲ
3327 5402 3419 5455 καὶ
3463 5404 3571 5456 τῶν
3618 5399 3813 5462 ἐθνῶν,

2162 5556 2175 5561 ,
2237 5496 2329 5550 καὶ
2383 5494 2493 5549 τῶν
2546 5493 2819 5547 Ἰουδαίων
2892 5494 3105 5564 πατέρα
3166 5493 3256 5546 τὸν
3326 5491 3579 5564 Ἀϐραὰμ
3644 5507 3817 5562 προσ-

2628 5585 2838 5656 βεϐαιοῖ
2909 5589 2974 5657 τῇ
3057 5587 3306 5658 Γραφικῇ
3378 5584 3657 5658 μαρτυρίᾳ⁴
3727 5583 3812 5635 τὸν

2237 5587 2505 5658 ηγόρευσε
2532 5628 2546 5652 ,

2236 5677 2414 5747 λόγον.

1856 5794 2090 5849 νλιιιίι]
2134 5792 2536 5849 LECTIONES.

619 5886 667 5920 “
701 5886 738 5941 Β
769 5888 1099 5961 προέγραψε.
1178 5890 1220 5921 ⁸⁸
1254 5889 1294 5943 Β
1334 5890 1440 5943 τῶν
1474 5889 1671 5959 νόμων.
