4124 6438
336 426 407 489 93
1211 424 1827 486 ΙΝΤΕΡιΡΡιΕΤΑΤΙΟ
1866 427 2107 487 EPIST.
2147 431 2248 490 AD
2286 431 2468 491 ΗΘΜ.
2511 432 2594 491 CA
2609 433 2667 490 P.
2710 432 2808 492 LV.
3562 435 3632 502 91

430 538 473 567 Ρ.

335 630 531 688 ἐθνῶν
568 629 805 686 τέθεικὰ
835 646 936 685 σε.
984 627 1122 684 Εἶτα
1169 629 1431 702 κρατύνει
1483 632 1582 698 τὴν
1640 632 1946 703 μαρτυρίαν

337 726 447 779 ἀπὸ
475 721 572 777 τοῦ
604 722 1090 795 παραδείγματος.
1144 721 1475 776 Κατέναντι
1517 716 1590 778 οὗ
1624 722 1950 776 ἐπίστευσε

342 814 514 878 Θεοῦ,
564 812 675 868 τοῦ
709 810 1151 879 ζωοποιοῦντος
1204 810 1349 878 τοὺς
1385 810 1660 879 νεκροὺς,
1703 812 1800 865 καὶ
1842 826 1948 864 κα-

339 906 601 971 λοῦντος
647 905 722 958 τὰ
748 903 838 973 μὴ
873 903 1023 956 ὄντα
1048 903 1130 968 ὡς
1170 902 1337 955 ὄντα.
1373 902 1586 972 Ὠσπερ
1616 902 1746 972 γὰρ,
1788 901 1946 971 φησὶ,

344 996 564 1048 πάντων
606 994 728 1046 ἐστὶ
770 992 1007 1063 ποιητὴς
1034 992 1062 1043 ὁ
1098 991 1230 1054 Θεὸς
1255 1031 1269 1053 ,
1321 991 1417 1044 καὶ
1460 991 1681 1044 πάντων
1724 989 1858 1054 Θεός
1887 1007 1947 1043 τε

343 1086 435 1140 καὶ
469 1084 773 1155 κηδεμών⁸
810 1084 956 1137 οὕτω
987 1083 1084 1137 καὶ
1126 1083 1222 1136 τὸν
1249 1081 1507 1153 Ἀϐραὰμ
1556 1081 1772 1153 πατέρα
1811 1081 1949 1147 στάν-

340 1192 450 1227 των
499 1173 995 1245 κεχειροτόνηκεν,
1059 1173 1184 1243 οὐχὶ
1236 1172 1511 1226 Ἰουδαίων
1565 1172 1760 1242 μόνον,
1812 1171 1950 1226 ἀλλὰ

341 1264 569 1317 πᾶντων
601 1265 717 1316 τῶν
754 1264 1147 1318 πιστευόντων.
1184 1264 1439 1317 Διδάσκει
1479 1262 1536 1316 δὲ
1576 1264 1673 1317 καὶ
1712 1263 1815 1333 τῆς
1861 1263 1951 1316 πί-

345 1372 518 1419 ctent;
554 1355 653 1408 τοῦ
685 1354 943 1425 Ἀϐραὰμ
973 1354 1070 1427 τὴν
1106 1353 1434 1426 ὑπερϐολήν.

412 1454 509 1519 ιη’,
532 1448 625 1502 ιϐ’.
660 1450 771 1515 Ὃς
792 1449 932 1516 παρ’
961 1447 1181 1502 ἐλπίδα
1204 1447 1295 1501 ἐπ’
1328 1446 1534 1501 ἐλπίδι
1560 1447 1948 1508 ἐπίστευσεν,

338 1541 431 1606 εις
458 1540 530 1592 τὸ
564 1540 854 1610 γενέσθαι
915 1540 1106 1594 αὐτὸν
1169 1539 1395 1609 πατέρα
1444 1537 1692 1594 πολλῶν
1740 1536 1949 1600 ἐθνῶν,

341 1633 499 1685 κατὰ
529 1631 602 1685 τὸ
625 1631 953 1701 εἰρημένον
984 1647 1000 1662 ο
1036 1631 1236 1698 Οὕτως
1259 1632 1431 1686 ἕσται
1457 1633 1525 1684 τὸ
1549 1629 1788 1698 σπέρμα
1811 1644 1948 1682 σου.

343 1722 459 1776 Kal
488 1721 582 1791 μὴ
640 1722 1000 1791 ἀσθενήσας
1024 1721 1099 1790 τῇ
1141 1722 1360 1785 πίστει,
1396 1721 1476 1787 ὡς
1514 1720 1845 1784 κατενόησε
1884 1717 1952 1770 τὸ

344 1815 570 1869 ἑαυτοῦ
624 1814 804 1884 σῶμα
848 1814 970 1885 ἤδη
1008 1813 1475 1885 νενεκρωμένον,
1520 1809 1954 1879 ἑκατονταετής·

346 1922 468 1960 που
494 1904 818 1974 ὑπάρχων,
838 1904 940 1959 καὶ
968 1903 1085 1974 τὴν
1102 1905 1402 1973 νέκρωσιν
1424 1903 1661 1973 μήτρας
1693 1900 1949 1970 Σάρῤας.

359 1997 542 2069 Ὀρῶν
592 1998 709 2070 γὰρ
743 1998 1008 2069 στερίφην
1053 1997 1151 2069 μὲν
1180 1998 1281 2068 τὴν
1326 1995 1596 2068 ὁμόζυγα,
1642 1993 1741 2065 τὴν
1771 1994 1828 2047 δὲ
1858 1992 1952 2046 τοῦ

348 2092 541 2162 γήρως
598 2091 893 2146 ἀσθένειαν
941 2089 1280 2163 ἀμφοτέροις
1328 2088 1709 2159 ἐπικειμένην,
1766 2080 1956 2140 ἐλπίδα

347 2185 405 2237 δὲ
433 2184 796 2254 παιδογονίας
819 2184 942 2238 οὐδὲ
971 2183 1216 2256 σμικρὰν
1244 2181 1687 2253 ὑποφαινομένης)
1719 2179 1864 2234 κατά
1891 2195 1956 2247 γε

351 2271 699 2344 ἀνθρώπινον
731 2272 1013 2344 λογισμὸν,
1036 2272 1162 2326 οὔτε
1188 2271 1293 2345 μὴν
1317 2271 1632 2342 ὑπόδειγμα
1661 2270 1955 2341 ἀρχαιότε-

350 2381 446 2433 ρον
491 2363 909 2436 ψυχαγωγῆσαι
951 2364 1279 2435 δυνάμενον,
1336 2363 1545 2428 πιστῶς
1592 2361 1809 2427 ἐδέξατο
1860 2360 1958 2433 τὴν

349 2455 502 2510 θείαν
541 2456 869 2526 ὑπόσχεσιν.
898 2458 1040 2526 Παρ*
1072 2456 1294 2511 ἐλπίδα
1325 2456 1453 2527 γὰρ,
1479 2456 1581 2528 τὴν
1622 2454 1765 2509 κατὰ
1795 2454 1959 2526 φύσιν

353 2544 505 2612 λέγει
525 2562 538 2575 ο
567 2545 888 2601 ἐπ’ἐλπιδι
919 2548 997 2612 δὲ,
1029 2548 1129 2618 τῆς
1161 2547 1254 2602 τοῦ
1282 2547 1418 2601 Θεοῦ
1459 2547 1829 2618 ὑποσχέσεως.

419 2643 493 2702 κ’,
527 2638 639 2691 καί.
695 2640 804 2704 Είς
848 2638 917 2692 δὲ
968 2639 1087 2709 τὴν
1132 2640 1508 2711 ἐπαγγελίαν
1546 2640 1654 2694 τοῦ
1703 2641 1853 2695 Θεοῦ
1884 2641 1960 2695 οὺ

351 2730 625 2799 διεκρίθη
654 2730 731 2799 τῇ
771 2732 1049 2801 ἀπιστίᾳ,
1089 2734 1230 2789 ἀλλ’
1258 2732 1681 2804 ἐνεδυναμώθη
1738 2733 1815 2802 τῇ
1867 2733 1963 2787 πί-

353 2838 505 2885 στει,
563 2821 721 2889 δοὺς
765 2823 958 2889 δόξαν
1004 2824 1088 2891 τῷ
1134 2823 1276 2892 Θεῷ,
1335 2826 1432 2879 καὶ
1460 2826 1961 2895 πληροφορηθεὶς,

353 2912 441 2966 ὅτι
480 2912 514 2965 ὃ
568 2913 972 2982 ἐπήγγελται,
1027 2915 1287 2980 δυνατός
1348 2916 1484 2969 ἐστι
1530 2915 1629 2969 καὶ
1689 2913 1962 2983 ποιῆσαι.

354 3005 430 3058 Οὐ
456 3007 571 3078 γὰρ
598 3006 834 3060 ἀπεῖδεν
856 3009 937 3070 εἰς
969 3008 1073 3078 τὴν
1098 3007 1388 3063 ἀσθένειαν
1414 3007 1515 3074 τῆς
1557 3007 1799 3076 φύσεως,
1827 3007 1965 3061 ἀλλὰ

354 3096 431 3169 τῷ
449 3099 660 3169 ταύτης
689 3100 1082 3169 ἀναμφιϐόλως
1110 3101 1397 3153 ἐπίστευσε
1422 3101 1648 3171 Ποιητῇ.

424 3190 531 3261 κβ’.
571 3191 677 3287 Διὸ
713 3192 822 3245 καὶ
873 3191 1166 3261 ἐλογίσθη
1214 3191 1373 3257 αὐτῷ
1413 3194 1501 3257 εὶς
1534 3191 1953 3260 δικαιοσύνην.
1990 3228 2034 3287 C

368 3281 514 3335 ’Δντὶ
539 3280 668 3344 τοῦ,
702 3283 736 3352 ἡ
772 3282 981 3345 πίστις.
1000 3281 1159 3335 Οὕτω
1186 3283 1280 3336 καὶ
1309 3282 1366 3337 ἐν
1390 3287 1502 3346 τοῖς
1521 3283 1627 3336 ὑπὸ
1656 3282 1747 3336 τὸν
1771 3283 1956 3353 νόμον,

356 3372 449 3426 καὶ
478 3374 539 3425 ἐν
572 3374 698 3434 τοῖς
732 3372 845 3442 πρὸ
870 3372 966 3425 τοῦ
994 3371 1182 3443 νόμου,
1218 3372 1400 3438 δείξας
1433 3371 1533 3443 τὴν
1574 3372 1759 3444 πίστιν
1799 3372 1965 3444 ἀνθή-

361 3480 548 3527 mea",
584 3465 688 3518 ἐπὶ
727 3464 794 3518 τὸ
836 3465 1201 3536 προκείμενον
1234 3464 1533 3536 μεταφέρει
1556 3465 1647 3519 τὸν
1687 3465 1865 3535 λόγον.

424 3555 529 3624 κγ’,
558 3556 667 3609 κδ’.
710 3557 842 3610 Οὐκ
891 3556 1123 3625 ἐγράφη
1169 3554 1238 3609 δὲ
1274 3555 1348 3609 δι’
1395 3557 1586 3611 αὑτὸν
1626 3558 1841 3628 μόνον,
1878 3557 1968 3611 ὅτι

366 3646 647 3717 ἐλογίσθη
696 3645 869 3712 αὐτῷ
908 3650 946 3716 ἠ
978 3650 1187 3714 πίστις
1218 3650 1305 3714 είς
1333 3648 1733 3718 δικαιοσύνην
1763 3666 1780 3682 ο
1807 3650 1969 3705 ἀλλὰ

370 3741 459 3792 καὶ
501 3743 577 3795 δι’
640 3741 846 3810 ἡμᾶς,
886 3736 978 3807 οἷς
1023 3742 1241 3812 μέλλει
1304 3742 1643 3812 λογίζεσθαι
1691 3743 1817 3810 τοῖς
1870 3758 1965 3798 πι-

370 3834 699 3888 στεύουσιν
738 3833 844 3885 ἐπὶ
892 3834 1001 3887 τὸν
1035 3834 1351 3903 ἐγείραντα
1387 3834 1496 3888 τὸν
1553 3836 1778 3903 Κύριον
1801 3834 1971 3905 ἡμῶν

378 3923 607 3992 Ἰησοῦν
626 3925 706 3978 ἐκ
726 3922 982 3992 νεκρῶν.
1008 3924 1121 3979 Καὶ
1153 3927 1181 3978 ὁ
1209 3925 1583 3997 πατριάρχης,
1609 3926 1807 3998 νεκρὰν
1827 3925 1969 3998 ὀρῶν

360 4017 455 4087 τὴν
498 4017 599 4087 τῆς
639 4015 930 4086 ὁμοζύγου
981 4017 1220 4088 μήτραν,
1271 4017 1596 4074 ἐπίστευσεν
1634 4019 1710 4082 ὡς
1742 4018 1970 4083 εὐπετὲς

360 4105 437 4177 τῷ
466 4106 590 4177 Θεῷ
628 4108 736 4177 τὴν
798 4107 1141 4176 ἐπαγγελίαν
1193 4107 1516 4181 πληρῶσαι·
1565 4109 1661 4162 καὶ
1706 4108 1974 4163 Ἰουδαίων

360 4200 521 4267 iussi;
554 4197 884 4263 ἀκούοντες,
912 4200 1104 4270 νεκρὸν
1130 4200 1553 4254 ἀποκαλούντων
1578 4201 1668 4255 τὸν
1698 4199 1968 4272 ἡμέτερον

361 4290 668 4358 Aestatis-qv,
720 4289 1058 4360 πιστεύομεν
1109 4290 1185 4354 ὡς
1218 4292 1537 4365 ἐγήγερται.
1580 4294 1975 4364 Τρυγήσωμεν

362 4373 659 4453 τοιγαροῦν
682 4383 783 4435 καὶ
813 4384 979 4452 ἡμεῖς
1005 4382 1106 4452 τῆς
1146 4383 1386 4447 πίστεως
1424 4385 1551 4448 τοὺς
1576 4385 1845 4455 καρποὺς,
1883 4386 1974 4439 καὶ

360 4471 459 4543 τὴν
509 4474 577 4525 ἐκ
633 4472 852 4544 ταύτης
900 4472 1179 4543 φυομένην
1233 4472 1584 4545 δικαιοσύνην
1629 4473 1981 4546 δρεψὼμεθα.

402 538 495 604 ιζ’.
549 536 752 604 Καθὼς
802 535 1183 608 γέγραπται,
1228 538 1362 592 ’Ὀτι
1402 537 1630 607 πατέρα
1685 538 1939 593 πολλῶν

2114 541 2281 598 Vnus.
2321 545 2595 615 l7._Sicut
2628 550 2882 616 scriptum
2911 557 3033 602 est:
3068 547 3205 615 Quia
3238 557 3442 618 patrem
3488 550 3631 601 mut~

2053 637 2228 683 tarum
2257 633 2491 701 gentium
2522 637 2679 702 posui
2711 647 2777 689 te.
2813 635 3021 692 Deinde
3051 638 3301 706 exemplo
3333 635 3630 691 conﬁrmat

2052 722 2450 779 testimonium.
2480 725 2582 796 51
2613 728 2749 782 Ante
2779 728 2950 783 Deum
2980 730 3066 782 cui
3094 728 3316 783 credidit
3338 768 3353 793 ,
3384 728 3476 797 qui
3502 729 3630 781 vivi-

2050 812 2179 880 ﬁcal
2208 826 2478 882 mortuos,
2504 829 2553 871 et
2581 830 2732 873 vocat
2757 836 2823 876 ea
2843 838 2961 891 qua:
2989 839 3093 876 non
3124 831 3249 877 sunt
3283 830 3538 892 tanquam
3567 838 3631 875 ea

2052 918 2173 972 quas
2202 906 2332 962 sint.
2385 907 2539 964 Sicut
2582 912 2760 978 enim,
2815 913 3032 984 inquit,
3079 913 3228 969 Deus
3274 924 3361 969 est
3413 920 3635 967 creator

2051 999 2324 1064 omnium,
2374 1009 2429 1055 et
2476 1004 2724 1058 omnium
2774 1006 2918 1061 Deus
2958 1014 3014 1062 et
3039 1012 3290 1069 curator,
3343 1005 3418 1060 ita
3463 1002 3630 1058 etiam

2054 1090 2427 1148 Abrahamum
2457 1096 2706 1150 omnium
2735 1106 2948 1168 patrem
2972 1098 3284 1160 constituit,
3311 1111 3421 1150 non
3449 1094 3630 1150 solum
3706 1128 3707 1131 η

2051 1175 2371 1236 Iudaeorum
2392 1223 2408 1249 ,
2435 1185 2531 1239 Sed
2556 1187 2808 1241 omnium
2837 1189 2930 1258 qui
2962 1190 3219 1243 credunt.
3250 1187 3415 1243 Docet
3447 1193 3632 1241 autem

2055 1269 2289 1342 insuper
2325 1290 2491 1344 quam
2527 1277 2762 1348 insignis
2796 1278 2962 1335 fuerit
2995 1280 3132 1335 ﬁdes
3161 1280 3415 1333 Abrahaa.

2127 1459 2289 1514 Vsus.
2332 1459 2427 1525 18,
2468 1460 2553 1515 19.
2596 1459 2702 1524 Qui
2727 1460 2921 1528 praeter
2946 1475 3090 1528 spem
3122 1459 3177 1512 in
3203 1473 3347 1527 spem
3375 1453 3634 1522 credidit,

2053 1559 2109 1601 ut
2145 1549 2292 1617 ﬁeret
2316 1559 2466 1616 pater
2491 1550 2781 1603 multarum
2806 1549 3040 1618 gentium
3067 1546 3355 1601 secundum
3389 1544 3529 1616 quod
3553 1544 3638 1598 di-

2055 1644 2197 1688 ctum
2229 1645 2348 1691 est:
2377 1635 2466 1690 Sic
2490 1638 2592 1691 erit
2622 1640 2638 1658 ‘
2669 1653 2848 1692 semen
2878 1648 3050 1691 tuum.
3095 1636 3161 1691 Et
3192 1653 3296 1691 non
3320 1637 3634 1705 inﬁrmatus

2054 1736 2132 1781 est
2156 1726 2281 1796 ﬁde,
2306 1728 2381 1780 ita
2403 1737 2460 1781 ut
2485 1728 2877 1784 considerasset
2903 1745 3093 1799 corpus
3116 1745 3272 1784 suum
3292 1737 3595 1781 emortuum
3617 1769 3634 1791 ,

2056 1833 2177 1870 cum
2208 1819 2330 1886 jam
2372 1819 2483 1888 fere
2525 1830 2731 1874 centum
2756 1830 2894 1876 esset
2927 1837 3191 1875 annorum
3211 1860 3226 1886 ,
3256 1828 3306 1873 et
3335 1826 3635 1872 emortuam

2057 1908 2265 1963 vulvam
2287 1908 2489 1966 Same.
2515 1910 2723 1968 Videas
2746 1914 2894 1966 enim
2916 1920 3033 1966 tum
3058 1912 3303 1967 sterilem
3320 1909 3635 1980 conjugem,

2060 2008 2175 2054 tum
2209 2010 2509 2073 utrumque
2537 2019 2650 2073 pra:
2676 2011 2964 2059 senectute
2990 2002 3332 2057 imbecillum
3354 2043 3369 2069 ,
3393 2000 3638 2055 nullam-

2057 2107 2166 2162 que
2221 2095 2705 2164 suscipiendorum
2759 2096 3095 2156 liberorum.
3139 2094 3303 2165 juxta
3349 2091 3626 2147 rationem
3708 2090 3713 2098 '

2060 2184 2362 2240 humanam
2384 2226 2398 2251 ,
2438 2200 2705 2256 apparere
2750 2199 2903 2256 spem
2927 2224 2944 2250 ,
2995 2199 3097 2239 nec
3144 2184 3315 2236 ullum
3346 2195 3468 2236 esse
3497 2180 3640 2233 anti-

2058 2273 2227 2342 quius
2250 2274 2563 2344 exemplum
2585 2313 2600 2340 ,
2634 2274 2784 2344 quod
2819 2289 2944 2329 eum
2978 2279 3166 2343 posset
3199 2268 3476 2324 consolari
3503 2310 3520 2335 ,
3552 2267 3636 2320 di-

2062 2366 2248 2419 vinum
2299 2366 2636 2436 promissum
2682 2366 2918 2421 ﬁdeliter
2948 2363 3215 2433 suscepit.
3252 2360 3457 2415 Prwter
3494 2375 3636 2427 spem

2060 2457 2206 2512 enim
2236 2458 2404 2522 dicit,
2449 2473 2570 2512 eam
2615 2474 2741 2525 ante
2784 2467 2870 2513 est
2909 2456 3217 2512 secundum
3252 2460 3549 2506 naturam:
3585 2452 3643 2505 in

2061 2565 2150 2619 spe
2188 2556 2372 2612 autem
2394 2589 2409 2614 ,
2448 2550 2841 2620 promissionis
2877 2549 2996 2604 Dei.

2134 2642 2302 2698 Vsus.
2340 2643 2448 2709 20,
2480 2643 2572 2699 21.
2613 2639 2680 2697 In
2728 2643 3138 2712 repromissione
3184 2644 3346 2697 etiam
3398 2641 3492 2696 Dei
3539 2654 3644 2693 non

2064 2734 2334 2789 Iursitavit
2370 2734 2665 2804 di/fidentia
2687 2777 2701 2801 ,
2729 2734 2820 2788 sed
2860 2734 3193 2803 confortatus
3224 2743 3301 2788 est
3334 2732 3472 2803 ﬁde,
3507 2730 3646 2785 dans

2063 2825 2291 2896 gloriam
2320 2825 2451 2886 Deo,
2481 2833 2532 2879 et
2571 2825 2877 2895 plenissime
2920 2827 3091 2879 sciens
3114 2864 3129 2889 ,
3163 2825 3289 2894 quia
3317 2839 3645 2895 quweunque

2063 2918 2308 2988 promisit
2330 2926 2514 2988 potens
2534 2927 2613 2972 est
2634 2927 2683 2972 et
2715 2918 2911 2987 facere.
2948 2917 3069 2971 Non
3109 2918 3257 2971 enim
3303 2916 3547 2986 respexit
3575 2910 3648 2968 ad

2065 3018 2280 3065 natura:
2302 3010 2738 3065 imbecillitatem
2765 3051 2777 3074 ,
2804 3008 2900 3065 sed
2925 3008 3137 3081 absque
3160 3008 3270 3062 ulla
3294 3007 3649 3063 haesitatione

2065 3103 2188 3173 ejus
2217 3101 2471 3157 Creatori
2505 3102 2768 3156 credidit.

2135 3193 2303 3248 Vens.
2344 3194 2435 3247 22.
2481 3192 2609 3247 Ideo
2647 3202 2696 3247 et
2736 3202 2981 3261 reputate
3017 3199 3096 3246 est
3130 3190 3214 3244 illi
3246 3188 3317 3245 ad
3343 3188 3646 3259 justitiam.

2070 3287 2277 3357 Nempe
2319 3286 2476 3342 ﬁdes.
2510 3287 2588 3341 ita
2623 3295 2914 3357 postquam
2945 3295 3001 3341 et
3034 3285 3090 3338 in
3121 3284 3190 3338 iis
3228 3281 3322 3353 qui
3366 3280 3470 3336 sub
3502 3280 3648 3349 lege.

2068 3366 2121 3437 et
2160 3381 2212 3434 in
2249 3380 2318 3435 iis
2349 3380 2440 3450 qui
2472 3386 2599 3436 ante
2642 3380 2821 3449 legem
2868 3378 3133 3442 fuerunt,
3188 3376 3356 3431 ﬁdem
3408 3373 3654 3443 viguisse

2070 3472 2348 3537 ostendit,
2388 3472 2454 3528 ad
2487 3471 2836 3542 propositum
2866 3471 3180 3526 orationem
3217 3463 3523 3521 convertit.

2145 3562 2309 3617 Vsus.
2343 3562 2451 3628 25,
2481 3563 2574 3617 24.
2612 3559 2740 3616 Non
2785 3570 2864 3616 est
2913 3568 3089 3615 autem
3137 3559 3395 3625 scriptum
3445 3563 3653 3609 tantum

2070 3663 2282 3722 propter
2307 3652 2517 3722 ipsum,
2561 3653 2700 3722 quod
2730 3660 2979 3721 reputate
3009 3651 3081 3704 sit
3123 3649 3172 3703 ei
3214 3647 3344 3718 ﬁdes
3376 3645 3445 3699 ad
3473 3645 3647 3714 justi-

2075 3746 2204 3797 tiam
2243 3760 2261 3798 :
2296 3742 2387 3798 sed
2432 3751 2481 3797 et
2511 3751 2723 3812 propter
2758 3759 2889 3808 nos,
2933 3741 3125 3812 quibus
3175 3736 3507 3808 reputabitur
3548 3733 3656 3804 52

2074 3834 2407 3890 credentibus
2460 3834 2515 3887 in
2561 3850 2714 3895 eum,
2754 3832 2849 3902 qui
2898 3830 3176 3885 suscitavit
3227 3827 3511 3881 Dominum
3562 3839 3658 3877 no-

2074 3931 2243 3977 strum
2277 3920 2462 3975 Jesum
2497 3935 2562 3974 ea:
2593 3920 2841 3973 mortuis.
2880 3918 2945 3971 Et
2980 3917 3299 3987 patriarcha
3323 3954 3337 3977 ,
3370 3915 3464 3983 qui
3493 3912 3652 3965 vide-

2075 4012 2167 4068 bat
2198 4020 2471 4065 mortuam
2500 4025 2616 4066 suae
2659 4007 2916 4078 conjugis
2968 4009 3208 4067 vulvam,
3248 4002 3480 4059 credidit
3506 4000 3652 4069 quod

2077 4104 2241 4158 facile
2272 4112 2420 4158 esset
2449 4101 2559 4156 Deo
2590 4099 2931 4171 promissum
2980 4097 3257 4166 implere:
3300 4102 3356 4149 et
3397 4107 3499 4147 nos
3545 4105 3652 4145 au-

2076 4191 2526 4250 dientesludzeos
2560 4191 2850 4245 Dominum
2876 4196 3130 4244 nostrum
3153 4193 3432 4239 mortuum
3456 4196 3659 4236 vocan-

2082 4296 2164 4341 tes
2182 4328 2198 4352 ,
2229 4300 2355 4340 eum
2384 4283 2763 4354 resurrexisse
2785 4281 3091 4337 credimus.
3115 4278 3458 4348 Colligamus
3483 4274 3654 4346 igitur

2079 4387 2134 4433 et
2161 4391 2262 4432 nos
2290 4374 2509 4431 fructus
2535 4374 2711 4438 ﬁdei,
2755 4380 2811 4427 et
2849 4371 3122 4440 justitiam
3170 4384 3295 4440 qua)
3341 4383 3409 4422 ex
3456 4382 3520 4421 ea
3555 4381 3655 4420 na-

2083 4469 2281 4533 scitur,
2311 4467 2695 4536 decerpamus.
2730 4462 2851 4518 Non
2879 4463 3027 4518 enim
3054 4460 3259 4516 frusua
3292 4459 3501 4529 scripta
3531 4466 3662 4514 sunt

362 4562 438 4616 Οὐ
468 4563 585 4634 γὰρ
625 4564 813 4633 μάτην
862 4563 1213 4634 ἀνάγραπτα,
1240 4562 1276 4618 ἃ
1300 4562 1443 4617 κατὰ
1489 4565 1581 4618 τὸν
1626 4565 1964 4639 πατριάρχηι

2083 4576 2206 4630 quae
2239 4559 2506 4612 Dominus
2537 4555 2682 4611 Deus
2738 4554 2870 4609 fecit
2920 4553 3249 4624 patriarchae
3290 4549 3609 4603 Abrabanio
3639 4570 3652 4601 :

376 4653 636 4726 Ἀϐραὰμ
693 4652 1002 4723 πεποίηκεν
1056 4656 1084 4707 ὁ
1138 4654 1418 4725 Δεσπότης
1482 4654 1614 4718 Bari;
1663 4672 1677 4687 υ
1728 4655 1844 4708 ἀλλ’
1886 4657 1974 4711 ἵνα

365 4748 551 4802 ἐκεῖνα
601 4745 874 4817 ὁρῶντες,
904 4744 1003 4814 τὴν
1033 4743 1156 4815 ἴσην
1196 4743 1597 4816 ὲπιδειξώμεθα
1654 4745 1859 4800 πίστιν.
1901 4748 1976 4801 Τὸ

369 4840 583 4907 μέντοι,
624 4839 691 4891 '0
754 4837 993 4906 ἐγείρας
1046 4837 1157 4891 τὸν
1201 4838 1422 4905 Κύριον
1474 4835 1646 4905 ἡμῶν
1694 4837 1971 4906 Ἰησοῦν,

370 4932 512 4985 κατὰ
563 4931 631 4984 τὸ
657 4928 1005 5000 ἀνθρώπειον
1061 4929 1314 4999 εἴρηκεν·
1346 4922 1378 5002 ᾗ
1410 4927 1520 4997 γὰρ
1560 4926 1754 4993 ἔπαθε,
1797 4926 1974 5001 ταύτῃ

368 5022 465 5075 καὶ
495 5022 809 5092 ἐγήγερται
834 5021 972 5091 ’τῆς
1015 5019 1075 5072 δὲ
1129 5014 1333 5091 σαρκὸς
1374 5019 1436 5072 τὸ
1492 5018 1702 5084 πάθος,
1755 5020 1816 5073 οὺ
1874 5019 1975 5090 τῆς

370 5111 625 5175 ἁπαῦοὗς
649 5111 934 5181 θεότητος.

440 5203 544 5259 κε’.
581 5205 695 5270 Ὃς
720 5201 1028 5271 παρεδόθη
1065 5200 1166 5256 διὰ
1196 5202 1271 5256 τὰ
1298 5199 1746 5271 παραπτώματα
1784 5198 1975 5268 ἡμῶν,

373 5305 469 5355 καὶ
492 5298 726 5369 ἠγέρθη
748 5297 848 5351 διὰ
862 5296 980 5363 τὴν
995 5295 1311 5350 δικαίωσιν
1324 5292 1515 5364 ἡμῶν.
1546 5293 1681 5348 Ὑπὲ
1689 5310 1719 5365 ρ
1736 5294 1844 5364 γὰρ
1868 5293 1977 5347 τῶν

375 5393 671 5464 ἡμετέρων
704 5388 1128 5462 ἁμαρτημάτων
1159 5387 1223 5441 τὸ
1268 5387 1442 5452 πάθος
1472 5387 1789 5457 ὑπέμεινεν,
1829 5386 1979 5450 ὅπως

374 5486 570 5556 ἐκτίσῃ
598 5483 661 5536 τὺ
704 5482 981 5554 ἡμέτερον
1011 5478 1196 5550 χρέος,
1235 5480 1332 5533 καὶ
1370 5479 1459 5533 ἵνα.
1490 5480 1525 5549 ἡ
1556 5478 1849 5541 ἀνάστασις
1885 5477 1981 5529 αὐ-

375 5578 469 5631 τοῦ
512 5577 615 5648 τὴν
643 5575 836 5646 κοινὴν
863 5573 1088 5627 πάντων
1122 5572 1422 5626 ἀνάστασιν
1462 5570 1976 5642 πραγματεύσηται.

374 5670 453 5723 Δι’
478 5668 702 5735 ἐκείνης
721 5666 831 5737 γὰρ
862 5665 959 5719 καὶ
980 5664 1081 5733 τῆς
1102 5661 1437 5725 δικαιώσεως
1463 5663 1561 5725 τὰς
1592 5661 1848 5731 ἀφορμὰς
1885 5678 1981 5714 κο-

378 5760 676 5831 μιζόμεθα,
713 5760 808 5814 καὶ
840 5760 901 5812 ὲν
930 5756 1009 5827 τῷ
1031 5755 1373 5825 βαπτίσματι
1404 5753 1835 5823 συνθαπτύμενιιι
1887 5752 1977 5803 δε-

379 5853 591 5923 χόμεθα
626 5853 732 5905 ’ξεῖν
765 5846 1187 5921 ἁμαρτημάτων
1212 5846 1311 5915 τὴν
1350 5845 1560 5912 ἄφεσιν.
1599 5841 1753 5895 Οὕτω
1797 5840 1977 5905 δείξας

2078 4644 2173 4704 scd
2210 4656 2268 4703 ut
2301 4664 2406 4703 nos
2459 4648 2551 4705 illa
2587 4647 2844 4701 videntes
2895 4644 3055 4698 ﬁdem
3105 4642 3342 4697 similem
3394 4639 3659 4695 ostenda-

2077 4756 2219 4795 mus.
2254 4741 2392 4794 Illud
2427 4754 2615 4810 porro,
2643 4737 2748 4803 Qui
2776 4737 3053 4791 suscitauit
3083 4733 3375 4790 Dominum
3410 4739 3652 4788 nostrum

2076 4834 2298 4895 Jesum,
2348 4831 2485 4884 dixit
2508 4828 2846 4899 pse-cundum
2881 4825 3310 4881 humanitatem.
3349 4821 3471 4889 Qua
3513 4821 3660 4875 enim

2078 4941 2277 4998 passus
2303 4932 2417 4986 est,
2445 4937 2509 4977 ea
2538 4929 2593 4975 et
2622 4919 2947 4976 resurrexit.
2976 4918 3178 4974 Carnis
3205 4926 3388 4972 autem
3418 4925 3507 4971 est
3535 4927 3662 4984 pas.

2084 5020 2165 5074 sio
2185 5057 2200 5084 ,
2228 5031 2338 5071 non
2372 5014 2680 5069 divinitatis
2705 5051 2719 5078 ,
2746 5027 2867 5082 qure
2903 5010 3019 5082 pati
3050 5009 3190 5065 nihil
3217 5012 3424 5079 potest.

2156 5192 2324 5249 Vens.
2352 5191 2443 5247 25.
2480 5190 2585 5257 Qui
2614 5190 2845 5244 traditus
2870 5197 2946 5243 est
2976 5194 3190 5254 propter
3213 5184 3409 5238 delicta
3437 5193 3622 5235 nostra
3646 5219 3662 5243 ,

2085 5297 2143 5351 et
2165 5286 2455 5341 resurrexit
2487 5293 2701 5354 propter
2736 5280 3183 5351 justi/icatiouem
3231 5284 3499 5330 nostram.
3552 5271 3664 5327 Pro

2087 5380 2300 5435 nostris
2322 5378 2470 5433 enim
2497 5376 2737 5447 peccatis
2759 5373 3075 5444 passionem
3101 5368 3300 5436 subiit,
3328 5376 3385 5421 ut
3409 5374 3664 5422 nostrum

2088 5473 2337 5529 debitum
2371 5471 2724 5531 exsolveret,
2769 5473 2824 5520 et
2872 5475 2926 5520 ut
2975 5463 3099 5533 ejus
3143 5459 3483 5527 resurrectio
3515 5472 3668 5511 com-

2092 5580 2313 5620 munem
2353 5566 2366 5583 ‘
2403 5560 2650 5617 omnium
2706 5556 3170 5613 resurrectionem
3217 5560 3526 5624 praestaret.
3563 5545 3670 5600 Per

2092 5657 2242 5710 illam
2275 5654 2423 5710 enim
2458 5662 2511 5709 et
2541 5650 2961 5723 justiﬁcationis
2997 5645 3287 5704 commoda
3317 5641 3625 5711 accipimus
3650 5677 3664 5698 ,

2092 5758 2146 5806 ct
2171 5749 2224 5803 in
2254 5747 2527 5819 baptismo
2555 5744 2869 5815 conscpulti
2900 5748 3255 5812 peccatorum
3282 5733 3667 5819 remissionem

2092 5815 2513 5909 consequimur.
2552 5834 2808 5891 Ostcnsis
2844 5832 2908 5888 ad
2946 5832 3094 5884 hunc
3131 5825 3354 5883 modum
3387 5819 3510 5876 ﬁdei
3535 5815 3663 5870 viri-
