4124 6400
552 401 626 469 95
1541 400 2029 466 THEODORETI
2054 397 2393 460 EPISCOPI
2440 401 2805 464 CYRENSIS
3745 398 3813 467 95

556 519 696 585 bus,
726 525 781 574 et
813 519 972 575 donis
1003 520 1197 591 gratia:
1226 516 1519 593 patefactis
1540 564 1555 588 ,
1601 523 1872 577 transfert
1917 521 2113 576 oratio-

2243 519 2321 590 τῆς
2353 521 2590 586 πίστεως
2635 523 2733 593 τὴν
2783 521 2958 592 ἰσχὺν,
3002 520 3095 573 καὶ
3147 519 3244 590 τῆς
3291 519 3512 591 χάριτος
3550 519 3618 573 τά
3665 518 3814 592 δῶρα

558 623 685 663 nem
733 609 801 663 ad
849 610 1295 673 exhortandum.
1345 621 1407 668 ut
1454 615 1617 669 etiam
1667 616 1860 668 activae
1911 614 2136 668 \il'llllis

557 714 693 754 cura
742 710 941 769 agatur
996 704 1323 759 adhortans.
1380 702 1519 769 Quia
1573 705 1723 763 enim
1785 712 1976 758 exorta
2035 704 2137 759 ﬁde

547 791 733 861 legem
778 793 912 848 Jixit
943 810 1068 850 esse
1098 810 1295 849 vanam
1318 834 1334 860 ,
1368 804 1424 851 et
1466 796 1712 850 ostendit
1752 797 2133 865 patriarcham

555 881 832 950 justitiam
850 898 916 937 ex
941 883 1045 937 ﬁde
1075 884 1444 953 acquisiisse:
1481 900 1548 940 ne
1581 886 1651 949 ii,
1684 887 1776 954 qui
1809 902 1870 941 se
1902 886 2137 956 ignavia:

557 971 797 1033 dedunt,
830 974 1186 1029 occasionem
1220 976 1535 1046 acciperent
1564 977 1759 1031 activa:
1786 978 2011 1033 virtutis
2038 993 2136 1033 ne-

555 1062 868 1132 gligendaa,
900 1079 965 1119 eo
995 1067 1145 1135 quod
1190 1067 1467 1123 suiliceret
1516 1067 1652 1123 ﬁdes
1697 1068 1764 1122 ad
1809 1068 2134 1138 justilican-

556 1154 725 1219 dum,
758 1157 1024 1210 moralem
1054 1172 1372 1213 sermonem
1400 1159 1721 1214 necessario
1751 1160 2022 1216 admiscet
2041 1203 2055 1227 ,
2082 1169 2137 1218 et

558 1243 698 1297 dicit
732 1263 745 1299 :

1088 1338 1192 1409 53
1249 1338 1481 1393 CAPUT
1523 1340 1589 1396 ν.

635 1419 801 1479 Vens.
848 1424 910 1487 Ι,
950 1424 1006 1478 2.
1046 1425 1342 1496 Iusti/ictui
1380 1444 1503 1498 ergo
1535 1445 1601 1482 ea:
1640 1429 1778 1499 ﬁde,
1819 1447 1998 1500 pacem
2038 1433 2138 1486 ha-

562 1511 778 1567 beamus
827 1516 895 1568 ad
951 1515 1119 1571 Deum
1167 1536 1260 1589 per
1316 1520 1601 1578 Dominum
1658 1534 1902 1578 nostrum
1951 1524 2137 1580 Jesum

562 1604 855 1662 Christum.
893 1607 995 1661 Per
1040 1627 1190 1679 quem
1233 1629 1371 1668 nunc
1417 1633 1686 1670 accessum
1735 1617 2016 1672 habuimus
2047 1635 2140 1687 per

562 1695 721 1762 [idem
760 1700 813 1751 in
848 1700 983 1753 hanc
1019 1705 1292 1771 gratiam,
1332 1708 1385 1759 in
1423 1724 1527 1776 qua
1569 1717 1809 1774 stamus,
1844 1719 1892 1763 et
1929 1710 2135 1780 gloria-

562 1805 685 1841 mur
717 1790 770 1842 in
799 1806 886 1859 spe
915 1791 1100 1861 gloria:
1130 1793 1248 1849 Dei.
1289 1795 1450 1850 Fides
1484 1798 1701 1863 quidem
1749 1800 2134 1855 remissionem

564 1891 916 1950 peccatorum
952 1885 1110 1941 vobis
1146 1888 1342 1941 tribuit
1365 1929 1378 1948 .
1418 1905 1625 1959 vosque
1660 1893 2052 1949 immaculatos
2084 1904 2138 1949 et

557 1978 743 2036 jnstos
771 1989 869 2044 per
901 1975 1104 2031 lavacri
1134 1980 1611 2049 regenerationem
1640 1981 1841 2038 effecit.
1868 1983 2140 2040 Convenit

565 2075 746 2119 autem
793 2080 890 2120 νος
939 2082 1059 2121 eam
1108 2085 1334 2126 servare
1381 2088 1604 2142 pacem,
1653 2091 1814 2146 quam
1861 2092 1986 2131 cum
2032 2080 2140 2134 Deo

565 2156 794 2212 iniistis.
828 2158 965 2220 Cum
996 2160 1139 2215 enim
1174 2162 1223 2214 ei
1261 2162 1449 2220 hostes
1498 2167 1729 2230 essetis,
1768 2163 2153 2226 reconciliavit

565 2262 665 2302 vos
694 2263 863 2304 carne
892 2263 1147 2322 suscepta
1179 2254 1501 2325 unigenitus
1546 2257 1639 2313 Dei
1682 2257 1883 2315 Filius.
1928 2259 2139 2316 Simul-

566 2346 733 2393 tatem
769 2351 948 2397 autem
983 2343 1130 2396 illam
1169 2356 1454 2415 peccaturo
1501 2351 1729 2419 peperit.
1769 2353 1967 2406 [uitam
2008 2370 2140 2425 ergo

569 2441 755 2495 pacem
783 2429 995 2497 justitia
1026 2436 1397 2491 conservabit.
1436 2438 1517 2491 Ad
1554 2438 1693 2494 hanc
1729 2449 1915 2496 autem
1953 2458 2141 2511 perseu

568 2520 846 2589 quendam
881 2538 991 2577 non
1038 2539 1232 2594 parum
1281 2528 1501 2584 incitari
1547 2547 1649 2587 nos
1683 2533 1975 2598 convenit,
2012 2549 2140 2604 spes

570 2627 695 2681 quae
723 2614 880 2669 nobis
908 2613 1049 2670 data;
1078 2626 1205 2672 sunt
1240 2630 1590 2691 reputantes,
1624 2633 1678 2679 et
1706 2625 1941 2695 gloriam
1975 2642 2139 2696 quam

569 2707 829 2761 daturum
873 2723 936 2762 se
983 2709 1142 2765 nobis
1181 2711 1324 2768 Deus
1368 2723 1452 2768 est
1493 2714 1797 2784 pollicitus.
1847 2714 2145 2786 Suscepto~

571 2812 698 2852 rum
724 2800 868 2854 enim
905 2799 1158 2855 laborum
1188 2807 1725 2869 remunerationem,
1770 2800 1881 2860 non
1927 2822 2140 2862 merce-

568 2890 692 2944 dem
716 2931 730 2954 ,
760 2890 853 2947 sed
883 2894 1112 2962 gloriam
1143 2898 1475 2965 appellavit,
1501 2896 1801 2953 ostendens
1828 2906 2034 2967 quanta
2061 2898 2142 2951 fu-

570 2996 691 3037 tura
738 2984 804 3039 sit
850 2989 1239 3041 remuneratio.
1279 2987 1419 3054 Quia
1455 2999 1635 3043 autem
1671 2991 1872 3043 multas
1906 3005 1970 3045 eo
2002 2998 2142 3045 tem-

568 3091 699 3143 pore
730 3077 1009 3133 molestias
1036 3080 1425 3147 sustinebant,
1457 3080 1700 3149 injuriis.
1731 3097 1794 3136 ac
1826 3081 2138 3149 tormentis,

2243 610 2559 681 γυμνώσας,
2595 614 2686 665 ἐπὶ
2718 611 3041 679 παραίνεσιν
3067 609 3365 681 μεταφέρει
3398 608 3487 662 τὸν
3512 608 3691 677 λόγον,
3720 610 3814 663 καὶ
3890 644 3895 647 ν

2239 700 2339 769 τῆς
2398 703 2708 772 πρακτικῆς
2754 700 2953 770 ἀρετῆς
3017 698 3323 770 φροντίζειν
3368 698 3414 731 ’⁵³
3457 698 3812 769 παρακαλῶν.

2253 792 2469 863 Ἐπειδὴ
2497 793 2603 864 γὰρ
2642 794 2831 864 ἀργεῖν
2861 791 2965 862 ἔφη
2997 792 3089 847 τὸν
3114 792 3277 864 νόμον
3310 792 3682 862 ἀναφανείσης
3715 792 3813 862 τῆς

2241 885 2500 955 πίστεως,
2534 886 2632 938 καὶ
2659 885 2750 938 τὸν
2780 887 3126 958 πατριάρχην
3156 884 3323 949 ἔδειξε
3351 885 3447 954 τὴν
3478 885 3543 937 ἐκ
3577 883 3813 946 πίστεως

2238 975 2584 1047 δικαιοσύνην
2619 976 2987 1047 κτησάμενοψ
3017 978 3106 1033 ἵνα
3146 979 3220 1049 μὴ
3267 975 3538 1049 πρόφασιν
3573 974 3813 1027 λάϐωσιν

2238 1069 2285 1120 οἱ
2314 1065 2567 1140 ῥαστώνῃ
2589 1066 2856 1133 συζῶντες
2876 1068 3098 1137 ἀμελεῖν
3131 1068 3231 1139 τῆς
3260 1068 3570 1138 πρακτικῆς
3592 1063 3812 1136 ἀρετῆς,

2239 1158 2314 1221 ὡς
2347 1159 2447 1229 τῆς
2495 1159 2730 1223 πίστεως
2780 1158 3022 1213 δικαιοῦν
3081 1156 3447 1230 ἀποχρώσης,
3501 1152 3814 1225 ἀναγκαίως

2237 1249 2365 1312 τοὺς
2394 1248 2618 1317 ὴθικοὺς
2649 1248 2978 1318 ἀναμίγνυσι
3008 1246 3220 1314 λόγους,
3256 1245 3351 1298 καί
3381 1259 3514 1315 φησι
3535 1256 3550 1273 ⁸

2777 1339 3169 1393 ΚΕΦΑΛΑΙΟΝ
3198 1336 3273 1393 Ε’.

2310 1430 2379 1494 α’,
2413 1430 2478 1501 β’.
2539 1431 2955 1497 Δικαιωθέντες
2989 1427 3100 1485 οὖν
3138 1430 3205 1483 ἐκ
3245 1428 3523 1492 πίστεως,
3564 1423 3815 1492 εἰρήνην

2239 1523 2469 1593 ἔχωμεν
2503 1523 2654 1591 πρὸς
2677 1524 2786 1577 τάν
2816 1524 2964 1577 Θεὸν
2992 1523 3090 1577 διὰ
3116 1521 3222 1575 τοῦ
3252 1522 3470 1589 Κυρίου
3495 1516 3662 1587 ἡμῶν
3702 1517 3819 1582 ’1η-

2240 1615 2356 1667 σοῦ
2380 1613 2655 1683 Χριστοῦ,
2690 1613 2765 1666 δι’
2793 1609 2864 1669 οὗ
2904 1612 3021 1667 νῦν
3053 1610 3169 1680 τὴν
3192 1608 3594 1679 προσαγωγὴν
3626 1605 3816 1676 ἐσχή-

2241 1722 2430 1775 καμεν
2455 1704 2529 1773 τῇ
2555 1706 2751 1759 πίστει
2769 1707 2854 1771 εἷς
2879 1702 2994 1772 τὴν
3013 1703 3188 1773 χάριν
3208 1705 3454 1769 ταύτην,
3480 1700 3549 1753 ἐν
3567 1692 3607 1770 ᾗ
3636 1696 3786 1763 ἐστή
3809 1725 3821 1736 -

2242 1813 2450 1866 καμεν,
2482 1797 2581 1850 καὶ
2611 1795 2960 1866 καυχώμεθα
2988 1796 3080 1849 ἐπ’
3107 1794 3305 1848 ἐλπίδι
3335 1792 3446 1861 τῆς
3476 1790 3663 1855 δόξης
3706 1785 3818 1841 τοῦ

2248 1889 2415 1944 Θεοῦ.
2462 1889 2527 1942 Ἦ
2555 1889 2735 1951 πίστις
2765 1888 2865 1959 μὲν
2895 1889 3027 1957 ἡμῖν
3059 1887 3373 1956 ἐδωρήσατο
3418 1881 3526 1936 τῶν
3558 1883 3818 1951 ἁμαρτη-

2249 1980 2434 2052 μάτων
2483 1980 2581 2051 τὴν
2630 1980 2845 2049 ἄφεσιν,
2883 1979 2978 2032 καὶ
3010 1976 3273 2049 ἀμώμους
3306 1974 3397 2026 καὶ
3444 1972 3681 2033 δικαίους
3725 1970 3824 2023 διὰ

2243 2076 2344 2143 τῆς
2369 2071 2463 2126 τοῦ
2502 2071 2730 2142 λουτροῦ
2763 2069 3185 2149 παλιγγενεσίας
3229 2064 3473 2135 ἀπέφηνε
3498 2081 3511 2095 ·
3549 2062 3824 2135 προσήκει

2243 2166 2300 2218 δὲ
2334 2165 2478 2234 ὑμᾶς
2509 2162 2608 2234 τὴν
2652 2161 2790 2233 πρὸς
2817 2161 2907 2214 τὸν
2949 2159 3084 2214 Θεὸν
3113 2156 3484 2229 γεγενημένην
3529 2152 3823 2223 φυλάττειν

2246 2257 2488 2326 εἰρήνην.
2532 2253 3125 2324 Ἐκπεπολεμωμένους
3170 2250 3278 2321 γὰρ
3310 2248 3456 2320 αὑτῷ
3482 2246 3826 2318 κατήλλαξεν

2247 2350 2390 2418 ὑμᾶς
2419 2350 2447 2401 ὁ
2469 2344 2780 2417 Μονογενὴς
2810 2343 3258 2415 ὲνανθρωπήσας,
3298 2342 3397 2411 τὴν
3422 2341 3479 2394 δὲ
3498 2338 3825 2423 δυσμένειαν

2244 2440 2458 2511 ἐκείνην
2478 2442 2511 2508 ἡ
2546 2436 2788 2508 ἁμαρτία
2813 2434 3199 2506 προύξένησεν.
3229 2431 3438 2486 Οὐκοῦν
3467 2432 3564 2502 τὴν
3584 2448 3820 2501 γεγενη-

2248 2530 2419 2599 μένην
2462 2529 2687 2599 εἰρήνην
2732 2524 3043 2596 δικαιοσύνη
3084 2522 3328 2593 φυλάξει.
3367 2524 3478 2593 Οὐχ
3517 2522 3717 2593 ἥκιστα
3757 2518 3820 2574 δὲ

2247 2618 2446 2689 ταύτην
2477 2616 2716 2688 μετιέναι
2749 2616 3038 2686 προσήκει,
3064 2614 3160 2677 τὰς
3187 2612 3477 2683 δεδομένας
3501 2614 3633 2683 ἡμῖν
3671 2612 3821 2681 λογι-

2245 2711 2504 2781 ζομένους
2535 2708 2775 2772 ἐλπίδας,
2801 2706 2896 2761 καὶ
2923 2706 3019 2777 τὴν
3045 2703 3460 2777 ἐπηγγελμένην
3494 2704 3624 2774 ἡμῖν
3665 2702 3820 2775 παρὰ

2244 2800 2338 2853 τοῦ
2360 2799 2496 2853 Θεοῦ
2533 2796 2855 2868 δοθήσεσθαι
2884 2795 3074 2860 δόξαν·
3104 2796 3203 2865 τὴν
3230 2794 3339 2866 γὰρ
3361 2792 3471 2846 τῶν
3504 2792 3679 2846 πόνων
3721 2794 3820 2845 ἀν-

2244 2889 2462 2955 τίδοσιν,
2490 2889 2551 2943 οὐ
2579 2887 2787 2958 μισθὸν,
2819 2886 2955 2940 ἀλλὰ
2982 2884 3171 2950 δόξαν
3199 2884 3445 2949 έκάλεσε,
3477 2882 3689 2946 δεικνὺς
3706 2883 3818 2934 τῶν

2244 2981 2492 3052 ἀμοιϐὦν
2537 2982 2636 3051 τὴν
2683 2977 3012 3050 ὑπερϐολήν.
3055 2976 3273 3048 Ἐπειδὴ
3315 2974 3371 3029 δὲ
3423 2975 3652 3037 πολλοὺς
3694 2974 3816 3027 κατ’

2245 3074 2450 3127 ἐκεῖνον
2474 3072 2567 3126 τὸν
2606 3071 2795 3142 καιρὸν
2829 3068 3092 3140 θορύϐους
3135 3066 3425 3137 ὑπέμενον,
3455 3063 3814 3135 αἰκιζόμενοι,

565 3175 621 3223 et
660 3165 1158 3224 innumerabilibus
1190 3172 1387 3225 mortis
1418 3173 1723 3242 generibus
1760 3175 1976 3241 vexati,
2014 3175 2138 3245 jure

2247 3166 2341 3219 καὶ
2372 3161 2809 3235 στρεϐλούμενοι,
2835 3162 2930 3216 καὶ
2974 3156 3142 3231 μυρία
3171 3158 3417 3212 θανάτων
3455 3156 3568 3227 εἴδη
3607 3156 3815 3226 ὑπομέ-

566 3261 635 3315 de
664 3260 748 3315 his
775 3276 996 3331 quoque
1026 3262 1181 3318 affert
1210 3265 1676 3322 consolationem.

634 3438 804 3494 Vens.
837 3440 891 3495 5.
931 3438 1052 3494 Non
1105 3440 1279 3494 solum
1332 3451 1551 3508 autem,
1606 3443 1697 3497 sed
1744 3453 1794 3499 et
1844 3446 2141 3516 gloriamur

565 3532 620 3585 iu
655 3530 1108 3586 tribulationibus.
1145 3532 1349 3601 Aperte
1383 3548 1539 3587 suam
1577 3534 1754 3605 ipsius
1784 3537 2138 3609 insuperabi-

566 3625 671 3678 lem
712 3623 881 3678 animi
926 3624 1367 3694 magnitudinem
1411 3627 1671 3681 ostendit.
1711 3627 1829 3684 Non
1875 3632 2021 3685 enim
2051 3632 2139 3686 di-

565 3718 669 3780 xit,
702 3716 1052 3771 alliietionem
1097 3717 1459 3781 sustinemus,
1489 3718 1606 3781 sed,
1640 3718 1951 3775 Gloriamur
1978 3725 2142 3777 etiam

566 3808 622 3860 in
678 3807 1068 3876 aﬂlictionibus.
1130 3805 1475 3869 .Gloriamur.
1518 3808 1733 3878 inquit,
1769 3818 1824 3865 et
1879 3812 1946 3866 de
1984 3812 2142 3868 nobis

569 3898 854 3968 magniﬁce
902 3897 1195 3961 sentimus,
1230 3906 1289 3951 ut
1334 3897 1427 3968 qui
1461 3898 1635 3955 simus
1661 3899 1878 3955 Domini
1921 3902 2142 3972 passio-

568 4004 700 4043 num
736 3992 751 4010 '
780 3990 1104 4060 participes.
1134 3987 1202 4042 Et
1231 3989 1335 4044 hoc
1362 3990 1579 4060 quidem
1614 4007 1723 4045 non
1749 3991 1893 4046 dixit
1918 4001 2134 4062 aperte.

568 4077 646 4131 Ita
671 4081 815 4132 enim
843 4080 1055 4132 sentire
1073 4117 1088 4141 ,
1113 4070 1202 4133 est
1224 4094 1415 4133 eorum
1436 4120 1451 4145 ,
1478 4082 1575 4149 qui
1604 4097 1711 4135 non
1740 4082 1904 4136 aliter
1929 4097 1993 4136 ac
2021 4082 2142 4152 ipse

567 4167 793 4238 perfecti
824 4178 972 4222 sunt.
1002 4167 1152 4224 Alios
1185 4179 1364 4225 autem
1397 4187 1464 4226 ex
1496 4170 1698 4226 futuris
1731 4173 2085 4227 consolatur.

640 4256 805 4312 Vens.
845 4259 910 4325 lt,
944 4260 996 4313 5.
1037 4258 1313 4327 Scientes,
1345 4262 1484 4330 quod
1516 4262 1792 4317 tribulatio
1823 4264 2143 4333 patientiam

567 4359 839 4414 operatur,
898 4352 1154 4416 patientia
1211 4361 1388 4407 autent
1439 4353 1841 4421 probationem,
1898 4354 2142 4421 probatio

567 4455 686 4493 vero
712 4455 893 4509 spem;
931 4459 1047 4512 spes
1080 4454 1256 4498 autem
1288 4461 1390 4499 non
1423 4444 1726 4512 confundit.
1765 4445 1873 4517 54
1903 4447 2142 4512 Quando

2246 3273 2449 3319 νοντες,
2496 3254 2723 3318 εἰκότως
2760 3255 2853 3307 καὶ
2898 3252 2997 3324 τὴν
3043 3250 3406 3322 περὶτούτων
3457 3248 3816 3319 ψυχαγωγίαν

2247 3347 2563 3420 προσφέρει.

2314 3441 2383 3509 γ’.
2419 3441 2502 3493 Οὐ
2525 3439 2719 3507 μόνον
2742 3434 2832 3502 δὲ,
2881 3434 3041 3489 ἀλλὰ
3088 3435 3185 3487 καί
3216 3433 3565 3502 καυχώμεθα
3591 3431 3661 3484 ἐν
3689 3427 3819 3496 ταῖς

2244 3529 2514 3597 θνητῇ-εστ.
2550 3523 2745 3593 Σαφῶς
2777 3523 2970 3577 ἑαυτοῦ
3000 3524 3099 3595 τὴν
3131 3522 3539 3592 ἀνυπέρϐλητον
3580 3519 3818 3591 μεγαλο-

2242 3620 2441 3690 ψυχίαν
2472 3617 2766 3682 ἐπέδειξεν.
2809 3617 2884 3671 Οὐ
2916 3617 3025 3687 γὰρ
3075 3612 3247 3679 εἶπεν,
3290 3613 3667 3683 ’Υπομένομεν
3716 3611 3826 3675 τὰς

2243 3712 2473 3781 θλίψεις,
2519 3710 2678 3774 ἀλλὰ,
2720 3710 2830 3764 Καί
2873 3709 3226 3777 καυχώμεθα
3268 3706 3338 3759 ἐν
3375 3705 3503 3771 ταῖς
3547 3705 3818 3772 aliahaec.

2244 3804 2650 3877 Σεμνυνόμεθα,
2710 3804 2865 3874 φησὶ,
2905 3801 3002 3854 καὶ
3048 3800 3192 3871 μέγα
3235 3798 3560 3869 φρονοῦμεν,
3592 3795 3668 3857 ὡς
3704 3810 3824 3847 κοι-

2242 3898 2537 3961 νωνοῦντες
2572 3895 2652 3965 τῷ
2678 3894 2932 3965 Δεσπόπη
2961 3892 3069 3947 τῶν
3113 3892 3475 3962 παθημάτων.
3512 3888 3623 3942 Καὶ
3658 3886 3823 3940 τοῦτο

2247 3986 2345 4054 μὲν
2376 3985 2477 4038 οὐκ
2513 3980 2635 4037 εἷπε
2667 3981 2852 4050 σαφῶς
2874 3999 2888 4013 ο
2922 3981 3029 4035 τῶν
3081 3982 3190 4052 γὰρ
3228 3980 3348 4034 κατ’
3376 3979 3540 4032 αὑτὸν
3584 3977 3816 4030 τελείων

2243 4076 2303 4128 τὸ
2329 4075 2473 4129 οὕτω
2522 4075 2736 4144 φρονεῖν
2761 4089 2774 4103 ’
2797 4072 2923 4138 τοῦς
2942 4070 3000 4125 δὲ
3031 4072 3223 4134 ἄλλους
3250 4071 3358 4125 ἀπὸ
3380 4071 3486 4123 τῶν
3516 4068 3829 4140 μελλόντων

2242 4168 2582 4238 ψυχαγωγεῖ.

2315 4259 2378 4321 δ’,
2410 4259 2471 4314 ε’.
2537 4258 2778 4325 atomi;
2815 4256 2905 4312 ὅτι
2938 4259 2975 4327 ἠ
3015 4258 3222 4326 θλίψις
3256 4253 3574 4324 ὑπομονὴν
3619 4267 3823 4319 κατερο

2245 4349 2493 4421 γάζεται,
2524 4350 2562 4417 ἡ
2592 4349 2660 4403 δὲ
2684 4347 2955 4419 ὑπομονὴ
2995 4347 3271 4418 δοκιμὴν,
3317 4347 3356 4413 ἠ
3380 4346 3448 4398 δὲ
3471 4341 3684 4411 δοκιμὴ
3717 4342 3823 4395 thl-

2245 4442 2410 4497 πίὸα·
2446 4443 2485 4509 ἡ
2542 4441 2611 4494 δὲ
2667 4441 2845 4507 ἐλπὶς
2905 4442 2970 4494 οὐ
3034 4438 3440 4506 καταισχύνει.
3495 4436 3663 4488 Ὅταν
3696 4433 3822 4487 τινὰ

565 4532 753 4601 aliqua
787 4532 1014 4588 molesta
1051 4538 1365 4606 quempiam
1399 4537 1868 4592 circumsederint
1891 4577 1905 4602 ,
1943 4541 1990 4594 si
2026 4539 2138 4595 for-

2246 4503 2637 4603 περιστοιχήσῃ
2666 4529 2734 4583 τὰ
2757 4503 3076 4600 σκυθρωπὰ,
3129 4503 3287 4581 εἶτα-Ὗ
3319 4525 3583 4595 γενναίως
3616 4520 3822 4592 ἐνέγκῃ

567 4622 696 4676 liter
744 4621 886 4677 ferat
928 4639 1120 4679 eorum
1168 4625 1408 4693 impetus
1436 4665 1450 4688 ,
1492 4627 1763 4694 probatus
1792 4626 2052 4695 ellicitur,
2086 4641 2142 4685 et

567 4715 878 4769 futurorum
932 4731 1030 4786 spe
1080 4716 1298 4771 nititur.
1360 4717 1456 4770 Illa
1489 4727 1671 4771 autem
1707 4733 1820 4773 non
1851 4729 1936 4775 est
1966 4719 2137 4785 falsa,

567 4805 662 4859 scd
692 4822 880 4860 verum
911 4808 1096 4861 habet.
1150 4809 1267 4863 Hoc
1315 4809 1462 4861 enim
1510 4815 1600 4862 est
1651 4810 1799 4879 quod
1851 4813 1968 4875 ait,
2016 4812 2139 4867 Non

566 4894 843 4964 confundit
869 4910 889 4950 :
916 4910 1113 4966 nempe
1139 4897 1268 4963 quia
1299 4897 1392 4965 qui
1425 4907 1687 4967 sperant,
1721 4906 1777 4954 et
1806 4915 1904 4969 spe
1933 4900 2139 4956 fallun-

567 4994 676 5052 tur,
706 4987 1047 5042 erubescunt
1073 4994 1127 5041 et
1160 4986 1373 5056 pudore
1401 4987 1715 5043 adiciuntur
1742 5007 1755 5043 :
1787 4990 1929 5057 Quia
1956 4994 2136 5046 chari-

567 5086 652 5131 tas
685 5076 784 5132 Dei
813 5077 1013 5147 di/Iusa
1041 5087 1118 5131 est
1146 5079 1200 5130 in
1231 5076 1482 5132 cordibus
1513 5082 1713 5135 nostris
1743 5098 1836 5150 per
1868 5082 2135 5152 Spiritum

566 5180 845 5237 sanctum,
878 5172 970 5241 qui
1017 5170 1176 5222 datus
1226 5178 1305 5223 est
1353 5170 1524 5224 nobis.
1582 5171 1930 5230 Sanctissimi
1981 5178 2130 5231 enim

567 5258 809 5329 Spiritus
837 5259 1010 5330 gratia
1034 5296 1050 5322 ,
1077 5273 1246 5326 quam
1281 5274 1378 5328 per
1412 5260 1747 5330 baptismum
1776 5266 2096 5335 accepimus
2118 5308 2131 5331 ,

565 5359 820 5405 nostrum
875 5352 930 5403 in
982 5348 1152 5404 Deum
1204 5350 1541 5406 desiderium
1595 5354 1870 5410 accendit.
1928 5357 2137 5413 Deinde

564 5444 735 5497 etiam
763 5442 928 5495 docet
959 5455 1163 5497 causas
1196 5442 1425 5499 amoris.

638 5531 806 5586 Vens.
848 5531 915 5598 6,
943 5533 996 5585 7.
1039 5532 1287 5591 Christus
1324 5537 1461 5590 enim
1486 5580 1498 5604 ,
1536 5555 1653 5593 cum
1692 5539 1865 5594 adhuc
1900 5556 2131 5599 essemus

2241 4624 2448 4677 τούτων
2492 4621 2592 4692 τὴν
2641 4618 2968 4692 προσϐολὴν,
3017 4618 3237 4688 δόκιμος
3280 4615 3687 4676 ἀποδείκνυται,
3721 4612 3822 4663 καὶ

2242 4716 2307 4784 τῇ
2359 4712 2534 4765 ἐλπίδι
2592 4710 2701 4764 τῶν
2752 4708 3051 4780 μελλόντων
3110 4708 3400 4780 ἐρείδεται.
3445 4703 3710 4775 Ἀψευδὴς
3758 4698 3821 4753 δὲ

2243 4806 2445 4876 ἐκείνη,
2477 4806 2572 4858 καὶ⁸
2613 4802 2674 4856 τὸ
2718 4801 2917 4874 ἀηλθὲς
2953 4800 3167 4871 ἔχουσα.
3196 4797 3368 4851 Τοῦτο
3406 4797 3514 4865 γὰρ
3544 4789 3698 4848 εἴπεο
3732 4793 3820 4847 Οὐ

2243 4898 2629 4966 καταισχύνει
2647 4914 2662 4927 ·
2693 4894 2767 4959 ὡς
2788 4893 2895 4947 τῶν
2918 4889 3244 4955 ἐλπιζόντων
3271 4889 3391 4960 μὲν,
3419 4883 3818 4958 διαμαρτανόν-

2243 5008 2350 5044 των
2401 4989 2481 5054 δὲ,
2516 4986 2921 5056 αίσχυνομένων
2982 4983 3076 5037 καὶ
3123 4977 3518 5052 ὲρυθριώντων.
3583 4976 3713 5028 "On
3775 4974 3818 5041 ἠ

2242 5081 2442 5150 ἀγάπη
2469 5081 2574 5135 τοῦ
2599 5079 2747 5133 Gem")
2766 5076 3080 5146 ἐκκέχυται
3100 5076 3169 5129 ἐν
3207 5073 3336 5139 ταῖς
3348 5071 3619 5140 καρδίαις
3647 5066 3816 5137 ἡμῶν

2242 5178 2341 5229 διὰ
2369 5175 2709 5240 Πνεύματος
2734 5169 2906 5239 ἁγίου
2937 5167 3042 5222 τοῦ
3080 5164 3358 5230 δοθέντος
3386 5161 3549 5232 ἡμῖν.
3588 5161 3652 5213 Ἠ
3706 5159 3816 5229 γὰρ

2242 5265 2338 5321 τοῦ
2381 5263 2646 5331 παναγίου
2686 5260 3002 5329 Πνεύματος
3038 5258 3220 5329 χάρις,
3254 5256 3447 5327 ¹ἤνιδιά
3474 5253 3566 5307 τοῦ
3613 5250 3811 5322 βαπτί-

2246 5372 2451 5427 σματος
2474 5352 2791 5422 ἐδεξάμεθα,
2813 5351 2904 5405 τὸν
2935 5350 3062 5420 περὶ
3093 5348 3224 5400 Θεὸν
3268 5348 3326 5399 ὲν
3345 5347 3478 5414 ἡμῖν
3511 5341 3815 5413 ἐπύρσευσε

2248 5446 2430 5500 πόθον.
2460 5439 2591 5500 Εἶτα
2619 5443 2859 5497 διδάσκει
2890 5441 2983 5493 καὶ¹
3009 5438 3101 5492 τοῦ
3157 5437 3380 5508 φίλτρου
3415 5434 3515 5498 τὰς
3538 5431 3813 5503 ἀφορμάς.

2318 5538 2392 5606 ς’,
2425 5537 2487 5601 ζ’.
2521 5537 2643 5590 Ἔτι
2670 5535 2780 5605 γὰρ
2811 5531 3084 5602 Χριστὸς,
3111 5530 3301 5584 ὄντων
3320 5525 3489 5597 ἡμῶν
3519 5520 3814 5587 ἀσθενῶν,

1878 5723 2109 5779 νΛίὶΙίΕ
2144 5721 2546 5779 LECTIONES.

641 5792 687 5827 “
710 5792 753 5848 Β
794 5801 1082 5867 φροντίζει.
