4124 6408
326 429 401 494 9’7
1223 423 1839 487 IN'I'ERPRETATIO
1878 424 2117 484 EPIST.
2155 423 2255 483 AD
2294 422 2475 483 ROM.
2515 421 2671 483 CAP.
2712 423 2780 483 V.
3532 422 3603 485 98

328 537 480 591 κατὰ
534 531 749 607 καιρὸν
795 533 952 602 ὑπὲρ
984 532 1224 589 ἀσεϐῶν
1253 533 1537 590 ἀπέθανε,
1584 533 1774 598 Μόλις
1820 531 1929 601 γὰρ

2039 533 2271 600 inﬁrmi,
2304 533 2589 586 secundum
2627 542 2830 600 tempus
2867 546 2961 598 pro
3001 530 3179 600 impiis
3214 539 3455 585 mortuus
3501 546 3599 586 est.

326 627 479 695 ὑπὲρ
534 626 775 680 δικαίου
828 642 924 691 τις
973 625 1363 680 ἀποθανεῖται
1398 643 1413 657 ο
1452 625 1605 692 ὑπὲρ
1656 623 1768 693 γὰρ
1822 622 1929 675 τοῦ

326 715 561 785 ἀγαθοῦ
582 712 739 782 τάχα
758 731 850 780 τις
866 712 970 766 καί
1000 712 1194 782 τολμᾷ
1218 711 1564 768 ἀποθανεῖν.
1590 710 1932 779 Λογιζόμεθα

328 811 454 878 γὰρ,
496 807 587 860 ὅτι
638 806 1118 878 παρανομούντων
1162 805 1320 877 ἡμῶν
1366 804 1470 872 ἔτι,
1513 804 1610 858 καὶ
1656 803 1755 872 τῆς
1802 803 1931 856 ἀσε-

330 899 476 962 ϐείας
509 897 931 969 περικειμένων
972 896 1075 967 τὴν
1113 895 1289 960 νόσον,
1316 896 1346 947 ὁ
1375 893 1654 962 Δεσπότης
1696 890 1931 961 Χριστὸς

328 990 410 1042 τὸν
438 989 588 1058 ὑπὲρ
615 988 777 1058 ἡμῶν
803 987 1138 1050 κατεδέξατο
1163 986 1394 1040 θάνατον
1414 1000 1428 1014 ·
1457 983 1555 1036 καὶ
1583 982 1929 1052 μανθάνομεν

326 1079 582 1134 ἐντεῦθεν
610 1081 714 1150 τῆς
744 1077 1159 1149 φιλανθρωπίας
1185 1076 1285 1147 τὴν
1315 1075 1572 1130 ἄϐυσσον.
1616 1073 1787 1141 ’Υπὲρ
1820 1071 1930 1140 γὰρ

324 1173 538 1227 δικαίου
570 1172 707 1235 ἴσως
746 1171 813 1225 ἂν
863 1187 948 1235 τις
982 1168 1312 1236 κατεδέξατο
1346 1165 1577 1221 θάνατον
1608 1181 1624 1196 ο
1668 1163 1834 1226 αὐτὸς
1872 1162 1929 1215 δὲ

322 1267 387 1319 δι’
442 1264 679 1333 ἀγάπης
724 1261 1038 1333 ὑπερϐολὴν
1088 1259 1193 1328 τῆς
1251 1258 1392 1329 ὑπὲρ
1446 1253 1786 1327 ἁμαρτωλῶν
1806 1237 1932 1322 ’ὴν-

320 1373 488 1427 quo
527 1354 820 1423 τελευτῆς.
881 1351 1056 1405 Τοῦτο
1105 1351 1217 1418 γὰρ
1272 1349 1514 1417 ἐπάγει·

386 1449 467 1518 η’,
495 1447 566 1501 0'.
604 1446 947 1512 Συνίστησι
966 1442 1036 1496 δὲ
1057 1442 1174 1509 τὴν
1197 1439 1414 1494 ἑαυτοῦ
1446 1436 1691 1507 ἀγάπην
1723 1439 1756 1490 ό
1786 1435 1930 1500 Θεὸς

315 1544 403 1608 είς
448 1538 642 1609 ⁴ἡμᾶς,
692 1537 787 1591 ὅτι
829 1537 918 1589 ἔτι
945 1531 1312 1605 ἁμαρτωλῶν
1341 1531 1532 1585 ὄντων
1577 1526 1767 1597 ἡμῶν,
1797 1529 1932 1594 Χριο

314 1633 476 1698 (rce;-
493 1631 543 1663 ”
574 1629 739 1698 ὑπὲρ
776 1626 948 1696 ἡμῶν
974 1625 1297 1682 ἀπέθανεν.
1340 1622 1397 1676 '0
1433 1621 1621 1692 μέντοι
1664 1618 1798 1681 Θεὸς
1834 1615 1928 1670 τοῦ

316 1725 453 1793 περὶ
510 1722 669 1792 ἡμᾶς
748 1719 972 1790 φίλτρου
1048 1716 1200 1789 δηλοῖ
1279 1714 1377 1785 τὴν
1439 1711 1768 1784 ὑπερϐολὴν,
1835 1710 1929 1765 τοῦ

315 1814 567 1886 Χριστοῦ
592 1814 693 1866 τὸν
728 1812 983 1870 θάνατον,
1018 1809 1117 1879 οὐχ
1172 1807 1311 1877 ὑπὲρ
1360 1804 1607 1868 δικαίων,
1637 1803 1751 1858 ἀλλ’
1787 1802 1930 1873 ὑπὲρ

316 1904 684 1977 ἁμαρτωλῶν
710 1900 1064 1971 γεγενῆσθαι.
1113 1899 1303 1969 Ἡμεῖς
1333 1896 1443 1968 γὰρ
1471 1896 1566 1950 νῦν
1598 1894 1688 1949 διὰ
1716 1894 1825 1965 τῆς
1853 1895 1932 1957 εἰς

315 1996 490 2050 αὐτὸν
518 1992 934 2061 ὲδικαιὼθημεν
967 1990 1206 2051 πίστεως
1232 2005 1247 2019 ο
1282 1988 1370 2040 ὅτε
1393 1986 1450 2040 δὲ
1481 1986 1573 2039 τὸν
1603 1984 1742 2056 ὑπὲρ
1773 1983 1932 2055 ἡμῶν

316 2081 668 2145 κατεδέξατο
707 2079 961 2141 Θάνατον,
1006 2077 1088 2131 ἔτι
1124 2078 1248 2139 ταῖς
1288 2076 1657 2137 παντοδαπαῖς
1705 2073 1928 2127 ὑπεκεί-

320 2174 469 2245 μεθα
515 2170 954 2242 πλημμελείαις.
985 2169 1060 2224 Τὸ
1085 2168 1164 2232 δὲ,
1211 2169 1364 2223 κατὰ
1388 2168 1616 2235 καιρὸν,
1670 2167 1793 2219 ἀντὶ
1814 2165 1931 2229 τοῦ,

318 2268 401 2328 εἰς
432 2263 667 2332 καιρὸν,
695 2260 843 2315 κατὰ
866 2261 956 2312 τὸν
988 2259 1340 2330 προσήκοντα
1373 2258 1587 2329 καιρόν.
1623 2257 1795 2310 Τοῦτο
1835 2256 1933 2310 καὶ

319 2358 379 2409 ὲν
405 2358 481 2426 τῇ
515 2354 663 2425 πρὸς
694 2351 946 2415 Γαλάτας
974 2350 1123 2418 λέγει
1150 2366 1165 2382 ο
1209 2368 1228 2402 ι
1276 2349 1403 2402 Ὅτε
1437 2349 1494 2401 δὲ
1521 2345 1656 2420 ἦλθε
1688 2348 1749 2400 τὺ
1793 2346 1931 2417 πλή-

323 2465 494 2520 ρωμα
547 2444 651 2498 τοῦ
687 2444 909 2515 χρόνου,
966 2440 1356 2509 ἐξαπέστειλεν
1404 2442 1432 2494 ὁ
1490 2439 1622 2505 Θεὸς
1666 2439 1757 2493 τὸν
1807 2439 1934 2491 Υἱὸν

320 2537 525 2601 αὑτοῦ,
550 2535 854 2605 γενόμενον
881 2535 946 2586 ὲκ
978 2532 1262 2602 γυναικὸς,
1294 2531 1587 2602 γενόμενον
1618 2530 1722 2583 ὑπὸ
1748 2531 1930 2599 νόμον,

319 2631 423 2683 ἴνα
465 2628 606 2690 τοὺς
658 2626 770 2680 ὑπὸ
810 2625 978 2696 νόμον
1039 2622 1373 2695 ἐξαγοράσῃ,
1416 2623 1502 2677 ἵνα
1533 2621 1633 2692 τὴν
1660 2620 1936 2674 υἱοθεσίαν

319 2718 728 2788 ἀπολάϐωμεν.
762 2735 784 2769 s

402 2810 626 2875 Πολλῷ
650 2805 773 2863 οὖν
798 2808 1043 2877 μᾶλλον
1057 2804 1514 2874 ,Ὦδλκαιωθέγτες
1574 2805 1691 2869 νῦν

322 2903 538 2972 αἵματι
577 2899 797 2965 αὑτοῦ,
846 2901 1252 2968 σωθησόμεθα
1307 2897 1381 2952 δι’
1430 2898 1641 2964 αὑτοῦ,
1679 2896 1798 2953 ἀπὸ
1827 2895 1937 2964 τῆς

324 2994 541 3064 ὀργῆς.
593 2991 778 3063 ’Υπὲρ
836 2990 1115 3044 δυσσεὸῶν
1169 2990 1266 3043 καὶ
1309 2990 1646 3060 παρανόμων
1697 2990 1787 3042 τὸν
1836 2991 1936 3042 ἐπ-

330 3087 541 3157 άρατον
574 3085 805 3153 ,ἐκεῖνον
840 3080 1281 3151 καταδεξάμενυς
1311 3080 1561 3143 θάνατον,
1605 3079 1828 3149 εὔδηλον
1855 3081 1936 3133 ὅτι

325 3178 425 3230 καὶ
477 3177 583 3245 τῆς
632 3171 940 3244 μελλούσης
990 3174 1116 3236 τοὺς
1164 3173 1246 3234 εἰς
1290 3170 1452 3224 αὑτὸν
1500 3172 1937 3234 πεπιστευκότας

328 3264 700 3337 ἐλευθερώσει
739 3263 1041 3327 κολάσεως.
1098 3262 1309 3331 Ὀργὴν
1338 3262 1447 3333 γὰρ
1485 3262 1642 3315 καλεῖ
1675 3261 1773 3334 τὴν
1802 3263 1930 3334 μέλ-

330 3355 532 3410 λουσαν
563 3355 822 3408 κόλασιν.

404 3458 454 3511 ι’.
481 3457 554 3512 Et
582 3456 704 3527 γὰρ
742 3455 950 3524 ἐχθροί
986 3453 1159 3518 ὄντες
1202 3452 1672 3524 κατηλλάγημεν
1700 3453 1782 3520 τῷ
1811 3454 1935 3521 Θεῷ

340 3550 430 3603 διὰ
450 3549 560 3603 τοῦ
584 3546 866 3603 θανάτου
900 3545 1010 3600 τοῦ
1046 3545 1186 3600 Υίοῦ
1214 3545 1424 3608 αὐτοῦ,
1457 3544 1667 3610 πολλῷ
1693 3544 1937 3614 μᾶλλον

348 3639 860 3710 καταλλαγέντες,
917 3639 1314 3707 σωθησόμεθα
1354 3637 1424 3691 ἐν
1460 3635 1534 3704 τῇ
1583 3635 1699 3704 ζωῇ
1725 3637 1933 3691 αὐτοῦ.

356 3733 413 3785 Εἰ
454 3732 742 3803 δυσμενεῖς
782 3730 949 3794 ὄντας
998 3729 1094 3784 καὶ
1137 3730 1432 3800 πολεμίους
1474 3725 1740 3797 τοσαύτης
1779 3730 1939 3799 κηδε-

296 3820 303 3825 ⁷
351 3825 529 3893 μανίας
578 3823 854 3893 ἠξίωσεν,
890 3820 967 3884 ὡς
997 3820 1088 3874 τὸν
1127 3820 1256 3874 Υἱδν
1294 3820 1434 3891 ὑπὲρ
1471 3819 1627 3891 ἡμῶν
1662 3818 1937 3891 παραδοῦο

345 3934 424 3971 ναι
453 3915 704 3985 θανάτῳ,
732 3914 856 3975 πῶς
881 3906 995 3965 οἷόν
1022 3911 1206 3966 τετῶν
1241 3910 1597 3980 καταλλαγῶν
1626 3910 1938 3982 γεγενημέ-

341 4025 442 4061 νων
482 4008 562 4079 μὴ
589 4003 929 4077 μεταλαχεῖν
974 4004 1123 4074 ἡμᾶς
1152 4003 1248 4074 τῆς
1279 4003 1497 4057 αἰωνίου
1528 4002 1676 4073 ζωῆς
1710 4010 1727 4067 ς
1769 4002 1940 4056 Πάλιν

342 4101 526 4171 μέντοι
579 4098 722 4150 Υἱδν
762 4096 925 4150 καλεῖ
981 4095 1072 4148 τὸν
1115 4095 1392 4166 Δεσπότην
1426 4094 1681 4165 Χριστὸν,
1718 4094 1776 4158 ὃς
1808 4094 1940 4157 Θεός

340 4190 455 4243 ἔστί
496 4205 560 4242 τε
604 4188 710 4242 καὶ
741 4185 1037 4256 ἄνθρωπος
1070 4187 1099 4238 ὁ
1139 4185 1321 4245 αὐτός.
1356 4184 1524 4255 Δῆλον
1545 4183 1623 4249 δὲ,
1652 4185 1727 4247 ὡς
1757 4178 1937 4254 οἶμαι,

341 4283 435 4334 καὶ
462 4281 584 4342 τοῖς
616 4279 768 4346 ἄγαν
800 4278 1125 4348 αίρετικοίς,
1155 4274 1284 4347 περὶ
1310 4275 1468 4328 ποίαν
1506 4274 1673 4345 φύσιν
1721 4275 1781 4328 τὸ
1835 4276 1941 4330 πά-

342 4371 432 4435 θος
460 4371 797 4440 γεγένηται.

411 4462 504 4517 ια’.
543 4464 633 4515 Οὺ
663 4460 865 4531 μόνον
912 4458 1000 4523 δὲ,
1031 4457 1192 4512 ἀλλὰ
1220 4458 1317 4512 καὶ
1371 4455 1748 4526 καυχώμενοι
1769 4458 1836 4512 ἐν
1860 4457 1942 4525 τῷ

2046 623 2145 676 γεω
2190 623 2331 676 enim
2364 638 2461 691 pro
2485 623 2637 691 justo
2683 624 2800 691 quis
2834 622 3110 676 moritur:
3157 638 3281 676 nam
3330 639 3425 693 pro
3468 624 3604 679 bono

2030 712 2262 782 forsitan
2293 714 2415 783 quis
2452 712 2647 766 audeat
2677 713 2833 767 mori.
2864 712 3184 783 Cogitamus
3221 714 3366 769 enim
3390 754 3405 778 ,
3451 716 3602 783 quod

2030 817 2158 857 cum
2195 802 2379 857 adhuc
2413 802 2867 871 delinqueremus
2895 841 2929 866 ,.
2952 802 3258 873 morboque
3298 805 3605 874 impietatis

2030 892 2211 946 adhuc
2239 908 2493 948 essemus
2524 892 2829 962 implicati,
2865 892 3133 948 Dominus
3161 892 3418 949 Christus
3449 910 3601 949 mor-

2030 991 2141 1039 tem
2170 999 2272 1054 pro
2299 985 2462 1040 nobis
2491 985 2776 1054 suscepit:
2807 992 2862 1038 et
2893 983 3027 1037 hinc
3064 984 3422 1051 benignitatis
3453 986 3607 1055 abys-

2030 1090 2152 1133 sum
2181 1075 2560 1146 intelligimus.
2614 1074 2723 1130 Pro
2760 1075 2915 1144 justo
2965 1075 3113 1130 enim
3165 1075 3403 1131 fortasse
3446 1078 3608 1145 quis-

2029 1168 2178 1237 piam
2209 1177 2442 1223 mortem
2468 1167 2743 1224 subierit:
2790 1167 2908 1236 ipse
2940 1183 3092 1232 vero,
3120 1175 3345 1238 propter
3375 1169 3609 1223 innuen-

2030 1273 2147 1314 sam
2189 1260 2547 1323 charitatem,
2593 1275 2694 1329 pro
2718 1259 3108 1329 peccatoribus
3150 1268 3383 1314 mortem
3412 1260 3602 1316 subiit.

2030 1349 2148 1406 Hoc
2175 1351 2320 1405 enim
2354 1351 2640 1420 subiungit
2669 1369 2683 1403 :

2107 1440 2271 1497 Vens.
2310 1442 2374 1507 8,
2410 1442 2464 1497 9.
2500 1440 2851 1495 Commendat
2879 1448 3056 1494 autem
3095 1440 3413 1493 charitotem
3452 1455 3607 1493 suam

2032 1532 2174 1588 Deus
2202 1532 2374 1599 nobis,
2402 1532 2544 1603 quod
2568 1548 2685 1586 rum
2710 1550 2806 1587 nos
2831 1532 3003 1585 adhuc
3028 1540 3327 1600 peccatores
3351 1547 3607 1598 essemus,

2035 1624 2282 1679 Christus
2305 1642 2402 1695 pro
2426 1624 2578 1685 nobis
2600 1634 2842 1679 mortuus
2862 1634 2962 1679 est.
2984 1623 3129 1679 Deus
3155 1639 3425 1679 summam
3451 1639 3606 1678 suam

2032 1713 2088 1768 in
2128 1721 2250 1769 ‘nos
2289 1716 2620 1770 cbaritatem
2660 1714 2946 1780 ostendit,
2983 1714 3131 1784 quod
3187 1712 3398 1769 Christi
3454 1729 3606 1770 mors

2035 1821 2148 1862 non
2181 1822 2281 1876 pro
2302 1805 2472 1876 justis
2500 1806 2647 1860 obita
2697 1805 2892 1867 fuerit,
2929 1806 3025 1860 sed
3060 1819 3158 1875 pro
3195 1806 3604 1874 peccatoribus.

1966 1876 2006 1931 Β
2035 1895 2194 1951 Nune
2223 1897 2370 1952 enim
2405 1912 2503 1967 per
2534 1896 2696 1951 ﬁdem
2737 1897 2793 1949 in
2834 1895 3014 1966 ipsum
3047 1895 3336 1964 justilicali
3371 1910 3603 1951 smnus:

2034 1988 2257 2057 quando
2284 1993 2468 2040 autem
2503 2002 2601 2056 pro
2636 1987 2800 2041 nobis
2828 1995 3058 2041 mortem
3090 1986 3297 2050 subiit,
3330 1986 3477 2039 omni
3509 1985 3608 2039 ad-

2002 2102 2005 2105 -
2035 2081 2145 2133 huc
2172 2087 2524 2148 peccatorum
2553 2092 2751 2146 genere
2777 2092 3002 2132 eramus
3026 2076 3301 2132 obstricti.
3331 2074 3436 2145 55
3467 2062 3605 2129 illud

2036 2178 2220 2224 autem
2249 2168 2536 2222 secundum
2566 2177 2765 2236 tempus
2788 2209 2802 2234 ,
2836 2168 2978 2223 idem
3013 2175 3098 2223 est
3140 2181 3226 2231 ac,
3263 2166 3316 2220 in
3365 2176 3609 2235 tempore

2036 2261 2410 2316 convenienti.
2454 2259 2600 2315 Idem
2634 2270 2816 2315 autem
2852 2260 2988 2315 dicit
3043 2260 3210 2314 etiam
3261 2260 3314 2313 in
3362 2257 3608 2327 Epistola

2036 2356 2103 2410 ad
2134 2352 2404 2409 Galatas:
2436 2371 2454 2404 ι
2483 2352 2721 2418 Quando
2757 2364 2941 2408 autem
2978 2352 3129 2408 venit
3156 2351 3443 2421 plenitudo
3473 2359 3611 2405 tem-

2036 2445 2211 2517 poris,
2238 2445 2390 2500 misit
2412 2443 2557 2500 Deus
2585 2442 2787 2498 Filium
2817 2460 3013 2509 suum,
3046 2454 3236 2498 natum
3259 2458 3323 2497 ex
3356 2443 3608 2508 muliere,

2037 2536 2347 2605 subjectum
2383 2536 2525 2606 legi,
2563 2526 2624 2591 ut
2656 2551 2752 2592 eos
2781 2537 2875 2605 qui
2904 2538 3008 2592 sub
3041 2537 3157 2607 lege
3185 2545 3344 2592 erant
3374 2536 3610 2591 redime-

2036 2637 2156 2697 ret,
2182 2637 2241 2683 ιιι
2269 2614 2621 2699 adoptionem
2650 2629 2886 2683 ﬁliorum
2915 2629 3290 2699 reciperentus
3318 2628 3361 2684 ί.
3390 2648 3409 2681 ι

2106 2783 2279 2841 Multo
2315 2785 2480 2856 igitur
2510 2785 2527 2804 ‘
2562 2783 2727 2855 magis
2758 2798 2896 2837 nunc
2935 2782 3224 2852 justi/irati
3261 2782 3316 2836 in
3361 2782 3614 2852 sanguine

2038 2877 2381 2947 ipsius,salvi
2406 2876 2605 2930 erimus
2635 2875 2699 2928 ab
2733 2876 2815 2928 ira
2844 2890 2937 2942 per
2968 2874 3163 2944 ipsum.
3197 2872 3301 2940 Qui
3337 2877 3482 2929 enim
3517 2890 3615 2945 pro

2040 2969 2224 3038 impiis
2255 2977 2310 3022 et
2345 2967 2549 3038 iniquis
2577 2966 2975 3022 exsecrabilem
3023 2965 3174 3019 illam
3217 2974 3444 3020 mortem
3483 2964 3617 3021 sul)-

2041 3060 2138 3125 iit,
2170 3062 2382 3114 clarum
2413 3068 2499 3114 est
2524 3058 2674 3129 quod
2707 3072 2803 3113 eos
2840 3059 3006 3112 etiam
3032 3097 3046 3121 ,
3082 3056 3175 3127 qui
3211 3057 3267 3111 in
3302 3057 3453 3111 illum
3491 3071 3616 3112 cre-

2039 3153 2331 3214 diderunt,
2364 3164 2394 3203 a
2431 3150 2707 3220 supplicio
2740 3148 2928 3203 futuro
2973 3148 3308 3204 liberaturus
3333 3149 3427 3205 sit.
3466 3147 3617 3203 Iram

2038 3240 2185 3297 enim
2215 3240 2463 3296 futurum
2496 3240 2830 3311 supplicium
2858 3240 3117 3311 appellat.

2113 3457 2279 3513 Vens.
2323 3456 2405 3512 [0.
2438 3453 2498 3510 Si
2532 3455 2691 3520 enim,
2722 3470 2842 3508 cum
2871 3455 3074 3509 inimici
3133 3470 3385 3519 essemus,
3434 3471 3621 3510 recon-

2051 3550 2222 3604 ciliati
2247 3564 2433 3603 sumus
2458 3547 2568 3603 Deo
2593 3564 2685 3618 per
2709 3558 2927 3602 mortem
2950 3546 3084 3601 Filii
3100 3548 3288 3616 ipsius,
3316 3549 3482 3602 multo
3506 3565 3622 3602 ma-

2052 3644 2131 3713 gis
2166 3642 2517 3708 reconciliati,
2572 3643 2708 3697 salvi
2734 3642 2934 3697 erimus
2985 3657 3077 3711 per
3109 3644 3273 3697 vitam
3316 3643 3503 3710 ipsius.
3562 3642 3620 3697 Si

2044 3747 2169 3786 cum
2202 3732 2414 3787 inimici
2471 3732 2773 3803 infestique
2833 3741 3293 3811 essemus..tanta
3332 3749 3433 3789 nos
3488 3748 3622 3789 cura

2047 3823 2310 3893 dignatus
2336 3833 2444 3888 est,
2474 3830 2533 3877 ut
2562 3822 2761 3878 Filium
2795 3839 2958 3879 suum
2985 3840 3087 3894 pro
3117 3826 3280 3881 nobis
3311 3826 3472 3880 morti
3505 3835 3623 3880 Ira-

2046 3915 2235 3970 deret:
2264 3913 2540 3984 quomodo
2568 3913 2682 3969 ﬁeri
2713 3922 2917 3983 potest,
2945 3922 3005 3968 ut
3030 3914 3175 3975 facta
3210 3917 3623 3971 reconciliatio-

2046 4019 2135 4067 ne,
2174 4017 2275 4058 nos
2303 4015 2520 4057 aeternae
2555 4003 2680 4056 vitae
2709 4017 2820 4056 non
2857 4002 3035 4057 simus
3066 4002 3621 4072 partieipesﬂterum

2047 4108 2179 4165 ergo
2203 4091 2402 4147 Filium
2431 4102 2590 4147 vocat
2618 4093 2908 4147 Dominum
2932 4091 3236 4156 Christum,
3262 4091 3352 4163 qui
3380 4093 3620 4148 estidem

2049 4184 2193 4241 Deus
2233 4192 2288 4239 et
2319 4185 2504 4240 homo.
2535 4184 2759 4240 Clarum
2795 4195 2878 4241 est
2912 4193 3119 4249 autem,
3147 4193 3204 4239 ut
3226 4184 3506 4251 existimo,
3535 4186 3623 4241 vel

2049 4276 2307 4333 maximis
2355 4277 2657 4341 haereticis,
2697 4277 2754 4331 in
2785 4291 3026 4347 quanam
3060 4284 3257 4331 natura
3306 4276 3490 4348 passio
3541 4277 3624 4333 ia-

2049 4376 2137 4422 cta
2170 4368 2262 4424 sit.
2800 4422 2805 4430 .

2119 4458 2290 4515 Vens.
2328 4460 2414 4514 Η.
2455 4460 2577 4514 Non
2611 4459 2784 4515 solum
2815 4469 2995 4514 autem
3042 4459 3160 4525 hoc,
3195 4459 3287 4515 sed
3318 4461 3479 4515 etiam
3510 4460 3625 4531 glo-
3672 4488 3675 4495 ·

346 4554 469 4621 Θεῷ
507 4554 615 4607 διὰ
657 4551 771 4606 τοῦ
802 4550 1026 4619 Κυρίου
1068 4548 1241 4617 ἡμῶν
1296 4548 1501 4617 Ἰησοῦ
1547 4550 1828 4618 Χριστοῦ,
1871 4551 1935 4604 δι

2054 4553 2265 4607 riamur
2295 4553 2351 4607 in
2391 4552 2500 4607 Deo
2530 4568 2624 4622 per
2662 4551 2942 4607 Dominum
2973 4560 3217 4606 nostrum
3257 4550 3441 4606 Iesum
3472 4551 3627 4606 Citri-

351 4642 426 4703 οὗ
469 4646 598 4700 νῦν
628 4642 755 4711 τὴν
781 4639 1178 4710 καταλλαγὴν
1199 4639 1515 4708 ἐλάϐομεν.
1549 4641 1625 4693 Οὐ
1649 4641 1755 4711 γὰρ
1784 4640 1944 4711 μόνον

347 4740 451 4809 τὴν
477 4738 765 4791 ἀθάνατον
797 4734 944 4804 ζωὴν
968 4732 1334 4803 ἀναμένομεν,
1368 4731 1505 4786 ἀλλὰ
1548 4731 1642 4785 καὶ
1673 4733 1814 4787 κατὰ
1852 4731 1944 4785 τὸν

344 4830 601 4900 παρόντα
642 4825 764 4897 βίον
804 4824 883 4888 ὼς
915 4823 1436 4895 προσοικειωθέντες
1475 4821 1553 4893 τῷ
1581 4821 1701 4893 Θεῷ
1740 4839 1943 4893 σεμνυ-

346 4920 580 4995 νόμεθα,
615 4918 689 4972 τὰ
724 4916 868 4971 κατὰ
890 4916 982 4970 τὸν
1012 4913 1289 4985 Δεσπότην
1310 4914 1545 4985 Χριστὸν
1583 4913 1942 4983 λογιζόμενοι,

346 5014 409 5078 ὃς
443 5012 688 5086 μεσίτης
717 5006 879 5079 ήμῶν
921 5006 1214 5077 γενόμενος
1252 5004 1351 5077 τὴν
1392 5004 1618 5077 εἰρήνην
1657 5006 1947 5078 ἐπραγμαα

344 5103 613 5157 τεὺσατο.
658 5096 947 5153 Ἐντεῦθεν
967 5096 1158 5150 λοιπὸν
1189 5094 1249 5148 τὸ
1272 5097 1371 5167 τῆς
1391 5094 1706 5165 οἰκονομίας
1734 5095 1947 5149 ἀποκα-

348 5196 548 5250 λύπτει
570 5195 898 5263 μυστήριον,
917 5189 1013 5243 καὶ
1037 5190 1137 5259 τῆς
1163 5184 1321 5240 ὲνανθ
1331 5185 1629 5258 ρωπήσεως
1654 5185 1750 5257 τὴν
1772 5185 1950 5241 αἰτίαν

350 5286 624 5341 διδάσκει.

425 5376 517 5450 ιβ’.
550 5374 662 5429 Διὰ
683 5372 863 5428 τοῦτο
877 5371 1081 5440 ὥσπερ
1109 5369 1184 5423 δι’
1207 5368 1345 5434 ἐνὸς
1367 5367 1680 5437 ἀνθρώπου
1711 5367 1947 5436 ηὰμαρ-

433 5517 455 5558 ι
496 5512 682 5569 Galat.
712 5524 789 5574 ιν,
821 5507 890 5571 4,
918 5506 975 5561 5.

2050 4653 2192 4699 stum
2215 4684 2229 4710 ,
2261 4660 2354 4714 per
2389 4659 2542 4713 quem
2594 4659 2734 4697 nunc
2777 4642 3264 4699 reconciliationem
3301 4642 3621 4711 accepimus.

2049 4733 2171 4789 Non
2207 4735 2386 4789 solum
2416 4734 2563 4790 enim
2594 4737 2761 4789 vitam
2793 4734 3157 4789 immortalem
3192 4740 3579 4804 exspectamus
3602 4772 3622 4801 ,

2051 4824 2146 4882 sed
2174 4826 2341 4879 etiam
2374 4824 2432 4879 in
2468 4825 2582 4878 vita
2611 4824 2872 4895 praesenti
2905 4833 2968 4879 ut
3012 4822 3123 4879 Deo
3156 4824 3456 4880 familiares
3495 4823 3625 4879 επεν

2051 4917 2127 4972 cti
2156 4915 2482 4987 gloriamur,
2531 4914 2599 4970 de
2628 4914 2854 4971 Christo
2896 4915 3129 4973 Domino
3166 4916 3492 4986 cogitantes,
3525 4916 3621 4985 qui

2053 5007 2327 5064 mediator
2356 5014 2545 5063 noster
2581 5005 2763 5064 factus
2795 5023 2985 5079 pacem
3034 5008 3373 5064 conciliavit.
3402 5007 3487 5063 Ab
3519 5007 3624 5063 hoc

2052 5099 2317 5170 deinceps
2345 5098 2471 5154 loco
2497 5096 2699 5155 divinae
2723 5098 3160 5170 dispensationis
3186 5099 3389 5157 revelat
3422 5105 3626 5170 myste-

2054 5190 2229 5258 rium,
2255 5197 2312 5246 et
2341 5189 2747 5245 incarnationis
2772 5203 2995 5245 causam
3022 5188 3203 5245 docet.

2128 5364 2295 5421 Vens.
2331 5365 2420 5421 12.
2454 5365 2747 5469 Propterea
2777 5365 2912 5420 sicut
2936 5381 3027 5435 per
3050 5382 3209 5421 unum
3234 5364 3343 5439 56
3367 5366 3628 5424 hominem

1618 5592 1856 5651 VARIJE
1913 5592 2317 5650 LECTIONES.

430 5770 480 5803 “
529 5766 698 5823 Forte
728 5772 858 5820 ante
883 5760 1124 5835 Χριστος
1164 5766 1256 5813 aut
1278 5769 1421 5835 post
1449 5757 1599 5835 ῥπὲρ
1621 5755 2085 5835 ήμῶν-θάᾱη-υιη
2116 5755 2247 5835 legit
2278 5752 2689 5835 Theodoretus:
2723 5750 2880 5835 narra
2913 5753 3128 5822 καιρόν,
3163 5752 3308 5825 quod
3351 5756 3439 5813 hic
3468 5755 3661 5812 habet

362 5840 634 5913 Vulgatus
668 5822 949 5906 interpres
985 5839 1042 5889 et
1075 5822 1523 5886 llerveti'versio.
1560 5822 1719 5884 Certe
1753 5826 1807 5882 id
1861 5825 2098 5897 explicat
2126 5822 2335 5882 Theod.
2368 5825 2424 5881 in
2452 5823 2882 5882 Commentario.
