4124 6386
544 372 625 439 99

1574 375 2067 438 THEODORETI
2109 377 2452 440 EPISCOPI
2491 379 2858 443 CYRENSIS

3732 383 3833 450 1οθ

550 496 823 558 peccatum
882 486 937 540 in
993 485 1250 540 mundum
1310 486 1552 555 iutratit,
1610 498 1658 543 et
1717 506 1810 560 per
1862 499 2128 560 peccatum

2241 490 2339 544 τία
2354 493 2441 558 είς
2477 492 2583 546 τὸν
2602 493 2838 563 κόσμον
2858 491 3129 559 είσῆλθε,
3162 494 3262 548 καὶ
3281 494 3380 550 διὰ
3406 494 3518 565 τῆς
3543 496 3835 567 ἁμαρτίας

551 596 716 647 mors,
746 589 796 635 et
821 580 898 634 ita
934 580 990 633 iu
1038 595 1218 634 omnes
1248 582 1486 636 homines
1523 598 1666 636 mars
1717 584 2053 652 pertransiit,
2083 583 2139 636 in

548 688 652 743 quo
680 688 859 726 omnes
912 670 1278 739 peccaverunt.
1312 670 1448 726 Cum
1511 670 1782 729 Dominus
1812 671 1962 728 Deus
1992 671 2141 726 Ada-

548 780 698 820 mum
729 764 1091 829 condidisset,
1134 773 1191 820 et
1224 766 1440 820 ratione
1475 773 1755 829 ornasset,
1787 782 1959 820 unum
1992 765 2144 821 dedit

546 863 882 927 praeceptum
920 855 985 910 ad
1022 856 1287 911 rationem
1319 854 1710 913 exercendam.
1750 854 1939 926 Neque
1989 856 2141 911 enim

552 946 667 1002 fieri
702 955 938 1017 poterat,
996 954 1057 1001 ut
1107 948 1200 1015 qui
1259 956 1413 1001 esset
1466 947 1701 1003 rationis
1752 948 2052 1019 particeps,
2086 955 2141 1003 et

548 1036 691 1091 bona
751 1051 816 1091 ac
868 1037 1011 1091 mala
1064 1036 1420 1092 discernendi
1480 1035 1800 1094 facultatem
1868 1037 2138 1106 haberet,

547 1128 757 1197 absque
795 1129 905 1183 ulla
957 1129 1077 1202 lege
1114 1130 1345 1185 viveret.
1407 1128 1459 1186 is
1497 1129 1766 1201 deceptus
1812 1131 2137 1187 mandatum

542 1226 934 1290 transgressus
956 1229 1062 1276 est.
1099 1219 1376 1291 Supplicii
1424 1231 1606 1277 autem
1648 1223 2135 1277 comminatiouem

543 1310 830 1382 legislator
858 1313 1120 1367 mandato
1169 1313 1463 1382 conjunxit
1488 1314 1558 1369 ab
1607 1314 1788 1369 initio.
1825 1316 1880 1370 Is
1911 1315 2134 1385 itaque,

542 1417 670 1457 cum
713 1403 911 1459 mortis
955 1404 1180 1459 decreto
1224 1404 1405 1461 factus
1467 1405 1667 1462 fuisset
1709 1407 2005 1474 obnoxius,
2059 1408 2135 1462 ita

542 1495 776 1549 Cainum
809 1502 864 1551 et
890 1494 1123 1551 Sethum
1155 1507 1209 1551 et
1248 1497 1385 1553 alios
1417 1496 1627 1567 genuit.
1652 1496 1859 1555 Omnes
1891 1513 2043 1571 ergo,
2075 1508 2136 1553 ut

542 1600 609 1640 ex
642 1586 734 1641 tali
790 1588 1098 1657 progeniti,
1151 1588 1441 1643 mortalem
1499 1588 1777 1644 habebant
1830 1600 2129 1645 naturam:

543 1676 863 1748 huiusmodi
898 1686 1082 1734 autem
1116 1686 1317 1733 natura
1341 1678 1528 1734 multis
1546 1679 1779 1752 indiget,
1812 1690 1866 1736 et
1899 1681 2046 1748 cibo,
2078 1692 2132 1738 et

542 1779 697 1840 potu,
743 1776 799 1825 et
832 1771 1215 1836 indumentis,
1265 1781 1320 1828 et
1371 1772 1734 1839 habitatione,
1789 1782 1844 1828 et
1893 1772 2131 1829 diversis

2245 585 2278 638 ὀ
2308 582 2588 651 θάνατος,
2631 586 2730 639 καὶ
2777 584 2966 651 οὕτως
3001 586 3153 652 sic“
3201 589 3434 656 πάντας
3478 591 3835 663 ἀνθρώπους

2241 675 2491 744 διῆλθεν
2514 680 2548 731 ό
2578 677 2861 745 θάνατος,
2916 678 3010 748 ἐφ’
3048 673 3097 747 ᾧ
3135 680 3353 749 πάντες
3405 683 3695 753 ἥμαρτον.
3728 687 3834 744 Τὸν

2254 767 2427 839 Ἀδάμ
2456 772 2486 823 ὀ
2525 770 2804 842 Δεσπότης
2850 772 3265 844 δημιουργήσας
3324 776 3491 842 θεδς’
3532 780 3627 833 καὶ
3691 782 3836 854 λόγῳ

2241 862 2498 932 τιμήσας,
2546 864 2676 933 μίαν
2718 863 2951 919 δέδωκεν
2988 867 3213 938 ἐντολὴν
3254 871 3335 934 είς
3384 873 3698 942 γυμνασίαν
3739 876 3832 931 τοῦ

2241 950 2482 1019 λογικοῦ.
2515 955 2652 1010 Οὐδὲ
2681 956 2790 1028 γὰρ
2821 953 2938 1012 οἷόν
2956 974 3017 1013 τε
3048 955 3117 1032 ἦν
3141 960 3234 1014 τὸν
3261 961 3418 1032 λόγον
3443 967 3829 1040 μετειληφότα,

2239 1044 2335 1097 καὶ
2380 1045 2489 1100 τῶν
2534 1047 2758 1116 ἀγαθῶν
2814 1051 2910 1104 καὶ⁵
2952 1051 3061 1105 τῶν
3107 1053 3365 1109 ἐναντίων
3407 1057 3507 1141 τὴν
3542 1060 3832 1131 διάγνωσιν

2239 1134 2452 1215 ἔχοντα,
2488 1139 2653 1208 νόμου
2687 1140 2834 1205 τινὸς
2870 1143 3041 1215 χωρὶς
3084 1134 3485 1204 πολιτεύεσθαι.
3527 1146 3696 1218 Οὗτος
3740 1156 3833 1222 t5-

2243 1230 2546 1300 απατηθεὶς
2603 1233 2821 1304 παρέϐη
2861 1236 2959 1305 τὴν
3009 1236 3234 1310 ἐντολήν
3263 1255 3277 1271 ο
3310 1240 3413 1312 τῆς
3452 1243 3508 1296 δὲ
3558 1248 3832 1318 τιμωρίας

2239 1317 2337 1388 τὴν
2381 1320 2611 1391 ἀπειλὴν
2644 1324 2672 1374 ὁ
2722 1321 3022 1396 νομοθέτης
3065 1328 3130 1398 τῇ
3186 1328 3374 1401 ἐντολῇ
3427 1317 3745 1400 συνέζευξεν
3770 1338 3832 1405 ἐξ

2237 1410 2436 1480 ἀρχῆς.
2479 1411 2616 1464 Ὑπὸ
2652 1410 2744 1465 τὸν
2774 1412 2901 1483 ὅρον
2935 1414 3118 1470 τοίνυν
3167 1411 3324 1481 οὗτος
3351 1419 3446 1472 τοῦ
3476 1420 3709 1476 θανάτου
3735 1442 3831 1493 γε·-

2236 1502 2481 1571 νόμενος,
2534 1501 2679 1557 οὕτω
2716 1504 2810 1558 τὸν
2861 1506 3021 1570 Κάῖν,
3068 1509 3162 1562 καὶ
3219 1510 3312 1565 τὸν
3364 1512 3494 1583 Σὴθ,
3552 1516 3648 1569 καὶ
3706 1520 3833 1584 τοὺς

2237 1592 2429 1657 ἄλλους
2481 1594 2797 1666 ἐγέννησεν.
2838 1598 3117 1665 ’Ἅπαντες
3166 1597 3298 1671 οὗν,
3349 1605 3425 1670 ὡς
3473 1611 3538 1663 ἐκ
3586 1612 3831 1667 τοιούτου

2237 1687 2456 1755 φύντες,
2484 1688 2685 1762 θνητὴν
2714 1686 2860 1763 εἶχον
2886 1694 2986 1765 τὴν
3014 1695 3176 1765 φύσιν
3201 1710 3216 1727 ⁸
3247 1700 3280 1768 ή
3310 1699 3367 1753 δὲ
3411 1704 3635 1776 τοιαύτη
3666 1707 3832 1776 φύσις

2235 1779 2446 1834 πολλῶν
2478 1783 2625 1836 ἐστιν
2657 1783 2864 1855 ἐνδεὴς,
2911 1787 3006 1839 καὶ
3050 1787 3295 1859 βρωτῶν,
3338 1793 3432 1846 καὶ
3490 1795 3692 1862 ποτῶν,
3732 1801 3833 1853 καὶ

538 1862 776 1919 artibus.
810 1861 1020 1918 Horum
1080 1872 1264 1919 autem
1297 1880 1435 1920 usus
1477 1870 1655 1935 saepe'
1709 1863 1780 1920 ad
1813 1865 2120 1921 mediocri-

2238 1874 2621 1942 περιδολαίων,
2656 1877 2752 1931 καὶ
2780 1857 3119 1949 οἰκημάτων,
3148 1884 3244 1937 καὶ
3286 1887 3494 1958 τεχνῶν
3524 1857 3827 1965 διαφάρων.

538 1955 668 2012 tatis
735 1970 1029 2011 excessum
1096 1956 1329 2013 allectus
1396 1956 1591 2011 incitat
1649 1976 1663 2013 :
1724 1957 2126 2015 mediocritatis

538 2060 724 2103 autem
780 2063 1047 2104 excessus
1115 2055 1403 2119 peccatum
1446 2057 1695 2120 generat.
1762 2048 1906 2104 Dicit
1945 2050 2133 2119 itaque

538 2142 758 2197 divinus
815 2141 1133 2212 Apostolus,
1193 2142 1341 2213 quod
1400 2158 1527 2198 cum
1583 2142 1756 2197 Adam
1819 2154 2129 2215 peccasset,

536 2236 901 2304 mortalisque
932 2243 1160 2307 propter
1182 2244 1472 2307 peccatum
1501 2234 1684 2292 factus
1707 2244 1881 2301 esset,
1915 2245 2133 2292 utrum-

536 2340 644 2393 que
669 2324 736 2378 ad
770 2340 944 2396 genus
964 2325 1334 2395 permanavit.
1367 2323 1451 2378 Ad
1473 2339 1668 2381 omnes
1692 2324 1840 2379 enim
1877 2324 2132 2380 homines

536 2430 688 2470 mors
714 2417 980 2485 pervasit,
1021 2424 1304 2486 quatenus
1336 2431 1533 2472 omnes
1568 2426 1964 2488 peccaverunt.
2005 2414 2131 2472 Non

537 2507 687 2562 enim
719 2517 945 2579 prepter
979 2508 1145 2579 primi
1177 2510 1428 2580 parentis
1476 2517 1797 2578 peccatum,
1851 2508 1947 2565 sed
2001 2525 2132 2580 pro-

537 2608 660 2671 pter
693 2617 855 2657 suum
898 2601 1289 2673 unusquisque
1326 2603 1523 2658 mortis
1549 2601 1835 2658 decretum
1868 2603 2124 2673 suscipit.

606 2781 775 2839 Vens.
811 2784 898 2838 13.
933 2784 1107 2856 Usque
1144 2787 1213 2840 ad
1243 2786 1407 2857 legem
1431 2788 1573 2842 enim
1602 2798 1882 2857 peccatum
1916 2798 2035 2844 erat
2072 2792 2126 2843 in

535 2875 780 2931 mundo:
814 2887 1086 2945 peccatum
1133 2889 1310 2934 autem
1366 2896 1472 2933 non
1504 2880 1805 2950 imputatur
1863 2899 1983 2936 cum
2041 2882 2128 2936 lex

535 2984 638 3022 non
670 2978 767 3023 est.
804 2967 951 3034 Non,
988 2977 1047 3024 ut
1078 2971 1333 3026 nonnulli
1365 2971 1712 3037 existimant,
1764 2988 1862 3029 eos
1898 2981 2129 3028 accusat

535 3060 626 3129 qui
660 3061 831 3134 legem
879 3071 1307 3132 praecesserunt,
1358 3064 1453 3119 sed
1496 3079 1691 3119 omnes
1745 3064 1931 3122 simul.
1986 3064 2127 3119 Illud

2248 1965 2315 2055 ᾘ
2343 1966 2631 2055 διε-τούτων
2653 1968 2814 2040 χρεία
2835 1970 3074 2039 ὲρεθίζει
3109 1973 3371 2040 πολλάκις
3407 1980 3493 2043 είς
3549 1983 3832 2055 ἀμετρίαν

2235 2052 2302 2106 τὰ
2326 2053 2474 2124 πάθη
2495 2069 2508 2083 '
2542 2056 2575 2126 ἡ
2606 2055 2664 2109 δὲ
2699 2058 2939 2128 ἀμετρία
2982 2059 3082 2132 τὴν
3124 2064 3397 2136 ἁμαρτίαν
3428 2073 3612 2143 γεννᾷ.
3662 2052 3833 2143 Λέγει

2232 2145 2468 2200 τοίνυνὸ
2499 2147 2642 2212 θεῖος
2691 2149 3035 2218 Ἀπόστολος,
3079 2155 3162 2210 ὅτι
3200 2157 3294 2212 τοῦ
3343 2160 3514 2233 Ἀδὰμ
3565 2165 3830 2239 ἡμαρτη-

2234 2240 2414 2307 κότος,
2452 2242 2548 2296 καὶ
2589 2242 2785 2315 θνητοῦ
2827 2244 2916 2301 διὰ
2961 2247 3062 2318 τὴν
3105 2251 3381 2324 ἁμαρτίαν
3430 2258 3830 2329 γεγενημένου,

2234 2332 2516 2427 έχῶρησεν
2561 2337 2642 2427 είς
2685 2338 2747 2393 τὸ
2792 2339 2950 2407 γένος
2992 2339 3303 2414 ἀμφότερα.
3338 2345 3432 2410 Εἰς
3465 2349 3676 2415 πάντας
3715 2352 3836 2427 γὰρ

2230 2424 2555 2495 ἀνθρώπους
2594 2426 2810 2499 διῆλθεν
2837 2431 2867 2483 ὁ
2901 2430 3154 2501 θάνατος,
3190 2437 3276 2505 ἐφ’
3312 2430 3358 2505 ᾧ
3389 2439 3591 2506 πάντες
3635 2424 3834 2519 ἧμαρξ

2230 2534 2342 2573 τον.
2382 2519 2457 2573 Οὐ
2501 2519 2611 2591 γὰρ
2657 2521 2745 2574 διά
2768 2522 2890 2593 ’τὴν
2960 2523 3057 2578 τοῦ
3118 2527 3468 2601 προπάτορος
3523 2534 3830 2605 ἁμαρτίαν,

2230 2608 2368 2664 ἀλλὰ
2407 2610 2497 2665 διὰ
2532 2612 2631 2683 τὴν
2668 2614 2876 2668 οἰκείαν
2924 2615 3157 2683 ἕκαστος
3194 2619 3411 2693 δέχεται
3450 2623 3542 2679 τοῦ
3584 2623 3828 2682 θανάτου

2227 2702 2321 2757 τὸν
2348 2704 2493 2774 ὅρον,

2307 2794 2399 2862 ιγ’.
2436 2796 2611 2865 "Alpe
2636 2796 2748 2866 γὰρ
2768 2799 2958 2869 νόμου
2993 2801 3248 2871 ἁμαρτία
3273 2799 3353 2875 ἦν
3371 2804 3442 2860 ἐν
3467 2806 3549 2872 τῷ
3577 2811 3819 2880 κόσμῳ·

2229 2884 2487 2953 ἁμαρτία
2542 2885 2612 2940 δὲ
2662 2890 2775 2942 οὐκ
2841 2890 3179 2962 ἐλλογεῖται
3221 2895 3308 2963 μὴ
3368 2895 3549 2965 ὄντος
3601 2902 3825 2971 νόμου.

2246 2976 2357 3047 υὺχ
2381 2976 2455 3042 ὣς
2487 2997 2633 3045 τινες
2659 2983 2949 3049 ὑπέλαϐον,
2980 2987 3089 3042 τῶν
3121 2990 3228 3061 πρὸ
3264 2989 3358 3044 τοῦ
3391 2992 3555 3065 νόμου
3585 3014 3830 3068 κατηγο-

2232 3069 2336 3167 ρεῖ,
2375 3068 2513 3167 ἀλλά
2547 3073 2779 3167 πάντωνῄ
2806 3077 2966 3149 ὁμοῦ.
3009 3080 3084 3133 To
3123 3083 3252 3153 γάρ,
3284 3083 3424 3154 ἄχρι
3464 3088 3676 3160 νόμου,
3720 3094 3828 3167 οὐχ

533 3152 704 3218 enim,
752 3169 916 3224 usque
946 3153 1015 3207 ad
1063 3153 1250 3225 legem,
1300 3171 1411 3209 non
1448 3156 1579 3212 dicit
1625 3173 1801 3228 usque
1849 3156 1916 3211 ad
1965 3158 2102 3229 legis

2233 3156 2338 3258 ἕως
2356 3159 2455 3258 τῆς
2477 3162 2654 3258 ἀρχῆς
2685 3165 2781 3220 τοῦ
2813 3168 2980 3239 νόμου
3008 3170 3181 3240 λέγει,
3204 3152 3472 3242 Ῠάλλίέως
3506 3152 3597 3234 τοῦ
3632 3152 3828 3250 τέλους

536 3243 896 3314 principium,
932 3245 1030 3301 sed
1063 3261 1238 3315 usque
1266 3247 1333 3301 ad
1365 3247 1528 3301 linem
1558 3247 1715 3319 legis,
1752 3264 1851 3318 pro
1880 3264 1945 3304 eo
1978 3249 2125 3320 quod

2233 3249 2326 3348 τοῦ
2375 3253 2565 3323 νόμον,
2615 3256 2739 3311 ἀντὶ
2769 3258 2886 3323 τοῦ,
2915 3260 3062 3326 Ἕως
3086 3263 3114 3315 ὁ
3142 3263 3305 3335 νόμος
3339 3267 3584 3341 ἐκράτει,
3616 3267 3762 3344 εἶχεν
3790 3243 3826 3348 ἦ

534 3343 642 3403 est,
671 3334 851 3391 Donec
882 3340 967 3391 lex
1000 3335 1285 3392 dominata
1313 3345 1425 3405 est,
1449 3338 1643 3393 habuit
1674 3350 1958 3408 peccatum
1980 3341 2126 3399 vires

536 3443 688 3484 suas.
726 3427 784 3483 Si
810 3429 957 3483 enim
1000 3443 1110 3483 non
1143 3429 1219 3484 sit
1264 3430 1373 3493 lex,
1412 3445 1523 3485 non
1569 3438 1754 3501 potest
1782 3447 1912 3488 esse
1943 3444 2126 3491 trans-

536 3520 772 3590 gressio.

605 3609 774 3667 Vens.
812 3612 896 3667 14.
919 3609 1025 3667 Sed
1048 3612 1154 3683 57
1181 3615 1420 3684 regnavit
1448 3631 1590 3670 mors
1629 3616 1693 3669 ab
1721 3616 1929 3671 Adamo
1959 3634 2125 3689 usque

533 3701 605 3757 ad
636 3701 846 3767 Mosen,
881 3704 1049 3759 etiam
1084 3705 1142 3758 in
1176 3721 1285 3770 eos,
1322 3705 1415 3775 qui
1441 3722 1544 3760 non
1574 3716 1922 3775 peccaverunt
1961 3708 2017 3762 in
2046 3710 2124 3764 si-

534 3793 894 3848 militudinem
942 3796 1404 3862 praevaricationis
1453 3795 1674 3862 Adami,
1711 3798 1802 3868 qui
1830 3806 1912 3853 est
1945 3798 2123 3869 imago

534 3886 726 3954 futuri.
777 3884 969 3942 Mosen
1034 3888 1208 3958 legem
1266 3888 1526 3959 appellat.
1566 3887 1683 3945 Hoc
1732 3898 1914 3946 autem
1952 3891 2122 3947 etiam

533 3977 848 4034 invenimus
879 3977 936 4032 in
974 3976 1329 4049 Evangeliis:
1378 3997 1397 4032 ι
1440 3978 1658 4036 Habent
1690 3980 1881 4039 Mosen
1909 3992 1963 4037 et
1989 3997 2123 4053 pro-

533 4069 730 4140 phetas
755 4066 801 4124 i.
836 4089 857 4122 ι
901 4068 982 4123 Ita
1010 4069 1177 4124 etiam
1205 4069 1429 4127 divinus
1460 4070 1761 4143 Apostolus
1789 4072 1847 4127 in
1880 4072 2123 4129 secunda

533 4161 601 4215 ad
635 4159 955 4216 Corinthios
987 4160 1158 4217 dicit:
1219 4180 1239 4214 ι
1273 4161 1382 4218 Sed
1442 4178 1618 4234 usque
1675 4164 1731 4218 in
1788 4164 2120 4219 hodiernum

533 4251 865 4316 diem,cum
886 4252 1098 4323 legitur
1141 4252 1357 4316 Moses,
1425 4255 1671 4310 velamen
1736 4256 1980 4325 positum
2039 4265 2121 4310 est

535 4358 705 4413 super
728 4358 825 4398 cor
852 4359 1102 4413 eorum,»
1143 4361 1244 4416 pro
1269 4362 1334 4402 eo
1366 4347 1515 4418 quod
1545 4356 1649 4413 est,
1680 4345 1790 4403 Lex
1813 4344 1862 4400 ι.
1898 4346 2120 4417 Regna-

535 4434 616 4488 vit
645 4435 852 4505 itaquc,
881 4436 1082 4507 inquit,
1117 4453 1270 4494 mors
1304 4439 1374 4495 ab
1399 4439 1615 4494 Adamo
1646 4455 1824 4510 usque
1864 4440 1932 4494 ad
1961 4454 2121 4510 appa-

2228 3341 2473 3414 ἁμαρτία
2522 3346 2584 3399 τὸ
2608 3347 2830 3418 κράτος.
2868 3351 3054 3424 Νόμου
3095 3354 3205 3426 γάρ
3248 3358 3349 3413 οὐκ
3382 3360 3533 3427 ὖντος
3579 3341 3828 3435 οὑχ-οἷόν

2226 3448 2285 3485 τε
2312 3435 2567 3497 γενέσθαι
2598 3440 2933 3510 παράϐασιν.

2299 3611 2389 3665 ιδ’.
2447 3614 2603 3669 Ἀλλ’
2647 3616 3057 3676 ἐϐασίλευσεν
3092 3626 3126 3678 ὁ
3155 3624 3414 3695 θάνατος
3464 3629 3585 3685 ἀπὸ
3630 3632 3824 3705 Ἀδὰμ

2221 3701 2400 3794 μέχρι
2427 3707 2688 3775 Μωσέως
2713 3710 2780 3777 η,
2809 3713 2908 3767 καί
2934 3714 3033 3768 ἐπὶ
3064 3717 3210 3784 τοὺς
3236 3719 3324 3787 μὴ
3348 3701 3823 3794 ἁμαρτήσαντας
3876 3780 3885 3787 κ

2225 3793 2295 3846 ἐν
2319 3793 2402 3859 τῷ
2425 3797 2737 3865 όμοιώτατι
2779 3802 2899 3871 τῆς
2933 3806 3330 3875 παραϐάσεως
3358 3809 3562 3880 Ἀδὰμ,
3593 3813 3661 3880 ὅς
3685 3793 3827 3871 ἐστι

2226 3884 2414 3975 τύπος
2460 3889 2569 3944 τοῦ
2613 3891 2972 3961 μέλλοντος.
3025 3896 3233 3953 Μωσέα
3279 3900 3373 3955 τὸν
3416 3904 3582 3975 νόμον
3636 3908 3820 3967 καλεῖ.

2225 4158 2367 4259 θεῖος
2408 4161 2733 4259 Ἀπόστολος
2781 4166 2840 4220 ὲν
2892 4170 2958 4240 τῇ
3008 4172 3146 4242 πρὸς
3207 4177 3530 4249 Κορινθίους
3587 4183 3825 4259 δευτέρᾳ

2224 4251 2391 4348 ipsiet:
2430 4271 2448 4304 ι
2485 4253 2627 4348 Ἀλλ’
2649 4255 2755 4321 ἕως
2785 4259 3050 4334 σήμερον,
3087 4267 3251 4337 ἡνίκα
3278 4267 3344 4322 ἂν
3369 4251 3821 4348 ἀναγινώσκηται

2223 4342 2450 4413 Μωσῆς,
2484 4345 2746 4419 κάλυμμα
2777 4351 2869 4405 ἐπὶ
2917 4355 3018 4425 τὴν
3057 4359 3284 4429 καρδίαν
3334 4362 3513 4421 αὐτῶν
3565 4342 3759 4437 κεῖται,
3794 4391 3815 4426 ι

2223 4437 2344 4530 ἀντὶ
2388 4437 2505 4501 τοῦ,
2547 4441 2577 4493 ὁ
2640 4443 2823 4514 νόμος.
2891 4446 3239 4505 Ἐὄασίλευσε
3305 4454 3505 4519 τοίνυν,
3549 4461 3734 4530 φησὶν,
3787 4466 3822 4518 ὁ

536 4527 792 4582 ritionem
824 4526 1142 4584 Servatoris
1170 4548 1185 4584 :
1221 4539 1355 4585 tunc
1380 4531 1528 4587 enim
1562 4531 1724 4586 linem
1757 4532 1842 4585 lex
1882 4532 2116 4601 accepit.

2233 4529 2458 4596 θάνατος
2482 4533 2776 4608 ἀπὸἍδάμ
2803 4538 2907 4605 ἕως
2935 4540 3034 4611 τῆς
3055 4541 3151 4596 τοῦ
3176 4544 3430 4619 Σωτῆρος
3460 4552 3779 4621 ἐπιφανείας
3801 4574 3819 4588 ’

540 4637 560 4671 ι
594 4616 708 4675 Lex
756 4620 933 4687 enim,
985 4621 1193 4692 inquit,
1236 4630 1292 4678 et
1326 4623 1613 4693 prophetae
1647 4638 1825 4692 usque
1853 4622 1923 4678 ad
1951 4621 2124 4677 Joan-

535 4728 660 4768 nem
708 4714 1198 4783 prOphetaverunt.
1240 4715 1285 4767 A
1327 4722 1581 4785 tempore
1642 4726 1827 4770 autem
1889 4712 2124 4771 Joannis

537 4820 766 4875 regnum
797 4807 1067 4862 oculorum
1110 4807 1220 4861 vim
1255 4807 1487 4877 patitur,
1528 4816 1584 4863 et
1614 4807 1843 4862 violenti
1897 4807 2124 4877 rapiunt

537 4896 668 4951 illud
703 4892 743 4947 ι.
766 4908 786 4944 ι
832 4897 1088 4969 Regnavit
1114 4909 1298 4959 autem
1329 4916 1475 4954 mors
1499 4900 1668 4954 etiam
1695 4900 1750 4953 in
1775 4913 1866 4953 eos
1897 4899 1990 4969 qui
2016 4915 2121 4954 non

534 4998 878 5055 peccaverunt
919 4990 974 5042 in
1011 4988 1367 5044 similitudine
1423 4986 1870 5057 transgressionis
1903 4984 2117 5040 Adami.

534 5078 653 5134 Etsi
684 5082 831 5135 enim
886 5081 1018 5137 illud
1070 5080 1394 5136 mandatum
1456 5093 1566 5133 non
1622 5079 1926 5148 trangressi
1967 5089 2120 5145 sunt,

536 5172 641 5226 alia
674 5181 857 5227 tamen
909 5174 1110 5229 delicta
1144 5172 1566 5228 commiserunt.
1613 5170 1887 5225 Adamum
1938 5181 2117 5227 autem

536 5260 832 5331 appellavit
863 5268 1052 5332 typum
1088 5260 1324 5316 Christi.
1367 5258 1527 5315 Hunc
1573 5261 1719 5316 enim
1772 5269 1932 5317 vocat
1971 5261 2121 5331 [utu-

535 5367 680 5417 rum,
726 5355 833 5409 hac
892 5353 959 5408 de
1015 5368 1208 5417 causa,
1265 5353 1412 5424 quod
1460 5354 1606 5409 sicut
1655 5353 1747 5409 ille
1786 5355 1879 5425 qui
1908 5356 2119 5426 primus

538 5447 786 5514 peccavit
849 5446 1042 5499 mortis
1101 5444 1325 5501 decreto
1375 5445 1659 5517 subjectus
1690 5455 1794 5513 est,
1854 5460 1906 5505 et
1940 5456 2116 5505 totum

611 5585 628 5635 l
676 5583 809 5639 Luc.
844 5598 963 5646 xw,
994 5583 1084 5639 29.
1166 5585 1193 5625 ι
1235 5585 1276 5641 ll
1311 5586 1437 5643 Cor.
1472 5606 1562 5654 tu,
1602 5591 1684 5645 lii.

2229 4622 2351 4677 τότε
2393 4625 2503 4696 γάρ
2560 4625 2714 4695 τέλος
2753 4632 2782 4684 δ
2820 4633 2986 4704 νόμος
3034 4635 3274 4697 ἐδέξατο.
3318 4659 3337 4692 ι
3368 4641 3426 4695 Ὀ
3463 4645 3628 4716 νόμος
3668 4648 3777 4718 γὰρ
3802 4689 3819 4713 ,

2231 4717 2386 4812 ιρησί,
2419 4720 2511 4812 καὶ
2532 4722 2581 4774 οἱ
2606 4726 2903 4795 προφῆται,
2941 4726 3049 4812 ἕως
3085 4730 3335 4788 Ἰωάννου
3369 4717 3816 4812 προεφήτευσαν.

2240 4810 2377 4864 Ἀπὸ
2414 4810 2471 4865 δὲ
2502 4813 2614 4867 τῶν
2663 4817 2889 4888 ἡμερῶν
2932 4803 3186 4876 ’ῐιιῖάννου
3214 4827 3247 4896 ἡ
3284 4803 3533 4897 βασιλεία
3565 4803 3676 4888 τῶν
3710 4836 3811 4888 οὑ-

2231 4902 2407 4997 ρανῶν
2440 4904 2708 4975 βιάζεται,
2752 4911 2847 4963 καὶ
2893 4910 3116 4981 βιασταὶ
3172 4917 3513 4990 ἁρπάζουσιν
3559 4926 3751 4997 αὐτὴν.
3793 4948 3812 4980 ι

2240 4993 2636 5091 ’[ιτόασίλευσε
2656 4997 2725 5091 δὲ
2743 5003 2776 5054 ό
2800 5001 3059 5073 θάνατος
3092 5007 3191 5061 καί
3221 5009 3321 5065 ἐπὶ
3351 5014 3497 5080 τοὺς
3514 5016 3601 5086 μὴ
3632 4993 3824 5091 ἀμαρ-

2224 5084 2534 5153 τήσαντας
2549 5089 2620 5143 ἐν
2635 5090 2713 5157 τῷ
2725 5094 3042 5164 ὁμοιώματι
3059 5097 3169 5168 τῆς
3197 5084 3596 5175 παραϐάσεως-Ἴ
3606 5084 3814 5181 Ἀδάμ.

2227 5180 2289 5273 Ei
2318 5180 2427 5273 γάρ
2455 5183 2550 5236 καὶ
2581 5185 2797 5257 ἐκείνην
2838 5189 2900 5241 οὐ
2931 5191 3254 5265 παρέϐησαν
3288 5197 3387 5269 τὴν
3419 5200 3663 5273 ἐντολὴν,
3696 5180 3816 5259 ἀλλ’

2226 5266 2320 5368 οθν
2355 5272 2556 5344 ἐτέρας
2582 5279 2933 5348 παρανομίας
2969 5283 3299 5357 ἐτόλμησαν.
3336 5266 3440 5344 ΙΤὸν
3471 5291 3529 5346 δέ
3565 5266 3818 5368 γεἊδάμ

2226 5364 2398 5418 τύπον
2440 5367 2670 5422 ἐκάλεσε
2705 5372 2801 5425 τοῦ
2847 5375 3085 5444 Χριστοῦ
3109 5396 3121 5409 ·
3149 5381 3312 5437 αὑτὸν
3357 5385 3465 5457 γὰρ
3497 5389 3656 5443 καλεῖ
3707 5364 3816 5444 τοιρ

2222 5457 2566 5527 μέλλοντα,
2610 5465 2748 5518 κατὰ
2804 5467 2993 5525 τοῦτον
3037 5472 3127 5524 τὸν
3176 5473 3366 5544 λόγον,
3424 5480 3505 5533 ὅτι
3565 5481 3813 5554 καθάπερ

1779 5589 1794 5628 ι
1842 5590 2035 5646 Matth.
2071 5608 2159 5657 κε,
2194 5594 2411 5663 12,15.

1851 5732 2084 5788 VARUS
2134 5734 2536 5796 LECTIONES.

610 5813 659 5843 “
680 5812 759 5875 εἰς
782 5812 1045 5871 omissum
1070 5817 1124 5873 in
1151 5817 1211 5872 Β.
1290 5820 1334 5854 ἰ’
1366 5821 1405 5875 Β
1432 5822 1736 5888 Μωῦσέως.
