4124 6392
334 376 430 450 iL-i

1184 399 1801 461 INTERPRETATIO
1841 404 2077 465 EPIST.
2117 408 2215 466 AD
2254 408 2436 470 ΗΘΜ.
2480 413 2639 475 CAP.
2680 418 2778 477 V.‘

3511 406 3615 491 102'

322 500 536 564 ἐκεῖνος
576 501 792 570 πρῶτος
855 506 1203 580 ἡμαρτηκὼς
1257 514 1361 567 ὑπὸ
1404 515 1496 569 τὸν
1543 517 1669 588 ὅρον
1716 519 1931 587 ἐγένετο

2033 537 2207 590 genus
2255 528 2490 594 primum
2548 540 2831 601 parentem
2887 544 3138 591 secutum
3178 548 3294 595 est:
3336 543 3410 600 ita
3447 546 3612 601 etiam

318 591 416 643 τοῦ
446 592 710 659 θανάτου,
737 599 832 650 καὶ
858 600 923 652 τὸ
954 601 1116 669 γένος
1152 604 1301 660 eum
1329 606 1664 679 ἠκολούθησε
1694 609 1771 681 τῷ
1794 628 1927 679 προ-

317 684 525 754 πάτορι
553 701 569 715 ο
602 686 782 752 οὕτως
816 692 846 744 ὁ
871 691 1162 766 Δεσπότης
1196 696 1454 769 Χριστὸς,
1501 699 1603 772 τὴν
1640 702 1818 773 ἄκραν
1845 703 1924 755 δι-

315 775 624 848 καιοσύνην
654 780 1070 851 πεπληρωκὼς,
1103 787 1372 842 κατέλυσε
1398 789 1494 843 τοῦ
1538 789 1775 846 Θανάτου
1824 794 1925 863 τὴν

313 866 676 935 δυναστείαν,
717 871 815 924 καὶ
853 874 1079 945 πρῶτος
1106 878 1173 931 ἐκ
1203 879 1415 950 νεκρῶν
1442 881 1706 949 ἀναστὰς,
1742 886 1924 939 πᾶσαν

314 960 392 1021 εἰς
442 958 604 1031 ζωὴν
647 964 915 1029 ἐπανάξει
946 965 1059 1020 τῶν
1091 969 1395 1041 ἀνθρώπιον
1432 972 1548 1045 τὴν·
1582 973 1765 1042 φύσιν.
1813 978 1926 1031 Καὶ

2031 611 2303 671 Dominus
2331 616 2625 685 Christus,
2658 637 2782 676 cum
2828 639 3101 680 summam
3132 628 3401 697 justitiam
3437 633 3613 687 adim-

2029 707 2256 776 plesset,
2290 712 2487 767 mortis
2516 716 2816 783 potentiam
2855 717 3132 783 dissolvit,
3174 729 3227 776 et
3258 724 3350 793 qui
3396 725 3611 794 primus

2026 811 2091 850 ex
2120 799 2356 854 mortuis
2396 805 2740 869 resurrexit,
2779 821 2996 863 onmem
3031 820 3284 867 naturam
3324 813 3609 871 hominum

2026 890 2092 942 ad
2122 890 2285 945 vitam
2320 893 2567 949 reducet.
2607 895 2676 951 Et
2696 900 2823 969 quia
2846 901 3117 957 Adamutn
3148 912 3336 977 typum
3365 905 3612 964 Christi'

2028 985 2269 1052 vocavit,
2313 987 2558 1042 ostendit
2583 990 2748 1061 hujus
2777 994 3180 1051 excellentiam.

312 1051 508 1122 ἐπειδὴ
551 1052 726 1106 τύπον
754 1055 992 1111 ἐκάλεσε
1022 1060 1117 1117 τὸν
1158 1061 1330 1133 uaso
1362 1063 1457 1118 τοῦ
1498 1066 1739 1138 Χριστοῦ
1765 1108 1779 1134 ,
1816 1069 1927 1124 δεί-

313 1160 483 1196 κνυσι
514 1144 620 1215 τὴν
650 1146 954 1221 ὑπεροχήν.

378 1242 469 1290 ιε’.
520 1238 691 1292 Ἀλλ’
715 1242 832 1308 οὐχ
862 1242 944 1308 ὡς
967 1241 1036 1296 τὸ
1060 1245 1453 1317 παράπτωμα,
1494 1249 1649 1304 οὕτω
1703 1252 1805 1305 καὶ
1854 1254 1921 1307 τὸ

302 1326 611 1397 χάρισμα.
663 1330 829 1384 Ἀλλὰ
870 1332 1025 1400 πῶς;
1066 1339 1139 1390 Εἰ
1186 1339 1295 1407 γὰρ
1329 1339 1410 1405 τῷ
1439 1341 1547 1395 τοῦ
1572 1341 1712 1407 ἑνὸς
1740 1358 1926 1412 παρα-

302 1419 592 1489 πτώματι
644 1424 703 1476 οί
752 1425 980 1479 πολλοὶ
1010 1427 1336 1489 ἀπέθανον.
1364 1430 1575 1497 πολλῷ
1600 1432 1844 1502 μᾶλλον
1884 1436 1924 1505 ἠ

300 1512 488 1581 χάρις
512 1513 628 1567 τοῦ
660 1514 836 1583 Θεοῦ,
868 1517 967 1571 καὶ
1015 1519 1055 1584 ἠ
1088 1518 1301 1588 δωρεὰ,
1340 1521 1412 1575 ἐν
1452 1522 1645 1593 χάριτι
1695 1525 1772 1595 τῇ
1816 1527 1925 1582 τοῦ

297 1602 452 1667 ἐνὸς
484 1603 820 1672 ἀνθρώπου
871 1606 1069 1675 Ἰησοῦ
1106 1612 1370 1680 Χριστοῦ
1427 1617 1514 1681 είς
1559 1616 1702 1685 τοὺς
1760 1623 1925 1674 πολ-

295 1696 462 1762 λοὺς
509 1697 997 1765 ἐπερίσσευσεν.
1051 1703 1176 1757 Ἐπὶ
1224 1704 1326 1775 τῆς
1385 1707 1678 1779 τιμωρίας,
1737 1710 1921 1782 φησὶν,

2028 1710 2201 1782 legem
2230 1716 2492 1781 servavit,
2524 1726 2578 1772 et
2610 1719 2880 1776 Adamum
2938 1736 3294 1795 peccantem,
3332 1732 3610 1802 mortique

293 1789 323 1840 ὁ
346 1788 652 1858 Δεσπότης
682 1789 820 1854 Θεὸς
850 1791 946 1844 τοῦ
996 1793 1210 1850 δικαίου
1260 1796 1352 1849 τὸν
1375 1798 1501 1869 ὅρον
1538 1799 1793 1868 ἐφύλαξε,
1827 1802 1923 1857 καὶ

2027 1806 2314 1874 traditum,
2350 1811 2673 1869 universum
2706 1830 2881 1886 genus
2912 1817 3264 1887 (humanum)
3297 1832 3380 1877 est
3411 1838 3609 1881 conse-

295 1878 395 1933 τοῦ
479 1879 667 1951 mea
721 1884 1129 1954 ἡμαρτηκότος.
1181 1888 1273 1940 καὶ
1307 1864 1650 1962 τῷνθανάτῳ
1689 1864 1923 1964 παραδο-

2302 1864 2314 1874 ,
2495 1864 2529 1867 ν
2554 1864 2673 1869 η---
2706 1864 2879 1886 0------
3298 1864 3380 1877 νυ.
3411 1864 3607 1881 ωηεν

2028 1908 2260 1969 culum;
2313 1904 2488 1959 multo
2538 1906 2788 1975 profecto
2836 1910 3047 1980 justius
3102 1912 3197 1968 Dei
3269 1914 3611 1988 benignitate

295 1971 521 2036 θέντος,
550 1973 709 2027 ἅπαν
740 1974 1081 2048 ἠκολούθησε
1110 1977 1172 2031 τὸ
1201 1978 1356 2047 γένος
1376 1996 1391 2011 ⁸
1433 1982 1614 2054 πολλῷ
1647 1983 1926 2056 ,δήπουθεν

2021 1990 2300 2061 justitiam
2342 1996 2579 2063 servari,
2609 2007 2663 2053 et
2693 1997 2906 2055 Domini
2939 2001 3145 2059 Christi
3173 1971 3607 2064 resurt'ectionis

293 2063 663 2135 δικαιότερον
692 2066 791 2119 ἐπὶ
810 2067 911 2137 τῆς
937 2068 1034 2121 τοῦ
1062 2069 1199 2124 Θεοῦ
1216 2072 1629 2146 φιλανθρωπίας
1644 2076 1926 2148 φυλαχθῆ-

2026 2098 2219 2142 omnes
2265 2085 2522 2144 homines
2574 2106 2698 2147 esse
2746 2093 3064 2164 participes.
3096 2097 3376 2152 Hominem
3425 2110 3606 2154 autem

293 2172 387 2208 ναι
424 2156 495 2208 τὸ
523 2157 770 2224 δίκαιον,
798 2158 895 2212 καὶ
928 2160 1029 2231 τῆς
1061 2162 1158 2215 τοῦ
1194 2164 1465 2219 Δεσπότου
1510 2167 1748 2238 Χριστοῦ
1788 2169 1925 2223 πάν-

2024 2176 2312 2235 Christum
2366 2179 2657 2237 Dominum
2712 2156 2804 2240 hic
2841 2156 3162 2257 appellavit,
3195 2199 3254 2244 ut
3290 2190 3484 2246 Adami
3517 2204 3606 2262 ty-

292 2266 400 2312 τας
428 2250 780 2321 ἀνθρώπους
810 2252 1145 2323 μεταλαχείν
1169 2255 1541 2322 ἀναστάσεως.
1580 2259 1924 2329 Ἄνθρωπον

2027 2284 2155 2331 pum
2187 2270 2436 2341 perfecte
2465 2275 2781 2332 ostenderet
2809 2296 2822 2331 :
2849 2279 2977 2348 quia
3001 2281 3144 2335 sicut
3169 2282 3281 2336 illic
3305 2298 3402 2352 per
3433 2299 3603 2338 unum

291 2341 351 2394 δέ
377 2342 634 2396 ἐνταῦθα
663 2343 761 2397 τὸν
809 2347 1092 2417 Δεσπότην
1146 2348 1381 2419 Χριστὸν
1439 2353 1916 2423 προσηγόρευσεν,

2027 2359 2303 2416 hominem
2345 2376 2516 2430 mors,
2554 2364 2630 2419 ita
2675 2381 2772 2437 per
2824 2383 2995 2423 unum
3057 2369 3336 2424 hominem
3377 2371 3468 2425 hic
3517 2379 3606 2426 est

296 2434 391 2487 ἴνα
445 2434 551 2488 τοῦ
596 2436 776 2505 Ἀδὰμ
829 2437 1078 2508 ἀκριϐῶς
1127 2441 1370 2512 ἐπιδείξῃ
1426 2442 1520 2497 τὸν
1563 2444 1735 2502 τύπον
1762 2463 1776 2476 ·
1839 2447 1921 2501 ὅτι

2025 2452 2221 2508 mortis
2253 2454 2569 2511 disSolutio.

292 2525 571 2596 καθάπερ
611 2527 738 2579 ἐκεῖ
760 2527 829 2581 δι’
859 2529 981 2592 ἐνὸς
1010 2529 1302 2601 ἀνθρώπου
1337 2535 1366 2587 ὁ
1395 2533 1648 2601 θάνατος,
1677 2535 1822 2592 οὕτω
1851 2538 1918 2592 δι’

294 2618 426 2681 ἑνὸς
457 2617 767 2688 ἀνθρώπου
796 2620 1090 2691 ἐνταῦθαή
1121 2621 1216 2676 τοῦ
1247 2623 1476 2680 θανάτου
1506 2627 1822 2693 κατάλυσις.
2048 2647 2076 2655 '

378 2716 482 2774 ις’.
522 2710 642 2764 Καὶ
675 2712 795 2780 οὐχ
834 2711 911 2777 ὡς
944 2711 1022 2766 δι’
1072 2713 1213 2780 ἐνὸς
1235 2717 1676 2788 ἁμαρτήματος,
1720 2720 1783 2773 τὸ
1810 2720 1920 2774 δὼ-

2091 2719 2259 2777 Veus.
2306 2721 2394 2778 16.
2426 2721 2494 2777 Et
2526 2740 2631 2778 non
2665 2725 2804 2780 sicut
2848 2740 2942 2794 per
2969 2743 3134 2781 unum
3164 2739 3459 2797 peccatum,
3506 2731 3602 2786 do-

286 2816 467 2873 ρημα
485 2817 501 2831 ’
542 2800 616 2855 τὸ
641 2800 767 2871 μὲν
796 2802 909 2872 γὰρ
932 2803 1115 2874 κρῖμα
1158 2805 1230 2871 ἐξ
1259 2807 1399 2874 ἐνὸς
1421 2811 1511 2876 είς
1548 2811 1880 2881 κατάκριμα
1901 2828 1915 2844 ·

2021 2826 2190 2865 num:
2240 2828 2365 2866 nam
2409 2812 2680 2882 judiciun‘t
2730 2829 2797 2869 ea:
2844 2831 2949 2869 uno
2997 2817 3050 2870 in
3087 2817 3599 2881 condemnationem,

294 2893 372 2949 τὸ
417 2894 493 2947 δὲ
548 2892 830 2963 χάρισμα
880 2893 953 2948 ἐκ
995 2896 1249 2950 πολλῶν
1285 2901 1778 2971 παραπτωμάτων
1828 2906 1919 2970 εἰς

2017 2904 2198 2973 gratia
2223 2913 2403 2958 autem
2434 2920 2501 2958 ex
2530 2906 2714 2960 multis
2765 2906 2975 2962 delictis
3026 2909 3081 2963 in
3127 2908 3596 2979 justiﬁcationem.

296 2986 625 3055 δικαίωμα.
679 2985 1061 3057 Ύπερόαίνει,
1095 2990 1282 3060 φησὶν,
1310 2993 1345 3062 ἡ
1382 2993 1482 3064 τῆς
1512 2994 1738 3065 χάριτος
1762 2999 1913 3066 φιλο-

2020 2993 2279 3063 Superat,
2304 2995 2502 3067 inquit,
2528 3000 2717 3069 gratia:
2748 2999 3123 3056 muniﬁcentia
3141 3001 3378 3072 justitiam:
3401 3005 3597 3075 legem.

295 3079 465 3149 τιμία
489 3078 591 3133 τοῦ
618 3079 842 3133 δικαίου
869 3080 963 3135 τὸν
1001 3081 1148 3153 ὅρον.
1188 3083 1319 3137 Τότε
1349 3085 1459 3158 γὰρ
1504 3087 1625 3152 ἐνὸς
1661 3090 1916 3161 ἡμαρτη-

2019 3087 2174 3144 Tunc
2223 3090 2403 3155 enim,
2451 3104 2577 3145 cum
2637 3105 2779 3147 unus
2821 3102 3140 3162 peccasset,
3194 3101 3371 3148 totum
3423 3110 3601 3167 genus

298 3171 464 3234 κότος
502 3170 632 3224 ὅλον
659 3170 727 3224 τὸ
748 3170 910 3240 γένος
967 3174 1069 3243 τὴν
1132 3175 1403 3245 τιμωρίαν
1437 3176 1682 3244 ἐδέξατοο
1716 3179 1811 3235 νῦν
1832 3182 1909 3244 δὲ,

2018 3195 2215 3250 pmnas
2254 3181 2397 3235 luit:
2428 3197 2578 3237 nunc
2609 3193 2814 3250 autem,
2859 3199 2985 3239 cum
3020 3199 3213 3241 omnes
3250 3185 3504 3244 homines
3538 3202 3600 3243 se

297 3261 528 3315 πάντων
592 3259 933 3332 ἀνθρώπων·
981 3262 1327 3320 ἀσεϐούντων
1382 3284 1441 3320 τε
1517 3269 1610 3323 καὶ
1668 3287 1914 3342 παρανο-

2020 3273 2186 3344 impie
2211 3284 2266 3331 et
2314 3275 2504 3347 inique
2547 3284 2842 3348 gererent,
2897 3292 3008 3334 non
3063 3278 3397 3351 supplicium
3451 3279 3598 3335 irro-

305 3355 575 3426 μούντων,
640 3355 708 3407 οὐ
782 3355 1059 3426 τιμωρίαν
1107 3358 1412 3431 ἐπήγαγεν,
1439 3360 1578 3416 ἀλλὰ
1616 3361 1762 3435 ζωὴν
1792 3364 1915 3418 ἐδω-

2015 3371 2186 3442 gavit,
2211 3370 2309 3426 sed
2343 3370 2508 3426 vitam
2541 3370 2788 3427 donavit.

304 3448 532 3518 ρήσατο.

372 3539 536 3604 ιζ’.Εὶ
563 3540 683 3610 γὰρ
713 3541 799 3606 τῷ
822 3542 932 3597 τοῦ
960 3543 1104 3608 ἐνὸς
1129 3546 1555 3615 παραπτώματι
1582 3549 1615 3601 ό
1655 3546 1911 3616 θάνατος

2102 1247 2269 1306 Vsus.
2311 1251 2399 1308 i5.
2440 1252 2547 1309 Sed
2573 1272 2678 1311 non
2707 1258 2846 1313 sicut
2892 1261 3167 1328 delictum,
3203 1265 3281 1319 ita
3307 1275 3355 1320 et
3384 1268 3605 1327 donum.

2030 1342 2138 1397 Sed
2156 1344 2468 1413 quomodo?
2493 1344 2554 1401 Si
2569 1350 2881 1423 enimtmitts
2899 1353 3093 1410 delicto
3113 1358 3266 1411 mutu“
3281 1359 3389 1431 58
3408 1364 3604 1417 mortui

2027 1444 2171 1501 sunt,
2204 1435 2372 1491 multo
2397 1440 2568 1508 magis
2596 1443 2774 1509 gratia
2808 1443 2927 1511 Dei,
2977 1456 3027 1501 et
3077 1448 3292 1517 denum,
3335 1454 3388 1505 in
3430 1456 3610 1524 gratia

2026 1521 2186 1582 unius
2217 1530 2452 1585 hominis
2503 1530 2635 1587 Iesu
2693 1534 2899 1592 Christi
2947 1539 3005 1593 in
3062 1539 3242 1608 plures
3295 1521 3606 1600 abundavit.

2028 1617 2222 1687 Pinna,
2255 1622 2471 1692 inquit,
2509 1624 2808 1696 irroganda
2870 1628 3135 1690 Dominus
3180 1633 3325 1692 Deus
3381 1637 3610 1707 iustitiae

2084 3549 2252 3607 Vens.
2288 3551 2369 3606 i7.
2397 3552 2458 3608 Si
2482 3553 2621 3607 enim
2652 3553 2810 3607 unius
2845 3552 3040 3609 delicto
3069 3571 3212 3609 mors
3241 3555 3479 3625 regnauit
3504 3569 3597 3623 per

313 3630 673 3687 ἐϐασίλευσε
703 3632 809 3687 διὰ
838 3634 951 3689 τοῦ
1004 3634 1166 3701 ἐνὸς,
1219 3637 1428 3703 πολλῷ
1446 3636 1692 3707 μᾶλλον
1715 3643 1768 3719 oi
1794 3640 1911 3709 τὴν

317 3724 671 3788 περισσείαν
726 3722 847 3792 τῆς
907 3724 1172 3794 χάριτος.
1224 3727 1321 3781 καὶ
1381 3727 1491 3796 τῆς
1526 3729 1770 3798 δωρεᾶς,
1807 3732 1907 3788 καὶ

312 3810 412 3880 τῆς
435 3812 855 3885 δικαιοσύνης
882 3817 1317 3886 λαμϐάνοντες,
1350 3819 1420 3875 ἐν
1457 3820 1572 3891 ζωῇ
1609 3824 1908 3888 ,Βασιλεύ-

302 3921 484 3962 σουσι
522 3907 627 3963 διὰ
661 3909 778 3964 τοῦ
832 3909 974 3977 ἐνὸς
1020 3912 1229 3979 Ἰησοῦ
1275 3914 1557 3982 Χριστοῦ.
1590 3917 1653 3970 Εἰ
1689 3916 1747 3971 δὲ
1788 3916 1906 3981 ἐνὸς

298 3998 593 4070 ἀνθρώπου
640 3999 968 4070 παράὼσις
1041 4002 1308 4075 ἐκράτυνε
1364 4003 1461 4058 τοῦ
1518 4005 1751 4061 θανάτου
1806 4009 1906 4081 τὴν

296 4089 649 4158 δυναστείαν,
690 4092 743 4145 oi
771 4091 875 4157 τὰς
925 4093 1196 4163 ἀφθόνους
1236 4095 1332 4150 τοῦ
1363 4096 1498 4151 Θεοῦ
1532 4100 1905 4171 τρυγήσαντες

294 4181 534 4253 δωρεὰς,
558 4183 731 4253 δῆλον
786 4184 872 4237 ὅτι
916 4186 1205 4255 κρείττους
1232 4186 1333 4258 μὲν
1362 4187 1578 4243 ἔσονται
1612 4189 1705 4244 τοῦ
1737 4190 1903 4246 θανά-

294 4291 411 4341 του,
440 4277 850 4347 κοινωνήσουσι
877 4275 935 4330 δὲ
977 4276 1056 4348 τῷ
1087 4278 1311 4351 Χριστῷ
1344 4279 1447 4350 τῆς
1475 4280 1783 4356 ἁνωλέθρου
1808 4284 1905 4355 βα-

296 4367 505 4432 σιλείας
536 4368 640 4421 καὶ
670 4367 776 4435 τῆς
809 4369 1033 4423 αἰωνίου
1068 4369 1233 4441 ζωῆς.

366 4467 456 4531 ιη’.
488 4456 655 4528 Ἀρα
695 4456 813 4517 οὖν
856 4461 938 4526 ὼς
992 4461 1068 4516 δι’
1118 4462 1258 4530 ἑνὸς
1304 4464 1778 4536 παραπτώματος
1813 4471 1901 4536 εις

2010 3659 2198 3708 unum,
2232 3643 2402 3698 multo
2439 3645 2610 3715 magis
2663 3646 2855 3715 gratia!
2916 3645 3305 3700 abundantiam
3346 3657 3395 3701 et
3420 3646 3593 3701 dona-

2012 3735 2174 3789 tionis
2202 3744 2251 3789 et
2271 3735 2510 3804 justitiw
2545 3737 2890 3805 accipientes,
2924 3739 2982 3791 in
3029 3738 3138 3791 vita
3175 3738 3470 3808 regnabant
3503 3754 3596 3808 per

2008 3841 2173 3879 unum
2226 3826 2415 3881 Iesum
2471 3825 2764 3882 Christum.
2809 3829 2869 3883 Si
2927 3844 3025 3898 per
3078 3844 3250 3884 unum
3311 3830 3590 3885 hominem

2009 3919 2381 3989 transgressio
2411 3922 2609 3977 mortis
2638 3921 2942 3992 potentiam
2975 3923 3344 3991 conﬁrmavit,
3376 3925 3589 3979 clarum

2007 4018 2113 4077 est,
2146 4011 2295 4082 quod
2320 4012 2413 4083 qui
2440 4015 2662 4084 copiosa
2690 4013 2782 4070 Dei
2811 4013 2955 4070 dona
3008 4026 3364 4086 acceperunt,
3413 4017 3589 4073 futuri

2007 4105 2121 4159 sint
2142 4114 2318 4160 morte
2361 4107 2721 4175 potentiores,
2775 4115 2831 4162 et
2884 4123 3007 4163 cum
3040 4108 3266 4166 Christo
3311 4110 3467 4183 regni
3516 4110 3589 4165 ab

2008 4198 2233 4253 interitu
2274 4198 2463 4267 alieni,
2517 4209 2572 4256 et
2607 4199 2729 4254 vita:
2758 4210 2974 4257 aeterna!
3008 4202 3326 4273 participes.

2075 4461 2239 4519 Vnus.
2284 4462 2372 4519 18.
2412 4462 2590 4534 Igitur
2621 4466 2757 4519 sicut
2783 4478 2876 4533 per
2905 4465 3062 4519 unius
3094 4464 3213 4536 59,
3244 4465 3496 4520 delictum
3526 4467 3581 4520 in

293 4550 533 4619 πάντας
575 4552 938 4620 ἀνθρώπους
977 4557 1067 4620 είς
1122 4554 1473 4627 κατάκριμα,
1507 4558 1660 4612 οὕτω
1687 4560 1785 4614 καὶ
1823 4562 1898 4617 δι’
1931 4562 1941 4617 l

2009 4571 2186 4611 omnes
2209 4555 2446 4610 homines
2473 4556 2529 4610 in
2557 4556 3070 4621 condemnationem,
3104 4558 3183 4610 ita
3220 4567 3271 4611 et
3299 4573 3393 4627 per
3420 4560 3580 4612 unius

292 4641 432 4709 ἐνὸς
464 4641 878 4712 δικαιώματος
949 4646 1038 4710 εις
1105 4642 1341 4713 πάντας
1397 4648 1752 4717 ἀνθρώπους
1814 4653 1902 4717 εις

2009 4645 2275 4710 iustitiam
2313 4648 2369 4701 in
2396 4663 2576 4702 omnes
2608 4647 2847 4702 homines
2877 4647 2932 4701 in
2955 4647 3397 4716 jnstiﬁcationem
3436 4648 3577 4702 vim.

290 4732 617 4789 δικαίωσιν
650 4732 823 4802 ζωῆς.
866 4736 956 4808 Μὴ
983 4736 1379 4808 ἀμφιϐάλλετε,
1417 4741 1577 4811 φησὶ,
1626 4743 1756 4814 περὶ⁴
1792 4743 1900 4797 τῶν

2009 4738 2083 4795 Ne
2113 4738 2390 4804 dubitate,
2431 4738 2634 4809 inquit,
2660 4739 2731 4795 de
2756 4739 2825 4795 iis
2858 4753 2982 4809 qua
3011 4754 3042 4792 a
3081 4753 3168 4794 me
3193 4738 3479 4804 dicuntur,
3510 4739 3579 4793 ad

286 4822 425 4895 παρ’
453 4823 602 4895 ἐμοῦ
621 4824 940 4896 λεγομένων
961 4828 1041 4891 είς
1067 4827 1160 4882 τὸν
1195 4828 1366 4900 Ἀδὰμ
1391 4829 1812 4897 ἀποϐλέποντες.
1836 4834 1900 4887 Ei

2009 4831 2277 4885 Adamum
2323 4830 2710 4913 respicientes.
2744 4830 2803 4886 Si
2846 4833 2991 4887 enim
3039 4831 3134 4887 illa
3164 4848 3293 4888 vera
3323 4842 3471 4899 sunt,
3519 4841 3580 4886 ut

204 4924 209 4927 ‘
289 4915 402 4987 γάρ
429 4917 630 4971 ἐκεῖνα
649 4917 854 4989 ἀληθῆ,
877 4918 1066 4991 ὥσπερ
1093 4917 1189 4975 οὖν
1213 4922 1411 4995 ἀληθῆ,
1443 4924 1538 4978 καὶ
1559 4925 1771 4980 ἐκείνου
1796 4945 1899 4981 πα-

2009 4922 2167 4993 plane
2195 4930 2351 4987 sunt,
2398 4931 2453 4978 et
2486 4922 2585 4977 illo
2617 4931 2971 4994 transgresso
3030 4925 3347 4981 universum
3402 4939 3579 4996 genus

290 5006 683 5079 ραὸεϐηκότος
708 5010 831 5063 ὅλον
861 5010 923 5064 τὸ
953 5012 1111 5080 γένος
1156 5013 1373 5078 ἐδέξατο
1404 5014 1497 5068 τοῦ
1543 5015 1774 5072 θανάτου
1804 5019 1897 5073 τὸν

2009 5014 2197 5069 mortis
2230 5015 2404 5086 legem
2427 5018 2698 5087 suscepit,
2724 5019 2937 5073 clarum
2968 5026 3058 5075 est
3079 5018 3227 5089 quod
3265 5018 3575 5073 Servatoris

286 5100 436 5168 ὅρον,
472 5098 713 5169 εὔδηλον
756 5104 829 5164 ὡς
870 5102 904 5173 ἡ
941 5104 1039 5155 τοῦ
1088 5104 1341 5177 Σωτῆρος
1379 5105 1697 5177 δικαιοσύνη
1729 5109 1896 5162 πᾶσιν

286 5190 617 5263 ἀνθρώποις
649 5193 1102 5263 πραγματεύεται
1128 5195 1226 5266 τὴν
1253 5196 1422 5268 ζωήν.
1450 5198 1561 5252 Καὶ
1597 5199 1758 5254 πάλιν
1780 5201 1895 5259 ἐτέ-

288 5299 400 5353 ρως
447 5284 512 5336 τὸ
572 5283 714 5338 αὐτὸ
745 5283 918 5354 λέγει,
981 5288 1424 5342 καταποικίλλων
1464 5290 1555 5342 τὸν
1586 5289 1765 5359 λόγον,
1798 5293 1893 5345 καὶ

287 5374 543 5444 συνεχῶς
571 5374 895 5439 ἀνελίττων,
951 5377 1036 5431 ἵνα
1070 5378 1405 5451 σαφέστερον
1434 5381 1581 5450 ἡμᾶς
1614 5381 1801 5455 διδάξῃ
1830 5383 1892 5437 τὸ

283 5471 383 5539 τῆς
402 5467 732 5539 οἰκονομίας
767 5470 1088 5541 μυστήριον.

357 5561 448 5614 ιθ¹.
478 5562 723 5630 Ὠσπερ
761 5562 872 5632 γὰρ
899 5562 999 5618 διὰ
1067 5564 1383 5633 παρακοῆς
1437 5566 1544 5621 τοῦ
1592 5567 1731 5631 ἐνὸς
1781 5569 1885 5623 dr-

284 5652 552 5719 σρώπου,
602 5654 945 5722 ἁμαρτωλοὶ
1000 5656 1468 5724 κατεστάθησαν
1519 5644 1589 5713 οἵ
1623 5662 1885 5716 πολλοί·

285 5744 441 5803 circa
466 5744 570 5798 καὶ
594 5743 698 5798 διὰ
709 5743 821 5814 τῆς
845 5744 1128 5814 ὑπακοῆς
1142 5746 1249 5800 τοῦ
1268 5746 1428 5814 ἐνὸς,
1456 5748 1674 5804 δίκαιοι
1706 5767 1886 5805 κατα-

299 5835 705 5907 ιταθήσονται
732 5839 792 5892 οἱ
818 5840 940 5892 πολ
963 5838 1064 5891 toi.
1103 5837 1373 5909 Ἀκριϐῶς
1415 5839 1648 5894 ἐνταῦθα
1671 5841 1763 5895 καὶ
1792 5844 1886 5897 ἐπὶ

1993 5103 2212 5174 justitia
2241 5106 2408 5160 vitam
2474 5108 2735 5163 omnibus
2794 5109 3115 5165 hominibus
3175 5116 3456 5178 procuret.
3510 5106 3574 5161 Et

1997 5211 2197 5253 rursus
2234 5197 2341 5251 hoc
2378 5199 2560 5268 ipsum
2604 5200 2766 5255 aliter
2796 5199 2953 5268 dicit,
2999 5202 3310 5257 orationem
3341 5198 3570 5256 varians

1995 5298 2053 5345 et
2087 5291 2350 5346 continue
2375 5292 2686 5356 revolvens,
2707 5300 2768 5348 ut
2794 5292 3227 5363 dispensationis
3250 5292 3573 5365 mysterium

1996 5399 2096 5439 nos
2124 5385 2371 5454 apertius
2401 5385 2615 5441 doceat.

2066 5561 2235 5617 Vens.
2267 5563 2355 5619 i9.
2381 5563 2533 5619 Sicut
2564 5564 2705 5619 enim
2733 5580 2827 5634 per
2855 5566 3265 5622 inobediontiam
3301 5569 3457 5623 unius
3477 5557 3574 5621 ﬁo-

1994 5655 2153 5708 minis
2177 5665 2479 5724 peccatores
2504 5658 2774 5711 constituti
2803 5668 2926 5713 sunt
2948 5659 3126 5722 multi,
3140 5662 3218 5713 ita
3241 5670 3290 5714 et
3303 5675 3396 5728 per
3415 5660 3571 5714 unius

1992 5747 2341 5803 obedientiam
2384 5747 2526 5818 justi
2572 5750 2957 5806 constituentur
3011 5752 3186 5806 multi.
3215 5751 3419 5807 Exacte
3456 5750 3570 5819 hic,

1952 5890 1971 5901 .
1992 5848 2044 5898 et
2075 5841 2131 5896 in
2158 5839 2391 5909 Adamo,
2416 5850 2469 5898 et
2491 5842 2546 5898 in
2570 5845 2768 5914 gratia,
2804 5845 2959 5900 multi
2980 5861 3168 5903 vocem
3199 5846 3404 5918 posuit.
3431 5843 3567 5901 Nam
