4124 6386
556 364 662 435 1θ3

1547 359 2038 422 THEODORETI
2079 357 2417 420 EPISCOPI
2458 362 2824 422 CYRENSIS

3727 367 3828 436 ίθεί

554 501 610 543 et
637 489 693 540 in
727 485 838 540 illis
870 481 1179 538 invenimus
1215 481 1428 550 aliquos
1467 480 1560 550 qui
1596 497 1624 534 a
1668 479 1976 547 majoribus
2006 493 2132 547 pec-

2239 477 2335 530 τοῦ
2376 477 2565 548 Ἀδάμ,
2594 481 2687 532 καὶ
2709 481 2799 532 ἐπὶ
2824 480 2922 550 τῆς
2969 482 3215 549 χάριτος,
3249 477 3308 531 τδ
3338 480 3554 533 πολλοὶ
3591 479 3825 539 τέθεικε.

553 577 695 631 catis
744 574 907 629 alieni
958 573 1203 636 fuerunt,
1257 581 1317 625 ut
1367 571 1617 635 Abelem,
1649 578 1706 624 et
1732 568 2040 631 Enochum,
2085 577 2140 622 et

552 666 857 730 Noachum,
880 672 935 719 et
955 663 1476 728 Melchisedechum,
1504 671 1556 716 et
1585 660 1948 730 patriarchas,
1971 668 2024 712 et
2046 672 2140 711 eos

550 761 715 814 etiam
742 757 834 828 qui
868 757 921 810 in
966 757 1083 826 lege
1113 756 1247 809 clari
1280 756 1633 824 insignesque
1683 752 1840 806 fuere
1875 770 1888 805 :
1924 759 1980 805 et
2017 758 2141 819 post

550 851 807 921 gratiam,
840 848 998 902 multi
1035 848 1202 900 vitam
1253 847 1517 912 injustam
1552 853 1608 899 et
1658 845 1984 900 sceleratam
2025 856 2141 894 am-

552 942 890 1010 plectuntur.
917 938 994 991 lta
1021 953 1147 992 cum
1181 953 1274 1006 per
1296 937 1493 990 Adami
1520 935 1690 989 fatum
1731 934 1930 988 divina:
1955 933 2139 986 incar-

551 1031 793 1085 nationis
819 1044 1020 1084 causas
1045 1045 1148 1083 nos
1177 1029 1484 1092 docuisset,
1518 1028 1889 1082 incurrentem
1919 1025 2139 1079 dubita-

551 1125 750 1176 tionem
777 1125 1026 1193 opponit,
1051 1131 1106 1178 et
1127 1123 1248 1192 ejus
1278 1123 1614 1177 solutionem
1644 1119 1880 1175 inducit.
1900 1118 2141 1174 lncurrit

549 1222 728 1269 autem
775 1230 840 1269 ex
874 1217 940 1269 iis
973 1230 1095 1284 quae
1129 1215 1196 1268 ad
1248 1216 1422 1284 legem
1473 1213 1772 1281 pertinent,
1815 1226 1937 1280 qua:
1996 1209 2142 1264 inter

548 1307 814 1360 Adaututn
852 1317 906 1360 et
944 1307 1267 1362 Servatoris
1319 1307 1496 1361 nostri
1543 1305 1841 1361 adventum
1871 1305 1998 1360 data
2032 1311 2135 1359 est.

549 1398 615 1452 Et
645 1399 768 1454 ideo
799 1399 938 1454 dixit
970 1399 1197 1454 divinus
1239 1398 1546 1469 Apostolus
1573 1416 1587 1452 ε

619 1581 786 1638 Vens.
819 1581 909 1636 90.
942 1582 1050 1635 Lex
1074 1592 1252 1635 autem
1280 1581 1623 1648 subintravit,
1650 1591 1706 1635 ut
1734 1581 2027 1635 abundaret
2055 1580 2139 1634 de-

547 1674 752 1729 lictum.
792 1673 859 1727 Ut
914 1690 1022 1727 non
1070 1688 1170 1742 pro
1201 1688 1368 1727 causa
1400 1674 1602 1742 posuit.
1651 1672 1746 1727 sed
1781 1687 1844 1727 ex
1877 1687 1980 1728 suo
2009 1685 2138 1741 pro-

547 1765 665 1834 prio
690 1765 849 1817 modo
887 1762 1168 1833 loquendi.
1211 1761 1336 1815 Vult
1365 1771 1551 1817 autem
1596 1763 1802 1828 dicere,
1854 1761 2000 1833 quod
2037 1776 2139 1816 nec

547 1857 716 1926 priori
757 1855 976 1926 quidem
1037 1865 1284 1926 tempore
1335 1857 1628 1925 reliquerit
1679 1855 1822 1910 Deus
1881 1854 2135 1910 homines

545 1965 643 2002 sua
670 1947 1015 2017 providentia
1046 1947 1364 2002 destitutos.
1389 1949 1498 2018 60
1535 1947 1642 2001 Sed
1675 1945 1882 2002 Iudaeis
1905 1947 2131 2017 quidem

546 2039 720 2107 legem
739 2037 914 2100 dedit,
936 2053 1032 2106 per
1062 2037 1282 2090 illorum
1311 2045 1497 2090 autem
1525 2037 1770 2091 studium
1805 2051 1868 2090 ac
1897 2036 2135 2106 diligeno

542 2127 675 2180 tiam
715 2127 934 2195 pietatis
963 2141 1184 2195 quoque
1217 2126 1402 2180 lumen
1428 2127 1554 2181 aliis
1581 2127 1836 2195 gentibus
1866 2127 2129 2182 ostendit.

542 2217 770 2287 PrOprie
819 2225 1004 2272 autem
1068 2217 1254 2287 posuit
1306 2216 1648 2282 subintravit,
1681 2217 1945 2288 quoniam
1998 2233 2132 2288 pro-

543 2313 722 2375 missi,
783 2311 931 2381 quod
999 2312 1189 2366 datum
1257 2320 1377 2366 erat
1448 2311 1800 2381 patriarcha,
1877 2310 2132 2367 Christus

542 2415 664 2458 erat
705 2403 874 2457 ﬁnis:
923 2421 942 2454 ι
984 2401 1040 2457 1η
1093 2403 1304 2458 semine
1340 2403 1488 2457 enim
1532 2410 1652 2467 tuo,
1681 2401 1881 2472 inquit,
1908 2403 2134 2458 benedi-

541 2503 738 2548 centur
768 2510 960 2549 omnes
985 2503 1173 2564 gentes
1205 2501 1367 2548 terra:
1396 2501 1457 2548 “.
1504 2512 1521 2545 ι
1563 2493 1711 2549 [nter
1756 2493 2132 2548 Abrahamum

541 2593 725 2639 autem
773 2593 828 2638 et
877 2582 1160 2638 Christum
1209 2583 1298 2638 lex
1345 2583 1525 2637 media
1571 2583 1819 2654 ingressa
1865 2591 1968 2639 est.
2008 2584 2134 2638 llaec

543 2685 727 2732 autem
787 2679 1039 2731 exactius
1086 2677 1308 2746 quidem
1342 2674 1532 2730 docuit
1585 2685 1872 2746 peccatum
1925 2677 2131 2731 malum

541 2785 714 2824 esse:
759 2769 942 2839 ipsum
990 2781 1171 2823 autem
1221 2783 1578 2838 compescere
1637 2783 1748 2822 non
1801 2769 2004 2839 potuit,
2037 2770 2133 2826 sed

541 2859 710 2913 etiam
750 2861 926 2928 magis
956 2860 1129 2913 auxit.
1172 2858 1295 2924 Quo
1328 2859 1474 2914 enim
1509 2859 1669 2929 plura
1702 2870 1976 2930 praecepta
2005 2860 2133 2916 data

541 2959 693 3018 sunt,
725 2968 789 3007 eo
820 2953 1007 3023 plures
1038 2952 1514 3024 transgressiones
1548 2950 1794 3007 fuerunt.
1840 2952 1949 3008 Sed
1992 2953 2134 3008 divi-

541 3061 647 3100 nus
683 3045 984 3116 Apostolus
1017 3047 1235 3101 brevem
1272 3045 1602 3100 solutionem
1645 3045 1861 3100 intulit:
1898 3045 1998 3100 Ubi
2032 3063 2133 3099 au-

2244 571 2354 623 Καὶ
2385 571 2493 641 γάρ
2527 574 2584 623 ἐν
2615 572 2848 635 ἐκείνοις
2877 571 3205 643 εὑρίσκομέν
3231 589 3382 636 τινας
3418 573 3703 643 κρείττους
3719 575 3830 631 τῶν

2246 658 2509 731 μειζόνων
2531 663 2944 733 ἁμαρτημάτων
2965 663 3392 736 γεγενημένους,
3417 665 3493 729 ὡς
3522 666 3614 718 τὸν
3643 666 3827 735 Ἀϐελ,

2243 749 2338 802 καὶ
2375 749 2467 801 τὸν
2504 750 2696 821 Ἑνὼχ,
2734 753 2829 805 καί¹
2883 753 2975 807 τὸν
3024 753 3170 817 Νῶε,
3221 755 3438 808 καὶτὸν
3467 755 3827 826 Μελχισεδὲκ,

2243 842 2484 906 καὶτοὺς
2521 844 2885 914 πατριάρχας,
2933 845 3028 898 καὶ
3075 846 3261 917 μέντοι
3298 847 3394 899 καὶ
3431 847 3558 912 τοὺς
3599 851 3657 902 ἐν
3680 850 3834 923 νόμῳ

2241 932 2687 1002 διαλάμψαντας·
2725 937 2819 989 καὶ
2858 937 2998 1006 μετὰ
3032 937 3131 1008 τὴν
3175 938 3358 1008 χάριν,
3386 939 3495 992 εἰσὶ
3518 939 3704 994 πολλοὶ
3738 943 3830 994 τὸν

2243 1025 2564 1095 παράνομον
2594 1027 2966 1097 ἀσπαζόμενοι
3017 1027 3149 1098 βίον.
3181 1029 3369 1092 Οῦτως
3406 1030 3515 1082 ἀπὸ
3547 1031 3654 1085 τῶν
3685 1035 3830 1087 κατὰ

2241 1118 2331 1170 τὶν
2370 1118 2542 1188 Ἀδὰμ
2574 1119 2674 1183 τὰς
2703 1121 2880 1185 αἰτίας
2910 1123 3056 1191 ἡμᾶς
3093 1121 3312 1185 διδάξας
3356 1122 3452 1192 τῆς
3496 1121 3648 1186 θείας
3677 1126 3832 1178 ἐναν-

2243 1209 2603 1281 θρωπησεως,
2633 1212 2696 1264 τὸ
2726 1212 3008 1285 ὑφορμοῦν
3053 1213 3382 1283 ἀντιτίθησι,
3415 1215 3512 1268 καὶ
3535 1215 3634 1286 τὴν
3672 1216 3831 1270 λύσιν

2241 1303 2468 1371 ἐπάγει·
2498 1305 2736 1376 ὑφορμεῖ
2767 1306 2822 1359 δὲ
2873 1306 2941 1360 τά
2973 1307 3114 1361 κατά
3151 1307 3240 1360 τὸν
3293 1309 3482 1378 νόμον,
3515 1309 3574 1372 ὃς
3623 1311 3830 1380 μεταξὺ

2239 1395 2335 1448 τοῦ
2365 1413 2426 1449 τε
2460 1397 2632 1468 Ἀδὰμ
2653 1399 2747 1452 καί
2778 1402 2875 1470 τῆς
2892 1402 2986 1453 τοῦ
3009 1401 3261 1472 Σωτῆρος
3283 1402 3608 1471 ἐπιφανείας
3636 1403 3822 1475 ἐδόθη.

2239 1486 2331 1540 Διὸ
2353 1489 2445 1541 καὶ
2475 1490 2503 1542 ὁ
2528 1489 2669 1552 θεῖος
2711 1491 3031 1555 Ἀπὸστολος
3055 1492 3181 1562 ἔφη’

2313 1585 2380 1632 κ’.
2414 1581 2607 1649 Νόμος
2662 1580 2730 1634 δὲ
2791 1583 3220 1652 παρεισῆλθεν,
3269 1585 3368 1639 ἵνα
3407 1585 3726 1656 πλεονάσῃ
3758 1585 3830 1642 τὸ

2241 1670 2629 1742 παράπτωμα,
2654 1673 2727 1726 Τὸ
2764 1674 2819 1728 δὲ
2867 1676 2968 1728 ἵνα
3017 1677 3118 1730 οὐκ
3177 1677 3270 1730 ἐπὶ
3322 1678 3502 1744 αἰτίας
3559 1680 3831 1747 τέθεικεν,

2241 1762 2379 1816 άλλά
2409 1763 2551 1817 κατά
2580 1765 2640 1817 τὸ
2683 1767 2879 1819 οἰκεῖον
2947 1767 3178 1838 ἰδίωμα*
3241 1769 3492 1839 βούλεται
3535 1773 3592 1826 δὲ
3628 1775 3832 1842 εἰπεῖν,

2241 1854 2316 1918 ὡς
2358 1855 2476 1908 οὐδὲ
2523 1857 2661 1910 κατά
2712 1857 2804 1912 τὸν
2857 1858 3168 1930 ἔμπροσθεν
3203 1862 3393 1932 χρόνον
3449 1865 3834 1937 ἀτημελήτους

2236 1949 2417 2001 εἴασεν
2450 1950 2478 2000 ὁ
2510 1949 2642 2013 Θεὸς
2689 1952 2814 2014 τοὺς
2870 1952 3228 2021 ἀνθρώπους·
3298 1955 3434 2009 ἀλλὰ
3483 1956 3682 2010 δέδωκε
3731 1961 3835 2028 μὲν

2249 2040 2527 2105 Ἰουδαίοις
2555 2043 2647 2096 τὸν
2676 2045 2862 2115 νόμον,
2896 2045 2985 2099 διὰ
3015 2047 3071 2098 δὲ
3103 2047 3202 2116 τῆς
3233 2049 3456 2103 ἐκείνων
3487 2051 3833 2120 ἐπιμελείας,

2237 2136 2462 2200 καὶτοῖς
2497 2137 2678 2198 ἄλλοις
2714 2137 2926 2193 ἔθνεσιν
2961 2140 3250 2193 ύπεδείκνυ
3299 2143 3396 2210 τῆς
3443 2141 3727 2206 εὐσεϐείας
3767 2143 3838 2196 τὸ

2235 2228 2372 2298 φῶς.
2409 2229 2630 2300 Κυρίως
2654 2229 2709 2283 δὲ
2733 2231 2793 2284 τὸ
2818 2231 3186 2300 παρεισῆλθε
3213 2233 3480 2299 τέθεικεν,
3514 2235 3700 2306 ἐπειδὴ
3728 2235 3836 2306 τῆς

2233 2321 2642 2396 τῷπατριάρχῃ
2685 2324 2932 2394 δοθείσης
2975 2325 3324 2395 ὑποσχέσεως
3355 2329 3384 2380 ὁ
3404 2328 3638 2398 Χριστὸς
3667 2323 3737 2399 ἦν
3767 2328 3838 2383 ἐδ

2233 2415 2403 2478 τέλος.
2437 2434 2454 2465 ι
2479 2415 2564 2467 Ἐν
2597 2417 2706 2486 γὰρ
2729 2415 2808 2486 τῷ
2836 2417 3117 2487 σπέρματί
3157 2434 3272 2484 σου,
3307 2422 3493 2490 φησὶν,
3526 2421 3838 2492 εὐλογηθή-

2238 2524 2388 2560 σεται
2420 2505 2598 2560 πάντα
2622 2507 2690 2560 τά
2719 2507 2846 2580 ἔθνη
2877 2509 2976 2578 τῆς
2998 2510 3122 2578 γῆς.
3159 2528 3176 2561 ι
3208 2510 3315 2564 Τοῦ
3350 2511 3408 2564 δὲ
3451 2512 3702 2583 Ἀϐραάμ
3733 2513 3839 2568 καὶ

2233 2595 2326 2649 τοῦ
2378 2596 2614 2666 Χριστοῦ
2671 2596 2834 2666 μέσος
2868 2599 3237 2669 παρεισῆλθεν
3287 2603 3316 2654 ὁ
3356 2602 3540 2672 νόμος.
3575 2599 3742 2666 Οὗτος
3772 2604 3837 2658 δὲ

2235 2689 2443 2752 ἐδίδαξε
2500 2688 2598 2759 μὲν
2656 2689 3072 2762 ἀκριϐέστερον,
3129 2693 3212 2745 ὅτι
3265 2693 3435 2746 κακὸν
3467 2697 3500 2764 ἡ
3539 2695 3834 2765 ἁμαρτία·

2236 2780 2442 2834 παῦσαι
2467 2781 2523 2834 δὲ
2552 2783 2756 2852 ταύτην
2778 2784 2880 2836 οὐκ
2915 2783 3158 2854 ἴσχυσεν,
3196 2783 3332 2838 ἀλλά
3364 2786 3456 2839 καὶ
3495 2785 3616 2839 λίαν
3652 2784 3833 2855 ἐπηύ-

2237 2861 2419 2942 ξησεν.
2455 2875 2604 2945 Ὅσῳ
2633 2875 2740 2945 γάρ
2776 2874 2998 2939 πλείους
3030 2876 3294 2948 ἐδόθησαν
3324 2877 3556 2942 ἐντολαὶ,
3588 2877 3837 2951 τοσούτῳ

2235 2964 2455 3028 πλείους
2499 2967 2553 3018 αἱ
2617 2966 2964 3046 παραϐάσεις
3014 2967 3277 3036 ἐγίνοντο,
3328 2967 3464 3020 ἀλλά
3503 2968 3601 3039 τὴν
3623 2966 3834 3020 λύσινὸ

2235 3056 2374 3120 θεῖος
2409 3057 2732 3122 Ἀπόστολος
2774 3059 3028 3130 ἐπήγαγε
3060 3057 3350 3130 σύντομον
3397 3055 3478 3116 Οὗ
3520 3059 3589 3113 δὲ
3615 3061 3836 3114 ἐπλεό-

542 3150 642 3193 tem
674 3139 959 3194 abundavit
986 3149 1276 3208 peccatum,
1311 3137 1754 3207 superabundavit
1778 3140 1988 3210 gratia:
2011 3139 2130 3205 Dei,

2237 3164 2427 3201 νασεν
2484 3150 2524 3216 ἡ
2585 3151 2861 3219 ἁμαρτία,
2918 3150 3520 3219 ὑπερεπερίσσευσεν
3561 3150 3598 3218 ἡ
3631 3149 3834 3218 χάρις’

540 3232 739 3301 inquit,
782 3233 1158 3288 beneﬁcentiae
1189 3233 1582 3286 detrimentum
1620 3248 1730 3286 non
1774 3231 1996 3300 attulit;
2031 3232 2129 3287 sed

543 3323 820 3393 insignem
856 3325 978 3392 ejus
1008 3324 1315 3378 bonitatem
1347 3324 1522 3394 magis
1552 3321 1812 3377 ostendit.

615 3413 781 3468 Vnus.
805 3415 894 3469 21.
930 3413 1020 3479 Ut,
1045 3415 1180 3468 sicut
1209 3415 1444 3486 regnavit
1469 3424 1740 3483 peccatum
1767 3430 1860 3482 per
1887 3424 2127 3480 mortem,

539 3507 617 3560 ita
657 3516 707 3560 et
736 3510 915 3576 gratia
946 3515 1122 3576 regnet
1152 3523 1243 3575 per
1270 3506 1567 3574 justitiam,
1607 3507 1660 3560 in
1688 3507 1849 3560 vitam
1877 3515 2132 3560 azternam

538 3614 630 3666 per
685 3597 870 3653 Jesum
918 3598 1192 3653 Christum
1233 3597 1518 3652 Dominum
1553 3607 1815 3652 nostrum.
1848 3595 1949 3652 llic
1978 3613 2130 3653 cont-

541 3692 710 3762 plevit
743 3702 927 3762 caput.
984 3691 1152 3745 Docet
1194 3699 1403 3756 autem,
1457 3691 1604 3761 quod
1641 3690 1788 3746 sicut
1813 3700 2128 3760 peccatum,

539 3786 687 3857 quod
725 3795 953 3841 mortem
991 3787 1222 3856 peperit,
1251 3786 1502 3856 regnavit
1542 3785 1597 3839 in
1636 3785 1968 3841 mortalibus
2007 3800 2132 3840 cor—

543 3881 791 3950 poribus,
821 3880 988 3933 animi
1017 3889 1199 3948 motus
1220 3878 1288 3933 ad
1325 3878 1812 3936 immoderantiam
1847 3880 2084 3936 incitans
2113 3898 2128 3935 :

541 3973 616 4026 ita
662 3973 838 4042 gratia
883 3973 1181 4043 justitiam,
1221 3976 1239 3995 ‘
1275 3988 1397 4043 quae
1425 3988 1521 4043 per
1555 3973 1716 4029 [idem
1756 3981 1860 4039 est,
1896 3973 2131 4028 creden-

543 4069 687 4122 tibus
715 4068 933 4138 largita,
968 4082 1076 4121 non
1119 4067 1286 4121 habet
1328 4082 1558 4136 regnum
1607 4074 1857 4137 tempore
1903 4077 2131 4136 peccato

538 4159 769 4228 aequale,
792 4157 886 4211 sed
917 4167 1205 4220 mternum,
1239 4165 1292 4212 et
1322 4157 1441 4212 sine
1483 4157 1610 4212 line.
1655 4155 1950 4211 Peccatum
1983 4156 2131 4210 enim

540 4254 867 4322 corporibus
893 4253 1221 4322 imperabat,
1251 4267 1443 4306 eorum
1473 4260 1659 4306 autem
1691 4259 1866 4306 morte
1891 4265 1920 4302 a
1959 4265 2132 4320 regno

539 4343 816 4399 cessabat.
856 4361 874 4394 ι
914 4343 1017 4409 Qui
1047 4344 1192 4400 enim
1236 4351 1490 4398 mortuus
1524 4351 1629 4409 est,
1669 4352 1728 4397 ut
1774 4343 1852 4396 ait
1909 4343 2132 4398 divinus

541 4436 857 4506 Apostolus,
892 4451 921 4488 a
955 4444 1180 4506 peccato
1215 4435 1557 4504 justiﬂcatus
1601 4443 1686 4489 est
1717 4445 1767 4489 ιι.
1814 4453 1833 4486 ι
1870 4435 1978 4490 Sed
2008 4441 2132 4504 post

2237 3241 2354 3293 Ούκ
2379 3240 2704 3312 ἐλυμήνατο,
2737 3243 2892 3311 φησὶ,
2921 3244 2988 3312 τῇ
3013 3240 3108 3294 τοῦ
3131 3240 3268 3294 Θεοῦ
3312 3240 3593 3312 φιλοτιμίᾳ
3613 3257 3625 3270 ο
3659 3241 3832 3308 ἔδειξε

2234 3330 2289 3384 δὲ
2318 3331 2519 3401 μᾶλλον
2551 3333 2650 3402 τῆς
2676 3331 3016 3401 ἀγαθότητος
3038 3332 3138 3401 τὴν
3163 3331 3494 3403 ὑπερϐολήν.

2308 3430 2411 3476 κα’.
2445 3424 2581 3478 Ἵνα
2635 3423 2837 3491 ὥσπερ
2863 3423 3270 3477 ἐϐασίλευσεν
3309 3424 3348 3490 ἡ
3376 3424 3630 3492 ἁμαρτία
3657 3423 3727 3478 ἐν
3748 3421 3835 3492 τῷ

2236 3513 2508 3582 θανάτῳ·
2543 3515 2699 3568 οὕτω
2730 3517 2829 3570 καὶ
2886 3517 2924 3583 ἡ
2955 3515 3130 3583 χάρις
3178 3515 3528 3582 βασιλεύσῃ
3583 3514 3680 3570 διὰ
3738 3515 3834 3568 δι-

2236 3606 2590 3672 καιοσύνης,
2625 3606 2714 3670 είς
2745 3602 2899 3672 ζωὴν
2927 3603 3170 3658 αἰώνιον
3193 3603 3292 3658 διὰ
3335 3603 3529 3672 Ἰησοῦ
3561 3604 3830 3673 Χριστοῦ

2234 3697 2342 3751 τοῦ
2374 3685 2594 3767 Κυρίου
2627 3695 2818 3768 ἡμῶν.
2852 3697 3124 3751 Ἐνταῦθα
3179 3697 3572 3769 συνεπλήρωσε
3634 3697 3694 3751 τδ
3741 3715 3838 3752 κε-

2235 3790 2482 3860 φάλαιον.
2515 3789 2771 3844 Διδάσκει
2818 3789 2898 3848 δὲ,
2957 3791 3060 3853 ὅτι,
3090 3788 3345 3858 καθάπερ
3377 3789 3409 3860 ἠ
3449 3789 3718 3860 ἁμαρτία,
3749 3807 3836 3842 τε·

2235 3883 2408 3937 κοῦσα
2429 3880 2521 3933 τὸν
2551 3881 2805 3944 θάνατον,
2848 3883 2906 3932 ἐν
2944 3882 3056 3942 τοῖς
3115 3879 3329 3949 θνητοῖς
3370 3881 3687 3935 ἐόασίλευσε
3719 3885 3834 3939 σώ-
3906 3875 3910 3879 Α

2239 3991 2423 4044 μασιν,
2449 3975 2528 4035 εἰς
2553 3971 2821 4040 ἀμετρίαν
2854 3970 3233 4040 ἐκκαλουμένη
3258 3971 3326 4024 τὰ
3379 3972 3526 4043 πάθη
3553 3989 3567 4002 ’
3596 3972 3768 4038 οὕτως
3798 3977 3832 4048 η

2236 4065 2415 4134 χάρις,
2443 4063 2540 4133 τὴν
2585 4062 2674 4115 διὰ
2733 4061 2972 4126 πίστεως
3005 4062 3351 4134 δικαιοσύνην
3381 4067 3492 4128 τοῖς
3531 4083 3831 4120 πεπιστευ-

2237 4156 2356 4208 κὸσι
2381 4153 2770 4225 δωρησαμένη,
2817 4154 2917 4224 οὐχ
2975 4153 3272 4227 ὁμόχρονον
3314 4155 3428 4226 ἔχει
3473 4160 3540 4228 τῇ
3584 4159 3834 4230 ἁμαρτίᾳ

2235 4245 2332 4314 τὴν
2365 4244 2665 4315 βασιλείαν,
2688 4244 2802 4297 ἀλλ’
2854 4243 3073 4300 αἰώνιόν
3113 4263 3170 4298 τε
3208 4247 3301 4300 καὶ
3340 4247 3717 4320 ἀτελεύτητον.
3763 4251 3833 4304 Ἦ

2239 4337 2339 4408 μὲν
2386 4335 2494 4408 γάρ
2548 4338 2772 4408 ἐκράτει
2811 4338 3104 4407 σωμάτων,
3155 4338 3232 4409 τῷ
3281 4339 3337 4392 δὲ
3371 4342 3579 4394 τούτων
3610 4341 3831 4413 θανάτῳ

2236 4428 2336 4498 τῆς
2364 4422 2639 4498 βασιλείας
2669 4425 2925 4483 ἐπαύετο.
2958 4450 2975 4482 ι
3001 4431 3060 4483 '0
3083 4431 3191 4502 γάρ
3225 4431 3542 4499 ἀποθανὼν,
3565 4433 3706 4487 κατά
3734 4435 3836 4488 τὸν

540 4529 1029 4593 resurrectionem,
1077 4543 1203 4584 eum
1237 4543 1268 4582 a
1323 4529 1682 4598 corruptione
1735 4527 1914 4583 aliena
1946 4535 2001 4582 et
2031 4528 2132 4582 im-

2239 4520 2379 4574 θεῖον
2413 4521 2756 4586 Ἀπὸστολον,
2803 4523 3149 4576 δεδικαίωται
3193 4523 3302 4578 ἀπὸ
3329 4525 3428 4593 τῆς
3471 4525 3765 4597 ἁμαρτίας.
3803 4545 3822 4578 ι

542 4622 793 4676 mortalia
845 4636 1078 4692 corpora
1128 4628 1320 4677 nostra
1373 4619 1602 4685 fuerint,
1647 4621 1904 4690 regnabit
1951 4620 2005 4674 in
2046 4619 2131 4676 eis

540 4714 734 4783 gratia,
757 4723 982 4783 peccato
1009 4713 1224 4767 nullum
1247 4713 1511 4781 deinceps
1536 4712 1716 4766 locum
1739 4711 1843 4782 61
1869 4710 2125 4766 habente.

543 4804 644 4859 Ubi
677 4805 824 4860 enim
876 4803 1328 4872 perturbationes
1379 4803 1551 4856 animi
1611 4803 1979 4868 cessaverint,
2016 4819 2127 4858 non

539 4897 816 4952 eritloeus
847 4903 1096 4966 peccato.
1130 4893 1342 4948 Deinde
1374 4908 1571 4949 rursus
1623 4894 1787 4948 aliam
1840 4910 2129 4964 emergen-

541 4997 646 5043 tem
687 4985 1087 5042 dubitationem
1137 4983 1422 5056 proponit,
1457 4993 1510 5039 et
1555 4983 1706 5039 nullo
1753 4985 1971 5056 negotio
2009 4987 2127 5042 dis~

541 5076 720 5132 sblvit.

1141 5161 1372 5217 CAPUT
1438 5162 1524 5219 Vl.

613 5256 779 5313 Vens.
816 5259 865 5310 1.
901 5255 1038 5320 Quia
1078 5271 1202 5325 ergo
1239 5255 1511 5312 dicemus?
1539 5258 1866 5312 manebimus
1913 5260 1966 5312 in
2010 5277 2129 5328 pec-

539 5357 681 5413 cato,
714 5356 769 5399 ut
804 5345 982 5415 gratia
1026 5344 1300 5400 abundet?
1331 5346 1516 5400 Absit!
1549 5345 1850 5419 Negatione
1875 5365 2039 5420 quam
2075 5349 2129 5404 id

541 5445 616 5494 sit
644 5436 944 5493 absurdum
972 5438 1234 5493 ostendit.
1274 5438 1387 5494 lloc
1429 5447 1610 5495 autem
1661 5441 1846 5511 posuit
1904 5451 2127 5512 propter

542 5529 598 5583 id
626 5529 772 5598 quod
800 5529 912 5598 jam
942 5537 1070 5583 ante
1091 5529 1298 5584 dictum
1321 5542 1424 5594 est,
1457 5551 1474 5582 ι
1506 5530 1609 5586 Ubi
1649 5533 1952 5589 abundavit
1996 5550 2125 5605 pee-

540 5629 744 5685 eatum,
803 5621 1267 5690 superabundavit
1304 5626 1500 5695 gratia.
1544 5644 1561 5677 ι
1630 5623 1752 5680 Non
1811 5626 1890 5680 illi
1940 5635 2123 5684 autem

613 5822 650 5848 ⁸³
691 5814 828 5876 Gen.
857 5833 986 5874 ιιιιί
1009 5862 1024 5891 ,
1059 5821 1114 5878 ί.
1194 5829 1220 5858 ³³
1261 5822 1431 5896 Βυιιι,
1458 5839 1508 5878 vn
1537 5863 1552 5892 ,
1585 5824 1634 5877 7.

2238 4614 2396 4668 Μετά
2423 4614 2479 4668 δέ
2507 4633 2568 4684 γε
2605 4617 2704 4687 τὴν
2732 4617 3052 4682 ἀνάστασιν,
3089 4615 3386 4688 ἀφθάρτων
3417 4635 3475 4671 τε
3509 4621 3604 4693 καὶ
3620 4617 3828 4674 ἀθανά-

2237 4724 2344 4762 των
2373 4708 2480 4762 τῶν
2513 4709 2799 4780 ἡμετέρων
2851 4710 3152 4780 γινομένων
3195 4711 3488 4781 σωμάτων,
3525 4713 3740 4784 ήχάρις
3769 4717 3830 4769 ἐν

2237 4799 2420 4863 αὐτοῖς
2457 4800 2790 4870 βασιλεύσει,
2812 4802 3072 4873 οὐδεμίαν
3095 4801 3284 4856 λοιπὸν
3315 4803 3500 4875 χώραν
3523 4805 3624 4874 τῆς
3647 4807 3831 4877 ἀμαρ-

2235 4894 2358 4956 τίας
2402 4893 2654 4964 ἐχούσης.
2711 4893 2832 4947 Τῶν
2883 4893 2991 4964 γὰρ
3041 4893 3232 4946 παθῶν
3280 4897 3668 4966 πεπαυμένων,
3724 4899 3829 4968 οὐχ

2233 4981 2344 5046 ἕξει
2381 4982 2567 5054 χώραν
2602 4985 2634 5053 ἡ
2668 4983 2933 5054 ἁμαρτία.
2962 4978 3096 5037 Εἶτα
3132 4983 3295 5037 πάλιν
3331 4986 3525 5057 ἑτέραν
3549 4986 3828 5043 ἀντίθεσιν

2231 5075 2655 5130 ἀνακύπτουσαν
2687 5076 2780 5128 καί
2806 5075 3006 5144 τίθησι,
3037 5077 3133 5128 καὶ
3171 5077 3377 5130 διαλύει
3411 5079 3636 5149 ῥᾳδίως.

2770 5166 3164 5222 ΚΕΦΑΛΑΙΟΝ
3202 5170 3291 5235 ς’.

2303 5277 2338 5312 α
2360 5298 2372 5311 .
2409 5259 2470 5313 Τί
2493 5253 2608 5314 οὗν
2640 5258 2932 5328 ἐροῦμεν;
2971 5261 3374 5330 ἐπιμενοῦμεν
3421 5262 3498 5332 τῇ
3545 5265 3822 5334 ἁμαρτίᾳ,

2231 5353 2335 5405 ἵνα
2363 5352 2402 5419 ἡ
2441 5349 2616 5418 χάρις
2669 5350 2986 5420 πλεονάσῃ
3005 5369 3024 5416 ;
3063 5353 3161 5420 Μὴ
3202 5355 3432 5424 γένοιτο
3453 5357 3473 5408 .'
3502 5357 3580 5427 Τῇ
3612 5357 3825 5424 ἀπαγο-

2238 5441 2420 5513 ρεύσει
2447 5442 2509 5494 τὸ
2545 5443 2743 5496 ἄτοπον
2769 5443 2956 5510 ἔδειξε.
2991 5443 3214 5498 Τέθεικε
3241 5446 3297 5499 δὲ
3330 5447 3490 5500 τοῦτο
3514 5447 3601 5501 διὰ
3624 5447 3682 5500 τὸ
3719 5447 3823 5516 ἤδη

2236 5533 2676 5606 προειρημένονσ
2746 5555 2765 5588 ι
2823 5536 3000 5590 Ὅπου
3057 5537 3384 5594 ἐπλεόνασεν
3445 5543 3477 5611 ἡ
3535 5540 3820 5612 ἁμαρτία,

2240 5628 2775 5699 ὑπερεπερίσσευσεν
2799 5631 2832 5698 ἡ
2865 5631 3047 5702 χάρις.
3078 5651 3095 5682 ι
3130 5631 3244 5685 Οὐκ
3271 5632 3516 5703 ἠρκέσθη
3546 5633 3822 5705 μέντοιτῇ
