4124 6400
550 420 652 489 1οἾ

1531 421 2019 483 THEODORETI
2057 419 2395 481 EPISCOPI
2435 417 2797 481 CYRENSIS

3696 416 3809 481 108

549 551 670 592 esse
703 543 970 601 mortuos,
1004 538 1327 604 exspectare
1382 540 1562 589 autem
1640 535 2120 592 resurrectionem.

2237 536 2341 609 τὲᾳ,
2372 537 2700 609 προσμένειν
2756 533 2813 587 δὲ
2876 531 2971 601 τξν
3027 529 3342 585 ἀνάστασιν.
3393 526 3525 585 Εἶτα
3557 528 3715 588 πάλιν
3748 532 3815 587 τὸ

551 626 754 681 Deinde
794 641 986 681 rursus
1024 625 1175 695 ponit
1215 626 1545 696 exemplum.

479 705 485 713 ’
602 716 767 771 Vens.
791 714 845 775 9.
872 715 953 772 It).
976 712 1207 770 Scientes
1229 714 1367 783 quod
1388 713 1631 768 Christus
1650 732 1921 786 resurgens
1940 733 1971 769 a
1988 731 2130 768 mor-

554 808 653 861 tuis
675 807 783 877 63
792 807 910 877 jam
934 822 1037 861 non
1060 806 1307 869 moritur,
1333 820 1475 859 mors
1499 806 1580 859 illi
1601 805 1746 860 ultra
1771 823 1872 861 non
1893 806 2129 861 domina-

551 908 659 952 tur.
682 899 837 965 Quod
869 898 1009 952 enim
1040 906 1285 952 mortuus
1313 906 1411 958 est,
1432 906 1644 965 peccato
1672 908 1912 953 mortuus
1939 906 2018 952 est
2047 913 2130 952 se-

504 1050 529 1061 ι,
551 988 687 1053 mel;
712 989 851 1059 quod
869 997 1043 1041 autem
1070 988 1214 1051 vivit,
1236 988 1356 1041 vivit
1384 986 1512 1041 Deo.
1541 986 1687 1043 Satis
1709 1004 1806 1059 per
1830 990 1945 1044 lucc
1965 988 2130 1044 verba

546 1079 734 1134 docuit
780 1079 926 1149 quod
989 1094 1083 1134 eos
1132 1079 1224 1149 qui
1277 1078 1628 1134 crediderunt
1664 1081 1794 1135 velit
1841 1096 1870 1134 a
1906 1087 2131 1150 peccato

547 1168 839 1224 abducere.
900 1168 1101 1233 Semel,
1158 1169 1358 1238 inquit,
1414 1180 1665 1227 mortuus
1715 1181 1799 1228 est
1850 1171 2130 1238 Christus,

470 1332 473 1333 ν
546 1277 650 1318 nec
677 1273 735 1317 ut
768 1263 851 1317 bis
892 1263 1157 1317 moriatur
1190 1263 1306 1318 ﬁeri
1348 1273 1563 1334 potest:
1597 1263 1759 1318 habet
1803 1263 1949 1318 enim
1983 1278 2134 1318 nunc

550 1369 749 1425 corpus
776 1355 1107 1420 immortale,
1139 1362 1192 1410 et
1220 1355 1344 1411 ideo
1384 1371 1553 1410 unum
1587 1354 1752 1410 etiam
1790 1354 2125 1424 baptismum

550 1462 742 1501 omnes
782 1446 1140 1517 percipimus.
1174 1445 1253 1503 Ne
1282 1447 1445 1501 aliam
1483 1462 1614 1518 ergo
1663 1460 1763 1516 per
1795 1446 2131 1516 baptismum

556 1537 943 1593 remissionem
977 1544 1285 1607 exspectes.
1316 1536 1553 1593 Pulchre
1588 1543 1768 1591 autem
1805 1535 1984 1591 dixit‘
2005 1549 2132 1591 eum

557 1638 835 1686 mortuum
884 1644 1009 1685 esse
1052 1636 1303 1700 peccato.
1358 1628 1477 1684 Non
1517 1636 1637 1685 erat
1666 1629 1811 1684 enim
1842 1628 2005 1683 morti
2036 1628 2132 1684 oh-

555 1720 788 1788 noxius;
822 1728 1105 1790 peccatum
1155 1720 1301 1776 enim
1348 1734 1457 1774 non
1494 1719 1702 1775 fecerat
1732 1736 1746 1773 :
1783 1717 1881 1774 sed
1910 1727 2134 1789 propter

561 1822 812 1871 nostrum
851 1821 1136 1884 peccatum
1174 1820 1404 1868 mortem
1444 1812 1709 1868 subierat.

627 1903 794 1961 Vens.
823 1902 911 1956 Η.
947 1901 1035 1956 Ita
1077 1909 1126 1955 et
1159 1916 1247 1956 vos
1304 1901 1602 1956 existimate
1650 1916 1739 1955 vos
1787 1916 1898 1955 esse
1922 1900 2132 1970 quidem
2167 1884 2207 1939 Β

550 2001 764 2062 peccato
789 2003 1051 2059 mortuos,
1077 1994 1300 2047 viventes
1321 2003 1495 2047 autem
1524 1991 1631 2046 Deo
1658 1993 1712 2045 in
1739 1989 1951 2047 Christo
1979 1992 2132 2047 Jesu.

556 2088 616 2140 Et
646 2103 740 2142 vos
772 2087 957 2157 itaque
990 2086 1046 2140 in
1083 2085 1294 2155 peccati
1330 2084 1549 2155 quidem
1571 2084 1892 2154 operatione
1913 2092 2129 2140 mortua

552 2195 676 2237 esse
720 2179 966 2235 membra
1005 2185 1190 2233 vestra
1216 2176 1494 2233 ostendite
1539 2194 1554 2231 :
1602 2177 1771 2232 vitam
1817 2184 2001 2232 autem
2040 2193 2132 2234 se-

553 2270 795 2325 eundum
827 2268 1108 2324 Christum
1148 2266 1566 2338 amplectimini,
1619 2282 1718 2338 per
1764 2283 1930 2338 quam
1962 2269 2132 2324 vitam

556 2360 922 2416 immortalem
956 2358 1390 2429 consequemini.
1422 2356 1650 2428 Oportet
1677 2360 1860 2429 itaque
1886 2376 1987 2417 nos
2009 2360 2135 2416 huic

555 2450 821 2505 doctrina:
860 2459 1100 2505 mentem
1142 2448 1432 2511 adhibere,
1464 2456 1520 2506 et
1552 2451 1762 2521 peccati
1795 2450 2017 2521 quidem
2048 2452 2135 2507 in-

555 2545 729 2602 sidias
761 2546 973 2616 fugere,
1021 2544 1303 2600 Christum
1363 2553 1568 2608 autem,
1605 2545 1697 2615 qui
1732 2560 1836 2600 nos
1877 2546 2135 2608 servavit,

554 2636 623 2690 ad
652 2637 925 2692 auxilium
965 2651 1195 2691 vocare.
1218 2634 1509 2692 lnvocatus
1539 2636 1685 2691 enim
1714 2645 1915 2707 praesto
1942 2635 2136 2703 aderit,

552 2736 608 2783 et
629 2743 785 2784 suam
817 2728 984 2785 nobis
1014 2743 1171 2799 opem
1205 2727 1467 2799 praebebit
1497 2746 1511 2782 :
1540 2741 1666 2783 cum
1693 2742 1804 2797 quo
1834 2726 1979 2783 Patri
2010 2742 2138 2783 cum

559 2826 753 2877 sancto
800 2818 1008 2891 Spiritu
1058 2820 1234 2891 gloria
1284 2819 1567 2883 convenit,
1596 2828 1650 2873 et
1679 2818 1963 2889 maiestas,
1989 2832 2138 2874 nunc

549 2921 606 2967 et
634 2926 872 2984 semper,
901 2919 951 2967 ct
986 2911 1042 2965 in
1075 2910 1272 2967 saecula
1313 2910 1667 2967 saeculorum.
1693 2909 1886 2965 Amen.

1047 3155 1286 3213 TOMUS
1316 3156 1641 3214 TERTIUS.

632 3266 795 3325 Vsus.
828 3268 913 3323 12,
947 3267 1030 3323 Ne
1058 3285 1179 3340 ergo
1213 3276 1388 3341 regnet
1430 3279 1701 3338 peccatum
1732 3270 1785 3323 in
1811 3269 2029 3325 mortali
2055 3285 2139 3324 rs-

557 3369 669 3416 stro
697 3376 934 3429 corpore,
963 3369 1020 3413 ut
1047 3359 1304 3415 obediatis
1342 3361 1774 3431 concupiscentiis
1812 3361 1948 3431 ejus.

636 3451 887 3523 Regnum
925 3453 977 3506 in
1012 3453 1117 3508 hoc
1168 3450 1353 3507 diﬂcrt
1397 3451 1511 3525 6η.
1559 3467 1589 3507 a
1631 3454 1943 3525 tyrannide,
1992 3452 2140 3524 quod

557 3544 790 3599 exsistat
822 3542 1044 3613 quidem
1079 3545 1330 3614 tyrannis
1365 3543 1555 3600 invitis
1587 3545 1875 3616 subjectis,
1907 3561 2139 3617 regnum

562 3644 767 3699 autem,
816 3635 886 3691 iis
937 3634 1252 3691 volentibus
1300 3634 1506 3705 quibus
1554 3636 1878 3706 imperatur.
1935 3636 2142 3692 Suadct

555 3738 689 3795 ergo
720 3739 789 3778 ne
833 3725 1044 3795 peccati
1095 3722 1396 3779 dominatui
1447 3727 1687 3796 amplius
1721 3728 2089 3783 assentiamur
2123 3746 2137 3782 :

558 3813 825 3871 Dominus
838 3813 1006 3882 enim,
1024 3813 1264 3870 humana
1289 3829 1457 3872 carne
1478 3825 1760 3889 suscepta,
1776 3819 1895 3889 ejus
1911 3834 2139 3892 regnum

555 3908 795 3973 evertit,
841 3915 938 3973 et,
972 3914 1028 3963 ut
1071 3907 1169 3978 qui
1214 3910 1548 3966 mortalibus
1594 3919 1651 3967 et
1692 3912 1872 3967 adhuc
1917 3914 2142 3984 patibile

556 4012 761 4069 corpus
823 3998 1156 4054 habentibus
1194 3999 1341 4069 leges
1388 3999 1594 4067 ferret,
1640 4018 1704 4058 ea
1751 4004 1966 4071 statuit,
2018 4019 2141 4072 qua

563 4090 778 4145 illorum
800 4090 1166 4147 imbecillitati
1187 4100 1519 4161 congruant,
1550 4101 1605 4148 et
1633 4109 1744 4149 non
1774 4094 1934 4161 dicit,
1959 4110 2028 4150 ue
2053 4102 2138 4165 ty-

559 4180 849 4239 rannidem
889 4190 1144 4238 exerceat
1171 4191 1483 4253 peccatum,
1516 4185 1612 4241 sed
1665 4202 1728 4240 ne
1765 4197 1961 4255 regnet.
1998 4185 2140 4241 Illud

555 4270 703 4324 enim
734 4270 882 4326 illius
920 4279 1005 4326 est
1031 4274 1341 4344 proprium.
1374 4274 1479 4330 hoc
1512 4291 1642 4331 vero
1683 4284 1887 4332 nostrae
1914 4276 2137 4333 mentis.

557 4364 742 4419 Animi
768 4365 914 4423 enim
940 4367 1415 4436 perturbationum
1445 4379 1631 4423 motus
1658 4378 1715 4424 ct
1744 4368 1959 4424 vexatio
1997 4368 2141 4424 inest

561 4456 720 4512 nobis
773 4464 1001 4523 natura;
1034 4472 1226 4514 eorum
1277 4467 1461 4517 autem
1517 4475 1638 4530 qua:
1683 4460 1958 4532 prohibita
2009 4467 2140 4517 sunt

2234 628 2585 698 παράδειγμα
2610 625 2845 696 τίθησιν.

2304 718 2370 782 θ’,
2404 725 2456 772 ι’.
2489 717 2732 782 Είδότες
2770 714 2860 769 ὅτι
2891 715 3146 783 Χριστὸς
3160 712 3424 782 ἐγερθεὶς
3459 713 3528 767 ἐκ
3559 714 3813 781 νεκρῶν,

2231 808 2429 863 οὐκέτι
2444 808 2835 873 ἀποθνήσκει,
2853 806 3105 871 θάνατος
3120 805 3307 860 αὐτοῦ
3323 803 3520 859 οὐκέτι
3531 807 3814 873 κυριεύει.

2237 901 2307 953 '0
2335 898 2448 968 γὰρ
2475 897 2757 960 ἀπέθανε,
2790 896 2862 964 τῇ
2892 897 3148 966 ἁμαρτίᾳ
3182 893 3485 949 ἀπέθανεν
3535 894 3777 964 ἐφάπαξ
3799 911 3811 923 ·

2232 990 2264 1046 ὃ
2295 990 2363 1044 δὲ
2389 988 2480 1059 ζῇ,
2509 986 2577 1057 ζῇ
2625 987 2705 1054 τῷ
2758 986 2899 1053 Θεῷ.
2945 986 3169 1052 Ἱκανῶς
3209 986 3298 1040 διὰ
3353 986 3559 1041 τούτων
3605 984 3816 1051 ἐδίδαξε

2231 1080 2339 1136 τῶν
2370 1081 2652 1153 ῥημάτων,
2688 1080 2783 1149 τῆς
2831 1079 3102 1149 ἁμαρτίας
3145 1076 3456 1147 ἀποστῆσαι
3496 1078 3622 1139 τοὺς
3654 1094 3819 1129 πεπι-

2235 1173 2533 1236 στευκότας
2588 1171 2935 1242 βουλόμενος.
2968 1169 3174 1235 Ἀπαξ,
3242 1170 3432 1241 φησὶν,
3477 1169 3749 1222 ἀπέθανεν
3788 1170 3822 1222 ὁ

2233 1263 2487 1334 Χριστὸς,
2512 1263 2605 1317 κα)⁵
2656 1263 2736 1326 δὶς
2795 1261 2957 1315 αὑτὸν
3006 1261 3297 1316 ἀποθανεῖν
3344 1258 3455 1314 τῶν
3500 1259 3816 1314 ἀδυνάτων*

2233 1356 2499 1410 ἀθάνατον
2528 1355 2635 1427 γάρ
2663 1353 2757 1409 νῦν
2816 1354 2928 1425 ἔχει
2974 1353 3036 1406 τὸ
3067 1352 3246 1423 σῶμα.
3281 1353 3381 1406 Διά
3416 1369 3501 1405 τοι
3536 1350 3696 1404 τοῦτο
3718 1350 3819 1404 καὶ

2233 1449 2354 1512 ἑνὸς
2419 1448 2791 1519 βαπτίσματος
2831 1445 3069 1508 ἅπαντες
3114 1444 3479 1514 ἀπολαύομεν.
3514 1443 3607 1514 Μὴ
3636 1443 3822 1496 τοίνυν

2235 1539 2430 1609 ἑτέραν
2464 1536 2765 1608 ἀναμείνῃς
2794 1535 2884 1589 διὰ
2906 1534 3001 1588 τοῦ
3051 1534 3428 1605 βαπτίσματος
3454 1534 3670 1601 ﬁssam.
3706 1535 3822 1587 Ka-

2231 1630 2342 1695 λῶς
2369 1629 2427 1684 δὲ
2449 1630 2515 1700 τῇ
2546 1627 2790 1699 ἁμαρτίᾳ
2835 1626 2998 1681 αὑτὸν
3021 1625 3124 1694 ἔφη
3170 1624 3443 1678 τεθνάναι.
3475 1624 3550 1676 Οὐ
3580 1623 3691 1695 γὰρ
3714 1624 3823 1676 ὺπ-

2234 1721 2414 1775 έκειτο
2465 1718 2716 1787 θανάτῳ·
2757 1715 3034 1786 ἁμαρτίαν
3070 1712 3180 1784 γὰρ
3212 1713 3314 1767 οὐκ
3348 1712 3638 1782 ἐποίησεν·
3680 1708 3823 1764 ἀλλά

2234 1812 2325 1867 διά
2343 1810 2443 1883 τὴν
2467 1808 2742 1880 ἡμετέραν
2789 1807 3066 1877 ἁμαρτίαν
3091 1805 3184 1858 τὸν
3214 1804 3442 1858 θάνατον
3471 1801 3821 1865 κατεδέξατο.

2310 1908 2400 1956 ια’.
2437 1901 2602 1954 Οὕτω
2631 1898 2731 1952 καί
2753 1897 2922 1967 ὑμεῖς
2951 1895 3260 1964 λογίζεσθε
3288 1894 3539 1961 ἑαυτοὺς
3565 1894 3824 1962 νεκροὺς

2228 1993 2346 2064 μὲν
2362 1988 2515 2048 εἶναι
2546 1990 2619 2058 τῇ
2641 1989 2913 2060 ἁμαρτίᾳ,
2933 1987 3153 2052 ζῶντας
3174 1987 3243 2040 δὲ
3260 1985 3341 2053 τῷ
3354 1984 3477 2050 Θεῷ
3493 1986 3565 2040 ἐν
3588 1984 3827 2054 Χριστῷ

2248 2081 2472 2149 Ἰησοῦ.
2507 2079 2619 2133 Καὶ
2673 2080 2830 2148 ὑμεῖς
2889 2076 3091 2141 τοίνυν,
3140 2079 3209 2146 τῇ
3264 2077 3363 2146 μὲν
3420 2074 3673 2145 ἐνεργείᾳ
3719 2075 3824 2144 τῆς

2237 2173 2511 2245 ἁμαρτίας
2543 2171 2711 2243 νεκρὰ
2737 2169 2949 2237 δείξατε
2962 2168 3030 2222 ea
3045 2168 3288 2240 ὑμέτερα
3306 2166 3467 2238 μέλη,
3482 2166 3581 2239 τὴν
3597 2165 3654 2219 δὲ
3675 2168 3826 2219 κατὰ

2234 2264 2472 2336 Χριστὸν
2497 2261 2818 2317 ἀσπάσασθε
2847 2258 3053 2330 βιοτὴν,
3072 2259 3138 2312 δι’
3166 2252 3236 2328 ἧς
3264 2255 3519 2321 τεύξεσθε
3564 2254 3663 2325 τῆς
3683 2253 3825 2308 ἀθαο

2236 2357 2396 2410 νάτου
2430 2354 2597 2425 ζωῆς.
2630 2352 2817 2423 Ταύτῃ
2842 2352 3132 2423 προσέχειν
3167 2350 3413 2410 ἅπαντας
3440 2348 3590 2418 ἡμᾶς
3637 2348 3705 2416 τῇ
3743 2344 3826 2399 δι-

2235 2447 2503 2518 δασκαλίᾳ
2528 2447 2816 2517 προσήκει,
2860 2444 2954 2497 καὶ
2997 2441 3222 2511 φεύγειν
3249 2440 3351 2511 μὲν
3373 2438 3472 2503 τὰς
3496 2439 3596 2508 τῆς
3635 2435 3825 2509 ἀμαρ-

2236 2535 2358 2598 τίας
2388 2532 2705 2596 επιϐουλὰς,
2759 2532 2948 2586 καλεῖν
2973 2532 3030 2585 δὲ
3061 2532 3140 2594 είς
3184 2529 3508 2601 ἐπικουρίαν
3541 2528 3827 2582 σεσωκότα

2238 2625 2493 2696 Χριστόν.
2538 2626 2915 2693 Ἐπιφανείται
2955 2622 3067 2693 γὰρ
3109 2621 3465 2692 καλούμενος,
3494 2621 3590 2675 καὶ
3614 2620 3714 2691 τὴν
3746 2621 3827 2674 οι·-

2239 2717 2394 2771 κείαν
2421 2718 2553 2787 ἡμῖν
2617 2716 2795 2785 ὀρέξει
2850 2716 3058 2787 ῥοπήν
3113 2714 3231 2785 μεθ’
3276 2709 3338 2768 οὗ
3382 2712 3461 2784 τῷ
3500 2712 3676 2783 Πατρὶ
3722 2713 3827 2766 σὺν

2237 2808 2317 2879 τῷ
2339 2806 2591 2878 παναγίῳ
2620 2806 2903 2877 Πνεύματι
2940 2807 3067 2873 δόξα
3099 2806 3299 2878 πρέπει
3350 2805 3445 2859 καὶ
3476 2803 3827 2876 μεγαλοπρέ-

2239 2917 2394 2965 πεια,
2455 2898 2549 2954 νῦν
2611 2900 2707 2953 καὶ
2752 2897 2843 2952 ἀεὶ
2888 2900 2968 2962 είς
3016 2900 3145 2962 τοὺς
3203 2895 3405 2961 αίῶνας
3439 2895 3550 2951 τῶν
3578 2893 3825 2950 αἰώνων.

2239 2990 2437 3064 ’Δμήν.

2762 3167 2995 3223 ΤΟΜΟΣ
3050 3168 3314 3222 ΤΡΙΤΟΣ.

2314 3280 2401 3353 ιβ’.
2429 3282 2525 3351 Μὴ
2542 3276 2656 3337 οὖν
2676 3280 3057 3347 βασιλευέτω
3089 3285 3125 3351 ἠ
3153 3282 3406 3351 ἁμαρτία
3433 3281 3503 3335 ἐν
3522 3276 3600 3346 τῷ
3628 3281 3831 3348 θνητῷ

2239 3372 2411 3443 ὑμῶν
2431 3372 2676 3442 σώματι,
2700 3374 2788 3438 είς
2814 3371 2882 3426 τὸ
2900 3373 3230 3427 ὑπακούειν
3262 3370 3416 3440 αὐτῇ
3444 3372 3514 3426 ἐν
3543 3371 3672 3437 ταῖς
3691 3371 3826 3425 ἐπιο

2241 3466 2485 3538 θυμίαις
2514 3464 2703 3533 αὐτῆς
2758 3464 2826 3518 δ’.
2880 3465 3140 3520 Βασιλεία
3212 3465 3525 3539 τυραννίδος
3575 3463 3827 3535 διαφέρει

2240 3557 2435 3630 ταύτῃ,
2464 3556 2540 3627 τῷ
2574 3555 2672 3628 τὴν
2711 3556 2807 3627 μὲν
2835 3556 3129 3629 τυραννίδα
3164 3556 3405 3610 ἀκόντων
3433 3554 3679 3624 γίνεσθαι
3708 3555 3826 3609 τῶν

2242 3650 2519 3723 ὑπηκόων,
2550 3650 2651 3721 τὴν
2701 3649 2761 3703 δὲ
2816 3648 3095 3719 βασιλείαν
3151 3649 3490 3720 βουλομένων
3521 3648 3632 3702 τῶν
3662 3649 3828 3721 ἀρχο-

2244 3749 2438 3821 μένων.
2472 3748 2738 3818 Παραινεϊ
2751 3745 2951 3813 τοίνυν,
2979 3743 3481 3815 μηκέτιδυναστείᾳ
3504 3743 3602 3811 τῆς
3634 3742 3822 3811 ἀμαρ-

2238 3839 2362 3902 τίας
2416 3836 2800 3893 συντίθεσθαι·
2858 3834 3121 3889 κατέλυσε
3182 3832 3292 3905 γὰρ
3326 3831 3494 3903 αὐτῆς
3531 3830 3628 3902 τὴν
3672 3830 3825 3901 βασι-

2239 3926 2391 3980 λείαν
2416 3927 2444 3980 ό
2474 3925 2752 3993 Δεσπότης
2774 3923 3202 3994 ὲνανθρωπήσας
3225 3938 3238 3951 ’
3271 3920 3364 3975 καὶ
3391 3921 3485 3975 ἅτε
3510 3919 3575 3991 δὴ
3605 3919 3825 3987 θνητοῖς

2240 4018 2320 4071 ἔτι
2349 4017 2441 4069 καὶ
2471 4013 2711 4086 παθητὸν
2742 4013 2926 4085 έχουσι
2954 4015 3113 4086 σῶμα
3153 4010 3481 4084 νομοθετῶν,
3530 4011 3826 4083 σύμμετρα

2239 4110 2307 4178 τῇ
2331 4107 2585 4179 ἀσθενείᾳ
2609 4107 2908 4178 νομοθετεῖ.
2943 4106 3056 4160 Καὶ
3084 4105 3145 4160 οὐ
3173 4090 3345 4175 λέγει,
3369 4105 3463 4176 Μὴ
3484 4103 3824 4175 τυραννείτω

2246 4197 2279 4266 ἡ
2307 4196 2575 4265 ἁμαρτία,
2594 4194 2753 4260 ἀλλά,
2772 4194 2870 4265 Μὴ
2898 4194 3298 4261 βασιλευέτω.
3331 4195 3405 4249 Τὸ
3437 4195 3535 4266 μὲν
3552 4195 3658 4265 γὰρ
3686 4194 3822 4248 ἴδιον

2242 4286 2478 4355 ἐκείνης,
2519 4287 2581 4340 τὸ
2631 4287 2688 4340 δὲ
2731 4287 2832 4358 τῆς
2890 4287 3166 4360 ἡμετέρας
3205 4286 3450 4358 γνώμης.
3501 4288 3563 4341 Ἦ
3592 4287 3825 4358 μὲνγὰρ

2238 4376 2348 4431 τῶν
2382 4376 2722 4450 παθημάτων
2782 4379 2997 4450 κίνησίς
3050 4397 3110 4433 τε
3163 4380 3257 4434 καὶ
3285 4380 3566 4451 ἐνόχλησις
3591 4380 3637 4412 ⁸⁸
3676 4383 3825 4434 κατὰ

2242 4466 2402 4536 φύσιν
2432 4469 2563 4537 ἡμῖν
2594 4468 2866 4537 ἐγγίνεται
2887 4486 2901 4500 ο
2924 4469 3033 4522 τῶν
3063 4469 3119 4523 δὲ
3138 4469 3524 4541 ἀπειρημένων
3554 4472 3588 4542 η
3620 4469 3823 4541 πρᾶξις

559 4548 706 4604 actio
741 4562 769 4601 a
798 4555 986 4604 nostra
1017 4561 1199 4608 mente
1233 4552 1456 4623 pendet.
1483 4550 1738 4607 Ostendit
1761 4558 1942 4606 autem
1969 4552 2135 4607 etiam

2246 4560 2343 4628 τῆς
2373 4557 2599 4630 γνώμης
2630 4559 2945 4631 ἐξήρτηται.
2986 4560 3197 4628 Ἔδειξε
3221 4560 3277 4613 δὲ
3314 4562 3409 4615 καὶ
3440 4560 3534 4615 τοῦ
3578 4561 3822 4632 πολέμου

555 4640 757 4696 bellum
778 4654 888 4695 non
905 4641 1231 4698 diuturnum
1263 4642 1536 4707 futurum,
1561 4656 1761 4712 corpus
1783 4642 2011 4698 mortale
2039 4656 2136 4712 ap-

557 4731 786 4802 pellans.
821 4730 935 4788 Hoc
962 4733 1109 4788 enim
1146 4732 1238 4788 ubi
1273 4732 1474 4788 mortis
1505 4732 1804 4787 terminum
1839 4731 2132 4802 acceperit,

555 4831 739 4878 cessat
769 4823 936 4878 etiam
973 4823 1144 4877 animi
1175 4823 1653 4893 perturbationum
1687 4822 1950 4879 insultus.
1973 4821 2135 4879 lubet

555 4928 688 4985 ergo
725 4930 827 4971 nos
870 4929 982 4970 non
1014 4914 1241 4984 quidem
1276 4915 1470 4972 tollere
1508 4915 1720 4986 peccati
1753 4916 2126 4987 tyrannidem,

556 5004 655 5064 sed
675 5006 726 5063 ei
749 5021 858 5062 non
879 5005 1075 5062 cedere
1098 5005 1393 5064 immodice
1423 5007 1745 5063 accendenti
1768 5009 2133 5079 appetitiones
2175 5048 2183 5054 -

557 5102 574 5122 ⁹
588 5099 863 5168 corporis.

625 5191 646 5214 ‘
675 5187 839 5244 Vm.
872 5189 961 5244 13.
997 5186 1178 5256 Neque
1206 5188 1494 5245 exhibeatis
1523 5192 1757 5245 membra
1785 5200 1956 5247 uestra
1985 5210 2137 5249 arma

556 5278 856 5348 iniquitatis
887 5288 1121 5348 peccato.
1161 5279 1297 5335 Cum
1335 5282 1491 5353 regni
1523 5284 1860 5341 mentionem
1892 5284 2135 5353 fecisset,

557 5368 683 5439 ejus
701 5383 924 5440 quoque
954 5378 1289 5435 armaturam
1328 5385 1698 5446 congruenter
1730 5377 1998 5445 ostendit,
2038 5395 2136 5451 pa-

558 5458 854 5530 randalque
893 5460 1138 5517 victoria:
1191 5463 1461 5520 rationem
1525 5480 1631 5522 nos
1685 5465 1896 5523 docuit.
1951 5468 2135 5526 Armis

556 5552 703 5606 enim
734 5560 1031 5621 peccatum.
1052 5555 1257 5611 nostris
1286 5558 1554 5615 adversus
1590 5573 1693 5616 nos
1721 5559 1986 5618 membris
2021 5560 2132 5615 uti-

2243 4652 2307 4703 τὸ
2356 4652 2716 4723 πρόσκαιρον,
2773 4654 2968 4725 θνητὸν
3023 4653 3083 4708 τὸ
3134 4653 3293 4724 σῶμα
3347 4655 3823 4726 προσαγορεύσας.

2245 4742 2449 4797 Τούτου
2480 4745 2588 4815 γὰρ
2615 4744 2909 4815 δεξαμένου
2940 4746 3035 4800 τοῦ
3080 4745 3312 4816 θανάτου
3351 4746 3442 4800 τὸν
3469 4747 3614 4817 ὅρον,
3647 4745 3824 4799 παύει

2242 4853 2332 4892 ται
2363 4836 2458 4892 καὶ⁵
2485 4837 2595 4891 τῶν
2623 4835 2964 4909 μαθημάτων
2994 4840 3028 4910 η
3056 4837 3351 4911 προσϐολή.
3385 4838 3610 4893 Κελεύει
3641 4838 3823 4891 τοίνυν

2243 4931 2396 5001 ἡμῖν,
2423 4930 2484 4982 οὐ
2516 4929 2713 4984 παύειν
2757 4929 2858 5001 τῆς
2906 4931 3182 5004 ἁμαρτίας
3216 4933 3315 5002 τὴν
3344 4931 3652 5001 τυραννίδα,
3684 4930 3823 4985 ἀλλὰ
3890 4950 3895 4954 ’

2245 5020 2319 5091 μὴ
2344 5020 2641 5075 ὑπακούειν
2671 5023 2806 5093 αὐτῇ
2842 5022 3095 5095 ἀμέτρως
3133 5023 3442 5098 ἐξαπτούσῃ
3473 5023 3572 5087 τὰς
3611 5023 3820 5095 ὀρέξεις

2240 5110 2334 5165 τοῦ
2357 5110 2628 5181 σώματος.

2316 5208 2404 5271 ιγ’.
2439 5201 2606 5270 Μηδὲ
2667 5205 3064 5271 παριστάνετε
3130 5207 3200 5261 τὰ
3238 5206 3395 5276 μέλη
3452 5206 3620 5277 ὑμῶν
3661 5207 3821 5261 ὅπλα

2239 5294 2478 5360 ἀδικίας
2505 5293 2577 5364 τῇ
2603 5297 2876 5365 ἁμαρτίᾳ.
2903 5298 3189 5362 Βασιλείας
3223 5300 3625 5371 μνημονεύσας,
3646 5302 3819 5369 ἀναγ-

2241 5386 2413 5449 καίως
2439 5387 2532 5439 καὶ
2557 5385 2657 5457 τὴν
2673 5386 2878 5459 ταύτης
2936 5388 3101 5454 ἔδειξε
3128 5392 3450 5456 πανοπλίαν,
3483 5392 3578 5446 καὶ
3609 5392 3698 5445 τὸν
3722 5396 3822 5462 τῆς

2238 5475 2395 5547 νίκης
2420 5478 2569 5547 ἡμᾶς
2598 5476 2946 5542 ὲξεπαίδευσε
3000 5481 3220 5551 τρόπον.
3254 5483 3480 5548 Ὄπλοις
3533 5484 3644 5555 γὰρ
3697 5485 3820 5538 καθ’

2237 5566 2711 5641 ἠμῶνὴάμαρτία
2767 5574 2879 5635 τοῖς
2936 5572 3223 5645 ἡμετέροις
3264 5574 3526 5648 κέχρηται
3573 5574 3815 5646 μέλεσιν.

1866 5722 2102 5784 νΛῐὶΙῶ
2145 5724 2547 5784 ιεστιυκεδ.

596 5808 599 5813 ’
628 5810 673 5844 δ’
695 5809 736 5864 Β
757 5812 952 5867 αὐτῶν.
1058 5815 1104 5847 ⁸⁸
1132 5812 1360 5870 0Ecum.
1394 5810 1636 5884 ὄχλησιςο
