4124 6394
481 404 573 475 ill

1446 399 1937 463 THEODORETI
1973 395 2314 459 EPISCOPI
2352 396 2720 458 CYRENSIS

3658 397 3762 467 112

481 524 747 591 ostendit,
773 529 831 581 et
875 537 1042 596 quam
1079 520 1189 578 hoc
1234 518 1286 577 ei
1317 518 1391 576 sit
1421 528 1641 592 gratum
1683 519 1924 590 aperuit,
1958 515 2073 572 Deo

2182 512 2371 581 ἔδειξε,
2417 515 2511 568 καὶ
2554 513 2655 585 τὴν
2688 514 2782 567 ἐπὶ
2811 512 2984 586 ταύτῃ
3022 511 3292 587 θυμηδίαν
3339 514 3654 587 ἐγύμνωσε,
3680 514 3763 586 τῷ

482 616 701 675 laudem
737 612 996 672 offerens.
1028 611 1213 668 Eratis
1264 611 1437 677 enim,
1489 609 1693 681 inquit,
1743 608 1893 666 servi
1939 622 2068 678 pec-

482 711 587 766 cati
612 727 627 768 :
664 708 840 764 libera
867 714 1051 761 autem
1077 704 1248 760 animi
1272 703 1557 759 voluntate
1580 702 1732 757 illius
1758 700 2070 757 dominium

481 801 836 868 excussistis,
901 806 957 856 et
1026 794 1373 868 spiritualem
1465 793 1778 850 doctrinam
1837 792 2073 863 amplexi

479 895 641 950 estis.

553 989 721 1046 Vens.
761 987 848 1042 18.
873 984 1112 1040 Liberali
1134 991 1313 1037 autem
1342 998 1375 1035 a
1398 991 1637 1051 peccato,
1660 981 1797 1036 servi
1826 980 1962 1052 facti
1988 995 2073 1034 es-

442 1066 461 1075 "
484 1081 552 1136 tis
569 1079 822 1150 justitiat.
865 1075 1086 1132 Peccati
1110 1074 1441 1131 servitutem
1465 1073 1819 1137 excussistis,
1845 1071 2077 1142 justitiae

482 1181 666 1228 autem
716 1169 915 1241 jugum
971 1167 1247 1224 subiistis.
1280 1165 1427 1223 Fieri
1459 1181 1593 1238 ergo
1636 1180 1747 1221 non
1779 1172 1964 1236 potest
1993 1174 2073 1232 ut,

480 1281 608 1321 cum
642 1264 750 1318 hoc
790 1260 1066 1325 habeatis,
1092 1259 1244 1314 illius
1273 1258 1563 1329 praeceptis
1596 1258 1825 1314 cedatis.

556 1442 724 1500 Vens.
778 1441 866 1499 I9.
920 1439 1228 1495 Humanum
1278 1436 1401 1491 dico
1443 1442 1657 1504 propter
1709 1431 2079 1500 inﬁrmitatem

484 1538 664 1595 carnis
689 1546 895 1592 vestrae.
941 1532 1023 1589 Ad
1073 1539 1291 1588 natura;
1320 1526 1697 1585 conditionem
1733 1521 2078 1579 cohortatio-

487 1646 612 1688 nem
659 1638 986 1698 attempero.
1032 1623 1164 1681 Scio
1186 1622 1333 1679 enim
1357 1635 1480 1691 qua:
1505 1618 1562 1674 in
1591 1614 1813 1673 mortali
1842 1627 2080 1685 corpore

484 1728 779 1778 moventur
811 1716 981 1771 animi
1014 1711 1485 1785 perturbationes.

554 1813 704 1869 Sicut
726 1812 864 1866 enim
890 1806 1206 1863 exlribuistis
1242 1801 1479 1858 membra
1525 1810 1698 1855 vestra
1734 1797 1931 1852 serrire
1979 1796 2080 1848 im-

482 1903 741 1961 mundius
774 1912 822 1957 et
848 1898 1125 1971 iniquitati
1164 1894 1233 1951 ad
1280 1894 1641 1965 iniquitatem,
1671 1891 1749 1945 ita
1774 1903 1912 1943 nunc
1935 1886 2079 1941 exhi-

2182 1894 2336 1948 οὕτω
2372 1893 2492 1949 νῦν
2529 1894 2966 1963 παραστήσατε
2997 1896 3070 1950 τὰ
3102 1896 3259 1964 μέλη
3283 1895 3450 1965 ὑμῶν
3471 1895 3665 1951 δοῦλα
3693 1894 3772 1964 τῆ
3888 1900 3897 1903 ’

483 1998 595 2053 bete
621 1994 855 2050 membra
881 2000 1056 2047 vestra
1084 1988 1278 2045 servire
1312 1984 1546 2056 justitia:
1573 1981 1643 2037 ad
1687 1978 2077 2049 sanctiﬁcatio-

483 2106 624 2146 nem.
671 2086 778 2143 Per
820 2084 936 2140 haec
983 2094 1211 2152 quoque
1265 2075 1509 2134 ostendit
1549 2088 1659 2130 non
1703 2087 1829 2129 esse
1869 2083 2077 2140 corpus

482 2182 880 2244 accusandum,
913 2177 1024 2250 67
1059 2174 1156 2232 sed
1184 2180 1447 2240 mentem,
1473 2184 1597 2241 qua:
1631 2166 1768 2223 illud
1796 2166 1942 2221 male
1972 2165 2078 2222 du-

368 2248 373 2263 ’
482 2278 562 2333 cit
586 2282 644 2332 et
671 2272 832 2345 regit.
867 2248 1015 2325 Nihil
1043 2275 1230 2323 autem
1261 2264 1436 2336 exigit
1483 2277 1514 2316 a
1561 2260 1726 2317 nobis
1752 2258 1902 2329 quod
1938 2271 2078 2329 prte-

484 2368 622 2424 stari
668 2380 777 2421 non
826 2361 1038 2433 possit;
1064 2357 1161 2415 sed
1192 2365 1398 2427 atquae
1422 2360 1650 2426 peccato
1694 2350 2074 2418 exhibuimus,

482 2475 550 2517 ea
577 2459 696 2515 sola
720 2455 950 2528 iustitia:
979 2452 1347 2524 praebeamus.
1387 2447 1556 2518 Atqui
1599 2446 1679 2500 illi
1723 2443 1948 2514 quidem
1993 2443 2079 2498 in-

479 2547 865 2623 justajubenti
895 2543 1185 2617 paruimus
1231 2559 1247 2596 :
1298 2538 1430 2594 huic
1471 2546 1655 2591 autem
1684 2534 1730 2590 si
1755 2546 2074 2604 pareamus,

483 2641 807 2702 conciliabit
840 2634 1365 2695 sanctiﬁcationem.

559 2726 847 2785 “238.20.
880 2724 1016 2781 Cum
1047 2723 1189 2780 enim
1223 2721 1361 2778 servi
1419 2718 1608 2775 essetis
1647 2717 1870 2788 peccati,
1925 2716 2080 2773 liberi

486 2824 668 2895 fuistis
693 2820 980 2892 justitiaz.‘
1010 2816 1165 2872 Illius
1195 2815 1344 2870 enim
1395 2812 1573 2868 solius
1607 2808 1764 2880 jussa
1808 2808 2078 2878 impleba-

485 2919 581 2981 tis,
621 2929 732 2972 non
772 2909 1150 2968 admittebatis
1181 2913 1366 2962 autem
1404 2904 1553 2976 leges
1581 2900 1838 2974 iustitiae.
1873 2899 2081 2958 Deinde

484 3009 652 3066 etiam
680 3003 906 3062 aliunde
944 2999 1193 3061 ostendit
1228 2998 1626 3055 diﬂ'erentiam.

558 3184 834 3242 Vens.21.
865 3182 1033 3250 Quem
1058 3195 1180 3251 ergo
1203 3178 1441 3250 fructum
1467 3174 1731 3233 habuistis
1761 3180 1924 3236 tunc?
1945 3176 2078 3241 Vos,

2178 603 2298 676 Θεῷ
2326 605 2417 658 τὸν
2449 604 2619 677 ὕμνον
2651 607 3059 677 προσενεγκὼν.
3106 609 3296 664 Δοῦλοι
3323 611 3432 684 γὰρ
3455 605 3574 683 ἦτε,
3606 610 3763 681 φησι,

2172 698 2274 767 τῆς
2301 697 2601 768 ἁμαρτίας,
2630 698 2942 771 αὐθαιρέτῳ
2973 700 3030 755 δὲ
3052 701 3246 775 γνώμῃ
3277 702 3377 773 τὴν
3397 703 3615 775 ἐκείνης
3645 705 3751 757 ἀπο

2175 787 2465 842 εσείσασθε
2485 787 2825 858 δεσποτείαν,
2856 792 2952 845 καὶ
2972 792 3072 863 τὴν
3103 794 3483 867 πνευματικὴν
3505 794 3765 849 διδασκα-

2174 876 2296 933 λίαν
2320 877 2664 948 ἠσπάσασθε.

2252 978 2344 1042 ιη’.
2411 972 2939 1042 Ἐλευθερωθέντες
2996 975 3065 1029 δὲ
3112 977 3231 1031 ἀπὸ
3285 974 3397 1044 τῆς
3450 977 3742 1046 ἁμαρτίας

2177 1063 2555 1133 ἐδουλώθητε
2618 1064 2694 1132 τῇ
2743 1065 3121 1137 δικαιοσύνῃ.
3181 1070 3291 1140 Τὴν
3342 1070 3441 1139 τῆς
3490 1070 3764 1141 ἁμαρτίας

2178 1156 2544 1212 ἀπεσείσασθε
2579 1158 2846 1225 δουλείαν,
2881 1161 2975 1234 τὸν
3001 1161 3060 1215 δὲ
3092 1161 3192 1231 τῆς
3222 1162 3570 1233 δικαιοσύνης
3601 1162 3767 1232 ζυγὸν

2180 1248 2559 1319 ύπεισήλθετε.
2582 1250 2694 1320 Ούχ
2722 1244 2836 1304 οἷόν
2861 1268 2921 1304 τε
2946 1252 3127 1305 τοίνυν
3158 1253 3304 1323 ὑμᾶς
3330 1251 3519 1307 τοῦτον
3541 1253 3764 1325 ἔχοντας

2179 1344 2292 1404 τοῖς
2326 1340 2537 1396 ἐκείνου
2566 1342 2614 1374 ⁵³
2639 1343 3013 1414 ἐπιτάγμασιν
3040 1344 3229 1398 εἴκειν.
3526 1402 3549 1421 κ

2254 1431 2340 1487 ιθ¹.
2377 1431 2782 1503 Ἀνθρώπινον
2816 1433 2995 1504 λέγω,
3021 1434 3121 1489 διὰ
3151 1434 3266 1504 τὴν
3293 1432 3618 1491 ἀσθένειαν
3654 1433 3763 1504 τῆς

2179 1524 2411 1595 σαρκὸς
2448 1523 2637 1595 ὑμῶν.
2674 1526 2753 1598 Τῇ
2794 1525 2956 1596 φύσει
3014 1526 3202 1598 μετρῶ
3260 1527 3361 1598 τὴν
3418 1525 3765 1595 παραίνεσιν.

2180 1613 2313 1671 Οἶδα
2336 1616 2445 1689 γὰρ
2477 1617 2548 1672 τὰ
2586 1619 2643 1672 εν
2668 1617 2747 1689 τῷ
2769 1618 2951 1691 θνητῷ
2985 1618 3201 1690 σώματι
3231 1619 3533 1691 κινούμενα
3561 1620 3734 1691 πάθη.

2253 1708 2485 1777 Ὠσπερ
2510 1709 2624 1779 γὰρ
2651 1708 3078 1778 παρεστήσατε
3102 1709 3176 1764 τὰ
3192 1710 3352 1780 μέλη
3377 1709 3546 1780 ὑμῶν
3576 1709 3773 1764 δοῦλα

2181 1796 2258 1867 τῇ
2295 1799 2637 1868 ἀκαθαρσίᾳ
2689 1800 2789 1853 καὶ
2829 1798 2908 1868 τῇ
2946 1801 3166 1871 ἀνομίᾳ
3202 1804 3290 1869 είς
3338 1801 3458 1869 τὴν
3487 1802 3766 1871 ἀνομίαν,

2176 1985 2535 2056 δικαιοσύνῃ
2575 1989 2665 2055 είς
2697 1988 3023 2057 ἁγιασμόν.
3061 1988 3274 2056 Ἐδειξε
3305 1991 3402 2042 καὶ
3421 1988 3511 2043 διὰ
3537 1988 3765 2044 τούτων.

2177 2079 2255 2141 ὡς
2283 2078 2345 2132 οὗ
2385 2077 2445 2133 τὸ
2480 2077 2642 2151 σῶμα
2674 2081 3012 2153 κατηγορίας
3036 2080 3207 2148 ἄξιον,
3235 2081 3351 2135 ἀλλ’
3381 2083 3415 2153 ή
3454 2080 3614 2135 τοῦτο
3664 2097 3769 2134 κα·

2178 2169 2291 2235 κῶς
2342 2170 2555 2239 ἄγουσα
2605 2172 2825 2244 γνώμη.
2890 2175 3139 2229 Ἀπαιτεῖ
3188 2174 3245 2229 δὲ
3299 2174 3454 2228 οὐδὲν
3506 2173 3772 2229 ἀδύνατον

2179 2262 2312 2333 παρ’
2343 2261 2526 2334 ἡμῶν·
2562 2262 2679 2318 ἀλλ’
2701 2264 2847 2337 ἅπερ
2890 2269 2955 2336 τῇ
3009 2266 3255 2339 ἁμαρτίᾳ
3310 2267 3768 2338 παρεσχήκαμεν,

2177 2352 2352 2408 ταῦτα
2411 2354 2551 2424 μόνα
2605 2358 2672 2427 τῇ
2717 2355 3038 2430 δικαιοσύνῃ
3097 2359 3508 2429 προσενεγκεῖν.
3575 2357 3772 2412 Καίτοι

2183 2447 2371 2521 ἐκείνῃ
2404 2449 2503 2520 μὲν
2533 2449 2926 2521 ὑπηκούσαμεν
2950 2451 3249 2524 κελευούσῃ
3282 2452 3579 2525 παράνομα
3600 2471 3615 2485 ο
3640 2452 3775 2507 ταύ-

2177 2556 2246 2612 τῃ
2271 2539 2328 2594 δὲ
2354 2540 2404 2593 εί
2434 2541 2775 2613 πειθώμεθα,
2804 2542 2898 2598 τὸν
2927 2544 3203 2615 ἁγιασμδν
3237 2545 3586 2617 προξενήσει.

2250 2716 2319 2772 κ’.
2357 2718 2498 2772 Ὅτε
2534 2718 2647 2788 γὰρ
2684 2717 2897 2773 δοῦλοι
2931 2713 3039 2789 ἦτε
3076 2718 3188 2788 τῆς
3221 2719 3551 2789 ἁμαρτίας,
3590 2719 3769 2773 ἐλεύ-

2181 2811 2341 2878 θεροι
2371 2806 2479 2878 ἦτε
2511 2809 2588 2878 τῇ
2626 2809 3014 2880 δικαιοσύνῃ.
3064 2810 3146 2863 Τὰ
3177 2811 3286 2882 γὰρ
3343 2811 3562 2883 ἐκείνης
3598 2811 3775 2883 μόνης

2182 2900 2487 2972 ὲπληροῦτε
2548 2901 2971 2974 προστάγματα,
3011 2902 3135 2966 τοὺς
3173 2902 3232 2956 δὲ
3275 2904 3376 2974 τῆς
3424 2902 3779 2975 δικαιοσύνης

2182 2994 2283 3047 οὐκ
2311 2992 2561 3064 ὲδέχεσθε
2589 2995 2811 3067 νόμους.
2834 2990 2966 3049 Εἶτα
2987 2995 3082 3050 καὶ
3108 2995 3375 3067 ἑτέρωθεν
3405 2997 3646 3051 δείκνυσι
3670 2998 3780 3069 τὴν

2184 3083 2466 3156 διαφοράν.

2259 3182 2365 3230 κα’.
2405 3179 2545 3231 Τίνα
2593 3172 2709 3232 οὖν
2742 3179 2977 3246 καρπὸν
3012 3179 3205 3249 εἴχετε
3237 3182 3418 3246 τότε;
3466 3179 3658 3251 Ὑμεῖς
3686 3181 3777 3234 et-

487 3279 686 3351 inquit,
735 3275 909 3332 dicite
953 3272 1324 3329 emolumenta
1355 3270 1595 3341 peccati.
1643 3269 1758 3324 lmo
1803 3283 1932 3325 vero
1981 3284 2077 3325 su-

2183 3286 2322 3322 πατε
2349 3268 2450 3340 τῆς
2474 3267 2753 3340 ἁμαρτίας
2803 3271 2872 3324 τὰ
2899 3269 3064 3342 κέρδη
3101 3287 3115 3303 ·
3168 3271 3370 3341 μᾶλλον
3401 3271 3458 3325 δὲ
3510 3268 3775 3341 περιττὸν

487 3380 892 3443 pervacaneum
949 3372 1036 3420 est
1094 3361 1464 3431 interrogare.
1496 3357 1611 3414 Vos
1647 3358 1797 3414 enim
1848 3359 1939 3414 vel
1992 3366 2079 3414 ta-

487 3470 680 3518 centes
707 3458 973 3514 damnum
1027 3452 1366 3510 conﬁtemini
1397 3469 1410 3506 :
1444 3466 1570 3507 nam
1609 3450 1825 3522 pudore
1863 3450 2080 3507 suﬂ‘un-

487 3551 707 3608 dimini.
755 3546 875 3603 Hoc
928 3547 1075 3603 enim
1118 3544 1426 3615 subiunxit.
1490 3542 1557 3598 In
1594 3543 1730 3609 illis,
1791 3544 1846 3598 in
1885 3543 2077 3614 quibus

490 3659 633 3700 nunc
688 3639 1054 3697 erubescitis?
1088 3635 1204 3691 Etsi
1259 3635 1406 3692 enim
1459 3637 1535 3691 sit
1593 3635 1867 3707 quispiam
1921 3635 2082 3706 longe

490 3732 1032 3807 impudentissitnus,
1063 3737 1355 3801 postquam
1399 3727 1656 3799 voluptas
1692 3729 1926 3793 remisit,
1980 3743 2081 3798 pu-

488 3830 626 3883 dore
653 3824 913 3883 aﬁiritur.
960 3822 1173 3878 indicat
1205 3829 1389 3877 autem
1424 3829 1690 3892 praeterea
1725 3819 1992 3890 majorem
2025 3826 2082 3875 et

489 3918 833 3976 acerbiorem
891 3915 1136 3972 fructum
1187 3912 1425 3985 peccati.
1493 3910 1639 3967 Nam
1685 3913 1810 3983 ﬁnis
1861 3912 2081 3966 illorum

490 4029 634 4070 mors
658 4022 758 4069 est.
793 4009 1023 4065 Mortem
1055 4016 1239 4063 autem
1267 4006 1424 4073 dicit,
1461 4022 1573 4063 non
1602 4006 1749 4062 hanc
1794 4013 2078 4076 tempora-

491 4108 618 4174 lem,
647 4105 742 4162 sed
775 4113 1061 4159 aeternam.

566 4198 740 4253 Vens.
784 4196 878 4250 29..
915 4194 1076 4248 Nunc
1110 4207 1229 4247 vero
1279 4190 1495 4247 liberati
1522 4190 1733 4260 quidem
1776 4205 1812 4244 α
1843 4196 2080 4259 peccato,

492 4292 627 4349 servi
674 4298 852 4343 autem
895 4286 1028 4357 facti
1076 4283 1185 4339 Deo
1210 4324 1226 4350 ,
1257 4283 1461 4337 habetis
1505 4282 1742 4351 fructum
1769 4290 2001 4335 vestrum
2029 4282 2083 4335 in

492 4379 996 4451 sanctiﬁcationem,
1037 4376 1199 4445 ﬁnem
1226 4390 1348 4430 rere
1390 4375 1560 4428 vitam
1587 4381 1866 4428 wternam.
1905 4372 1962 4427 In
1996 4371 2084 4428 his

491 4473 753 4546 opposuit
785 4476 1013 4542 peccato
1047 4468 1274 4539 quidem
1301 4464 1498 4529 Deum,
1527 4465 1726 4536 pudori
1747 4474 1929 4520 autem
1953 4481 2085 4522 san-

492 4567 907 4630 ctiﬁcationem,
932 4568 1155 4618 aeterne
1186 4574 1322 4616 vero
1343 4558 1511 4613 morti
1541 4558 1710 4613 vitam
1744 4565 2031 4614 aeternam.

568 4742 736 4799 Vens.
782 4740 881 4798 23.
933 4736 1174 4795 Obsonia
1215 4735 1358 4791 enim
1414 4748 1511 4790 seu
1570 4732 1833 4802 stipendia
1883 4733 2090 4802 peccati

492 4850 638 4892 mors
676 4841 777 4889 est.
815 4829 958 4899 Quia
987 4830 1120 4885 olim
1179 4828 1402 4900 quidem
1456 4825 1729 4896 regnarit,
1786 4840 1935 4880 nunc
1990 4841 2091 4881 au-

494 4935 603 4981 tem
637 4920 993 4996 tyrannidem
1054 4925 1301 4984 exercet,
1352 4922 1409 4970 et
1450 4929 1605 4969 arma
1660 4913 1782 4984 ejus
1839 4915 2089 4996 membra

492 5030 616 5088 quae
673 5015 817 5071 male
889 5019 1161 5085 reguntur
1237 5009 1578 5083 appellavit,
1663 5005 1862 5061 merito
1922 5007 2087 5061 etiam

493 5108 806 5166 mercedem
864 5106 1143 5161 obsonium
1193 5100 1512 5174 appellavit.
1567 5098 1645 5153 ita
1708 5099 1854 5154 enim
1886 5099 2079 5169 appel-

492 5198 609 5259 lare
640 5198 785 5253 eoiet
822 5209 1098 5252 annonam
1128 5193 1443 5248 militarem.
1473 5186 1610 5242 Nam
1640 5193 1696 5242 et
1721 5186 1777 5240 in
1831 5184 2079 5256 Epistola

493 5290 563 5346 ad
620 5289 942 5346 Corinthios
989 5286 1073 5343 sic
1135 5283 1265 5340 ait:
1328 5301 1347 5336 ι
1381 5281 1518 5349 Quis
1578 5284 1822 5349 unquam
1882 5278 2081 5332 militat

495 5379 616 5437 suis
637 5378 914 5444 obsoniis,
941 5391 1039 5434 seu
1066 5373 1360 5447 stipendiis
1380 5372 1442 5429 ri
1478 5390 1497 5426 ι
1531 5369 1723 5427 Gratia
1767 5375 1943 5423 autem
1981 5365 2081 5421 Dei

578 5572 607 5615 ⁴ι
645 5564 823 5622 lCor.
863 5578 953 5630 rx,
988 5564 1039 5619 7.

2179 3362 2412 3433 ἐρωτᾷν.
2458 3361 2569 3415 Καὶ
2600 3360 2863 3430 σιγῶντες
2883 3362 2994 3435 γὰρ
3023 3363 3339 3432 ὁμολογεῖτε
3388 3362 3490 3435 τὴν
3538 3362 3773 3436 βλάϐηνσ

2178 3453 2278 3523 τὴν
2319 3451 2429 3522 γὰρ
2458 3453 2722 3525 αἰσχύνην
2753 3453 3089 3524 περίκεισθε.
3130 3455 3300 3508 Τοῦτο
3331 3455 3443 3529 γὰρ
3465 3457 3771 3525 ἐπήγαγενο

2193 3542 2319 3612 Ἐφ’
2347 3537 2437 3609 οἷς
2469 3541 2592 3597 νῦν
2635 3543 3119 3613 ἐπαισχύνεσθε;
3175 3545 3294 3599 Κᾶν
3345 3547 3457 3617 γὰρ
3511 3546 3636 3601 λίαν
3682 3565 3773 3612 τις

2180 3634 2566 3699 ἀναιδέστατος
2617 3628 2677 3707 ᾖ,
2721 3636 2859 3706 μετὰ
2906 3636 3007 3708 τὴν
3049 3638 3268 3692 παῦλαν
3304 3639 3406 3710 τῆς
3438 3638 3634 3711 ἡδονῆς
3667 3641 3773 3712 τὴν

2181 3724 2445 3797 αἰσχύνην
2490 3726 2815 3797 εἰσδέχεται.
2868 3728 3121 3785 Δείκνυσι
3172 3731 3229 3783 δὲ
3277 3731 3414 3801 πρὸς
3445 3731 3617 3804 ταύτῃ
3674 3733 3771 3787 καὶ

2179 3821 2273 3875 τὸν
2305 3820 2531 3892 μείζονα
2564 3820 2660 3874 καὶ
2693 3821 3074 3893 χαλεπώτερον
3096 3823 3195 3893 τῆς
3233 3823 3509 3896 ἁμαρτίας
3529 3826 3766 3894 καρπόν.

2187 3911 2259 3968 Τὸ
2307 3911 2427 3981 μὲν
2478 3911 2589 3981 γὰρ
2638 3912 2820 3980 τέλος
2877 3913 3129 3968 ἐκείνων
3186 3914 3464 3982 θάνατος.
3525 3915 3770 3969 Θάνατον

2181 4004 2239 4059 δὲ
2274 4003 2459 4072 λέγει,
2499 4003 2561 4056 οὐ
2602 4003 2695 4057 τὸν
2729 4003 3067 4077 πρόσκαιρον
3095 4003 3303 4072 τοῦτον,
3343 4005 3483 4060 ἀλλὰ
3517 4006 3609 4061 τὸν
3643 4006 3773 4061 ainb-

2182 4111 2319 4150 νιον.

2254 4187 2361 4260 κβ’.
2417 4186 2573 4243 Νυνὶ
2632 4187 2702 4242 δὲ
2758 4187 3261 4259 ἐλευθερωθέντες
3310 4191 3429 4260 μέν
3481 4191 3602 4246 ἀπὸ
3653 4191 3772 4259 τῆς

2183 4279 2473 4351 ἁμαρτίας
2498 4321 2512 4345 ,
2553 4278 2961 4348 δουλωθέντες
2993 4281 3062 4335 δὲ
3097 4282 3181 4348 τῷ
3222 4283 3344 4350 Θεῷ
3371 4322 3387 4347 ,
3451 4286 3623 4354 ἔχετε
3658 4285 3773 4338 τὸν

2184 4371 2419 4440 καρπὸν
2454 4369 2624 4440 ὑμῶν
2678 4373 2766 4438 είς
2818 4373 3138 4443 ἁγιασμόν,
3177 4373 3242 4428 τὸ
3282 4373 3352 4428 δέ
3384 4374 3560 4442 τέλος
3615 4373 3773 4442 ζωὴν

2182 4461 2447 4516 αἰώνιον.
2491 4462 2579 4515 Ἐν
2608 4461 2819 4526 τούτοις
2845 4463 3142 4535 ἀντέστησε
3174 4466 3238 4536 τῇ
3273 4463 3372 4534 μὲν
3404 4465 3648 4537 ἁμαρτίᾳ
3676 4467 3770 4520 τὸν

2184 4548 2339 4619 Θεὸν,
2362 4554 2428 4624 τῇ
2456 4551 2513 4607 δὲ
2546 4554 2778 4628 αἰσχύνῃ
2812 4555 2901 4609 τὸν
2929 4556 3221 4628 ἁγιασμὸν,
3248 4556 3325 4627 τῷ
3345 4557 3403 4610 δὲ
3438 4558 3642 4629 αἰωνίῳ
3669 4557 3769 4613 θα-

2185 4645 2334 4717 νάτῳ
2356 4645 2457 4718 τὴν
2487 4644 2634 4718 ζωὴν
2662 4648 2761 4717 τὴν
2789 4648 3025 4705 αἰώνιον,

2258 4746 2366 4807 κγ’.
2425 4739 2502 4794 Τὰ
2541 4741 2654 4809 γὰρ
2691 4739 2923 4808 ὀψώνια
2966 4740 3079 4810 τῆς
3115 4743 3447 4812 ἁμαρτίας,
3489 4745 3767 4811 θάνατος.

2201 4822 2419 4896 Ἐπειδὴ
2452 4826 2619 4880 πάλαι
2646 4828 2743 4898 μὲν
2781 4828 3123 4893 ἐϐασίλευσε,
3160 4831 3256 4887 νῦν
3286 4831 3341 4887 δὲ
3371 4837 3641 4905 τυραννεῖ,
3675 4836 3772 4889 καὶ

2186 4917 2329 4973 ὅπλα
2383 4919 2557 4989 αὐτῆς
2625 4921 2693 4974 τὰ
2747 4922 2935 4987 κακῶς
3008 4922 3297 4993 ίθυνόμενα
3358 4927 3769 4998 προσηγόρευσε

2191 5010 2349 5082 μέλη,
2400 5011 2628 5076 εἰκότως
2679 5014 2774 5066 καὶ
2811 5015 2905 5068 τὸν
2951 5015 3143 5086 μισθὸν
3174 5017 3439 5085 ὀψώνιον
3476 5018 3766 5088 κέκληκεν.

2202 5103 2522 5174 Ὀνομάζειν
2554 5106 2662 5175 γὰρ
2695 5104 2839 5161 οὕτω
2898 5107 3051 5177 φίλον
3088 5109 3236 5180 αὐτῷ
3268 5111 3326 5163 τὸ
3380 5114 3771 5182 στρατιωτικὸν

2191 5194 2523 5262 σιτηρέσιον.
2574 5192 2688 5246 Kal.
2728 5193 2837 5264 γὰρ
2871 5194 2929 5248 ὲν
2962 5198 3027 5266 τῇ
3062 5197 3198 5266 πρὸς
3229 5198 3553 5270 Κορινθίους
3599 5201 3767 5271 φησί·

2196 5298 2214 5329 ι
2249 5279 2343 5343 Τίς
2378 5280 2748 5352 ,στρατεύεται
2809 5284 2957 5349 ἰδίοις
3009 5285 3261 5355 ὀψωνίοις
3325 5289 3494 5353 ποτέ;
3527 5309 3544 5342 ι
3595 5291 3666 5345 Τὸ
3702 5291 3773 5344 δὲ

2190 5373 2458 5443 χάρισμα
2496 5375 2603 5430 τοῦ
2658 5376 2806 5433 Θεοῦ
2852 5376 2963 5449 ζωὴ
3001 5378 3242 5447 αἰώνιος
3276 5380 3347 5437 ἐν
3383 5383 3615 5452 Χριστῷ
3665 5379 3775 5454 Ἰηο

1813 5717 2049 5776 ἾΑΒΙΑΕ
2089 5714 2492 5776 LECTIONES.

574 5845 625 5880 ⁸³
649 5843 691 5900 Β
719 5843 949 5912 ικείνης.
