4124 6422
346 555 454 621 Ii3

1220 561 1840 626 INTERPRETATIO
1874 567 2115 628 EPIST.
2157 568 2257 629 AD
2291 571 2474 632 ΒΟΜ.
2517 571 2675 632 CAP.
2702 551 2853 635 ‘VII.

3536 534 3653 636 ιιι·

342 668 465 725 οοῦ
503 668 586 736 τῷ
619 669 823 739 Κυρίῳ
869 670 1064 741 ἡμῶν.
1117 673 1384 730 Ἐνταῦθα
1428 676 1530 731 οὒκ
1581 676 1688 750 ἐφη
1742 677 1992 749 μισθὸνμ

2074 682 2164 735 rita
2185 682 2299 754 68
2322 694 2520 739 caterua
2547 685 2604 740 in
2634 685 2844 740 Christo
2868 682 2996 739 Iesu
3032 683 3256 739 Domino
3291 693 3494 740 nostro.
3525 682 3649 746 Hoc

342 760 485 815 ma
523 760 817 831 χάρισμα.
857 761 995 817 Θεοῦ
1046 763 1159 837 γὰρ
1198 764 1371 837 δῶρον
1415 769 1450 839 ἡ
1485 767 1602 841 ζωὴ
1638 772 1672 839 ἡ
1711 770 1949 836 αἰώνιος.

349 854 470 909 Κᾶν
524 854 640 927 γὰρ
694 854 797 928 τὴν
842 856 1023 928 ἄκραν
1070 875 1159 923 τις
1208 860 1532 934 κατορθώσῃ
1586 862 1954 936 δικαιοσύνην,

349 947 449 1001 οὐκ
502 947 1028 1005 ἁντιταλαντεύεται
1071 954 1186 1017 τοῖς
1242 957 1603 1027 προσκαίροις
1648 956 1833 1023 πόνοις
1891 959 1959 1013 τὰ

351 1040 553 1095 αἰώνια
606 1042 817 1111 ἀγαθά.
860 1043 1053 1100 Ταῦτα
1104 1047 1234 1118 περὶ
1276 1046 1370 1102 τοῦ
1435 1048 1511 1123 μὴ
1559 1050 1671 1104 δεῖν
1705 1052 1958 1124 ἁμαρτάο

351 1149 467 1187 νειν
517 1136 641 1198 τοῖς
685 1135 831 1189 κατὰ
871 1134 1037 1208 χάριν
1082 1137 1521 1211 πολιτευομένοις
1568 1142 1759 1209 εἰπὼν,
1796 1143 1961 1198 πάλιν

351 1226 435 1289 εἰς
483 1225 593 1298 τὴν
646 1227 1017 1298 παρεξέτασιν
1069 1231 1164 1285 τοῦ
1229 1232 1392 1303 νόμου
1445 1233 1542 1287 καὶ
1586 1233 1691 1304 τῆς
1739 1236 1962 1307 χάριτος

355 1319 673 1391 μεταφέρει
725 1319 819 1373 τὸν
870 1320 1051 1392 λόγον,
1107 1323 1205 1377 καὶ
1254 1323 1500 1381 δείκνυσι
1556 1326 1658 1397 τῆς
1707 1327 1811 1398 μὲν
1861 1327 1962 1399 τὴν

355 1412 554 1481 ἰσχὺν,
605 1412 706 1466 τοῦ
764 1413 823 1467 δέ
884 1414 985 1486 τὴν
1036 1414 1361 1485 ἀσθένειαν,
1423 1419 1519 1472 καὶ
1577 1419 1818 1474 διδάσκει
1884 1420 1961 1485 ὡς

349 1504 569 1572 ταύτης
601 1506 981 1577 ἀναφανείσης
1015 1508 1225 1573 ἐκεῖνος
1259 1510 1560 1567 ἐπαύσατο.
1601 1511 1866 1583 Ἀρχεται
1902 1512 1962 1566 δέ

349 1612 534 1659 ουτως
559 1611 573 1623 ·

913 1692 1315 1746 ΚΕΦΔΛΔΙΟΝ
1343 1695 1415 1746 Z’.

427 1786 503 1833 α’.
535 1780 614 1836 Ἦ
647 1781 925 1850 ἀγνοεῖτε
945 1823 961 1848 ,
990 1783 1246 1854 ἀδελφοὶ
1283 1785 1675 1857 (γινώσκουσι
1716 1788 1827 1857 γὰρ
1864 1788 1963 1841 νό-

349 1890 475 1943 μον
511 1874 737 1947 λαλῶ),
772 1874 862 1929 ὅτι
900 1878 935 1929 ὁ
966 1878 1157 1947 νόμος
1192 1879 1450 1946 κυριεύει
1475 1877 1584 1932 τοῦ
1622 1877 1959 1947 ἀνθρώπου.

352 1965 454 2034 ἐρ’
480 1965 645 2020 ὅσον
676 1967 909 2036 χρόνον
947 1966 1053 2036 ζῇ;
1127 1967 1399 2041 Ἀκριόῶς
1437 1968 1551 2025 ἴστε
1579 2010 1595 2037 ,
1648 1971 1783 2042 φησὶ
1812 2012 1828 2037 ,
1865 1971 1962 2025 καὶ

355 2061 524 2130 ὑμεῖς
558 2060 1002 2132 ἐντεθραμμένοι
1040 2060 1120 2133 τῷ
1162 2040 1333 2134 νόμῳ,
1369 2062 1447 2128 ὡς
1482 2063 1593 2118 τῶν
1629 2040 1722 2117 ἔτι
1743 2062 1964 2134 περιόν·
1994 2040 2037 2096 Β

353 2169 473 2205 των
527 2152 560 2204 6
592 2151 762 2223 νόμος
812 2155 1027 2225 κρατεῖ.
1064 2154 1322 2227 Είσφέρει
1367 2156 1425 2210 δὲ
1468 2155 1568 2210 καὶ
1602 2156 1963 2230 παράδειγμα

357 2243 441 2313 τῷ
475 2243 838 2316 προκειμένῳ
864 2245 1226 2318 κατάλληλον,
1249 2247 1345 2303 καί
1374 2265 1541 2319 φησιν
1561 2266 1576 2281 ·

434 2335 512 2405 β’.
560 2337 628 2392 Ἡ
665 2338 779 2407 τὰρ
817 2337 1133 2407 ὕπανδρος
1168 2339 1324 2410 γυνὴ
1362 2339 1444 2407 τῷ
1482 2340 1652 2403 ζῶντι
1674 2339 1851 2412 ἀνδρί
1869 2341 1965 2396 δέ-

360 2427 532 2483 δεται
570 2428 763 2498 νόμῳ·
785 2428 901 2484 ἐὰν
926 2428 997 2484 δὲ
1028 2430 1308 2502 ἀποθάνῃ
1334 2435 1367 2487 ό
1391 2433 1571 2502 ἀνὴρ,
1597 2433 1966 2504 κατήργηται

362 2520 484 2574 ἀπὸ
519 2518 635 2574 τοῦ
674 2521 868 2591 νόμου
905 2520 1014 2575 τοῦ
1048 2521 1292 2593 ἀνδρός.
1330 2519 1465 2579 Εἶτα
1512 2522 1680 2579 τοῦτο
1721 2525 1966 2582 διδάσκει

365 2612 737 2684 σαφέστερον.

436 2712 513 2774 γ’.
554 2706 715 2774 Ἀρα
746 2705 863 2761 οὖν
895 2704 1114 2773 ζῶντος
1148 2706 1255 2761 τοῦ
1276 2707 1503 2777 ἀνδρὸς
1512 2710 1799 2780 μοιχαλὶς
1829 2728 1969 2783 χρη·

362 2797 635 2868 ματίζῖει,
670 2797 782 2851 ἐὰν
817 2796 1065 2867 γένηται
1097 2798 1277 2868 ἀνδρί
1309 2799 1489 2869 ἑτέρῳ
1517 2818 1533 2835 ο
1572 2803 1683 2858 ἐὰν
1719 2804 1789 2857 δὲ
1819 2804 1970 2860 ἀπο-

367 2890 523 2960 θάνῃ
565 2892 601 2944 ὁ
634 2888 813 2958 ἀνὴρ,
858 2889 1153 2960 ἐλευθέρα
1203 2890 1380 2946 ἐστὶν
1423 2893 1546 2948 ἀπὸ
1597 2896 1705 2950 τοῦ
1754 2897 1967 2966 νόμου,

365 2984 480 3038 τοῦ
508 2983 600 3055 μὴ
632 2979 791 3037 εἶναι
822 2982 1027 3052 αὐτὴν
1056 2983 1408 3054 μοιχαλίδα,
1435 2986 1771 3056 γενομένην
1797 2988 1971 3060 ἀνδρὶ

364 3075 576 3144 ἑτέρῳ.
617 3073 993 3145 Μοιχεύτριαν
1030 3074 1221 3139 καλεῖ,
1259 3074 1446 3149 φησὶν,
1483 3079 1512 3131 6
1547 3079 1732 3149 νόμος,
1771 3079 1832 3133 οὐ
1870 3078 1972 3153 τὴν

370 3168 517 3239 μετὰ
575 3168 679 3238 τὴν
733 3166 831 3221 τοῦ
890 3168 1163 3239 ὁμόζυγος
1231 3170 1492 3242 τελευτὴν
1560 3172 1972 3244 συναπτομένην

369 3260 582 3333 ἑτέρῳ,
624 3257 768 3314 ἀλλὰ
812 3258 935 3330 τὴν-
959 3258 1041 3313 ἐτι
1093 3260 1378 3332 περιόντος
1431 3260 1529 3316 τοῦ
1594 3263 1973 3328 συνοικοῦντος

2058 776 2115 832 in
2173 776 2296 832 loco
2347 793 2455 833 non
2505 777 2637 835 dicit
2689 778 3021 843 mercedem,
3074 777 3172 835 sed
3229 778 3487 849 gratiam.
3545 778 3642 836 Est

2058 870 2203 924 enim
2232 869 2326 926 Dei
2352 870 2559 928 donum
2599 871 2713 927 vita
2751 880 2975 927 aeterna.
3015 870 3133 928 Etsi
3185 871 3334 927 enim
3370 886 3641 927 summam

2058 963 2335 1034 quispiam
2372 971 2428 1020 et
2467 964 2778 1020 absolutam
2802 963 3078 1036 justitiam
3132 964 3475 1033 praestiterit,
3506 971 3644 1019 tem-

2058 1054 2343 1124 poralibus
2388 1055 2669 1111 laboribus
2712 1063 2918 1111 aeterna
2970 1055 3115 1110 bona
3145 1069 3255 1109 non
3302 1052 3646 1124 aequabiliter

2060 1145 2419 1215 respondent.
2465 1144 2563 1201 His
2595 1144 2790 1212 dictis,
2827 1153 2888 1200 ut
2937 1144 3165 1200 doceret
3207 1144 3357 1216 quod
3387 1157 3485 1199 eos
3514 1157 3645 1216 pec-

2062 1252 2192 1295 care
2224 1253 2335 1293 nou
2368 1245 2641 1309 oporteat,
2668 1239 2765 1310 qui
2804 1238 2973 1293 vitam
3013 1252 3084 1294 ex
3109 1237 3291 1309 gratia
3322 1237 3642 1303 instituunt,

2062 1345 2262 1387 rursus
2295 1331 2576 1387 convertit
2608 1330 2920 1387 orationem
2947 1327 3015 1384 ad
3048 1326 3439 1384 conferendam
3472 1327 3646 1397 legem

2063 1437 2190 1478 cum
2220 1422 2395 1494 gratia
2429 1440 2443 1478 :
2476 1431 2647 1493 atque
2679 1421 2850 1492 hujus
2894 1421 3116 1492 quidem
3159 1418 3401 1475 ostendit
3447 1423 3647 1487 poten-

2064 1514 2233 1578 tiam,
2293 1514 2445 1569 illius
2499 1529 2632 1570 vero
2686 1514 3159 1576 imbecillitatem,
3216 1517 3271 1566 et
3318 1509 3482 1566 docet
3544 1508 3649 1564 hac

2064 1613 2258 1662 exorta
2280 1606 2431 1661 illam
2467 1621 2744 1663 cessasse.
2782 1605 2875 1661 Sic
2902 1613 3086 1660 autem
3121 1601 3360 1673 incipit:

2635 1698 2652 1720 ‘
2682 1694 2917 1752 CAPUT
2968 1693 3078 1751 VII.

2143 1790 2304 1847 Vens.
2347 1791 2400 1845 1.
2437 1789 2520 1844 An
2553 1789 2815 1861 ignoratis
2841 1829 2856 1855 ,
2887 1787 3084 1858 fratres
3139 1784 3463 1857 (scientibus
3502 1784 3648 1839 enim

2071 1890 2229 1951 legem
2290 1882 2536 1953 loquor),
2597 1882 2739 1954 quod
2796 1880 2883 1936 lea:
2932 1881 2988 1935 in
3043 1879 3253 1934 homine
3310 1879 3648 1942 dominatur,

2066 1980 2266 2042 quanto
2284 1979 2512 2040 tempore
2532 1972 2698 2027 vivit?
2721 1971 2829 2027 Vos
2858 1970 3045 2037 etiam,
3067 1970 3269 2041 inquit,
3294 1978 3443 2025 recte
3469 1969 3648 2032 scitis,

2065 2064 2157 2136 qui
2193 2064 2249 2119 in
2280 2065 2399 2136 lege
2419 2064 2640 2121 educati
2669 2064 2827 2128 estis,
2848 2064 2998 2136 quod
3021 2064 3104 2119 lex
3121 2061 3190 2118 iis
3211 2061 3530 2135 dominatur
3554 2059 3650 2131 qui

2066 2156 2245 2213 adhuc
2306 2166 2631 2229 supersunt.
2683 2157 2857 2214 Aﬂ‘ert
2914 2164 3097 2212 autem
3127 2156 3293 2212 etiam
3335 2153 3646 2227 exemplum

2023 2269 2036 2281 -
2067 2248 2144 2303 rei
2188 2248 2484 2319 propositae
2517 2246 2878 2311 conveniens,
2911 2253 2964 2303 et
2991 2245 3177 2302 dicit:

2136 2339 2304 2396 Vens.
2343 2340 2400 2398 2.
2435 2342 2579 2396 Nam
2622 2356 2740 2412 qua:
2775 2338 2872 2394 sub
2922 2341 3037 2395 viro
3066 2346 3146 2393 est
3193 2338 3408 2403 mulier,
3462 2336 3653 2392 viventi

2068 2432 2181 2488 viro
2207 2431 2436 2503 alligata
2489 2441 2571 2488 est
2610 2431 2762 2502 lege;
2800 2431 2848 2486 si
2880 2440 3058 2486 autem
3097 2437 3339 2483 mortuus
3375 2428 3538 2499 fuerit
3574 2429 3656 2484 vir

2067 2524 2204 2595 ejus,
2237 2525 2418 2581 soluta
2446 2533 2527 2580 est
2556 2541 2589 2579 a
2623 2524 2733 2596 lege
2756 2523 2879 2579 viri.
2920 2521 3129 2579 Deinde
3165 2520 3272 2577 hoc
3307 2519 3468 2578 docet
3493 2534 3653 2592 aper-

2069 2617 2206 2674 tius.

2141 2710 2311 2768 Vens.
2349 2712 2403 2767 5.
2447 2710 2624 2783 Igitur
2659 2712 2861 2767 vivente
2888 2712 3001 2767 viro
3032 2717 3254 2768 vocatur
3293 2707 3566 2772 adultera,
3607 2705 3655 2758 si

2071 2804 2237 2875 fuerit
2261 2820 2381 2858 cum
2424 2803 2533 2857 alio
2569 2803 2704 2858 viro.
2737 2801 2799 2858 Si
2841 2810 3025 2857 autem
3083 2809 3326 2856 mortuus
3360 2796 3524 2866 fuerit
3576 2792 3657 2846 vir

2071 2895 2209 2965 ejus,
2257 2893 2487 2950 liberata
2537 2902 2615 2948 est
2676 2910 2710 2948 a
2739 2891 2868 2965 lege,
2907 2903 2966 2947 ut
3007 2907 3114 2947 non
3164 2891 3236 2945 sit
3283 2886 3554 2951 adultera,
3610 2882 3659 2936 si

2074 2989 2239 3059 fuerit
2271 3005 2393 3043 cum
2425 2987 2534 3043 alio
2573 2987 2706 3042 viro.
2735 2986 3082 3051 Adulteram,
3102 2983 3313 3063 inquit,
3351 2985 3514 3035 vocat
3544 2977 3658 3043 lex,

2074 3095 2186 3136 non
2220 3094 2342 3136 eam
2379 3093 2504 3150 quae
2550 3084 2675 3149 post
2706 3083 2940 3132 mortem
2980 3074 3236 3146 conjugis
3276 3070 3373 3127 alii
3421 3070 3657 3140 conjun-

2073 3172 2243 3244 gitur,
2269 3170 2368 3227 sed
2403 3185 2528 3226 eam
2563 3183 2688 3241 quas
2738 3166 2977 3239 conjuge
3021 3164 3324 3238 superstite
3375 3175 3502 3217 cum
3547 3157 3661 3213 alio

2076 3265 2392 3336 copulatur.
2425 3261 2585 3318 Hanc
2617 3261 2787 3328 enim,
2842 3270 2904 3316 ut
2936 3272 3060 3330 quae
3098 3258 3273 3328 legem
3320 3250 3661 3310 matrimonii

369 3352 518 3422 ἄλλῳ
546 3348 1028 3423 συζευγνυμένην·
1060 3351 1267 3424 ταύτην
1300 3352 1433 3423 γὰρ,
1465 3353 1544 3418 ὡς
1577 3354 1972 3427 ἐξυϐρίζουσαν

2077 3356 2280 3428 injuria
2342 3354 2578 3421 alliciat,
2635 3352 2823 3426 puniri
2881 3352 3057 3424 jubet.
3127 3348 3352 3404 Clarum
3395 3353 3484 3402 est
3530 3357 3663 3414 ergo

370 3446 451 3508 είς
484 3443 580 3497 τὸν
612 3444 783 3514 νόμον
815 3442 912 3497 τοῦ
960 3444 1172 3514 γάμου,
1197 3446 1559 3518 τιμωρεῖσθαι
1591 3446 1825 3503 κελεύει.
1862 3447 1969 3502 Εὗ-

368 3536 531 3607 δηλον
576 3538 766 3591 τοίνυν
798 3537 899 3601 ὡς,
934 3536 1031 3591 τοῦ
1057 3538 1249 3612 ἀνδρὸς
1282 3538 1582 3610 δεξαμένου
1619 3539 1711 3593 τοῦ
1764 3540 1881 3613 βίου
1911 3541 1974 3595 τὸ

373 3628 576 3698 πέρας,
598 3628 850 3699 ἔννομον,
876 3627 993 3682 ἀλλ’
1022 3628 1084 3681 οὐ
1119 3627 1457 3699 παράνομον,
1497 3628 1559 3683 τὺ
1580 3629 1751 3701 ἑτέρῳ
1782 3630 1853 3702 γή
1864 3648 1970 3701 μα-

378 3720 509 3774 σθαι
557 3721 657 3789 τὴν
687 3721 1058 3792 χηρεύουσαν.
1107 3721 1219 3773 Καὶ
1259 3720 1376 3792 ⁴ᾔδει
1413 3721 1513 3791 μὲν
1541 3721 1571 3773 6
1623 3720 1769 3785 θεῖος
1813 3722 1971 3776 Ἀπό-

374 3813 566 3877 stola;
602 3813 680 3875 ὡς
726 3813 919 3867 ἄδειαν
977 3813 1074 3867 καὶ
1110 3815 1225 3877 τοῖς
1262 3812 1429 3878 ζῶσιν
1464 3815 1494 3867 6
1519 3813 1683 3885 νόμος
1716 3813 1972 3869 ἐδεδώκει

373 3904 763 3975 διαζευγνύναι
813 3905 911 3957 τὸν
965 3903 1181 3975 γάμον,
1226 3904 1357 3958 ὅταν
1405 3903 1470 3957 οὐ
1522 3904 1867 3974 καταθύμιος

384 3998 551 4051 Ἀλλὰ
605 3996 711 4066 τῆς
770 3996 1111 4066 Δεσποτικῆς
1165 3994 1516 4060 διδασκαλίας
1573 3998 1972 4071 ἐπήκουσεν,ἣ

370 4091 466 4143 τὸν
500 4089 754 4145 Μωῡσέα
777 4088 917 4160 πρὸς
944 4088 1045 4161 τὴν
1089 4088 1362 4145 Ἰουδαίων
1384 4089 1820 4161 σκληροκαρδίαν
1852 4092 1976 4147 τοῦ·

368 4201 463 4236 τον
496 4182 607 4255 ἔφη
645 4181 946 4236 δεδωκέναι
971 4182 1063 4236 τὸν
1122 4181 1308 4252 νόμον,
1362 4182 1456 4236 τὸν
1493 4183 1551 4237 δέ
1604 4185 1706 4257 τῆς
1757 4184 1977 4256 φύσεως

366 4278 539 4347 νόμον
570 4277 636 4331 οὐ
656 4275 838 4330 ταῦτα
870 4274 1317 4348 προστεθηκέναι
1350 4275 1419 4330 ⁸⁵.
1454 4276 1594 4332 Ἕνα
1627 4277 1738 4350 γάρ
1774 4278 1973 4350 ἄνδρα,

370 4370 532 4443 φησι,
564 4370 666 4423 καὶ
702 4368 837 4441 μίαν
893 4371 1132 4439 γυναῖκα
1161 4366 1597 4440 ἐδημιούργησεν
1643 4369 1673 4424 6
1719 4369 1873 4437 Θεὸς,
1918 4373 1976 4426 ἐν

369 4466 513 4537 αὐτῇ
546 4465 618 4535 τῇ
644 4461 941 4517 διαπλάσει
970 4461 1065 4517 τὸν
1086 4462 1218 4535 περὶ
1241 4462 1337 4517 τοῦ
1364 4463 1548 4536 γάμου
1584 4464 1752 4537 νόμον
1779 4465 1974 4530 τιθείς.

371 4559 475 4612 Διά
505 4576 594 4612 τοι
631 4556 798 4612 τοῦτο
836 4559 1017 4611 ἐκεῖνο
1046 4556 1381 4625 καταλιπὼν,
1441 4559 1536 4613 ἐπὶ
1579 4561 1672 4616 τὸν
1711 4562 1841 4634 περὶ
1866 4560 1978 4616 τῶν

371 4652 853 4723 τετελευτηκότων
875 4650 1103 4722 ἐλήλυθε
1126 4650 1312 4723 νόμον,
1336 4651 1431 4705 καὶ
1456 4651 1761 4722 ἐπήγαγεν⁸

2078 3449 2249 3522 quod,
2283 3455 2576 3519 postquam
2604 3447 2691 3503 vir
2723 3447 2895 3503 vitam
2937 3442 3163 3508 finierit,
3202 3458 3272 3498 ex
3306 3441 3424 3511 lege
3464 3447 3518 3494 et
3549 3452 3659 3492 non

2080 3545 2276 3595 contra
2309 3539 2483 3609 legem
2527 3535 2698 3598 faciat
2750 3536 2944 3601 vidua,
2990 3549 3117 3607 quas
3150 3532 3243 3589 alii
3291 3528 3566 3601 nupserit.
3594 3523 3665 3580 Et

2081 3630 2299 3689 sciebat
2327 3630 2551 3702 quidem
2605 3629 2722 3702 69
2773 3629 2998 3685 divinus
3031 3624 3367 3698 Apostolus,
3403 3620 3549 3693 quod
3577 3620 3664 3676 lex

2081 3722 2392 3778 viventibus
2446 3735 2671 3792 quoque
2715 3718 3007 3791 separandi
3049 3713 3391 3772 matrimonii
3426 3712 3664 3767 faculta—

2082 3819 2193 3867 tem
2256 3809 2488 3876 dederit,
2548 3808 2773 3879 quando
2836 3806 2894 3862 id
2913 3811 3134 3876 gratum
3194 3816 3307 3858 non
3353 3806 3522 3856 esset.
3560 3796 3663 3853 Sed

2084 3903 2429 3958 Dominicam
2470 3899 2784 3957 doctrinam
2829 3895 3099 3960 exaudiit,
3140 3908 3265 3965 quae
3308 3891 3448 3949 dicit
3476 3888 3668 3944 Mosen

2084 3996 2227 4051 hanc
2259 3993 2435 4065 legem
2479 3990 2702 4048 dedisse
2730 3987 2915 4046 cordis
2933 3986 3246 4043 Iudaeorum
3292 3980 3515 4040 duritiei
3544 3998 3558 4034 :
3586 3977 3664 4034 le-

2084 4100 2206 4158 gem
2247 4098 2385 4140 vero
2414 4091 2629 4138 natura;
2677 4095 2788 4135 non
2824 4079 2903 4136 ita
2936 4077 3223 4134 habuisse.
3279 4073 3463 4131 Unum
3515 4068 3662 4125 enim

2084 4176 2287 4239 virum,
2316 4173 2519 4245 inquit,
2547 4178 2603 4228 et
2633 4184 2801 4226 unam
2850 4166 3111 4225 feminam
3144 4164 3360 4222 creavit
3410 4161 3576 4226 Deus,
3611 4158 3666 4213 in

2083 4267 2207 4338 ipsa
2235 4265 2521 4322 creatione
2547 4259 2890 4318 matrimonii
2924 4259 3102 4331 legem
3136 4263 3410 4315 statuens.
3440 4250 3509 4307 Et
3539 4264 3669 4322 pro-

2086 4367 2274 4432 pterea
2305 4357 2410 4413 hoc
2439 4356 2657 4419 relicto,
2687 4350 2930 4409 accessit
2956 4349 3025 4407 ad
3042 4350 3245 4422 legem,
3276 4361 3399 4419 qua:
3433 4344 3500 4401 de
3522 4358 3674 4398 mor-

2085 4453 2198 4509 tuis
2232 4451 2344 4507 lata
2376 4457 2483 4517 est,
2520 4457 2577 4505 et
2621 4445 2955 4519 subiunxit:

443 4747 513 4800 δ’.
550 4746 765 4809 Ὥστε,
809 4742 1070 4812 ἀδελφοί
1117 4761 1260 4813 μου,
1302 4743 1401 4798 καὶ
1458 4744 1629 4814 ὑμεῖς
1682 4745 1976 4800 ἐθανατώ-

2156 4740 2320 4796 Vens.
2355 4738 2408 4792 4.
2451 4735 2668 4807 Itaque.
2699 4736 2899 4805 fratres
2948 4748 3048 4787 met
3071 4769 3087 4797 ,
3121 4739 3171 4785 et
3203 4745 3292 4785 vos
3349 4726 3675 4796 morti/irati

372 4841 521 4906 θητε
563 4834 648 4901 τῷ
684 4834 853 4904 νόμῳ
899 4831 1000 4888 διὰ
1037 4832 1147 4888 τοῦ
1199 4833 1479 4903 σώματος
1534 4833 1642 4888 τοῦ
1696 4835 1977 4903 Χριστοῦ,

373 4931 462 4995 εἰς
498 4927 571 4981 τὸ
612 4925 901 4996 γενέσθαι
935 4922 1094 4994 ὑμᾶς
1120 4923 1323 4993 ἑτέρῳ,
1350 4923 1431 4990 τῷ
1457 4924 1529 4980 ἐκ
1561 4924 1795 4993 νεκρῶν
1827 4926 1984 4996 erep-

2078 4835 2208 4890 estis
2248 4831 2352 4903 legi
2384 4845 2477 4899 per
2512 4845 2709 4898 corpus
2763 4825 2991 4891 Christi,
3026 4822 3242 4878 ut'sitis
3274 4836 3368 4876 uos
3419 4819 3666 4881 alterius,

2078 4927 2169 4995 qui
2199 4941 2265 4980 ea:
2297 4901 2521 4978 mortuis
2582 4919 2902 4975 resurrexit.
2954 4918 3119 4990 Atqui
3146 4915 3305 4986 juxta
3356 4911 3667 4982 exemplum

374 4990 567 5076 θέοντι.
619 4990 736 5073 Καὶ
795 5017 903 5090 μὴν
937 4990 1017 5089 τῷ
1055 4990 1466 5089 παραδείγματι
1522 4990 1876 5089 κατάλληλον-
1913 4990 1983 5091 ἦν

2078 4990 2431 5088 consequens
2460 5022 2580 5070 erat
2620 5013 2809 5068 dicere
2842 5028 2860 5065 ι
2894 5010 3002 5067 Lex
3040 5006 3370 5065 mortificata
3398 5010 3483 5061 est
3510 5045 3525 5070 ,
3565 5002 3670 5058 hoc
3704 4990 3713 5003 ’

374 5115 580 5177 εἰπεῖν,
625 5107 979 5180 Ἐθανατώθη
1008 5110 1037 5164 6
1083 5111 1272 5181 νόμος,
1331 5109 1630 5173 τουτέστιν,
1666 5107 1979 5164 ἐπαύσατο.

373 5205 546 5261 Ἀλλά
597 5203 704 5274 τῆς
744 5203 1019 5257 Ἰουδαίων
1071 5202 1358 5267 ἀσθενείας
1418 5202 1736 5274 κηδόμενος,
1774 5201 1981 5273 σφόδρα

373 5299 487 5370 γάρ
521 5297 822 5367 περιεῖπον
853 5294 948 5349 τὸν
975 5294 1162 5365 νόμον,
1212 5295 1307 5348 καὶ
1355 5295 1471 5357 τοῖς
1500 5295 1566 5365 τῇ
1603 5293 1821 5366 Παλαιᾷ
1854 5295 1984 5348 Δια·

372 5392 525 5462 θήκῃ
565 5385 904 5458 πολεμοῦσιν
960 5386 1262 5456 αἱρετικοῖς
1302 5385 1578 5458 πρόφασιν
1615 5387 1696 5450 είς
1743 5401 1985 5457 κατηγο-

378 5482 508 5554 ρίαν
543 5480 611 5533 οὺ
636 5478 965 5549 βουλόμενος
1000 5477 1207 5543 δοῦναι,
1243 5477 1303 5532 οὐ
1342 5476 1435 5531 τὸν
1457 5475 1621 5549 νόμον
1642 5476 1745 5549 ἔφη
1769 5473 1984 5530 πεπαῦ-

378 5574 532 5632 σθαι,
595 5570 711 5624 ἀλλ’
750 5566 906 5625 εἶπεν
934 5570 1085 5641 ἡμᾶς
1130 5567 1544 5625 τεθανατῶσθαι
1598 5568 1677 5641 τῷ
1709 5568 1862 5641 νόμῳ
1893 5567 1983 5623 διὰ

372 5663 476 5719 τοῦ
523 5660 803 5732 σωτηρίου
847 5659 1261 5732 βαπτίσματοςο
1294 5655 1415 5714 εἶτα
1443 5658 1604 5713 πάλιν
1643 5658 1985 5721 ἀναστάντας

2080 5119 2188 5178 est,
2227 5109 2492 5168 cessavit.
2536 5106 2645 5164 Sed
2690 5105 3012 5162 Iudaeorum
3046 5098 3417 5158 imbecillitati
3453 5112 3659 5154 consu-

2084 5202 2226 5266 lens,
2274 5200 2451 5272 legem
2486 5198 2633 5255 enim
2688 5195 2910 5268 plurimi
2962 5192 3260 5259 faciebant,
3285 5197 3341 5247 et
3366 5188 3668 5254 haereticis,

2084 5295 2181 5366 qui
2235 5291 2419 5349 Veteri
2481 5289 2841 5348 Testamento
2874 5295 3006 5342 sunt
3059 5283 3284 5351 infesti,
3323 5281 3449 5354 ejus
3506 5296 3672 5337 accu-

2085 5383 2275 5444 sanda:
2311 5381 2662 5440 occasionem
2695 5376 2829 5432 dare
2861 5376 3094 5442 nolens,
3152 5389 3267 5429 non
3297 5371 3440 5428 dixit
3494 5371 3670 5443 legem

2088 5476 2423 5540 cessavisse,
2479 5470 2573 5528 sed
2625 5468 2766 5524 dixit
2788 5483 2893 5523 nos
2933 5465 3076 5538 legi‘
3133 5463 3500 5520 mortiltcatos
3547 5456 3715 5517 essc'

2091 5583 2190 5639 per
2214 5567 2555 5637 baptismum
2584 5561 2881 5618 salutarem
2918 5578 2931 5615 :
2957 5558 3158 5615 deinde
3190 5572 3315 5614 cum
3344 5554 3671 5613 resurrexis-

2095 5676 2300 5725 senius,
2356 5657 2516 5714 alteri
2577 5653 2906 5727 conjunctos
2967 5668 3115 5720 esse,
3170 5650 3262 5724 qui
3314 5663 3381 5706 ex
3438 5644 3674 5705 mortuis

1648 5841 1884 5901 VARUS
1913 5837 2315 5898 LECTIONES.

450 5990 497 6026 ”
528 5992 575 6050 Β
606 5988 1062 6065 προστετυχέναι.
