4124 6402
494 513 599 577 115

1456 516 1948 579 THEODORETI
1986 516 2330 611 EPISQOPI
2377 518 2747 581 CYRENSIS

3666 510 3769 579 116

497 637 829 697 resurrexnt,
867 644 974 687 nec
1008 636 1119 700 est,
1149 627 1382 686 Domino
1415 626 1661 686 Christo.
1697 629 1764 687 Et
1813 631 2077 702 quoniam

2200 631 2357 704 ιτέρῳ
2383 632 2726 703 συναφθῆναι
2750 629 2828 702 τῷ
2857 631 2921 684 ἑκ
2945 628 3156 697 νεκρῶν
3186 627 3487 700 έγερθέντι,
3520 629 3768 683 τουτέστι

495 723 952 794 conjunctionem
976 731 1030 778 et
1063 722 1477 778 matrimOnium
1508 730 1755 777 nostram
1802 723 1859 777 in
1910 721 2076 777 Chri-

496 825 642 870 stum
676 814 835 871 ﬁdem
877 816 1190 886 appellavit,
1239 814 1436 870 merito
1485 814 1825 869 matrimonii
1861 828 2081 885 quoque

503 909 741 964 l'ructum
803 908 1068 964 ostendit.
1126 907 1188 964 Ut
1233 906 1642 977 fructi/Secutus,
1689 906 1892 977 inquit,
1943 905 2078 960 Deo.

499 1002 633 1068 Quis
663 1009 748 1058 est
774 1012 955 1056 autem
993 1000 1257 1055 fructus?
1290 1000 1363 1058 Ut
1405 1001 1656 1055 membra
1700 1008 1892 1055 nostra
1945 998 2083 1052 ﬁant

498 1108 651 1147 arma
675 1091 925 1162 justitiae.
967 1090 1140 1147 Valde
1168 1102 1349 1147 autem
1392 1092 1673 1163 sapienter
1728 1092 2083 1148 demonstra-

498 1184 575 1239 vit
634 1184 807 1254 legem
867 1183 1066 1254 jubere
1118 1193 1180 1240 ut
1226 1184 1453 1240 Christo
1494 1186 1924 1255 conjungamur.
1962 1182 2082 1238 Non

495 1275 645 1330 enim
677 1277 1024 1347 prohibebat,
1074 1277 1289 1349 inquit,
1338 1293 1451 1350 quo
1506 1279 1692 1333 minus
1728 1285 1915 1348 posset
1960 1292 2082 1331 mu-

497 1368 601 1424 lier
624 1370 717 1424 alii
740 1369 865 1425 viro
911 1370 1124 1429 nubere
1160 1379 1287 1441 post
1338 1371 1543 1440 prioris
1589 1371 1773 1425 mariti
1827 1377 2081 1425 mortem.

499 1459 712 1516 Deinde
740 1476 940 1518 rursus
974 1461 1222 1518 ostendit
1259 1461 1655 1518 diﬂ‘erentiam.

572 1635 744 1692 Vens.
783 1638 838 1693 5.
872 1637 1006 1693 Cum
1028 1640 1168 1693 enim
1198 1656 1434 1695 essemus
1466 1642 1523 1695 in
1546 1657 1727 1694 carne.
1764 1639 1880 1695 lloc
1910 1648 1994 1696 est
2030 1638 2086 1724 in

500 1729 611 1799 7o
634 1730 1056 1801 conversatione
1084 1732 1393 1787 secundum
1426 1734 1623 1803 legem.
1664 1730 1897 1788 Carnem
1934 1733 2084 1788 enim

500 1819 719 1874 vocavit
744 1834 841 1874 eas
873 1821 1019 1892 leges
1048 1835 1172 1894 quae
1205 1822 1362 1876 carni
1396 1820 1541 1877 data:
1574 1830 1727 1887 sunt,
1758 1821 1827 1879 de
1856 1822 2004 1889 cibo,
2033 1830 2090 1878 et

2181 724 2261 796 τῷ
2306 725 2554 797 Δεσπότῃ
2604 722 2845 795 Χριστῷ.
2907 719 3018 776 Καὶ
3081 719 3272 792 ἐπειδὴ
3331 722 3628 790 συνάφειαν
3674 721 3769 774 καὶ

2182 817 2361 887 γάμον
2398 818 2498 890 τὴν
2541 821 2621 882 είς
2659 820 2752 873 τὸν
2779 817 2986 889 Κύριον
3028 816 3445 889 προσηγόρευσε
3485 817 3533 849 ⁸⁵
3560 815 3768 880 πίστιν,

2184 912 2412 975 εἰκότως
2459 911 2702 965 δείκνυσι
2739 912 2835 965 καὶ
2877 910 2969 964 τὸν
3003 910 3100 963 τοῦ
3142 909 3323 980 γάμου
3355 911 3588 981 καρπόν.
3630 906 3772 961 Ἵνα

2184 1001 2778 1072 καρποφορήσωμεν,
2819 1002 2985 1072 φησι,
3025 1000 3105 1066 τῷ
3156 1000 3299 1067 Θεῷ.
3341 1002 3438 1064 Τίς
3467 1001 3524 1053 δὲ
3554 1002 3589 1071 ἡ
3632 1015 3765 1071 καρ-

2186 1094 2458 1166 ποφορίας
2494 1094 2569 1148 Τὸ
2604 1095 2675 1149 τὰ
2709 1094 2844 1167 μέλη
2894 1093 3054 1166 ἡμῶν
3103 1092 3245 1146 ὅπλα
3290 1091 3638 1163 δικαιοσύνης
3676 1107 3772 1160 γεο

2187 1188 2397 1245 νέσθαι.
2434 1188 2598 1244 Μάλα
2643 1189 2701 1242 δὲ
2746 1189 2924 1257 σοφῶς
2965 1187 3129 1241 αὐτὸν
3175 1185 3421 1252 ὑπέδειξε
3466 1185 3560 1239 τὸν
3605 1185 3771 1255 νόμον

2188 1280 2591 1350 παρεγγυῶντα
2623 1280 2701 1351 τῷ
2740 1278 2964 1351 Χριστῷ
2992 1279 3353 1349 συναφθῆναι.
3391 1278 3507 1331 Ούκ
3535 1273 3688 1348 εἶργε
3723 1276 3771 1310 ⁵⁵

2188 1373 2317 1444 γὰρ,
2349 1372 2506 1445 φησὶ,
2532 1372 2631 1444 τὴν
2665 1374 2901 1441 γυναῖκα
2923 1371 3208 1443 γήμασθαι
3238 1370 3395 1440 ἀνδρὶ
3432 1370 3605 1440 ἑτέρῳ
3633 1370 3772 1439 μετὰ

2188 1464 2285 1530 τὴν
2312 1463 2572 1535 τελευτὴν
2601 1462 2697 1518 τοῦ
2731 1464 3022 1535 προτέρου.
3055 1458 3189 1516 Εἶτα
3226 1461 3388 1516 πάλιν
3412 1460 3475 1514 τὸ
3512 1460 3772 1532 διάφορον

2186 1556 2480 1610 δείκνυσιν.

2260 1655 2321 1702 ε’.
2382 1648 2519 1702 Ὅτε
2572 1650 2685 1720 γὰρ
2724 1639 2877 1719 ἦμεν
2933 1648 3004 1700 ἐν
3038 1645 3112 1715 τῇ
3149 1644 3329 1714 σαρκὶ
3383 1644 3655 1712 (τουτέστι
3701 1646 3770 1714 τῇ

2191 1740 2332 1794 κατὰ
2360 1739 2524 1811 νόμον
2562 1741 2830 1813 πολιτείᾳ.
2883 1738 3087 1806 Σάρκα
3125 1736 3233 1808 γὰρ
3262 1736 3363 1799 τὰς
3394 1739 3459 1807 τῇ
3491 1734 3658 1806 σαρκὶ
3687 1734 3776 1787 δε-

2187 1830 2422 1902 δομένας
2472 1830 2798 1902 νομοθεσίας
2843 1830 3118 1902 ὠνόμασε,
3155 1830 3257 1893 τὰς
3309 1828 3440 1900 περὶ
3493 1826 3773 1898 βρώσεως,

500 1917 657 1977 potu,
684 1918 739 1965 et
775 1911 954 1982 lepra,
989 1920 1044 1968 et
1080 1912 1152 1967 iis
1186 1912 1495 1969 similibus.
1549 1913 1843 1969 Passiones
1900 1929 2089 1982 pecca—

2200 1924 2289 1978 καὶ
2320 1924 2553 1989 πόσεως,
2588 1924 2685 1979 καὶ
2721 1923 2966 1995 λέπρας,
3003 1923 3099 1976 καὶ
3148 1921 3219 1976 τὰ
3254 1922 3466 1985 τούτοις
3510 1921 3556 1953 ⁵⁷
3606 1936 3778 1991 προσ-

502 2015 700 2071 torum,
735 2021 854 2075 qua:
880 2020 973 2074 per
1003 2006 1164 2077 legem
1199 2017 1378 2074 erant,
1424 2006 1789 2076 operabantur
1832 2008 1889 2062 in
1919 2023 2085 2063 mem-

2200 2014 2402 2088 ύμοια),
2437 2016 2514 2069 τὰ
2547 1990 2873 2085 παθήματα
2906 2013 3027 2069 τῶν
3061 2011 3387 2083 ἁμαρτιῶν.
3424 2012 3495 2066 τὰ
3525 2009 3623 2064 διὰ
3667 2009 3778 2065 τοῦ

502 2096 614 2152 bris
657 2098 875 2152 nostris.
906 2096 1028 2153 Non
1068 2099 1235 2165 dixit,
1289 2099 1395 2155 sub
1424 2100 1567 2171 lege,
1602 2097 1724 2164 sed,
1767 2113 1860 2168 per
1901 2097 2087 2170 legem.

502 2191 625 2259 ipsa
693 2191 843 2246 enim
900 2208 1012 2248 non
1064 2195 1402 2263 operabatur
1454 2200 1783 2265 peccatum,
1830 2191 1925 2248 sed
1970 2191 2092 2262 ipsa

505 2290 792 2353 peccatum
825 2284 1144 2341 accusabat.
1196 2283 1493 2340 Peccatum
1548 2290 1733 2338 autem
1767 2283 1913 2338 bono
1950 2283 2093 2338 male

505 2391 664 2431 usum
699 2385 806 2432 est.
836 2376 1028 2448 Neque
1076 2394 1205 2434 vero
1259 2379 1505 2433 membra
1550 2385 1743 2432 nostra
1778 2376 2092 2448 operabau-

502 2475 597 2523 tur
627 2477 945 2538 peccatum,
977 2468 1072 2525 sed
1118 2485 1216 2540 per
1256 2470 1502 2525 membra
1559 2477 1748 2524 nostra
1783 2469 1984 2523 animm
2021 2468 2091 2523 ad

504 2558 560 2614 id
613 2558 762 2630 quod
818 2570 906 2617 est
957 2559 1206 2617 deterius
1258 2562 1566 2628 inclinatio,
1610 2560 1909 2632 peragebat
1968 2561 2092 2630 ejus

504 2651 909 2722 operationem.
974 2650 1118 2719 Quid
1180 2662 1362 2709 autem
1414 2668 1478 2709 ex
1503 2668 1569 2711 eo
1626 2652 1956 2709 eveniebat?
2023 2650 2092 2705 Ut

504 2742 897 2814 fructiﬁcarent
938 2745 1120 2798 morti.
1159 2742 1266 2800 Per
1316 2744 1433 2800 hac
1475 2753 1660 2802 autem
1717 2761 1819 2800 nos
1877 2746 2091 2812 docuit,

505 2833 653 2903 quod
685 2841 815 2889 ante
839 2835 1098 2904 gratiam.
1132 2834 1263 2888 dum
1289 2834 1394 2889 sub
1428 2834 1566 2905 legis
1592 2842 1738 2891 statu
1773 2849 2091 2904 ageremus,

505 2925 726 2994 peccati
794 2924 1242 2980 vehementiores
1330 2924 1573 2996 impetus
1647 2924 2090 2990 sustinebamus,

504 3030 630 3069 eum
666 3015 752 3071 les
783 3015 916 3086 quid
947 3023 1097 3072 esset
1143 3015 1371 3086 quidem
1420 3018 1694 3088 agendum
1748 3016 2091 3082 ostenderet,

507 3106 770 3162 auxilium
802 3117 989 3164 autem
1020 3122 1133 3163 non
1170 3108 1361 3164 terret.

582 3301 749 3360 Vens.
782 3302 835 3361 6.
869 3301 1031 3358 Nunc
1054 3312 1235 3358 autem
1261 3303 1425 3359 soluti
1453 3319 1637 3359 sumus
1669 3320 1702 3357 a
1723 3302 1851 3374 lege.
1877 3300 2093 3357 Rursus

509 3402 566 3454 in
591 3397 853 3454 cautione
882 3396 1128 3466 perstitit
1165 3414 1178 3451 :
1214 3407 1268 3452 et
1298 3410 1408 3451 non
1439 3395 1601 3460 dixit,
1649 3396 1834 3450 soluta
1867 3401 1953 3449 est
1982 3393 2092 3458 lex,

511 3490 606 3545 sed
637 3506 736 3544 nos
762 3488 926 3546 soluti
954 3504 1138 3543 sumus
1166 3506 1198 3542 a
1224 3488 1352 3559 lege.
1380 3488 1491 3543 Lex
1543 3488 1760 3544 scilicet
1803 3486 1967 3541 nobis
2012 3485 2098 3539 in-

514 3582 668 3638 utilis
688 3589 797 3649 est,
827 3597 1006 3652 neque
1046 3582 1193 3638 enim
1235 3597 1301 3637 ex
1327 3581 1421 3637 illa
1454 3581 1694 3651 amplius
1727 3581 1897 3634 vitam
1928 3579 2096 3635 iusti-

513 3672 743 3729 tuimus.
782 3671 847 3728 Et
872 3674 1153 3745 quomodo
1195 3674 1366 3729 soluti
1413 3669 1649 3728 sumus?
1685 3668 1892 3725 Μοτιαί
1945 3671 1995 3724 ei
2043 3670 2100 3724 in

510 3781 617 3836 qua
636 3764 1032 3820 detinebantur.
1065 3767 1204 3822 Cum
1235 3764 1382 3822 enim
1418 3763 1520 3833 legi
1553 3762 1780 3817 obnoxii
1823 3778 2099 3826 essemus,

510 3856 856 3914 accessimus
883 3858 951 3913 ad
975 3857 1343 3929 baptismum.
1369 3854 1548 3909 Simul
1582 3864 1765 3911 autem
1792 3872 1916 3911 cum
1946 3855 2106 3912 Chri-

510 3963 598 4007 sto
633 3950 860 4015 mortui,
898 3965 964 4005 ac
1015 3964 1142 4005 cum
1192 3948 1314 4020 ipso
1363 3956 1738 4019 resurgentes,
1796 3948 2102 4020 legislatori

514 4042 803 4112 conjuncti
834 4057 1053 4107 sumus,
1082 4056 1185 4097 nec
1216 4041 1378 4111 legali
1420 4041 1548 4097 vita:
1603 4042 1819 4096 ratione
1865 4041 2105 4110 amplius

515 4147 659 4202 opus
695 4133 990 4189 habemus.
1020 4132 1200 4203 lpsam
1235 4133 1391 4207 enim~
1447 4131 1689 4203 Spiritus
1738 4132 1972 4203 gratiam
2007 4145 2107 4186 ac-

515 4224 784 4292 cepimus.
816 4224 934 4280 lioc
967 4227 1116 4282 enim
1176 4223 1471 4294 sequentia
1523 4224 1832 4281 declarant.
1890 4222 1979 4275 Ita
2046 4230 2104 4275 ut

516 4317 810 4371 serviamus
861 4319 921 4372 in
953 4318 1185 4372 novitate
1232 4317 1481 4385 spiritus,
1513 4326 1563 4370 et
1599 4331 1704 4371 non
1744 4316 1801 4370 in
1846 4320 2109 4369 vetustate

519 4408 732 4462 litterae.
773 4407 837 4462 Et
892 4409 1091 4465 littera
1149 4409 1410 4481 opposuit
1462 4409 1749 4480 spiritum,
1795 4416 1850 4462 et
1902 4408 2105 4463 veteri“

518 4515 749 4564 novum,
785 4511 843 4555 ut
870 4517 968 4572 per
997 4503 1239 4556 litteram
1272 4501 1497 4571 quidem
1530 4501 1705 4571 legem
1764 4500 1868 4571 71
1922 4508 2110 4556 osten-

520 4591 633 4657 dat,
661 4608 755 4663 per
794 4607 950 4649 vetus
990 4602 1199 4660 autem,
1259 4593 1382 4662 ejus
1425 4595 1816 4648 cessationem.
1877 4590 2014 4645 Nam
2055 4598 2111 4645 et

523 4681 669 4739 Deus
734 4683 873 4738 dicit
915 4699 1012 4754 per
1058 4682 1352 4739 Jeremiam

522 4775 769 4833 lsraelet
824 4774 1012 4831 domui
1066 4774 1223 4831 Iuda:
1250 4775 1669 4832 Testamentum
1731 4788 1957 4838 novum,
1994 4789 2103 4828 non

523 4866 827 4924 secundum
873 4874 1270 4922 testamentum
1337 4867 1483 4937 quod
1546 4865 1793 4936 disposui
1854 4866 2107 4936 patrihus

522 4973 736 5025 eorum,
772 4959 826 5014 in
864 4960 952 5014 die
980 4973 1089 5028 qua
1133 4959 1480 5029 apprehensa
1513 4973 1615 5030 ego
1657 4975 1820 5014 manu
1862 4960 2106 5029 ipsorum

524 5049 687 5105 eduxi
729 5065 825 5105 eos
878 5066 910 5106 e
985 5057 1133 5104 terra
1180 5048 1467 5121 Egypti'.
1512 5049 1741 5118 sQuare
1795 5050 1959 5107 etiam
2014 5064 2111 5120 per

527 5139 852 5211 prophetam
883 5147 1106 5196 ostensa
1141 5150 1228 5196 est
1265 5140 1570 5197 dill‘ereutia
1609 5159 1621 5197 :
1657 5149 1711 5196 et
1732 5156 1856 5195 eum
1893 5139 2112 5195 Novum

528 5224 943 5284 Testamentum
990 5233 1339 5300 apparuerit,
1376 5240 1592 5304 oportet
1651 5231 1824 5288 Vetus
1890 5232 2111 5289 cedere.

530 5317 657 5373 llaec
695 5333 821 5374 cum
871 5319 1102 5379 dixisset
1148 5323 1369 5380 divinus
1401 5325 1721 5397 Apostolus,
1756 5334 1810 5381 et
1852 5324 2110 5396 praevide-

532 5418 634 5472 ret,
663 5417 853 5481 utpote
883 5412 1066 5468 divina
1116 5416 1288 5485 gratia
1320 5428 1571 5481 ornatus.
1619 5416 1765 5489 quod
1792 5415 2011 5486 quidam
2048 5431 2114 5471 ex

533 5502 807 5561 haereticis
845 5506 961 5562 luee
986 5508 1051 5562 ad
1086 5507 1303 5567 Veteris
1331 5507 1672 5566 Testamenli
1700 5509 2111 5565 accusationem

615 5685 637 5713 ⁸
678 5675 881 5735 Jerem.
923 5696 1083 5745 xsxt,
1128 5682 1225 5747 51,
1270 5682 1360 5739 52.

2191 2107 2402 2175 νόμου,
2455 2105 2764 2176 ἐνηργεῖτο
2814 2105 2886 2158 ἐν
2946 2103 3072 2169 τοῖς
3120 2102 3382 2173 μέλεσιν
3430 2099 3623 2171 ἡμῶν.
3662 2100 3782 2154 οὐκ

2193 2197 2369 2263 εἷπεν,
2406 2199 2511 2253 ὑπὸ
2549 2198 2643 2252 τοῦ
2703 2197 2894 2268 νόμου,
2933 2197 3092 2262 ἀλλὰ,
3149 2196 3246 2250 διὰ
3284 2194 3394 2249 τοῦ
3425 2195 3638 2263 νόμον.
3700 2193 3778 2247 Οὐ

2194 2292 2304 2363 γὰρ
2328 2291 2492 2357 αὐτὸς
2521 2292 2746 2364 ἐνήργει
2779 2291 2880 2360 τὴν
2924 2289 3225 2360 ἁμαρτίαν,
3252 2286 3369 2342 ἀλλ’
3430 2285 3595 2349 αὐτὸς
3641 2301 3781 2338 κατ-

2194 2384 2389 2456 ηγόρει
2421 2384 2518 2454 τῆς
2536 2384 2832 2455 ἁμαρτίας.
2852 2383 2915 2436 Ἦ
2940 2381 2996 2435 δὲ
3026 2381 3272 2453 ἁμαρτία
3298 2376 3489 2442 κακῶς
3512 2375 3784 2447 ἐκέχρητο

2193 2476 2272 2549 τῷ
2323 2475 2536 2546 ἀγαθῷ.
2582 2475 2722 2529 Uine
2780 2474 2886 2547 μὴν
2933 2474 3005 2528 τὰ
3043 2473 3180 2543 μέλη
3214 2469 3373 2542 ἡμῶν
3410 2470 3632 2540 ἐνήργει
3679 2466 3786 2536 τὴο

2195 2569 2492 2641 ἁμαρτίαν,
2528 2567 2664 2621 ἀλλὰ
2685 2566 2772 2620 διὰ
2810 2566 2919 2619 τῶν
2948 2563 3238 2636 ἡμετέρων
3273 2561 3455 2632 μελῶν
3479 2563 3514 2632 ἡ
3541 2558 3643 2630 τῆς
3673 2558 3784 2628 ψυ-

2194 2663 2299 2733 χῆς
2333 2662 2427 2716 ἐπὶ
2457 2660 2519 2714 τὸ
2548 2663 2728 2731 χεῖρον
2769 2658 2910 2730 ῥοπὴ
2963 2655 3220 2710 ἀπετέλει
3246 2654 3344 2726 τὴν
3369 2653 3575 2723 ταύτης
3625 2652 3785 2723 ὲνέρ-

2194 2769 2368 2821 γειαν.
2420 2751 2485 2804 Τί
2544 2749 2602 2803 δὲ
2655 2747 2906 2801 ἐντεῦθεν
2944 2746 3190 2815 ὲγίνετο;
3231 2742 3335 2809 Είς
3372 2742 3440 2796 τὸ
3477 2757 3786 2811 καρποφοο

2190 2843 2386 2914 ρῆσαι
2439 2842 2521 2909 τῷ
2561 2840 2819 2905 θανάτῳ.
2873 2839 2971 2892 Διὰ
3017 2837 3223 2891 τούτων
3260 2836 3319 2890 δὲ
3356 2836 3506 2907 ἡμᾶς
3542 2834 3786 2901 ἐδίδαξεν

2196 2934 2303 2997 ὼς,
2341 2931 2448 3003 πρὸ
2479 2931 2580 3001 τῆς
2617 2931 2860 3001 χάριτος,
2899 2928 3004 2983 ὑπὸ
3040 2928 3118 2998 τῷ
3150 2928 3302 2999 νόμῳ
3341 2926 3777 2996 πολιτευόμενοι,

2198 3024 2566 3096 σφοδροτέρας
2598 3021 2898 3094 ἐδεχόμεθα
2930 3021 3034 3091 τῆς
3066 3021 3343 3092 ἁμαρτίας
3395 3019 3496 3083 τὰς
3549 3015 3791 3088 προσϐο-

2196 3119 2297 3182 λάς
2328 3157 2344 3183 ,
2402 3115 2497 3170 τοῦ
2556 3117 2724 3187 νόμου
2785 3113 2884 3186 μὲν
2933 3114 2994 3166 τὸ
3028 3113 3302 3185 πρακτέον
3343 3109 3787 3172 ὑποδεικνύντος,

2199 3208 2523 3280 ἐπικουρίαν
2555 3207 2613 3262 δὲ
2643 3207 2704 3261 ού
2740 3205 3093 3277 παρέχοντος.

2274 3307 2350 3367 ς’.
2399 3300 2552 3356 Νυνὶ
2600 3299 2670 3352 δέ
2718 3295 3181 3366 κατηργήθημεν
3228 3294 3350 3350 ἀπὸ
3402 3293 3511 3348 τοῦ
3567 3293 3785 3361 νόμου.

2199 3397 2367 3451 Πάλιν
2381 3395 2640 3464 ἐπέμεινε
2655 3395 2720 3463 τῇ
2742 3393 2930 3461 φειδοῖο
2964 3391 3058 3444 καὶ
3082 3390 3183 3443 οὐκ
3216 3384 3360 3452 εἷπε,
3382 3386 3722 3457 Κατηργήθη
3741 3386 3792 3420 ⁸⁸

2198 3490 2227 3541 ὁ
2260 3488 2444 3558 νόμος,
2487 3485 2624 3552 ἀλλ’,
2659 3482 2859 3553 Ἡμεῖς
2894 3480 3360 3551 κατηργήθημεν
3389 3479 3511 3532 ἀπὸ
3547 3479 3656 3532 τοῦ
3688 3478 3797 3531 νό-

2194 3598 2337 3652 μου.
2375 3578 2689 3643 Τουτέστιν,
2742 3575 2911 3647 ἀργὸς
2954 3576 3089 3645 ἡμῖν
3137 3574 3307 3637 ἐστιν,
3347 3572 3535 3625 οὐκέτι
3571 3570 3693 3624 κατ’
3729 3572 3793 3623 έ-

2201 3676 2377 3728 κεῖνον
2411 3668 2828 3739 πολιτευόμεθα.
2854 3668 2963 3723 Καὶ
2991 3667 3109 3731 πῶς
3142 3666 3576 3736 κατηργήθημεν
3598 3665 3795 3729 ;Ἀπο-

2203 3765 2490 3830 θανόντες
2540 3763 2611 3817 ἐν
2662 3753 2711 3827 ᾧ
2763 3759 3177 3827 κατειχόμεθα.
3244 3755 3626 3824 Ὑποκείμενοι
3679 3752 3794 3823 γὰρ

2203 3857 2282 3930 τῷ
2333 3857 2506 3927 νόμῳ,
2560 3850 3049 3925 προσεληλύθαμεν
3100 3846 3177 3918 τῷ
3222 3845 3600 3917 βαπτίσματιο
3661 3858 3793 3895 συν-

2204 3949 2564 4011 αποθανόντες
2606 3946 2663 4000 δὲ
2703 3945 2779 4014 τῷ
2817 3941 3063 4013 Χριστῷ,
3093 3941 3187 3994 καὶ
3219 3937 3655 4000 συναναστάντες
3692 3937 3796 3989 αύ-

2206 4041 2304 4111 τῷ,
2354 4039 2433 4111 τῷ
2489 4035 2759 4108 νομοθέτῃ
2799 4031 3175 4102 συνήφθημεν,
3213 4030 3309 4083 καὶ⁵
3348 4029 3531 4082 οὐκέτι
3568 4028 3668 4098 τῆς
3698 4042 3797 4079 νο·

2211 4130 2376 4202 μικῆς
2416 4126 2696 4188 πολιτείας
2724 4120 2956 4194 δεύμεθα
2978 4139 2994 4153 ·
3035 4120 3206 4192 αὐτὴν
3229 4119 3337 4191 γάρ
3370 4116 3467 4189 τὴν
3492 4116 3586 4171 τοῦ
3624 4116 3796 4171 Ilvati-

2211 4237 2378 4292 ματος
2422 4218 2581 4288 χάριν
2617 4213 2937 4285 ἐδεξάμεθα.
2980 4212 3152 4266 Τοῦτο
3184 4210 3294 4282 γὰρ
3327 4210 3480 4281 δηλοῖ
3514 4208 3587 4262 τὰ
3638 4206 3792 4279 ἑξῆς·

2212 4314 2393 4369 Ὥστε
2430 4308 2747 4364 δουλεύειν
2784 4304 2945 4376 ημᾶς
2983 4305 3054 4358 ἐν
3087 4305 3397 4370 καινότητι
3429 4302 3792 4369 πνεύματος,

2210 4403 2309 4458 καὶ
2347 4404 2419 4456 οὐ
2458 4399 2815 4465 παλαιότητι
2853 4395 3218 4466 γράμματος.
3260 4394 3371 4447 Καὶ
3407 4390 3675 4461 ἀντέθηκε
3714 4389 3796 4459 τῷ

2214 4496 2312 4566 μὲν
2338 4493 2629 4565 γράμματι
2669 4491 2739 4547 τὸ.
2758 4487 3000 4558 πνεῦμα,
3037 4485 3116 4557 τῷ
3147 4484 3204 4537 δὲ
3242 4483 3458 4555 παλαιῷ
3490 4484 3551 4537 τὸ
3588 4482 3796 4550 καινὸν,

2212 4590 2299 4642 ἵνα
2335 4585 2482 4657 δείξῃ
2509 4582 2584 4655 τῷ
2614 4584 2713 4656 μὲν
2743 4582 3032 4657 γράμματι
3065 4578 3156 4631 τὸν
3187 4577 3374 4649 νόμον,
3397 4577 3475 4648 τῷ
3499 4576 3558 4630 δὲ
3584 4575 3801 4648 παλαιῷ

1417 4694 1436 4738 :
1494 4701 1515 4734 ι
1572 4681 1868 4753 Disponam
1918 4681 2096 4736 domui

2212 4678 2310 4749 τὴν
2340 4655 2534 4730 τούτου
2575 4655 2810 4728 παῦλαν.
2852 4669 2963 4723 Καὶ
2991 4655 3100 4740 γὰρ
3138 4666 3228 4720 διὰ
3279 4667 3543 4737 Ἰερεμίου
3570 4668 3732 4737 φησὶν
3771 4669 3801 4720 ὁ

2211 4770 2342 4833 Θεός
2367 4785 2380 4798 ο
2413 4787 2432 4819 ι
2468 4766 2808 4837 Διαθήσομαι
2845 4762 2924 4833 τῷ
2964 4761 3099 4831 οἴκῳ
3146 4758 3384 4831 Ἰσραὴλ,
3427 4762 3523 4814 καὶ
3551 4759 3628 4832 τῷ
3663 4761 3800 4828 οἴκῳ

2226 4864 2399 4919 Ἰούδα
2439 4860 2708 4931 διαθήκην
2750 4856 2967 4927 καινὴν,
3007 4855 3069 4907 ού
3110 4854 3251 4908 κατὰ
3281 4853 3381 4926 τὴν
3408 4854 3695 4927 διαθήκην,
3732 4856 3801 4927 ἦν

2214 4956 2471 5028 διεθέμην
2517 4957 2631 5015 τοῖς
2674 4950 2945 5020 πατράσιν
2993 4945 3195 5012 αὐτῶν,
3231 4947 3289 4999 ὲν
3321 4947 3508 5020 ἡμέρᾳ
3546 4948 3804 5003 ἐπιλαϐο-

2221 5050 2382 5122 μένου
2423 5064 2524 5119 μου
2559 5045 2660 5115 τῆς
2706 5041 2891 5114 χειρὸς
2932 5038 3132 5103 αὐτῶν,
3174 5037 3464 5108 ἐξαγαγεῖν
3502 5040 3699 5103 αὐτοὺς
3737 5043 3805 5096 ὲκ

2216 5142 2323 5212 γῆς
2362 5138 2664 5208 Αἰγύπτου.
2715 5153 2733 5186 ›
2778 5132 2943 5185 Ὥστε
2983 5129 3076 5182 καὶ
3115 5128 3203 5184 διὰ
3236 5129 3335 5183 τοῦ
3386 5130 3676 5202 Προφήτου
3710 5130 3803 5184 δέ-

2217 5236 2430 5289 δεικται
2465 5231 2525 5285 τὸ
2558 5230 2835 5300 διάφορον,
2875 5232 3093 5304 καὶτῆς
3120 5229 3331 5301 Καινῆς
3353 5224 3635 5296 Διαθήκης
3669 5225 3804 5279 ἀνα-

2220 5327 2507 5399 φανείσης.
2530 5326 2887 5397 ὑποχωρῆσαι
2918 5325 3187 5397 προσήκει
3212 5324 3310 5395 τὴν
3325 5320 3590 5376 Παλαιὰν.
3618 5316 3808 5372 Ταῦτα

2219 5424 2246 5475 ὁ
2277 5419 2419 5483 θεῖος
2461 5416 2784 5480 ’Δπόστολος
2812 5414 3071 5489 εἰρηκὼς,
3100 5415 3193 5468 καὶ
3224 5411 3495 5486 προορῶν,
3529 5410 3606 5473 ὡς
3641 5424 3806 5462 πνευ-

2225 5512 2461 5582 ματικῆς
2490 5510 2712 5582 χάριτος
2742 5508 3065 5577 ἠξιωμένος,
3086 5506 3168 5558 ὅτι
3202 5504 3307 5558 τῶν
3340 5500 3632 5576 αἱρετικῶν
3657 5516 3805 5565 τινες

1848 5793 2080 5848 VARUS
2118 5790 2522 5848 LECTIONES.

603 5938 648 5969 "
678 5932 717 5989 Β
742 5934 1202 6007 προσαγορεύσας.
1280 5934 1325 5966 ⁵⁸
1354 5934 1394 5986 Β
1423 5934 1615 6005 εἴργει.

1693 5933 1737 5965 ⁸⁷
1760 5933 1892 5990 (Ec.
1920 5935 2025 5987 Καὶ
2056 5933 2163 5987 τῶν
2186 5930 2456 5987 τοιούτω-ι.

2537 5930 2581 5962 ⁵⁸
2611 5928 2836 5984 OEeum.
2873 5928 3240 6002 κατήργηται.
