4124 6400
546 419 646 490 119

535 636 797 705 peditat:
830 634 899 690 ad
927 634 979 690 id
1013 643 1194 690 autem
1228 636 1376 706 quod
1406 641 1493 697 est
1523 633 1773 690 deterius
1804 632 2118 696 conversio,

537 734 769 780 mortem
827 724 1060 795 peperit.
1109 722 1406 800 I’ropterea
1459 722 1687 793 proprie
1739 721 1928 792 posuit
1983 719 2118 773 illud

534 818 809 871 inventum
830 824 935 880 est,
976 821 1034 869 ut
1066 813 1323 871 ostendat
1369 812 1520 868 aliud
1548 813 1770 883 quidem
1802 826 1927 867 esse
1981 809 2120 880 legis

538 908 906 978 propositum,
938 905 1087 961 aliud
1116 920 1252 962 vero
1280 904 1335 961 id
1363 903 1514 976 quod
1557 911 1785 977 propter
1833 909 2119 975 peccatum

534 1000 760 1054 accidit.

612 1089 776 1145 Vsus.
810 1090 897 1145 ll.
924 1088 1069 1144 Nam
1098 1099 1398 1161 peccatum,
1446 1090 1725 1146 occasione
1773 1097 1991 1158 accepta
2029 1102 2120 1155 per

533 1176 869 1243 mandatum,
911 1176 1126 1231 seduxit
1166 1193 1271 1243 me,
1321 1187 1372 1234 et
1400 1193 1493 1249 per
1522 1178 1662 1233 illud
1694 1177 1910 1234 occidit.
1970 1176 2120 1233 Idem

531 1268 754 1324 diverse
781 1268 942 1323 dixit.

509 1373 517 1415 ί
606 1360 771 1416 Vens.
803 1362 889 1418 12.
921 1363 1101 1430 Quare
1129 1363 1212 1417 (ea;
1236 1362 1447 1433 quidem
1474 1371 1688 1426 sancta,
1721 1372 1770 1416 et
1802 1360 2122 1415 mandatum

533 1465 801 1521 sanctum,
825 1464 874 1509 et
891 1455 1122 1525 justum,
1155 1464 1204 1510 et
1243 1454 1459 1509 bonum.
1502 1453 1702 1525 Legem
1738 1454 1976 1524 appellat
1999 1467 2119 1507 eam

532 1561 655 1615 qute
680 1544 927 1603 Mosaica
957 1547 1188 1615 dicitur,
1218 1547 1542 1602 mandatum
1568 1562 1721 1613 vero,
1747 1547 1892 1617 quod
1911 1546 2122 1600 Adamo

532 1640 722 1694 datum
762 1648 868 1697 est.
897 1640 1056 1708 Quod
1078 1640 1296 1711 quidem
1338 1641 1595 1710 pluribus
1657 1640 1916 1694 laudibus
1955 1654 2121 1694 orna—

533 1732 630 1795 vit,
654 1748 721 1788 eo
752 1732 902 1804 quod
926 1734 1090 1805 vulgo
1119 1734 1375 1804 pluribus
1418 1733 1599 1789 modis
1651 1741 1966 1790 accusetur.
2014 1731 2121 1798 Qui

531 1824 678 1878 enim
703 1825 817 1880 etio
848 1840 909 1882 se
936 1824 1169 1892 dedunt,
1208 1835 1265 1882 et
1301 1826 1523 1881 virtutis
1563 1825 1784 1881 labores
1810 1822 2117 1894 refugiunt,

1032 484 1046 499 ,
1510 423 2005 485 THEODORETI
2038 420 2380 484 EPISCOPI
2421 426 2788 489 CYRENSIS
3229 487 3232 491 .

536 544 643 614 73
704 541 909 613 arguit.
960 539 1273 597 Mandatum
1341 543 1489 598 enim
1512 582 1527 606 ,
1560 542 1763 612 inquit,
1790 542 1960 595 vitam
1993 553 2123 608 sup»

2228 539 2329 609 τὴν
2362 542 2627 614 πονηρίαν
2657 543 2897 614 ἐλέγχει.
2926 543 3082 615 Ζωῆς
3121 543 3272 617 γάρ,
3317 544 3518 616 φησιν,
3560 547 3593 618 ἡ
3622 546 3811 619 ἐντολὴ

3711 430 3836 505 120'.

2224 631 2501 703 χορηγὸς,
2543 636 2582 705 ἡ
2617 634 2675 687 δὲ
2737 633 2865 706 περὶ
2901 633 2965 687 τὸ
3011 636 3194 706 χεῖρον
3236 635 3416 708 τροπὴ
3452 635 3545 690 τὸν
3582 635 3812 693 θάνατον

2226 724 2530 795 άπεκύησε.
2575 726 2675 781 Διὰ
2718 726 2880 780 τοῦτο
2911 726 3116 797 κυρίως
3144 726 3228 792 τὸ,
3273 730 3508 798 εὑρέθη,
3541 729 3809 793 τέθεικεν,

2226 816 2312 869 ἵνα
2350 816 2523 890 δείξῃ,
2561 817 2723 873 ἄλλον
2752 819 2852 888 μὲν
2885 818 2978 872 τὸν
3010 819 3107 873 τοῦ
3139 820 3310 892 νόμου
3339 821 3569 889 σκοπὸν,
3594 820 3723 876 ἄλλο
3751 820 3817 875 δὲ.

2221 906 2285 959 τὸ
2316 906 2406 961 διὰ
2424 909 2524 981 τὴν
2559 908 2834 982 ἁμαρτίαν
2867 910 3100 982 ωμόάν.

2300 1092 2389 1140 ια’.
2435 1085 2507 1141 Ἠ
2550 1086 2662 1156 γὰρ
2706 1086 2965 1157 ἁμαρτία
2987 1128 3003 1154 ,
3059 1088 3344 1159 ἀφορμὴν
3384 1088 3666 1145 λαϐοῦσα
3710 1088 3813 1145 διὰ

2222 1176 2333 1244 τῆς
2365 1177 2646 1247 ἐντολῆς,
2682 1178 3035 1248 ἐξηπάτησέ
3060 1196 3159 1250 με,
3192 1179 3295 1234 καί
3334 1179 3408 1236 δι’
3442 1178 3636 1249 αὐτῆς
3691 1181 3810 1236 άπ-

2223 1266 2469 1323 ἑκτεινε.
2500 1268 2573 1321 Τὸ
2608 1269 2742 1323 αὐτὸ
2765 1269 3040 1342 διαφόρως
3068 1269 3312 1343 εἴρηκεν.

2299 1358 2385 1430 ιβ’.
2421 1360 2607 1415 Ὥστε
2653 1363 2687 1415 ὁ
2725 1360 2845 1431 μὲν
2887 1362 3072 1432 νόμος
3118 1361 3287 1431 ἅγιος
3311 1403 3325 1426 ,
3376 1361 3477 1418 καί
3514 1364 3553 1432 ἠ
3586 1362 3811 1431 ἐντολή

2223 1453 2383 1522 ἁγία,
2417 1452 2518 1508 καὶ
2544 1452 2766 1519 δικαία,
2805 1454 2905 1508 καὶ
2928 1454 3146 1525 ἀγαθή.
3179 1454 3365 1525 Νόμον
3390 1456 3482 1509 τὸν
3515 1455 3814 1510 Μωσαῖκδν

2226 1546 2402 1609 καλεῖ,
2429 1545 2652 1617 ἐντολὴν
2685 1546 2743 1600 δὲ
2776 1546 2875 1619 τὴν
2901 1545 2980 1617 τῷ
3034 1547 3212 1617 Ἀδὰμ
3261 1546 3578 1620 δεδομένην.
3617 1543 3693 1602 υῦ
3742 1548 3814 1620 δὴ

2223 1635 2384 1706 χάριν
2433 1638 2529 1690 καὶ
2577 1635 2821 1692 πλείοσιν
2862 1637 3180 1693 ἐταινίωσεν
3209 1638 3385 1709 αὐτὴν
3419 1639 3722 1710 εὐφημίαις
3742 1641 3811 1701 ⁸⁸.

2222 1728 2300 1792 ὡς
2358 1727 2582 1794 πλείους
2625 1729 2777 1802 παρὰ
2825 1728 3041 1783 πολλῶν
3091 1729 3395 1803 δεχομένην
3446 1731 3812 1803 κατηγορίας.

2225 1821 2289 1872 υί
2319 1820 2428 1890 γὰρ
2462 1820 2709 1893 ῥᾳθυμίᾳ
2734 1821 3028 1887 συζῶντες,
3065 1822 3164 1877 καὶ
3190 1823 3317 1887 τοὺς
3344 1826 3444 1895 τῆς
3470 1823 3675 1895 ἀρετῆς
3706 1823 3814 1876 οὐκ

532 1913 827 1971 Dominum
860 1914 1031 1973 Deum
1058 1884 1323 1974 accusant
1348 1918 1500 1990 quod
1527 1917 1851 1972 mandatum
1886 1884 2119 1971 dederit.

2228 1910 2597 1981 ἀσπαζόμενοι
2633 1911 2866 1975 πόνους,
2904 1910 3004 1965 καὶ
3038 1911 3136 1966 τοῦ
3177 1911 3451 1965 Δεσπότω
3500 1909 3639 1965 θεοῦ
3667 1926 3818 1965 -κατ-

533 2005 591 2057 Si
635 2005 806 2073 enim,
843 2007 1126 2077 inquiunt,
1164 2007 1311 2079 quod
1346 2016 1469 2063 erat
1506 2006 1754 2062 futurum
1806 2006 2116 2077 ignorabat,

531 2099 810 2167 quomodo
843 2100 1008 2164 Deus,
1051 2101 1148 2172 qui
1182 2100 1368 2156 futura
1415 2117 1527 2157 non
1562 2101 1826 2171 praescit?
1861 2100 1963 2155 Sin
2016 2115 2118 2155 au-

532 2200 641 2245 tem
675 2190 986 2262 praevidens
1028 2193 1533 2260 transgressionem
1576 2191 1731 2248 dedit
1777 2191 2118 2257 mandatum,

533 2283 653 2351 ipse
688 2295 773 2339 est
813 2298 985 2341 causa
1043 2263 1531 2357 transgressionis.
1577 2284 1885 2355 Oportebat
1935 2293 2119 2339 autem

531 2390 629 2430 eos
685 2374 995 2447 intelligere
1057 2392 1244 2433 rerum
1307 2376 1665 2433 honestarum
1738 2377 2123 2446 malarumque

534 2467 816 2522 notionem
867 2469 1203 2538 prapriam"
1263 2484 1457 2524 eorum
1524 2484 1680 2535 esse,
1739 2469 1834 2539 qui
1903 2468 2122 2525 ratione

534 2567 666 2613 sunt
720 2557 956 2629 praediti.
1011 2559 1209 2615 Eorum
1278 2561 1425 2616 enim
1480 2576 1602 2632 quae
1647 2561 1863 2616 ratione
1905 2568 2119 2625 carent,

532 2657 737 2704 natura
762 2666 873 2705 non
904 2650 1069 2706 habet
1099 2651 1214 2706 haec
1247 2649 1598 2707 discernendi
1633 2650 1979 2706 facultatem.
2024 2649 2123 2705 Est

530 2739 682 2794 enim
720 2755 889 2810 rapax
918 2740 1103 2811 lupus,
1137 2742 1225 2799 leo
1256 2742 1608 2808 crudivorus,
1643 2752 1699 2798 et
1734 2742 1850 2797 ursi
1881 2751 1935 2796 et
1963 2741 2121 2812 pardi

537 2832 626 2886 his
670 2833 872 2886 similia
902 2831 1151 2901 faciunt;
1206 2849 1310 2889 nec
1353 2835 1559 2890 habent
1604 2848 1830 2889 sensum
1883 2833 2117 2904 peccati,

539 2939 641 2979 nec
693 2925 1097 2981 conscientiam
1152 2942 1276 2997 qua:
1338 2941 1368 2981 a
1412 2926 1571 2981 factis
1637 2926 1755 2983 suis
1809 2934 2117 2996 pungatur.

536 3014 798 3073 Homines
828 3025 1038 3081 autem,
1071 3019 1294 3075 etiamsi
1331 3019 1521 3076 nullus
1556 3019 1725 3076 rebus
1753 3018 1985 3091 agendis
2025 3020 2116 3074 in-

2223 2001 2517 2076 ηγοροῦσιν
2540 2044 2555 2071 ,
2584 2002 2661 2068 ὡς
2692 2003 3008 2068 τεθεικότος
3043 2004 3144 2077 τὴν
3181 2004 3429 2075 ἐντολήν.
3464 2005 3529 2058 Ei
3569 2003 3670 2074 μὲν
3698 2004 3816 2073 γάρ

2222 2094 2428 2165 ἠγνόει,
2461 2095 2594 2165 φοισλ⁵
2611 2095 2678 2162 ⁸⁸,
2710 2095 2772 2149 τὸ
2802 2097 3189 2167 γενησόμενον,
3215 2096 3333 2163 πῶς
3357 2087 3491 2161 Θεὸς
3512 2099 3541 2151 6
3559 2096 3635 2168 μὴ
3677 2112 3818 2167 προ-

2233 2186 2520 2255 γινώσκων
2549 2186 2618 2241 τὰ
2657 2187 2955 2258 μέλλοντα;
2984 2190 3049 2243 El.
3095 2188 3154 2242 δὲ
3188 2186 3440 2260 προορῶν
3483 2187 3585 2257 τὴν
3627 2187 3816 2260 παρά.

2224 2279 2403 2342 ϐάσιν,
2438 2278 2654 2332 τέθεικε
2697 2279 2798 2351 τὴν
2828 2279 3073 2349 ἐντολὴν,
3103 2279 3269 2343 αὐτὸς
3294 2279 3399 2349 τῆς
3440 2278 3816 2349 παραϐάσεως

2223 2372 2416 2436 αἴτιος.
2450 2371 2600 2425 Ἔδει
2625 2371 2682 2424 δὲ
2712 2372 2915 2435 αὐτοὺς
2954 2371 3212 2438 συνιδεῖν,
3244 2370 3321 2436 ὡς
3351 2370 3483 2426 ἴδιον
3526 2370 3638 2425 τῶν
3664 2370 3820 2440 λογι-

2223 2463 2336 2517 κῶν
2383 2464 2419 2532 η
2465 2461 2576 2515 τῶν
2606 2462 2791 2517 καλῶν
2835 2463 2931 2516 καὶ
2957 2462 3070 2518 τῶν
3113 2462 3379 2517 ἐναντίων
3417 2462 3714 2531 διάγνωσις
3735 2462 3812 2518 ⁸⁸.

2223 2554 2345 2607 Τῶν
2372 2555 2481 2626 γάρ
2515 2555 2729 2621 ἀλόγων
2762 2555 2798 2625 η
2844 2553 3007 2624 φύσις
3046 2553 3150 2607 οὐκ
3185 2552 3301 2624 ἔχει
3341 2553 3444 2624 τὴν
3474 2552 3685 2607 τούτων
3731 2553 3820 2607 δι-

2222 2646 2463 2719 άκρισιν.
2501 2645 2868 2719 Ἀρπακτικὺς
2893 2644 3004 2715 γάρ
3027 2647 3057 2698 6
3079 2643 3263 2710 λύκος,
3286 2643 3574 2716 ὠμοσόρος
3593 2644 3623 2697 6
3645 2643 3817 2709 λέων,

2224 2740 2318 2794 καὶ
2347 2739 2541 2812 ἄρκτοι
2593 2739 2687 2793 καὶ
2719 2738 3018 2808 παρδάλεις
3045 2737 3115 2792 τὰ
3141 2737 3306 2808 ὃμοια
3340 2736 3548 2809 δρῶσι·
3582 2738 3681 2790 καὶ
3707 2737 3821 2790 οὐκ

2223 2831 2407 2903 ἔχουσι
2437 2831 2537 2902 τῆς
2564 2828 2843 2902 ἁμαρτίας
2886 2828 3179 2899 αἴσθησιν,
3218 2827 3281 2881 οὐ
3334 2826 3395 2881 δὲ
3439 2826 3681 2891 συνειδὸς
3707 2826 3826 2881 ὑπὸ

2222 2924 2332 2979 τῶν
2388 2921 2690 2994 γινομένων
2750 2919 3131 2992 κεντούμενον.
3191 2918 3510 2992 ’Ἄνθρωποι
3557 2918 3616 2973 δὲ
3637 2957 3653 2980 ,
3707 2917 3822 2972 κᾶν

2226 3014 2416 3087 μηδεὶς
2447 3016 2560 3078 τοῖς
2597 3014 2910 3083 γινομένοις
2939 3014 3114 3083 παρῇ,
3145 3009 3447 3084 ἐρυθριῶσι
3476 3010 3574 3064 καὶ
3603 3008 3820 3063 δεδίασι

535 3104 713 3168 tersit,
736 3107 1096 3172 erubescunt,
1124 3116 1180 3164 et
1205 3123 1330 3179 qua:
1358 3108 1465 3180 ipsi
1504 3108 1802 3166 admittere
1835 3110 1958 3166 ausi
1986 3118 2121 3166 sunt

2228 3107 2292 3160 τά
2323 3105 2670 3176 τολμώμενα.
2706 3103 2818 3174 Τὴν
2844 3104 2955 3175 γάρ
2979 3102 3322 3175 κατηγορίαν
3353 3102 3571 3171 ὑφαίνει
3591 3099 3653 3154 τὸ
3685 3116 3823 3154 συν-

535 3199 953 3268 pertimescunt.
978 3202 1336 3258 Conscientia
1361 3203 1506 3258 enim
1537 3204 1952 3259 accusationem
1975 3217 2121 3258 com-

2228 3195 2385 3261 ειδός.
2416 3194 2542 3258 Πῶς
2573 3193 2755 3249 τοίνυν
2788 3192 2917 3263 ἐνῆν
2944 3194 3073 3257 τοὺς
3101 3190 3361 3263 τοιαύτην
3390 3190 3616 3261 ἔχοντας
3646 3188 3821 3259 φύσιν

535 3297 714 3358 parat.
762 3288 1052 3356 Quomodo
1109 3307 1242 3363 ergo
1275 3292 1390 3349 fieri
1448 3302 1691 3364 poterat,
1758 3302 1820 3349 ut
1872 3295 1969 3365 qui
2026 3294 2118 3348 tali

2228 3289 2395 3360 χωρὶς
2439 3288 2606 3359 νόμου
2659 3286 3079 3353 πολιτεύεσθαι;
3128 3285 3229 3340 Διά
3279 3301 3365 3338 τοι
3400 3282 3562 3338 τοῦτο
3591 3282 3820 3337 τέθεικε

533 3390 722 3436 essent
776 3390 976 3437 natura
1031 3384 1268 3453 praediti,
1318 3386 1440 3441 sine
1490 3386 1610 3457 lege
1668 3385 1960 3441 viverent?
1990 3385 2124 3440 Pro-

535 3480 720 3539 pterea
779 3472 925 3529 Deus
972 3475 1297 3531 mandatum
1357 3477 1574 3544 statuit,
1626 3486 1686 3533 ut
1732 3486 1787 3533 et
1839 3478 2122 3549 propriam

535 3575 789 3621 naturam
817 3580 1169 3637 agnosceret,
1200 3580 1256 3626 et
1299 3569 1672 3641 legislatorem
1705 3570 1941 3626 timeret.
1971 3567 2127 3626 Licet

535 3666 718 3711 autem
772 3658 1112 3729 legislatoris
1162 3660 1569 3718 humanitatem
1634 3675 1956 3733 agnoscere.
2017 3660 2127 3735 74

535 3744 657 3801 Non
690 3748 839 3802 enim
877 3748 1153 3806 difﬁcilem
1188 3751 1431 3823 aliquam
1479 3753 1653 3825 legem
1690 3753 1838 3818 tulit,
1881 3751 1976 3809 sed
2004 3768 2126 3821 qua:

536 3838 803 3897 facillime
827 3843 1036 3897 servari
1066 3852 1274 3914 posset.
1304 3844 1674 3900 Concesserat
1698 3852 1760 3902 ut
1788 3845 1982 3901 liceret
2012 3844 2124 3901 frui

535 3930 800 3987 omnibus
829 3932 1055 4002 plantis,
1091 3934 1262 3991 unius
1309 3936 1699 3993 tantummodo
1736 3953 1893 3994 csum
1934 3946 2125 3994 vetue-

536 4029 625 4076 rat
662 4042 674 4077 :
710 4039 820 4078 non
858 4023 946 4079 illi
979 4040 1146 4081 unam
1180 4026 1463 4093 invidens,
1509 4027 1791 4095 quomodo
1827 4029 2002 4094 enim,
2030 4027 2125 4098 qui

538 4116 619 4170 illi
645 4117 893 4173 omnium
928 4125 1261 4188 potestatem
1293 4118 1567 4175 dederat?
1594 4118 1701 4175 Sed
1731 4136 1858 4177 eum
1888 4121 2127 4177 servitu-

535 4209 612 4266 tis
641 4208 915 4267 terminos
944 4210 1178 4277 docens,
1214 4219 1270 4267 et
1316 4221 1375 4267 ut
1404 4210 1461 4267 in
1493 4210 1813 4269 Creatorem
1860 4212 2129 4269 benevolo

536 4308 688 4357 esset
736 4300 924 4357 animo
966 4302 1290 4369 instituens,
1321 4311 1378 4360 et
1411 4303 1651 4359 rationis
1684 4302 1951 4360 facultate
1988 4319 2130 4375 prte-

538 4393 659 4450 dito
678 4391 803 4467 ejus
825 4392 1151 4451 exercenda:
1205 4395 1560 4452 occasionem
1593 4395 1866 4465 praebens.
1892 4394 2048 4463 Quod
2081 4397 2128 4451 si

538 4502 651 4543 non
691 4495 916 4545 servato
935 4496 1216 4560 praecepto
1250 4488 1447 4545 mortis
1480 4488 1708 4546 decreto
1735 4488 1993 4546 addictus
2020 4498 2124 4555 est,

2222 3380 2323 3452 τὴν
2351 3379 2571 3450 ἐντολὴν
2600 3380 2629 3432 6
2657 3378 2791 3442 Θεὸς
2816 3418 2833 3444 ,
2864 3378 2954 3431 ἵνα
2986 3377 3082 3430 καὶ
3115 3377 3216 3447 τὴν
3247 3373 3458 3429 οἰκείαν
3491 3371 3656 3443 φύσιν
3686 3374 3821 3427 ἑπι-

2227 3473 2500 3545 γινώσκῃ,
2534 3471 2631 3527 καὶ
2654 3472 2745 3524 τὸν
2766 3469 3072 3542 νομοθέτην
3099 3467 3372 3540 δειμαίνῃ.
3403 3468 3564 3521 Ἐστι
3598 3464 3656 3517 δὲ
3681 3463 3820 3519 ἰδεῖν

2226 3566 2322 3620 καὶ
2361 3562 2459 3618 τοῦ
2491 3562 2789 3633 νομοθέτου
2819 3560 2918 3632 τὴν
2964 3558 3404 3630 φιλανθρωπίαν.
3437 3556 3512 3611 Οὐ
3544 3555 3654 3626 γάρ
3682 3569 3821 3609 τινα

2224 3655 2671 3726 δυσκατόρθωτον
2701 3651 2915 3706 τέθεικε
2946 3651 3146 3721 νόμον,
3192 3645 3330 3702 ἀλλὰ
3365 3645 3462 3700 καὶ
3490 3644 3612 3699 λίαν
3644 3643 3819 3699 εὐπε-

2226 3747 2335 3812 τῶς
2366 3746 2705 3818 φυλαχθῆναι
2754 3743 3078 3815 δυνάμενον.
3133 3741 3363 3796 Πάντων
3405 3736 3659 3792 ἐδεδώκει
3700 3735 3821 3791 τῶν

2228 3841 2412 3911 φυτῶν
2444 3839 2542 3911 τὴν
2592 3837 2929 3901 ἀπόλαυσιν,
2983 3833 3102 3896 ἐνὸς
3146 3831 3206 3885 δὲ
3264 3830 3425 3902 μόνου
3476 3827 3821 3884 ἔκεκωλύκει

2228 3934 2329 4006 τὴν
2375 3929 2718 4005 μετάληψιν,
2768 3929 2833 3982 οὐ
2881 3924 3096 3996 φθονῶν
3148 3924 3297 3996 αὐτῷ
3346 3922 3442 3979 τοῦ
3489 3923 3611 3986 ἑνὸς
3670 3920 3822 3988 (πῶς

2230 4025 2338 4096 γάρ
2364 4025 2394 4077 ὅ
2414 4040 2478 4091 γε
2505 4021 2727 4075 πάντων
2752 4018 2903 4089 αὑτῷ
2934 4017 3033 4089 τὴν
3059 4014 3312 4082 ἐξουσίαν
3342 4011 3712 4087 παρεσχηκώς
3738 4011 3789 4084 ;)

2228 4114 2366 4171 ἀλλὰ
2397 4113 2497 4184 τῆς
2543 4109 2788 4173 δουλείας
2836 4107 3001 4162 αὑτὸν
3045 4103 3386 4161 ὲκπαιδεύων
3408 4104 3536 4169 τοὺς
3564 4104 3727 4175 ὅρους
3765 4104 3819 4166 ⁷,

2231 4208 2330 4263 καί¹
2374 4204 2567 4261 εὔνουν
2616 4200 2760 4257 εἶναι
2807 4199 2939 4273 περὶ
2986 4199 3078 4254 τὸν
3121 4197 3472 4269 Πεποιηκότα
3519 4194 3820 4258 διδάσκων,

2230 4299 2327 4356 καὶ
2368 4295 2625 4370 ἀφορμὴν
2667 4296 2749 4359 είς
2800 4289 3111 4365 γυμνασίαν
3157 4288 3418 4363 παρέχων
3462 4285 3544 4359 τῷ
3580 4283 3817 4354 λογικῷ.

2232 4394 2295 4449 Εί
2341 4390 2537 4462 δὲρτὴν
2584 4386 2805 4459 ἐντολὴν
2854 4385 2931 4458 μὴ
2969 4383 3213 4456 φυλάξας
3256 4381 3364 4436 ὑπὸ
3410 4379 3503 4434 τὸν
3543 4379 3672 4452 ὅρον
3716 4376 3822 4432 τοῦ

2232 4483 2469 4539 θανάτου
2507 4479 2749 4549 κατέστη
2771 4520 2786 4544 ,
2832 4477 2895 4532 οὐ
2929 4473 3238 4548 κατηγορία
3261 4472 3422 4527 τοῦτο
3447 4470 3543 4527 τοῦ
3573 4469 3825 4525 τεθεικό-

541 4595 651 4634 non
686 4590 775 4636 est
815 4579 923 4635 hoc
956 4580 1121 4652 culpa
1153 4579 1281 4651 ejus
1325 4580 1425 4652 qui
1473 4579 1645 4645 dedit,
1699 4579 1796 4637 sed
1850 4580 1976 4651 ejus
2030 4582 2124 4652 qui

2236 4594 2348 4642 τος,
2374 4573 2512 4630 άλλά
2547 4572 2644 4627 τοῦ
2687 4566 3162 4642 παραϐεϐηκότος.
3197 4565 3273 4620 Οὐ
3304 4564 3416 4637 γὰρ
3453 4562 3675 4634 ίατρδς,
3708 4562 3826 4621 άπ-

540 4680 924 4742 transgressus
960 4682 1064 4727 est.
1094 4669 1291 4742 Neque
1342 4671 1488 4726 enim
1527 4670 1799 4737 medicus,
1844 4673 1939 4741 qui
1973 4672 2132 4743 jubet

542 4774 748 4835 :egroto
781 4774 840 4820 ut
869 4779 900 4819 a
928 4763 1141 4835 frigidae
1163 4772 1295 4835 potu
1325 4763 1627 4830 abstineat,
1660 4765 1712 4821 ei
1746 4765 2003 4821 invidens
2029 4766 2133 4821 hoc

548 4856 699 4921 facit,
727 4858 823 4912 sed
847 4857 972 4928 ejus
1002 4856 1299 4913 sanitatem
1343 4870 1678 4926 procurans.
1716 4857 1905 4924 Quare
1936 4858 1983 4913 si
2014 4859 2128 4923 ille,

549 4960 657 5000 non
683 4955 905 5000 servato
928 4951 1226 5016 praecepto,
1247 4942 1502 5015 frigidam
1532 4958 1731 5016 aquam
1752 4945 1982 5010 biberit,
2009 4946 2132 5017 ipse

442 5067 470 5078 σς
547 5039 614 5091 ad
669 5052 729 5092 se
785 5037 1049 5093 damnum
1103 5034 1669 5092 attrahit:medicus
1729 5044 1914 5092 autem
1978 5039 2131 5093 nulla

549 5128 710 5198 culpa
748 5143 977 5184 vacuus.
1013 5125 1283 5181 Dominus
1304 5142 1439 5197 ergo
1467 5126 1635 5194 Deus,
1670 5137 1727 5184 et
1771 5128 1955 5199 ipsum
1987 5131 2137 5185 Ada-

459 5258 480 5297 ,η
550 5237 722 5289 ιιιιιιιι,
747 5232 798 5277 et
845 5228 1024 5275 totum
1056 5218 1207 5274 illius
1247 5234 1443 5291 genus,
1471 5219 1621 5276 omni
1663 5233 1800 5277 cura
1840 5232 1896 5277 et
1951 5223 2137 5279 studio

546 5314 806 5384 dignatus
829 5320 941 5366 est.
976 5309 1156 5381 Atque
1175 5315 1256 5375 ut,
1288 5311 1414 5367 aliis
1446 5311 1694 5380 omissis,
1725 5312 1792 5368 ad
1836 5314 1890 5371 id
1921 5316 2135 5371 veniam

549 5408 696 5477 quod
725 5414 809 5460 est
838 5403 1141 5458 tnaximum
1167 5411 1221 5459 et
1256 5406 1626 5476 praecipuum,
1679 5415 1904 5479 propter
1955 5409 2130 5474 illmu,

548 5509 604 5553 t-t
629 5499 777 5553 illius
808 5511 1001 5566 genus,
1038 5495 1380 5566 unigenitum
1433 5497 1525 5553 Dei
1572 5497 1812 5555 Verbum
1841 5500 2005 5554 homo
2057 5501 2134 5554 fa-

549 5604 697 5646 etum
732 5597 836 5651 est,
873 5594 925 5641 ct
967 5588 1161 5643 mortis
1197 5588 1541 5645 dominatum
1576 5591 1757 5663 fregit,
1801 5594 1895 5661 qui
1939 5593 2007 5647 ab
2041 5594 2132 5646 illo

2236 4667 2457 4738 έχεσθαι
2500 4663 2742 4719 κελεύων
2772 4658 3152 4733 ψυχροποσίας
3194 4656 3276 4728 τῷ
3310 4657 3596 4728 κάμνοντι,
3631 4652 3821 4723 φθόνῳ

2239 4760 2569 4831 βαλλόμενος
2610 4754 2771 4810 τοῦτο
2807 4754 2987 4815 ποιεῖ,
3018 4750 3157 4805 ἀλλὰ
3184 4750 3286 4819 τὴν
3328 4748 3520 4818 ὑγείαν
3549 4761 3822 4817 πραγμα-

2235 4853 2548 4923 τευόμενος.
2580 4850 2643 4902 Ei
2670 4847 2728 4901 δὲ
2755 4848 2962 4909 ἐκεῖνος
2986 4884 3002 4911 ,
3058 4843 3132 4914 μὴ
3164 4841 3412 4911 φυλάξας
3444 4842 3544 4912 τὴν
3571 4836 3820 4909 ἐντολὴν,

2243 4942 2538 5017 μεταλάϐοι
2558 4940 2653 4995 τοῦ
2683 4939 2897 5002 ὓδατος,
2921 4936 3085 5000 αὐτὸς
3115 4935 3418 4988 ἐπισπᾶται
3442 4932 3541 5005 τὴν
3571 4928 3779 5001 βλάϐην
3802 4944 3820 4960 ·

2234 5038 2264 5090 ὁ
2288 5036 2345 5089 δέ
2377 5051 2442 5103 γε
2472 5032 2655 5103 ίατρὸς
2693 5030 2794 5101 τῆς
2818 5024 3156 5096 κατηγορίας
3197 5023 3510 5086 ἀνεύθυνος.
3550 5019 3608 5074 '0
3634 5018 3823 5090 μέντοι

2235 5127 2513 5196 Δεσπότης
2538 5124 2694 5187 Θεὸς,
2724 5120 2820 5176 καὶ
2851 5118 3018 5173 αὐτὸν
3044 5117 3139 5171 τὸν
3192 5114 3367 5185 ’Δδὰμ
3394 5154 3410 5179 ,
3443 5112 3540 5167 καὶ
3576 5106 3726 5167 ἅπαν
3757 5109 3825 5164 τὸ

2234 5220 2444 5274 ἐκείνου
2477 5216 2659 5287 γένος,
2694 5214 2882 5284 πάσης
2920 5207 3242 5291 ἐπιμελείας
3281 5206 3504 5277 ἠξίωσε.
3540 5204 3653 5258 Ka‘t
3705 5202 3817 5266 ἵνα,

2234 5312 2304 5367 τά
2330 5310 2462 5367 ἄλλα
2493 5307 2674 5378 ἀφεὶς,
2707 5306 2801 5360 ἐπὶ
2832 5304 2895 5357 τὸ
2928 5300 3270 5372 κυριώτατον
3299 5298 3463 5367 ἔλθω,
3495 5297 3564 5350 δι’
3588 5297 3823 5357 ἐκεῖνον,

2241 5408 2336 5460 καὶ
2375 5403 2436 5457 τὸ
2488 5399 2701 5456 ἐκείνου
2755 5399 2912 5468 γένος
2940 5436 2956 5462 ,
2995 5397 3025 5449 6
3082 5393 3380 5464 μονογενὴς
3429 5388 3823 5462 ὲδηνθρώπησε

2243 5499 2435 5565 Λόγος,
2468 5496 2561 5548 καὶ
2585 5493 2680 5545 τοῦ
2710 5489 2944 5544 θανάτου
2974 5485 3073 5558 τὴν
3100 5482 3420 5538 δυναστείαν
3452 5481 3822 5541 κατέπαυσεν,

2245 5589 2305 5655 ἐξ
2328 5589 2539 5643 ἐκείνου
2570 5585 2668 5656 τὴν
2692 5582 2867 5654 ἀρχὴν
2892 5577 3199 5650 δεξαμένην
3220 5591 3232 5605 ·
3277 5577 3371 5632 καὶ
3400 5575 3497 5646 τὴν
3523 5573 3823 5631 ἀνάστασιν

1838 5768 2073 5824 VARUS
2115 5764 2520 5823 Ll‘ICTiONES.

641 5881 686 5915 ”
715 5881 759 5939 Α
787 5884 1088 5956 στεφάνοις.

1171 5886 1213 5920 ⁶”
1238 5885 1316 5944 Ita
1347 5888 1413 5941 Α.
1453 5883 1733 5943 Sirmoudi
1767 5884 1899 5942 edit.
1935 5886 2089 5958 φησί.

2243 5892 2285 5940 Α
2321 5886 2428 5940 τῶν
2458 5884 2532 5956 μὴ
2561 5881 2819 5938 τοιούτων
2844 5878 3134 5953 διάκρισις.
