4124 6464
485 460 594 532 ’123

1474 463 1964 527 THEODORETI
1990 455 2356 522 'EPISCOPI
2386 462 2752 523 CYRENSIS

3664 457 3780 526 1Ξά

501 578 714 652 peccati
756 577 1149 649 cognitionem,
1180 576 1275 633 sed
1311 583 1603 648 postquam
1634 577 1704 631 ab
1734 574 1827 630 illa
1859 581 2073 644 pertur-

2189 571 2280 642 τῆς
2316 572 2594 643 ἁμαρτίας
2618 589 2633 604 ·
2672 570 2811 642 μετά
2837 568 2894 624 δέ
2924 586 2987 640 γε
3014 571 3113 643 τὴν
3150 570 3362 628 παῦλαν
3389 571 3485 627 τοῦ
3531 572 3776 632 πάθους,

489 669 716 727 hatione
745 668 1037 738 quieverit,
1075 666 1205 722 mali
1258 675 1392 721 tunc
1418 680 1643 722 sensum
1674 664 1901 734 accipit.
1947 659 2074 717 Non

490 762 633 816 enim
658 760 797 831 quod
831 759 951 814 volo
999 759 1095 815 hoc
1124 774 1245 830 ago,
1294 757 1388 813 sed
1431 756 1573 828 quod
1620 757 1712 812 odi
1745 757 1881 810 illud
1907 755 2073 825 facio.

496 851 615 908 Hoc
646 867 678 907 a
702 853 819 923 lege
846 852 1076 923 pulchre
1098 849 1332 905 edicitur
1358 865 1372 903 :
1409 864 1607 919 nempe
1631 856 1691 903 ut
1718 848 1917 903 doceat
1943 846 2077 917 quid

496 944 569 997 sit
597 942 823 1005 malum,
867 949 923 995 et
954 941 1074 1010 ejus
1101 939 1288 993 odium
1329 938 1527 992 animae
1570 938 1801 992 inserat.
1846 936 1947 990 Illa
1981 950 2079 989 au-

498 1044 628 1095 tem,
661 1032 800 1104 quod
830 1048 933 1085 non
961 1032 1099 1096 volo,
1127 1038 1181 1085 et
1207 1029 1347 1102 quod
1377 1031 1487 1097 odi,
1520 1046 1630 1084 non
1663 1029 2075 1093 necessitatem,

496 1123 593 1178 sed
630 1124 1061 1178 imbecillitatem
1097 1122 1434 1194 significant.
1485 1121 1606 1178 Non
1636 1122 1782 1177 enim
1833 1120 2082 1176 necessia

497 1223 628 1277 tate,
662 1221 757 1269 aut
791 1214 841 1268 vi
873 1216 1063 1285 aliqua
1097 1215 1322 1286 impulsi
1356 1229 1677 1285 peccamus,
1710 1214 1807 1270 sed
1853 1230 1886 1270 a
1919 1214 2080 1268 volu-

497 1315 650 1378 ptate
701 1307 918 1365 deliniti
968 1308 1204 1364 facimus
1257 1323 1380 1379 quae
1435 1316 1495 1363 ut
1547 1307 1820 1379 ﬂagitiosa
1872 1308 2082 1364 abhor-

499 1416 712 1456 rcmus.
1448 1462 1455 1469 ,

573 1490 744 1547 Vens.
779 1492 863 1547 16.
897 1490 958 1547 Si
987 1501 1165 1547 autem
1197 1492 1338 1564 quod
1369 1493 1491 1547 nolo
1522 1492 1657 1546 illud
1710 1492 1852 1561 facio
1877 1532 1892 1557 ,
1952 1506 2081 1545 con-

501 1581 674 1635 sentio
710 1581 815 1652 legi
845 1581 985 1652 quod
1016 1583 1151 1636 bona
1185 1592 1286 1637 est.
1335 1582 1473 1637 Illud
1519 1584 1664 1637 enim
1695 1582 1884 1637 odium
1910 1621 1927 1646 ,
1973 1596 2085 1651 quo

505 1672 560 1726 ln
593 1684 875 1742 peccatum
911 1673 1151 1741 aﬂicior,
1201 1690 1232 1729 a
1266 1676 1386 1745 lege
1418 1675 1629 1745 accepi.
1666 1675 1865 1747 Legem
1898 1677 2085 1747 itaque

501 1761 761 1826 defendo,
788 1770 847 1819 'et
875 1780 993 1820 eam
1026 1772 1176 1826 recte
1199 1766 1403 1821 habere
1437 1764 1636 1822 lateor.

2177 664 2278 734 τὴν
2303 662 2555 734 αἴσθησιν
2589 662 2806 733 δέχεται
2852 661 2948 715 τοῦ
2992 662 3182 718 κακοῦ.
3227 667 3311 719 οὐ
3359 664 3469 737 γὰρ
3509 663 3541 719 ὃ
3590 664 3776 730 θέλω,

2179 753 2356 808 τοῦτο
2381 752 2658 821 πράσσω,
2688 754 2828 809 ἀλλ’
2857 753 2889 808 ὃ
2908 753 3071 823 μισῶ
3088 756 3155 821 ⁸⁸,
3192 757 3370 812 τοῦτο
3397 756 3566 812 ποιῶ.
3593 755 3781 811 Τοῦτο

2179 844 2273 900 τοῦ
2296 845 2463 917 νόμου
2507 845 2844 917 κατόρθωμα
2865 886 2880 910 ,
2911 847 2973 900 τὸ
3010 847 3222 912 διδάξαι
3253 850 3306 902 τί
3339 849 3401 903 τὸ
3434 852 3605 904 κακὸν
3624 892 3638 915 ,
3671 851 3777 904 καὶ

2184 937 2338 1006 μῖσος
2374 935 2610 989 ἐνθεῖναι
2646 939 2712 1007 τῇ
2746 936 2893 1009 ψυχῇ
2958 939 3088 1009 περὶ
3134 938 3293 993 τοῦτο
3311 940 3375 996 ⁶⁹.
3427 940 3503 994 Τὸ
3559 939 3773 1012 μέντοι,

2182 1026 2215 1081 ὃ
2237 1031 2309 1082 οὐ
2332 1027 2509 1091 θέλω,
2541 1030 2656 1095 καὶ,
2687 1027 2719 1082 ὃ
2750 1029 2933 1099 μισῶ,
2975 1031 3075 1084 οὐκ
3106 1030 3434 1100 ἀνάγκηςτθ,
3469 1032 3583 1086 ἀλλ’
3607 1033 3806 1101 ἀσθετ

2181 1119 2329 1182 νείας
2350 1117 2648 1190 δηλωτικά.
2687 1118 2764 1174 Οὐ
2809 1119 2918 1191 γὰρ
2951 1121 3041 1173 ὑπ’
3069 1120 3319 1193 ἀνάγκης
3350 1122 3493 1186 τινὸς
3517 1122 3613 1176 καὶ
3644 1120 3776 1193 βίας

2182 1210 2483 1282 ὠθούμενοι
2540 1212 3008 1284 πλημμελοῦμεν,
3072 1214 3188 1268 ἀλλ’
3254 1214 3359 1268 ὑπὸ
3414 1217 3516 1283 τῆς
3568 1214 3777 1286 ἡδονῆς

2185 1306 2641 1379 καταθελγόμενοι
2691 1307 2956 1380 ποιοῦμεν
3007 1308 3152 1380 άπερ
3195 1309 3273 1373 ὡς
3312 1292 3610 1381 παράνομα
3644 1307 3776 1379 βδε-

2184 1398 2343 1451 λυττὸ
2349 1396 2505 1468 μεθα.

2257 1496 2353 1555 ις’.
2384 1491 2453 1543 El
2485 1488 2553 1541 δὲ
2578 1489 2608 1542 ὃ
2639 1491 2713 1543 οὐ
2738 1488 2891 1544 θέλω
2926 1489 3061 1559 ἐγὼ,
3088 1490 3266 1544 τοῦτο
3293 1489 3464 1557 ποιῶ,
3492 1490 3778 1559 σύμφημι

2184 1578 2267 1646 τῷ
2298 1581 2480 1648 νόμῳ,
2518 1578 2606 1632 ὅτι
2642 1581 2849 1646 καλός.
2886 1580 3027 1634 Αὐτὸ
3079 1580 3189 1651 γὰρ
3234 1580 3296 1633 τὸ
3345 1582 3524 1650 μῖσος,
3563 1566 3779 1650 δ’περὶ

2184 1670 2283 1742 τὴν
2331 1670 2606 1741 ἁμαρτίαν
2651 1670 2801 1741 ἔχω,
2852 1672 3005 1742 παρά
3056 1670 3150 1724 τοῦ
3202 1671 3371 1743 νόμου
3406 1670 3589 1726 λαϐὼν
3636 1669 3771 1740 ἔχω.

2187 1761 2396 1817 Οὐκοῦν
2430 1762 2717 1834 συνηγορῶ
2737 1762 2814 1833 τῷ
2845 1763 3015 1834 νόμῳ,
3055 1763 3148 1816 καὶ
3178 1758 3236 1817 εὖ
3270 1762 3429 1817 αὑτὸν
3464 1760 3609 1832 ἔχειν
3632 1761 3776 1832 ὁμο-

2185 1852 2350 1922 λογῶ.

576 1939 743 1995 Vns.
778 1942 862 1995 17.
904 1939 1060 1995 Nunc
1091 1950 1268 1995 autem
1289 1942 1409 2011 jam
1440 1958 1545 1997 non
1578 1960 1673 2014 ego
1712 1959 1901 2012 operor
1923 1943 2084 2012 illud,

2262 1947 2351 2012 ιζ’.
2400 1946 2553 2001 Νυνὶ
2595 1944 2664 1998 δὲ
2709 1944 2913 1999 οὐκέτι
2976 1945 3091 2015 ἐγὼ
3129 1927 3576 2015 κατεργάζομαί
3598 1943 3780 2010 αὐτὸ,

504 2032 597 2087 sed
622 2032 761 2102 quod
790 2034 997 2087 habitat
1026 2035 1079 2088 in
1112 2052 1195 2089 me
1221 2046 1514 2105 peccatum.
1551 2034 1676 2091 Haec
1709 2037 2090 2092 declaratione

505 2130 561 2177 et
595 2122 850 2192 pluribus
889 2124 1071 2180 verbis
1121 2125 1391 2196 indigent.
1426 2126 1640 2197 Corpus
1681 2128 1912 2182 mortale
1955 2127 2088 2183 effe-

501 2222 655 2269 ctum
694 2224 816 2284 post
870 2216 1136 2288 praecepti
1192 2219 1722 2289 transgressionem,
1758 2219 1929 2274 animi
1969 2235 2093 2275 mo-

505 2312 596 2360 tus
624 2314 679 2360 et
722 2305 1044 2363 aliectiones
1090 2310 1358 2380 suscepit.
1394 2309 1510 2365 Sub
1544 2310 1631 2366 his
1657 2312 1808 2366 enim
1846 2326 2091 2382 praesens

503 2396 618 2450 vita
646 2397 918 2453 subsistit.
953 2398 1091 2469 Eget
1117 2401 1267 2454 enim
1309 2402 1618 2471 cupiditate
1644 2444 1660 2467 ,
1695 2420 1804 2458 non
1841 2405 2088 2460 alimenti

505 2496 719 2541 tantum
757 2503 929 2543 causa
950 2528 966 2553 ,
1015 2490 1107 2544 sed
1140 2499 1196 2545 ct
1223 2491 1523 2547 liberorum
1557 2497 1963 2564 procreationis
1986 2538 2000 2564 ,
2036 2506 2092 2554 et

500 2576 876 2646 agricultum,
894 2587 949 2633 et
968 2578 1198 2633 aliarum
1213 2579 1321 2650 77
1341 2580 1541 2635 artium
1563 2583 1759 2651 gratia.
1782 2583 1911 2639 Hauc
1938 2584 2088 2639 enim

503 2669 553 2725 si
584 2684 697 2724 non
729 2680 878 2725 esset
899 2709 915 2732 ,
964 2671 1104 2724 nihil
1136 2672 1336 2726 horum
1369 2673 1725 2728 consisteret.
1763 2675 1889 2731 llaec
1928 2677 2090 2732 nobis

504 2744 669 2818 etiam
702 2762 771 2817 ad
799 2764 966 2818 vitam
992 2779 1057 2819 ex
1108 2764 1315 2820 virtute
1362 2765 1757 2822 instituendam
1799 2769 2084 2823 conducit.

504 2851 612 2921 Qui
651 2854 796 2909 enim
819 2869 939 2911 eam
983 2869 1094 2911 non
1131 2855 1441 2923 desiderat,
1480 2858 1700 2914 labores
1748 2861 1870 2930 ejus
1919 2876 2090 2916 causa

504 2945 894 3017 suscipiendos
930 2963 1039 3003 non
1088 2949 1307 3004 tolerat.
1343 2950 1468 3020 Ipsa
1499 2966 1722 3021 quoque
1754 2952 1916 3009 nobis
1948 2953 2093 3009 divi-

505 3051 639 3092 num
683 3052 928 3092 amorem
979 3038 1197 3094 inserit.
1247 3038 1538 3110 Cupiditas
1589 3042 1774 3112 itaque
1806 3044 2089 3100 moderata

506 3125 577 3180 ad
617 3140 706 3183 res
736 3127 913 3185 bonas
946 3137 1000 3184 et
1028 3128 1296 3186 honestas
1348 3132 1572 3199 adjuvat
1602 3151 1617 3200 ;
1649 3133 1872 3188 modum
1906 3142 2087 3192 autem

504 3220 782 3273 excedens
825 3219 1312 3290 intemperantiam
1362 3222 1598 3277 inducit.
1648 3223 1775 3279 Haec
1805 3226 1988 3291 enim,
2028 3234 2088 3281 ut

427 3375 436 3385 _
506 3314 563 3364 et
591 3309 787 3365 alienis
821 3311 1035 3381 nuptiis
1066 3312 1283 3368 insidiae
1312 3325 1597 3384 parentur,
1633 3325 1689 3371 et
1719 3332 1843 3387 quae
1879 3318 1945 3373 ad
1986 3334 2089 3375 nos

507 3414 622 3453 non
656 3401 937 3472 pertinent
969 3412 1322 3474 appetantur,
1365 3415 1419 3462 et
1466 3406 1757 3462 latrocinia
1787 3424 2092 3465 exercean-

508 3500 624 3559 tur,
662 3499 719 3549 et
773 3496 1027 3565 sepulcra
1054 3496 1424 3562 etl‘odiantur,
1458 3507 1514 3554 et
1554 3499 1731 3556 credes
1767 3509 2092 3572 perpetren-

509 3593 623 3651 tur,
656 3593 711 3639 et
735 3586 1145 3653 ejusmodi-alia
1178 3588 1331 3655 ﬁant,
1362 3587 1546 3645 eﬂicit.
1588 3589 1655 3645 Et
1696 3591 1824 3648 ideo
1858 3594 2090 3649 univer-

509 3689 700 3731 sorum
730 3674 872 3731 Deus
907 3677 1041 3731 iram
1089 3678 1168 3733 illi
1210 3678 1464 3747 adjunxit
1488 3722 1504 3748 ,
1560 3689 1619 3736 ut
1644 3683 1792 3740 illius
1828 3683 2094 3739 immode-

508 3765 784 3822 rationem
823 3769 1169 3838 reprimeret.
1207 3771 1385 3827 Habet
1426 3782 1605 3828 tamen
1635 3783 1690 3829 et
1721 3775 1827 3829 ista
1868 3791 2092 3846 quoque

510 3873 654 3928 opus
700 3858 923 3930 aliquo,
955 3862 1048 3931 qui
1078 3862 1200 3932 ejus
1252 3864 1724 3923 insatiabilitatem
1777 3869 2089 3939 prohibeat.

514 3950 671 4007 Sicut
720 3968 853 4025 ergo
902 3955 949 4010 ei
997 3956 1144 4025 quod
1192 3966 1279 4013 est
1320 3959 1488 4016 nimis
1537 3959 1798 4030 frigidum
1849 3963 2090 4018 calidum

511 4043 906 4113 admiscemus,
937 4054 994 4102 et
1021 4063 1220 4103 rursus
1252 4049 1416 4105 nimis
1441 4050 1679 4105 calidum
1717 4050 1915 4123 lrigido
1947 4061 2092 4108 tem-

506 4148 772 4201 peramus
804 4155 817 4190 :
853 4137 928 4191 ita
960 4144 1177 4192 creator
1208 4137 1352 4194 Deus
1388 4140 1473 4195 his
1517 4141 1733 4198 duabus
1765 4143 1937 4196 animi
1967 4158 2094 4212 per-

510 4224 960 4288 turbationibus,
1019 4241 1140 4296 quae
1189 4236 1318 4283 sunt
1366 4229 1510 4285 inter
1562 4247 1622 4286 se
1701 4247 1768 4286 ex
1818 4233 2094 4288 diametro

509 4316 833 4385 contrariae,
864 4322 880 4340 '
902 4318 1064 4374 nobis
1087 4320 1293 4389 insitis,
1326 4322 1519 4378 docuit
1549 4324 1780 4379 alterius
1813 4340 1911 4395 per
1950 4325 2091 4381 alte-

512 4422 630 4461 ram
655 4408 883 4463 nimium
901 4426 1191 4467 excessum
1214 4414 1514 4485 corrigere.
1535 4413 1630 4470 Eis
1651 4416 1797 4471 enim
1827 4427 2090 4487 mentem,

511 4504 777 4566 tanquam
828 4498 986 4569 equis
1033 4502 1321 4573 aurigam,
1375 4503 1661 4574 praefecit,
1698 4513 1754 4561 et
1809 4508 2095 4564 servitutis

2190 2035 2329 2091 ἀλλ’
2360 2037 2397 2105 ἠ
2434 2034 2687 2089 οἰκοῦσα
2712 2033 2783 2087 ἐν
2809 2034 2939 2103 ἐμοὶ
2964 2035 3237 2104 ἁμαρτία.
3286 2035 3591 2106 Σαφηνείας
3611 2032 3782 2087 τοῦτο

2190 2127 2394 2190 δεῖται,
2428 2126 2525 2178 καὶ
2555 2124 2731 2193 λόγων
2770 2123 3058 2178 πλειόνων.
3088 2124 3293 2196 θνητὸν
3331 2125 3390 2177 τὸ
3416 2124 3574 2194 σῶμα
3612 2122 3782 2191 γενό-

2196 2232 2354 2288 μενον
2387 2216 2524 2286 μετά
2559 2215 2656 2287 τὴν
2699 2215 3012 2287 παράϐασιν
3044 2215 3143 2284 τῆς
3172 2214 3429 2284 ἐντολῆς,
3471 2214 3783 2280 ὑπεδέξατο

2190 2313 2258 2363 τά
2287 2307 2606 2380 παθήματα.
2640 2307 2741 2361 Διά
2764 2306 2971 2361 τούτων
2997 2306 3108 2378 γὰρ
3138 2306 3206 2360 τά
3241 2307 3383 2361 κατά
3411 2305 3504 2360 τὸν
3526 2306 3785 2376 παρόντα

2194 2400 2491 2471 συνέστηκε
2530 2399 2666 2471 βίον.
2705 2403 2886 2453 Δεῖται
2934 2399 3043 2470 γὰρ
3089 2398 3417 2469 ἐπιθυμίας,
3457 2398 3519 2452 οὐ
3562 2396 3786 2468 τροφῆς

2189 2493 2353 2547 ἕνεκα
2381 2493 2539 2564 μόνον
2565 2532 2579 2556 ,
2624 2492 2762 2546 ἀλλά
2787 2492 2884 2545 καὶ
2933 2490 3278 2554 παιδοποιίας
3297 2532 3310 2554 ,
3358 2491 3452 2543 καὶ
3479 2486 3779 2561 γηπονίας,

2191 2587 2287 2640 καὶ
2309 2586 2416 2639 τῶν
2442 2584 2616 2638 ἄλλων
2643 2585 2801 2656 χάριν
2819 2582 3047 2653 τεχνῶν.
3074 2583 3291 2654 Ταύτης
3316 2581 3424 2653 γὰρ
3448 2583 3549 2634 οὐκ
3577 2578 3774 2651 οὔσης,

2190 2677 2344 2731 οὐδὲν
2378 2675 2584 2731 τούτων
2632 2676 2984 2747 συνέστηκεν.
3040 2673 3189 2745 Αὕτη
3244 2675 3375 2744 ἡμῖν
3413 2673 3508 2726 καὶ
3555 2672 3635 2735 είς
3674 2672 3781 2744 τὴν

2189 2769 2291 2840 τῆς
2322 2769 2524 2841 ἀρετῆς
2550 2766 2891 2839 κατόρθωσιν
2918 2767 3180 2821 συντελεῖ.
3227 2766 3285 2820 Ὀ
3313 2764 3421 2837 γάρ
3448 2764 3522 2837 μὴ
3553 2764 3783 2835 ἐφιέμε-

2189 2878 2278 2923 νος
2310 2860 2535 2931 ταύτης,
2565 2859 2674 2914 τῶν
2712 2860 2855 2931 ὑπὲρ
2891 2858 3099 2930 ταύτης
3139 2858 3239 2912 οὐκ
3274 2857 3531 2927 ἀνέχεται
3568 2854 3776 2908 πόνων.

2188 2952 2339 3023 Αὕτη
2367 2953 2460 3006 καὶ
2492 2950 2585 3005 τὸν
2619 2951 2766 3005 θεῖον
2795 2953 2926 3024 ἡμῖν
2954 2949 3309 3019 ἐξεργάζεται
3340 2949 3521 3001 πόθον.
3575 2947 3640 2999 Ἥ
3673 2946 3781 3017 μὲν

2189 3039 2283 3099 οὖν
2331 3045 2645 3115 συμμετρία
2700 3041 2799 3112 τῆς
2853 3040 3153 3111 ἐπιθυμίας
3204 3038 3314 3092 τῶν
3376 3035 3599 3106 ἀγαθῶν
3657 3037 3782 3089 ἐστι

2191 3135 2454 3207 συνεργός
2474 3150 2491 3167 ο
2525 3137 2558 3206 ἡ
2586 3135 2643 3188 δὲ
2677 3133 2884 3204 ταύτης
2929 3131 3170 3203 ἀμετρία
3201 3131 3303 3203 τὴν
3334 3130 3630 3186 ἀκολασίαν
3663 3130 3783 3181 είσ-

2195 3228 2336 3297 ἀγει.
2366 3226 2515 3297 Αὕτη
2540 3228 2649 3298 γὰρ
2680 3226 2773 3280 καὶ
2801 3225 3003 3295 γάμοις
3032 3222 3337 3296 ἀλλοτρίοις
3371 3220 3779 3288 ἐπιϐουλεύειν,

2196 3317 2289 3370 καὶ
2326 3315 2436 3369 τῶν
2484 3314 2545 3368 οὐ
2594 3313 2985 3385 προσηκόντων
3015 3312 3265 3381 ἐφίεσθαι
3291 3353 3306 3377 ,
3340 3310 3439 3365 καὶ
3470 3309 3780 3383 λῃστεύειν,

2192 3407 2287 3460 καὶ
2330 3406 2534 3475 τάφους
2574 3403 2858 3479 ὀρύττειν,
2903 3403 2995 3457 καὶ
3045 3402 3357 3474 μιαιφονίας
3407 3403 3781 3472 κατατολμᾷν,

2192 3499 2288 3555 καὶ
2319 3498 2485 3554 τᾶλλα
2521 3498 2589 3552 τὰ
2622 3497 2847 3552 τοιαῦτα
2882 3495 3294 3567 παρασκευάζει
3329 3498 3528 3549 ποιεῖν.
3561 3494 3662 3548 Διά
3692 3510 3783 3548 τοι

2192 3591 2351 3645 τοῦτο
2398 3588 2712 3655 συνέζευξεν
2739 3589 2875 3659 αὐτῇ
2904 3588 2995 3642 τὸν
3042 3587 3215 3659 θυμὸν
3240 3589 3268 3640 0
3295 3585 3403 3640 τῶν
3437 3586 3576 3640 ὅλων
3617 3585 3780 3651 Θεὸς,

2192 3682 2259 3738 ἶν’
2287 3683 2457 3752 αὐτῆς
2491 3681 2784 3754 ἀναστείλῃ
2829 3681 2929 3754 τὴν
2980 3680 3271 3751 ἀμετρίαν.
3328 3680 3511 3733 Δεῖται
3539 3678 3596 3732 δὲ
3625 3678 3782 3749 ὅμως

2193 3775 2288 3827 καὶ
2314 3765 2470 3837 οὗτος
2500 3772 2595 3826 τοῦ
2642 3772 2747 3844 τὴν
2793 3771 3101 3843 ἀπληστίαν
3143 3770 3469 3835 κωλύοντος.
3505 3771 3782 3841 Καθάπερ

2192 3865 2370 3920 τοίνυν
2397 3865 2474 3936 τῷ
2504 3865 2642 3933 ἀγαν
2674 3862 2867 3934 ψυχρῷ
2910 3863 3252 3933 κεράννυμεν
3286 3862 3346 3915 τὸ
3389 3862 3601 3933 θερμὸν
3623 3901 3638 3927 ,
3682 3861 3783 3914 καὶ

2194 3952 2261 4011 αὖ
2293 3957 2458 4011 πάλιν
2505 3958 2567 4009 τὸ
2614 3957 2752 4024 ἄγαν
2803 3954 3011 4025 ψυχρὸν
3063 3954 3364 4023 κολάζομεν
3416 3952 3494 4023 τῷ
3548 3950 3781 4023 θερμῷο

2193 4049 2367 4114 οὕτως
2414 4051 2443 4103 0
2490 4046 2902 4119 δημιουργήσας
2948 4045 3082 4107 Θεὸς
3150 4045 3322 4107 ἐνθεὶς
3376 4045 3510 4115 ἡμῖν
3558 4042 3629 4095 τά
3684 4040 3785 4095 δύο

2194 4139 2365 4194 ταῦτα
2402 4138 2720 4210 παθήματα,
2756 4136 2977 4190 ἐναντία
3020 4134 3150 4188 ὄντα
3180 4135 3435 4204 ἀλλήλοις
3468 4136 3533 4188 ἐκ
3579 4132 3783 4202 διαμὲς

2195 4249 2363 4304 τρου,
2406 4230 2501 4284 τοῦ
2534 4231 2721 4300 ἐτέρου
2775 4228 3024 4294 κολάζειν
3080 4228 3168 4282 διά
3206 4226 3435 4297 θατέρου
3494 4227 3592 4297 τὴν
3643 4227 3787 4295 ἀμε-

2195 4323 2351 4393 τρίαν
2397 4321 2657 4387 ὲδίδαξεν.
2721 4321 3020 4391 Ἐπέστησε
3076 4319 3414 4392 γὰραύτοῖς
3461 4318 3554 4372 τὸν
3609 4316 3732 4371 νοῦν
3762 4355 3783 4381 ,

2197 4414 2451 4486 καθάπερ
2490 4414 2602 4467 τισὶ
2632 4412 2834 4476 πώλοις
2869 4414 3110 4484 ἡνίοχον,
3148 4413 3244 4467 καὶ
3274 4411 3549 4484 ὲπέθηκεν
3593 4411 3783 4474 αὒτοῖς

2195 4508 2285 4562 τὸν
2318 4509 2416 4579 τῆς
2460 4506 2701 4570 δουλείας
2731 4506 2927 4576 ζυγὸν,
2972 4507 3102 4570 ἴσως
3150 4506 3341 4575 φέρειν
3385 4502 3778 4573 νομοθετήσας.

514 4587 625 4644 illis
649 4588 842 4660 jugum
868 4590 1152 4661 imposuit,
1179 4595 1467 4665 aequaliter
1490 4595 1543 4650 id
1572 4593 1717 4651 ferre
1742 4598 2087 4667 praecipiens.

2206 4601 2267 4655 Ei
2294 4598 2351 4652 δέ
2386 4615 2516 4652 ποτε
2553 4598 2794 4668 συμϐαίη
2820 4598 2966 4669 πέρα
2989 4596 3084 4650 τοῦ
3116 4596 3319 4668 μέτρου
3354 4596 3452 4667 τὴν
3481 4593 3783 4663 ἐπιθυμίαν

512 4677 671 4746 Quod
708 4681 753 4735 si
782 4683 1004 4751 quando
1031 4687 1264 4750 eveniat,
1293 4694 1353 4740 ut
1387 4687 1659 4757 cupiditas
1690 4689 1833 4743 ultra
1865 4689 2087 4744 modqu

2199 4688 2497 4760 προκύψαι,
2538 4687 2750 4741 νύττειν
2778 4686 3034 4740 ἐκέλευσε
3063 4687 3153 4739 τὸν
3187 4686 3378 4756 θυμόν·
3407 4684 3494 4738 ἵνα
3524 4683 3778 4754 ὁρμήσας

516 4772 819 4841 procedat.
859 4775 1027 4846 jussit
1079 4778 1215 4832 iram
1264 4794 1540 4851 pungere,
1597 4788 1656 4833 ut
1695 4796 1759 4835 ea
1809 4783 2087 4838 concitata

2200 4776 2378 4846 οὗτος,
2416 4781 2529 4833 ἴσον
2560 4780 2722 4834 πάλιν
2752 4778 3059 4850 ἐργάσηται
3083 4779 3176 4831 τὸν
3204 4776 3388 4845 ζυγόν.
3434 4777 3498 4830 Εἰ
3544 4775 3601 4827 δὲ
3626 4770 3783 4837 οὗτος

511 4862 701 4935 iugum
734 4881 932 4925 rursus
967 4870 1178 4939 aequale
1206 4877 1433 4925 statuat.
1475 4870 1630 4939 Quod
1665 4873 1708 4928 si
1743 4874 1858 4929 haec
1893 4891 2087 4932 rursus

2197 4874 2407 4940 δέξαιτο
2433 4873 2532 4945 τῆς
2559 4871 2828 4943 ἀμετρίας
2858 4871 2919 4925 τὸ
2949 4870 3143 4933 πάθος,
3169 4868 3266 4940 τὴν
3293 4866 3586 4937 ἐπιθυμίαν
3618 4865 3783 4920 πάλιν

514 4955 745 5011 nimium
800 4961 1216 5032 progrediatur,
1255 4960 1415 5029 jubet
1484 4979 1683 5021 rursus
1731 4965 2087 5037 cupiditatem

2198 4965 2466 5020 κινεῖσθαι
2500 4965 2793 5036 παρεγγυᾷ
2821 5003 2836 5028 ,
2883 4964 2980 5017 καὶ
3012 4962 3106 5016 τοῦ
3162 4961 3335 5033 θυμοῦ
3383 4961 3482 5031 τὴν
3513 4958 3782 5031 ἀμετρίαν

514 5049 763 5114 moveri,
813 5058 868 5104 et
916 5051 1013 5106 irae
1061 5065 1352 5106 excessum
1390 5054 1685 5124 castigare.
1720 5055 1874 5113 Mens
1905 5056 2087 5128 itaque

2200 5059 2470 5122 κολάζειν.
2520 5059 2727 5127 Νήφων
2782 5056 2881 5127 μὲν
2916 5053 3009 5111 οὖν
3049 5057 3077 5109 0
3108 5055 3266 5121 νοῦς,
3315 5054 3407 5108 καὶ
3462 5051 3780 5122 σωφρονῶν,

514 5136 702 5191 sobria
734 5178 748 5204 ,
798 5149 853 5195 et
885 5142 1145 5212 sapiens,
1198 5140 1302 5195 hoc
1353 5144 1515 5199 modo
1547 5145 1706 5216 regit.
1751 5147 1822 5201 At
1867 5146 1914 5203 si
1974 5149 2087 5218 ipsa

2193 5151 2379 5205 τοῦτον
2429 5151 2597 5204 ἰθύνει
2642 5150 2734 5203 τὸν
2768 5150 2990 5219 τρόπον.
3042 5149 3349 5218 Ἀμελήσας
3382 5146 3458 5211 δὲ,
3495 5145 3589 5199 καὶ
3619 5160 3784 5198 κατα-

516 5228 799 5300 negligens
830 5232 1070 5286 evaserit
1157 5238 1209 5285 et
1246 5232 1487 5290 habenas
1523 5235 1848 5305 reliquerit,
1880 5245 1939 5291 ut
1967 5239 2087 5308 equi

2194 5240 2366 5295 λιπὼν
2397 5240 2495 5304 τὰς
2543 5241 2733 5311 ἡνίας,
2784 5240 3014 5311 σκιρτᾷν
3060 5239 3159 5309 μὲν
3186 5239 3314 5302 τοὺς
3354 5234 3568 5298 πώλους
3606 5250 3783 5305 παρα-

517 5317 737 5386 quidem
768 5320 1030 5374 exsiliant
1071 5318 1272 5383 eﬂicit,
1314 5321 1433 5392 ipsa
1478 5329 1664 5379 autem
1706 5325 1946 5380 trahitur
1971 5367 1985 5391 ,
2037 5336 2087 5382 cl

2197 5331 2488 5396 σκευάζει’
2520 5329 2743 5402 σύρεται
2785 5329 2843 5384 δὲ
2896 5328 3096 5392 αὐτὸς,
3134 5327 3231 5382 καὶ
3265 5328 3347 5391 είς
3393 5324 3648 5397 βάραθρα
3687 5321 3782 5374 καὶ

518 5423 626 5464 una
657 5426 781 5465 cum
814 5412 950 5480 ipsis
992 5410 1046 5464 in
1078 5413 1364 5483 voragines
1401 5423 1456 5470 et
1506 5416 1807 5487 praecipitia
1855 5419 2092 5475 corruit.

520 5497 637 5555 lloc
668 5499 889 5556 divinus
915 5501 1211 5569 Apostolus
1243 5504 1330 5559 hic
1361 5505 1499 5560 dixit
1533 5527 1545 5562 :
1574 5507 1725 5563 Nunc
1757 5519 1933 5565 autem
1970 5514 2087 5581 jam

2198 5516 2226 5566 ὁ
2254 5513 2397 5590 βεῖος
2457 5513 2783 5578 Ἀπόστολος
2832 5514 3021 5586 εἴρηκε
3053 5531 3065 5544 ·
3099 5511 3250 5569 Νυνὶ
3308 5511 3376 5565 δὲ
3426 5509 3630 5565 οὐκέτι
3667 5503 3783 5576 ἐγὼ

589 5644 620 5676 ν
661 5635 818 5692 Rom.
853 5650 949 5703 ιιι,
977 5636 1065 5693 20.

1834 5784 2065 5841 VARUS
2121 5783 2524 5841 LECTIONES.

610 5861 655 5895 ⁸⁸
692 5871 734 5923 Α
769 5872 826 5924 οὐ
865 5873 1018 5929 θέλω.
1125 5877 1167 5909 ⁸³
1199 5878 1243 5932 Α
1270 5878 1406 5934 κατὰ
1440 5879 1647 5935 τούτου.
1743 5881 1788 5914 ⁷⁰
1823 5879 1862 5933 Β
1889 5880 1946 5933 οὐ
1979 5879 2097 5931 κατ’
2132 5878 2402 5949 ἀνάγκης.

1125 5877 1167 5909 ⁸³
1199 5878 1243 5932 Α
1270 5878 1406 5934 κατὰ
1440 5879 1647 5935 τούτου.

2196 5423 2475 5493 κρημνοὺς
2526 5423 2625 5476 σὺν
2669 5421 2857 5486 αὐτοῖς
2917 5419 3275 5474 καταπίπτει,
3335 5416 3507 5472 Τοῦτο
3546 5411 3783 5468 ἐνταῦθα.
3890 5418 3895 5434 ί
