  <div class='ocr_page' id='page_1' title='image "/cluster/home/n/w/nwhite01/storage/ocr_20150623/82:no.3/coo.31924054869833/071.png"; bbox 0 0 4124 6460; ppageno 0'>
   <div class='ocr_carea' id='block_1_1' title="bbox 515 500 614 588">
    <p class='ocr_par' dir='ltr' id='par_1_1' title="bbox 515 500 614 588">
     <span class='ocr_line' id='line_1_1' title="bbox 515 500 614 588; baseline -0.02 0"><span class='ocrx_word' id='word_1_1' title='bbox 515 500 614 588; x_wconf 77' lang='lat'><strong>127&#39;</strong></span> 
     </span>
    </p>
   </div>
   <div class='ocr_carea' id='block_1_2' title="bbox 1500 512 2784 583">
    <p class='ocr_par' dir='ltr' id='par_1_2' title="bbox 1500 512 2784 583">
     <span class='ocr_line' id='line_1_2' title="bbox 1500 512 2784 583; baseline -0.009 -1"><span class='ocrx_word' id='word_1_2' title='bbox 1500 520 1993 583; x_wconf 82' lang='lat' dir='ltr'><strong>THEODORETI</strong></span> <span class='ocrx_word' id='word_1_3' title='bbox 2037 514 2378 578; x_wconf 88' lang='lat' dir='ltr'><strong>EPISCOPI</strong></span> <span class='ocrx_word' id='word_1_4' title='bbox 2416 512 2784 574; x_wconf 85' lang='lat' dir='ltr'><strong>CYRENSIS</strong></span> 
     </span>
    </p>
   </div>
   <div class='ocr_carea' id='block_1_3' title="bbox 3682 497 3785 561">
    <p class='ocr_par' dir='ltr' id='par_1_3' title="bbox 3682 497 3785 561">
     <span class='ocr_line' id='line_1_3' title="bbox 3682 497 3785 561; baseline 0 0"><span class='ocrx_word' id='word_1_5' title='bbox 3682 497 3785 561; x_wconf 72' lang='lat'><strong>128</strong></span> 
     </span>
    </p>
   </div>
   <div class='ocr_carea' id='block_1_4' title="bbox 514 591 2099 699">
    <p class='ocr_par' dir='ltr' id='par_1_4' title="bbox 514 626 2099 699">
     <span class='ocr_line' id='line_1_4' title="bbox 514 626 2099 699; baseline -0.001 -19"><span class='ocrx_word' id='word_1_6' title='bbox 514 628 647 681; x_wconf 88' lang='lat' dir='ltr'><strong>lium</strong></span> <span class='ocrx_word' id='word_1_7' title='bbox 671 667 687 693; x_wconf 88' lang='lat'><strong>,</strong></span> <span class='ocrx_word' id='word_1_8' title='bbox 734 628 976 699; x_wconf 72' lang='lat' dir='ltr'><strong>graviter</strong></span> <span class='ocrx_word' id='word_1_9' title='bbox 1003 627 1171 699; x_wconf 85' lang='lat' dir='ltr'><strong>gemit</strong></span> <span class='ocrx_word' id='word_1_10' title='bbox 1222 642 1285 684; x_wconf 90' lang='lat' dir='ltr'><strong>ac</strong></span> <span class='ocrx_word' id='word_1_11' title='bbox 1312 627 1654 684; x_wconf 91' lang='lat' dir='ltr'><strong>lamentatur</strong></span> <span class='ocrx_word' id='word_1_12' title='bbox 1676 670 1690 695; x_wconf 93' lang='lat'><strong>,</strong></span> <span class='ocrx_word' id='word_1_13' title='bbox 1751 626 2099 696; x_wconf 85' lang='lat' dir='ltr'><strong>ostenditque</strong></span> 
     </span>
    </p>
   </div>
   <div class='ocr_carea' id='block_1_5' title="bbox 2202 591 3787 699">
    <p class='ocr_par' dir='ltr' id='par_1_5' title="bbox 2205 591 3787 692">
     <span class='ocr_line' id='line_1_5' title="bbox 2205 591 3787 692; baseline -0.01 -18"><span class='ocrx_word' id='word_1_14' title='bbox 2205 621 2474 692; x_wconf 73' lang='grc' dir='ltr'>δισμένος,</span> <span class='ocrx_word' id='word_1_15' title='bbox 2508 620 2602 674; x_wconf 75' lang='grc' dir='ltr'><strong>καὶ</strong></span> <span class='ocrx_word' id='word_1_16' title='bbox 2628 616 2901 673; x_wconf 77' lang='grc' dir='ltr'><strong>δουλεύειν</strong></span> <span class='ocrx_word' id='word_1_17' title='bbox 2926 591 3362 685; x_wconf 70' lang='grc' dir='ltr'><strong>ἠναγκασμένος,</strong></span> <span class='ocrx_word' id='word_1_18' title='bbox 3393 608 3487 664; x_wconf 79' lang='grc' dir='ltr'>καὶ</span> <span class='ocrx_word' id='word_1_19' title='bbox 3515 608 3787 681; x_wconf 82' lang='grc' dir='ltr'>μηδεμίαν</span> 
     </span>
    </p>
   </div>
   <div class='ocr_carea' id='block_1_6' title="bbox 516 719 1716 792">
    <p class='ocr_par' dir='ltr' id='par_1_6' title="bbox 516 719 1716 792">
     <span class='ocr_line' id='line_1_6' title="bbox 516 719 1716 792; baseline 0 -19"><span class='ocrx_word' id='word_1_20' title='bbox 516 719 690 789; x_wconf 85' lang='lat' dir='ltr'><strong>legem</strong></span> <span class='ocrx_word' id='word_1_21' title='bbox 719 734 877 791; x_wconf 91' lang='lat' dir='ltr'><strong>opem</strong></span> <span class='ocrx_word' id='word_1_22' title='bbox 908 719 1053 778; x_wconf 84' lang='lat' dir='ltr'><strong>ferre</strong></span> <span class='ocrx_word' id='word_1_23' title='bbox 1078 733 1188 778; x_wconf 90' lang='lat' dir='ltr'><strong>non</strong></span> <span class='ocrx_word' id='word_1_24' title='bbox 1220 735 1407 792; x_wconf 84' lang='lat' dir='ltr'><strong>posse,</strong></span> <span class='ocrx_word' id='word_1_25' title='bbox 1436 728 1490 776; x_wconf 88' lang='lat' dir='ltr'><strong>et</strong></span> <span class='ocrx_word' id='word_1_26' title='bbox 1534 722 1668 776; x_wconf 84' lang='lat' dir='ltr'><strong>dicit</strong></span> <span class='ocrx_word' id='word_1_27' title='bbox 1702 738 1716 773; x_wconf 89' lang='lat'><strong>:</strong></span> 
     </span>
    </p>
   </div>
   <div class='ocr_carea' id='block_1_7' title="bbox 589 985 2098 1057">
    <p class='ocr_par' dir='ltr' id='par_1_7' title="bbox 589 985 2098 1057">
     <span class='ocr_line' id='line_1_7' title="bbox 589 985 2098 1057; baseline 0.003 -18"><span class='ocrx_word' id='word_1_28' title='bbox 589 985 760 1043; x_wconf 73' lang='lat' dir='ltr'><strong>Vitas.</strong></span> <span class='ocrx_word' id='word_1_29' title='bbox 790 985 883 1051; x_wconf 71' lang='grc'><strong>24,</strong></span> <span class='ocrx_word' id='word_1_30' title='bbox 905 986 996 1041; x_wconf 73' lang='lat'><strong>25.</strong></span> <span class='ocrx_word' id='word_1_31' title='bbox 1031 985 1233 1055; x_wconf 71' lang='lat' dir='ltr'><strong>Infelix</strong></span> <span class='ocrx_word' id='word_1_32' title='bbox 1254 1002 1349 1057; x_wconf 90' lang='lat' dir='ltr'><strong>ego</strong></span> <span class='ocrx_word' id='word_1_33' title='bbox 1382 987 1560 1053; x_wconf 85' lang='lat' dir='ltr'><strong>homo,</strong></span> <span class='ocrx_word' id='word_1_34' title='bbox 1588 988 1710 1057; x_wconf 84' lang='lat' dir='ltr'><strong>quis</strong></span> <span class='ocrx_word' id='word_1_35' title='bbox 1743 1004 1823 1043; x_wconf 89' lang='lat' dir='ltr'><strong>me</strong></span> <span class='ocrx_word' id='word_1_36' title='bbox 1852 988 2098 1043; x_wconf 86' lang='lat' dir='ltr'><strong>liberabit</strong></span> 
     </span>
    </p>
   </div>
   <div class='ocr_carea' id='block_1_8' title="bbox 512 1076 2098 1151">
    <p class='ocr_par' dir='ltr' id='par_1_8' title="bbox 512 1076 2098 1151">
     <span class='ocr_line' id='line_1_8' title="bbox 512 1076 2098 1151; baseline 0.004 -22"><span class='ocrx_word' id='word_1_37' title='bbox 512 1078 577 1130; x_wconf 72' lang='lat' dir='ltr'><strong>de</strong></span> <span class='ocrx_word' id='word_1_38' title='bbox 608 1095 825 1148; x_wconf 80' lang='lat' dir='ltr'><strong>corpore</strong></span> <span class='ocrx_word' id='word_1_39' title='bbox 862 1080 1050 1135; x_wconf 87' lang='lat' dir='ltr'><strong>mortis</strong></span> <span class='ocrx_word' id='word_1_40' title='bbox 1072 1078 1231 1148; x_wconf 75' lang='lat' dir='ltr'><strong>hujus</strong></span> <span class='ocrx_word' id='word_1_41' title='bbox 1258 1081 1283 1135; x_wconf 72' lang='grc'><em>7</em></span> <span class='ocrx_word' id='word_1_42' title='bbox 1315 1076 1539 1133; x_wconf 83' lang='lat' dir='ltr'><strong>Gratias</strong></span> <span class='ocrx_word' id='word_1_43' title='bbox 1583 1094 1683 1151; x_wconf 91' lang='lat' dir='ltr'><strong>ago</strong></span> <span class='ocrx_word' id='word_1_44' title='bbox 1722 1079 1834 1135; x_wconf 86' lang='lat' dir='ltr'><strong>Deo</strong></span> <span class='ocrx_word' id='word_1_45' title='bbox 1865 1097 1977 1136; x_wconf 88' lang='lat' dir='ltr'><strong>meo</strong></span> <span class='ocrx_word' id='word_1_46' title='bbox 2006 1096 2098 1150; x_wconf 87' lang='lat' dir='ltr'><strong>per</strong></span> 
     </span>
    </p>
   </div>
   <div class='ocr_carea' id='block_1_9' title="bbox 514 1168 2097 1238">
    <p class='ocr_par' dir='ltr' id='par_1_9' title="bbox 514 1168 2097 1238">
     <span class='ocr_line' id='line_1_9' title="bbox 514 1168 2097 1238; baseline 0.004 -15"><span class='ocrx_word' id='word_1_47' title='bbox 514 1168 701 1224; x_wconf 80' lang='lat' dir='ltr'><strong>Jesum</strong></span> <span class='ocrx_word' id='word_1_48' title='bbox 729 1169 999 1225; x_wconf 77' lang='lat' dir='ltr'><strong>Christum</strong></span> <span class='ocrx_word' id='word_1_49' title='bbox 1044 1169 1330 1224; x_wconf 85' lang='lat' dir='ltr'><strong>Dominum</strong></span> <span class='ocrx_word' id='word_1_50' title='bbox 1360 1179 1622 1225; x_wconf 86' lang='lat' dir='ltr'><strong>nostrum.</strong></span> <span class='ocrx_word' id='word_1_51' title='bbox 1656 1170 1867 1238; x_wconf 63' lang='lat' dir='ltr'><strong>,Mortis</strong></span> <span class='ocrx_word' id='word_1_52' title='bbox 1914 1182 2097 1229; x_wconf 86' lang='lat' dir='ltr'><strong>autem</strong></span> 
     </span>
    </p>
   </div>
   <div class='ocr_carea' id='block_1_10' title="bbox 517 1263 2099 1334">
    <p class='ocr_par' dir='ltr' id='par_1_10' title="bbox 517 1263 2099 1334">
     <span class='ocr_line' id='line_1_10' title="bbox 517 1263 2099 1334; baseline 0.001 -15"><span class='ocrx_word' id='word_1_53' title='bbox 517 1278 718 1334; x_wconf 90' lang='lat' dir='ltr'><strong>corpus</strong></span> <span class='ocrx_word' id='word_1_54' title='bbox 748 1271 929 1331; x_wconf 88' lang='lat' dir='ltr'><strong>vocat,</strong></span> <span class='ocrx_word' id='word_1_55' title='bbox 963 1271 1026 1320; x_wconf 91' lang='lat' dir='ltr'><strong>ut</strong></span> <span class='ocrx_word' id='word_1_56' title='bbox 1052 1263 1354 1319; x_wconf 83' lang='lat' dir='ltr'><strong>obnoxium</strong></span> <span class='ocrx_word' id='word_1_57' title='bbox 1394 1264 1565 1319; x_wconf 80' lang='lat' dir='ltr'><strong>morti</strong></span> <span class='ocrx_word' id='word_1_58' title='bbox 1611 1263 1839 1332; x_wconf 82' lang='lat' dir='ltr'><strong>factum,</strong></span> <span class='ocrx_word' id='word_1_59' title='bbox 1874 1264 1979 1321; x_wconf 86' lang='lat' dir='ltr'><strong>hoc</strong></span> <span class='ocrx_word' id='word_1_60' title='bbox 2012 1275 2099 1323; x_wconf 86' lang='lat' dir='ltr'><strong>est</strong></span> 
     </span>
    </p>
   </div>
   <div class='ocr_carea' id='block_1_11' title="bbox 519 1353 2094 1428">
    <p class='ocr_par' dir='ltr' id='par_1_11' title="bbox 519 1353 2094 1428">
     <span class='ocr_line' id='line_1_11' title="bbox 519 1353 2094 1428; baseline 0.002 -19"><span class='ocrx_word' id='word_1_61' title='bbox 519 1356 751 1411; x_wconf 83' lang='lat' dir='ltr'><strong>mortale</strong></span> <span class='ocrx_word' id='word_1_62' title='bbox 786 1355 1014 1411; x_wconf 87' lang='lat' dir='ltr'><strong>:anima</strong></span> <span class='ocrx_word' id='word_1_63' title='bbox 1058 1355 1205 1412; x_wconf 90' lang='lat' dir='ltr'><strong>enim</strong></span> <span class='ocrx_word' id='word_1_64' title='bbox 1247 1355 1601 1411; x_wconf 85' lang='lat' dir='ltr'><strong>immortalis.</strong></span> <span class='ocrx_word' id='word_1_65' title='bbox 1651 1353 1843 1423; x_wconf 92' lang='lat' dir='ltr'><strong>Solus,</strong></span> <span class='ocrx_word' id='word_1_66' title='bbox 1892 1358 2094 1428; x_wconf 87' lang='lat' dir='ltr'><strong>inquit,</strong></span> 
     </span>
    </p>
   </div>
   <div class='ocr_carea' id='block_1_12' title="bbox 517 1444 2096 1519">
    <p class='ocr_par' dir='ltr' id='par_1_12' title="bbox 517 1444 2096 1519">
     <span class='ocr_line' id='line_1_12' title="bbox 517 1444 2096 1519; baseline 0.004 -22"><span class='ocrx_word' id='word_1_67' title='bbox 517 1446 786 1503; x_wconf 87' lang='lat' dir='ltr'><strong>Dominus</strong></span> <span class='ocrx_word' id='word_1_68' title='bbox 814 1452 1004 1502; x_wconf 92' lang='lat' dir='ltr'><strong>noster</strong></span> <span class='ocrx_word' id='word_1_69' title='bbox 1030 1444 1193 1502; x_wconf 83' lang='lat' dir='ltr'><strong>Jesus</strong></span> <span class='ocrx_word' id='word_1_70' title='bbox 1218 1444 1476 1504; x_wconf 84' lang='lat' dir='ltr'><strong>Christus</strong></span> <span class='ocrx_word' id='word_1_71' title='bbox 1524 1462 1627 1503; x_wconf 87' lang='lat' dir='ltr'><strong>nos</strong></span> <span class='ocrx_word' id='word_1_72' title='bbox 1654 1463 1685 1502; x_wconf 90' lang='lat' dir='ltr'><strong>a</strong></span> <span class='ocrx_word' id='word_1_73' title='bbox 1728 1449 1882 1519; x_wconf 81' lang='lat' dir='ltr'><strong>gravi</strong></span> <span class='ocrx_word' id='word_1_74' title='bbox 1915 1450 2096 1504; x_wconf 88' lang='lat' dir='ltr'><strong>domi-</strong></span> 
     </span>
    </p>
   </div>
   <div class='ocr_carea' id='block_1_13' title="bbox 517 1538 2098 1612">
    <p class='ocr_par' dir='ltr' id='par_1_13' title="bbox 517 1538 2098 1612">
     <span class='ocr_line' id='line_1_13' title="bbox 517 1538 2098 1612; baseline 0.004 -22"><span class='ocrx_word' id='word_1_75' title='bbox 517 1547 647 1593; x_wconf 88' lang='lat' dir='ltr'><strong>natu</strong></span> <span class='ocrx_word' id='word_1_76' title='bbox 675 1538 968 1606; x_wconf 87' lang='lat' dir='ltr'><strong>liberavit,</strong></span> <span class='ocrx_word' id='word_1_77' title='bbox 1002 1548 1176 1595; x_wconf 90' lang='lat' dir='ltr'><strong>morte</strong></span> <span class='ocrx_word' id='word_1_78' title='bbox 1202 1539 1425 1610; x_wconf 86' lang='lat' dir='ltr'><strong>quidem</strong></span> <span class='ocrx_word' id='word_1_79' title='bbox 1455 1538 1743 1612; x_wconf 83' lang='lat' dir='ltr'><strong>proﬂigata</strong></span> <span class='ocrx_word' id='word_1_80' title='bbox 1763 1580 1778 1599; x_wconf 89' lang='lat'><strong>.</strong></span> <span class='ocrx_word' id='word_1_81' title='bbox 1809 1541 1969 1597; x_wconf 89' lang='lat' dir='ltr'><strong>nobis</strong></span> <span class='ocrx_word' id='word_1_82' title='bbox 1995 1558 2098 1597; x_wconf 90' lang='lat' dir='ltr'><strong>au-</strong></span> 
     </span>
    </p>
   </div>
   <div class='ocr_carea' id='block_1_14' title="bbox 518 1628 2096 1701">
    <p class='ocr_par' dir='ltr' id='par_1_14' title="bbox 518 1628 2096 1701">
     <span class='ocr_line' id='line_1_14' title="bbox 518 1628 2096 1701; baseline 0.003 -20"><span class='ocrx_word' id='word_1_83' title='bbox 518 1635 627 1682; x_wconf 88' lang='lat' dir='ltr'><strong>tem</strong></span> <span class='ocrx_word' id='word_1_84' title='bbox 672 1628 1090 1685; x_wconf 83' lang='lat' dir='ltr'><strong>immortalitate</strong></span> <span class='ocrx_word' id='word_1_85' title='bbox 1116 1631 1414 1699; x_wconf 89' lang='lat' dir='ltr'><strong>promissa,</strong></span> <span class='ocrx_word' id='word_1_86' title='bbox 1447 1630 1560 1701; x_wconf 77' lang='lat'><strong>80</strong></span> <span class='ocrx_word' id='word_1_87' title='bbox 1598 1639 1655 1685; x_wconf 89' lang='lat' dir='ltr'><strong>et</strong></span> <span class='ocrx_word' id='word_1_88' title='bbox 1696 1631 1809 1686; x_wconf 77' lang='lat' dir='ltr'><strong>vita</strong></span> <span class='ocrx_word' id='word_1_89' title='bbox 1848 1631 2096 1686; x_wconf 89' lang='lat' dir='ltr'><strong>laborum</strong></span> 
     </span>
    </p>
   </div>
   <div class='ocr_carea' id='block_1_15' title="bbox 519 1718 2100 1791">
    <p class='ocr_par' dir='ltr' id='par_1_15' title="bbox 519 1718 2100 1791">
     <span class='ocr_line' id='line_1_15' title="bbox 519 1718 2100 1791; baseline 0.003 -19"><span class='ocrx_word' id='word_1_90' title='bbox 519 1733 583 1772; x_wconf 89' lang='lat' dir='ltr'><strong>ac</strong></span> <span class='ocrx_word' id='word_1_91' title='bbox 619 1718 996 1774; x_wconf 85' lang='lat' dir='ltr'><strong>molestiarum</strong></span> <span class='ocrx_word' id='word_1_92' title='bbox 1027 1718 1267 1789; x_wconf 89' lang='lat' dir='ltr'><strong>bellique</strong></span> <span class='ocrx_word' id='word_1_93' title='bbox 1312 1727 1366 1774; x_wconf 88' lang='lat' dir='ltr'><strong>et</strong></span> <span class='ocrx_word' id='word_1_94' title='bbox 1394 1719 1610 1790; x_wconf 86' lang='lat' dir='ltr'><strong>peccati</strong></span> <span class='ocrx_word' id='word_1_95' title='bbox 1639 1728 1892 1790; x_wconf 79' lang='lat' dir='ltr'><strong>experte.</strong></span> <span class='ocrx_word' id='word_1_96' title='bbox 1920 1721 2100 1791; x_wconf 84' lang='lat' dir='ltr'><strong>Atque</strong></span> 
     </span>
    </p>
   </div>
   <div class='ocr_carea' id='block_1_16' title="bbox 519 1810 2095 1883">
    <p class='ocr_par' dir='ltr' id='par_1_16' title="bbox 519 1810 2095 1883">
     <span class='ocr_line' id='line_1_16' title="bbox 519 1810 2095 1883; baseline 0.004 -20"><span class='ocrx_word' id='word_1_97' title='bbox 519 1812 715 1865; x_wconf 85' lang='lat' dir='ltr'><strong>horum</strong></span> <span class='ocrx_word' id='word_1_98' title='bbox 742 1810 964 1881; x_wconf 87' lang='lat' dir='ltr'><strong>quidem</strong></span> <span class='ocrx_word' id='word_1_99' title='bbox 991 1810 1046 1866; x_wconf 88' lang='lat' dir='ltr'><strong>in</strong></span> <span class='ocrx_word' id='word_1_100' title='bbox 1073 1811 1185 1866; x_wconf 86' lang='lat' dir='ltr'><strong>vita</strong></span> <span class='ocrx_word' id='word_1_101' title='bbox 1208 1810 1394 1867; x_wconf 82' lang='lat' dir='ltr'><strong>futura</strong></span> <span class='ocrx_word' id='word_1_102' title='bbox 1418 1810 1659 1867; x_wconf 80' lang='lat' dir='ltr'><strong>fructum</strong></span> <span class='ocrx_word' id='word_1_103' title='bbox 1690 1813 2095 1883; x_wconf 87' lang='lat' dir='ltr'><strong>percipicmus;</strong></span> 
     </span>
    </p>
   </div>
   <div class='ocr_carea' id='block_1_17' title="bbox 518 1901 2098 1974">
    <p class='ocr_par' dir='ltr' id='par_1_17' title="bbox 518 1901 2098 1974">
     <span class='ocr_line' id='line_1_17' title="bbox 518 1901 2098 1974; baseline 0.003 -20"><span class='ocrx_word' id='word_1_104' title='bbox 518 1902 571 1955; x_wconf 91' lang='lat' dir='ltr'><strong>in</strong></span> <span class='ocrx_word' id='word_1_105' title='bbox 604 1901 859 1971; x_wconf 60' lang='lat' dir='ltr'><strong>praesenti</strong></span> <span class='ocrx_word' id='word_1_106' title='bbox 901 1910 1110 1967; x_wconf 89' lang='lat' dir='ltr'><strong>autem,</strong></span> <span class='ocrx_word' id='word_1_107' title='bbox 1159 1902 1339 1958; x_wconf 85' lang='lat' dir='ltr'><strong>sancti</strong></span> <span class='ocrx_word' id='word_1_108' title='bbox 1392 1901 1635 1971; x_wconf 87' lang='lat' dir='ltr'><strong>Spiritus</strong></span> <span class='ocrx_word' id='word_1_109' title='bbox 1667 1903 1903 1974; x_wconf 78' lang='lat' dir='ltr'><strong>gratiam</strong></span> <span class='ocrx_word' id='word_1_110' title='bbox 1950 1905 2098 1962; x_wconf 88' lang='lat' dir='ltr'><strong>reci-</strong></span> 
     </span>
    </p>
   </div>
   <div class='ocr_carea' id='block_1_18' title="bbox 2199 700 3789 786">
    <p class='ocr_par' dir='ltr' id='par_1_18' title="bbox 2199 700 3789 786">
     <span class='ocr_line' id='line_1_18' title="bbox 2199 700 3789 786; baseline -0.009 -19"><span class='ocrx_word' id='word_1_111' title='bbox 2199 713 2467 786; x_wconf 85' lang='grc' dir='ltr'>έτέρωθεν</span> <span class='ocrx_word' id='word_1_112' title='bbox 2514 711 2831 783; x_wconf 82' lang='grc' dir='ltr'><strong>συμμαχίαν</strong></span> <span class='ocrx_word' id='word_1_113' title='bbox 2859 706 3023 780; x_wconf 83' lang='grc' dir='ltr'>ὁρῶν,</span> <span class='ocrx_word' id='word_1_114' title='bbox 3076 705 3251 759; x_wconf 81' lang='grc' dir='ltr'><strong>στένει</strong></span> <span class='ocrx_word' id='word_1_115' title='bbox 3302 701 3402 774; x_wconf 79' lang='grc' dir='ltr'><strong>μὲν</strong></span> <span class='ocrx_word' id='word_1_116' title='bbox 3440 700 3637 771; x_wconf 84' lang='grc' dir='ltr'>πικρὸν</span> <span class='ocrx_word' id='word_1_117' title='bbox 3692 700 3789 754; x_wconf 68' lang='grc' dir='ltr'>καὶ</span> 
     </span>
    </p>
   </div>
   <div class='ocr_carea' id='block_1_19' title="bbox 2198 790 3787 876">
    <p class='ocr_par' dir='ltr' id='par_1_19' title="bbox 2198 790 3787 876">
     <span class='ocr_line' id='line_1_19' title="bbox 2198 790 3787 876; baseline -0.009 -19"><span class='ocrx_word' id='word_1_118' title='bbox 2198 804 2485 876; x_wconf 79' lang='grc' dir='ltr'><strong>ὀδύρεται,</strong></span> <span class='ocrx_word' id='word_1_119' title='bbox 2542 803 2785 858; x_wconf 87' lang='grc' dir='ltr'>δείκνυσι</span> <span class='ocrx_word' id='word_1_120' title='bbox 2829 800 2887 856; x_wconf 77' lang='grc' dir='ltr'>δὲ</span> <span class='ocrx_word' id='word_1_121' title='bbox 2934 797 3025 852; x_wconf 77' lang='grc' dir='ltr'><strong>τὸν</strong></span> <span class='ocrx_word' id='word_1_122' title='bbox 3074 795 3239 867; x_wconf 83' lang='grc' dir='ltr'>νόμον</span> <span class='ocrx_word' id='word_1_123' title='bbox 3287 794 3653 863; x_wconf 75' lang='grc' dir='ltr'><strong>ἐπικουρῆσαι</strong></span> <span class='ocrx_word' id='word_1_124' title='bbox 3707 790 3787 863; x_wconf 73' lang='grc' dir='ltr'>μὴ</span> 
     </span>
    </p>
   </div>
   <div class='ocr_carea' id='block_1_20' title="bbox 2197 895 2849 968">
    <p class='ocr_par' dir='ltr' id='par_1_20' title="bbox 2197 895 2849 968">
     <span class='ocr_line' id='line_1_20' title="bbox 2197 895 2849 968; baseline -0.009 -17"><span class='ocrx_word' id='word_1_125' title='bbox 2197 895 2519 968; x_wconf 78' lang='grc' dir='ltr'><strong>δυνάμενον,</strong></span> <span class='ocrx_word' id='word_1_126' title='bbox 2552 895 2647 950; x_wconf 86' lang='grc' dir='ltr'><strong>καί</strong></span> <span class='ocrx_word' id='word_1_127' title='bbox 2678 911 2813 966; x_wconf 81' lang='grc' dir='ltr'>φησι</span> <span class='ocrx_word' id='word_1_128' title='bbox 2835 909 2849 925; x_wconf 77' lang='grc'><strong><em>⁸</em></strong></span> 
     </span>
    </p>
   </div>
   <div class='ocr_carea' id='block_1_21' title="bbox 2270 974 3787 1055">
    <p class='ocr_par' dir='ltr' id='par_1_21' title="bbox 2270 974 3787 1055">
     <span class='ocr_line' id='line_1_21' title="bbox 2270 974 3787 1055; baseline -0.01 -13"><span class='ocrx_word' id='word_1_129' title='bbox 2270 988 2366 1054; x_wconf 83' lang='grc' dir='ltr'>κδ’,</span> <span class='ocrx_word' id='word_1_130' title='bbox 2387 994 2484 1043; x_wconf 85' lang='grc' dir='ltr'>κε’.</span> <span class='ocrx_word' id='word_1_131' title='bbox 2513 987 2893 1055; x_wconf 79' lang='grc' dir='ltr'>Ταλαιπωρος</span> <span class='ocrx_word' id='word_1_132' title='bbox 2919 982 3033 1055; x_wconf 75' lang='grc' dir='ltr'>ἐγὼ</span> <span class='ocrx_word' id='word_1_133' title='bbox 3049 982 3378 1049; x_wconf 76' lang='grc' dir='ltr'>ἄνθρωπος,</span> <span class='ocrx_word' id='word_1_134' title='bbox 3399 976 3493 1043; x_wconf 82' lang='grc' dir='ltr'><strong>τίς</strong></span> <span class='ocrx_word' id='word_1_135' title='bbox 3508 992 3583 1046; x_wconf 80' lang='grc' dir='ltr'><strong>με</strong></span> <span class='ocrx_word' id='word_1_136' title='bbox 3599 974 3787 1044; x_wconf 79' lang='grc' dir='ltr'>ῥύσε-</span> 
     </span>
    </p>
   </div>
   <div class='ocr_carea' id='block_1_22' title="bbox 2198 1068 3786 1148">
    <p class='ocr_par' dir='ltr' id='par_1_22' title="bbox 2198 1068 3786 1148">
     <span class='ocr_line' id='line_1_22' title="bbox 2198 1068 3786 1148; baseline -0.009 -15"><span class='ocrx_word' id='word_1_137' title='bbox 2198 1096 2292 1133; x_wconf 89' lang='grc' dir='ltr'><strong>ται</strong></span> <span class='ocrx_word' id='word_1_138' title='bbox 2307 1079 2375 1133; x_wconf 83' lang='grc' dir='ltr'>ἐκ</span> <span class='ocrx_word' id='word_1_139' title='bbox 2398 1079 2505 1132; x_wconf 90' lang='grc' dir='ltr'><strong>τοῦ</strong></span> <span class='ocrx_word' id='word_1_140' title='bbox 2531 1079 2808 1148; x_wconf 80' lang='grc' dir='ltr'>σώματος</span> <span class='ocrx_word' id='word_1_141' title='bbox 2834 1075 2943 1130; x_wconf 86' lang='grc' dir='ltr'><strong>τοῦ</strong></span> <span class='ocrx_word' id='word_1_142' title='bbox 2961 1073 3221 1131; x_wconf 77' lang='grc' dir='ltr'>θανάτου</span> <span class='ocrx_word' id='word_1_143' title='bbox 3244 1069 3495 1132; x_wconf 88' lang='grc' dir='ltr'>τούτου;</span> <span class='ocrx_word' id='word_1_144' title='bbox 3525 1068 3611 1121; x_wconf 86' lang='grc' dir='ltr'><strong>Εὐ</strong></span> <span class='ocrx_word' id='word_1_145' title='bbox 3615 1081 3786 1136; x_wconf 84' lang='grc' dir='ltr'>χαρι-</span> 
     </span>
    </p>
   </div>
   <div class='ocr_carea' id='block_1_23' title="bbox 2198 1158 3788 1239">
    <p class='ocr_par' dir='ltr' id='par_1_23' title="bbox 2198 1158 3788 1239">
     <span class='ocr_line' id='line_1_23' title="bbox 2198 1158 3788 1239; baseline -0.009 -15"><span class='ocrx_word' id='word_1_146' title='bbox 2198 1167 2322 1224; x_wconf 88' lang='grc' dir='ltr'>στῶ</span> <span class='ocrx_word' id='word_1_147' title='bbox 2343 1168 2422 1235; x_wconf 86' lang='grc' dir='ltr'>τῷ</span> <span class='ocrx_word' id='word_1_148' title='bbox 2456 1167 2579 1235; x_wconf 84' lang='grc' dir='ltr'><strong>Θεῷ</strong></span> <span class='ocrx_word' id='word_1_149' title='bbox 2597 1170 2643 1200; x_wconf 87' lang='grc'><strong>⁷⁷</strong></span> <span class='ocrx_word' id='word_1_150' title='bbox 2661 1186 2782 1239; x_wconf 81' lang='grc' dir='ltr'><strong>μου</strong></span> <span class='ocrx_word' id='word_1_151' title='bbox 2802 1166 2898 1223; x_wconf 86' lang='grc' dir='ltr'>διὰ</span> <span class='ocrx_word' id='word_1_152' title='bbox 2926 1164 3130 1233; x_wconf 83' lang='grc' dir='ltr'>Ἰησοῦ</span> <span class='ocrx_word' id='word_1_153' title='bbox 3149 1160 3408 1234; x_wconf 84' lang='grc' dir='ltr'><strong>Χριστοῦ</strong></span> <span class='ocrx_word' id='word_1_154' title='bbox 3430 1159 3540 1214; x_wconf 86' lang='grc' dir='ltr'><strong>τοῦ</strong></span> <span class='ocrx_word' id='word_1_155' title='bbox 3562 1158 3788 1228; x_wconf 79' lang='grc' dir='ltr'><strong>Κυρίου</strong></span> 
     </span>
    </p>
   </div>
   <div class='ocr_carea' id='block_1_24' title="bbox 2199 1251 3793 1331">
    <p class='ocr_par' dir='ltr' id='par_1_24' title="bbox 2199 1251 3793 1331">
     <span class='ocr_line' id='line_1_24' title="bbox 2199 1251 3793 1331; baseline -0.009 -13"><span class='ocrx_word' id='word_1_156' title='bbox 2199 1261 2388 1331; x_wconf 76' lang='grc' dir='ltr'>ἡμῶν.</span> <span class='ocrx_word' id='word_1_157' title='bbox 2419 1262 2661 1316; x_wconf 78' lang='grc' dir='ltr'><strong>Θανάτου</strong></span> <span class='ocrx_word' id='word_1_158' title='bbox 2704 1262 2762 1315; x_wconf 85' lang='grc' dir='ltr'>δὲ</span> <span class='ocrx_word' id='word_1_159' title='bbox 2804 1259 2964 1331; x_wconf 86' lang='grc' dir='ltr'>σῶμα</span> <span class='ocrx_word' id='word_1_160' title='bbox 2992 1257 3167 1321; x_wconf 80' lang='grc' dir='ltr'>καλεῖ,</span> <span class='ocrx_word' id='word_1_161' title='bbox 3197 1254 3272 1319; x_wconf 84' lang='grc' dir='ltr'>ὡς</span> <span class='ocrx_word' id='word_1_162' title='bbox 3304 1253 3409 1308; x_wconf 78' lang='grc' dir='ltr'>ὑπὸ</span> <span class='ocrx_word' id='word_1_163' title='bbox 3432 1252 3527 1306; x_wconf 76' lang='grc' dir='ltr'><strong>τὸν</strong></span> <span class='ocrx_word' id='word_1_164' title='bbox 3555 1251 3793 1306; x_wconf 78' lang='grc' dir='ltr'>θάνατον</span> 
     </span>
    </p>
   </div>
   <div class='ocr_carea' id='block_1_25' title="bbox 2198 1344 3787 1426">
    <p class='ocr_par' dir='ltr' id='par_1_25' title="bbox 2198 1344 3787 1426">
     <span class='ocr_line' id='line_1_25' title="bbox 2198 1344 3787 1426; baseline -0.008 -17"><span class='ocrx_word' id='word_1_165' title='bbox 2198 1355 2584 1426; x_wconf 81' lang='grc' dir='ltr'>γεγενημένον,</span> <span class='ocrx_word' id='word_1_166' title='bbox 2610 1352 2857 1407; x_wconf 81' lang='grc' dir='ltr'>τουτέστι</span> <span class='ocrx_word' id='word_1_167' title='bbox 2882 1351 3076 1422; x_wconf 84' lang='grc' dir='ltr'>θνητόν</span> <span class='ocrx_word' id='word_1_168' title='bbox 3093 1366 3106 1380; x_wconf 91' lang='grc'><strong>·</strong></span> <span class='ocrx_word' id='word_1_169' title='bbox 3138 1352 3172 1420; x_wconf 82' lang='grc' dir='ltr'><strong>ἡ</strong></span> <span class='ocrx_word' id='word_1_170' title='bbox 3196 1348 3343 1418; x_wconf 76' lang='grc' dir='ltr'>ψυχὴ</span> <span class='ocrx_word' id='word_1_171' title='bbox 3365 1345 3475 1416; x_wconf 83' lang='grc' dir='ltr'>γὰρ</span> <span class='ocrx_word' id='word_1_172' title='bbox 3496 1344 3787 1407; x_wconf 82' lang='grc' dir='ltr'>ἀθάνατος.</span> 
     </span>
    </p>
   </div>
   <div class='ocr_carea' id='block_1_26' title="bbox 2199 1434 3793 1515">
    <p class='ocr_par' dir='ltr' id='par_1_26' title="bbox 2199 1434 3793 1515">
     <span class='ocr_line' id='line_1_26' title="bbox 2199 1434 3793 1515; baseline -0.009 -13"><span class='ocrx_word' id='word_1_173' title='bbox 2199 1448 2395 1511; x_wconf 80' lang='grc' dir='ltr'><strong>Μόνος,</strong></span> <span class='ocrx_word' id='word_1_174' title='bbox 2448 1446 2634 1515; x_wconf 67' lang='grc' dir='ltr'>φησὶν,</span> <span class='ocrx_word' id='word_1_175' title='bbox 2670 1446 2699 1498; x_wconf 87' lang='grc' dir='ltr'>ὁ</span> <span class='ocrx_word' id='word_1_176' title='bbox 2729 1443 2935 1515; x_wconf 83' lang='grc' dir='ltr'>Κύριος</span> <span class='ocrx_word' id='word_1_177' title='bbox 2964 1441 3122 1514; x_wconf 83' lang='grc' dir='ltr'>ἡμῶν</span> <span class='ocrx_word' id='word_1_178' title='bbox 3167 1437 3376 1511; x_wconf 79' lang='grc' dir='ltr'>Ἰησοῦς</span> <span class='ocrx_word' id='word_1_179' title='bbox 3422 1435 3658 1509; x_wconf 80' lang='grc' dir='ltr'>Χριστὸς</span> <span class='ocrx_word' id='word_1_180' title='bbox 3686 1434 3793 1504; x_wconf 80' lang='grc' dir='ltr'>τῆς</span> 
     </span>
    </p>
   </div>
   <div class='ocr_carea' id='block_1_27' title="bbox 2199 1527 3795 1611">
    <p class='ocr_par' dir='ltr' id='par_1_27' title="bbox 2199 1527 3795 1611">
     <span class='ocr_line' id='line_1_27' title="bbox 2199 1527 3795 1611; baseline -0.008 -16"><span class='ocrx_word' id='word_1_181' title='bbox 2199 1541 2403 1611; x_wconf 80' lang='grc' dir='ltr'>πικρᾶς</span> <span class='ocrx_word' id='word_1_182' title='bbox 2432 1540 2582 1610; x_wconf 77' lang='grc' dir='ltr'>ἡμᾶς</span> <span class='ocrx_word' id='word_1_183' title='bbox 2611 1536 2955 1608; x_wconf 54' lang='grc' dir='ltr'><strong>⁴ἠλευθέρωσε</strong></span> <span class='ocrx_word' id='word_1_184' title='bbox 2983 1533 3324 1596; x_wconf 79' lang='grc' dir='ltr'>δυναστείας,</span> <span class='ocrx_word' id='word_1_185' title='bbox 3366 1531 3459 1584; x_wconf 76' lang='grc' dir='ltr'><strong>τὸν</strong></span> <span class='ocrx_word' id='word_1_186' title='bbox 3492 1529 3592 1602; x_wconf 80' lang='grc' dir='ltr'>μὲν</span> <span class='ocrx_word' id='word_1_187' title='bbox 3622 1527 3795 1582; x_wconf 83' lang='grc' dir='ltr'>θάνα-</span> 
     </span>
    </p>
   </div>
   <div class='ocr_carea' id='block_1_28' title="bbox 2198 1621 3793 1700">
    <p class='ocr_par' dir='ltr' id='par_1_28' title="bbox 2198 1621 3793 1700">
     <span class='ocr_line' id='line_1_28' title="bbox 2198 1621 3793 1700; baseline -0.006 -16"><span class='ocrx_word' id='word_1_188' title='bbox 2198 1649 2289 1685; x_wconf 91' lang='grc' dir='ltr'><strong>τον</strong></span> <span class='ocrx_word' id='word_1_189' title='bbox 2317 1631 2521 1695; x_wconf 81' lang='grc' dir='ltr'>λύσας,</span> <span class='ocrx_word' id='word_1_190' title='bbox 2570 1628 2670 1700; x_wconf 75' lang='grc' dir='ltr'>τὴν</span> <span class='ocrx_word' id='word_1_191' title='bbox 2699 1628 2755 1682; x_wconf 85' lang='grc' dir='ltr'>δὲ</span> <span class='ocrx_word' id='word_1_192' title='bbox 2806 1626 3109 1682; x_wconf 80' lang='grc' dir='ltr'>ἀθανασίαν</span> <span class='ocrx_word' id='word_1_193' title='bbox 3147 1627 3282 1697; x_wconf 77' lang='grc' dir='ltr'>ἡμῖν</span> <span class='ocrx_word' id='word_1_194' title='bbox 3328 1624 3698 1695; x_wconf 77' lang='grc' dir='ltr'>ὑποσχόμενος</span> <span class='ocrx_word' id='word_1_195' title='bbox 3718 1621 3793 1691; x_wconf 72' lang='grc'><strong>’⁸,</strong></span> 
     </span>
    </p>
   </div>
   <div class='ocr_carea' id='block_1_29' title="bbox 2199 1715 3796 1794">
    <p class='ocr_par' dir='ltr' id='par_1_29' title="bbox 2199 1715 3796 1794">
     <span class='ocr_line' id='line_1_29' title="bbox 2199 1715 3796 1794; baseline -0.006 -17"><span class='ocrx_word' id='word_1_196' title='bbox 2199 1723 2295 1793; x_wconf 73' lang='grc' dir='ltr'><strong>καὶ</strong></span> <span class='ocrx_word' id='word_1_197' title='bbox 2326 1722 2422 1794; x_wconf 78' lang='grc' dir='ltr'>τὴν</span> <span class='ocrx_word' id='word_1_198' title='bbox 2451 1724 2650 1777; x_wconf 82' lang='grc' dir='ltr'>ἄπονον</span> <span class='ocrx_word' id='word_1_199' title='bbox 2698 1721 2794 1775; x_wconf 72' lang='grc' dir='ltr'><strong>καὶ</strong></span> <span class='ocrx_word' id='word_1_200' title='bbox 2824 1719 3029 1775; x_wconf 78' lang='grc' dir='ltr'>ἄλυπον</span> <span class='ocrx_word' id='word_1_201' title='bbox 3061 1718 3266 1790; x_wconf 77' lang='grc' dir='ltr'>βιοτὴν,</span> <span class='ocrx_word' id='word_1_202' title='bbox 3297 1718 3391 1772; x_wconf 76' lang='grc' dir='ltr'>καὶ</span> <span class='ocrx_word' id='word_1_203' title='bbox 3420 1716 3517 1788; x_wconf 82' lang='grc' dir='ltr'>τὴν</span> <span class='ocrx_word' id='word_1_204' title='bbox 3548 1715 3796 1788; x_wconf 85' lang='grc' dir='ltr'>πολέμου</span> 
     </span>
    </p>
   </div>
   <div class='ocr_carea' id='block_1_30' title="bbox 2198 1807 3798 1885">
    <p class='ocr_par' dir='ltr' id='par_1_30' title="bbox 2198 1807 3798 1885">
     <span class='ocr_line' id='line_1_30' title="bbox 2198 1807 3798 1885; baseline -0.005 -17"><span class='ocrx_word' id='word_1_205' title='bbox 2198 1814 2321 1885; x_wconf 88' lang='grc' dir='ltr'><strong>δίχα</strong></span> <span class='ocrx_word' id='word_1_206' title='bbox 2350 1814 2445 1868; x_wconf 74' lang='grc' dir='ltr'><strong>καὶ</strong></span> <span class='ocrx_word' id='word_1_207' title='bbox 2487 1812 2765 1885; x_wconf 82' lang='grc' dir='ltr'>ἁμαρτίας</span> <span class='ocrx_word' id='word_1_208' title='bbox 2810 1811 2979 1882; x_wconf 78' lang='grc' dir='ltr'>ζωήν.</span> <span class='ocrx_word' id='word_1_209' title='bbox 3032 1810 3253 1865; x_wconf 89' lang='grc' dir='ltr'>Τούτων</span> <span class='ocrx_word' id='word_1_210' title='bbox 3286 1810 3468 1880; x_wconf 87' lang='grc' dir='ltr'>μέντοι</span> <span class='ocrx_word' id='word_1_211' title='bbox 3516 1807 3618 1879; x_wconf 83' lang='grc' dir='ltr'>τὴν</span> <span class='ocrx_word' id='word_1_212' title='bbox 3648 1808 3798 1861; x_wconf 72' lang='grc' dir='ltr'>ἀπό-</span> 
     </span>
    </p>
   </div>
   <div class='ocr_carea' id='block_1_31' title="bbox 2198 1900 3801 1976">
    <p class='ocr_par' dir='ltr' id='par_1_31' title="bbox 2198 1900 3801 1976">
     <span class='ocr_line' id='line_1_31' title="bbox 2198 1900 3801 1976; baseline -0.002 -17"><span class='ocrx_word' id='word_1_213' title='bbox 2198 1906 2392 1960; x_wconf 86' lang='grc' dir='ltr'>λαυσιν</span> <span class='ocrx_word' id='word_1_214' title='bbox 2423 1905 2566 1959; x_wconf 85' lang='grc' dir='ltr'>κατὰ</span> <span class='ocrx_word' id='word_1_215' title='bbox 2594 1904 2688 1958; x_wconf 80' lang='grc' dir='ltr'><strong>τὸν</strong></span> <span class='ocrx_word' id='word_1_216' title='bbox 2730 1904 2993 1976; x_wconf 86' lang='grc' dir='ltr'>μέλλοντα</span> <span class='ocrx_word' id='word_1_217' title='bbox 3021 1902 3287 1974; x_wconf 77' lang='grc' dir='ltr'>δεξόμεθα</span> <span class='ocrx_word' id='word_1_218' title='bbox 3332 1901 3446 1973; x_wconf 86' lang='grc' dir='ltr'>βίον</span> <span class='ocrx_word' id='word_1_219' title='bbox 3473 1917 3489 1933; x_wconf 86' lang='lat'><strong>&#39;</strong></span> <span class='ocrx_word' id='word_1_220' title='bbox 3539 1904 3596 1957; x_wconf 75' lang='grc' dir='ltr'>ὲν</span> <span class='ocrx_word' id='word_1_221' title='bbox 3624 1901 3681 1955; x_wconf 80' lang='grc' dir='ltr'>δὲ</span> <span class='ocrx_word' id='word_1_222' title='bbox 3711 1900 3801 1972; x_wconf 78' lang='grc' dir='ltr'>τῷ</span> 
     </span>
    </p>
   </div>
   <div class='ocr_carea' id='block_1_32' title="bbox 517 1968 2099 2068">
    <p class='ocr_par' dir='ltr' id='par_1_32' title="bbox 517 1968 2095 2064">
     <span class='ocr_line' id='line_1_32' title="bbox 517 1968 2095 2064; baseline 0.005 -22"><span class='ocrx_word' id='word_1_223' title='bbox 517 1968 767 2062; x_wconf 82' lang='lat' dir='ltr'><strong>pientes,</strong></span> <span class='ocrx_word' id='word_1_224' title='bbox 816 2007 927 2048; x_wconf 88' lang='lat' dir='ltr'><strong>non</strong></span> <span class='ocrx_word' id='word_1_225' title='bbox 968 1993 1073 2050; x_wconf 87' lang='lat' dir='ltr'><strong>soli</strong></span> <span class='ocrx_word' id='word_1_226' title='bbox 1132 1992 1401 2049; x_wconf 83' lang='lat' dir='ltr'><strong>adversus</strong></span> <span class='ocrx_word' id='word_1_227' title='bbox 1435 1968 1605 2048; x_wconf 79' lang='lat' dir='ltr'><strong>animi</strong></span> <span class='ocrx_word' id='word_1_228' title='bbox 1646 1968 2095 2064; x_wconf 70' lang='lat' dir='ltr'><strong>perturbationes</strong></span> 
     </span>
    </p>
   </div>
   <div class='ocr_carea' id='block_1_33' title="bbox 2202 1968 3802 2068">
    <p class='ocr_par' dir='ltr' id='par_1_33' title="bbox 2202 1968 3802 2068">
     <span class='ocr_line' id='line_1_33' title="bbox 2202 1968 3802 2068; baseline -0.003 -18"><span class='ocrx_word' id='word_1_229' title='bbox 2202 1997 2432 2068; x_wconf 87' lang='grc' dir='ltr'>παρόντι</span> <span class='ocrx_word' id='word_1_230' title='bbox 2459 1997 2559 2068; x_wconf 79' lang='grc' dir='ltr'>τῆς</span> <span class='ocrx_word' id='word_1_231' title='bbox 2589 1995 2682 2050; x_wconf 75' lang='grc' dir='ltr'><strong>τοῦ</strong></span> <span class='ocrx_word' id='word_1_232' title='bbox 2714 1968 2980 2065; x_wconf 79' lang='grc' dir='ltr'>παναγίου</span> <span class='ocrx_word' id='word_1_233' title='bbox 3033 1968 3173 2048; x_wconf 80' lang='grc' dir='ltr'>Πνεύ</span> <span class='ocrx_word' id='word_1_234' title='bbox 3183 1968 3354 2066; x_wconf 78' lang='grc' dir='ltr'>ματος</span> <span class='ocrx_word' id='word_1_235' title='bbox 3403 1993 3626 2066; x_wconf 78' lang='grc' dir='ltr'>χάριτος</span> <span class='ocrx_word' id='word_1_236' title='bbox 3654 1968 3802 2047; x_wconf 66' lang='lat' dir='ltr'><strong>arco-</strong></span> 
     </span>
    </p>
   </div>
   <div class='ocr_carea' id='block_1_34' title="bbox 518 2082 2096 2155">
    <p class='ocr_par' dir='ltr' id='par_1_34' title="bbox 518 2082 2096 2155">
     <span class='ocr_line' id='line_1_34' title="bbox 518 2082 2096 2155; baseline 0.004 -20"><span class='ocrx_word' id='word_1_237' title='bbox 518 2083 573 2135; x_wconf 89' lang='lat' dir='ltr'><strong>in</strong></span> <span class='ocrx_word' id='word_1_238' title='bbox 602 2082 722 2137; x_wconf 90' lang='lat' dir='ltr'><strong>acie</strong></span> <span class='ocrx_word' id='word_1_239' title='bbox 750 2090 964 2139; x_wconf 84' lang='lat' dir='ltr'><strong>stamus</strong></span> <span class='ocrx_word' id='word_1_240' title='bbox 986 2126 1003 2151; x_wconf 96' lang='lat'><strong>,</strong></span> <span class='ocrx_word' id='word_1_241' title='bbox 1053 2083 1150 2139; x_wconf 89' lang='lat' dir='ltr'><strong>sed</strong></span> <span class='ocrx_word' id='word_1_242' title='bbox 1181 2098 1301 2140; x_wconf 90' lang='lat' dir='ltr'><strong>eam</strong></span> <span class='ocrx_word' id='word_1_243' title='bbox 1346 2084 1754 2155; x_wconf 88' lang='lat' dir='ltr'><strong>opitulatricem</strong></span> <span class='ocrx_word' id='word_1_244' title='bbox 1807 2086 2096 2153; x_wconf 85' lang='lat' dir='ltr'><strong>habentes,</strong></span> 
     </span>
    </p>
   </div>
   <div class='ocr_carea' id='block_1_35' title="bbox 519 2175 2099 2249">
    <p class='ocr_par' dir='ltr' id='par_1_35' title="bbox 519 2175 2099 2249">
     <span class='ocr_line' id='line_1_35' title="bbox 519 2175 2099 2249; baseline 0.003 -21"><span class='ocrx_word' id='word_1_245' title='bbox 519 2175 619 2230; x_wconf 74' lang='lat' dir='ltr'><strong>llas</strong></span> <span class='ocrx_word' id='word_1_246' title='bbox 644 2176 863 2230; x_wconf 86' lang='lat' dir='ltr'><strong>vincere</strong></span> <span class='ocrx_word' id='word_1_247' title='bbox 889 2190 1210 2247; x_wconf 83' lang='lat' dir='ltr'><strong>possumus.</strong></span> <span class='ocrx_word' id='word_1_248' title='bbox 1234 2176 1443 2232; x_wconf 89' lang='lat' dir='ltr'><strong>Deinde</strong></span> <span class='ocrx_word' id='word_1_249' title='bbox 1473 2179 1822 2249; x_wconf 88' lang='lat' dir='ltr'><strong>superiorum</strong></span> <span class='ocrx_word' id='word_1_250' title='bbox 1849 2179 2099 2233; x_wconf 90' lang='lat' dir='ltr'><strong>omnium</strong></span> 
     </span>
    </p>
   </div>
   <div class='ocr_carea' id='block_1_36' title="bbox 518 2268 2102 2342">
    <p class='ocr_par' dir='ltr' id='par_1_36' title="bbox 518 2268 2102 2342">
     <span class='ocr_line' id='line_1_36' title="bbox 518 2268 2102 2342; baseline 0.003 -22"><span class='ocrx_word' id='word_1_251' title='bbox 518 2268 685 2322; x_wconf 81' lang='lat' dir='ltr'><strong>infert</strong></span> <span class='ocrx_word' id='word_1_252' title='bbox 717 2268 1073 2325; x_wconf 90' lang='lat' dir='ltr'><strong>solutionem.</strong></span> <span class='ocrx_word' id='word_1_253' title='bbox 1109 2268 1283 2340; x_wconf 80' lang='lat' dir='ltr'><strong>Igitur</strong></span> <span class='ocrx_word' id='word_1_254' title='bbox 1314 2286 1408 2339; x_wconf 89' lang='lat' dir='ltr'><strong>ego</strong></span> <span class='ocrx_word' id='word_1_255' title='bbox 1445 2271 1554 2341; x_wconf 85' lang='lat' dir='ltr'><strong>ipse</strong></span> <span class='ocrx_word' id='word_1_256' title='bbox 1600 2280 1770 2326; x_wconf 84' lang='lat' dir='ltr'><strong>mente</strong></span> <span class='ocrx_word' id='word_1_257' title='bbox 1803 2272 1972 2327; x_wconf 80' lang='lat' dir='ltr'><strong>servio</strong></span> <span class='ocrx_word' id='word_1_258' title='bbox 2001 2271 2102 2342; x_wconf 85' lang='lat' dir='ltr'><strong>legi</strong></span> 
     </span>
    </p>
   </div>
   <div class='ocr_carea' id='block_1_37' title="bbox 520 2360 1425 2432">
    <p class='ocr_par' dir='ltr' id='par_1_37' title="bbox 520 2360 1425 2432">
     <span class='ocr_line' id='line_1_37' title="bbox 520 2360 1425 2432; baseline 0.006 -19"><span class='ocrx_word' id='word_1_259' title='bbox 520 2360 637 2426; x_wconf 81' lang='lat' dir='ltr'><strong>Dei,</strong></span> <span class='ocrx_word' id='word_1_260' title='bbox 672 2375 831 2415; x_wconf 83' lang='lat' dir='ltr'><strong>carne</strong></span> <span class='ocrx_word' id='word_1_261' title='bbox 861 2368 1039 2416; x_wconf 88' lang='lat' dir='ltr'><strong>autem</strong></span> <span class='ocrx_word' id='word_1_262' title='bbox 1073 2360 1174 2432; x_wconf 87' lang='lat' dir='ltr'><strong>legi</strong></span> <span class='ocrx_word' id='word_1_263' title='bbox 1203 2362 1425 2431; x_wconf 84' lang='lat' dir='ltr'><strong>peccati.</strong></span> 
     </span>
    </p>
   </div>
   <div class='ocr_carea' id='block_1_38' title="bbox 1103 2624 1506 2683">
    <p class='ocr_par' dir='ltr' id='par_1_38' title="bbox 1103 2624 1506 2683">
     <span class='ocr_line' id='line_1_38' title="bbox 1103 2624 1506 2683; baseline 0.002 -1"><span class='ocrx_word' id='word_1_264' title='bbox 1103 2624 1332 2683; x_wconf 85' lang='lat' dir='ltr'><strong>CAPUT</strong></span> <span class='ocrx_word' id='word_1_265' title='bbox 1366 2626 1506 2683; x_wconf 83' lang='lat' dir='ltr'><strong>Vill.</strong></span> 
     </span>
    </p>
   </div>
   <div class='ocr_carea' id='block_1_39' title="bbox 594 2712 2102 2795">
    <p class='ocr_par' dir='ltr' id='par_1_39' title="bbox 594 2712 2102 2795">
     <span class='ocr_line' id='line_1_39' title="bbox 594 2712 2102 2795; baseline 0.007 -26"><span class='ocrx_word' id='word_1_266' title='bbox 594 2712 759 2772; x_wconf 75' lang='lat' dir='ltr'><strong>Vsus.</strong></span> <span class='ocrx_word' id='word_1_267' title='bbox 806 2716 859 2771; x_wconf 76' lang='grc' dir='ltr'>Ι.</span> <span class='ocrx_word' id='word_1_268' title='bbox 898 2713 1053 2771; x_wconf 82' lang='lat' dir='ltr'><strong>Nihil</strong></span> <span class='ocrx_word' id='word_1_269' title='bbox 1095 2734 1217 2789; x_wconf 88' lang='lat' dir='ltr'><strong>ergo</strong></span> <span class='ocrx_word' id='word_1_270' title='bbox 1245 2735 1384 2773; x_wconf 85' lang='lat' dir='ltr'><strong>nunc</strong></span> <span class='ocrx_word' id='word_1_271' title='bbox 1409 2718 1773 2776; x_wconf 84' lang='lat' dir='ltr'><strong>damnationis</strong></span> <span class='ocrx_word' id='word_1_272' title='bbox 1807 2732 1888 2777; x_wconf 88' lang='lat' dir='ltr'><strong>est</strong></span> <span class='ocrx_word' id='word_1_273' title='bbox 1917 2725 1983 2778; x_wconf 86' lang='lat' dir='ltr'><strong>iis</strong></span> <span class='ocrx_word' id='word_1_274' title='bbox 2012 2725 2102 2795; x_wconf 87' lang='lat' dir='ltr'><strong>qui</strong></span> 
     </span>
    </p>
   </div>
   <div class='ocr_carea' id='block_1_40' title="bbox 518 2805 2101 2882">
    <p class='ocr_par' dir='ltr' id='par_1_40' title="bbox 518 2805 2101 2882">
     <span class='ocr_line' id='line_1_40' title="bbox 518 2805 2101 2882; baseline 0.007 -21"><span class='ocrx_word' id='word_1_275' title='bbox 518 2817 642 2861; x_wconf 85' lang='lat' dir='ltr'><strong>sunt</strong></span> <span class='ocrx_word' id='word_1_276' title='bbox 686 2810 741 2862; x_wconf 83' lang='lat' dir='ltr'><strong>in</strong></span> <span class='ocrx_word' id='word_1_277' title='bbox 781 2805 992 2864; x_wconf 78' lang='lat' dir='ltr'><strong>Christo</strong></span> <span class='ocrx_word' id='word_1_278' title='bbox 1021 2808 1192 2875; x_wconf 76' lang='lat' dir='ltr'><strong>Iesu,</strong></span> <span class='ocrx_word' id='word_1_279' title='bbox 1252 2811 1343 2882; x_wconf 85' lang='lat' dir='ltr'><strong>qui</strong></span> <span class='ocrx_word' id='word_1_280' title='bbox 1394 2828 1499 2866; x_wconf 86' lang='lat' dir='ltr'><strong>non</strong></span> <span class='ocrx_word' id='word_1_281' title='bbox 1552 2813 1840 2868; x_wconf 88' lang='lat' dir='ltr'><strong>secundum</strong></span> <span class='ocrx_word' id='word_1_282' title='bbox 1887 2833 2101 2872; x_wconf 85' lang='lat' dir='ltr'><strong>carnem</strong></span> 
     </span>
    </p>
   </div>
   <div class='ocr_carea' id='block_1_41' title="bbox 521 2899 2102 2978">
    <p class='ocr_par' dir='ltr' id='par_1_41' title="bbox 521 2899 2102 2978">
     <span class='ocr_line' id='line_1_41' title="bbox 521 2899 2102 2978; baseline 0.009 -26"><span class='ocrx_word' id='word_1_283' title='bbox 521 2899 816 2969; x_wconf 83' lang='lat' dir='ltr'><strong>ambulant,</strong></span> <span class='ocrx_word' id='word_1_284' title='bbox 854 2902 944 2956; x_wconf 86' lang='lat' dir='ltr'><strong>sed</strong></span> <span class='ocrx_word' id='word_1_285' title='bbox 971 2902 1260 2957; x_wconf 85' lang='lat' dir='ltr'><strong>secundum</strong></span> <span class='ocrx_word' id='word_1_286' title='bbox 1288 2905 1557 2975; x_wconf 81' lang='lat' dir='ltr'><strong>spiritum.</strong></span> <span class='ocrx_word' id='word_1_287' title='bbox 1590 2906 1781 2978; x_wconf 83' lang='lat' dir='ltr'><strong>Neque</strong></span> <span class='ocrx_word' id='word_1_288' title='bbox 1823 2909 1969 2963; x_wconf 86' lang='lat' dir='ltr'><strong>enim</strong></span> <span class='ocrx_word' id='word_1_289' title='bbox 1999 2925 2102 2966; x_wconf 90' lang='lat' dir='ltr'><strong>nos</strong></span> 
     </span>
    </p>
   </div>
   <div class='ocr_carea' id='block_1_42' title="bbox 521 2993 2101 3070">
    <p class='ocr_par' dir='ltr' id='par_1_42' title="bbox 521 2993 2101 3070">
     <span class='ocr_line' id='line_1_42' title="bbox 521 2993 2101 3070; baseline 0.008 -26"><span class='ocrx_word' id='word_1_290' title='bbox 521 3007 667 3045; x_wconf 89' lang='lat' dir='ltr'><strong>nunc</strong></span> <span class='ocrx_word' id='word_1_291' title='bbox 682 2993 884 3049; x_wconf 86' lang='lat' dir='ltr'><strong>invitos</strong></span> <span class='ocrx_word' id='word_1_292' title='bbox 905 2994 1132 3049; x_wconf 86' lang='lat' dir='ltr'><strong>vincunt</strong></span> <span class='ocrx_word' id='word_1_293' title='bbox 1154 2995 1324 3051; x_wconf 89' lang='lat' dir='ltr'><strong>animi</strong></span> <span class='ocrx_word' id='word_1_294' title='bbox 1350 2998 1821 3069; x_wconf 87' lang='lat' dir='ltr'><strong>perturbationes,</strong></span> <span class='ocrx_word' id='word_1_295' title='bbox 1841 3001 2101 3070; x_wconf 84' lang='lat' dir='ltr'><strong>quoniam</strong></span> 
     </span>
    </p>
   </div>
   <div class='ocr_carea' id='block_1_43' title="bbox 519 3082 1589 3160">
    <p class='ocr_par' dir='ltr' id='par_1_43' title="bbox 519 3082 1589 3160">
     <span class='ocr_line' id='line_1_43' title="bbox 519 3082 1589 3160; baseline 0.006 -22"><span class='ocrx_word' id='word_1_296' title='bbox 519 3083 688 3139; x_wconf 88' lang='lat' dir='ltr'><strong>divini</strong></span> <span class='ocrx_word' id='word_1_297' title='bbox 725 3082 963 3154; x_wconf 88' lang='lat' dir='ltr'><strong>Spiritus</strong></span> <span class='ocrx_word' id='word_1_298' title='bbox 989 3086 1221 3156; x_wconf 76' lang='lat' dir='ltr'><strong>gratiam</strong></span> <span class='ocrx_word' id='word_1_299' title='bbox 1251 3090 1589 3160; x_wconf 88' lang='lat' dir='ltr'><strong>accepimus.</strong></span> 
     </span>
    </p>
   </div>
   <div class='ocr_carea' id='block_1_44' title="bbox 596 3171 2102 3249">
    <p class='ocr_par' dir='ltr' id='par_1_44' title="bbox 596 3171 2102 3249">
     <span class='ocr_line' id='line_1_44' title="bbox 596 3171 2102 3249; baseline 0.009 -23"><span class='ocrx_word' id='word_1_300' title='bbox 596 3171 760 3230; x_wconf 71' lang='lat' dir='ltr'><strong>Vens.</strong></span> <span class='ocrx_word' id='word_1_301' title='bbox 797 3174 850 3229; x_wconf 79' lang='grc'>2.</span> <span class='ocrx_word' id='word_1_302' title='bbox 884 3173 997 3230; x_wconf 66' lang='lat' dir='ltr'><strong>Lex</strong></span> <span class='ocrx_word' id='word_1_303' title='bbox 1045 3178 1189 3232; x_wconf 80' lang='lat' dir='ltr'><strong>enim</strong></span> <span class='ocrx_word' id='word_1_304' title='bbox 1219 3180 1447 3249; x_wconf 81' lang='lat' dir='ltr'><strong>spiritus</strong></span> <span class='ocrx_word' id='word_1_305' title='bbox 1477 3183 1598 3236; x_wconf 63' lang='lat' dir='ltr'><strong>vitae</strong></span> <span class='ocrx_word' id='word_1_306' title='bbox 1643 3183 1697 3236; x_wconf 91' lang='lat' dir='ltr'><strong>in</strong></span> <span class='ocrx_word' id='word_1_307' title='bbox 1728 3182 1941 3239; x_wconf 79' lang='lat' dir='ltr'><strong>Christo</strong></span> <span class='ocrx_word' id='word_1_308' title='bbox 1969 3184 2102 3240; x_wconf 85' lang='lat' dir='ltr'><strong>Jesu</strong></span> 
     </span>
    </p>
   </div>
   <div class='ocr_carea' id='block_1_45' title="bbox 2199 2084 3804 2156">
    <p class='ocr_par' dir='ltr' id='par_1_45' title="bbox 2199 2084 3804 2156">
     <span class='ocr_line' id='line_1_45' title="bbox 2199 2084 3804 2156; baseline -0.002 -15"><span class='ocrx_word' id='word_1_309' title='bbox 2199 2087 2474 2152; x_wconf 87' lang='grc' dir='ltr'>λαύοντες,</span> <span class='ocrx_word' id='word_1_310' title='bbox 2516 2087 2576 2140; x_wconf 80' lang='grc' dir='ltr'><strong>ού</strong></span> <span class='ocrx_word' id='word_1_311' title='bbox 2613 2086 2762 2156; x_wconf 85' lang='grc' dir='ltr'>μόνοι</span> <span class='ocrx_word' id='word_1_312' title='bbox 2807 2086 2951 2141; x_wconf 85' lang='grc' dir='ltr'>κατὰ</span> <span class='ocrx_word' id='word_1_313' title='bbox 2978 2084 3090 2139; x_wconf 85' lang='grc' dir='ltr'>τῶν</span> <span class='ocrx_word' id='word_1_314' title='bbox 3133 2084 3476 2155; x_wconf 78' lang='grc' dir='ltr'>παθημάτων</span> <span class='ocrx_word' id='word_1_315' title='bbox 3507 2102 3804 2156; x_wconf 79' lang='grc' dir='ltr'>παρατατ-</span> 
     </span>
    </p>
   </div>
   <div class='ocr_carea' id='block_1_46' title="bbox 2198 2171 3801 2249">
    <p class='ocr_par' dir='ltr' id='par_1_46' title="bbox 2198 2171 3801 2249">
     <span class='ocr_line' id='line_1_46' title="bbox 2198 2171 3801 2249; baseline -0.005 -17"><span class='ocrx_word' id='word_1_316' title='bbox 2198 2178 2406 2249; x_wconf 88' lang='grc' dir='ltr'>τόμεθα</span> <span class='ocrx_word' id='word_1_317' title='bbox 2422 2219 2437 2245; x_wconf 90' lang='grc'><strong>,</strong></span> <span class='ocrx_word' id='word_1_318' title='bbox 2469 2176 2583 2231; x_wconf 83' lang='grc' dir='ltr'>ἀλλ’</span> <span class='ocrx_word' id='word_1_319' title='bbox 2607 2175 2824 2247; x_wconf 77' lang='grc' dir='ltr'>ἐκείνην</span> <span class='ocrx_word' id='word_1_320' title='bbox 2849 2173 3140 2246; x_wconf 74' lang='grc' dir='ltr'>ἐπίκουρον</span> <span class='ocrx_word' id='word_1_321' title='bbox 3166 2173 3383 2244; x_wconf 74' lang='grc' dir='ltr'>ἔχοντες</span> <span class='ocrx_word' id='word_1_322' title='bbox 3403 2171 3801 2245; x_wconf 69' lang='grc' dir='ltr'>περιγενέσθαι</span> 
     </span>
    </p>
   </div>
   <div class='ocr_carea' id='block_1_47' title="bbox 2199 2263 3803 2339">
    <p class='ocr_par' dir='ltr' id='par_1_47' title="bbox 2199 2263 3803 2339">
     <span class='ocr_line' id='line_1_47' title="bbox 2199 2263 3803 2339; baseline -0.006 -14"><span class='ocrx_word' id='word_1_323' title='bbox 2199 2271 2405 2326; x_wconf 87' lang='grc' dir='ltr'>τούτων</span> <span class='ocrx_word' id='word_1_324' title='bbox 2450 2268 2746 2339; x_wconf 79' lang='grc' dir='ltr'>δυνάμεθα.</span> <span class='ocrx_word' id='word_1_325' title='bbox 2814 2264 2951 2321; x_wconf 80' lang='grc' dir='ltr'>Εἶτα</span> <span class='ocrx_word' id='word_1_326' title='bbox 3013 2267 3126 2321; x_wconf 85' lang='grc' dir='ltr'><strong>τῶν</strong></span> <span class='ocrx_word' id='word_1_327' title='bbox 3177 2266 3485 2336; x_wconf 76' lang='grc' dir='ltr'>εἰρημένων</span> <span class='ocrx_word' id='word_1_328' title='bbox 3533 2263 3803 2317; x_wconf 76' lang='grc' dir='ltr'>ἁπάντων</span> 
     </span>
    </p>
   </div>
   <div class='ocr_carea' id='block_1_48' title="bbox 2201 2348 3803 2431">
    <p class='ocr_par' dir='ltr' id='par_1_48' title="bbox 2201 2348 3803 2431">
     <span class='ocr_line' id='line_1_48' title="bbox 2201 2348 3803 2431; baseline -0.006 -18"><span class='ocrx_word' id='word_1_329' title='bbox 2201 2358 2503 2431; x_wconf 63' lang='grc' dir='ltr'>προσφέρει</span> <span class='ocrx_word' id='word_1_330' title='bbox 2534 2356 2632 2428; x_wconf 82' lang='grc' dir='ltr'><strong>τὴν</strong></span> <span class='ocrx_word' id='word_1_331' title='bbox 2662 2354 2818 2410; x_wconf 87' lang='grc' dir='ltr'>λύσιν</span> <span class='ocrx_word' id='word_1_332' title='bbox 2839 2370 2853 2383; x_wconf 89' lang='grc'><strong>·</strong></span> <span class='ocrx_word' id='word_1_333' title='bbox 2892 2357 3045 2424; x_wconf 76' lang='grc' dir='ltr'>’Ἄρα</span> <span class='ocrx_word' id='word_1_334' title='bbox 3075 2349 3191 2409; x_wconf 83' lang='grc' dir='ltr'><strong>οὖν</strong></span> <span class='ocrx_word' id='word_1_335' title='bbox 3235 2352 3420 2419; x_wconf 84' lang='grc' dir='ltr'>αὐτὸς</span> <span class='ocrx_word' id='word_1_336' title='bbox 3456 2351 3571 2421; x_wconf 75' lang='grc' dir='ltr'><strong>ἐγὼ</strong></span> <span class='ocrx_word' id='word_1_337' title='bbox 3608 2351 3679 2405; x_wconf 77' lang='grc' dir='ltr'><strong>ἐν</strong></span> <span class='ocrx_word' id='word_1_338' title='bbox 3708 2348 3803 2416; x_wconf 83' lang='grc' dir='ltr'>τῷ</span> 
     </span>
    </p>
   </div>
   <div class='ocr_carea' id='block_1_49' title="bbox 2201 2440 3800 2518">
    <p class='ocr_par' dir='ltr' id='par_1_49' title="bbox 2201 2440 3800 2518">
     <span class='ocr_line' id='line_1_49' title="bbox 2201 2440 3800 2518; baseline -0.009 -11"><span class='ocrx_word' id='word_1_339' title='bbox 2201 2452 2299 2507; x_wconf 81' lang='grc' dir='ltr'>νοῒ</span> <span class='ocrx_word' id='word_1_340' title='bbox 2347 2449 2652 2505; x_wconf 76' lang='grc' dir='ltr'>δουλεύων</span> <span class='ocrx_word' id='word_1_341' title='bbox 2701 2449 2864 2518; x_wconf 78' lang='grc' dir='ltr'>νόμῳ</span> <span class='ocrx_word' id='word_1_342' title='bbox 2912 2443 3093 2511; x_wconf 83' lang='grc' dir='ltr'>Θεοῦ,</span> <span class='ocrx_word' id='word_1_343' title='bbox 3142 2443 3221 2513; x_wconf 76' lang='grc' dir='ltr'>τῇ</span> <span class='ocrx_word' id='word_1_344' title='bbox 3278 2441 3347 2497; x_wconf 80' lang='grc' dir='ltr'>δὲ</span> <span class='ocrx_word' id='word_1_345' title='bbox 3395 2441 3577 2511; x_wconf 79' lang='grc' dir='ltr'>σαρκί</span> <span class='ocrx_word' id='word_1_346' title='bbox 3627 2440 3800 2511; x_wconf 76' lang='grc' dir='ltr'>νόμῳ</span> 
     </span>
    </p>
   </div>
   <div class='ocr_carea' id='block_1_50' title="bbox 2200 2543 2512 2615">
    <p class='ocr_par' dir='ltr' id='par_1_50' title="bbox 2200 2543 2512 2615">
     <span class='ocr_line' id='line_1_50' title="bbox 2200 2543 2512 2615; baseline -0.003 -17"><span class='ocrx_word' id='word_1_347' title='bbox 2200 2543 2512 2615; x_wconf 82' lang='grc' dir='ltr'>ἁμαρτίας.</span> 
     </span>
    </p>
   </div>
   <div class='ocr_carea' id='block_1_51' title="bbox 2730 2628 3261 2687">
    <p class='ocr_par' dir='ltr' id='par_1_51' title="bbox 2730 2628 3261 2687">
     <span class='ocr_line' id='line_1_51' title="bbox 2730 2628 3261 2687; baseline -0.006 0"><span class='ocrx_word' id='word_1_348' title='bbox 2730 2630 3134 2687; x_wconf 80' lang='grc' dir='ltr'><strong>ΚΕΦΑΛΑΙΟΝ</strong></span> <span class='ocrx_word' id='word_1_349' title='bbox 3179 2628 3261 2684; x_wconf 84' lang='grc' dir='ltr'><strong>Η’.</strong></span> 
     </span>
    </p>
   </div>
   <div class='ocr_carea' id='block_1_52' title="bbox 2273 2713 3804 2792">
    <p class='ocr_par' dir='ltr' id='par_1_52' title="bbox 2273 2713 3804 2792">
     <span class='ocr_line' id='line_1_52' title="bbox 2273 2713 3804 2792; baseline -0.008 -13"><span class='ocrx_word' id='word_1_350' title='bbox 2273 2731 2344 2779; x_wconf 86' lang='grc' dir='ltr'>α’.</span> <span class='ocrx_word' id='word_1_351' title='bbox 2388 2722 2585 2778; x_wconf 77' lang='grc' dir='ltr'><strong>Οὐδὲν</strong></span> <span class='ocrx_word' id='word_1_352' title='bbox 2625 2721 2741 2792; x_wconf 76' lang='grc' dir='ltr'>ἄρα</span> <span class='ocrx_word' id='word_1_353' title='bbox 2775 2719 3107 2788; x_wconf 80' lang='grc' dir='ltr'>κατάκριμα</span> <span class='ocrx_word' id='word_1_354' title='bbox 3144 2717 3265 2773; x_wconf 71' lang='grc' dir='ltr'><strong>νῦν</strong></span> <span class='ocrx_word' id='word_1_355' title='bbox 3292 2715 3417 2782; x_wconf 83' lang='grc' dir='ltr'>τοῖς</span> <span class='ocrx_word' id='word_1_356' title='bbox 3452 2715 3523 2770; x_wconf 79' lang='grc' dir='ltr'><strong>ἐν</strong></span> <span class='ocrx_word' id='word_1_357' title='bbox 3558 2713 3804 2784; x_wconf 80' lang='grc' dir='ltr'>Χριστῷ</span> 
     </span>
    </p>
   </div>
   <div class='ocr_carea' id='block_1_53' title="bbox 2214 2806 3804 2886">
    <p class='ocr_par' dir='ltr' id='par_1_53' title="bbox 2214 2806 3804 2886">
     <span class='ocr_line' id='line_1_53' title="bbox 2214 2806 3804 2886; baseline -0.007 -15"><span class='ocrx_word' id='word_1_358' title='bbox 2214 2817 2440 2885; x_wconf 82' lang='grc' dir='ltr'>Ἰησοῦ,</span> <span class='ocrx_word' id='word_1_359' title='bbox 2466 2814 2552 2886; x_wconf 81' lang='grc' dir='ltr'>μὴ</span> <span class='ocrx_word' id='word_1_360' title='bbox 2577 2815 2727 2869; x_wconf 82' lang='grc' dir='ltr'>κατὰ</span> <span class='ocrx_word' id='word_1_361' title='bbox 2749 2812 2948 2883; x_wconf 82' lang='grc' dir='ltr'>σάρκα</span> <span class='ocrx_word' id='word_1_362' title='bbox 2975 2809 3431 2880; x_wconf 79' lang='grc' dir='ltr'>περιπατοῦσιν,</span> <span class='ocrx_word' id='word_1_363' title='bbox 3456 2808 3619 2863; x_wconf 71' lang='grc' dir='ltr'><em>ἀλλὰ</em></span> <span class='ocrx_word' id='word_1_364' title='bbox 3638 2806 3804 2862; x_wconf 86' lang='grc' dir='ltr'>κατὰ</span> 
     </span>
    </p>
   </div>
   <div class='ocr_carea' id='block_1_54' title="bbox 2203 2898 3920 2979">
    <p class='ocr_par' dir='ltr' id='par_1_54' title="bbox 2203 2898 3920 2979">
     <span class='ocr_line' id='line_1_54' title="bbox 2203 2898 3920 2979; baseline -0.007 -16"><span class='ocrx_word' id='word_1_365' title='bbox 2203 2908 2458 2979; x_wconf 76' lang='grc' dir='ltr'>πνεῦμα.</span> <span class='ocrx_word' id='word_1_366' title='bbox 2510 2908 2587 2961; x_wconf 87' lang='grc' dir='ltr'>Ού</span> <span class='ocrx_word' id='word_1_367' title='bbox 2635 2907 2743 2979; x_wconf 83' lang='grc' dir='ltr'>γὰρ</span> <span class='ocrx_word' id='word_1_368' title='bbox 2791 2903 3135 2976; x_wconf 86' lang='grc' dir='ltr'>περιγίνεται</span> <span class='ocrx_word' id='word_1_369' title='bbox 3181 2900 3277 2956; x_wconf 79' lang='grc' dir='ltr'><strong>νῦν</strong></span> <span class='ocrx_word' id='word_1_370' title='bbox 3332 2900 3407 2973; x_wconf 77' lang='grc' dir='ltr'>μὴ</span> <span class='ocrx_word' id='word_1_371' title='bbox 3455 2898 3803 2971; x_wconf 76' lang='grc' dir='ltr'>βουλομένων</span> <span class='ocrx_word' id='word_1_372' title='bbox 3914 2926 3920 2935; x_wconf 90' lang='grc'><strong>·</strong></span> 
     </span>
    </p>
   </div>
   <div class='ocr_carea' id='block_1_55' title="bbox 2204 2988 3803 3069">
    <p class='ocr_par' dir='ltr' id='par_1_55' title="bbox 2204 2988 3803 3069">
     <span class='ocr_line' id='line_1_55' title="bbox 2204 2988 3803 3069; baseline -0.007 -17"><span class='ocrx_word' id='word_1_373' title='bbox 2204 2999 2361 3069; x_wconf 78' lang='grc' dir='ltr'>ἡμῶν</span> <span class='ocrx_word' id='word_1_374' title='bbox 2387 2996 2457 3052; x_wconf 75' lang='grc' dir='ltr'>τὰ</span> <span class='ocrx_word' id='word_1_375' title='bbox 2488 2998 2807 3068; x_wconf 83' lang='grc' dir='ltr'>παθήματα,</span> <span class='ocrx_word' id='word_1_376' title='bbox 2859 2994 3050 3066; x_wconf 70' lang='grc' dir='ltr'>ἐπειδὴ</span> <span class='ocrx_word' id='word_1_377' title='bbox 3093 2992 3189 3046; x_wconf 80' lang='grc' dir='ltr'><strong>τοῦ</strong></span> <span class='ocrx_word' id='word_1_378' title='bbox 3229 2990 3429 3045; x_wconf 73' lang='lat' dir='ltr'><strong>Geo-3&quot;</strong></span> <span class='ocrx_word' id='word_1_379' title='bbox 3474 2988 3803 3060; x_wconf 84' lang='grc' dir='ltr'>Πνεύματος</span> 
     </span>
    </p>
   </div>
   <div class='ocr_carea' id='block_1_56' title="bbox 2201 3085 2840 3159">
    <p class='ocr_par' dir='ltr' id='par_1_56' title="bbox 2201 3085 2840 3159">
     <span class='ocr_line' id='line_1_56' title="bbox 2201 3085 2840 3159; baseline -0.002 -18"><span class='ocrx_word' id='word_1_380' title='bbox 2201 3089 2301 3159; x_wconf 85' lang='grc' dir='ltr'><strong>τὴν</strong></span> <span class='ocrx_word' id='word_1_381' title='bbox 2329 3087 2490 3159; x_wconf 85' lang='grc' dir='ltr'>χάριν</span> <span class='ocrx_word' id='word_1_382' title='bbox 2520 3085 2840 3157; x_wconf 78' lang='grc' dir='ltr'>δεδέγμεθα.</span> 
     </span>
    </p>
   </div>
   <div class='ocr_carea' id='block_1_57' title="bbox 2279 3169 3807 3252">
    <p class='ocr_par' dir='ltr' id='par_1_57' title="bbox 2279 3169 3807 3252">
     <span class='ocr_line' id='line_1_57' title="bbox 2279 3169 3807 3252; baseline -0.007 -18"><span class='ocrx_word' id='word_1_383' title='bbox 2279 3180 2346 3252; x_wconf 84' lang='grc' dir='ltr'><strong>β’.</strong></span> <span class='ocrx_word' id='word_1_384' title='bbox 2399 3181 2463 3234; x_wconf 90' lang='lat'><strong>&#39;0</strong></span> <span class='ocrx_word' id='word_1_385' title='bbox 2491 3182 2602 3249; x_wconf 71' lang='grc' dir='ltr'>γὰρ</span> <span class='ocrx_word' id='word_1_386' title='bbox 2631 3178 2817 3247; x_wconf 78' lang='grc' dir='ltr'>νόμος</span> <span class='ocrx_word' id='word_1_387' title='bbox 2855 3176 2965 3231; x_wconf 85' lang='grc' dir='ltr'><strong>τοῦ</strong></span> <span class='ocrx_word' id='word_1_388' title='bbox 2995 3174 3346 3245; x_wconf 78' lang='grc' dir='ltr'>Πνεῦματος</span> <span class='ocrx_word' id='word_1_389' title='bbox 3386 3171 3500 3241; x_wconf 78' lang='grc' dir='ltr'>τῆς</span> <span class='ocrx_word' id='word_1_390' title='bbox 3542 3169 3690 3238; x_wconf 82' lang='grc' dir='ltr'><strong>ζωῆς</strong></span> <span class='ocrx_word' id='word_1_391' title='bbox 3723 3169 3807 3225; x_wconf 78' lang='grc' dir='ltr'><strong>ἐν</strong></span> 
     </span>
    </p>
   </div>
   <div class='ocr_carea' id='block_1_58' title="bbox 522 3260 2099 3366">
    <p class='ocr_par' dir='ltr' id='par_1_58' title="bbox 522 3264 2099 3348">
     <span class='ocr_line' id='line_1_58' title="bbox 522 3264 2099 3348; baseline 0.008 -30"><span class='ocrx_word' id='word_1_392' title='bbox 522 3264 765 3322; x_wconf 82' lang='lat' dir='ltr'><strong>liberavit</strong></span> <span class='ocrx_word' id='word_1_393' title='bbox 796 3284 876 3321; x_wconf 87' lang='lat' dir='ltr'><strong>me</strong></span> <span class='ocrx_word' id='word_1_394' title='bbox 911 3269 1081 3341; x_wconf 84' lang='lat' dir='ltr'><strong>alege</strong></span> <span class='ocrx_word' id='word_1_395' title='bbox 1110 3272 1313 3339; x_wconf 84' lang='lat' dir='ltr'><strong>peccati</strong></span> <span class='ocrx_word' id='word_1_396' title='bbox 1360 3282 1412 3327; x_wconf 88' lang='lat' dir='ltr'><strong>et</strong></span> <span class='ocrx_word' id='word_1_397' title='bbox 1461 3275 1673 3331; x_wconf 86' lang='lat' dir='ltr'><strong>mortis.</strong></span> <span class='ocrx_word' id='word_1_398' title='bbox 1730 3274 1885 3331; x_wconf 87' lang='lat' dir='ltr'><strong>Sicut</strong></span> <span class='ocrx_word' id='word_1_399' title='bbox 1938 3275 2099 3348; x_wconf 83' lang='lat' dir='ltr'><strong>legem</strong></span> 
     </span>
    </p>
   </div>
   <div class='ocr_carea' id='block_1_59' title="bbox 2202 3260 3806 3366">
    <p class='ocr_par' dir='ltr' id='par_1_59' title="bbox 2210 3260 3806 3342">
     <span class='ocr_line' id='line_1_59' title="bbox 2210 3260 3806 3342; baseline -0.007 -16"><span class='ocrx_word' id='word_1_400' title='bbox 2210 3271 2439 3342; x_wconf 76' lang='grc' dir='ltr'>Χριστῷ</span> <span class='ocrx_word' id='word_1_401' title='bbox 2470 3268 2673 3339; x_wconf 85' lang='grc' dir='ltr'>Ἰησοῦ</span> <span class='ocrx_word' id='word_1_402' title='bbox 2692 3267 3077 3337; x_wconf 72' lang='grc' dir='ltr'>ἠλευθέρωσέ</span> <span class='ocrx_word' id='word_1_403' title='bbox 3091 3284 3167 3336; x_wconf 86' lang='grc' dir='ltr'><strong>με</strong></span> <span class='ocrx_word' id='word_1_404' title='bbox 3196 3265 3317 3322; x_wconf 76' lang='grc' dir='ltr'><strong>ἀπὸ</strong></span> <span class='ocrx_word' id='word_1_405' title='bbox 3339 3264 3445 3320; x_wconf 88' lang='grc' dir='ltr'><strong>τοῦ</strong></span> <span class='ocrx_word' id='word_1_406' title='bbox 3473 3266 3660 3334; x_wconf 76' lang='grc' dir='ltr'>νόμον</span> <span class='ocrx_word' id='word_1_407' title='bbox 3682 3260 3806 3331; x_wconf 82' lang='grc' dir='ltr'>τῆς</span> 
     </span>
    </p>
   </div>
   <div class='ocr_carea' id='block_1_60' title="bbox 519 3355 2099 3434">
    <p class='ocr_par' dir='ltr' id='par_1_60' title="bbox 519 3359 2099 3434">
     <span class='ocr_line' id='line_1_60' title="bbox 519 3359 2099 3434; baseline 0.006 -23"><span class='ocrx_word' id='word_1_408' title='bbox 519 3359 719 3425; x_wconf 84' lang='lat' dir='ltr'><strong>peccati</strong></span> <span class='ocrx_word' id='word_1_409' title='bbox 753 3368 1061 3429; x_wconf 82' lang='lat' dir='ltr'><strong>peccatum,</strong></span> <span class='ocrx_word' id='word_1_410' title='bbox 1103 3361 1180 3416; x_wconf 89' lang='lat' dir='ltr'><strong>ita</strong></span> <span class='ocrx_word' id='word_1_411' title='bbox 1210 3362 1375 3434; x_wconf 86' lang='lat' dir='ltr'><strong>legem</strong></span> <span class='ocrx_word' id='word_1_412' title='bbox 1403 3363 1625 3434; x_wconf 83' lang='lat' dir='ltr'><strong>spiritus</strong></span> <span class='ocrx_word' id='word_1_413' title='bbox 1668 3365 1790 3421; x_wconf 77' lang='lat' dir='ltr'><strong>uitw</strong></span> <span class='ocrx_word' id='word_1_414' title='bbox 1820 3366 2099 3424; x_wconf 78' lang='lat' dir='ltr'><strong>viriﬁcum</strong></span> 
     </span>
    </p>
   </div>
   <div class='ocr_carea' id='block_1_61' title="bbox 2202 3355 3806 3434">
    <p class='ocr_par' dir='ltr' id='par_1_61' title="bbox 2210 3355 3806 3434">
     <span class='ocr_line' id='line_1_61' title="bbox 2210 3355 3806 3434; baseline -0.008 -15"><span class='ocrx_word' id='word_1_415' title='bbox 2210 3364 2504 3434; x_wconf 80' lang='grc' dir='ltr'>ἁμαρτίας</span> <span class='ocrx_word' id='word_1_416' title='bbox 2522 3360 2741 3416; x_wconf 76' lang='grc' dir='ltr'>καὶτοῦ</span> <span class='ocrx_word' id='word_1_417' title='bbox 2761 3357 3046 3414; x_wconf 81' lang='grc' dir='ltr'>θανάτου.</span> <span class='ocrx_word' id='word_1_418' title='bbox 3062 3358 3238 3412; x_wconf 81' lang='grc' dir='ltr'>’Ὢσπε</span> <span class='ocrx_word' id='word_1_419' title='bbox 3246 3376 3278 3430; x_wconf 93' lang='grc' dir='ltr'><strong>ρ</strong></span> <span class='ocrx_word' id='word_1_420' title='bbox 3299 3358 3489 3424; x_wconf 77' lang='grc' dir='ltr'>νόμον</span> <span class='ocrx_word' id='word_1_421' title='bbox 3502 3355 3806 3425; x_wconf 76' lang='grc' dir='ltr'>ἁμαρτίας</span> 
     </span>
    </p>
   </div>
   <div class='ocr_carea' id='block_1_62' title="bbox 523 3451 2099 3531">
    <p class='ocr_par' dir='ltr' id='par_1_62' title="bbox 523 3451 2099 3531">
     <span class='ocr_line' id='line_1_62' title="bbox 523 3451 2099 3531; baseline 0.007 -26"><span class='ocrx_word' id='word_1_422' title='bbox 523 3451 779 3520; x_wconf 86' lang='lat' dir='ltr'><strong>spiritum</strong></span> <span class='ocrx_word' id='word_1_423' title='bbox 813 3453 1124 3522; x_wconf 86' lang='lat' dir='ltr'><strong>appellavit.</strong></span> <span class='ocrx_word' id='word_1_424' title='bbox 1166 3452 1320 3523; x_wconf 85' lang='lat' dir='ltr'><strong>Ejus,</strong></span> <span class='ocrx_word' id='word_1_425' title='bbox 1356 3455 1559 3525; x_wconf 87' lang='lat' dir='ltr'><strong>inquit,</strong></span> <span class='ocrx_word' id='word_1_426' title='bbox 1598 3459 1772 3527; x_wconf 87' lang='lat' dir='ltr'><strong>gratia</strong></span> <span class='ocrx_word' id='word_1_427' title='bbox 1807 3474 1904 3531; x_wconf 88' lang='lat' dir='ltr'><strong>per</strong></span> <span class='ocrx_word' id='word_1_428' title='bbox 1939 3460 2099 3516; x_wconf 83' lang='lat' dir='ltr'><strong>ﬁdem</strong></span> 
     </span>
    </p>
   </div>
   <div class='ocr_carea' id='block_1_63' title="bbox 523 3541 2101 3608">
    <p class='ocr_par' dir='ltr' id='par_1_63' title="bbox 523 3541 2101 3608">
     <span class='ocr_line' id='line_1_63' title="bbox 523 3541 2101 3608; baseline 0.008 -12"><span class='ocrx_word' id='word_1_429' title='bbox 523 3542 578 3596; x_wconf 92' lang='lat' dir='ltr'><strong>in</strong></span> <span class='ocrx_word' id='word_1_430' title='bbox 630 3541 910 3599; x_wconf 86' lang='lat' dir='ltr'><strong>Christum</strong></span> <span class='ocrx_word' id='word_1_431' title='bbox 974 3543 1115 3599; x_wconf 90' lang='lat' dir='ltr'><strong>duas</strong></span> <span class='ocrx_word' id='word_1_432' title='bbox 1170 3543 1272 3599; x_wconf 90' lang='lat' dir='ltr'><strong>tibi</strong></span> <span class='ocrx_word' id='word_1_433' title='bbox 1348 3544 1635 3602; x_wconf 87' lang='lat' dir='ltr'><strong>libertates</strong></span> <span class='ocrx_word' id='word_1_434' title='bbox 1690 3546 1936 3605; x_wconf 87' lang='lat' dir='ltr'><strong>donavit.</strong></span> <span class='ocrx_word' id='word_1_435' title='bbox 1980 3550 2101 3608; x_wconf 90' lang='lat' dir='ltr'><strong>Non</strong></span> 
     </span>
    </p>
   </div>
   <div class='ocr_carea' id='block_1_64' title="bbox 524 3634 2104 3709">
    <p class='ocr_par' dir='ltr' id='par_1_64' title="bbox 524 3634 2104 3709">
     <span class='ocr_line' id='line_1_64' title="bbox 524 3634 2104 3709; baseline 0.005 -19"><span class='ocrx_word' id='word_1_436' title='bbox 524 3634 701 3690; x_wconf 90' lang='lat' dir='ltr'><strong>solum</strong></span> <span class='ocrx_word' id='word_1_437' title='bbox 727 3635 873 3690; x_wconf 87' lang='lat' dir='ltr'><strong>enim</strong></span> <span class='ocrx_word' id='word_1_438' title='bbox 909 3635 1119 3707; x_wconf 86' lang='lat' dir='ltr'><strong>peccati</strong></span> <span class='ocrx_word' id='word_1_439' title='bbox 1152 3635 1499 3691; x_wconf 89' lang='lat' dir='ltr'><strong>dominatum</strong></span> <span class='ocrx_word' id='word_1_440' title='bbox 1539 3635 1737 3709; x_wconf 82' lang='lat' dir='ltr'><strong>fregit,</strong></span> <span class='ocrx_word' id='word_1_441' title='bbox 1771 3640 1865 3696; x_wconf 91' lang='lat' dir='ltr'><strong>sed</strong></span> <span class='ocrx_word' id='word_1_442' title='bbox 1907 3646 2104 3699; x_wconf 88' lang='lat' dir='ltr'><strong>mortis</strong></span> 
     </span>
    </p>
   </div>
   <div class='ocr_carea' id='block_1_65' title="bbox 522 3722 2104 3796">
    <p class='ocr_par' dir='ltr' id='par_1_65' title="bbox 522 3722 2104 3796">
     <span class='ocr_line' id='line_1_65' title="bbox 522 3722 2104 3796; baseline 0.005 -18"><span class='ocrx_word' id='word_1_443' title='bbox 522 3725 685 3779; x_wconf 87' lang='lat' dir='ltr'><strong>etiam</strong></span> <span class='ocrx_word' id='word_1_444' title='bbox 718 3724 1064 3796; x_wconf 84' lang='lat' dir='ltr'><strong>tyrannidem</strong></span> <span class='ocrx_word' id='word_1_445' title='bbox 1096 3722 1390 3779; x_wconf 78' lang='lat' dir='ltr'><strong>destruxit.</strong></span> <span class='ocrx_word' id='word_1_446' title='bbox 1433 3725 1605 3782; x_wconf 90' lang='lat' dir='ltr'><strong>Porro</strong></span> <span class='ocrx_word' id='word_1_447' title='bbox 1638 3739 1820 3786; x_wconf 88' lang='lat' dir='ltr'><strong>autem</strong></span> <span class='ocrx_word' id='word_1_448' title='bbox 1862 3731 2104 3788; x_wconf 86' lang='lat' dir='ltr'><strong>ostendit</strong></span> 
     </span>
    </p>
   </div>
   <div class='ocr_carea' id='block_1_66' title="bbox 522 3817 1743 3890">
    <p class='ocr_par' dir='ltr' id='par_1_66' title="bbox 522 3817 1743 3890">
     <span class='ocr_line' id='line_1_66' title="bbox 522 3817 1743 3890; baseline 0.002 -17"><span class='ocrx_word' id='word_1_449' title='bbox 522 3818 685 3873; x_wconf 89' lang='lat' dir='ltr'><strong>etiam</strong></span> <span class='ocrx_word' id='word_1_450' title='bbox 713 3833 952 3890; x_wconf 88' lang='lat' dir='ltr'><strong>quanam</strong></span> <span class='ocrx_word' id='word_1_451' title='bbox 981 3832 1103 3873; x_wconf 88' lang='lat' dir='ltr'><strong>eam</strong></span> <span class='ocrx_word' id='word_1_452' title='bbox 1140 3817 1358 3873; x_wconf 89' lang='lat' dir='ltr'><strong>ratione</strong></span> <span class='ocrx_word' id='word_1_453' title='bbox 1384 3818 1743 3876; x_wconf 85' lang='lat' dir='ltr'><strong>destruxerit.</strong></span> 
     </span>
    </p>
   </div>
   <div class='ocr_carea' id='block_1_67' title="bbox 591 4079 2102 4157">
    <p class='ocr_par' dir='ltr' id='par_1_67' title="bbox 591 4079 2102 4157">
     <span class='ocr_line' id='line_1_67' title="bbox 591 4079 2102 4157; baseline 0.003 -22"><span class='ocrx_word' id='word_1_454' title='bbox 591 4079 760 4139; x_wconf 70' lang='lat' dir='ltr'><strong>Vens.</strong></span> <span class='ocrx_word' id='word_1_455' title='bbox 791 4081 844 4137; x_wconf 77' lang='lat'><strong>5.</strong></span> <span class='ocrx_word' id='word_1_456' title='bbox 883 4080 1031 4136; x_wconf 88' lang='lat' dir='ltr'><strong>Nam</strong></span> <span class='ocrx_word' id='word_1_457' title='bbox 1061 4081 1201 4153; x_wconf 87' lang='lat' dir='ltr'><strong>quod</strong></span> <span class='ocrx_word' id='word_1_458' title='bbox 1243 4083 1571 4153; x_wconf 81' lang='lat' dir='ltr'><strong>impossibile</strong></span> <span class='ocrx_word' id='word_1_459' title='bbox 1603 4094 1718 4139; x_wconf 87' lang='lat' dir='ltr'><strong>erat</strong></span> <span class='ocrx_word' id='word_1_460' title='bbox 1754 4086 1878 4156; x_wconf 82' lang='lat' dir='ltr'><strong>legi,</strong></span> <span class='ocrx_word' id='word_1_461' title='bbox 1912 4086 1966 4141; x_wconf 86' lang='lat' dir='ltr'><strong>in</strong></span> <span class='ocrx_word' id='word_1_462' title='bbox 2000 4102 2102 4157; x_wconf 87' lang='lat' dir='ltr'><strong>quo</strong></span> 
     </span>
    </p>
   </div>
   <div class='ocr_carea' id='block_1_68' title="bbox 520 4173 2103 4248">
    <p class='ocr_par' dir='ltr' id='par_1_68' title="bbox 520 4173 2103 4248">
     <span class='ocr_line' id='line_1_68' title="bbox 520 4173 2103 4248; baseline 0.003 -20"><span class='ocrx_word' id='word_1_463' title='bbox 520 4173 896 4244; x_wconf 80' lang='lat' dir='ltr'><strong>iuﬁrmabatur</strong></span> <span class='ocrx_word' id='word_1_464' title='bbox 934 4189 1026 4243; x_wconf 84' lang='lat' dir='ltr'><strong>per</strong></span> <span class='ocrx_word' id='word_1_465' title='bbox 1071 4191 1305 4231; x_wconf 86' lang='lat' dir='ltr'><strong>carnem.</strong></span> <span class='ocrx_word' id='word_1_466' title='bbox 1347 4175 1465 4232; x_wconf 87' lang='lat' dir='ltr'><strong>Non</strong></span> <span class='ocrx_word' id='word_1_467' title='bbox 1501 4184 1589 4232; x_wconf 86' lang='lat' dir='ltr'><strong>est</strong></span> <span class='ocrx_word' id='word_1_468' title='bbox 1630 4191 1762 4248; x_wconf 82' lang='lat' dir='ltr'><strong>ergo</strong></span> <span class='ocrx_word' id='word_1_469' title='bbox 1815 4177 1958 4233; x_wconf 91' lang='lat' dir='ltr'><strong>mala</strong></span> <span class='ocrx_word' id='word_1_470' title='bbox 1990 4180 2103 4245; x_wconf 87' lang='lat' dir='ltr'><strong>lex,</strong></span> 
     </span>
    </p>
   </div>
   <div class='ocr_carea' id='block_1_69' title="bbox 519 4264 2105 4341">
    <p class='ocr_par' dir='ltr' id='par_1_69' title="bbox 519 4264 2105 4341">
     <span class='ocr_line' id='line_1_69' title="bbox 519 4264 2105 4341; baseline 0.006 -22"><span class='ocrx_word' id='word_1_471' title='bbox 519 4264 616 4321; x_wconf 87' lang='lat' dir='ltr'><strong>sed</strong></span> <span class='ocrx_word' id='word_1_472' title='bbox 658 4265 806 4322; x_wconf 85' lang='lat' dir='ltr'><strong>bona</strong></span> <span class='ocrx_word' id='word_1_473' title='bbox 837 4266 1061 4338; x_wconf 86' lang='lat' dir='ltr'><strong>quidem</strong></span> <span class='ocrx_word' id='word_1_474' title='bbox 1085 4306 1102 4334; x_wconf 92' lang='lat'><strong>,</strong></span> <span class='ocrx_word' id='word_1_475' title='bbox 1132 4283 1325 4324; x_wconf 86' lang='lat' dir='ltr'><strong>verum</strong></span> <span class='ocrx_word' id='word_1_476' title='bbox 1357 4269 1653 4341; x_wconf 86' lang='lat' dir='ltr'><strong>impotens.</strong></span> <span class='ocrx_word' id='word_1_477' title='bbox 1700 4268 1977 4327; x_wconf 89' lang='lat' dir='ltr'><strong>lmbecilla</strong></span> <span class='ocrx_word' id='word_1_478' title='bbox 2006 4286 2105 4328; x_wconf 80' lang='lat' dir='ltr'><strong>au-</strong></span> 
     </span>
    </p>
   </div>
   <div class='ocr_carea' id='block_1_70' title="bbox 519 4359 2104 4434">
    <p class='ocr_par' dir='ltr' id='par_1_70' title="bbox 519 4359 2104 4434">
     <span class='ocr_line' id='line_1_70' title="bbox 519 4359 2104 4434; baseline 0.006 -23"><span class='ocrx_word' id='word_1_479' title='bbox 519 4365 633 4413; x_wconf 90' lang='lat' dir='ltr'><strong>tem</strong></span> <span class='ocrx_word' id='word_1_480' title='bbox 671 4366 813 4426; x_wconf 85' lang='lat' dir='ltr'><strong>erat,</strong></span> <span class='ocrx_word' id='word_1_481' title='bbox 851 4374 972 4432; x_wconf 83' lang='lat' dir='ltr'><strong>quae</strong></span> <span class='ocrx_word' id='word_1_482' title='bbox 1027 4360 1253 4417; x_wconf 78' lang='lat' dir='ltr'><strong>mortali</strong></span> <span class='ocrx_word' id='word_1_483' title='bbox 1286 4368 1490 4418; x_wconf 82' lang='lat' dir='ltr'><strong>natura</strong></span> <span class='ocrx_word' id='word_1_484' title='bbox 1541 4359 1794 4434; x_wconf 69' lang='lat' dir='ltr'><strong>praeditis</strong></span> <span class='ocrx_word' id='word_1_485' title='bbox 1841 4363 2104 4421; x_wconf 85' lang='lat' dir='ltr'><strong>mandata</strong></span> 
     </span>
    </p>
   </div>
   <div class='ocr_carea' id='block_1_71' title="bbox 519 4452 2101 4528">
    <p class='ocr_par' dir='ltr' id='par_1_71' title="bbox 519 4452 2101 4528">
     <span class='ocr_line' id='line_1_71' title="bbox 519 4452 2101 4528; baseline 0.004 -21"><span class='ocrx_word' id='word_1_486' title='bbox 519 4452 699 4509; x_wconf 90' lang='lat' dir='ltr'><strong>daret.</strong></span> <span class='ocrx_word' id='word_1_487' title='bbox 734 4453 794 4509; x_wconf 89' lang='lat' dir='ltr'><strong>ln</strong></span> <span class='ocrx_word' id='word_1_488' title='bbox 839 4454 1134 4526; x_wconf 69' lang='lat' dir='ltr'><strong>praesentia</strong></span> <span class='ocrx_word' id='word_1_489' title='bbox 1166 4455 1314 4511; x_wconf 89' lang='lat' dir='ltr'><strong>enim</strong></span> <span class='ocrx_word' id='word_1_490' title='bbox 1344 4471 1442 4528; x_wconf 86' lang='lat' dir='ltr'><strong>per</strong></span> <span class='ocrx_word' id='word_1_491' title='bbox 1479 4463 1737 4512; x_wconf 88' lang='lat' dir='ltr'><strong>sanctum</strong></span> <span class='ocrx_word' id='word_1_492' title='bbox 1765 4456 2101 4528; x_wconf 87' lang='lat' dir='ltr'><strong>baptismum</strong></span> 
     </span>
    </p>
   </div>
   <div class='ocr_carea' id='block_1_72' title="bbox 518 4543 2104 4618">
    <p class='ocr_par' dir='ltr' id='par_1_72' title="bbox 518 4543 2104 4618">
     <span class='ocr_line' id='line_1_72' title="bbox 518 4543 2104 4618; baseline 0.002 -17"><span class='ocrx_word' id='word_1_493' title='bbox 518 4543 627 4614; x_wconf 79' lang='lat'><strong>81</strong></span> <span class='ocrx_word' id='word_1_494' title='bbox 652 4544 873 4601; x_wconf 87' lang='lat' dir='ltr'><strong>arrham</strong></span> <span class='ocrx_word' id='word_1_495' title='bbox 904 4545 1336 4603; x_wconf 87' lang='lat' dir='ltr'><strong>immortalitatis</strong></span> <span class='ocrx_word' id='word_1_496' title='bbox 1371 4545 1698 4618; x_wconf 86' lang='lat' dir='ltr'><strong>accipimus.</strong></span> <span class='ocrx_word' id='word_1_497' title='bbox 1727 4545 1869 4602; x_wconf 81' lang='lat' dir='ltr'><strong>Deus</strong></span> <span class='ocrx_word' id='word_1_498' title='bbox 1902 4545 2104 4604; x_wconf 83' lang='lat' dir='ltr'><strong>Filium</strong></span> 
     </span>
    </p>
   </div>
   <div class='ocr_carea' id='block_1_73' title="bbox 2206 3442 3805 3525">
    <p class='ocr_par' dir='ltr' id='par_1_73' title="bbox 2206 3442 3805 3525">
     <span class='ocr_line' id='line_1_73' title="bbox 2206 3442 3805 3525; baseline -0.006 -17"><span class='ocrx_word' id='word_1_499' title='bbox 2206 3457 2304 3525; x_wconf 80' lang='grc' dir='ltr'><strong>τὴν</strong></span> <span class='ocrx_word' id='word_1_500' title='bbox 2321 3452 2598 3525; x_wconf 80' lang='grc' dir='ltr'>ἁμαρτίαν</span> <span class='ocrx_word' id='word_1_501' title='bbox 2621 3451 2778 3505; x_wconf 79' lang='grc' dir='ltr'>ὲκάλε</span> <span class='ocrx_word' id='word_1_502' title='bbox 2788 3467 2897 3514; x_wconf 89' lang='grc' dir='ltr'>σεν,</span> <span class='ocrx_word' id='word_1_503' title='bbox 2912 3451 3054 3504; x_wconf 77' lang='grc' dir='ltr'>οὕτω</span> <span class='ocrx_word' id='word_1_504' title='bbox 3070 3450 3258 3519; x_wconf 77' lang='grc' dir='ltr'>νόμον</span> <span class='ocrx_word' id='word_1_505' title='bbox 3272 3448 3612 3516; x_wconf 76' lang='grc' dir='ltr'>πνεύματος</span> <span class='ocrx_word' id='word_1_506' title='bbox 3644 3442 3805 3512; x_wconf 71' lang='grc' dir='ltr'>ζωῆς</span> 
     </span>
    </p>
   </div>
   <div class='ocr_carea' id='block_1_74' title="bbox 2203 3534 3799 3614">
    <p class='ocr_par' dir='ltr' id='par_1_74' title="bbox 2203 3534 3799 3614">
     <span class='ocr_line' id='line_1_74' title="bbox 2203 3534 3799 3614; baseline -0.009 -15"><span class='ocrx_word' id='word_1_507' title='bbox 2203 3546 2263 3599; x_wconf 85' lang='grc' dir='ltr'><strong>τὸ</strong></span> <span class='ocrx_word' id='word_1_508' title='bbox 2292 3543 2554 3611; x_wconf 79' lang='grc' dir='ltr'>ζωοποιὸν</span> <span class='ocrx_word' id='word_1_509' title='bbox 2585 3540 2997 3614; x_wconf 79' lang='grc' dir='ltr'>προσηγόρευσε</span> <span class='ocrx_word' id='word_1_510' title='bbox 3026 3540 3277 3610; x_wconf 79' lang='grc' dir='ltr'>Πνεῦμα.</span> <span class='ocrx_word' id='word_1_511' title='bbox 3315 3538 3380 3592; x_wconf 86' lang='grc' dir='ltr'><strong>Ἦ</strong></span> <span class='ocrx_word' id='word_1_512' title='bbox 3401 3535 3611 3601; x_wconf 88' lang='grc' dir='ltr'>τούτου,</span> <span class='ocrx_word' id='word_1_513' title='bbox 3636 3534 3799 3604; x_wconf 71' lang='grc' dir='ltr'>φησὶ,</span> 
     </span>
    </p>
   </div>
   <div class='ocr_carea' id='block_1_75' title="bbox 2205 3627 3806 3710">
    <p class='ocr_par' dir='ltr' id='par_1_75' title="bbox 2205 3627 3806 3710">
     <span class='ocr_line' id='line_1_75' title="bbox 2205 3627 3806 3710; baseline -0.008 -18"><span class='ocrx_word' id='word_1_514' title='bbox 2205 3640 2364 3710; x_wconf 77' lang='grc' dir='ltr'>χάρις</span> <span class='ocrx_word' id='word_1_515' title='bbox 2392 3636 2481 3691; x_wconf 86' lang='grc' dir='ltr'>διὰ</span> <span class='ocrx_word' id='word_1_516' title='bbox 2508 3636 2605 3708; x_wconf 80' lang='grc' dir='ltr'>τὴν</span> <span class='ocrx_word' id='word_1_517' title='bbox 2637 3636 2715 3699; x_wconf 80' lang='grc' dir='ltr'><strong>εἰς</strong></span> <span class='ocrx_word' id='word_1_518' title='bbox 2745 3634 2837 3688; x_wconf 83' lang='grc' dir='ltr'><strong>τὸν</strong></span> <span class='ocrx_word' id='word_1_519' title='bbox 2880 3633 3116 3706; x_wconf 82' lang='grc' dir='ltr'>Χριστὸν</span> <span class='ocrx_word' id='word_1_520' title='bbox 3157 3632 3351 3686; x_wconf 85' lang='grc' dir='ltr'>πίστιν</span> <span class='ocrx_word' id='word_1_521' title='bbox 3391 3629 3487 3685; x_wconf 84' lang='grc' dir='ltr'><strong>δύο</strong></span> <span class='ocrx_word' id='word_1_522' title='bbox 3525 3645 3608 3683; x_wconf 89' lang='grc' dir='ltr'><strong>σοι</strong></span> <span class='ocrx_word' id='word_1_523' title='bbox 3644 3627 3806 3680; x_wconf 79' lang='grc' dir='ltr'>ἐλευ-</span> 
     </span>
    </p>
   </div>
   <div class='ocr_carea' id='block_1_76' title="bbox 2205 3718 3802 3801">
    <p class='ocr_par' dir='ltr' id='par_1_76' title="bbox 2205 3718 3802 3801">
     <span class='ocr_line' id='line_1_76' title="bbox 2205 3718 3802 3801; baseline -0.009 -16"><span class='ocrx_word' id='word_1_524' title='bbox 2205 3730 2392 3801; x_wconf 83' lang='grc' dir='ltr'>θερίας</span> <span class='ocrx_word' id='word_1_525' title='bbox 2439 3728 2758 3801; x_wconf 83' lang='grc' dir='ltr'>δεδώρηται.</span> <span class='ocrx_word' id='word_1_526' title='bbox 2812 3727 2887 3782; x_wconf 86' lang='grc' dir='ltr'>Ού</span> <span class='ocrx_word' id='word_1_527' title='bbox 2926 3726 3089 3798; x_wconf 89' lang='grc' dir='ltr'>μόνον</span> <span class='ocrx_word' id='word_1_528' title='bbox 3120 3725 3230 3795; x_wconf 77' lang='grc' dir='ltr'>γὰρ</span> <span class='ocrx_word' id='word_1_529' title='bbox 3260 3724 3359 3795; x_wconf 83' lang='grc' dir='ltr'>τῆς</span> <span class='ocrx_word' id='word_1_530' title='bbox 3391 3720 3667 3792; x_wconf 87' lang='grc' dir='ltr'>ἁμαρτίας</span> <span class='ocrx_word' id='word_1_531' title='bbox 3693 3718 3802 3790; x_wconf 82' lang='grc' dir='ltr'><strong>τὴν</strong></span> 
     </span>
    </p>
   </div>
   <div class='ocr_carea' id='block_1_77' title="bbox 2203 3810 3801 3883">
    <p class='ocr_par' dir='ltr' id='par_1_77' title="bbox 2203 3810 3801 3883">
     <span class='ocr_line' id='line_1_77' title="bbox 2203 3810 3801 3883; baseline -0.007 -6"><span class='ocrx_word' id='word_1_532' title='bbox 2203 3821 2521 3877; x_wconf 82' lang='grc' dir='ltr'>δυναστείαν</span> <span class='ocrx_word' id='word_1_533' title='bbox 2568 3821 2888 3882; x_wconf 86' lang='grc' dir='ltr'>κατέλυσεν,</span> <span class='ocrx_word' id='word_1_534' title='bbox 2932 3818 3070 3873; x_wconf 70' lang='grc' dir='ltr'>ἀλλὰ</span> <span class='ocrx_word' id='word_1_535' title='bbox 3121 3816 3218 3870; x_wconf 76' lang='grc' dir='ltr'><strong>καὶ</strong></span> <span class='ocrx_word' id='word_1_536' title='bbox 3268 3815 3362 3870; x_wconf 74' lang='grc' dir='ltr'><strong>τοῦ</strong></span> <span class='ocrx_word' id='word_1_537' title='bbox 3415 3814 3644 3869; x_wconf 84' lang='grc' dir='ltr'>Θανάτου</span> <span class='ocrx_word' id='word_1_538' title='bbox 3693 3810 3801 3883; x_wconf 78' lang='grc' dir='ltr'><strong>τὴν</strong></span> 
     </span>
    </p>
   </div>
   <div class='ocr_carea' id='block_1_78' title="bbox 2208 3901 3800 3986">
    <p class='ocr_par' dir='ltr' id='par_1_78' title="bbox 2208 3901 3800 3986">
     <span class='ocr_line' id='line_1_78' title="bbox 2208 3901 3800 3986; baseline -0.008 -19"><span class='ocrx_word' id='word_1_539' title='bbox 2208 3913 2492 3986; x_wconf 81' lang='grc' dir='ltr'>τυραννίδα</span> <span class='ocrx_word' id='word_1_540' title='bbox 2534 3911 2901 3966; x_wconf 83' lang='grc' dir='ltr'>κατέπαυσεν.</span> <span class='ocrx_word' id='word_1_541' title='bbox 2947 3905 3325 3961; x_wconf 87' lang='grc' dir='ltr'>’Υποδείκνυσι</span> <span class='ocrx_word' id='word_1_542' title='bbox 3373 3904 3431 3958; x_wconf 85' lang='grc' dir='ltr'><strong>δὲ</strong></span> <span class='ocrx_word' id='word_1_543' title='bbox 3460 3903 3555 3958; x_wconf 71' lang='grc' dir='ltr'><strong>καὶ</strong></span> <span class='ocrx_word' id='word_1_544' title='bbox 3582 3901 3672 3955; x_wconf 75' lang='grc' dir='ltr'>τὸν</span> <span class='ocrx_word' id='word_1_545' title='bbox 3693 3901 3800 3970; x_wconf 72' lang='grc' dir='ltr'>τῆς</span> 
     </span>
    </p>
   </div>
   <div class='ocr_carea' id='block_1_79' title="bbox 2208 4005 2804 4076">
    <p class='ocr_par' dir='ltr' id='par_1_79' title="bbox 2208 4005 2804 4076">
     <span class='ocr_line' id='line_1_79' title="bbox 2208 4005 2804 4076; baseline -0.01 -14"><span class='ocrx_word' id='word_1_546' title='bbox 2208 4008 2556 4068; x_wconf 85' lang='grc' dir='ltr'>καταλύσεως</span> <span class='ocrx_word' id='word_1_547' title='bbox 2581 4005 2804 4076; x_wconf 86' lang='grc' dir='ltr'>τρόπον.</span> 
     </span>
    </p>
   </div>
   <div class='ocr_carea' id='block_1_80' title="bbox 2277 4080 3795 4170">
    <p class='ocr_par' dir='ltr' id='par_1_80' title="bbox 2277 4080 3795 4170">
     <span class='ocr_line' id='line_1_80' title="bbox 2277 4080 3795 4170; baseline -0.013 -13"><span class='ocrx_word' id='word_1_548' title='bbox 2277 4108 2347 4170; x_wconf 89' lang='grc' dir='ltr'>γ’.</span> <span class='ocrx_word' id='word_1_549' title='bbox 2387 4100 2457 4155; x_wconf 84' lang='grc' dir='ltr'><strong>Τὸ</strong></span> <span class='ocrx_word' id='word_1_550' title='bbox 2488 4098 2600 4168; x_wconf 72' lang='grc' dir='ltr'>γὰρ</span> <span class='ocrx_word' id='word_1_551' title='bbox 2638 4095 2945 4151; x_wconf 79' lang='grc' dir='ltr'>ἀδύνατον</span> <span class='ocrx_word' id='word_1_552' title='bbox 2978 4092 3085 4149; x_wconf 87' lang='grc' dir='ltr'><strong>τοῦ</strong></span> <span class='ocrx_word' id='word_1_553' title='bbox 3120 4093 3332 4162; x_wconf 76' lang='grc' dir='ltr'>νόμου,</span> <span class='ocrx_word' id='word_1_554' title='bbox 3371 4089 3440 4143; x_wconf 78' lang='grc' dir='ltr'><strong>ὲν</strong></span> <span class='ocrx_word' id='word_1_555' title='bbox 3471 4080 3520 4155; x_wconf 80' lang='grc' dir='ltr'>ᾧ</span> <span class='ocrx_word' id='word_1_556' title='bbox 3549 4085 3795 4156; x_wconf 75' lang='grc' dir='ltr'>ἠσθένει</span> 
     </span>
    </p>
   </div>
   <div class='ocr_carea' id='block_1_81' title="bbox 2206 4176 3797 4260">
    <p class='ocr_par' dir='ltr' id='par_1_81' title="bbox 2206 4176 3797 4260">
     <span class='ocr_line' id='line_1_81' title="bbox 2206 4176 3797 4260; baseline -0.011 -13"><span class='ocrx_word' id='word_1_557' title='bbox 2206 4191 2305 4248; x_wconf 84' lang='grc' dir='ltr'>διὰ</span> <span class='ocrx_word' id='word_1_558' title='bbox 2336 4190 2448 4260; x_wconf 84' lang='grc' dir='ltr'>τῆς</span> <span class='ocrx_word' id='word_1_559' title='bbox 2485 4188 2733 4259; x_wconf 79' lang='grc' dir='ltr'>σαρκός.</span> <span class='ocrx_word' id='word_1_560' title='bbox 2783 4187 2860 4240; x_wconf 85' lang='grc' dir='ltr'><strong>Οὐ</strong></span> <span class='ocrx_word' id='word_1_561' title='bbox 2895 4184 3076 4240; x_wconf 88' lang='grc' dir='ltr'>τοίνυν</span> <span class='ocrx_word' id='word_1_562' title='bbox 3106 4182 3342 4255; x_wconf 74' lang='grc' dir='ltr'>πονηρὸς</span> <span class='ocrx_word' id='word_1_563' title='bbox 3370 4182 3399 4234; x_wconf 90' lang='grc' dir='ltr'>ὁ</span> <span class='ocrx_word' id='word_1_564' title='bbox 3446 4179 3629 4251; x_wconf 88' lang='grc' dir='ltr'>νόμος,</span> <span class='ocrx_word' id='word_1_565' title='bbox 3675 4176 3797 4230; x_wconf 79' lang='grc' dir='ltr'>ἀλλ’</span> 
     </span>
    </p>
   </div>
   <div class='ocr_carea' id='block_1_82' title="bbox 2205 4270 3801 4352">
    <p class='ocr_par' dir='ltr' id='par_1_82' title="bbox 2205 4270 3801 4352">
     <span class='ocr_line' id='line_1_82' title="bbox 2205 4270 3801 4352; baseline -0.008 -15"><span class='ocrx_word' id='word_1_566' title='bbox 2205 4282 2413 4351; x_wconf 81' lang='grc' dir='ltr'>ἀγαθὸς</span> <span class='ocrx_word' id='word_1_567' title='bbox 2445 4280 2567 4352; x_wconf 81' lang='grc' dir='ltr'>μὲν,</span> <span class='ocrx_word' id='word_1_568' title='bbox 2620 4277 2882 4342; x_wconf 81' lang='grc' dir='ltr'>ἀδύνατος</span> <span class='ocrx_word' id='word_1_569' title='bbox 2926 4276 2985 4331; x_wconf 79' lang='grc' dir='ltr'><strong>δέ</strong></span> <span class='ocrx_word' id='word_1_570' title='bbox 3010 4292 3024 4306; x_wconf 82' lang='grc'><strong>’</strong></span> <span class='ocrx_word' id='word_1_571' title='bbox 3072 4274 3294 4347; x_wconf 74' lang='grc' dir='ltr'>ἠσθένει</span> <span class='ocrx_word' id='word_1_572' title='bbox 3335 4273 3394 4329; x_wconf 77' lang='grc' dir='ltr'>δὲ</span> <span class='ocrx_word' id='word_1_573' title='bbox 3436 4274 3548 4337; x_wconf 78' lang='grc' dir='ltr'>τοῖς</span> <span class='ocrx_word' id='word_1_574' title='bbox 3592 4270 3801 4342; x_wconf 79' lang='grc' dir='ltr'>θνητὴν</span> 
     </span>
    </p>
   </div>
   <div class='ocr_carea' id='block_1_83' title="bbox 2206 4360 3800 4444">
    <p class='ocr_par' dir='ltr' id='par_1_83' title="bbox 2206 4360 3800 4444">
     <span class='ocr_line' id='line_1_83' title="bbox 2206 4360 3800 4444; baseline -0.006 -18"><span class='ocrx_word' id='word_1_575' title='bbox 2206 4372 2369 4444; x_wconf 83' lang='grc' dir='ltr'>φύσιν</span> <span class='ocrx_word' id='word_1_576' title='bbox 2390 4368 2794 4443; x_wconf 81' lang='grc' dir='ltr'>περικειμένοις</span> <span class='ocrx_word' id='word_1_577' title='bbox 2815 4367 2914 4441; x_wconf 82' lang='grc' dir='ltr'>τὴν</span> <span class='ocrx_word' id='word_1_578' title='bbox 2940 4364 3264 4440; x_wconf 79' lang='grc' dir='ltr'>νομοθεσίαν</span> <span class='ocrx_word' id='word_1_579' title='bbox 3293 4363 3641 4436; x_wconf 81' lang='grc' dir='ltr'>προσφέρων.</span> <span class='ocrx_word' id='word_1_580' title='bbox 3667 4360 3800 4416; x_wconf 71' lang='grc' dir='ltr'>Ἐπὶ</span> 
     </span>
    </p>
   </div>
   <div class='ocr_carea' id='block_1_84' title="bbox 2206 4452 3800 4536">
    <p class='ocr_par' dir='ltr' id='par_1_84' title="bbox 2206 4452 3800 4536">
     <span class='ocr_line' id='line_1_84' title="bbox 2206 4452 3800 4536; baseline -0.008 -19"><span class='ocrx_word' id='word_1_581' title='bbox 2206 4463 2315 4536; x_wconf 81' lang='grc' dir='ltr'><strong>γὰρ</strong></span> <span class='ocrx_word' id='word_1_582' title='bbox 2341 4460 2438 4516; x_wconf 79' lang='grc' dir='ltr'><strong>τοῦ</strong></span> <span class='ocrx_word' id='word_1_583' title='bbox 2467 4459 2736 4534; x_wconf 81' lang='grc' dir='ltr'>παρόντος</span> <span class='ocrx_word' id='word_1_584' title='bbox 2763 4458 2853 4514; x_wconf 82' lang='grc' dir='ltr'>διὰ</span> <span class='ocrx_word' id='word_1_585' title='bbox 2878 4457 2974 4513; x_wconf 80' lang='grc' dir='ltr'><strong>τοῦ</strong></span> <span class='ocrx_word' id='word_1_586' title='bbox 3005 4456 3275 4526; x_wconf 89' lang='grc' dir='ltr'>παναγίου</span> <span class='ocrx_word' id='word_1_587' title='bbox 3306 4453 3681 4526; x_wconf 84' lang='grc' dir='ltr'>βαπτίσματος</span> <span class='ocrx_word' id='word_1_588' title='bbox 3701 4452 3800 4505; x_wconf 79' lang='grc' dir='ltr'><strong>τδν</strong></span> 
     </span>
    </p>
   </div>
   <div class='ocr_carea' id='block_1_85' title="bbox 2205 4545 3811 4627">
    <p class='ocr_par' dir='ltr' id='par_1_85' title="bbox 2205 4545 3811 4627">
     <span class='ocr_line' id='line_1_85' title="bbox 2205 4545 3811 4627; baseline -0.008 -17"><span class='ocrx_word' id='word_1_589' title='bbox 2205 4557 2308 4627; x_wconf 80' lang='grc' dir='ltr'>τῆς</span> <span class='ocrx_word' id='word_1_590' title='bbox 2358 4553 2661 4618; x_wconf 83' lang='grc' dir='ltr'>ἀθανασίας</span> <span class='ocrx_word' id='word_1_591' title='bbox 2715 4551 3015 4626; x_wconf 78' lang='grc' dir='ltr'>ἀρραϐῶνα</span> <span class='ocrx_word' id='word_1_592' title='bbox 3054 4547 3346 4621; x_wconf 78' lang='grc' dir='ltr'>δεχόμεθα.</span> <span class='ocrx_word' id='word_1_593' title='bbox 3400 4547 3464 4600; x_wconf 85' lang='lat'><strong>&#39;0</strong></span> <span class='ocrx_word' id='word_1_594' title='bbox 3499 4545 3644 4612; x_wconf 81' lang='grc' dir='ltr'>Θεὸς</span> <span class='ocrx_word' id='word_1_595' title='bbox 3686 4545 3811 4598; x_wconf 63' lang='grc' dir='ltr'><strong>τὸν</strong></span> 
     </span>
    </p>
   </div>
   <div class='ocr_carea' id='block_1_86' title="bbox 519 4633 2099 4712">
    <p class='ocr_par' dir='ltr' id='par_1_86' title="bbox 519 4635 2099 4706">
     <span class='ocr_line' id='line_1_86' title="bbox 519 4635 2099 4706; baseline 0.006 -19"><span class='ocrx_word' id='word_1_596' title='bbox 519 4650 675 4688; x_wconf 81' lang='lat' dir='ltr'><strong>suum</strong></span> <span class='ocrx_word' id='word_1_597' title='bbox 702 4635 911 4690; x_wconf 83' lang='lat' dir='ltr'><strong>mittens</strong></span> <span class='ocrx_word' id='word_1_598' title='bbox 954 4636 1006 4690; x_wconf 87' lang='lat' dir='ltr'><strong>in</strong></span> <span class='ocrx_word' id='word_1_599' title='bbox 1039 4636 1394 4692; x_wconf 85' lang='lat' dir='ltr'><strong>similitudine</strong></span> <span class='ocrx_word' id='word_1_600' title='bbox 1420 4638 1598 4691; x_wconf 80' lang='lat' dir='ltr'><strong>carnis</strong></span> <span class='ocrx_word' id='word_1_601' title='bbox 1646 4639 1883 4706; x_wconf 88' lang='lat' dir='ltr'><strong>peccati,</strong></span> <span class='ocrx_word' id='word_1_602' title='bbox 1939 4649 1989 4693; x_wconf 91' lang='lat' dir='ltr'><strong>et</strong></span> <span class='ocrx_word' id='word_1_603' title='bbox 2038 4639 2099 4696; x_wconf 86' lang='lat' dir='ltr'><strong>de</strong></span> 
     </span>
    </p>
   </div>
   <div class='ocr_carea' id='block_1_87' title="bbox 2202 4633 3799 4712">
    <p class='ocr_par' dir='ltr' id='par_1_87' title="bbox 2206 4633 3799 4712">
     <span class='ocr_line' id='line_1_87' title="bbox 2206 4633 3799 4712; baseline -0.008 -13"><span class='ocrx_word' id='word_1_604' title='bbox 2206 4644 2424 4699; x_wconf 83' lang='grc' dir='ltr'>ἑαυτοῦ</span> <span class='ocrx_word' id='word_1_605' title='bbox 2453 4644 2589 4697; x_wconf 82' lang='grc' dir='ltr'><strong>Υἱὸν</strong></span> <span class='ocrx_word' id='word_1_606' title='bbox 2626 4641 2870 4712; x_wconf 74' lang='grc' dir='ltr'>πέμψας</span> <span class='ocrx_word' id='word_1_607' title='bbox 2900 4642 2969 4694; x_wconf 76' lang='grc' dir='ltr'><strong>ἐν</strong></span> <span class='ocrx_word' id='word_1_608' title='bbox 3006 4640 3324 4711; x_wconf 79' lang='grc' dir='ltr'>ὁμοιώματι</span> <span class='ocrx_word' id='word_1_609' title='bbox 3360 4637 3589 4704; x_wconf 78' lang='grc' dir='ltr'>σαρκὸς</span> <span class='ocrx_word' id='word_1_610' title='bbox 3612 4633 3799 4704; x_wconf 81' lang='grc' dir='ltr'>ἀμαρ-</span> 
     </span>
    </p>
   </div>
   <div class='ocr_carea' id='block_1_88' title="bbox 519 4726 2101 4799">
    <p class='ocr_par' dir='ltr' id='par_1_88' title="bbox 519 4726 2101 4799">
     <span class='ocr_line' id='line_1_88' title="bbox 519 4726 2101 4799; baseline 0.007 -22"><span class='ocrx_word' id='word_1_611' title='bbox 519 4732 731 4793; x_wconf 85' lang='lat' dir='ltr'><strong>peccato</strong></span> <span class='ocrx_word' id='word_1_612' title='bbox 761 4726 1033 4782; x_wconf 79' lang='lat' dir='ltr'><strong>damnavit</strong></span> <span class='ocrx_word' id='word_1_613' title='bbox 1057 4737 1329 4799; x_wconf 87' lang='lat' dir='ltr'><strong>peccatum</strong></span> <span class='ocrx_word' id='word_1_614' title='bbox 1357 4730 1415 4783; x_wconf 86' lang='lat' dir='ltr'><strong>in</strong></span> <span class='ocrx_word' id='word_1_615' title='bbox 1438 4744 1619 4782; x_wconf 85' lang='lat' dir='ltr'><strong>carne.</strong></span> <span class='ocrx_word' id='word_1_616' title='bbox 1663 4727 1782 4785; x_wconf 86' lang='lat' dir='ltr'><strong>Non</strong></span> <span class='ocrx_word' id='word_1_617' title='bbox 1812 4728 1952 4786; x_wconf 83' lang='lat' dir='ltr'><strong>dixit</strong></span> <span class='ocrx_word' id='word_1_618' title='bbox 1991 4750 2003 4787; x_wconf 89' lang='lat'><strong>:</strong></span> <span class='ocrx_word' id='word_1_619' title='bbox 2040 4732 2101 4788; x_wconf 82' lang='lat' dir='ltr'><strong>In</strong></span> 
     </span>
    </p>
   </div>
   <div class='ocr_carea' id='block_1_89' title="bbox 522 4816 2100 4890">
    <p class='ocr_par' dir='ltr' id='par_1_89' title="bbox 522 4816 2100 4890">
     <span class='ocr_line' id='line_1_89' title="bbox 522 4816 2100 4890; baseline 0.003 -18"><span class='ocrx_word' id='word_1_620' title='bbox 522 4816 884 4874; x_wconf 86' lang='lat' dir='ltr'><strong>similitudine</strong></span> <span class='ocrx_word' id='word_1_621' title='bbox 916 4819 1124 4884; x_wconf 85' lang='lat' dir='ltr'><strong>carnis,</strong></span> <span class='ocrx_word' id='word_1_622' title='bbox 1156 4818 1254 4875; x_wconf 89' lang='lat' dir='ltr'><strong>sed</strong></span> <span class='ocrx_word' id='word_1_623' title='bbox 1291 4820 1348 4873; x_wconf 86' lang='lat' dir='ltr'><strong>in</strong></span> <span class='ocrx_word' id='word_1_624' title='bbox 1385 4818 1739 4873; x_wconf 86' lang='lat' dir='ltr'><strong>similitudine</strong></span> <span class='ocrx_word' id='word_1_625' title='bbox 1768 4821 1951 4875; x_wconf 85' lang='lat' dir='ltr'><strong>carnis</strong></span> <span class='ocrx_word' id='word_1_626' title='bbox 1979 4838 2100 4890; x_wconf 85' lang='lat' dir='ltr'><strong>pec-</strong></span> 
     </span>
    </p>
   </div>
   <div class='ocr_carea' id='block_1_90' title="bbox 520 4907 2102 4984">
    <p class='ocr_par' dir='ltr' id='par_1_90' title="bbox 520 4907 2102 4984">
     <span class='ocr_line' id='line_1_90' title="bbox 520 4907 2102 4984; baseline 0.004 -21"><span class='ocrx_word' id='word_1_627' title='bbox 520 4910 647 4963; x_wconf 86' lang='lat' dir='ltr'><strong>cati.</strong></span> <span class='ocrx_word' id='word_1_628' title='bbox 675 4907 939 4964; x_wconf 81' lang='lat' dir='ltr'><strong>Naturam</strong></span> <span class='ocrx_word' id='word_1_629' title='bbox 977 4912 1123 4966; x_wconf 89' lang='lat' dir='ltr'><strong>enim</strong></span> <span class='ocrx_word' id='word_1_630' title='bbox 1167 4910 1466 4965; x_wconf 82' lang='lat' dir='ltr'><strong>humanam</strong></span> <span class='ocrx_word' id='word_1_631' title='bbox 1498 4912 1732 4983; x_wconf 81' lang='lat' dir='ltr'><strong>accepit,</strong></span> <span class='ocrx_word' id='word_1_632' title='bbox 1769 4913 1865 4969; x_wconf 88' lang='lat' dir='ltr'><strong>sed</strong></span> <span class='ocrx_word' id='word_1_633' title='bbox 1906 4926 2102 4984; x_wconf 87' lang='lat' dir='ltr'><strong>pecca-</strong></span> 
     </span>
    </p>
   </div>
   <div class='ocr_carea' id='block_1_91' title="bbox 523 5004 2096 5081">
    <p class='ocr_par' dir='ltr' id='par_1_91' title="bbox 523 5004 2096 5081">
     <span class='ocr_line' id='line_1_91' title="bbox 523 5004 2096 5081; baseline 0.004 -24"><span class='ocrx_word' id='word_1_634' title='bbox 523 5013 637 5059; x_wconf 87' lang='lat' dir='ltr'><strong>tum</strong></span> <span class='ocrx_word' id='word_1_635' title='bbox 663 5004 962 5061; x_wconf 87' lang='lat' dir='ltr'><strong>bumanum</strong></span> <span class='ocrx_word' id='word_1_636' title='bbox 994 5021 1106 5061; x_wconf 89' lang='lat' dir='ltr'><strong>non</strong></span> <span class='ocrx_word' id='word_1_637' title='bbox 1128 5005 1341 5077; x_wconf 87' lang='lat' dir='ltr'><strong>accepit</strong></span> <span class='ocrx_word' id='word_1_638' title='bbox 1369 5024 1383 5062; x_wconf 91' lang='lat'><strong>:</strong></span> <span class='ocrx_word' id='word_1_639' title='bbox 1407 5013 1461 5062; x_wconf 91' lang='lat' dir='ltr'><strong>et</strong></span> <span class='ocrx_word' id='word_1_640' title='bbox 1485 5004 1610 5063; x_wconf 93' lang='lat' dir='ltr'><strong>ideo</strong></span> <span class='ocrx_word' id='word_1_641' title='bbox 1639 5007 1786 5079; x_wconf 89' lang='lat' dir='ltr'><strong>quod</strong></span> <span class='ocrx_word' id='word_1_642' title='bbox 1812 5019 2096 5081; x_wconf 88' lang='lat' dir='ltr'><strong>acceptum</strong></span> 
     </span>
    </p>
   </div>
   <div class='ocr_carea' id='block_1_92' title="bbox 521 5095 2095 5164">
    <p class='ocr_par' dir='ltr' id='par_1_92' title="bbox 521 5095 2095 5164">
     <span class='ocr_line' id='line_1_92' title="bbox 521 5095 2095 5164; baseline 0.003 -15"><span class='ocrx_word' id='word_1_643' title='bbox 521 5103 637 5163; x_wconf 88' lang='lat' dir='ltr'><strong>est,</strong></span> <span class='ocrx_word' id='word_1_644' title='bbox 675 5110 784 5151; x_wconf 87' lang='lat' dir='ltr'><strong>non</strong></span> <span class='ocrx_word' id='word_1_645' title='bbox 818 5095 1235 5152; x_wconf 89' lang='lat' dir='ltr'><strong>similitudinem</strong></span> <span class='ocrx_word' id='word_1_646' title='bbox 1280 5097 1466 5153; x_wconf 88' lang='lat' dir='ltr'><strong>carnis</strong></span> <span class='ocrx_word' id='word_1_647' title='bbox 1492 5139 1507 5164; x_wconf 93' lang='lat'><strong>,</strong></span> <span class='ocrx_word' id='word_1_648' title='bbox 1548 5098 1645 5154; x_wconf 90' lang='lat' dir='ltr'><strong>sed</strong></span> <span class='ocrx_word' id='word_1_649' title='bbox 1680 5099 2095 5157; x_wconf 89' lang='lat' dir='ltr'><strong>similitudinem</strong></span> 
     </span>
    </p>
   </div>
   <div class='ocr_carea' id='block_1_93' title="bbox 519 5186 2096 5262">
    <p class='ocr_par' dir='ltr' id='par_1_93' title="bbox 519 5186 2096 5262">
     <span class='ocr_line' id='line_1_93' title="bbox 519 5186 2096 5262; baseline 0.004 -22"><span class='ocrx_word' id='word_1_650' title='bbox 519 5186 706 5243; x_wconf 84' lang='lat' dir='ltr'><strong>carnis</strong></span> <span class='ocrx_word' id='word_1_651' title='bbox 733 5186 944 5258; x_wconf 85' lang='lat' dir='ltr'><strong>peccati</strong></span> <span class='ocrx_word' id='word_1_652' title='bbox 981 5186 1297 5258; x_wconf 84' lang='lat' dir='ltr'><strong>appellavit.</strong></span> <span class='ocrx_word' id='word_1_653' title='bbox 1332 5187 1468 5245; x_wconf 90' lang='lat' dir='ltr'><strong>Cum</strong></span> <span class='ocrx_word' id='word_1_654' title='bbox 1490 5189 1637 5244; x_wconf 88' lang='lat' dir='ltr'><strong>enim</strong></span> <span class='ocrx_word' id='word_1_655' title='bbox 1659 5190 1908 5247; x_wconf 88' lang='lat' dir='ltr'><strong>eamdem</strong></span> <span class='ocrx_word' id='word_1_656' title='bbox 1935 5207 2096 5262; x_wconf 89' lang='lat' dir='ltr'><strong>quam</strong></span> 
     </span>
    </p>
   </div>
   <div class='ocr_carea' id='block_1_94' title="bbox 516 5277 2098 5355">
    <p class='ocr_par' dir='ltr' id='par_1_94' title="bbox 516 5277 2098 5355">
     <span class='ocr_line' id='line_1_94' title="bbox 516 5277 2098 5355; baseline 0.005 -24"><span class='ocrx_word' id='word_1_657' title='bbox 516 5292 621 5333; x_wconf 90' lang='lat' dir='ltr'><strong>nos</strong></span> <span class='ocrx_word' id='word_1_658' title='bbox 667 5277 896 5334; x_wconf 85' lang='lat' dir='ltr'><strong>haberet</strong></span> <span class='ocrx_word' id='word_1_659' title='bbox 928 5284 1181 5333; x_wconf 89' lang='lat' dir='ltr'><strong>naturam</strong></span> <span class='ocrx_word' id='word_1_660' title='bbox 1205 5318 1221 5345; x_wconf 92' lang='lat'><strong>,</strong></span> <span class='ocrx_word' id='word_1_661' title='bbox 1271 5293 1379 5335; x_wconf 85' lang='lat' dir='ltr'><strong>non</strong></span> <span class='ocrx_word' id='word_1_662' title='bbox 1412 5279 1606 5338; x_wconf 85' lang='lat' dir='ltr'><strong>habuit</strong></span> <span class='ocrx_word' id='word_1_663' title='bbox 1638 5282 1885 5338; x_wconf 87' lang='lat' dir='ltr'><strong>eamdem</strong></span> <span class='ocrx_word' id='word_1_664' title='bbox 1931 5299 2098 5355; x_wconf 87' lang='lat' dir='ltr'><strong>quam</strong></span> 
     </span>
    </p>
   </div>
   <div class='ocr_carea' id='block_1_95' title="bbox 519 5368 2100 5449">
    <p class='ocr_par' dir='ltr' id='par_1_95' title="bbox 519 5368 2100 5449">
     <span class='ocr_line' id='line_1_95' title="bbox 519 5368 2100 5449; baseline 0.007 -27"><span class='ocrx_word' id='word_1_665' title='bbox 519 5384 622 5425; x_wconf 84' lang='lat' dir='ltr'><strong>nos</strong></span> <span class='ocrx_word' id='word_1_666' title='bbox 650 5368 984 5426; x_wconf 88' lang='lat' dir='ltr'><strong>sententiam</strong></span> <span class='ocrx_word' id='word_1_667' title='bbox 1001 5378 1057 5425; x_wconf 87' lang='lat' dir='ltr'><strong>et</strong></span> <span class='ocrx_word' id='word_1_668' title='bbox 1083 5378 1345 5427; x_wconf 87' lang='lat' dir='ltr'><strong>mentem.</strong></span> <span class='ocrx_word' id='word_1_669' title='bbox 1375 5373 1518 5430; x_wconf 89' lang='lat' dir='ltr'><strong>Dicit</strong></span> <span class='ocrx_word' id='word_1_670' title='bbox 1546 5382 1729 5431; x_wconf 88' lang='lat' dir='ltr'><strong>autem</strong></span> <span class='ocrx_word' id='word_1_671' title='bbox 1767 5375 1939 5449; x_wconf 88' lang='lat' dir='ltr'><strong>quod,</strong></span> <span class='ocrx_word' id='word_1_672' title='bbox 1972 5392 2100 5433; x_wconf 90' lang='lat' dir='ltr'><strong>cum</strong></span> 
     </span>
    </p>
   </div>
   <div class='ocr_carea' id='block_1_96' title="bbox 520 5459 2103 5540">
    <p class='ocr_par' dir='ltr' id='par_1_96' title="bbox 520 5459 2103 5540">
     <span class='ocr_line' id='line_1_96' title="bbox 520 5459 2103 5540; baseline 0.007 -27"><span class='ocrx_word' id='word_1_673' title='bbox 520 5459 604 5513; x_wconf 82' lang='lat' dir='ltr'><strong>lex</strong></span> <span class='ocrx_word' id='word_1_674' title='bbox 627 5476 737 5516; x_wconf 93' lang='lat' dir='ltr'><strong>non</strong></span> <span class='ocrx_word' id='word_1_675' title='bbox 768 5459 1043 5530; x_wconf 88' lang='lat' dir='ltr'><strong>potuisset</strong></span> <span class='ocrx_word' id='word_1_676' title='bbox 1076 5477 1237 5518; x_wconf 90' lang='lat' dir='ltr'><strong>suum</strong></span> <span class='ocrx_word' id='word_1_677' title='bbox 1268 5464 1583 5521; x_wconf 87' lang='lat' dir='ltr'><strong>institutum</strong></span> <span class='ocrx_word' id='word_1_678' title='bbox 1612 5468 1861 5539; x_wconf 88' lang='lat' dir='ltr'><strong>implere,</strong></span> <span class='ocrx_word' id='word_1_679' title='bbox 1878 5477 2103 5540; x_wconf 82' lang='lat' dir='ltr'><strong>prepter</strong></span> 
     </span>
    </p>
   </div>
   <div class='ocr_carea' id='block_1_97' title="bbox 516 5550 2097 5633">
    <p class='ocr_par' dir='ltr' id='par_1_97' title="bbox 516 5550 2097 5633">
     <span class='ocr_line' id='line_1_97' title="bbox 516 5550 2097 5633; baseline 0.005 -27"><span class='ocrx_word' id='word_1_680' title='bbox 516 5566 732 5615; x_wconf 85' lang='lat' dir='ltr'><strong>eorum,</strong></span> <span class='ocrx_word' id='word_1_681' title='bbox 751 5550 957 5622; x_wconf 84' lang='lat' dir='ltr'><strong>quibus</strong></span> <span class='ocrx_word' id='word_1_682' title='bbox 971 5551 1056 5607; x_wconf 87' lang='lat' dir='ltr'><strong>lex</strong></span> <span class='ocrx_word' id='word_1_683' title='bbox 1075 5553 1330 5624; x_wconf 86' lang='lat' dir='ltr'><strong>dabatur,</strong></span> <span class='ocrx_word' id='word_1_684' title='bbox 1351 5558 1777 5615; x_wconf 82' lang='lat' dir='ltr'><strong>imbecillitatem</strong></span> <span class='ocrx_word' id='word_1_685' title='bbox 1799 5560 2097 5633; x_wconf 88' lang='lat' dir='ltr'><strong>(habebant</strong></span> 
     </span>
    </p>
   </div>
   <div class='ocr_carea' id='block_1_98' title="bbox 2210 4727 3807 4805">
    <p class='ocr_par' dir='ltr' id='par_1_98' title="bbox 2210 4727 3807 4805">
     <span class='ocr_line' id='line_1_98' title="bbox 2210 4727 3807 4805; baseline -0.008 -14"><span class='ocrx_word' id='word_1_686' title='bbox 2210 4739 2361 4805; x_wconf 75' lang='grc' dir='ltr'>τίίις,</span> <span class='ocrx_word' id='word_1_687' title='bbox 2396 4736 2494 4790; x_wconf 76' lang='grc' dir='ltr'>καὶ</span> <span class='ocrx_word' id='word_1_688' title='bbox 2526 4735 2660 4803; x_wconf 76' lang='grc' dir='ltr'>περὶ</span> <span class='ocrx_word' id='word_1_689' title='bbox 2690 4733 2983 4803; x_wconf 77' lang='grc' dir='ltr'>ἁμαρτίας</span> <span class='ocrx_word' id='word_1_690' title='bbox 3017 4730 3330 4800; x_wconf 82' lang='grc' dir='ltr'>κατέκρινε</span> <span class='ocrx_word' id='word_1_691' title='bbox 3358 4728 3473 4797; x_wconf 79' lang='grc' dir='ltr'><strong>τὴν</strong></span> <span class='ocrx_word' id='word_1_692' title='bbox 3502 4727 3807 4797; x_wconf 65' lang='grc' dir='ltr'>ἁμαρτίαν</span> 
     </span>
    </p>
   </div>
   <div class='ocr_carea' id='block_1_99' title="bbox 2206 4818 3795 4897">
    <p class='ocr_par' dir='ltr' id='par_1_99' title="bbox 2206 4818 3795 4897">
     <span class='ocr_line' id='line_1_99' title="bbox 2206 4818 3795 4897; baseline -0.008 -15"><span class='ocrx_word' id='word_1_693' title='bbox 2206 4828 2280 4883; x_wconf 82' lang='grc' dir='ltr'>ἐν</span> <span class='ocrx_word' id='word_1_694' title='bbox 2303 4826 2379 4897; x_wconf 78' lang='grc' dir='ltr'>τῇ</span> <span class='ocrx_word' id='word_1_695' title='bbox 2406 4826 2589 4896; x_wconf 81' lang='grc' dir='ltr'>σαρκί</span> <span class='ocrx_word' id='word_1_696' title='bbox 2594 4867 2608 4882; x_wconf 95' lang='grc'><strong>.</strong></span> <span class='ocrx_word' id='word_1_697' title='bbox 2634 4825 2748 4879; x_wconf 72' lang='grc' dir='ltr'>Οὐκ</span> <span class='ocrx_word' id='word_1_698' title='bbox 2768 4821 2943 4891; x_wconf 75' lang='grc' dir='ltr'>εἶπεν,</span> <span class='ocrx_word' id='word_1_699' title='bbox 2960 4823 3048 4877; x_wconf 85' lang='grc' dir='ltr'>Ἐν</span> <span class='ocrx_word' id='word_1_700' title='bbox 3072 4820 3379 4894; x_wconf 77' lang='grc' dir='ltr'>ὁμοιώματι</span> <span class='ocrx_word' id='word_1_701' title='bbox 3407 4820 3630 4891; x_wconf 83' lang='grc' dir='ltr'>σαρκὸς,</span> <span class='ocrx_word' id='word_1_702' title='bbox 3653 4818 3795 4882; x_wconf 81' lang='grc' dir='ltr'>ἀλλ’,</span> 
     </span>
    </p>
   </div>
   <div class='ocr_carea' id='block_1_100' title="bbox 2219 4909 3797 4989">
    <p class='ocr_par' dir='ltr' id='par_1_100' title="bbox 2219 4909 3797 4989">
     <span class='ocr_line' id='line_1_100' title="bbox 2219 4909 3797 4989; baseline -0.007 -16"><span class='ocrx_word' id='word_1_703' title='bbox 2219 4919 2323 4973; x_wconf 75' lang='grc' dir='ltr'>Ἐν</span> <span class='ocrx_word' id='word_1_704' title='bbox 2349 4918 2665 4989; x_wconf 82' lang='grc' dir='ltr'>ὁμοιώματι</span> <span class='ocrx_word' id='word_1_705' title='bbox 2689 4917 2919 4986; x_wconf 77' lang='grc' dir='ltr'>σαρκός</span> <span class='ocrx_word' id='word_1_706' title='bbox 2966 4916 3274 4985; x_wconf 80' lang='grc' dir='ltr'>ἁμαρτίας.</span> <span class='ocrx_word' id='word_1_707' title='bbox 3324 4913 3489 4967; x_wconf 79' lang='grc' dir='ltr'>Φύσιν</span> <span class='ocrx_word' id='word_1_708' title='bbox 3538 4911 3637 4984; x_wconf 82' lang='grc' dir='ltr'>μὲν</span> <span class='ocrx_word' id='word_1_709' title='bbox 3683 4909 3797 4983; x_wconf 68' lang='grc' dir='ltr'><strong>γὰρ</strong></span> 
     </span>
    </p>
   </div>
   <div class='ocr_carea' id='block_1_101' title="bbox 2204 5003 3805 5083">
    <p class='ocr_par' dir='ltr' id='par_1_101' title="bbox 2204 5003 3805 5083">
     <span class='ocr_line' id='line_1_101' title="bbox 2204 5003 3805 5083; baseline -0.007 -17"><span class='ocrx_word' id='word_1_710' title='bbox 2204 5011 2554 5083; x_wconf 85' lang='grc' dir='ltr'>ἀνθρωπείαν</span> <span class='ocrx_word' id='word_1_711' title='bbox 2632 5009 2864 5074; x_wconf 75' lang='grc' dir='ltr'>ἔλαϐεν,</span> <span class='ocrx_word' id='word_1_712' title='bbox 2943 5007 3217 5081; x_wconf 84' lang='grc' dir='ltr'>ἁμαρτίαν</span> <span class='ocrx_word' id='word_1_713' title='bbox 3309 5006 3368 5060; x_wconf 82' lang='grc' dir='ltr'>δὲ</span> <span class='ocrx_word' id='word_1_714' title='bbox 3449 5003 3805 5074; x_wconf 73' lang='grc' dir='ltr'>ἀνθρωπείαν</span> 
     </span>
    </p>
   </div>
   <div class='ocr_carea' id='block_1_102' title="bbox 2203 5095 3797 5172">
    <p class='ocr_par' dir='ltr' id='par_1_102' title="bbox 2203 5095 3797 5172">
     <span class='ocr_line' id='line_1_102' title="bbox 2203 5095 3797 5172; baseline -0.005 -16"><span class='ocrx_word' id='word_1_715' title='bbox 2203 5102 2305 5157; x_wconf 81' lang='grc' dir='ltr'><strong>οὐκ</strong></span> <span class='ocrx_word' id='word_1_716' title='bbox 2380 5100 2563 5156; x_wconf 74' lang='grc' dir='ltr'>ἔλαϐε.</span> <span class='ocrx_word' id='word_1_717' title='bbox 2636 5101 2842 5155; x_wconf 86' lang='grc' dir='ltr'>Τούτου</span> <span class='ocrx_word' id='word_1_718' title='bbox 2920 5100 2985 5172; x_wconf 82' lang='grc' dir='ltr'>δὴ</span> <span class='ocrx_word' id='word_1_719' title='bbox 3059 5100 3253 5172; x_wconf 73' lang='grc' dir='ltr'>χάριν,</span> <span class='ocrx_word' id='word_1_720' title='bbox 3318 5098 3379 5151; x_wconf 82' lang='grc' dir='ltr'><strong>τὸ</strong></span> <span class='ocrx_word' id='word_1_721' title='bbox 3435 5095 3638 5168; x_wconf 80' lang='grc' dir='ltr'>ληφθὲν</span> <span class='ocrx_word' id='word_1_722' title='bbox 3694 5095 3797 5166; x_wconf 80' lang='grc' dir='ltr'>οὐχ</span> 
     </span>
    </p>
   </div>
   <div class='ocr_carea' id='block_1_103' title="bbox 2196 5187 3794 5266">
    <p class='ocr_par' dir='ltr' id='par_1_103' title="bbox 2196 5187 3794 5266">
     <span class='ocr_line' id='line_1_103' title="bbox 2196 5187 3794 5266; baseline -0.004 -19"><span class='ocrx_word' id='word_1_723' title='bbox 2196 5193 2448 5266; x_wconf 87' lang='grc' dir='ltr'>ὁμοίωμα</span> <span class='ocrx_word' id='word_1_724' title='bbox 2511 5191 2715 5264; x_wconf 74' lang='grc' dir='ltr'>σαρκὸς</span> <span class='ocrx_word' id='word_1_725' title='bbox 2739 5230 2755 5257; x_wconf 86' lang='grc'><strong>,</strong></span> <span class='ocrx_word' id='word_1_726' title='bbox 2832 5189 2948 5244; x_wconf 77' lang='grc' dir='ltr'>ἀλλ’</span> <span class='ocrx_word' id='word_1_727' title='bbox 3013 5190 3266 5261; x_wconf 82' lang='grc' dir='ltr'>ὁμοίωμα</span> <span class='ocrx_word' id='word_1_728' title='bbox 3334 5187 3538 5259; x_wconf 80' lang='grc' dir='ltr'>σαρκὸς</span> <span class='ocrx_word' id='word_1_729' title='bbox 3610 5188 3794 5257; x_wconf 86' lang='grc' dir='ltr'>ἁμαρ-</span> 
     </span>
    </p>
   </div>
   <div class='ocr_carea' id='block_1_104' title="bbox 2197 5278 3795 5354">
    <p class='ocr_par' dir='ltr' id='par_1_104' title="bbox 2197 5278 3795 5354">
     <span class='ocr_line' id='line_1_104' title="bbox 2197 5278 3795 5354; baseline -0.003 -18"><span class='ocrx_word' id='word_1_730' title='bbox 2197 5284 2319 5348; x_wconf 88' lang='grc' dir='ltr'>τίας</span> <span class='ocrx_word' id='word_1_731' title='bbox 2348 5284 2576 5338; x_wconf 78' lang='grc' dir='ltr'>ἐκάλεσε</span> <span class='ocrx_word' id='word_1_732' title='bbox 2613 5300 2626 5314; x_wconf 90' lang='grc'><strong>·</strong></span> <span class='ocrx_word' id='word_1_733' title='bbox 2677 5283 2779 5354; x_wconf 82' lang='grc' dir='ltr'><strong>τὴν</strong></span> <span class='ocrx_word' id='word_1_734' title='bbox 2807 5281 2915 5354; x_wconf 83' lang='grc' dir='ltr'>γὰρ</span> <span class='ocrx_word' id='word_1_735' title='bbox 2948 5282 3118 5352; x_wconf 77' lang='grc' dir='ltr'>αὐτὴν</span> <span class='ocrx_word' id='word_1_736' title='bbox 3148 5280 3287 5352; x_wconf 78' lang='grc' dir='ltr'>ἔχων</span> <span class='ocrx_word' id='word_1_737' title='bbox 3317 5279 3478 5351; x_wconf 75' lang='grc' dir='ltr'>φύσιν</span> <span class='ocrx_word' id='word_1_738' title='bbox 3513 5281 3664 5352; x_wconf 81' lang='grc' dir='ltr'>ἡμῖν,</span> <span class='ocrx_word' id='word_1_739' title='bbox 3691 5278 3795 5350; x_wconf 80' lang='grc' dir='ltr'>τὴν</span> 
     </span>
    </p>
   </div>
   <div class='ocr_carea' id='block_1_105' title="bbox 2200 5365 3794 5447">
    <p class='ocr_par' dir='ltr' id='par_1_105' title="bbox 2200 5365 3794 5447">
     <span class='ocr_line' id='line_1_105' title="bbox 2200 5365 3794 5447; baseline -0.005 -17"><span class='ocrx_word' id='word_1_740' title='bbox 2200 5374 2371 5446; x_wconf 78' lang='grc' dir='ltr'>αὐτὴν</span> <span class='ocrx_word' id='word_1_741' title='bbox 2405 5376 2505 5429; x_wconf 76' lang='grc' dir='ltr'><strong>οὐκ</strong></span> <span class='ocrx_word' id='word_1_742' title='bbox 2534 5374 2659 5445; x_wconf 68' lang='grc' dir='ltr'>ἔσχε</span> <span class='ocrx_word' id='word_1_743' title='bbox 2689 5375 2818 5447; x_wconf 83' lang='grc' dir='ltr'>ἡμῖν</span> <span class='ocrx_word' id='word_1_744' title='bbox 2849 5371 3094 5445; x_wconf 88' lang='grc' dir='ltr'>γνώμην.</span> <span class='ocrx_word' id='word_1_745' title='bbox 3136 5373 3303 5441; x_wconf 82' lang='grc' dir='ltr'>Λέγει</span> <span class='ocrx_word' id='word_1_746' title='bbox 3331 5372 3387 5426; x_wconf 80' lang='grc' dir='ltr'>δὲ</span> <span class='ocrx_word' id='word_1_747' title='bbox 3420 5371 3503 5425; x_wconf 80' lang='grc' dir='ltr'>ὅτι</span> <span class='ocrx_word' id='word_1_748' title='bbox 3523 5411 3538 5434; x_wconf 90' lang='grc'><strong>,</strong></span> <span class='ocrx_word' id='word_1_749' title='bbox 3579 5365 3674 5424; x_wconf 78' lang='grc' dir='ltr'><strong>τοῦ</strong></span> <span class='ocrx_word' id='word_1_750' title='bbox 3705 5368 3794 5423; x_wconf 90' lang='grc' dir='ltr'>νό-</span> 
     </span>
    </p>
   </div>
   <div class='ocr_carea' id='block_1_106' title="bbox 2209 5459 3789 5539">
    <p class='ocr_par' dir='ltr' id='par_1_106' title="bbox 2209 5459 3789 5539">
     <span class='ocr_line' id='line_1_106' title="bbox 2209 5459 3789 5539; baseline -0.007 -16"><span class='ocrx_word' id='word_1_751' title='bbox 2209 5485 2311 5539; x_wconf 88' lang='grc' dir='ltr'><strong>μου</strong></span> <span class='ocrx_word' id='word_1_752' title='bbox 2346 5468 2421 5539; x_wconf 87' lang='grc' dir='ltr'><strong>μὴ</strong></span> <span class='ocrx_word' id='word_1_753' title='bbox 2453 5467 2775 5537; x_wconf 79' lang='grc' dir='ltr'>δυνηθέντος</span> <span class='ocrx_word' id='word_1_754' title='bbox 2804 5465 2895 5519; x_wconf 81' lang='grc' dir='ltr'><strong>τὸν</strong></span> <span class='ocrx_word' id='word_1_755' title='bbox 2925 5466 3126 5518; x_wconf 84' lang='grc' dir='ltr'>οίκεῖον</span> <span class='ocrx_word' id='word_1_756' title='bbox 3164 5462 3519 5535; x_wconf 74' lang='grc' dir='ltr'>ἐκπληρῶσαι</span> <span class='ocrx_word' id='word_1_757' title='bbox 3569 5459 3789 5522; x_wconf 82' lang='grc' dir='ltr'>σκοπὸν,</span> 
     </span>
    </p>
   </div>
   <div class='ocr_carea' id='block_1_107' title="bbox 2207 5548 3790 5631">
    <p class='ocr_par' dir='ltr' id='par_1_107' title="bbox 2207 5548 3790 5631">
     <span class='ocr_line' id='line_1_107' title="bbox 2207 5548 3790 5631; baseline -0.009 -17"><span class='ocrx_word' id='word_1_758' title='bbox 2207 5560 2294 5614; x_wconf 75' lang='grc' dir='ltr'><strong>διὰ</strong></span> <span class='ocrx_word' id='word_1_759' title='bbox 2321 5561 2420 5631; x_wconf 83' lang='grc' dir='ltr'>τὴν</span> <span class='ocrx_word' id='word_1_760' title='bbox 2451 5559 2558 5612; x_wconf 82' lang='grc' dir='ltr'>τῶν</span> <span class='ocrx_word' id='word_1_761' title='bbox 2592 5556 3067 5630; x_wconf 84' lang='grc' dir='ltr'>νομοθετουμένων</span> <span class='ocrx_word' id='word_1_762' title='bbox 3116 5553 3399 5610; x_wconf 81' lang='grc' dir='ltr'>ἀσθένειαν</span> <span class='ocrx_word' id='word_1_763' title='bbox 3434 5549 3654 5625; x_wconf 73' lang='grc' dir='ltr'>(θνητὴν</span> <span class='ocrx_word' id='word_1_764' title='bbox 3682 5548 3790 5623; x_wconf 71' lang='grc' dir='ltr'>γὰρ</span> 
     </span>
    </p>
   </div>
   <div class='ocr_carea' id='block_1_108' title="bbox 1827 5710 2505 5767">
    <p class='ocr_par' dir='ltr' id='par_1_108' title="bbox 1827 5710 2505 5767">
     <span class='ocr_line' id='line_1_108' title="bbox 1827 5710 2505 5767; baseline 0.003 -2"><span class='ocrx_word' id='word_1_765' title='bbox 1827 5710 2061 5767; x_wconf 77' lang='lat' dir='ltr'><strong>VARle</strong></span> <span class='ocrx_word' id='word_1_766' title='bbox 2101 5710 2505 5767; x_wconf 80' lang='lat' dir='ltr'><strong>LECTIONES.</strong></span> 
     </span>
    </p>
   </div>
   <div class='ocr_carea' id='block_1_109' title="bbox 576 5861 3793 5949">
    <p class='ocr_par' dir='ltr' id='par_1_109' title="bbox 576 5861 3793 5949">
     <span class='ocr_line' id='line_1_109' title="bbox 576 5861 3793 5949; baseline -0.001 -29"><span class='ocrx_word' id='word_1_767' title='bbox 576 5865 655 5946; x_wconf 82' lang='lat'><strong>__&quot;</strong></span> <span class='ocrx_word' id='word_1_768' title='bbox 688 5866 727 5920; x_wconf 85' lang='lat' dir='ltr'><strong>E</strong></span> <span class='ocrx_word' id='word_1_769' title='bbox 752 5865 1080 5949; x_wconf 69' lang='lat' dir='ltr'><strong>Theodoreti</strong></span> <span class='ocrx_word' id='word_1_770' title='bbox 1122 5871 1589 5949; x_wconf 67' lang='lat' dir='ltr'><strong>interpretatione</strong></span> <span class='ocrx_word' id='word_1_771' title='bbox 1642 5872 1930 5949; x_wconf 65' lang='lat' dir='ltr'><strong>legendum</strong></span> <span class='ocrx_word' id='word_1_772' title='bbox 1961 5887 2085 5949; x_wconf 62' lang='lat' dir='ltr'><strong>esse</strong></span> <span class='ocrx_word' id='word_1_773' title='bbox 2113 5872 2433 5949; x_wconf 79' lang='lat' dir='ltr'><strong>s_nspi_c_atur</strong></span> <span class='ocrx_word' id='word_1_774' title='bbox 2475 5870 2945 5949; x_wconf 40' lang='grc' dir='ltr'>Μίμὶυεληχᾴρις</span> <span class='ocrx_word' id='word_1_775' title='bbox 2999 5868 3090 5924; x_wconf 76' lang='grc' dir='ltr'><strong>τού</strong></span> <span class='ocrx_word' id='word_1_776' title='bbox 3123 5864 3433 5941; x_wconf 74' lang='grc' dir='ltr'>Θεοῦ,ίμιο(1</span> <span class='ocrx_word' id='word_1_777' title='bbox 3482 5873 3535 5924; x_wconf 80' lang='lat' dir='ltr'><strong>et</strong></span> <span class='ocrx_word' id='word_1_778' title='bbox 3581 5861 3793 5921; x_wconf 77' lang='lat' dir='ltr'><strong>habent</strong></span> 
     </span>
    </p>
   </div>
   <div class='ocr_carea' id='block_1_110' title="bbox 511 5934 3010 6014">
    <p class='ocr_par' dir='ltr' id='par_1_110' title="bbox 511 5934 3010 6014">
     <span class='ocr_line' id='line_1_110' title="bbox 511 5934 3010 6014; baseline 0.002 -23"><span class='ocrx_word' id='word_1_779' title='bbox 511 5934 608 5992; x_wconf 73' lang='lat' dir='ltr'><strong>alii</strong></span> <span class='ocrx_word' id='word_1_780' title='bbox 648 5954 808 6011; x_wconf 80' lang='lat' dir='ltr'><strong>quam</strong></span> <span class='ocrx_word' id='word_1_781' title='bbox 838 5939 1041 6013; x_wconf 87' lang='lat' dir='ltr'><strong>plures.</strong></span> <span class='ocrx_word' id='word_1_782' title='bbox 1122 5942 1167 5976; x_wconf 78' lang='grc'><strong>⁷⁸</strong></span> <span class='ocrx_word' id='word_1_783' title='bbox 1198 5943 1241 5997; x_wconf 81' lang='grc' dir='ltr'><strong>Α</strong></span> <span class='ocrx_word' id='word_1_784' title='bbox 1272 5934 1723 6014; x_wconf 67' lang='grc' dir='ltr'>παρασχόμενοςῖ</span> <span class='ocrx_word' id='word_1_785' title='bbox 1789 5944 1833 5976; x_wconf 71' lang='grc' dir='ltr'><strong>τ’</strong></span> <span class='ocrx_word' id='word_1_786' title='bbox 1865 5946 1910 5998; x_wconf 78' lang='grc' dir='ltr'>Α</span> <span class='ocrx_word' id='word_1_787' title='bbox 1941 5943 2031 5999; x_wconf 80' lang='grc' dir='ltr'>τοῦ</span> <span class='ocrx_word' id='word_1_788' title='bbox 2065 5934 2233 6003; x_wconf 66' lang='grc' dir='ltr'>θείονζ</span> <span class='ocrx_word' id='word_1_789' title='bbox 2269 5943 2492 6000; x_wconf 76' lang='lat' dir='ltr'><strong>ilcrvct.</strong></span> <span class='ocrx_word' id='word_1_790' title='bbox 2535 5941 2709 5999; x_wconf 81' lang='lat' dir='ltr'><strong>divini</strong></span> <span class='ocrx_word' id='word_1_791' title='bbox 2744 5934 3010 6014; x_wconf 69' lang='lat' dir='ltr'><strong>Spiritus.</strong></span> 
     </span>
    </p>
   </div>
  </div>
