4124 6402
639 368 737 436 131

1695 364 2188 427 THEODORETI
2229 362 2568 424 EPISCOI’I
2607 363 2975 425 CYRENSIS

3805 360 3905 426 13?.

632 483 689 535 in
733 479 926 550 spiritu
956 494 975 535 :
1009 479 1055 535 si
1095 487 1270 535 tamen
1304 478 1399 533 Dei
1426 478 1661 548 Spiritus
1699 478 1908 533 habitat
1952 479 2007 531 iu
2044 477 2204 530 vobis.

2324 477 2647 546 Πνεύματι,
2668 476 2838 544 ειπερ
2862 475 3108 546 Πνεῦμα
3130 472 3279 529 Θεοῦ
3300 472 3453 529 οἰκεῖ
3465 474 3537 528 ἐν
3558 473 3720 543 ὑμῖν.
3736 474 3907 546 Δῆλον

633 571 985 628 Manifestum
1027 580 1113 628 est
1145 586 1244 628 eos
1289 587 1397 627 non
1449 571 1623 627 fuisse
1677 571 2040 640 incorporeas
2065 608 2079 634 ,
2117 567 2213 637 qui

632 664 778 718 hanc
810 662 1126 718 doctrinam
1161 662 1538 731 suscipiebant
1573 680 1587 715 :
1620 662 1714 717 sed
1760 661 1896 715 dicit
1940 674 2040 713 eos
2088 672 2213 710 car-

632 755 855 811 nalibus
883 754 1398 826 perturbationibus
1422 768 1545 810 esse
1568 752 1904 823 superiores,
1932 758 1986 805 et
2010 748 2217 803 habere

633 846 1037 903 inhabitantem
1087 846 1267 901 sancti
1301 845 1548 915 Spiritus
1599 844 1860 915 gratiam.
1914 844 1997 895 lta
2047 840 2216 894 etiam

632 939 770 993 dixit
805 938 1067 993 Dominus
1091 946 1123 987 γ
1176 938 1461 1007 apostolos
1512 951 1621 991 non
1660 950 1785 992 esse
1824 949 1893 989 ex
1946 933 2155 987 mundo
2198 948 2213 987 :

636 1047 743 1085 non
774 1032 919 1100 quod
949 1029 1174 1084 aliunde
1201 1038 1427 1096 essent,
1469 1029 1568 1084 sed
1605 1027 1755 1098 quod
1796 1039 1984 1083 essent
2013 1024 2218 1080 mortui

635 1122 861 1177 mundo.
893 1120 954 1176 Si
985 1122 1102 1193 quis
1132 1131 1311 1175 autem
1336 1120 1596 1191 Spiritum
1642 1117 1847 1176 Christi
1898 1135 2002 1172 non
2033 1116 2212 1183 habet,

632 1212 713 1265 hic
741 1227 845 1265 non
889 1222 968 1265 est
1013 1211 1152 1279 ejus.
1210 1211 1484 1278 Quoniam
1517 1210 1701 1280 posuit
1736 1209 1870 1264 illud
1923 1207 1984 1263 Si
2016 1218 2214 1270 suteru,

627 1309 682 1353 et
720 1301 823 1355 hoc
869 1301 1234 1357 dubitationis
1263 1308 1390 1365 est,
1438 1300 1641 1356 merito
1687 1298 2013 1368 subjunxit,
2065 1297 2216 1368 quod

628 1394 887 1463 quisquis
934 1401 1020 1449 est
1069 1393 1238 1462 hujus
1273 1395 1466 1464 gratiae
1494 1407 1733 1463 expers,
1786 1392 1992 1446 nullam
2021 1391 2219 1444 habeat

2319 565 2377 620 δὲ
2404 567 2480 631 ῶς
2508 568 2608 621 οὐκ
2640 568 2926 639 ἀσώματοι
2954 562 3097 639 ἦσαν
3144 569 3194 621 οἱ
3233 567 3393 639 τήνδε
3427 566 3525 638 τὴν
3553 566 3906 622 διδασκαλίαν

2319 656 2643 728 δεχόμενοι·
2693 658 2833 712 ἀλλά
2880 659 3163 729 κρείττους
3210 658 3410 722 αὐτοὺς
3457 658 3560 729 ἔφη
3609 653 3748 712 εἶναι
3794 658 3907 712 τῶν

2321 751 2600 819 σαρκικῶν
2632 751 2993 821 παθημάτων,
3035 751 3130 804 καὶ
3158 750 3251 804 τοῦ
3289 751 3552 819 παναγίου
3585 750 3906 821 Πνεὺματος

2317 842 2526 896 ἓνοικον
2556 843 2700 913 ἔχειν
2730 844 2829 915 τὴν
2874 843 3058 914 χάριν.
3109 843 3266 898 Οὕτω
3294 844 3389 898 καὶ
3415 845 3539 907 τοὺς
3571 845 3906 909 ἀποστόλους

2317 933 2424 1004 ἔφη
2451 936 2480 986 ὁ
2515 934 2720 1006 Κύριος
2772 935 2847 1005 μὴ
2878 931 3018 988 εἶναι
3048 936 3113 987 ὲκ
3140 935 3235 989 τοῦ
3265 934 3474 1005 κόσμου
3504 952 3517 965 °
3566 936 3670 988 οὐκ
3712 935 3904 1006 ἐπειδὴ

2317 1023 2542 1078 ἄλλοθεν
2567 1020 2729 1094 ἦσαν,
2761 1024 2878 1078 ἀλλ’
2905 1025 2987 1078 ὅτι
3008 1026 3192 1096 νεκροὶ
3221 1021 3357 1095 ἦσαν
3386 1024 3464 1093 τῷ
3493 1024 3702 1096 κόσμῳ.
3735 1028 3804 1081 El
3833 1025 3905 1078 δέ

2318 1133 2408 1183 τις
2440 1116 2686 1186 Πνεῦμα
2725 1118 2985 1186 Χριστοῦ
3017 1120 3130 1171 οὐκ
3163 1118 3310 1186 ἔχει,
3363 1113 3543 1184 οὗτος
3583 1120 3694 1172 οὐκ
3730 1117 3907 1173 ἐστιν

2318 1206 2527 1262 αὐτοῦ.
2568 1207 2790 1278 Ἐπειδὴ
2819 1209 2898 1272 τὸ,
2927 1208 3121 1276 εἴπερ,
3156 1207 3420 1274 τέθεικεν,
3470 1207 3801 1278 ἀμφιϐολίας
3845 1208 3908 1261 δὲ

2317 1297 2475 1352 τοῦτό
2524 1299 2704 1363 ἐστιν,
2749 1299 2976 1363 εἰκότως
3022 1300 3326 1369 ἐπήγαγεν,
3361 1297 3436 1362 ὡς
3484 1300 3514 1351 ὁ
3545 1297 3748 1369 ταὺτης
3794 1297 3901 1368 τῆς

2318 1390 2538 1461 χάριτος
2566 1390 2795 1462 ἄμοιρος
2820 1390 3077 1461 οὐδεμίαν
3110 1391 3225 1461 εχει
3272 1390 3411 1461 πρὸς
3456 1388 3547 1444 τὸν
3599 1391 3834 1462 Χριστὸν
3856 1391 3903 1422 ⁸³

628 1500 754 1539 cum
802 1485 1028 1540 Christo
1090 1488 1434 1542 societatem.
1485 1486 1554 1540 Et
1601 1485 1861 1555 quoniam
1922 1483 2027 1540 hoc
2079 1484 2204 1538 satis

2318 1483 2623 1541 κοινωνίαν.
2677 1485 2785 1538 Καὶ
2824 1484 3014 1554 ἐπειδὴ
3056 1483 3239 1539 ίκανὸν
3281 1480 3352 1555 ἦν
3396 1484 3555 1540 τοῦτο
3589 1486 3715 1548 τοὺς
3757 1484 3908 1555 δεχο-

628 1583 749 1630 erat
802 1578 872 1630 ad
925 1592 1024 1633 eos
1074 1579 1169 1648 qui
1223 1577 1525 1633 audiebant
1557 1575 1987 1647 perterreudos,
2022 1590 2118 1646 per
2149 1590 2204 1631 es

2320 1574 2516 1644 μένους
2546 1573 2770 1646 πλῆξαι,
2802 1575 2893 1628 διὰ
2922 1575 3031 1629 τῶν
3061 1575 3189 1646 ἑξῆς
3216 1575 3543 1647 θεραπεύει·

629 1683 751 1739 qua:
776 1678 1084 1738 sequuntur
1113 1670 1269 1726 aﬂ'ert
1298 1670 1601 1725 remedium
1633 1687 1648 1723 :

697 1757 869 1815 Vsus.
907 1760 995 1814 i0.
1022 1759 1082 1815 Si
1108 1769 1283 1814 autem
1315 1760 1565 1815 Christus
1599 1761 1657 1814 in
1693 1759 1840 1814 vobis
1885 1766 1985 1825 est,
2021 1773 2204 1827 corpus

2392 1757 2444 1806 t'.
2471 1751 2542 1806 Ei
2578 1750 2647 1805 δὲ
2676 1748 2932 1819 Χριστὸς
2971 1750 3125 1805 οίκεῐ
3140 1751 3184 1783 ⁸³
3204 1751 3276 1805 ἐν
3302 1749 3466 1820 ὑμῖν,
3496 1750 3563 1805 τὸ
3582 1750 3701 1820 μὲν
3728 1750 3908 1819 σῶμα

627 1850 835 1919 quidem
865 1860 1136 1905 utortuum
1163 1862 1243 1905 est
1270 1864 1482 1921 propter
1501 1861 1807 1922 peceatum;
1840 1852 2060 1919 spiritus
2095 1825 2204 1904 vero

2315 1842 2533 1911 νεκρὸν
2562 1842 2638 1898 δι’
2673 1842 2968 1911 ἁμαρτίαν
2984 1842 3053 1908 ⁸³,
3080 1841 3148 1896 τὸ
3174 1841 3244 1897 δὲ
3269 1842 3508 1912 πνεῦμα
3534 1841 3645 1911 ζωὴ
3678 1841 3777 1896 διὰ
3817 1841 3908 1896 δι-

626 1941 751 1994 vivit
787 1954 1002 2010 propter
1056 1942 1526 2012 justiﬁeationem.
1564 1943 1640 1997 Ea
1669 1958 1795 2012 qua
1838 1943 2006 1999 dubia
2053 1952 2204 1998 erant

2315 1933 2670 2000 καιοσύνην.
2691 1931 2838 2001 Δῆλα
2867 1930 3138 2002 πεποίηκε
3172 1931 3237 1986 τὰ
3255 1932 3556 2003 ἀμφίϐολα,
3575 1933 3669 1987 καὶ
3698 1931 3905 1997 ἔδειξεν

627 2029 923 2086 manifesta
979 2031 1240 2098 reddidit,
1275 2045 1327 2087 ct
1350 2032 1598 2088 ostendit
1631 2048 1691 2088 se
1714 2048 1941 2087 carnem
1982 2048 2091 2087 non
2120 2047 2214 2087 ac-

623 2136 845 2186 cusare,
868 2121 965 2177 scd
990 2120 1496 2192 peccatumJussit
1522 2123 1668 2177 enim
1696 2138 1900 2194 corpus
1931 2135 2209 2178 mortuum

624 2228 751 2269 esse
804 2221 1058 2284 peccato,
1090 2213 1144 2268 id
1175 2222 1284 2278 est,
1312 2229 1424 2269 non
1461 2213 1640 2269 facere
1678 2222 1991 2285 peccatum.
2040 2214 2206 2283 Spiri-

624 2315 739 2359 tum
760 2314 944 2360 autem
974 2306 1068 2360 bic
1107 2306 1350 2360 animum
1387 2305 1710 2376 appellavit,
1741 2314 1802 2361 ut
1833 2321 1958 2377 quae
1984 2308 2056 2363 sit
2096 2308 2210 2379 jam

625 2395 769 2450 facta
795 2396 1088 2471 spiritalis.
1137 2395 1278 2453 Huic
1326 2398 1580 2469 prrecipit
1607 2408 1666 2453 ut
1694 2398 1976 2468 justitiam
2019 2414 2210 2470 persc-

622 2496 848 2557 quatur,
882 2488 1045 2556 cujus
1081 2487 1294 2545 fructus
1328 2489 1675 2558 expetendus
1709 2499 1793 2545 est
1832 2492 1967 2546 vita.

697 2579 864 2635 Vsus.
903 2579 993 2634 ll.
1043 2579 1198 2645 Quod
1255 2582 1303 2637 si
1335 2579 1571 2651 Spiritus
1617 2582 1756 2651 ejus,
1800 2583 1890 2655 qui
1929 2586 2208 2640 suscitavit

619 2668 808 2725 Jesum
864 2688 897 2724 a
942 2675 1187 2740 mortuis,
1226 2671 1436 2728 habitat
1478 2673 1534 2727 in
1577 2672 1723 2727 vobis
1750 2688 1769 2727 :
1803 2675 1896 2743 qui
1931 2677 2207 2731 suscitavit

622 2761 893 2817 Christum
936 2780 971 2817 a
998 2764 1243 2829 mortuis,
1281 2764 1567 2833 viviﬁcabit
1598 2775 1648 2818 et
1697 2766 1953 2819 mortalia
1986 2782 2208 2837 corpora

621 2861 819 2914 vestra,
848 2865 1062 2923 propter
1110 2854 1438 2910 habitantem
1488 2854 1750 2924 Spiritum
1790 2855 1906 2926 ejus
1946 2858 2002 2912 in
2034 2854 2203 2915 vobis.

623 2946 732 3015 Spe
775 2946 888 3019 84
917 2946 1238 3002 futurorum
1276 2948 1596 3005 consolatus
1630 2955 1736 3014 est,
1779 2956 1836 3004 et
1864 2950 1946 3006 eis
1996 2960 2204 3005 rectam

619 3039 965 3095 alacritatem
1019 3040 1231 3096 addidit
1262 3040 1332 3096 ad
1366 3041 1662 3111 praesentia
1702 3042 2033 3097 certamina.
2062 3040 2203 3097 Pro-

2313 2024 2389 2088 ὡς
2420 2025 2480 2077 οὑ
2535 2023 2637 2094 τῆς
2692 2023 2895 2094 σαρκὸς
2922 2026 3263 2095 κατηγορεῖ,
3291 2023 3429 2078 ἀλλά
3453 2024 3555 2093 τῆς
3601 2024 3904 2095 ἁμαρτίας.

2314 2116 2394 2187 Τῇ
2439 2115 2549 2188 γὰρ
2594 2115 2842 2187 ἁμαρτία
2898 2116 3199 2188 προσέταξε
3246 2115 3310 2169 τὸ
3365 2115 3527 2187 σῶμα
3554 2114 3602 2148 ⁸⁸
3645 2114 3907 2185 γενέσθαι

2313 2208 2527 2282 νεκρὸν,
2553 2208 2674 2262 ἀντὶ
2703 2207 2820 2275 τοῦ,
2841 2208 2939 2280 τὴν
2970 2208 3247 2280 ἁμαρτίαν
3272 2208 3349 2279 μὴ
3378 2207 3908 2280 ἆνεργεῖνλΙνεῦμα

2311 2300 2368 2355 δὲ
2391 2300 2626 2355 ἐνταῦθα
2643 2302 2688 2332 ⁸⁸
2713 2301 2814 2374 τὴν
2844 2300 3025 2374 ψυχὴν
3050 2301 3513 2374 προσηγόρευσεν,
3541 2301 3617 2365 ὠς
3653 2318 3906 2371 πνευμα-

2310 2391 2470 2463 τικὴν
2493 2392 2595 2464 ἤδη
2624 2393 3025 2464 γεγενημένην.
3075 2392 3261 2464 Ταύτῃ
3298 2391 3544 2463 μετιέναι
3564 2390 3663 2462 τὴν
3686 2391 3904 2446 δικαιο-

2314 2485 2480 2556 σύνην
2507 2486 2744 2549 κελεύει,
2769 2480 2838 2557 ἧς
2875 2485 3091 2557 καρπὸς
3122 2484 3449 2556 ἀξιέραστος
3480 2486 3515 2555 ἡ
3548 2484 3683 2555 ζωή.

2384 2581 2474 2629 ια’.
2497 2577 2628 2629 Et“
2661 2575 2727 2630 δὲ
2757 2575 2826 2630 τὸ
2859 2577 3106 2646 Πνεῦμα
3130 2577 3236 2631 τοῦ
3264 2577 3604 2644 ἐγεΙραντος
3655 2573 3908 2643 Ἰησοῦν

2309 2665 2378 2720 ἐκ
2412 2666 2643 2734 νεκρῶν
2672 2666 2827 2721 οίκεῖ
2853 2667 2924 2721 ἐν
2968 2667 3133 2737 ὑμῖν,
3166 2670 3199 2722 ό
3235 2668 3471 2738 ἐγείρας
3507 2665 3615 2721 τὸν
3639 2666 3908 2734 Χριστὸν

2309 2757 2379 2813 ἐκ
2398 2758 2630 2828 νεκρῶν
2651 2759 3000 2828 ζωοποιήσει
3027 2759 3124 2813 καί
3145 2758 3219 2812 τὰ
3239 2757 3427 2827 θνητὰ
3446 2756 3692 2828 σώματα
3708 2756 3902 2826 ὑμῶν,

2308 2853 2406 2909 διὰ
2437 2853 2505 2907 τὸ
2530 2848 2739 2908 οίκοῦν
2770 2853 2960 2908 αὑτοῦ
2992 2852 3240 2923 Πνεῦμα
3260 2852 3331 2905 ἐν
3366 2851 3530 2922 ὑμῖν.
3573 2850 3904 2921 Ἑψυχαγώ-

2308 2961 2447 3016 γησε
2481 2944 2526 2978 ⁸⁷
2550 2946 2620 3015 τῇ
2671 2942 2783 2998 τῶν
2821 2943 3126 3015 μελλόντων
3183 2942 3397 3010 ἑλπίδι,
3442 2943 3540 2996 καὶ
3577 2940 3815 2995 δέδωκεν
3856 2939 3904 2973 ⁸³

2313 3034 2503 3106 ἱκανὴν
2537 3035 2848 3106 προθυμίαν
2874 3036 2955 3099 εἰς
3003 3035 3134 3098 τοὺς
3185 3034 3463 3105 παρόντας
3505 3030 3743 3100 ἀγῶνας.
3782 3029 3904 3084 Οὐκ

618 3128 832 3197 pediem
860 3130 1034 3198 enim,
1068 3131 1272 3202 inquit,
1294 3142 1459 3188 erunt
1486 3147 1720 3203 corpora
1744 3139 1928 3189 vestra
1974 3132 2203 3187 immor-

2309 3128 2390 3190 είς
2423 3128 2643 3199 μακρὰν
2670 3127 2802 3196 γὰρ,
2833 3128 3020 3197 φησὶν,
3050 3126 3297 3181 ἀθάνατα
3328 3123 3484 3195 ὑμῶν
3514 3122 3666 3176 ἔσται
3693 3121 3764 3175 τά
3792 3120 3906 3173 σώ-

615 3219 751 3276 talia
803 3228 859 3275 et
895 3223 1185 3292 superiora
1212 3224 1284 3280 iis
1315 3240 1438 3296 quae
1461 3225 1715 3280 molestia
1740 3238 1891 3280 nunc
1933 3223 2203 3292 alliciunt,

622 3311 1158 3382 perturbationibus.
1199 3312 1315 3371 Hoc
1340 3323 1524 3370 autem
1563 3314 1725 3371 faciet
1754 3314 1873 3385 ipse
1906 3313 2053 3369 Deus
2082 3314 2207 3369 uni-

617 3416 928 3469 versorum,
967 3404 1062 3475 qui
1098 3422 1247 3463 nunc
1273 3408 1434 3464 vobis
1462 3406 1709 3478 Spiritus
1741 3407 1963 3461 arrbam
1995 3406 2203 3462 libera-

616 3493 748 3550 liter
801 3496 1055 3563 praebuit.
1098 3496 1260 3555 Dedit
1288 3506 1474 3555 autem
1517 3498 1656 3569 ipsis
1678 3497 1846 3554 etiam
1881 3499 2086 3569 pignus
2124 3514 2207 3555 re-

617 3588 1014 3654 surrectionis,
1062 3590 1529 3646 resurrectionem
1581 3589 1793 3645 Christi
1845 3604 1877 3644 a
1941 3591 2197 3647 mortuis.

616 3676 817 3734 Docuit
848 3687 1031 3734 alitem
1073 3695 1177 3737 nos
1206 3680 1376 3737 etiam
1405 3681 1462 3736 in
1493 3680 1581 3736 bis
1613 3680 1799 3737 verbis
1824 3696 1991 3736 unam
2052 3679 2201 3737 Divi-

614 3771 1101 3827 nitatisuaturam.
1128 3769 1395 3829 Sanctum
1421 3771 1570 3827 enim
1605 3769 1871 3843 Spiritum
1903 3782 1958 3828 et
1982 3771 2078 3827 Dei
2103 3788 2200 3844 ap-

614 3861 859 3931 pellavit,
910 3872 965 3917 et
993 3861 1247 3919 Christi:
1291 3877 1403 3917 non
1464 3863 1634 3931 quod,
1680 3870 1742 3918 ut
1791 3864 1986 3920 volunt
2038 3879 2201 3922 exse—

610 3954 806 4009 crandi
858 3954 1129 4020 haeretici,
1162 3970 1229 4010 ex
1278 3954 1390 4011 Deo
1442 3971 1540 4026 per
1595 3954 1796 4011 Filium
1827 3964 2051 4012 creatus
2101 3956 2196 4021 sit,

610 4044 709 4101 sed
739 4047 869 4116 quia
898 4054 986 4102 est
1013 4046 1265 4116 ejusdem
1296 4061 1422 4102 cum
1454 4045 1619 4103 Patre
1641 4053 1698 4103 et
1745 4046 1890 4103 Filio
1929 4047 2197 4103 substan-

611 4137 719 4202 tiae,
747 4145 803 4191 et
840 4152 907 4192 ex
946 4136 1112 4193 Patre
1157 4136 1379 4208 quidem
1414 4136 1684 4207 procedit,
1737 4137 1895 4206 juxta
1943 4137 2196 4208 Evange-

611 4228 811 4281 liorum
843 4227 1154 4282 doctrinam
1186 4242 1200 4281 :
1231 4228 1353 4299 ejus
1386 4234 1568 4282 autem
1608 4228 1787 4297 gratia
1815 4228 1884 4283 iis
1911 4228 2008 4297 qui
2042 4226 2195 4298 digni

611 4322 628 4339 ‘
660 4326 791 4374 sunt
836 4334 932 4389 per
964 4317 1251 4377 Christum
1301 4320 1707 4390 suppeditatur.
1761 4316 1949 4389 Pergit
2005 4327 2191 4373 autem

606 4411 827 4477 docere,
867 4412 1150 4482 quomodo
1182 4426 1287 4467 nos
1316 4419 1574 4482 oporteat
1595 4411 1818 4467 vincere
1842 4411 2035 4467 carnis
2074 4424 2196 4481 per-

608 4512 666 4557 tu
676 4502 984 4561 rbationes.
1035 4562 1043 4572 ,

678 4593 844 4652 Vsus.
879 4594 967 4649 12.
1006 4592 1149 4665 Ergo
1179 4593 1439 4650 debitores
1473 4609 1655 4648 sumus
1683 4608 1789 4647 non
1821 4592 2082 4657 carni,'ut
2103 4610 2189 4648 se-

605 4687 838 4742 cundum
869 4702 1082 4741 carnem
1110 4687 1367 4740 vivamus.
1408 4683 1547 4741 Nam
1599 4698 1727 4739 cum
1765 4700 1795 4739 ε
1829 4682 2057 4740 Christo
2082 4683 2186 4740 Do-

608 4778 758 4832 mino
803 4776 1036 4832 salutem
1064 4774 1308 4831 assecuti
1340 4774 1541 4837 simus,
1575 4784 1629 4829 et
1674 4771 1918 4844 Spiritus
1952 4776 2187 4847 gratiam

604 4869 1010 4941 acceperimus,
1038 4866 1361 4924 servitutem
1408 4866 1489 4923 illi
1524 4867 1812 4928 debemus.

683 5041 845 5098 Vsus.
873 5041 960 5096 13.
994 5038 1055 5096 Si
1076 5039 1214 5094 enim
1238 5040 1526 5095 secundum
1548 5058 1758 5099 carnem
1781 5045 1976 5114 vivitis,
1996 5047 2190 5101 morie-

607 5137 757 5193 mini.
790 5162 862 5177 ——
912 5131 1212 5190 Secundum
1265 5150 1508 5202 carnem,
1576 5136 1682 5192 hoc
1726 5124 1851 5205 est,
1903 5139 1950 5195 si
2002 5140 2187 5196 carnis

656 5330 682 5377 ι
707 5319 885 5375 Galat.
925 5333 980 5384 ν,
1013 5316 1106 5372 23.

2311 3233 2460 3288 ματα
2481 3257 2496 3281 ,
2522 3217 2617 3271 καὶ
2646 3217 2933 3289 κρείττονα
2961 3216 3071 3270 τῶν
3112 3216 3208 3270 νῦν
3246 3213 3609 3285 ἐνοχλούντων
3638 3211 3905 3283 παθημά-

2305 3325 2415 3363 των
2454 3309 2765 3379 γενήσεται.
2792 3309 3017 3380 Ποιήσει
3060 3306 3117 3360 δὲ
3161 3306 3321 3361 τοῦτο
3366 3306 3529 3370 αὐτὸς
3554 3305 3585 3358 ὁ
3614 3303 3723 3359 τῶν
3759 3303 3905 3358 ὅλων

2306 3400 2510 3466 Θεὸς,ό
2538 3399 2635 3455 νῦν
2694 3402 2825 3471 ὑμῖν
2885 3400 2980 3454 τοῦ
3037 3399 3358 3469 Πνεύματος
3410 3397 3502 3451 τὸν
3535 3395 3901 3469 appulsam“

2306 3491 2605 3565 παρασχὼν
2636 3490 2957 3563 φιλοτίμως.
2989 3490 3201 3544 Δέδωκε
3225 3489 3282 3543 δὲ
3302 3489 3487 3551 αὐτοῖς
3513 3488 3608 3541 καὶ
3640 3485 3903 3557 ἐνέχυρον

2303 3586 2403 3656 τῆς
2433 3586 2809 3651 ἀναστάσεως,
2843 3584 2938 3638 τοῦ
2989 3582 3229 3655 Χριστοῦ
3270 3582 3370 3651 τὴν
3413 3581 3728 3637 ἀνάστασιν.
3760 3576 3902 3631 Ἐδί-

2301 3675 2427 3741 δαξε
2465 3677 2524 3732 δὲ
2570 3677 2721 3749 ἡμᾶς
2750 3675 2841 3731 διὰ
2879 3674 2990 3730 τῶν
3030 3676 3338 3747 εἰρημένων
3366 3674 3462 3728 καὶ
3505 3671 3603 3744 τὴν
3636 3671 3765 3741 μίαν
3792 3672 3902 3740 τῆς

2303 3767 2557 3839 θεότητος
2587 3769 2770 3836 φύσιν.
2819 3766 2895 3822 Τὸ
2922 3767 3033 3838 γὰρ
3067 3766 3336 3835 πανάγιον
3380 3763 3610 3834 Πνεῦμα
3629 3761 3724 3817 καὶ
3755 3760 3901 3816 Θεοῦ

2301 3862 2713 3932 προσηγόρευσε
2739 3899 2755 3923 ,
2782 3860 2879 3913 καὶ
2907 3857 3148 3928 Χριστοῦ
3177 3872 3190 3885 ·
3223 3856 3323 3911 οὐκ
3355 3856 3566 3926 ἐπειδὴ,
3595 3854 3736 3910 κατὰ
3764 3855 3900 3918 τοὺς

2299 3952 2650 4024 δυσωνύμους
2703 3952 3039 4022 αίρετικοὺς,
3071 3952 3137 4004 ὲκ
3164 3950 3264 4005 τοῦ
3312 3949 3449 4005 Θεοῦ
3498 3948 3588 4003 διά
3620 3948 3717 4002 τοῦ
3757 3948 3896 4002 Υίοῦ

2299 4043 2760 4115 δεδημιούργηται
2788 4060 2803 4074 '
2834 4042 2951 4097 ἀλλ’
2983 4044 3172 4115 ἐπειδὴ
3205 4041 3496 4114 ὀμοούσιόν
3525 4044 3643 4095 ἔστι
3676 4041 3896 4112 Πατρὺς

2299 4136 2394 4190 καὶ
2416 4134 2570 4198 Υἱοῦ,
2601 4136 2696 4190 καὶ
2721 4138 2785 4189 ὲκ
2830 4136 3041 4208 [ἰατρὸς
3075 4135 3174 4207 μὲν
3221 4135 3584 4208 ἐκπορεύεται
3612 4134 3758 4189 κατά
3788 4135 3895 4206 τὴν

2298 4227 2407 4281 τῶν
2442 4226 2794 4295 Εὑαγγελίων
2813 4228 3184 4296 διδασκαλίαν,
3220 4232 3253 4300 ἡ
3284 4229 3343 4283 δὲ
3368 4229 3561 4284 τούτου
3589 4228 3750 4301 χάρις
3775 4231 3893 4293 τοῖς

2296 4317 2469 4384 ἀξίοις
2497 4317 2585 4373 διὰ
2614 4317 2706 4374 τοῦ
2753 4320 2996 4391 Χριστοῦ
3047 4323 3388 4392 χορηγεῖται.
3420 4323 3701 4392 Ἐπιμένει
3729 4320 3788 4375 δὲ
3814 4322 3892 4376 δι-

2296 4410 2532 4477 δάσκων,
2563 4411 2711 4477 ὅπως
2738 4412 2845 4485 χρὴ
2881 4413 3264 4486 περιγενέσθαι
3286 4414 3395 4467 τῶν
3419 4412 3518 4483 τῆς
3551 4412 3755 4484 σαρκὸς
3784 4430 3895 4469 πα-

2227 4510 2273 4567 D
2298 4498 2579 4571 ϐημάτων.

2368 4591 2456 4663 ιβ’.
2493 4594 2633 4663 Ἄρα
2655 4590 2771 4651 οὖν
2813 4595 3116 4666 ὀφειλέται
3141 4594 3332 4666 ἐσμὲν
3359 4598 3431 4652 οὐ
3458 4594 3534 4666 τῇ
3552 4593 3753 4665 σαρκί,
3778 4595 3890 4654 τοῦ

2297 4683 2446 4737 κατὰ
2497 4681 2697 4753 σάρκα
2723 4682 2851 4752 ζῇν.
2900 4685 3036 4740 Ἀπὸ
3064 4686 3173 4757 γὰρ
3210 4684 3306 4739 τοῦ
3339 4686 3612 4740 Δεσπότου
3643 4687 3889 4757 Χριστοῦ

2295 4775 2397 4844 τῆς
2424 4775 2698 4847 σωτηρίας
2749 4778 3130 4848 τετυχηκότες,
3172 4776 3267 4830 καὶ
3311 4777 3406 4830 τοῦ
3435 4776 3752 4847 Πνεύματος
3783 4776 3888 4847 τὴν

2296 4865 2455 4937 χάριν
2493 4864 2778 4937 δεξάμενοι
2801 4905 2819 4931 ,
2842 4865 2992 4939 αύτῷ
3043 4867 3143 4938 τῆς
3174 4867 3422 4933 δουλείας
3460 4867 3522 4922 τὸ
3545 4867 3705 4939 χρέος
3728 4869 3885 4937 ὀφεί-

2296 4959 2481 5028 λομεν.

2370 5057 2457 5119 ιγ’.
2487 5053 2556 5104 Et
2582 5049 2693 5119 γὰρ
2724 5050 2876 5105 κατὰ
2901 5049 3101 5119 σάρκα
3147 5049 3301 5119 ζῆτε,
3334 5052 3587 5117 μέλλετε
3614 5053 3882 5119 (incerti.

2296 5158 2490 5199 σχειν.
2533 5170 2605 5185 --
2650 5142 2815 5197 Κατὰ
2840 5140 3058 5212 σάρκα,
3097 5144 3345 5198 τουτέστι
3370 5146 3484 5208 τοῖς
3529 5144 3632 5215 τῆς
3679 5144 3885 5216 σαρκὸς

1918 5391 2152 5448 VARle
2191 5392 2595 5450 LECTIONES.

676 5503 720 5536 “
745 5502 787 5555 A
809 5498 961 5578 Gsbv,
1037 5501 1086 5578 "_
1113 5502 1251 5555 οἰκεῖ
1275 5502 1539 5578 deest__in
1591 5507 1633 5557 A
1667 5503 1812 5578 ct__in
1850 5513 2086 5578 utroque
2116 5506 2235 5562 loco
2265 5522 2298 5578 ε
2336 5507 2577 5578 Dialogis
2640 5507 2970 5564 Theodoreti
3001 5510 3189 5565 citato.

603 5575 721 5627 ⁸³τ.
771 5587 822 5623 σ.
871 5571 1033 5627 habet
1059 5572 1104 5625 Α
1136 5580 1189 5627 et
1213 5575 1396 5628 versio
1427 5574 1649 5628 Hervel.
1701 5571 2228 5631 SirmondXTextus
2258 5575 2425 5633 Sirm.
2446 5571 2625 5631 τόῦτο.
2703 5581 2748 5613 ⁸⁵
2784 5583 2896 5634 ὲντ.
2932 5580 3086 5635 deest
3114 5583 3169 5635 in
3203 5582 3267 5635 Δ.

3294 5511 3339 5543 ⁶⁹
3367 5512 3407 5564 Α
3439 5511 3526 5583 διὰ
3572 5511 3874 5583 ἁμαρτίας.

3372 5583 3419 5614 ⁸⁸
3448 5581 3505 5635 in
3533 5581 3632 5636 cit.
3669 5581 3874 5651 dialog.

598 5644 772 5720 _lcg.
794 5659 813 5720 _:
926 5672 991 5683 —
1017 5643 1331 5720 ἐγείραντος
1374 5645 1505 5720 ’1ησ.
1538 5645 2101 5720 Χριστὸν-οᾷίκεξί--διᾲ
2130 5647 2225 5701 τοῦ
2252 5646 2588 5720 ενοικοῦντος
2615 5649 2782 5720 αὐτοῦ
2820 5650 3135 5720 Πνεύματος
3162 5653 3219 5705 ὲν
3252 5653 3400 5720 ὑμῖν.
3428 5652 3533 5707 Sed
3565 5651 3768 5720 dialog.
3790 5641 3873 5704 ῖς

692 5712 1096 5793 ἐγείροντος
1226 5713 1379 5793 19c
1392 5712 1746 5793 ⁸τῶνμνεκρῶν
1773 5716 1881 5793 ausu
1904 5717 2036 5793 ύμΊ
2050 5716 2378 5788 ζωοποιήσει
2409 5749 2478 5761 —-
2499 5719 2586 5772 διὰ
2638 5719 2732 5773 τοῦ
2788 5712 3126 5785 ἐνοικοῦντος
3176 5738 3229 5775 α.
3283 5712 3603 5793 Ῐινεύματος
3657 5712 3744 5779 ἐν’
3770 5721 3871 5793 ὑμ.

598 5784 646 5817 ⁶⁷
676 5784 721 5837 Α
757 5776 1093 5856 Ψύχαγωγεῗ
1114 5783 1193 5839 δέ.
1298 5785 1343 5818 ⁸⁸
1377 5786 1421 5838 Α
1448 5776 1681 5838 δίδωσιν.
1781 5785 1825 5817 ⁶⁹
1854 5787 1899 5839 Α
1927 5776 2133 5854 ἀγῶνα.
