4124 6400
576 354 680 426 135

1552 360 2045 451 memorum
2083 361 2424 428 EPISCOPI
2455 367 2821 434 CYRENSIS

3721 373 3822 444 136

573 478 886 531 Creatorem
913 491 927 529 :
954 473 1233 531 nescimus
1251 484 1429 533 autem
1457 489 1661 547 quanta
1686 480 1760 533 sit
1787 462 1931 533 iutcr
1955 496 2056 535 nos
2090 489 2134 534 et

2246 479 2369 534 οὔτε
2421 486 2570 552 ἡμᾶς
2598 488 2796 552 αὐτοὺς
2857 488 3101 560 ἀκριϐῶς
3130 489 3514 561 ἐπιστάμενοι,
3538 490 3634 548 καὶ
3656 493 3821 553 αὐτοῦ

575 563 759 635 ipsum
800 561 1143 632 dili‘erentia,
1178 566 1275 636 qui
1311 580 1415 622 nec
1461 567 1723 637 nosipsos
1761 568 2003 638 perfecte
2049 585 2148 624 no-

572 654 775 720 vimus,
808 661 863 708 et
891 655 1014 724 ejus
1044 665 1293 711 naturam
1325 658 1548 727 penitus
1581 658 1924 730 ignoramus.

645 738 815 798 Vens.
853 742 938 798 16.
974 741 1098 813 Ipse
1121 745 1262 798 enim
1292 744 1526 816 Spiritus
1561 749 1925 803 testimonium
1970 749 2145 804 reddit

573 832 789 901 spiritui
821 843 1022 901 nostro,
1063 834 1201 905 quod
1237 853 1423 891 sumus
1453 837 1559 905 ﬁlii
1585 837 1704 894 Dei.
1740 839 1995 910 Appellat
2017 841 2148 910 Spi-

574 922 762 989 ritum,
797 931 1048 978 naturam
1079 925 1311 994 spiritus
1336 945 1351 980 :
1374 927 1629 997 spiritum
1649 935 1833 983 autem
1866 938 2143 998 nostrum,

572 1012 755 1068 datam
784 1014 1013 1083 gratiam
1046 1030 1059 1066 :
1096 1015 1210 1071 haec
1249 1018 1396 1071 enim
1447 1019 1730 1088 mquivoce
1770 1022 2144 1091 appellantur.

574 1106 715 1160 Dicit
743 1118 925 1161 autem
954 1122 1056 1163 nos
1080 1107 1318 1187 spiritali
1360 1109 1629 1168 doctrina:
1659 1112 1982 1170 obcdientes
2014 1129 2144 1169 ora-

571 1198 775 1252 tionem
810 1197 1031 1253 offerre.
1066 1197 1179 1254 lioc
1207 1215 1341 1254 vero
1382 1210 1608 1273 agentes
1632 1218 1742 1257 non
1782 1205 2145 1276 repreliendi-

570 1304 717 1353 mur,
760 1289 888 1359 quia
915 1303 981 1343 ex
1011 1289 1130 1360 lege
1156 1290 1344 1345 divina
1376 1292 1429 1346 id
1457 1291 1717 1349 facimus.

640 1375 808 1435 Vens.
839 1378 924 1433 17.
976 1377 1035 1434 Si
1082 1391 1261 1436 autem
1302 1383 1432 1452 ﬁlii,
1463 1392 1513 1438 et
1535 1383 1790 1442 heredes.
1837 1385 1961 1443 Non
2005 1387 2146 1446 satis

571 1465 733 1522 nobis
768 1464 874 1522 fuit
904 1482 933 1521 a
963 1467 1232 1525 servitute
1259 1469 1504 1540 liberari,
1522 1480 1578 1528 et
1614 1474 1886 1531 libertatis
1906 1477 2142 1548 gratiam

574 1559 840 1633 assequi:
889 1560 988 1618 sed
1036 1560 1274 1619 ﬁliorum
1314 1565 1481 1620 etiam
1531 1566 1849 1638 adoptionis
1877 1569 2146 1642 dignitate

572 1650 753 1701 ornati
784 1662 1018 1717 sumus;
1052 1660 1108 1705 et
1140 1666 1248 1706 non
1275 1652 1456 1708 solum
1490 1656 1751 1726 appellati
1788 1674 1984 1715 sumus
2020 1658 2143 1725 lilii,

572 1737 669 1792 sed
707 1738 871 1793 etiam
899 1738 989 1794 Dei
1017 1740 1282 1807 haeredes,
1319 1751 1375 1799 et
1412 1744 1523 1815 87
1545 1746 1865 1806 οοιιαξτοόθε
1898 1748 2141 1807 Christi.

2248 570 2347 642 τὴν
2369 560 2533 643 φῦσιν
2563 576 2845 641 παντελῶς
2876 578 2951 649 μὴ
2981 560 3365 646 γινώσκοντες.

2323 734 2416 793 ις’.
2445 730 2605 785 Αὐτὸ
2629 730 2739 801 γὰρ
2765 732 2833 787 τὸ
2855 734 3097 805 Πνεῦμα
3115 740 3532 808 συμμαρτυρεῖ
3550 740 3630 807 τῷ
3648 744 3822 800 erreti-

2249 832 2387 877 ματι
2415 819 2604 888 ἡμῶν,
2631 820 2723 875 ὅτι
2772 821 2963 892 ἐσμὲν
2991 827 3174 881 τέκνα
3213 826 3380 883 Θεοῦ.
3412 828 3635 902 Πνεῦμα
3669 834 3825 888 καλεῖ

2249 907 2347 979 τὴν
2374 909 2535 977 φύσιν
2566 912 2660 965 τοῦ
2693 914 3013 984 ΙΙνεὺματος
3032 934 3045 949 ·
3076 914 3294 990 πνεῦμα
3315 918 3373 974 δὲ
3407 916 3584 992 ἡμῶν,
3615 922 3712 995 τὴν
3733 922 3820 978 δε-

2248 996 2480 1070 δομένην
2543 1002 2702 1073 χάριν
2734 1021 2747 1034 ·
2791 1005 3097 1078 ὁμωνύμως
3154 1009 3266 1080 γὰρ
3318 1008 3495 1065 ταῦτα
3552 1008 3818 1070 καλεῖται.

2249 1090 2412 1159 Λέγει
2437 1091 2494 1144 δὲ
2524 1093 2606 1146 ὅτι
2637 1097 2705 1165 τῇ
2758 1100 3100 1169 πνευματικῇ
3142 1099 3463 1173 διδασκαλίᾳ
3507 1102 3821 1176 πειθόμενοι

2247 1184 2629 1256 προσφέρομεν
2656 1186 2753 1257 τὴν
2790 1188 2982 1259 εὐχήν·
3012 1192 3074 1244 οὐ
3107 1192 3555 1264 κατηγορούμεθα
3580 1196 3638 1250 δὲ
3665 1196 3822 1253 τοῦτο

2248 1272 2563 1337 ποιοῦντες,
2595 1277 2781 1349 ἐπειδὴ
2814 1279 2957 1334 κατά
2993 1281 3152 1351 νόμον
3196 1282 3338 1338 θεῖον
3375 1285 3750 1357 ἐπιτελοῦμεν.

2319 1364 2403 1429 ιζ’.
2434 1369 2504 1419 El
2526 1365 2595 1421 δὲ
2646 1367 2853 1434 τέκνα,
2887 1370 2986 1425 καὶ
3030 1372 3410 1444 κληρονόμοι.
3450 1377 3565 1430 Οὐκ
3588 1378 3827 1450 ἤρκεσεν

2245 1456 2394 1529 ἡμᾶς
2411 1459 2458 1491 ⁷³
2485 1459 2520 1530 ἠ
2556 1458 2655 1531 τῆς
2680 1460 2924 1527 δουλείας
2963 1464 3276 1536 ἀπαλλαγὴ,
3307 1465 3429 1520 οὐδὲ
3475 1466 3578 1538 τῆς
3606 1469 3825 1524 ἐλευθε-

2247 1549 2368 1621 ρίας
2391 1552 2425 1620 ή
2455 1551 2635 1621 χάρις,
2659 1552 2794 1607 ἀλλὰ
2828 1554 2925 1610 καὶ
2952 1554 3031 1627 τῷ
3076 1554 3176 1628 τῆς
3204 1556 3477 1624 υἱοθεσίας
3513 1560 3824 1634 ἑκοσμήθηυ

2248 1656 2348 1710 μεν
2365 1640 2413 1673 τ’
2442 1639 2745 1713 ἀξιώματιο
2778 1643 2876 1698 καὶ
2923 1644 2986 1700 οὐ
3024 1647 3183 1719 μόνον
3230 1649 3336 1704 uio!
3375 1651 3826 1725 προσηγορεύθη-

2251 1750 2373 1804 μεν,
2411 1734 2550 1790 ἀλλά
2598 1737 2695 1791 καὶ
2720 1737 2858 1792 Θεοῦ
2904 1738 3254 1811 κληρονόμοι,
3288 1740 3387 1795 καὶ
3428 1742 3665 1812 Χριστοῦ
3701 1758 3827 1813 συγο

571 1827 686 1883 lioc
714 1830 857 1886 enim
880 1830 1183 1902 subjunxit,
1214 1814 1447 1892 Ittzredes
1473 1814 1686 1907 quidem
1708 1839 1829 1906 Dei,
1849 1842 2134 1898 coherede:

2252 1826 2599 1897 κληρονόμοι.
2629 1827 2798 1882 Τοῦτο
2827 1829 2936 1899 γὰρ
2987 1830 3233 1902 ἐπήγαγε
3253 1848 3266 1862 “
3297 1834 3671 1904 κληρονόμοι
3705 1837 3826 1905 μὲν

568 1935 688 1974 vero
718 1918 938 1976 Christi.
981 1919 1253 1988 Quoniam
1295 1941 1407 1982 non
1440 1930 1622 1985 omnis
1654 1930 1799 1987 illius
1839 1939 1926 1988 cst
1969 1933 2134 1990 haeres

2253 1918 2421 1985 Θεοῦ,
2455 1922 2938 1991 συγκληρονόμοι
2971 1920 3040 1974 δὲ
3067 1921 3346 1990 Χριστοῦ.
3385 1924 3602 1993 Ἐπειδὴ
3627 1926 3689 1978 οὐ
3715 1925 3825 1988 πᾶς

568 2009 690 2078 ejus
723 2011 815 2082 qui
860 2027 984 2068 eum
1019 2017 1348 2084 procreavit,
1389 2020 1587 2075 merito
1641 2021 1863 2077 divinus
1907 2022 2134 2093 Aposto-

2251 2012 2365 2074 υἱὸς
2388 2011 2723 2084 κληρονόμος
2751 2012 2843 2066 τοῦ
2865 2013 3131 2082 φύσαντος
3152 2014 3376 2083 γίνεται,
3395 2016 3617 2080 εἰκότως
3635 2018 3664 2069 ὁ
3680 2017 3828 2081 θεῖος

568 2102 657 2159 ius
696 2117 819 2158 cum
851 2103 1085 2159 ﬁliorum
1113 2108 1407 2178 adoptione
1426 2110 1802 2168 bmreditatem
1829 2113 2134 2185 conjunxit.

2263 2102 2585 2168 Ἀπόστολος
2613 2106 2680 2177 τῇ
2714 2104 2954 2178 υίοθεσίᾳ
2989 2105 3087 2177 τὴν
3113 2105 3480 2179 κληρονομίαν
3511 2107 3823 2174 συνέζευξε.

570 2193 633 2247 Et
671 2195 930 2263 quoniam
961 2210 1105 2266 saepe
1137 2199 1301 2253 etiam
1329 2199 1571 2256 famulus
1597 2203 1801 2275 accipit
1834 2205 2073 2275 aliquam
2108 2220 2134 2259 a

2250 2196 2358 2249 Καὶ
2382 2194 2568 2267 ἐπειδὴ
2606 2196 2865 2261 πολλάκις
2896 2198 2989 2251 καὶ
3022 2197 3236 2270 οἰκέτης
3264 2196 3476 2270 δέχεταί
3502 2216 3624 2255 τινα
3668 2200 3828 2272 παρὰ

564 2283 798 2340 Domino
831 2285 1230 2357 hereditatem,
1273 2305 1383 2345 non
1421 2300 1606 2348 tamen
1641 2294 1733 2349 lilii
1782 2310 2019 2352 consors
2047 2310 2139 2352 re-

562 2375 878 2447 linquitur,
942 2381 1263 2438 necessario
1319 2382 1569 2453 adjecit,
1611 2384 1901 2439 coltceredes
1963 2397 2140 2441 autem

564 2465 784 2534 Christi,
816 2475 878 2523 ut
914 2469 1038 2540 ejus
1082 2471 1511 2530 inenarrabilem
1560 2456 1959 2532 humanitatem
1995 2488 2141 2550 pate-

564 2557 751 2616 faciat.
786 2559 847 2617 Si
871 2571 1044 2618 tamen
1078 2566 1450 2635 compatimur,
1479 2576 1536 2621 ut
1562 2577 1611 2623 et
1646 2571 2128 2642 congloriﬁcentur.

500 2704 507 2709 .
563 2650 685 2707 Non
712 2653 860 2707 enim
901 2668 1114 2720 omnes,
1144 2657 1238 2726 qui
1284 2658 1517 2713 salutari
1552 2661 1882 2731 baptismate
1925 2665 2137 2736 dignati

568 2750 721 2811 sunt,
749 2744 836 2801 bis
877 2745 1040 2803 bonis
1069 2745 1358 2815 fruuntur,
1392 2750 1490 2806 sed
1519 2752 1612 2822 qui
1652 2762 1918 2822 prmterca
1950 2754 2138 2813 Domi-

566 2833 819 2890 nicarum
849 2849 1070 2907 quoque
1087 2838 1407 2909 passionum
1440 2844 1763 2901 societatem
1801 2848 2133 2920 suscipiunt.

564 2924 681 2984 Hoc
725 2933 911 2984 autem
965 2944 1073 2986 non
1123 2939 1330 2989 temere
1374 2936 1658 3005 apposuit,
1688 2937 1785 2993 sed
1820 2938 1888 2994 ad
1938 2956 2133 2998 eorum

563 3020 764 3091 quibus
793 3021 1072 3077 scribebat
1095 3023 1554 3082 consolationem.
1585 3025 1953 3087 Sustinebant
1986 3034 2134 3089 enim

561 3110 743 3166 omnis
762 3111 980 3184 generis
998 3114 1365 3168 lentationum
1392 3115 1654 3182 iusultus,
1680 3118 1899 3189 injuriis
1931 3117 2133 3186 affecti,

562 3203 857 3259 tormentis
900 3203 1106 3270 vexati,
1131 3206 1150 3229 '
1191 3212 1246 3261 et
1289 3204 1343 3260 in
1373 3220 1624 3263 carceres
1667 3210 1929 3279 conjecli,
1972 3220 2026 3267 et
2057 3212 2138 3265 in-

563 3295 924 3350 numerabilia
954 3296 1148 3353 mortis
1166 3311 1370 3368 genera
1396 3299 1747 3359 sufferentes.
1770 3302 2139 3367 Quamobrem

561 3384 732 3439 verba
761 3385 924 3439 etiam
951 3386 1320 3442 consolatorie
1355 3389 1625 3462 adjungit,
1657 3407 1724 3448 ex
1764 3389 1968 3449 fulturis
2003 3410 2138 3450 con-

562 3475 771 3541 solans,
797 3484 855 3533 et
893 3475 962 3532 ad
992 3480 1285 3549 praesentia
1318 3480 1445 3537 forti
1473 3483 1658 3539 animo
1684 3483 1906 3541 ferenda
1935 3487 2136 3543 adhor-

561 3574 615 3621 ta
625 3581 713 3623 ns.

632 3675 800 3733 Vens.
832 3677 919 3732 18.
945 3677 1209 3735 Existimo
1236 3682 1373 3735 enim
1404 3684 1544 3754 quod
1569 3699 1675 3738 non
1696 3691 1822 3739 sunt
1855 3684 2132 3757 condigme

560 3769 833 3839 passiones
862 3767 1020 3838 hujus
1051 3772 1303 3841 temporis
1337 3773 1408 3827 ad
1442 3773 1683 3843 futuram
1708 3774 1959 3845 gloriam,
2014 3792 2135 3846 quat

561 3857 877 3913 revelabitur
923 3860 980 3913 in
1030 3860 1204 3917 nobis.
1231 3860 1510 3932 Superant
1554 3866 1858 3921 certamina
1893 3882 2131 3934 coronae,

562 3963 670 4003 non
706 3956 1100 4018 comparantur
1128 3965 1257 4006 cum
1280 3951 1565 4008 laboribus
1592 3955 2083 4033 remunerationes
2114 3973 2130 4010 :

561 4054 760 4110 parvus
792 4049 876 4094 est
916 4039 1092 4106 labor,
1134 4041 1228 4097 sed
1258 4056 1518 4113 magnum
1544 4043 1791 4110 lucrum,
1827 4044 1976 4116 quod
2006 4060 2133 4115 spe-

563 4139 740 4184 ratur.
769 4126 834 4183 Et
854 4138 1145 4200 propterea
1176 4146 1285 4186 non
1310 4133 1639 4201 mercedem,
1663 4135 1760 4191 sed
1776 4134 2009 4206 gloriam
2038 4149 2132 4190 vo—

559 4220 708 4275 cavit
737 4233 800 4275 ea
827 4236 948 4291 quae
980 4229 1391 4292 exspectantur.

629 4310 796 4369 Vens.
830 4313 918 4368 i9.
956 4312 1101 4368 Nam
1125 4318 1446 4387 exspectatio
1476 4326 1736 4374 creaturae
1756 4317 2130 4374 reuelationem

558 4402 792 4476 filiorum
822 4403 920 4458 Dei
951 4414 1238 4474 exspectat.
1267 4404 1389 4461 Non
1415 4407 1638 4470 videtis,
1675 4409 1879 4479 inquit,
1899 4410 2126 4477 caelum,

2246 2285 2340 2339 τοῦ
2370 2283 2628 2339 δεσπότου
2654 2287 2874 2358 κλῆρον,
2907 2288 2968 2341 οὐ
2995 2289 3099 2359 μὴν
3131 2287 3383 2353 κοινωνὸς
3411 2291 3824 2362 καταλιμπάνει·

2251 2392 2343 2430 ται
2362 2377 2458 2431 τοῦ
2482 2378 2690 2443 παιδὸς,
2723 2377 3034 2448 ἀναγκαίως
3069 2380 3444 2451 προστέθεικε,
3475 2387 3828 2454 συγκληρο-

2244 2469 2416 2539 νόμοι
2447 2470 2516 2524 δὲ
2542 2472 2821 2541 Χριστοῦ,
2846 2472 2934 2526 ἵνα
2967 2472 3061 2543 τὴν
3087 2473 3362 2544 ἄφραστον
3407 2474 3828 2547 φιλανθρωπίαν

2245 2562 2531 2634 γυμνὼσῃ.
2570 2564 2754 2633 Εἴπερ
2779 2562 3242 2635 συμπάσχομεν,
3270 2564 3372 2620 ἵνα
3396 2566 3495 2620 καί
3518 2567 3825 2634 συνδοξα-

2243 2653 2501 2725 σθῶμεν.
2528 2656 2603 2709 Οὐ
2637 2655 2743 2727 γὰρ
2770 2655 3009 2721 ἅπαντες
3024 2657 3075 2710 οί
3097 2656 3191 2710 τοῦ
3217 2658 3485 2731 σωτηρίου
3508 2658 3824 2731 βαπτίσμα-

2241 2762 2334 2810 τος
2356 2745 2676 2812 ἀξιωθέντες
2708 2746 2913 2802 τούτων
2942 2747 3272 2803 ἀπολαύουσι
3303 2749 3411 2803 τῶν
3434 2751 3671 2819 ἀγαθῶν,
3700 2752 3821 2806 ἀλλ’

2241 2840 2292 2893 oi
2323 2838 2462 2911 πρὸς
2493 2839 2668 2911 τούτῳ
2721 2841 2816 2894 καὶ
2862 2839 2962 2912 τὴν
3013 2842 3298 2896 κοινωνίαν
3322 2841 3430 2896 τῶν
3471 2843 3821 2898 Δεσποτικῶν

2244 2929 2587 3003 παθημάτων
2637 2932 3079 3003 καταδεχόμενοι.
3138 2933 3310 2987 Τοῦτο
3365 2933 3425 2988 δὲ
3473 2934 3572 3005 οὐχ
3628 2934 3821 2999 ἁπλῶς

2242 3021 2628 3093 προστέθεικεν
2653 3064 2667 3089 ,
2698 3022 2814 3077 ἀλλ’
2858 3024 2939 3088 είς
2986 3023 3345 3095 ψυχαγωγίαν
3372 3023 3482 3080 τῶν
3524 3025 3593 3080 τὰ
3635 3028 3821 3098 γράμ-

2244 3113 2448 3183 ματα⁷⁸
2472 3114 2797 3186 δεχομένων.
2829 3115 3184 3179 Παντοδαπός
3214 3116 3325 3188 γὰρ
3356 3115 3598 3188 ἐδέχοντο
3621 3136 3823 3191 πειρα-

2244 3205 2398 3276 σμῶν
2446 3206 2774 3278 προσϐολὰς,
2824 3206 3178 3278 αἰκιζόμενοι,
3209 3209 3304 3261 καὶ
3359 3207 3818 3281 στρεϐλούμενοι,

2241 3298 2336 3350 καὶ
2367 3298 2803 3370 καθειργόμενοι,
2837 3299 2931 3352 καὶ
2974 3299 3145 3371 μυρία
3181 3299 3424 3353 θανάτων
3452 3299 3821 3371 ὑπομένοντες

2239 3386 2376 3453 εἴδη.
2409 3381 2483 3444 Οὗ
2511 3390 2575 3461 δὴ
2598 3390 2757 3463 χάριν
2780 3389 3265 3463 παραμυθητικοὺς
3289 3389 3564 3460 ἐξυφαίνει
3595 3390 3818 3460 λόγους,

2239 3479 2346 3533 ἀπὸ
2370 3478 2479 3533 τῶν
2508 3481 2808 3551 μελλόντων
2829 3480 3195 3552 ψυχαγωγῶν,
3214 3483 3309 3536 καὶ
3340 3482 3527 3555 φέρειν
3550 3485 3819 3553 γενναίως

2236 3575 2303 3628 τὰ
2336 3574 2581 3647 παρόντα
2624 3576 2978 3649 παρακαλῶν.
3804 3642 3808 3646 _

2309 3672 2399 3737 ιη’.
2422 3667 2729 3738 Λογίζομαι
2756 3668 2867 3739 γὰρ
2917 3667 3006 3723 ὅτι
3052 3670 3163 3724 οὐκ
3209 3668 3349 3735 ἀξια
3381 3670 3455 3725 τὰ
3495 3670 3821 3740 παθήματα

2234 3758 2343 3813 τοῦ
2365 3759 2483 3814 νῦν
2511 3761 2720 3831 καιροῦ
2745 3759 2895 3830 πρὸς
2926 3761 3044 3830 τὴν
3065 3760 3425 3831 μέλλουσαν
3451 3762 3640 3828 δόξαν
3661 3763 3818 3818 ἀπο-

2233 3852 2646 3908 καλύπτεσθαι
2671 3853 2755 3917 είς
2786 3848 2962 3920 ἡμᾶς.
2993 3849 3406 3921 ’Υπερϐαίνουσι
3435 3851 3560 3916 τοὺς
3591 3850 3818 3920 ἀγῶνας

2233 3943 2283 3997 οί
2317 3943 2592 4012 στέφανοι,
2628 3943 2690 3996 οὐ
2729 3941 3109 4014 συγκρίνονται
3148 3944 3261 4005 τοῖς
3309 3943 3488 4006 πόνοις
3512 3943 3568 3996 αἱ
3599 3943 3823 4014 ἁντιδόέ

2236 4051 2381 4098 σειςο
2425 4034 2710 4107 σμικρδςό
2737 4034 2917 4099 πόνος,
2944 4034 3101 4105 ,ἀλλὰ
3152 4034 3288 4089 πολὺ
3344 4035 3407 4089 τὸ
3455 4033 3815 4105 ἐλπιζόμενον

2233 4125 2445 4198 κέρδος.
2467 4124 2567 4179 Διά
2588 4140 2671 4177 τοι
2692 4122 2867 4186 τοῦτο,
2884 4125 2947 4177 οὐ
2975 4123 3183 4195 μισθὸν,
3201 4123 3335 4179 ἀλλά
3357 4123 3515 4192 δόξαν
3540 4126 3610 4179 τὰ
3637 4141 3815 4196 προσ-

2229 4217 2509 4286 δοκῶμενα
2556 4215 3010 4288 προσηγόρευσεν.

2306 4306 2391 4361 ιθ¹.
2451 4307 2514 4363 Ἠ
2558 4306 2668 4377 γὰρ
2718 4307 3167 4376 ἀποκαραδοκία
3207 4306 3318 4377 τῆς
3377 4308 3632 4375 κτίσεως
3687 4307 3814 4379 τὴν

2231 4398 2623 4468 ἀποκάλυψιν
2676 4398 2794 4453 τῶν
2851 4399 2998 4453 υἱῶν
3031 4399 3138 4453 τοῦ
3189 4397 3338 4453 Θεοῦ
3390 4398 3809 4467 ἀπεκδέχεται.

559 4505 787 4561 terram,
832 4511 1001 4564 mare,
1061 4510 1269 4562 aerem,
1319 4499 1517 4564 solem,
1567 4497 1778 4563 lunam,
1829 4508 1884 4555 et
1907 4515 2123 4558 omnem

2238 4489 2344 4560 Οὐχ
2396 4491 2580 4561 ὁρᾶτε,
2630 4490 2814 4561 φησιν,
2841 4489 3090 4561 οὐρανὸν,
3142 4491 3265 4559 γῆν,
3319 4489 3608 4554 θάλατταν,
3639 4490 3809 4563 ἀέρα,

556 4601 682 4657 quae
721 4587 898 4643 oculis
939 4588 1184 4644 cernitur
1228 4597 1560 4655 creaturam,
1588 4601 1643 4645 et
1692 4606 1815 4662 qua:
1862 4600 2127 4661 praterea

557 4677 661 4732 sub
727 4679 905 4733 visum
958 4694 1069 4734 non
1125 4679 1354 4746 cadunt,
1400 4682 1662 4751 Angelos,
1724 4684 2126 4757 Archangelos,

558 4763 826 4832 Virtutes,
897 4768 1278 4839 Principatus,
1342 4769 1458 4841 88
1493 4769 1965 4830 Dominalioncs?
2010 4776 2126 4834 haec

554 4858 739 4912 omnia
772 4868 1010 4914 vestram
1041 4859 1432 4931 perfectionem
1464 4871 1810 4933 exspectant.

626 4948 793 5005 Vsus.
835 4948 928 5004 20.
985 4949 1230 5004 Vanitati
1277 4952 1417 5005 enim
1458 4961 1705 5008 creatura
1743 4955 1982 5028 subjecta
2026 4970 2127 5029 est,

555 5057 657 5094 non
688 5042 882 5105 volens,
916 5038 1006 5095 sed
1034 5049 1244 5109 propter
1277 5056 1396 5095 eum
1418 5044 1509 5112 qui
1533 5041 1757 5113 subjecit
1785 5062 1904 5101 eam
1930 5050 1985 5104 in
2013 5066 2123 5121 spe.

553 5128 864 5187 Vanitatem
908 5131 1147 5201 appellat
1168 5132 1599 5202 corruptionem.
1634 5132 1750 5190 Hoc
1773 5137 1918 5191 enim
1961 5143 2125 5210 paulo

553 5232 677 5291 post
727 5223 887 5277 docet
928 5221 1046 5276 fore
1081 5230 1140 5274 ut
1178 5222 1345 5276 etiam
1400 5223 1518 5293 ipsa
1571 5237 1824 5282 creatura
1861 5228 2129 5285 liberetur

554 5327 585 5365 ιι
635 5312 903 5367 servitute
936 5310 1316 5380 corruptionis
1344 5351 1358 5367 .
1390 5312 1560 5369 Docet
1598 5324 1781 5372 autem
1823 5320 1969 5387 quod
2011 5336 2129 5376 om-

551 5405 660 5469 nis,
687 5419 810 5473 quae
833 5400 1068 5463 videtur,
1103 5411 1377 5471 creatura,
1411 5406 1696 5461 mortalem
1726 5416 1976 5465 naturam
1999 5427 2121 5467 sor-

552 5492 648 5546 tim
680 5492 752 5547 sit
779 5506 793 5554 ;
826 5488 1086 5558 quoniam
1115 5490 1500 5547 universorum
1523 5498 1755 5551 Creator
1783 5501 2119 5568 praevidebat

2230 4581 2402 4653 ἥλιον,
2439 4582 2687 4654 σελήνην,
2738 4583 2917 4636 πᾶσαν
2971 4582 3071 4653 τὴν
3123 4582 3673 4655 ὁρωμένηνοκτίσιν,
3706 4584 3809 4637 καὶ

2230 4673 2367 4742 πρὸς
2393 4671 2601 4735 τούτοις
2632 4672 2860 4743 ἀόρατα,
2901 4672 3208 4741 Ἀγγέλους,
3245 4671 3660 4743 Ἀρχαγγέλους,
3695 4674 3805 4726 Δυ-

2227 4767 2440 4836 νάμεις,
2484 4764 2781 4831 Ἐξουσίας,
2828 4765 3201 4835 Κυριότητας;
3247 4763 3431 4819 Ταῦτα
3480 4765 3658 4820 πάντα
3702 4763 3805 4835 τὴν

2200 4855 2498 4927 ’ὑμετέραν
2530 4856 2826 4927 προσμένει
2857 4855 3153 4908 τελείωσιν.

2299 4956 2366 5004 κ’.
2402 4948 2481 5017 Τῇ
2515 4949 2624 5019 γὰρ
2675 4949 3018 5018 ματαιότητι
3046 4948 3080 5015 ἡ
3130 4948 3329 5017 κτίσις
3364 4949 3653 5019 ὑπετάγη,
3682 4951 3802 5020 οὐχ

2225 5042 2476 5109 ἑκοῦσα,
2509 5042 2669 5098 ἀλλὰ
2721 5041 2819 5097 διὰ
2865 5041 2973 5095 τὸν
3024 5041 3408 5107 ὑποτάξαντα
3451 5043 3543 5096 ἐπ’
3572 5041 3799 5098 ἐλπίδι.

2226 5136 2580 5206 Ματαιότητα
2610 5134 2766 5188 καλεῖ
2792 5134 2891 5205 τὴν
2920 5133 3145 5205 φθοράν.
3174 5132 3344 5188 Τοῦτο
3367 5135 3475 5205 γάρ
3498 5134 3615 5204 μετ’
3642 5133 3801 5202 ὀλίγα

2225 5229 2485 5294 διδάσκει,
2503 5229 2584 5282 ὅτι
2614 5231 2706 5282 καὶ
2737 5227 2874 5297 αὐτὴ
2896 5227 2930 5297 ἡ
2961 5226 3138 5289 κτίσις
3163 5225 3659 5297 ἐλευθερωθήσεται
3688 5228 3802 5281 ἀπὸ

2224 5323 2327 5392 τῆς
2371 5321 2613 5384 δουλείας
2659 5320 2757 5389 τῆς
2797 5319 3021 5390 φθορᾶς.
3053 5319 3301 5373 Διδάσκει
3340 5318 3417 5386 δὲ,
3451 5317 3526 5384 ὼς
3570 5320 3715 5372 πᾶσα
3762 5321 3798 5389 ἡ

2229 5413 2403 5475 κτίσις
2425 5414 2457 5481 ή
2480 5409 2733 5481 ὁρωμένη
2754 5408 2952 5480 θνητὴν
2976 5409 3134 5479 ἔλαχε
3153 5408 3334 5477 φύσιν·
3357 5408 3656 5478 ἐπειδήπερ
3685 5408 3799 5461 τῶν

2226 5504 2363 5559 ὅλων
2392 5506 2421 5557 ό
2445 5503 2680 5572 Ποιητής
2706 5499 2957 5572 προεώρα
2989 5499 3081 5553 τοῦ
3125 5499 3294 5572 Ἀδὰμ
3332 5501 3429 5569 τὴν
3462 5498 3797 5572 παράϐασιν,

1846 5674 2079 5733 VARUE
2116 5679 2518 5738 LECTIONES.

612 5756 658 5792 τ’
685 5758 728 5810 Α
764 5757 917 5827 ἡμῖν.
996 5760 1041 5791 ’⁸
1071 5763 1116 5816 Α
1154 5762 1464 5835 ἐκοσμήθη.
1562 5767 1606 5800 ⁷³
1631 5768 1685 5819 .A
1729 5769 2051 5839 πράγματα.
