4124 6436
458 393 558 472 143

1450 400 1941 468 THEODORETI
1972 396 2313 462 EPISCOPI
2339 404 2706 467 CYRENSIS

3631 399 3733 466 ιιι

453 524 608 576 tiam.
636 519 908 576 Ceterum
946 536 1110 577 nemo
1139 521 1528 593 pratscientian
1569 520 1765 575 horum
1812 531 2030 574 causam

2150 514 2339 584 μηδεὶς
2390 516 2488 587 τὴν
2534 517 2873 587 προγνωσίαι.
2912 518 2956 549 ⁸⁸
2997 517 3179 571 αἰτίαν
3206 509 3346 570 εἶναι
3389 514 3595 570 τούτων
3643 520 3734 567 λε-

452 627 577 668 csse
606 611 777 667 dicat.
830 612 947 668 Non
987 613 1135 670 enim
1164 613 1514 687 praescieutia
1541 628 1638 668 cos
1673 612 1814 667 tales
1836 608 2037 674 effecit,

456 703 551 757 sed
590 702 735 758 Deus
761 717 824 758 ea
850 718 969 774 qua:
1019 702 1205 758 futura
1268 711 1429 759 erant
1455 702 1648 774 procul
1676 701 1961 772 prospexit
1984 707 2043 755 ut

457 793 621 852 Deus.
640 792 827 866 Neque
842 795 1007 861 enim,
1028 794 1073 851 si
1099 793 1336 851 ferocem
1359 808 1562 865 equum
1587 792 1800 859 videns,
1824 791 2039 848 frenum

455 886 823 952 mordentem,
844 896 897 943 et
919 903 1191 945 sessorem
1209 887 1792 953 minimetolerantem,
1805 884 2039 940 dixerim

451 992 578 1030 eum
618 980 924 1050 praecipitio
964 980 1499 1051 appropinquantem
1529 994 1814 1044 casurum,
1842 977 2041 1033 deinde

453 1067 506 1121 id
535 1071 683 1139 quod
732 1071 843 1126 dixi
880 1073 1148 1137 evenerit,
1205 1089 1408 1144 equum
1441 1088 1541 1143 ego
1582 1073 1637 1127 in
1670 1071 2039 1142 praecipitium

450 1161 687 1230 coujcci,
744 1163 838 1218 sed
879 1164 1025 1234 quod
1058 1163 1305 1219 futurqu
1342 1156 1481 1219 erat
1520 1163 1769 1235 prmdixi,
1814 1179 1878 1217 ex
1912 1162 2039 1233 equi

451 1250 657 1307 ferocia
697 1254 1074 1324 conjecturam
1114 1254 1348 1312 faciens.
1388 1246 1534 1311 Deus
1572 1263 1762 1310 autem
1817 1254 2040 1308 univer-

448 1355 636 1396 sorum
678 1344 864 1397 omnia
913 1345 1105 1415 procul
1151 1346 1325 1409 videt,
1363 1354 1423 1401 ut
1454 1346 1600 1402 Deus
1628 1364 1641 1376 -
1687 1360 1795 1400 non
1854 1352 2039 1398 tamen

452 1433 582 1490 huic
621 1434 779 1490 ali'ert
818 1436 1201 1492 necessitatem
1230 1448 1287 1492 ut
1316 1438 1579 1492 virtutem
1636 1441 1915 1499 exerceat,
1959 1434 2037 1486 illi

449 1532 630 1579 autem
681 1533 740 1578 ut
779 1528 924 1582 male
952 1536 1095 1597 agat.
1117 1524 1327 1583 Etenim
1357 1528 1401 1582 si
1430 1526 1500 1582 ad
1540 1527 1810 1582 utrumvis
1847 1540 2040 1580 eorum

449 1617 568 1685 ipse
599 1617 707 1671 vim
744 1617 923 1683 aﬂert,
964 1633 1073 1672 non
1098 1618 1226 1688 jure
1272 1618 1354 1673 vel
1396 1619 1541 1671 inme
1572 1617 1761 1671 laudat
1790 1628 1840 1669 et
1875 1630 2037 1670 coro-

448 1710 567 1764 nat.
616 1702 698 1756 vel
752 1704 806 1757 in
858 1705 1009 1758 illum
1050 1706 1380 1775 supplicium
1439 1705 1708 1760 decernit.
1738 1704 1793 1759 Si
1858 1713 2037 1757 autem

444 1790 631 1858 justus
660 1802 743 1844 est
767 1793 929 1854 Deus,
957 1804 1015 1848 ut
1041 1794 1223 1864 justus
1250 1803 1399 1849 certe
1418 1803 1525 1858 est,
1560 1796 1891 1850 adhortatur
1918 1794 2036 1860 qui-

2150 606 2312 675 γέτω.
2351 608 2426 661 Οὐ
2456 606 2565 678 γὰρ
2612 611 2645 678 ἠ
2680 608 2986 678 πρόγνωσις
3010 608 3208 672 αὐτοὺς
3235 607 3510 671 τοιούτους
3543 608 3731 677 εἱργαρ

2151 714 2307 761 σατο,
2335 698 2471 753 ἀλλὰ
2500 699 2785 771 πόρρωθεν
2802 702 2834 753 ὁ
2872 699 3006 764 Θεὸς
3033 700 3102 753 τὰ
3138 699 3370 769 ἐσόμενα
3390 694 3734 769 προεθεώρη-

2150 805 2244 842 cev
2267 789 2343 853 ὡς
2366 789 2520 852 Θεός.
2557 790 2692 844 Οὐδὲ
2715 790 2847 862 γὰρ,
2888 792 2937 843 εί
2963 788 3166 861 γαῦρον
3212 789 3379 843 ἵππον
3404 789 3545 859 ὁρῶν
3576 788 3732 841 ἐνδα-

2146 882 2317 938 κόντα
2356 882 2449 935 τὸν
2488 882 2725 953 χαλινὸν,
2793 883 2888 937 καλ⁸
2923 881 3015 936 τοῦ
3067 880 3433 953 έποχουμένου
3477 878 3733 950 οὐδαμῶς

2148 977 2498 1049 ἀνεχόμενον,
2521 977 2731 1049 εἴποιμι
2757 978 2919 1032 αὐτὸν
2944 976 3086 1031 κατὰ
3110 976 3369 1049 κρημνῶν
3384 977 3430 1008 ⁸⁷
3460 977 3731 1047 χωρήσειν

2149 1068 2478 1133 πελάζοντα,
2521 1064 2641 1122 εἶτα
2674 1070 2890 1138 γένοιτο
2922 1069 3066 1123 κατὰ
3104 1068 3195 1122 τὸν
3221 1069 3380 1137 λόγον
3414 1070 3449 1139 ἡ
3483 1066 3728 1132 ἔκϐασις,

2147 1161 2252 1215 οὐκ
2299 1160 2346 1193 ⁸⁸
2382 1163 2494 1230 ἐγὼ
2523 1162 2615 1215 τὸν
2649 1162 2815 1216 ἵππον
2847 1162 3100 1216 ἐνέϐαλον
3156 1163 3238 1225 είς
3295 1160 3561 1232 κρημνὸν,
3596 1158 3734 1213 ἀλλὰ

2148 1251 2209 1306 τὸ
2250 1252 2443 1323 μέλλον
2495 1253 2714 1309 ἔσεσθαι
2745 1254 3151 1327 προηγόρευσα,
3183 1253 3471 1325 τεκμηρίῳ
3523 1252 3733 1323 χρησά-

2152 1360 2313 1413 μενος
2338 1346 2402 1415 τῇ
2434 1343 2529 1397 τοῦ
2560 1345 2728 1398 ἵππου
2759 1344 3082 1417 θρασύτητι.
3120 1347 3179 1399 '0
3205 1344 3263 1399 δὲ
3294 1344 3401 1397 τῶν
3427 1343 3566 1397 ὅλων
3599 1343 3733 1407 Θεὸς

2150 1434 2435 1505 πόρρωθεν
2464 1432 2605 1489 οἶδεν
2634 1437 2846 1491 ἅπαντα
2877 1437 2954 1502 ὡς
2993 1438 3126 1501 Θεός
3155 1453 3170 1468 ο
3225 1437 3287 1490 οὐ
3345 1437 3454 1507 μὴν
3485 1435 3735 1506 ἀνάγκην

2148 1526 2344 1595 ἐπάγει
2367 1526 2446 1596 τῷ
2474 1526 2612 1582 δεῖνι
2642 1530 2723 1592 εἰς
2755 1528 3096 1600 κατόρθωσιν
3144 1526 3368 1599 ἀρετῆς,
3401 1526 3479 1595 τῷ
3509 1527 3642 1580 δεῖνι
3674 1527 3733 1579 δὲ

2149 1617 2230 1680 είς
2282 1618 2548 1688 ἐργασίαν
2595 1619 2816 1685 κακίας.
2878 1621 2942 1674 El
2990 1620 3100 1689 γὰρ
3145 1619 3310 1682 αὐτὸς
3355 1619 3435 1681 είς
3472 1610 3734 1689 ἑκάτερον

2150 1708 2421 1773 ἐϐιάζετο,
2464 1711 2523 1765 οὐ
2569 1711 2794 1776 δικαίως
2830 1711 2923 1764 τὸν
2951 1713 3051 1783 μὲν
3084 1709 3453 1782 ἁνακηρύττει
3482 1709 3576 1763 καὶ
3614 1726 3735 1762 613-

2151 1803 2329 1869 φανοϊ,
2362 1802 2457 1855 τοῦ
2496 1802 2552 1856 δὲ
2580 1786 3020 1872 καταψηφίζεται
3053 1803 3297 1856 κόλασιν.
3327 1800 3389 1855 Ei
3423 1800 3479 1854 δὲ
3524 1800 3734 1864 δίκαιος

450 1886 575 1938 item
606 1885 671 1939 ad
699 1901 764 1941 ea
794 1903 916 1957 quae
948 1888 1179 1944 honesta
1210 1898 1360 1956 sunt,
1383 1901 1435 1944 et
1461 1890 1713 1959 prohibet
1741 1888 2030 1942 contraria.

2149 1894 2178 1942 ὁ
2204 1892 2355 1956 Θεὸς,
2383 1893 2572 1965 ὥσπερ
2620 1890 2712 1948 οὖν
2755 1894 2987 1959 δίκαιος,
3038 1893 3336 1966 προτρέπει
3379 1892 3480 1963 μὲν
3511 1891 3605 1945 ἐπὶ
3662 1889 3733 1943 τὰ

449 1976 637 2031 laudat
688 1986 869 2033 autem
903 1995 1006 2036 eos
1036 1981 1132 2051 qui
1188 1981 1329 2035 bona
1374 1981 1607 2043 faciunt,
1646 1988 1700 2036 et
1764 1981 1920 2053 punit
1948 1994 2043 2034 eos

445 2074 540 2142 qui
595 2088 692 2127 sua
743 2083 940 2145 sponte
994 2072 1183 2131 vitium
1236 2077 1666 2147 amplectuntur.

525 2256 691 2316 Vatis.
736 2260 826 2317 3L
867 2261 1009 2329 Quid
1033 2279 1157 2336 ergo
1209 2266 1444 2320 dicemus
1509 2266 1576 2318 ad
1609 2266 1718 2320 Ita'c
1743 2268 1769 2321 .9
1797 2264 1855 2320 Si
1902 2265 2043 2317 Deus

445 2365 545 2415 pro
578 2349 751 2416 nobis,
788 2353 907 2423 quis
937 2362 1126 2409 contra
1158 2358 1298 2413 nos?
1329 2354 1468 2410 Cum
1512 2357 1679 2411 Deum
1737 2355 2043 2411 habeamus

443 2437 780 2508 adjutorem,
806 2442 1060 2501 homines
1089 2443 1491 2501 formidamus?
1553 2445 1657 2503 Per
1688 2448 1821 2503 illud
1857 2455 2041 2503 autem

449 2531 569 2599 quis
591 2533 774 2588 omnia
805 2534 969 2592 simul
994 2539 1444 2610 comprehendit.
1475 2548 1529 2595 et
1574 2540 1959 2612 imperatores,
1988 2548 2042 2596 et

440 2620 741 2692 magistros
760 2624 1088 2689 militum,et
1113 2629 1367 2699 p0pulos,
1410 2626 1522 2701 94
1548 2635 1604 2684 et
1637 2629 1823 2699 populi
1856 2638 2040 2683 recto.

441 2722 628 2779 res,et
653 2721 832 2770 totum
864 2717 1028 2773 simul
1054 2723 1244 2775 orbem
1261 2731 1556 2775 terrarum.
1608 2719 1812 2776 Deinde
1833 2720 2039 2776 benefi-

443 2803 657 2861 ciorum
692 2809 1057 2880 colophonem
1085 2811 1138 2866 in
1172 2812 1409 2867 medium
1450 2812 1676 2883 profert.

462 2896 467 2901 ’
530 2897 694 2955 Vitas.
738 2900 826 2955 52.
864 2901 970 2970 Qui
1030 2904 1191 2958 etiam
1221 2907 1455 2975 proprio.
1486 2904 1631 2961 Filio
1679 2923 1776 2961 suo
1809 2923 1913 2962 non
1943 2923 2036 2975 pe-

442 2995 628 3061 percit,
657 2993 750 3049 sed
774 3010 871 3065 pro
905 2994 1056 3050 nobis
1132 2997 1376 3053 omnibus
1437 2998 1664 3052 tradidit
1696 2998 1871 3063 illum,
1907 3016 2037 3071 quo-

441 3085 595 3141 modo
627 3101 728 3139 non
759 3087 920 3141 etiam
941 3103 1061 3141 cum
1084 3089 1179 3141 illo
1207 3090 1383 3143 omnia
1419 3089 1566 3145 nobis
1588 3092 1802 3147 donauit
1821 3095 1848 3148 γ
1878 3092 2034 3159 Quod

2147 1983 2309 2049 καλὰ,
2351 1985 2447 2037 καὶ
2476 1985 2811 2056 ἀπαγορεύει
2836 1985 3117 2048 τάναντία,
3150 1987 3366 2039 ἐπαινεί
3394 1985 3452 2038 δὲ
3476 1984 3603 2048 τοὺς
3624 1983 3733 2036 τῶν

2036 2116 2042 2122 .
2146 2075 2368 2144 ἀγαθῶν
2417 2076 2677 2149 ἐργάτας,
2730 2078 2824 2130 καὶ
2871 2079 3197 2148 τιμωρεῖται
3222 2079 3348 2140 τοὺς
3376 2076 3604 2139 ἑκόντας
3632 2074 3729 2146 τὴν

2147 2169 2346 2223 κακίαν
2367 2169 2813 2239 ἀσπασαμένους.

2217 2260 2319 2312 λα’.
2352 2258 2415 2313 Τί
2448 2254 2563 2313 οὖν
2590 2258 2849 2331 ἐροῦμεν
2892 2257 3047 2328 πρὸς
3090 2258 3322 2321 ταῦτα;
3381 2260 3459 2311 Et
3504 2260 3537 2312 ό
3585 2258 3732 2323 Θεὸς

2144 2352 2299 2422 ὑπὲρ
2325 2351 2517 2421 ἡμῶν,
2546 2353 2639 2420 τίς
2685 2353 2815 2407 καθ’
2849 2351 3019 2422 ἡμῶν
3045 2370 3063 2418 ;
3092 2351 3225 2405 Θεὸν
3255 2351 3469 2423 ἔχοντες
3508 2350 3732 2423 σύμμα-

2143 2461 2259 2516 χον,
2300 2443 2623 2513 ἀνθρώπους
2656 2443 3018 2515 δεδοίκαμεν;
3052 2445 3237 2498 Πάντα
3266 2444 3324 2498 δὲ
3350 2443 3486 2514 ὁμοῦ
3518 2461 3729 2513 συμπε-

2146 2533 2364 2605 ριέλαΰε
2388 2533 2478 2588 διὰ
2510 2533 2606 2589 τοῦ
2646 2536 2761 2600 τίς,
2786 2535 2883 2588 καὶ
2913 2535 3191 2604 βασιλέας,
3218 2535 3311 2589 καὶ
3366 2536 3727 2606 στρατηγοὺς.

2144 2628 2238 2682 καὶ
2268 2626 2495 2699 δήμους,
2525 2627 2618 2682 καὶ
2647 2628 3033 2700 δημαγωγοὺς,
3073 2628 3169 2682 καὶ
3202 2630 3384 2681 πᾶσαν
3440 2626 3577 2699 ὁμοῦ
3627 2625 3731 2696 τὴν

2141 2720 2488 2791 οἰκουμένην.
2527 2716 2661 2775 Εῐτα
2694 2720 2785 2773 τὸν
2828 2720 3111 2789 κολοφῶνα
3141 2720 3251 2774 τῶν
3287 2718 3617 2791 εὐεργεσιῶν
3646 2722 3735 2783 εἰς

2143 2814 2307 2883 μέσον
2336 2811 2605 2882 παράγει.

2210 2902 2310 2972 λβθ.
2336 2903 2435 2969 Ὄς
2470 2920 2537 2972 γε
2565 2902 2675 2958 τοῦ
2704 2901 2861 2957 ἰδίου
2920 2902 3059 2957 nae
3101 2906 3213 2959 οὐκ
3249 2903 3555 2971 ἐφείσατο,
3585 2906 3734 2959 ἀλλ’

2139 2992 2295 3063 ὑπὲρ
2344 2992 2520 3063 ἡμῶν
2567 2992 2813 3049 πάντων
2842 2990 2890 3026 ⁸⁸
2936 2993 3284 3063 παρέδωκεν
3335 2993 3541 3057 αὐτὸν,
3601 2994 3735 3060 πῶς

2137 3087 2275 3158 οὐχί
2326 3086 2426 3141 καί
2481 3086 2606 3141 σὺν
2630 3086 2794 3150 αὐτῷ
2827 3085 2900 3141 τὰ
2933 3085 3133 3140 πάντα
3180 3086 3329 3157 ἡμῖν
3363 3087 3673 3157 χαρίσεται
3712 3103 3734 3149 ;

390 3208 395 3210 τ
445 3176 632 3247 majus
701 3184 787 3232 est
836 3177 1011 3241 dedit,
1041 3181 1271 3248 etquod
1328 3180 1511 3235 minus
1542 3190 1625 3236 est
1665 3198 1775 3237 non
1826 3183 2030 3238 dabit?

2137 3178 2212 3231 Τὸ
2247 3178 2430 3249 μεῖζον
2454 3176 2645 3242 ἔδωκε,
2675 3178 2769 3231 καὶ
2794 3177 2856 3231 τὸ
2890 3178 3111 3231 ἔλαττον
3139 3178 3201 3231 οὐ
3233 3176 3540 3249 προσδώσει
3567 3196 3580 3244 ;
3620 3179 3729 3231 Τὸν

444 3267 641 3323 Filium
679 3271 913 3341 largitus
967 3279 1094 3333 ρει..
1128 3280 1179 3325 et
1223 3275 1679 3343 possessionibus
1729 3276 1971 3345 privahit
2003 3278 2028 3329 ’ἐ

2135 3270 2266 3325 Υίὸν
2316 3270 2630 3341 ἐχαρίσατο,
2683 3269 2920 3323 καὶτῶν
2970 3273 3269 3340 κτημάτων
3317 3272 3729 3341 ἀποστερήσεις

442 3360 596 3416 Scire
621 3377 853 3432 prorsus
888 3373 1108 3433 oportet
1151 3364 1294 3435 quod
1328 3382 1432 3420 una
1481 3371 1552 3422 sit
1586 3383 1821 3439 persona
1854 3367 1971 3424 Filii
2009 3387 2024 3424 :

440 3453 679 3506 humana
712 3464 896 3507 autem
934 3465 1129 3509 natura
1158 3473 1255 3527 pro
1314 3460 1474 3514 nobis
1508 3475 1537 3514 a
1585 3460 1874 3516 divinitate
1898 3461 2025 3516 data

441 3556 552 3601 est.
581 3561 600 3595 ι
641 3542 809 3600 Panis
860 3548 1029 3610 enim,
1091 3550 1288 3620 inquit,
1350 3568 1511 3622 quem
1540 3567 1642 3619 ego
1697 3553 1861 3615 dabo,
1896 3569 2028 3607 caro

436 3650 559 3687 mea
590 3644 697 3698 est.
737 3653 901 3707 quam
953 3644 1054 3711 ego
1087 3640 1230 3697 dabo
1256 3658 1355 3713 pro
1409 3645 1597 3699 mutuli
1627 3644 1736 3699 vita
1774 3647 1817 3698 ί.
1859 3666 1875 3696 ι
1924 3648 2021 3700 Et:

438 3724 672 3783 «Habeo
738 3738 1062 3797 potestatem
1119 3736 1358 3803 ponendi
1411 3736 1651 3790 animam
1708 3753 1906 3805 meam,
1972 3748 2026 3794 et

438 3834 635 3876 rursus
661 3820 839 3878 habeo
868 3832 1194 3896 potestatem
1226 3826 1533 3897 accipiendi
1568 3829 1715 3884 illam
1740 3828 1787 3885 ί.
1822 3849 1839 3883 ι

505 4001 671 4059 Vsus.
693 4005 784 4069 53,
804 4004 892 4061 54.
918 4004 1053 4076 Quis
1081 4010 1353 4064 accusabit
1382 4012 1571 4068 electos
1609 4015 1748 4073 Dei?
1778 4016 1917 4073 Deus
1944 4029 2023 4074 est

431 4095 522 4165 qttt'
539 4094 828 4164 justiﬁcat.
886 4097 1019 4165 Quis
1052 4108 1129 4154 est
1155 4100 1247 4170 qui
1281 4101 1586 4158 condemnet
1620 4108 1644 4161 ?
1672 4107 1810 4162 Cum
1843 4110 2021 4164 dixis-

432 4198 538 4254 set,
586 4190 695 4244 Deo
746 4192 1015 4245 auxilium
1070 4190 1301 4257 ferente,
1365 4197 1490 4265 quis
1541 4198 1702 4253 nobis
1758 4201 2024 4254 nocebit?

433 4280 656 4351 adjecit,
706 4280 819 4338 Deo
878 4298 985 4339 nos
1049 4284 1234 4354 justos
1269 4287 1605 4353 declat-aute,
1643 4292 1767 4359 quis
1825 4294 2023 4361 poterit

430 4373 839 4430 condemnare?
895 4373 1141 4430 Christus
1192 4374 1377 4441 Iesus,
1430 4380 1567 4446 qui'
1619 4392 1864 4435 mortuus
1919 4392 2020 4443 est;

431 4463 541 4517 imo
570 4464 661 4533 qui
689 4474 742 4517 et
796 4466 1107 4530 resurrexit,
1142 4468 1232 4537 qui
1254 4477 1333 4522 est
1364 4467 1435 4522 ad
1463 4470 1738 4525 dexteram
1771 4472 1887 4537 Dei,
1931 4475 2022 4543 qui

2132 3361 2345 3416 Είδέναι
2369 3362 2553 3430 μέντοι
2576 3352 2703 3432 χρὴ,
2726 3361 2798 3424 ὡς
2830 3360 2888 3413 ἒν
2916 3364 3012 3431 μὲν
3038 3360 3133 3414 τοῦ
3156 3360 3287 3415 Υίοῦ
3315 3362 3377 3415 τὸ
3408 3363 3727 3430 πρόσωπον·

2130 3453 2343 3507 δέδοται
2388 3453 2445 3505 δὲ
2504 3452 2609 3505 ὑπὸ
2658 3452 2758 3524 τῆς
2801 3451 3053 3524 θεότητος
3113 3455 3145 3522 ἡ
3186 3452 3505 3524 ἀνθρωπεία
3560 3455 3731 3524 φύσις

2133 3545 2279 3616 ὑπὲρ
2307 3544 2481 3615 ἡμῶν.
2525 3563 2541 3594 ι
2592 3544 2651 3595 Ὀ
2713 3543 2824 3613 γὰρ
2856 3543 3040 3613 ἄρτος,
3084 3544 3270 3616 φησιν,
3306 3544 3364 3598 ὃν
3396 3543 3508 3621 ἐγώ
3541 3545 3724 3607 δώσω,

2130 3640 2161 3707 ὴ
2202 3636 2342 3709 σάρξ
2378 3653 2479 3708 μου
2514 3637 2684 3703 ἐστὶν,
2721 3637 2788 3707 ἦν
2827 3635 2938 3705 ἐγὼ
2979 3635 3137 3691 δώσω
3168 3637 3307 3709 ὑπὲρ
3340 3638 3437 3709 τῆς
3468 3635 3561 3689 τοῦ
3628 3638 3731 3689 κὸο

2136 3747 2277 3800 σμου
2322 3730 2488 3799 ζωῆς.
2522 3749 2539 3783 ι
2574 3730 2727 3784 Καί·
2769 3749 2786 3781 ι
2836 3724 3118 3793 Ἐξουσίαν
3176 3728 3348 3782 θεῖναι
3397 3730 3495 3799 τὴν
3540 3728 3728 3799 ψυχήν

2131 3838 2233 3893 μου
2294 3821 2402 3892 ἔχω
2426 3861 2441 3884 ,
2511 3822 2606 3875 καὶ
2671 3820 2920 3883 ἐξουσίαν
2982 3820 3092 3890 ἔχω
3160 3819 3321 3874 πάλιν
3382 3819 3565 3872 λαϐεῖν
3621 3819 3730 3872 αὐ-

2126 3916 2247 3984 τήν.
2295 3934 2313 3966 ι
3668 3986 3671 3987 ν

2198 4006 2303 4075 λγ⁹,
2342 4006 2439 4062 λδ’.
2500 4008 2597 4072 Τίς
2642 4007 2699 4076 ἐπ
2714 4009 2959 4061 καλεσει
2995 4008 3145 4063 κατὰ
3178 4008 3482 4064 ἐκλεκτῶν
3517 4011 3666 4065 Θεοῦ
3694 4026 3733 4073 :-

2130 4098 2275 4165 Θεὸς
2305 4101 2337 4152 ό
2389 4095 2673 4152 δικαιιῖινο
2735 4099 2826 4165 τίς
2868 4103 2902 4153 ό
2950 4101 3360 4169 κατακρίνων;
3397 4099 3576 4154 Εἰπὼν
3608 4101 3718 4163 ὅτι,

2128 4189 2261 4245 Θεοῦ
2295 4190 2638 4261 βοηθοῦντος,
2667 4191 2750 4255 τίς
2799 4194 2949 4263 ἡμᾶς
2992 4192 3356 4264 λυμανεῖται;
3391 4192 3723 4263 προστέθει-

2128 4303 2223 4340 κεν
2249 4286 2353 4348 δτι,
2399 4285 2494 4340 τοῦ
2528 4286 2663 4340 θεοῦ
2688 4287 2932 4351 δικαίους
2981 4289 3383 4359 ἀποφήναντος,
3409 4288 3494 4352 τίς
3543 4306 3718 4345 κατα·-

2128 4380 2315 4451 κρῖναι
2342 4379 2630 4449 δυνήσεται
2658 4398 2672 4445 ;
2707 4381 2986 4447 Χριστὸς,
3015 4383 3050 4433 ό
3074 4379 3419 4443 ἀποθανὼν,
3467 4378 3720 4449 μᾶλλον

2125 4472 2196 4525 δὲ
2228 4471 2330 4526 καὶ
2356 4472 2636 4542 ἐγερθεὶς,
2669 4472 2735 4537 ὃς
2786 4473 2958 4526 ἐστιν
2985 4471 3054 4524 ἐν
3101 4470 3271 4540 δεξιᾷ
3301 4470 3407 4527 τοῦ
3436 4471 3605 4533 Θεοῦ.
3644 4470 3720 4537 ὃς

430 4556 592 4611 etiam
615 4556 917 4626 interpellat
946 4573 1044 4628 pro
1074 4560 1246 4614 nobis.
1286 4560 1426 4627 Quid
1454 4562 1538 4615 his
1570 4562 1748 4633 majus
1776 4566 2022 4633 quieris?

2135 4565 2225 4617 καί
2274 4562 2632 4632 ἐντυγχάνει
2670 4560 2821 4631 ὑπὲρ
2854 4561 3046 4631 ἡμῶν.
3072 4562 3139 4614 Τί
3167 4563 3372 4616 τούτων
3403 4563 3585 4634 μεῖζον
3618 4562 3719 4632 ζη-

430 4648 685 4707 Ohristus
713 4648 975 4707 Dominus
1004 4667 1105 4723 pro
1136 4652 1293 4709 nobis
1312 4665 1397 4710 est
1430 4664 1701 4719 mortuus,
1731 4667 1785 4712 et
1814 4674 1844 4714 e
1870 4675 2018 4713 tuor-

431 4743 543 4801 tuis
575 4745 875 4801 suscitatus
899 4741 1050 4799 Patri
1074 4746 1301 4813 assidet,
1329 4756 1382 4802 ct
1411 4763 1477 4801 ne
1508 4750 1587 4802 sic.
1620 4751 1838 4819 quidem
1912 4769 2013 4806 uo-

431 4836 531 4890 stri
560 4849 751 4891 curam
775 4850 973 4904 gerere
1014 4836 1183 4892 desiit
1211 4857 1224 4892 :
1259 4840 1357 4893 sed
1386 4854 1528 4909 quas
1557 4855 1586 4895 a
1616 4842 1775 4898 nobis
1799 4846 2017 4914 accepit

430 4923 705 4994 primitias
734 4924 1059 4991 ostendens.
1118 4936 1174 4981 et
1199 4942 1295 4984 eas
1323 4930 1391 4984 ab
1448 4931 1600 4985 omni
1633 4930 1754 4987 labe
1803 4934 2015 4990 alienas

428 5012 579 5067 Patri
612 5011 1026 5080 demonstrans,
1078 5030 1175 5084 per
1210 5017 1335 5081 illas
1394 5020 1555 5075 nobis
1586 5022 1824 5078 salutem
1855 5027 2012 5095 petit.

428 5103 492 5158 Et
524 5105 629 5161 hoc
660 5104 883 5176 quidem
914 5108 1220 5162 secundum
1253 5110 1654 5167 humanitatem
1688 5117 1910 5184 posuit:
1944 5130 2003 5174 ut

427 5197 569 5251 Deus
627 5196 801 5260 enim,
833 5211 942 5252 non
1009 5198 1161 5267 petit.
1235 5200 1329 5253 sed
1374 5204 1702 5273 suppeditat.
1751 5207 1910 5274 Quod
1966 5212 2011 5265 si

502 5354 517 5394 ί
562 5353 724 5413 Joan.
757 5370 844 5425 τι,
881 5356 968 5412 Si.
1013 5358 1027 5409 Ι
1071 5358 1230 5415 Joan.
1261 5378 1327 5430 ι,
1370 5362 1453 5417 i8.

2122 4658 2263 4724 τεῖς;
2300 4657 2443 4727 ὑπὲρ
2467 4655 2626 4727 ἡμῶν
2660 4654 2933 4709 ἀπέθανεν
2955 4656 2983 4708 ὁ
3004 4654 3283 4727 Δεσπότης
3322 4655 3580 4726 Χριστὸς,
3614 4658 3717 4709 καὶ

2124 4749 2364 4813 ἀναστὰς
2395 4749 2473 4819 τῷ
2506 4749 2686 4820 Πατρὶ
2743 4747 3076 4819 συνεδρεύει,
3107 4750 3202 4802 καὶ
3239 4746 3361 4802 οὐδὲ
3417 4746 3561 4803 οὕτω
3607 4748 3718 4818 τῆς

2123 4843 2251 4913 περὶ
2283 4842 2434 4913 ἡμᾶς
2449 4842 2497 4873 ⁹⁰
2527 4839 2807 4894 ἐπαύσατο
2840 4840 3200 4911 προμηθείας·
3233 4840 3350 4896 ἀλλ’
3369 4841 3437 4913 ἢν
3466 4841 3527 4906 ἐξ
3550 4841 3717 4912 ἡμῶν

2121 4931 2352 4986 ἀνέλαϐε
2409 4930 2623 4990 δεικνὺς
2663 4929 2937 5002 ἀπαρχὴν,
3000 4931 3094 4985 καὶ
3139 4930 3201 4984 τὸ
3229 4929 3433 5003 ταύτης
3477 4929 3716 5002 autcum

2125 5026 2434 5088 ἐπιδεικνὺς
2458 5023 2538 5095 τῷ
2568 5024 2764 5095 Πατρὶ,
2797 5023 2865 5077 δι’
2895 5024 3110 5093 ἐκείνης
3137 5025 3270 5096 ἡμῖν
3298 5024 3397 5096 τὴν
3432 5003 3716 5096 σωτηρίαν

2125 5121 2287 5173 αἰτεῖ.
2319 5118 2430 5172 Καὶ
2463 5116 2622 5170 τοῦτο
2651 5117 2834 5186 μέντοι
2865 5115 3005 5170 κατὰ
3031 5117 3095 5170 τὸ
3122 5115 3464 5190 ἀνθρώπειον
3508 5116 3578 5151 ’⁸⁸
3616 5118 3715 5172 τέ-

2124 5213 2325 5266 θεικεν·
2359 5211 2434 5274 ὠς
2467 5209 2576 5281 γὰρ
2612 5208 2749 5275 Θεὸς
2775 5210 2876 5262 οὐκ
2905 5209 3067 5270 αἰτεῖ,
3100 5207 3235 5263 ἀλλὰ
3284 5213 3529 5282 χορηγεῖ.
3556 5206 3621 5263 Et
3651 5207 3714 5268 δι

1766 5525 2004 5582 VARUE
2041 5526 2449 5584 LECTIONES.

502 5672 547 5767 2⁸
575 5673 985 5767 ἑτῖρδγχωσὲν,
1172 5682 1441 5767 aequitati:
1483 5682 1532 5716 ⁸⁸
1564 5687 1668 5767 οὐκ
1693 5687 1850 5767 deest
1883 5690 2025 5767 in_A.
2066 5691 2113 5723 ⁸³
2149 5692 2369 5767 πάντων
2395 5694 2549 5749 deest
2585 5696 2728 5765 apud
2753 5707 3005 5767 nostrum
3044 5697 3185 5753 "ist.
3221 5699 3389 5764 Eccl.,
3413 5700 3451 5754 l.
3475 5716 3533 5766 tt,
3558 5716 3607 5755 c.
3648 5700 3708 5767 3,

734 5747 1200 5842 ξιιί“ξι..ζξίιίιιοξκίοέ
1363 5754 1567 5842 δείξειε,
1594 5765 1662 5838 ιιι
1714 5743 3186 5842 Ιιὶίξιμξείιιιιηιι.Ιιιειιε-ἰιίίιῖἶιιῘῖἦέ
3214 5743 3533 5842 Wﬁ'p'.’
3563 5743 3708 5836 “iii:

423 5818 535 5870 tusi
565 5813 711 5887 quod
754 5816 829 5871 ibi
856 5820 924 5874 sit
968 5821 1284 5892 χαρίσηται.
1363 5813 1473 5877 ’δΑ
1504 5813 1679 5895 ἡμῶν,
1787 5813 1856 5861 ’δι’
1890 5832 1935 5883 Α
1964 5813 2401 5904 impensas,"
2618 5813 2701 5831 ”’
2742 5813 2811 5820 ’⁷⁷
2847 5813 2862 5820 ’
3315 5813 3330 5825 ’
3358 5813 3430 5842 ’⁷⁷
3466 5813 3519 5841 ¹”
3582 5813 3709 5865 ””’έ
