4034 6414
644 400 744 466 159
818 430 821 433 π

1642 402 2125 463 THEUDORETI
2166 403 2507 464 EPISCOPI
2537 406 2903 467 CYRENSIS

3807 400 3915 467 160

645 513 804 583 107
848 511 990 569 Deus
1050 515 1219 569 voluit
1264 513 1483 585 quidem
1532 511 1873 566 Pharaonem
1947 510 2232 581 suppliciis

2339 513 2786 587 δημιουργοῦσιν,
2818 516 2882 568 ιιι
2906 511 2966 567 δὲ
3007 512 3213 567 τούτων
3252 513 3527 585 ὠφέλιμον
3566 516 3675 577 τοῖς
3703 512 3918 584 ἀνθρὼ-

642 604 811 660 cximi
837 622 853 670 ι
881 606 976 661 sed
1001 607 1130 677 quia
1163 607 1252 661 ille
1279 608 1333 660 in
1355 605 1578 660 nimiam
1612 603 1885 660 feritatem
1919 610 2230 666 corruerat,

643 696 724 751 illi
765 696 990 767 quidem
1023 698 1206 753 omnis
1230 696 1447 769 generis
1479 710 1670 765 poenas
1700 693 1915 758 inﬂixit,
1950 709 2104 750 suam
2128 708 2231 749 au-

644 798 750 841 tem
788 789 1088 857 potentiam
1112 789 1370 843 omnibus
1393 786 1710 843 hominibus
1725 786 1988 847 ostendit.
2017 785 2081 840 Et
2112 787 2233 842 ideo

644 879 782 933 dicit
805 898 821 936 :
856 881 914 935 in
941 879 1043 935 hoc
1062 880 1239 951 ipsum
1256 880 1492 935 excitavi
1512 890 1586 943 te,
1602 880 1958 935 utostendam
1973 879 2029 932 in
2046 886 2101 933 te
2125 879 2233 933 vir-

645 978 821 1023 tutem
864 983 1040 1024 meam
1078 985 1093 1035 ;
1125 978 1180 1024 et
1222 980 1281 1024 ut
1315 970 1679 1024 annuntietur
1706 985 1906 1023 nomen
1954 983 2135 1024 meum
2176 969 2231 1022 in

646 1058 902 1120 universa
921 1068 1064 1115 terra
1090 1070 1140 1115 ει.
1174 1079 1194 1113 ι
1236 1061 1371 1116 Illud
1393 1069 1575 1115 autem
1601 1061 1829 1115 excitavi
1875 1070 1942 1126 te,
1975 1060 2117 1115 idem
2150 1069 2234 1115 est

643 1151 959 1220 ac,permisi
982 1152 1078 1207 tibi
1093 1168 1319 1221 regnum
1337 1152 1555 1221 assequi
1574 1171 1586 1206 :
1605 1162 1797 1208 etcum
1816 1167 2030 1221 possem
2044 1150 2232 1220 prohi—

642 1242 791 1306 here,
808 1258 915 1298 non
942 1244 1619 1316 prohibui,perventuram
1649 1243 1851 1299 indead
1881 1243 2016 1298 alios
2033 1243 2235 1297 utilita-

643 1345 751 1390 tem
781 1337 1109 1406 praavideus.
1146 1337 1289 1393 Vasa
1308 1349 1490 1395 autem
1517 1340 1612 1393 ira:
1636 1337 1704 1392 ad
1722 1338 2001 1391 interitum
2023 1352 2233 1404 compa-

644 1438 766 1484 rata
788 1429 1027 1496 appellat
1045 1445 1141 1486 eos
1158 1430 1250 1500 qui
1277 1446 1376 1484 sua
1400 1439 1598 1500 sponte
1633 1430 1771 1484 tales
1793 1427 1922 1485 lacti
1945 1436 2097 1485 sunt;
2117 1426 2232 1481 Hoc

644 1520 788 1574 enim
802 1520 1028 1590 sei-ipsit
1044 1523 1206 1575 etiam
1227 1521 1294 1576 ad
1316 1519 1661 1575 Timotheum
1684 1537 1699 1573 :
1719 1520 1808 1573 (111
1830 1532 2023 1588 magna
2049 1525 2228 1572 autem

643 1614 809 1666 domo
835 1627 944 1667 non
965 1612 1142 1667 solum
1167 1621 1300 1668 sunt
1341 1627 1466 1667 vasa
1494 1628 1658 1667 aurea
1677 1620 2029 1682 etargentea.
2056 1609 2152 1667 sed
2174 1622 2230 1666 et

648 1705 825 1773 lignea
848 1712 900 1757 et
913 1703 1181 1766 llclilia,et
1197 1703 1443 1771 quaedam
1460 1702 1679 1773 quidem
1699 1703 1753 1756 in
1774 1703 2059 1763 honorem,
2083 1715 2228 1768 qua:-

644 1794 769 1846 dam
796 1808 924 1848 vero
949 1792 1014 1845 ad
1037 1793 1423 1847 contumeliam
1448 1799 1488 1846 '.
1525 1810 1544 1844 ι
1573 1792 1635 1845 Et
1662 1790 1867 1845 docens
1888 1789 2032 1859 quod
2060 1805 2227 1844 unus-

642 1883 880 1951 quisque
896 1898 994 1940 sua
1007 1894 1203 1953 sponte
1223 1892 1275 1938 et
1294 1884 1560 1937 arbitratu
1579 1881 1672 1937 [lat
1688 1882 1791 1937 hoc
1811 1883 1893 1938 vel
1921 1882 2078 1949 illud,
2097 1882 2228 1938 sub-
2263 1860 2306 1915 Β

640 1975 827 2045 junxit
859 1993 874 2029 :
906 1994 924 2025 ι
951 1974 1007 2030 Si
1030 1975 1154 2046 quis
1176 1990 1311 2045 ergo
1351 1975 1735 2029 emundaverit
1764 1964 1826 2031 se
1870 1975 2100 2039 abistis,
2128 1975 2237 2030 erit

643 2081 741 2121 vas
757 2065 809 2120 in
828 2065 1091 2121 honorem
1105 2068 1507 2123 sanctillcatum
1524 2075 1578 2122 et
1592 2067 1723 2121 utile
1737 2065 2059 2133 Domino,ad
2074 2081 2159 2120 om
2171 2080 2238 2120 ne

639 2139 844 2213 bonum
862 2172 1001 2228 opus
1019 2166 1269 2228 paratum
1290 2168 1335 2211 ι.
1350 2178 1369 2209 ι
1392 2157 1454 2213 Et
1471 2156 1777 2213 Corinthiis
1796 2162 1877 2213 sic
1897 2158 2091 2213 scribit
2117 2176 2159 2211 :i
2175 2156 2234 2211 Si

637 2250 765 2321 quis
813 2260 995 2306 autem
1043 2250 1445 2321 supersediilcat
1484 2265 1650 2320 super
1673 2250 2235 2317 luudamentumhor,

639 2358 858 2407 aurum,
885 2352 1195 2415 argentum,
1231 2342 1442 2413 lapides
1480 2343 1773 2412 pretiosos,
1808 2343 1976 2413 ligna,
2026 2343 2237 2408 fenum,

638 2432 966 2502 stipulam‘;
1002 2452 1020 2484 ι
1053 2445 1246 2504 aperte
1274 2434 1482 2489 docens
1504 2434 1736 2488 liberum
1769 2434 2053 2489 hominum
2098 2434 2243 2488 arhi-

642 2526 830 2579 trium.
874 2524 946 2578 ita
978 2529 1141 2580 etiam
1181 2541 1307 2581 vasa
1349 2524 1743 2582 misericordia:
1792 2527 2086 2596 appellavit
2120 2542 2240 2586 eos.

641 2614 852 2683 quiDoi
906 2616 1244 2688 benignitate
1292 2617 1444 2688 digni
1480 2625 1630 2673 sunt.
1661 2616 1798 2672 Illud
1852 2626 2035 2672 autem
2070 2618 2241 2685 :Qua:

641 2703 956 2772 nra'paravit
980 2705 1044 2760 in.
1063 2704 1311 2775 gloriam,
1342 2706 1583 2762 divinam
1612 2707 2012 2776 pracscieutiam
2058 2708 2243 2762 decla-

643 2803 744 2850 iat.
778 2793 891 2849 Hoc
918 2811 1066 2851 enim
1098 2796 1251 2866 prius
1277 2796 1441 2852 etiam
1468 2798 1676 2862 docuit,
1697 2778 1819 2852 cum
1848 2797 1988 2852 dixit
2012 2816 2025 2852 :
2047 2817 2066 2850 ι
2090 2797 2242 2864 Quos

642 2888 950 2955 praescivit,
1019 2897 1073 2944 et
1139 2889 1551 2960 praedestinavit
1614 2891 1930 2946 conformes
1982 2892 2240 2959 imaginis

642 2975 767 3033 Filii
780 2978 900 3049 ejus
918 2990 1009 3051 ιι.)
1027 2980 1292 3051 Apostolo
1306 2981 1451 3036 eiiim
1474 2983 1818 3053 prapositum
1842 2991 1933 3037 est
1950 2982 2241 3039 ostendere

640 3072 784 3142 quod
818 3086 913 3128 eos
936 3076 1030 3143 qui
1057 3072 1207 3144 digni
1240 3083 1369 3130 sunt
1398 3075 1577 3130 salute
1635 3076 1789 3130 solus
1838 3076 1989 3130 novit
2025 3077 2241 3131 univer-

642 3181 828 3220 sorum
853 3164 1023 3231 Deus,
1046 3167 1234 3222 nullus
1265 3176 1447 3222 autem
1488 3184 1554 3223 es
1585 3169 1921 3225 hominibus.
1951 3168 2106 3248 Quod
2137 3186 2234 3224 au-

2336 620 2459 667 ποις
2506 601 2981 665 κατασκευάζουσι
3031 602 3360 674 φάρμακον*
3403 601 3578 667 οὕτως
3601 601 3649 635 ³³
3703 604 3731 657 ὁ
3778 602 3920 667 Θεὸς

2335 693 2596 766 ἠϐούλετο
2627 695 2724 765 μὲν
2753 695 2845 747 τὸν
2888 692 3089 765 Φαραὼ
3132 695 3232 764 τῆς
3263 694 3534 766 τιμωρίας
3569 694 3644 765 μὴ
3680 694 3920 765 μεταλα-

2335 789 2449 857 χεῖν
2471 804 2484 817 ·
2525 784 2715 858 ἐπειδὴ
2757 785 2815 839 δὲ
2856 789 2936 849 είς
2969 784 3171 857 πολλὴν
3201 787 3409 848 ἐκεῖνος
3450 785 3744 856 θηριωδίαν
3786 784 3922 850 ιεὼ-

2335 877 2504 939 κειλε,
2539 877 2888 941 παντοδαπάς
2917 876 3015 947 μὲν
3041 876 3191 947 αὐτῷ
3219 876 3489 947 τιμωρίας
3516 878 3784 946 ἐπήγαγε,
3815 876 3923 944 τὴν
3968 904 3978 922 η.

2333 967 2391 1020 δὲ
2423 968 2631 1021 οἰκείαν
2677 969 2843 1022 πᾶσιν
2895 968 3206 1039 ἀνθρώποις
3253 966 3493 1032 ἐπέδειξε
3530 966 3781 1037 δύναμιν.
3826 967 3923 1020 Διό

2334 1074 2527 1128 ιρησιν·
2560 1078 2577 1110 ι
2609 1059 2700 1123 El;
2723 1058 2855 1112 αὐτὸ
2898 1058 3056 1121 τοῦτο
3080 1058 3343 1129 ἐξήγειρά
3373 1075 3455 1123 σε,
3489 1058 3641 1122 ὅπως
3670 1056 3921 1125 ἐνδείξωο

2337 1168 2437 1220 μαι
2470 1152 2530 1204 ὲν
2560 1150 2646 1203 σοὶ
2674 1152 2772 1221 τὴν
2805 1149 3035 1220 δύναμίν
3078 1168 3181 1220 μου
3200 1190 3217 1214 ,
3256 1150 3351 1204 καὶ
3379 1150 3529 1213 ὅπως
3569 1147 3831 1220 διαγγελῇ
3858 1150 3922 1202 τὸ

2332 1242 2506 1311 ὄνομά
2539 1260 2640 1311 μου
2671 1244 2728 1295 ὲν
2758 1242 2906 1313 πάσῃ
2951 1244 3016 1313 τῇ
3043 1244 3134 1314 γῇ.
3176 1260 3194 1294 ι
3230 1240 3306 1295 Τὸ
3350 1240 3429 1305 δὲ,
3476 1239 3787 1309 Ἔξήτειρὰ
3816 1255 3919 1303 σε,

2333 1332 2455 1385 ἀντὶ
2480 1330 2595 1390 τοῦ.
2634 1331 2998 1403 Συνεχώρησά
3035 1348 3118 1385 σοι
3142 1332 3242 1403 τῆς
3266 1330 3546 1402 βασιλείας
3579 1332 3782 1400 τυχεῖν,
3822 1332 3924 1383 καὶ

2334 1423 2584 1478 κωλῦσαι
2617 1423 2920 1492 δυνάμενος
2948 1424 3048 1476 οὐκ
3081 1422 3355 1487 ἐκώλυσα,
3388 1422 3487 1494 τὴν
3526 1420 3776 1475 ἐντεῦθεν
3801 1423 3924 1484 τοῖς

2333 1514 2516 1577 ἄλλοις
2552 1513 2927 1584 γενησομένην
2976 1513 3230 1586 προορῶν
3275 1512 3568 1582 ὠφέλειαν.
3618 1512 3815 1579 Σκεύη
3864 1511 3925 1565 δὲ

2332 1605 2518 1676 ὀργῆς
2554 1605 3000 1675 κατηρτισμένα
3028 1609 3115 1671 είς
3152 1605 3458 1661 ἀπώλειαν
3485 1603 3643 1658 καλεῖ
3668 1605 3794 1669 τοὺς
3818 1603 3926 1657 αὐ-

2333 1697 2572 1769 θαιρέτῳ
2602 1697 2797 1770 γνώμῃ
2827 1698 2986 1753 τοῦτο
3009 1698 3433 1769 γεγενημένους.
3479 1697 3654 1753 Τοῦτο
3683 1699 3792 1769 γὰρ
3824 1699 3929 1751 καὶ

2333 1789 2584 1859 Τιμοθέῳ
2611 1791 2922 1858 γέγραφεν⁹
2956 1809 2974 1840 ι
3019 1791 3109 1844 Ἐν
3134 1790 3282 1862 οἰκίᾳ
3323 1790 3379 1844 δὲ
3426 1790 3635 1862 μεγάλῃ
3661 1790 3763 1844 οὐκ
3799 1790 3928 1844 εστι

2342 1880 2480 1951 μόνα
2514 1881 2681 1951 σκεύη
2708 1883 2886 1951 χρυσᾶ
2912 1883 3003 1935 καὶ
3035 1883 3273 1953 ἀργυρᾶ,
3303 1882 3440 1936 ἀλλὰ
3476 1884 3572 1935 καὶ
3605 1881 3793 1948 ξύλινα
3820 1885 3927 1936 καὶ

2320 1972 2635 2040 ηὸστράκινα
2657 1987 2671 2003 ·
2706 1974 2798 2027 καὶ
2823 1972 2890 2027 τὰ
2925 1974 3025 2044 μὲν
3045 1977 3125 2034 είς
3154 1976 3339 2045 τιμὴν,
3362 1974 3429 2029 τὰ
3451 1974 3507 2028 δὲ
3529 1977 3609 2039 είς
3633 1974 3883 2043 ἀτιμίαν.
3900 1996 3920 2026 ι

2340 2064 2451 2117 Καὶ
2476 2063 2747 2118 διδάσκων
2795 2065 2871 2127 ὡς
2919 2064 3061 2120 ἑκών
3090 2083 3174 2129 τις
3217 2065 3377 2119 τοῦτο
3421 2067 3683 2136 γίνεταιῆ
3717 2067 3923 2128 ἐκεῖνο,

2341 2157 2655 2227 ἐπήγαγενο
2696 2175 2714 2208 ι
2762 2156 2886 2210 Ἐάν
2914 2152 3009 2210 οὗν
3038 2174 3123 2221 τις
3144 2158 3337 2211 ἑαυτὸν
3374 2157 3657 2229 ἐκκαθάρῃ
3682 2157 3793 2211 ἀπὸ
3811 2157 3925 2212 τῶν

2339 2247 2617 2312 τοιούτων,
2659 2246 2811 2301 ἔσται
2856 2247 3046 2310 σκεῦος
3095 2249 3175 2310 είς
3221 2248 3388 2320 τιμὴν
3429 2249 3789 2319 ἡγιασμένον,
3825 2250 3927 2305 καὶ

2342 2337 2644 2409 εὔχρηστον
2685 2337 2763 2409 τῷ
2812 2336 3079 2409 Δεσπότῃ,
3124 2340 3205 2402 είς
3237 2340 3347 2392 πᾶν
3383 2338 3543 2410 ἔργον
3588 2339 3927 2411 ἡτοιμασμέο

2342 2447 2432 2484 νον
2457 2431 2525 2486 ³⁸.
2573 2451 2590 2481 ι
2645 2430 2756 2485 Καὶ
2804 2431 3115 2503 Κορινθίοις
3142 2430 3285 2486 οὓτω
3316 2432 3551 2504 γράφει·
3598 2452 3617 2484 ι
3655 2433 3718 2486 El
3746 2432 3805 2486 δέ
3837 2449 3925 2497 τις

2343 2522 2691 2593 ἐποικοδομεί
2723 2523 2816 2576 ἐπὶ
2846 2523 2940 2577 τὸν
2980 2523 3230 2594 θεμέλιον
3256 2523 3466 2589 τοῦτον,
3494 2523 3716 2595 χρυσὸν,
3751 2523 3932 2595 ἄργυ-

2347 2629 2458 2685 ρον,
2495 2613 2675 2678 λίθους
2711 2613 2949 2684 τιμίους,
2982 2613 3114 2682 ξύλα
3141 2657 3157 2681 ,
3188 2615 3403 2687 χόρτον,
3439 2615 3728 2686 καλάμην·
3769 2634 3789 2667 ι
3829 2617 3926 2671 άν-

2343 2723 2536 2777 τικρυς
2586 2707 2854 2762 διδάσκων
2904 2708 3013 2762 τῶν
3076 2709 3381 2781 ἀνθρώπων
3427 2708 3490 2763 τὸ
3547 2709 3922 2777 αὐτεξούσιον.

2343 2799 2499 2854 Οὕτω
2544 2799 2713 2871 σκεύη
2761 2801 2945 2866 ἐλέους
2978 2802 3205 2856 ἐκάλεσε
3242 2802 3371 2865 τοὺς
3400 2801 3499 2873 τῆς
3538 2800 3689 2864 θείας
3734 2800 3928 2868 φιλαν-

2343 2893 2587 2965 θρωπίας
2606 2892 2789 2962 ἀξίους
2809 2910 2822 2925 ’
2852 2893 2914 2948 τὸ
2932 2893 3011 2961 δὲ,
3039 2896 3106 2946 *Α
3137 2894 3580 2962 προητοίμασεν
3599 2896 3687 2959 εις
3710 2892 3924 2954 δόξαν,

2342 2987 2445 3057 τὴν
2479 2987 2790 3057 πρόγνωσιν
2813 2986 2913 3059 τὴν
2940 2986 3091 3040 θείαν
3129 2984 3449 3057 παραδηλοῖ.
3482 2985 3653 3040 Τοῦτο
3681 2984 3792 3056 γὰρ
3832 2988 3928 3041 καὶ

2342 3078 2402 3131 ὲν
2445 3082 2561 3142 τοῖς
2610 3079 2849 3149 πρόσθεν
2894 3079 3151 3151 εἴρηκεν,
3196 3080 3279 3133 ὅτι
3315 3098 3333 3130 ι
3371 3078 3479 3143 Οὒς
3509 3080 3780 3149 προέγνω,
3836 3082 3928 3133 καὶ

2343 3170 2618 3241 προώρισε
2650 3172 3009 3242 συμμόρφους
3040 3173 3141 3237 τῆς
3170 3171 3379 3235 είκόνος
3401 3170 3498 3225 τοῦ
3528 3170 3658 3224 Υίοῦ
3691 3168 3921 3225 αὑτοῦ.»

642 3267 752 3311 tem
765 3257 922 3325 dixit,
942 3256 1047 3323 Qui
1064 3260 1263 3314 vocavit
1285 3276 1401 3323 nos,
1423 3277 1525 3313 non
1546 3260 1717 3316 solum
1747 3277 1812 3315 ea:
1834 3259 2231 3334 Judwis,108

2340 3262 2553 3325 Σκοπὸς
2583 3263 2691 3332 γὰρ
2740 3262 2818 3332 τῷ
2865 3263 3176 3333 Ἀποστόλῳ
3220 3261 3425 3327 δεῖξαι,
3473 3262 3549 3326 ὼς
3579 3264 3709 3324 τοὺς
3739 3261 3929 3327 ἀξίους

642 3348 733 3402 sed
751 3352 911 3403 etiam
936 3366 964 3404 e
984 3350 1248 3419 gentibus,
1271 3351 1321 3404 id
1341 3350 1630 3406 conﬁrmat
1651 3352 1952 3426 Scriptum
1980 3356 2229 3411 testimo-

646 3441 763 3500 nio,
798 3446 854 3493 et
889 3439 1019 3493 dicit
1049 3458 1062 3495 :

2341 3356 2615 3424 σωτηρίας
2655 3355 2816 3423 μόνος
2851 3350 2991 3408 οἶδεν
3037 3356 3066 3407 ὁ
3111 3354 3221 3408 τῶν
3249 3354 3387 3408 ὅλων
3417 3354 3573 3418 Θεὸς,
3615 3352 3927 3427 ἀνθρώπων

2340 3446 2396 3499 δὲ
2430 3446 2551 3499 οὐδὲ
2586 3440 2688 3510 εἷς.
2738 3445 2989 3517 Εἰρηκὼς
3036 3446 3114 3515 δὲ,
3149 3447 3229 3500 ὅτι
3268 3445 3594 3500 Ἑκάλεσεν
3638 3445 3819 3516 ἡμᾶς,
3852 3448 3925 3500 οὐ

638 3536 834 3601 μόνον
860 3534 932 3599 ἐξ
970 3534 1302 3599 Ἰουδαίων,
1342 3539 1506 3595 ἀλλὰ
1539 3540 1638 3593 καὶ
1689 3540 1760 3604 ἐξ
1785 3539 2000 3606 ἐθνῶν,
2035 3539 2247 3612 βεϐαιοῖ
2274 3541 2365 3596 τὸν
2401 3542 2560 3610 λόγον
2586 3545 2652 3612 τῇ
2693 3541 2943 3612 Γραιρικῇ
2979 3541 3276 3614 μαρτυρίᾳ,
3313 3541 3408 3594 καί
3439 3556 3607 3610 φησιν
3627 3553 3642 3568 ’

611 3687 615 3691 _
720 3627 882 3684 Vatis.
912 3632 1004 3694 25,
1040 3632 1133 3687 26.
1168 3633 1316 3689 Sicut
1362 3637 1416 3690 in
1472 3634 1611 3692 Osca
1669 3636 1840 3702 dicit,
1882 3635 2086 3692 Vocabo
2134 3653 2237 3692 non

644 3716 841 3784 plebem
860 3734 1027 3774 meum
1054 3721 1251 3790 plebem
1265 3741 1453 3792 meam,
1471 3734 1519 3779 et
1552 3743 1654 3782 non
1683 3726 1931 3782 dilectam
1952 3728 2227 3784 dilectam.

650 3809 716 3861 [ξι
741 3811 840 3864 erit
870 3812 920 3864 in
942 3811 1158 3867 locoubi
1173 3815 1370 3869 dictum
1394 3827 1471 3871 est
1497 3820 1572 3873 eis
1608 3833 1626 3870 :
1661 3817 1778 3873 Non
1807 3820 1953 3887 plebs
1986 3838 2097 3875 mea
2114 3839 2227 3883 vos.

644 3900 719 3952 ibi
756 3901 1078 3956 vocabunlur
1105 3903 1210 3973 ﬁlii
1236 3904 1333 3960 Dei
1360 3906 1484 3963 vivi.
1510 3906 1639 3962 Hice
1668 3923 1799 3963 vero
1838 3909 1982 3965 Deus
2015 3926 2122 3965 non
2164 3912 2231 3966 de

643 3995 920 4064 gentibus,
952 3996 1046 4053 sed
1077 3997 1145 4054 de
1176 4000 1310 4070 ipsis
1344 4001 1483 4056 dixit
1507 4000 1734 4059 Iudaeis.
1772 4003 1908 4059 Cum
1938 4004 2082 4059 cnim
2105 4004 2227 4074 jus-

643 4088 805 4142 sisset
834 4087 1031 4145 Oscam
1075 4107 1299 4147 uxorem
1354 4096 1695 4151 meretricem
1748 4097 2021 4165 accipere,
2073 4105 2238 4168 atque

643 4178 780 4233 adeo
828 4182 993 4235 etiam
1049 4185 1353 4241 adulteram
1382 4225 1397 4251 ,
1448 4196 1614 4242 natos
1673 4187 1801 4242 inde.
1846 4188 2052 4243 liberos
2086 4195 2102 4211 '
2159 4190 2241 4244 sic

646 4274 906 4340 appellari
943 4279 957 4297 '
988 4275 1174 4341 jussit,
1202 4278 1346 4334 hunc
1383 4281 1604 4349 quidem
1637 4279 1759 4334 Non
1781 4281 2054 4348 populum,
2092 4282 2238 4336 illam

644 4380 774 4418 vero
802 4363 923 4419 Non
945 4367 1215 4437 dilectam,
1234 4388 1356 4441 quae
1384 4372 1590 4427 Judazis
1619 4380 1884 4427 eventura
1916 4381 2077 4426 erant
2111 4390 2241 4442 prae-

643 4456 853 4513 dicens.
887 4458 990 4515 Sed
1028 4478 1220 4519 rursus
1250 4472 1432 4520 tamen
1476 4466 1559 4519 eis
1608 4464 1749 4518 bona
1802 4464 2085 4533 pollicitus
2133 4475 2233 4544 est.

643 4550 787 4617 quod
823 4560 871 4604 et
892 4569 995 4606 non
1027 4556 1250 4623 populus
1277 4559 1553 4611 vocabitur
1574 4556 1821 4623 populus,
1846 4565 1895 4608 et
1919 4572 2021 4610 non
2042 4557 2235 4612 dilecta

642 4640 857 4697 dilecla.
888 4642 1248 4701 Considerate
1276 4663 1430 4717 ergo,
1470 4648 1669 4716 inquit,
1705 4647 1851 4716 quod
1891 4664 1987 4703 vos
2012 4663 2236 4718 quoque

644 4748 753 4787 non
794 4749 1008 4805 semper
1036 4737 1226 4791 eadem
1260 4737 1566 4793 habueritis
1598 4754 1612 4791 :
1648 4740 1741 4794 sed
1787 4739 2084 4809 aliquando
2109 4742 2235 4810 qui-

643 4822 766 4877 dem
812 4826 1075 4895 populus,
1128 4826 1422 4896 aliquando
1469 4811 1791 4883 autemnon
1853 4830 2130 4899 populus.
2182 4840 2235 4884 et

646 4928 838 4969 rursus
868 4916 1100 4984 populus
1132 4918 1308 4970 vocati
1337 4916 1587 4982 fueritis;
1628 4926 1680 4971 ct
1702 4919 1998 4987 aliquando
2014 4920 2231 4988 quidrm

643 5002 863 5070 dilecta,
891 5004 1087 5059 deinde
1117 5022 1222 5059 nou
1254 5005 1473 5068 dilecta,
1505 5015 1557 5061 et
1586 5023 1778 5064 rursus
1812 5009 2032 5071 dilecta,
2081 5011 2225 5065 Nihil

641 5110 773 5166 ergo
816 5095 869 5149 in
919 5097 1205 5163 praesentia
1247 5098 1482 5152 alienum
1521 5098 1725 5153 factum
1762 5110 1867 5157 cst.
1927 5102 2027 5155 Pro
2079 5121 2227 5157 more

641 5189 788 5241 t‘iillll
815 5187 970 5255 ejetti
1013 5188 1148 5241 essis
1181 5207 1194 5243 :
1226 5188 1318 5244 se]
1346 5191 1390 5245 si
1426 5207 1617 5247 rursus
1644 5194 1923 5247 volueritis
1954 5234 1967 5257 ,
1996 5198 2227 5264 populus

643 5291 698 5332 ιι
734 5281 930 5334 dilecta
967 5281 1318 5338 vocabimini.
1352 5283 1483 5337 Nam
1509 5295 1720 5356 gentes,
1763 5304 1881 5357 qme
1912 5305 2016 5343 non
2069 5299 2225 5342 erant

646 5369 900 5435 populus,
940 5385 1087 5425 nunc
1137 5374 1369 5442 populus
1414 5374 1691 5431 dicuntur.
1743 5377 1991 5432 Orationi
2049 5390 2223 5431 :Itlli'til

644 5474 759 5512 Siue
797 5458 945 5513 aliud
966 5476 1186 5531 quoque
1217 5465 1593 5521 testimonium
1627 5468 1845 5537 adjecit.

716 5648 742 5690 ’1
788 5638 956 5697 Exod.
995 5660 1071 5711 Ix,
1106 5646 1193 5700 16.
1278 5657 1297 5684 ι’
1336 5647 1376 5701 ΙΙ
1411 5646 1650 5704 Timoth.
1688 5667 1746 5712 il,
1779 5650 1867 5703 90.

2272 4514 2319 4570 D

1951 5660 1969 5685 ε
2008 5648 2141 5704 ibid.
2176 5650 2263 5703 9-].

2409 3644 2508 3702 κε’,
2543 3643 2657 3704 κς⁰.
2703 3637 2798 3704 Ὠς
2824 3638 2923 3693 καί
2973 3638 3043 3692 ἐν
3086 3636 3166 3704 τῷ
3214 3636 3391 3705 Ὠσηὲ
3437 3637 3631 3706 λέγει·
3671 3635 3929 3691 Καλέσω

2336 3729 2443 3783 τὸν
2470 3730 2543 3784 οὐ
2579 3730 2736 3785 λαόν
2756 3747 2898 3799 μου,
2925 3731 3080 3785 λαόν
3105 3746 3246 3798 μου,
3274 3728 3370 3783 καί
3401 3728 3518 3795 τὴν
3545 3730 3655 3782 οὐκ
3684 3728 3921 3795 ἠταπηο

2330 3821 2559 3892 μένην,
2611 3821 3028 3891 ἠγαπημένην.
3076 3821 3183 3875 Καὶ
3215 3821 3409 3883 ἔσται,
3442 3821 3514 3874 ἐν
3547 3819 3628 3885 τῷ
3657 3822 3846 3885 τόπφς
3878 3813 3929 3888 (ἶ)

2334 3912 2545 3980 ἐρῤἐθη
2600 3911 2835 3976 αὐτοῖς·
2878 3913 2960 3963 Οὐ
2988 3912 3141 3978 λαός
3186 3928 3304 3980 μου
3344 3911 3542 3980 ὑμεῖς,
3594 3909 3723 3965 ἐκεῖ
3773 3913 3928 3975 κλη-

2335 4002 2628 4069 θήσονται
2676 4001 2797 4055 υἱοὶ
2840 4000 2989 4055 Θεοῦ
3041 3999 3278 4067 (tortae.
3312 4001 3500 4056 Ταῦτα
3533 4001 3587 4055 δὲ
3617 4004 3644 4054 ὁ
3674 4000 3809 4064 Θεὸς
3860 4003 3926 4055 οὐ

2340 4094 2466 4164 περὶ
2496 4091 2604 4144 τῶν
2639 4091 2831 4157 ἐθνῶν,
2863 4092 2999 4146 ἀλλὰ
3042 4092 3171 4164 περὶ
3209 4093 3388 4147 αὐτῶν
3418 4094 3606 4164 εἴρηκε
3637 4092 3747 4146 τῶν
3787 4092 3927 4145 Ἰου-

2335 4183 2522 4237 δαίων.
2587 4181 2678 4252 Τῷ
2736 4183 2846 4253 γὰρ
2910 4182 3069 4253 Ὠσηὲ
3133 4182 3396 4248 κελεύσας
3446 4182 3628 4237 λαὸεῖν
3687 4184 3929 4249 γυναῖκα

2340 4274 2568 4345 πόρνην,
2624 4274 2716 4326 καὶ
2767 4274 2951 4344 μέντοι
2984 4275 3076 4329 καὶ
3109 4274 3415 4345 μοιχαλίδα,
3451 4272 3596 4328 οὕτω
3630 4274 3698 4326 τά
3729 4289 3929 4341 γεννη-

2340 4366 2501 4418 θέντα
2553 4364 2734 4419 παιδία
2786 4366 3300 4437 προσαγορευθῆναι
3338 4350 3638 4431 ⁴ἐκέλευσε,
3680 4363 3772 4417 τὸν
3826 4367 3929 4434 μὲν

2350 4458 2430 4509 Οὐ
2464 4455 2638 4518 λαὸν,
2687 4455 2784 4528 τὴν
2821 4456 2878 4508 δὲ
2926 4459 3046 4511 Οὐκ
3090 4457 3507 4527 ἠγαπημένην,
3543 4459 3610 4510 τὰ
3643 4457 3926 4527 συμϐησό-

2350 4561 2486 4617 μενα
2529 4546 2802 4611 Ἰουδαίοις
2852 4546 3155 4618 προλέγων.
3203 4547 3342 4600 Ἀλλ’
3386 4548 3536 4617 ὅμως
3582 4547 3744 4600 πάλιν
3830 4549 3929 4600 ὺπ-

2342 4639 2535 4708 έσχετο
2562 4638 2748 4701 αὐτοῖς
2770 4639 3003 4708 χρηστὰ,
3036 4638 3117 4691 ὅτι
3146 4640 3254 4692 Kal
3281 4640 3352 4692 οὐ
3372 4639 3523 4704 λαὸς
3552 4636 3930 4704 κληθήσεται

2338 4730 2513 4795 λαός,
2538 4729 2637 4782 καὶ
2672 4729 2710 4797 ἡ
2743 4730 2855 4782 οὐκ
2887 4728 3268 4799 ἠγαπημένη,
3295 4729 3675 4799 ἠγαπημένη.
3703 4728 3926 4801 Σκοπὴ-

2342 4840 2471 4877 σατε
2496 4822 2693 4887 τοίνυν,
2724 4822 2913 4891 φησὶν,
2945 4822 3027 4874 ὅτι
3062 4822 3157 4873 καὶ
3185 4820 3343 4889 ὑμεῖς
3371 4820 3470 4874 οὐκ
3492 4821 3579 4874 ἀεὶ
3609 4819 3716 4874 τῶν
3740 4819 3929 4873 αὐτῶν

2341 4915 2686 4970 ἁπελαύσατε
2708 4929 2722 4944 ⁶
2758 4913 2897 4968 ἀλλὰ
2940 4912 3070 4967 ποτὲ
3116 4913 3213 4982 μὲν
3241 4913 3388 4977 λαὸς,
3418 4913 3549 4966 ποτὲ
3587 4912 3644 4966 δὲ
3681 4911 3741 4966 ού
3770 4911 3927 4975 λαὸς,

2339 5010 2434 5062 καὶ
2460 5007 2625 5059 πάλιν
2651 5006 2777 5069 λαὸς
2805 5004 3208 5076 ἐχρηματίσατε
3228 5020 3241 5032 ·
3280 5004 3372 5057 καὶ
3401 5004 3528 5057 ποτὲ
3570 5004 3668 5074 μὲν
3698 5004 3929 5074 ἠγαπη-

2340 5101 2511 5171 μένη,
2549 5094 2667 5151 εἷτα
2708 5098 2806 5150 οὐκ
2843 5096 3197 5166 ἠγαπημένη,
3229 5098 3322 5150 καὶ
3359 5096 3519 5150 πάλιν
3562 5096 3924 5167 ἠγαπημένη.

2338 5193 2503 5245 Οὐδὲν
2531 5190 2711 5244 τοίνυν
2745 5189 2972 5253 ἀπεικὸς
2998 5189 3118 5241 οὐδὲ
3142 5190 3234 5241 ἐπὶ
3263 5188 3355 5243 τοῦ
3396 5189 3662 5259 παρόντος
3692 5189 3930 5258 γεγένη-

2336 5302 2426 5336 ται
2452 5284 2517 5337 ³⁸.
2568 5282 2821 5351 Συνήθως
2850 5282 2959 5350 γὰρ
3008 5280 3385 5352 ἀπεϐλήθητε·
3439 5281 3574 5334 ἀλλὰ
3611 5279 3715 5333 κᾶν
3758 5281 3931 5333 πάλιν

2337 5376 2597 5446 θελήσητε
2620 5374 2688 5438 ³⁸,
2734 5374 2860 5436 λαὸς
2905 5375 2999 5427 καὶ
3028 5372 3362 5444 ἠγαπημένη
3418 5371 3776 5444 κληθήσεσθε.
3816 5372 3931 5424 Καὶ

2334 5472 2443 5538 γάρ
2474 5468 2540 5520 τὰ
2575 5468 2700 5538 ἔθνη
2737 5468 2798 5519 οὐ
2829 5467 2956 5529 λαὸς
3000 5466 3153 5529 ὅντες
3179 5466 3223 5498 ³⁷
3258 5466 3352 5520 νῦν
3399 5465 3526 5529 λαὸς
3565 5462 3927 5537 χρηματίζει.

2336 5560 2694 5629 ΙΙροστέθεικε
2732 5558 2788 5612 δὲ
2820 5559 2895 5627 τῷ
2930 5558 3070 5628 λόγῳ
3101 5559 3193 5611 καὶ
3222 5559 3413 5631 ἑτέραν
3448 5556 3773 5631 μαρτυρίαν.

2351 5655 2368 5688 ί
2424 5649 2595 5705 lCor.
2634 5667 2717 5714 lit,
2755 5652 2840 5705 12.
2922 5661 2945 5688 ιι
2975 5648 3130 5702 Rom.
3165 5666 3278 5716 vm,
3310 5651 3399 5707 29.

1870 5809 1875 5814 ι
1926 5739 2159 5794 vanu;
2192 5737 2592 5796 LECTIONES.

728 5810 835 5880 "A
861 5827 998 5884 οὕτω
1034 5833 1144 5884 καί.
1228 5832 1271 5861 ³³
1302 5833 1344 5885 Λ
1371 5844 1419 5888 cl
1450 5832 1585 5904 Βὲρ.
1620 5834 1843 5901 ἀγαθόν.

1925 5835 1967 5864 ³⁸
2011 5836 2045 5885 .-\
2083 5836 2332 5903 ἐγένετο.
2398 5837 2440 5867 ³⁸
2468 5837 2509 5889 Λ
2542 5836 2820 5910 θεὶήσατε.

2906 5840 2944 5871 ³⁷
2986 5839 3022 5892 Α
3044 5839 3194 5894 ὄντα.
