4034 6458
1116 512 1343 570 CAPUT
1388 513 1475 567 Xl.

595 614 756 665 Vens.
796 611 843 664 Ι.
891 608 1016 662 Dico
1044 624 1165 677 ergo
1197 623 1214 660 :
1252 604 1505 676 Nunquid
1542 602 1682 657 Deus
1717 600 1905 670 repulit
1930 615 2094 669 popu-

510 706 623 758 lum
662 705 859 758 suum?
888 700 1059 756 Absit.
1105 697 1308 753 Deinde
1338 712 1461 752 cum
1491 701 1680 765 posset
1703 709 1768 749 ex
1797 692 1925 747 aliis
1957 690 2095 745 mul-

512 796 583 850 tis
614 796 721 849 hoc
755 794 1009 864 probare,
1040 798 1094 844 et
1127 788 1181 842 in
1214 785 1453 842 medium
1484 783 1732 856 proferre
1761 783 1867 837 tria
1898 778 2090 844 millia,

487 902 635 957 «quae
659 883 1055 954 Hierosolymis
1077 878 1450 941 crediderunt,
1480 884 1535 931 et
1561 875 1763 930 multas
1792 870 2092 943 myriadas,

511 979 581 1035 de
605 982 809 1049 quibus
832 975 966 1030 dicit
985 980 1209 1043 sanctus
1233 971 1475 1027 Jacobus
1505 968 1557 1033 ά,
1579 979 1633 1022 et
1652 980 1746 1021 eos
1771 965 1863 1035 qui
1895 964 1950 1017 in
1976 969 2094 1015 toto

513 1080 783 1124 terrarum
813 1066 945 1119 orbe
971 1080 1037 1118 ex
1062 1062 1267 1118 Judacis
1300 1060 1745 1133 praedicationem
1774 1064 2091 1124 Susccpcre,

480 1170 611 1229 .pro
645 1158 730 1214 bis
764 1156 1025 1211 omnibus
1059 1155 1304 1224 seipsum
1334 1149 1598 1216 ostendit,
1632 1155 1687 1203 et
1716 1146 1851 1201 dicit
1880 1163 1895 1199 :

588 1332 730 1385 Nam
766 1340 817 1386 et
857 1347 951 1401 ego
1006 1329 1262 1384 Israelita
1288 1343 1425 1390 sum,
1460 1340 1526 1380 ea:
1554 1322 1747 1379 semine
1775 1314 2091 1379 Abrahami,

492 1423 576 1478 ale
605 1422 743 1476 tribu
776 1422 1128 1492 Benjaminis.
1181 1417 1369 1489 (Vens.
1409 1414 1489 1487 ‘2.)
1542 1413 1666 1467 Non
1710 1410 1903 1480 repulit
1954 1408 2093 1460 Deus

504 1516 711 1586 plebem
749 1530 923 1580 suam,
958 1530 1116 1585 quam
1164 1510 1446 1583 pra’scivit.
1501 1506 1557 1560 Si
1592 1505 1741 1560 enim
1778 1501 2092 1572 repulisset,

512 1618 689 1663 essem
713 1615 767 1662 et
793 1622 893 1677 ego
922 1622 1063 1660 unus
1083 1618 1275 1659 eorum
1309 1601 1401 1672 qui
1432 1607 1785 1655 accusantur.
1814 1595 1927 1663 Ego
1949 1594 2093 1649 enim

513 1720 579 1757 ex
614 1703 705 1757 illa
739 1701 928 1755 radice
953 1697 1156 1769 prodii,
1194 1704 1249 1750 et
1274 1692 1494 1765 generis
1530 1698 1812 1761 parentem
1841 1685 2095 1741 Abraha-

514 1812 662 1850 mnm
691 1794 954 1866 praedico,
987 1800 1041 1845 et
1072 1791 1140 1847 de
1169 1788 1492 1859 Benjamine
1521 1786 1704 1840 tribus
1731 1798 1865 1838 mem
1895 1788 2090 1837 aucto-

1484 397 1972 458 THEODORETI
2014 395 2350 456 EPISCOPI
2382 396 2747 457 CYRENSIS

3660 390 3769 457 4'72
3799 449 3804 454 .

2708 504 3101 559 ΚΕΦΛΛΑΙΟΝ
3137 504 3233 556 ιιν.

2267 607 2332 653 α’.
2368 601 2527 669 Λέγω
2576 595 2718 655 οὖν’
2770 598 2865 666 Μὴ
2917 596 3197 651 ἀπώσατο
3239 600 3270 650 ό
3320 596 3461 661 Θεὸς
3497 594 3600 649 τόν
3617 596 3771 650 λαὸν

2195 694 2383 748 αὐτοῦ
2402 709 2421 757 ;
2456 692 2551 760 Μὴ
2588 683 2838 761 γένοι’το.
2859 686 3010 744 Ἐἶτα
3054 690 3154 760 τὴν
3181 688 3368 744 τούτου
3414 686 3688 753 ἀπόδεὶξιν
3714 688 3772 754 ἐξ

2196 787 2401 857 ἐτέρων
2427 785 2635 838 πολλῶν
2667 784 2963 854 δυνάμενος
3020 785 3344 855 παρασχεῖν,
3399 762 3494 836 καὶ
3546 782 3773 850 ἀγαγεῖν

2195 881 2272 941 εἰς
2311 878 2473 947 μέσον
2520 876 2645 940 τούς
2676 893 2733 929 τε
2793 877 2850 930 ἐν
2904 875 3296 946 Ἱεροσολύμοις
3344 873 3773 937 πεπιστευκότας

2194 966 2545 1038 τρισχιλίους,
2580 967 2674 1020 καὶ
2724 966 2822 1029 τὰς
2873 965 3076 1028 πολλὰς
3117 964 3406 1036 μυριάδας,
3459 963 3588 1034 περὶ
3630 955 3706 1015 ὧν
3747 963 3777 1013 ὁ

2189 1060 2370 1129 μέγας
2411 1056 2666 1120 Ἰακωὸος
2693 1056 2818 1128 ἔφη,
2850 1042 2947 1111 καὶ
2986 1056 3113 1120 τοὺς
3158 1057 3298 1109 κατὰ
3327 1054 3425 1137 τὴν
3451 1052 3777 1122 οἰκουμένην

2196 1151 2256 1216 ἐξ
2306 1150 2572 1204 Ἰουδαίων
2605 1149 2653 1182 ⁵⁸
2680 1147 3005 1219 δεξαμένους
3030 1147 3091 1200 τὸ
3119 1147 3402 1218 κήρυγμα,
3424 1145 3545 1199 ἀντὶ
3571 1143 3777 1198 τούτων

2195 1244 2415 1297 πάντων
2446 1242 2638 1296 ἑαυτὸν
2676 1241 3033 1305 ἐπιδείκνυσι,
3066 1239 3161 1293 καί
3184 1256 3316 1310 φησι
3339 1255 3352 1269 ·

2268 1335 2375 1389 Καὶ
2409 1334 2520 1404 γὰρ
2556 1333 2671 1403 ἐγὼ
2714 1333 3089 1403 Ἰσραηλίτης
3127 1332 3267 1400 εἰμὶ,
3315 1329 3383 1383 ἐκ
3434 1328 3781 1399 σπέρματος

2208 1426 2477 1497 Ἀϐραὰμ,
2510 1425 2710 1496 φυλῆς
2777 1426 3075 1494 Βενιαμίν.
3113 1424 3227 1495 (β’.)
3271 1425 3393 1477 Οὐκ
3427 1421 3712 1476 ἀπώσατο
3747 1424 3781 1474 d

2198 1520 2344 1586 Θεὸς
2399 1518 2506 1573 τόν
2548 1519 2703 1573 λαὸν
2754 1516 2963 1580 αὑτοῦ,
3000 1517 3072 1570 ὃν
3111 1500 3394 1586 προέγνω.
3434 1514 3495 1567 Εἰ
3526 1514 3634 1584 γὰρ
3679 1514 3785 1566 ἀπ-

2195 1612 2395 1675 ώσατο,
2452 1605 2531 1674 εἷς
2563 1609 2629 1665 ἂν
2681 1606 2748 1680 ἦν
2788 1609 2897 1663 τῶν
2943 1594 3433 1679 κατηγορουμένων
3468 1605 3642 1673 κάγώ.
3687 1602 3783 1667 Ἐξ

2195 1702 2409 1773 ἐκείνης
2477 1700 2585 1772 γὰρ
2635 1699 2789 1768 κάγὼ
2827 1700 2924 1771 τῆς
2966 1699 3120 1770 ῥίζης
3180 1697 3507 1768 ὲὸλάστησα,
3552 1697 3646 1749 καὶ
3683 1695 3783 1746 τὸν

2211 1794 2464 1865 ’Λϐραὰμ
2513 1791 2663 1863 αὐχῶ
2722 1791 3019 1861 πρόγονον,
3070 1791 3164 1843 καὶ
3208 1789 3301 1841 τὸν
3333 1787 3594 1855 Βενιαμὶν
3648 1785 3783 1855 φῦλ-

514 1901 592 1951 re,
626 1854 786 1940 et-de
811 1854 1075 1938 Israelita:
1118 1854 1489 1951 appellatione
1517 1876 1743 1947 glorior.
1795 1872 1961 1928 Recte
1994 1885 2089 1925 au-

2200 1894 2390 1961 apxov,
2423 1884 2518 1937 καὶ
2551 1886 2616 1953 τῇ
2654 1881 2746 1935 τοῦ
2795 1880 3011 1952 Ἰσραὴλ
3040 1878 3381 1951 προσηγορίᾳ
3419 1876 3780 1947 σεμνύνομαι.

513 1988 624 2032 lem
658 1976 863 2046 adjecit
891 1984 944 2029 et
975 1972 1133 2037 illud,
1158 1987 1314 2042 quem
1339 1968 1620 2039 praesciuit,
1656 1965 1713 2021 id
1740 1974 1846 2033 est,
1873 1979 1971 2020 eos
2002 1962 2093 2033 qui

513 2069 665 2139 digni
697 2068 919 2122 luerunt
949 2064 1043 2120 Dei
1071 2060 1413 2134 cognitione,
1449 2058 1543 2128 qui
1580 2057 1935 2128 splendorem
1968 2052 2095 2109 ﬁdei

514 2164 903 2229 susceperunt.
938 2154 1053 2212 Hoc
1084 2154 1231 2210 enim
1267 2161 1456 2225 postea
1486 2149 1666 2205 docet.

584 2334 667 2388 An
699 2332 911 2388 nescitis
944 2331 1000 2384 in
1030 2330 1154 2385 Elia
1182 2326 1307 2399 quid
1339 2326 1482 2378 dicat
1514 2322 1813 2392 Scriptura,
1843 2319 2094 2390 quemad-

512 2428 727 2484 modum
752 2426 1052 2495 interpellat
1088 2421 1251 2475 Deum
1282 2417 1534 2472 adversus
1571 2414 1870 2471 Israelem?
1900 2412 2092 2485 (Vens.

512 2521 566 2581 5,
600 2519 679 2588 4.)
727 2515 972 2580 Domine,
1004 2510 1282 2579 prophetas
1319 2517 1435 2579 tuas
1470 2504 1790 2563 occiderunt,
1818 2510 1865 2554 et
1896 2499 2095 2553 altaria

512 2623 605 2666 tua
639 2609 1017 2680 suﬂ'oderunt.;
1056 2613 1106 2659 et
1145 2618 1237 2673 ego
1270 2599 1483 2654 relictus
1510 2612 1629 2650 sum
1664 2593 1833 2658 solus,
1867 2599 1915 2645 et
1947 2604 2092 2660 quo:-

494 2711 634 2758 runt
687 2703 921 2757 animum
970 2684 1165 2751 meam.
1219 2690 1322 2748 Sed
1369 2687 1494 2761 quid
1542 2686 1671 2741 dicit
1727 2685 1810 2739 illi
1858 2682 2093 2736 divinum

510 2794 857 2866 responsum?
898 2787 1109 2860 Reliqui
1138 2784 1266 2840 mihi
1294 2791 1488 2854 septem
1522 2778 1693 2832 millia
1721 2777 1976 2838 virorum,
2005 2774 2092 2843 qui

510 2905 617 2943 non
653 2889 998 2941 curvaverant
1011 2894 1157 2951 genu
1186 2885 1308 2931 ante
1357 2870 1600 2928 Baalem.
1647 2868 1748 2924 Illo
1777 2868 1968 2938 etiam,
2002 2866 2092 2919 in-

510 2982 651 3053 quit,
699 2986 949 3048 tempore
996 2973 1185 3028 multa:
1229 2965 1510 3040 myriadcs
1556 2970 1715 3019 erant
1760 2959 2005 3023 Israelis,
2040 2965 2094 3012 et

512 3049 707 3129 omnes
750 3066 920 3126 Israel
958 3063 1342 3129 vocabantur;
1393 3057 1489 3115 sed
1525 3055 1914 3111 universorum
1948 3049 2093 3105 Deus

493 3164 678 3235 118
724 3176 785 3217 se
828 3166 1038 3230 septem
1087 3153 1319 3209 millium
1371 3148 1543 3205 Deum
1591 3143 1913 3216 appellavit,
1953 3141 2089 3196 alios

2196 3141 2460 3235 μαζοντο·
2502 3158 2622 3216 ἀλλ’
2654 3163 2683 3215 ὀ
2709 3160 2817 3215 τῶν
2842 3159 2978 3213 ὅλων
3012 3157 3148 3222 Θεὸς
3204 3157 3313 3210 τῶν
3356 3154 3786 3225 ἑπτακισχιλίων
3894 3167 3901 3170 ’

2197 1975 2396 2038 Καλῶς
2447 1974 2503 2027 δὲ
2546 1974 2656 2041 καὶ,
2688 1973 2760 2027 ὃν
2808 1972 3092 2041 προέγνω,
3134 1970 3505 2041 προστέθεικε,
3531 1967 3797 2020 τουτέστι-

2195 2068 2321 2130 soi);
2352 2065 2452 2136 τῆς
2488 2064 2818 2134 θεογνωσίας
2858 2062 3069 2128 ἀξίους,
3124 2062 3249 2124 τοὺς
3302 2064 3400 2131 τῆς
3430 2050 3661 2123 πίστεως
3688 2060 3787 2112 δε-

2198 2159 2464 2229 ξαμένους
2516 2158 2615 2229 τὴν
2667 2156 2881 2228 αἴγλην.
2935 2154 3105 2209 Τοῦτο
3175 2153 3278 2225 γὰρ
3321 2151 3459 2224 μετὰ
3494 2150 3665 2204 ταῦτα
3696 2150 3786 2204 δι-

2193 2250 2404 2306 δάσκει.
3676 2298 3681 2302 .

2267 2347 2344 2399 Ἢ
2368 2345 2482 2398 οὐκ
2518 2342 2716 2396 οἴδατε
2764 2341 2834 2393 ἐν
2884 2338 3059 2405 Ἢλίῃ
3082 2338 3140 2391 τί
3167 2335 3327 2406 λέγει
3358 2337 3397 2404 9';
3433 2333 3668 2405 Γραφὴ,
3695 2334 3785 2401 ὠς

2193 2435 2546 2506 ἐντυγχάνει
2585 2433 2665 2499 τῷ
2714 2432 2836 2498 Θεῷ
2895 2431 3045 2485 κατὰ
3082 2429 3189 2484 τοῦ
3240 2426 3517 2497 Ἰσραήλς
3561 2426 3652 2497 (γ’,
3686 2426 3783 2493 δ’.)

2195 2529 2392 2594 Κύριε,
2434 2525 2577 2592 τοὺς
2643 2521 2956 2592 προφήτας
3008 2536 3125 2574 σου
3162 2518 3543 2582 ἀπέκτειναν,
3574 2515 3672 2571 καὶ
3707 2517 3787 2570 τὰ

2195 2616 2599 2685 θυσιαστήριά
2625 2633 2741 2670 σου
2763 2614 3177 2682 κατέσκαψαν.
3202 2610 3375 2681 Κάγὼ
3404 2610 3787 2678 ὑπελείφθην

2188 2711 2397 2780 μόνος,
2438 2708 2535 2762 καὶ
2590 2705 2832 2771 ζητοῦσι
2868 2703 2987 2773 τὴν
3031 2702 3246 2773 ψυχήν
3282 2720 3425 2774 μου..
3481 2700 3669 2756 Ἀλλὰ
3723 2702 3787 2755 τι

2193 2800 2357 2871 λέγει
2386 2798 2546 2863 αὐτῷ
2567 2798 2611 2829 ⁵⁹
2634 2800 2667 2851 d
2695 2795 3144 2866 χρηματισμός
3175 2792 3513 2849 Κατέλιπον
3541 2791 3787 2862 ἐμαυτῷ

2194 2890 2689 2959 ἑπτακισχιλίους
2707 2884 3183 2956 ἄνδρας,“οἵτινες
3198 2885 3306 2937 οὐκ
3329 2883 3614 2952 ἔκαμψαν
3629 2882 3785 2951 γόνυ

2195 2979 2269 3050 τῇ
2296 2981 2481 3034 Βάαλ.
2513 2979 2619 3033 Καὶ
2651 2978 2769 3031 κατ’
2798 2979 3027 3042 ἐκεῖνον,
3061 2975 3216 3046 φησι,
3240 2974 3332 3027 τὸν
3359 2972 3551 3044 καιρὸν
3581 2972 3786 3025 πολλαὶ

2198 3071 2452 3143 μυριάδες
2476 3066 2616 3141 ἦσαν
2633 3069 2726 3122 τοῦ
2772 3067 3008 3139 Ἰσραὴλ,
3039 3067 3135 3119 καὶ
3166 3065 3367 3128 πάντες
3406 3062 3620 3136 Ἰσραὴλ
3638 3062 3784 3116 ὠνο-

510 3232 694 3309 autem
724 3264 916 3307 omnes
947 3244 1279 3318 reprobavit.
1312 3241 1519 3312 Reliqui
1546 3239 1706 3303 enim,
1731 3235 1932 3306 inquit,
1959 3232 2087 3287 mihi

2196 3232 2380 3308 ἑαυτὸν
2421 3253 2553 3306 Θεὸν
2579 3251 3010 3325 προσηγόρευσε,
3051 3248 3264 3312 τοὺς-δὲ
3295 3246 3485 3310 ἄλλους
3523 3245 3786 3300 ἀπεδοκί-

511 3354 703 3415 septem
727 3341 900 3398 millia
924 3341 1179 3402 virorum,
1205 3336 1293 3409 qui
1320 3350 1422 3389 non
1446 3333 1793 3387 incurvarunt
1814 3343 1949 3400 genu
1968 3334 2090 3381 ante

491 3436 754 3492 .Baalem.
790 3434 911 3502 Ipse
937 3437 1118 3485 autem
1152 3425 1418 3497 propheta
1441 3424 1550 3479 hoc
1579 3422 1745 3478 etiam
1780 3418 2088 3491 ignorabat,

509 3537 564 3583 et
591 3527 644 3579 in
675 3541 735 3581 se
770 3524 888 3580 solo
922 3517 1321 3578 servatas'esse
1352 3515 1570 3586 pietatis
1602 3513 1869 3584 reliquias
1899 3511 2091 3567 existi-

510 3618 715 3671 mabat.
748 3614 866 3669 Non
898 3622 984 3669 est
1013 3626 1144 3683 ergo
1179 3625 1381 3666 novum
1420 3607 1502 3663 vel
1532 3604 1878 3669 incredibile,
1911 3603 1958 3659 si
1991 3617 2089 3660 vos

509 3723 731 3779 quoque
763 3704 1030 3778 ignoratis
1056 3719 1150 3759 eos
1183 3702 1274 3774 qui
1306 3716 1370 3757 ex
1403 3697 1560 3755 vobis
1589 3696 1871 3753 Servatori
1908 3694 2091 3753 credi-

488 3801 731 3866 .derunt,
767 3812 910 3870 quos
939 3795 1503 3852 Deus'universorum
1534 3790 1773 3861 appellat
1799 3787 2085 3860 populum.

506 3891 825 3966 Opportune
857 3897 1044 3945 autem
1091 3901 1349 3958 magnum
1391 3882 1571 3939 Etiam
1612 3883 1669 3939 in
1702 3883 1942 3939 medium
1991 3880 2087 3936 ad-

506 3986 684 4051 duxit,
713 3984 809 4055 qui
837 3997 937 4038 eos
963 3979 1265 4044 accusavit,
1296 3976 1442 4049 quod
1481 3991 1592 4058 non
1633 3974 1811 4031 solum
1845 3970 2086 4045 prophe-

505 4090 590 4135 tas
621 4076 1026 4137 iuteremerint,
1060 4072 1154 4128 sed
1182 4071 1347 4127 etiam
1389 4068 1584 4123 altaria
1610 4082 1679 4122 ex
1711 4066 1854 4137 ipsis
1887 4062 2088 4117 inunda-

506 4168 713 4224 mentis
738 4164 1032 4220 diruerint.
1068 4159 1270 4215 Demus
1298 4158 1444 4215 enim
1477 4172 1573 4213 eos
1600 4155 1771 4210 fuisse
1802 4151 2086 4223 prophetis

504 4257 790 4322 infensos,
840 4261 904 4309 ut
944 4252 1039 4325 qui
1086 4250 1267 4307 tristia
1315 4249 1428 4305 illis
1474 4246 1837 4318 praedicerent
1888 4259 1903 4298 :
1948 4240 2085 4312 quid

505 4351 682 4420 culpa:
713 4353 970 4419 poterant
998 4345 1055 4399 in
1087 4343 1275 4400 divina
1305 4341 1509 4396 altaria
1542 4334 1969 4393 conferrel'sed
1998 4342 2084 4388 ta-

507 4443 649 4497 libus
693 4438 844 4495 ausis
890 4436 1250 4492 declararuut
1285 4448 1346 4489 se
1399 4430 1600 4485 borum
1648 4426 1819 4482 Deum
1875 4425 2080 4482 odisse.

2193 3364 2362 3419 μασεν
2395 3345 2658 3406 ἅπαντας.
2691 3342 3030 3398 Κατέλιπον
3041 3341 3150 3411 γὰρ
3168 3329 3420 3410 ἐμαυτὶῖ),
3447 3337 3576 3409 ἔφη,
3598 3337 3786 3392 ἐπτα-

2190 3438 2532 3506 κισχῑλίους
2554 3434 2797 3502 ἄνδρας,
2841 3433 3059 3498 οἵτινες
3089 3430 3134 3463 ⁶⁰
3163 3433 3275 3484 οὐκ
3305 3429 3588 3500 ἔκαμψαν
3620 3429 3784 3497 γόνυ

2187 3527 2263 3599 τῇ
2285 3527 2471 3583 Βάαλ.
2515 3527 2572 3581 '0
2602 3526 2784 3596 μέντοι
2824 3524 3119 3596 Προφήτης
3144 3521 3417 3576 καὶτοῦτο
3439 3519 3647 3591 ¹ήγνόει,
3679 3519 3784 3573 καὶ

2187 3622 2247 3674 ὲν
2279 3619 2427 3690 αὑτῷ
2453 3617 2596 3690 μόνῳ
2621 3615 2959 3687 τὰλείψανα
3011 3613 3279 3668 σεσῶσθαι
3337 3613 3439 3682 τῆς
3491 3610 3783 3675 εὐσεϐείας

2188 3711 2459 3784 ενόμιζεν.
2519 3710 2684 3766 Οὐδὲν
2730 3703 2824 3764 οὖν
2872 3692 3079 3773 καινὸν,
3128 3707 3162 3780 ἢ
3219 3704 3540 3779 παράδοξον,
3577 3705 3627 3758 εί
3676 3704 3781 3757 καί⁵

2185 3806 2343 3877 ὑμεῖς
2374 3806 2623 3876 ἀγνοεῖτε
2654 3804 2781 3867 τοὺς
2826 3802 2885 3870 ἐξ
2917 3802 3072 3874 ὑμῶν
3118 3800 3196 3873 τῷ
3228 3800 3440 3870 Σωτῆρι
3481 3813 3782 3852 πεπιστευ-

2186 3895 2375 3959 κότας,
2408 3892 2505 3957 οὓς
2549 3892 2678 3947 λαὸν
2729 3894 2758 3946 ὁ
2800 3890 2911 3946 τῶν
2934 3891 3071 3946 ὅλων
3104 3889 3502 3963 προσαγορεύει
3526 3888 3659 3952 Θεός
3699 3888 3779 3944 ⁸⁸.

2185 3981 2284 4045 Et;
2315 3981 2507 4053 καιρὸν
2539 3980 2596 4034 δὲ
2627 3981 2721 4034 τὸν
2772 3979 2947 4051 μέγαν
2995 3980 3179 4036 Ἠλίαν
3229 3982 3311 4044 είς
3367 3980 3529 4052 μέσον
3569 3980 3777 4051 ήγαγε,

2185 4070 2284 4142 τὴν
2315 4072 2436 4124 κατ’
2463 4068 2688 4124 ἐκείνων
2727 4072 3097 4143 πεποιημένον
3129 4072 3370 4143 γραφήν,
3404 4071 3480 4135 ὼς
3512 4072 3573 4124 οὐ
3606 4070 3777 4141 μόνον

2185 4161 2313 4223 τοὺς
2336 4162 2622 4232 προφήτας
2652 4161 2971 4229 ἀνελόντων,
3002 4163 3136 4218 ἀλλὰ
3171 4164 3266 4219 καὶ
3302 4163 3373 4217 τὰ
3397 4163 3775 4233 θυσιαστήρια.

2186 4256 2250 4308 ἐκ
2286 4254 2501 4326 βάθρων
2542 4256 2996 4313 ἀνασπασάντων.
3021 4257 3213 4327 Δῶμεν
3234 4257 3342 4329 γὰρ
3386 4257 3466 4310 ὅτι
3486 4253 3774 4326 δυσμενῶς

2182 4348 2316 4418 περὶ
2344 4348 2469 4411 τοὺς
2499 4349 2785 4420 προφήτας
2811 4349 3093 4417 διέκειντο,
3117 4353 3192 4416 ὡς
3209 4352 3278 4405 τὰ
3301 4349 3599 4423 σκυθρωπὰ
3626 4366 3775 4421 προ-

2186 4436 2566 4503 θεσπίζοντας·
2597 4439 2651 4493 τί
2683 4443 2794 4505 τοῖς
2830 4441 2996 4506 θείοις
3018 4437 3163 4513 εῑχον
3192 4443 3442 4512 ἐγκαλεῖν
3468 4442 3773 4511 θυσιαστη-

492 4535 677 4590 Porro
720 4538 900 4588 autem
938 4530 1160 4585 divinus
1187 4523 1490 4596 Apostolus
1521 4536 1549 4575 a
1589 4519 1895 4589 Scriptura:
1923 4518 2083 4575 testi-

2196 4529 2362 4601 ρίοιςς
2392 4530 2507 4584 ἀλλ’
2527 4530 2802 4602 ἐδήλωσαν
2832 4532 2900 4586 δι’
2943 4526 3019 4587 ὧν
3064 4534 3390 4605 ἐτόλμησαν,
3420 4535 3495 4597 ὼς
3523 4534 3614 4586 τὸν
3642 4535 3774 4587 τού-

505 4623 689 4678 monio
713 4620 780 4676 ad
811 4619 1091 4692 propriam
1121 4614 1321 4671 transit
1350 4610 1680 4674 orationem,
1706 4616 1760 4665 et
1789 4608 1925 4666 dicit
1957 4626 1971 4663 :

577 4898 827 4965 “anxii,
864 4898 918 4953 6.
967 4896 1055 4953 Sic
1081 4913 1204 4967 ergo
1247 4903 1297 4950 et
1349 4895 1402 4949 in
1446 4893 1541 4949 liae
1577 4902 1806 4965 tempore
1838 4896 2076 4967 reliquid:

500 4992 786 5049 secundum
829 4988 1137 5045 electionem
1185 4988 1376 5058 gratia:
1410 4987 1568 5057 [actm
1601 4999 1745 5042 sunt.
1796 4986 1857 5043 Si
1900 5000 2078 5045 autem

2188 4640 2297 4677 των
2322 4622 2544 4694 ἐμίσουν
2561 4623 2714 4678 Θεόν.
2746 4622 2807 4680 Ὀ
2829 4625 3013 4695 μέντοι
3034 4627 3178 4690 θεῖος
3207 4627 3525 4690 Ἀπόστολος
3561 4628 3625 4679 ὲκ
3665 4626 3772 4697 τῆς

2186 4713 2469 4784 Γραφικῆς
2540 4715 2847 4786 μαρτυρίας
2912 4717 3006 4771 επὶ
3047 4716 3139 4771 τὸν
3190 4719 3390 4772 οἰκεῖον
3447 4717 3774 4789 μεταϐαίνει

2185 4807 2362 4876 λόγον,
2397 4805 2491 4861 καί
2514 4823 2679 4878 φησιν
2699 4820 2716 4838 '

2252 4904 2315 4964 ε’,
2351 4903 2417 4963 ς’.
2450 4897 2649 4964 Οὕτως
2685 4893 2799 4953 οὖν
2824 4900 2921 4953 καὶ
2943 4900 2986 4931 ⁶¹
3013 4899 3083 4951 ἐν
3109 4897 3188 4964 τῷ
3210 4899 3326 4953 νῦν
3343 4899 3522 4968 καιρῷ
3544 4897 3771 4970 λεῖμμα

2183 4991 2310 5044 κατ’
2339 4987 2608 5059 ἐκλογὴν
2633 4987 2873 5059 χάριτος
2910 4988 3178 5060 γέγονεν.
3206 4993 3273 5044 Εἰ
3305 4990 3372 5044 δὲ
3386 4990 3598 5060 χάριτι,
3622 4994 3772 5045 οὐκ·

499 5082 695 5152 gratia,
714 5079 833 5150 jam
856 5094 959 5133 non
989 5091 1055 5131 ea:
1081 5078 1323 5147 operibus
1352 5091 1371 5131 :
1401 5076 1599 5147 alioqui
1626 5078 1802 5147 gratia
1823 5078 1943 5147 jam
1973 5095 2079 5134 non

2196 5079 2268 5134 in
2302 5078 2373 5145 ἐξ
2399 5078 2620 5149 ἔργων·
2647 5079 2778 5134 ἐπεὶ
2797 5082 2835 5150 ἠ
2870 5080 3045 5150 χάρις
3073 5081 3273 5136 οὐκέτι
3303 5083 3435 5137 ἐστὶ
3472 5080 3661 5152 χάρις.
3698 5086 3772 5137 El

498 5182 575 5228 est
594 5173 798 5243 gratia.
831 5168 893 5225 Si
925 5176 1101 5223 autem
1122 5183 1188 5223 ex
1210 5168 1475 5239 operibus,
1510 5184 1615 5223 non
1642 5177 1721 5223 est
1751 5170 1931 5240 utique
1959 5186 2080 5240 gra-

502 5266 598 5327 tia,
624 5259 1043 5334 quandoquidem
1072 5275 1201 5328 opus
1216 5258 1336 5330 jam
1362 5276 1466 5316 non
1504 5269 1582 5315 est
1611 5276 1761 5330 opus.
1796 5260 2078 5328 Quemad-

567 5443 596 5483 ει
636 5441 762 5495 Aet.
790 5454 884 5494 ιιι
910 5479 927 5508 ,
954 5438 1057 5531 ξλυ.

2181 5170 2251 5227 δὲ
2290 5169 2362 5237 ἐξ
2392 5170 2603 5242 ἔργων,
2671 5170 2869 5227 οὐκέτι
2917 5172 3049 5227 ἐστὶ
3087 5173 3279 5242 χάρις,
3310 5173 3441 5228 ἐπεὶ
3480 5173 3548 5228 τὸ
3584 5172 3772 5242 ἔργον

2183 5264 2388 5322 οὐκέτι
2421 5264 2593 5321 ἐστὶν
2626 5263 2819 5336 ἔργον.
2873 5264 3146 5336 Καθάπερ
3172 5267 3218 5298 ⁸³
3256 5267 3399 5332 τότε,
3431 5265 3620 5339 φησὶν,
3653 5264 3769 5318 ἀπὸ

1765 5560 2003 5617 ἾΑΗΙΑΞ
2034 5561 2445 5627 LECTIONES.

571 5677 617 5710 ⁸⁸
638 5680 679 5730 Δ
709 5676 819 5730 τῶν
871 5675 1160 5731 Ἰουδαίων.
1236 5675 1282 5709 ⁸⁸
1313 5676 1463 5746 αὐτῷ
1494 5675 1646 5746 «least
1676 5677 1730 5732 in
1758 5677 1818 5732 Β.
1897 5680 1942 5713 ⁸ο
1984 5683 2038 5734 οἴ
2075 5698 2218 5746 τινες
2246 5713 2317 5722 -
2348 5679 2495 5736 Βάαλ
2546 5681 2898 5737 desideratur
2926 5681 2979 5738 in
3012 5685 3076 5740 Δ.
3156 5684 3199 5715 ⁸¹
3230 5685 3274 5737 Α
3307 5683 3414 5737 τῶν
3450 5683 3704 5737 ἁπάντων
3731 5684 3765 5737 ὁ

499 5746 704 5818 Κύριος
746 5763 979 5818 προσαγ.
1031 5747 1125 5801 καὶ
1179 5746 1333 5818 Θεός.

496 5816 544 5850 ⁸⁸
572 5820 613 5873 Δ
644 5816 829 5891 ὥσπερ
857 5817 985 5888 γάρ.
1244 5816 1247 5819 ’

1433 5733 1478 5780 ει
1505 5745 1835 5804 τιιεοιιοι-οι.
1858 5752 1921 5805 ad
1971 5733 2071 5805 es.
2092 5733 2220 5819 se:
2256 5752 2325 5806 ιι
2351 5733 3143 5825 2-35....3aievasisse,
3172 5733 3405 5809 λ.’;ς.“έ.’
3442 5733 3756 5825 ,ξ;’·’γέγςςίε;
