4034 6396
330 456 435 527 ιῖ3

328 573 622 651 μυριάδων
708 572 962 643 ἀπείρων

327 666 497 738 μόνον
523 665 631 735 τῆς
664 664 932 726 ἀσεϐείας
961 662 1237 732 ἐλεύθεροι
1261 678 1274 691 ·
1311 660 1454 714 οὕτω
1483 661 1577 713 καὶ
1598 658 1699 711 νῦν
1722 656 1936 717 πλείους

330 761 428 832 μὲν
456 761 508 812 οἱ
534 759 976 828 ἀπιστήσαντες,
1033 754 1286 817 ἐλάττους
1339 754 1396 806 δὲ
1440 755 1489 805 oi
1522 749 1933 811 πιστεύσαντες,

246 888 251 891 -
329 853 422 905 καὶ
452 851 561 919 τῆς
594 849 754 912 θείας
784 848 1011 919 χάριτος
1038 844 1169 900 ἀπολ
1181 844 1467 905 αύσαντες.
1496 841 1570 895 Οὐ
1592 840 1700 910 γὰρ
1729 841 1762 908 ἡ
1796 837 1937 890 κατὰ

265 966 277 977 τ
330 944 492 1013 νόμον
520 943 733 1003 αὐτοὺς
766 938 1062 993 ἐδικαίωσε
1117 936 1358 991 πολιτεία
1404 932 1582 1003 (τοῦτο
1614 932 1722 1001 γὰρ
1765 930 1933 997 λέγει,

326 1034 395 1097 ἐξ
424 1026 690 1103 ἔργων),
721 1030 885 1101 ἀλλ’ἢ
911 1030 1008 1083 τοῦ
1031 1029 1166 1083 Θεοῦ
1197 1029 1421 1081 διέσωσε
1451 1027 1627 1097 χάρις.
1662 1024 1761 1077 Διὰ
1781 1021 1939 1075 τοῦτο

324 1124 423 1178 καὶ
448 1125 623 1194 χάρις
687 1125 722 1193 ἠ
790 1120 1040 1191 σωτηρία
1070 1121 1348 1185 καλεῖται,
1391 1117 1576 1188 ἐπειδὴ
1603 1115 1745 1169 κατὰ
1788 1114 1938 1167 Θείαν

326 1216 659 1286 φιλοτιμίαν
682 1214 1003 1284 γεγένηται.
1051 1211 1222 1265 Τοῦτο
1266 1212 1360 1265 καὶ
1412 1212 1469 1262 ὲν
1510 1211 1624 1271 τοῖς
1668 1206 1809 1260 κατά
1846 1204 1936 1257 τὸν

326 1306 698 1376 πατριάρχην
746 1302 1007 1374 Ἀϐραὰμ
1042 1296 1198 1370 φησί’
1236 1319 1259 1352 1
1290 1299 1380 1371 Τῴ
1421 1299 1479 1351 δὲ
1514 1295 1865 1368 ἐργαζομένῳ
1910 1292 1939 1344 ὁ

326 1397 531 1469 μισθὸς
588 1397 653 1450 οὐ
705 1394 991 1464 λογίζεται
1042 1392 1184 1447 κατά
1238 1390 1419 1463 χάριν,
1453 1389 1587 1443 ἀλλὰ
1619 1387 1756 1443 κατὰ
1790 1386 1940 1456 ὀφεί-

325 1507 507 1563 λημα.
555 1508 578 1541 ι

397 1671 469 1734 ζ’.
503 1669 571 1724 Τί
606 1663 766 1731 οὗνς
813 1663 1077 1718 Ἐνταῦοα
1109 1662 1461 1716 ύποστικτὲον
1482 1679 1493 1692 ⁸
1525 1664 1643 1715 κατ’
1676 1659 1940 1731 ἐρώτησιν

323 1764 439 1831 γὰρ
474 1763 690 1822 κεῖται,
721 1759 846 1811 ἀντὶ
869 1756 964 1810 τοῦ
992 1772 1005 1786 ο
1060 1755 1125 1807 Τί
1180 1754 1359 1807 τοίνυν
1395 1754 1541 1807 ἔστιν
1572 1754 1779 1818 είπεὶν;
1810 1747 1941 1803 Εἶτα

326 1851 479 1904 κατὰ.
543 1850 854 1919 ἀπόκρισιν
897 1847 969 1899 τὰ
999 1845 1200 1899 λοιπά·
1242 1846 1312 1897 ’0
1362 1843 1618 1912 ἐπιζητεῖ
1663 1841 1937 1910 Ἰσραὴλ,

326 1945 558 1998 τούτου
610 1943 730 1995 οὐκ
774 1938 1101 2007 ἐπέτυχεν·
1158 1939 1197 2007 ὴ
1250 1936 1319 1989 δὲ
1358 1933 1937 2005 ἐκλογὴέπέτυχενο

327 2039 381 2091 oi
414 2034 488 2087 δὲ
516 2031 734 2088 λοιποί
786 2028 1193 2098 ἐπωρώθησαν
1224 2069 1238 2083 .
1272 2059 1345 2069 -
1374 2025 1677 2096 Ἑκλογὴν
1720 2026 1844 2089 τοὺς
1883 2025 1942 2092 ἐξ

329 2128 518 2183 αὐτῶν
579 2122 1031 2185 πεπιστευκότας
1083 2121 1262 2176 καλεῖ.
1317 2120 1481 2189 Λέγει
1523 2119 1580 2173 δὲ
1631 2117 1825 2171 τοῦτο·
1885 2118 1943 2171 ’0

340 2218 569 2290 Ἰσραὴλ
601 2216 685 2287 τῷ
710 2215 866 2285 νόμῳ
898 2211 1288 2285 προστετηκὼς
1314 2213 1583 2284 διήμαρτε
1602 2209 1695 2263 τοῦ
1718 2208 1938 2263 σκοποῦ·

331 2307 688 2378 παρανόμως
718 2304 833 2373 γὰρ
859 2302 952 2355 νῦν
988 2301 1248 2370 φυλάττει
1283 2300 1374 2354 τὸν
1403 2301 1586 2369 νόμον,
1624 2299 1717 2352 καὶ
1738 2300 1944 2353 δικαιο-

333 2402 504 2468 σύνην
532 2395 807 2468 οὐδεμίαν
862 2392 1191 2464 καρποῦται.
1230 2394 1293 2444 Οἱ
1339 2390 1395 2444 δὲ
1456 2391 1516 2455 ἐξ
1563 2388 1739 2442 αὐτῶν
1780 2407 1944 2441 πεπι-

334 2489 639 2551 στευκότες
660 2487 955 2555 ἐπέτυχον
975 2487 1028 2539 ot
1059 2485 1127 2536 δὲ
1138 2483 1336 2537 λοιποί
1357 2479 1760 2549 ἐπωρώθησαν
1780 2497 1793 2511 ⁸
1826 2481 1946 2533 ἀντὶ

332 2582 452 2649 τοῦ,
514 2578 906 2650 σκληροτέραν
964 2579 997 2647 ἡ
1059 2574 1289 2629 ἀπιστία
1339 2573 1437 2644 τὴν
1500 2571 1728 2641 καρδίαν
1769 2571 1944 2624 αὐτῶν

333 2673 729 2745 ἀπειργάσατο
764 2670 832 2724 ⁸⁸.
868 2670 1124 2721 Δείκνυσι
1154 2666 1210 2719 δὲ
1253 2669 1346 2720 καὶ
1388 2665 1545 2718 τοῦτο
1578 2661 1780 2715 ἄνωθεν
1816 2678 1946 2733 προ-

334 2784 542 2839 ηγορευ
550 2767 745 2837 μένον.
1305 2758 1311 2763 ’
1368 2767 1372 2771 ‘

404 2858 479 2929 η’.
517 2855 740 2921 Καθὼς
804 2854 1134 2923 γέγραπται
1158 2865 1170 2878 ·
1201 2848 1464 2904 Ἔδωκεν
1506 2844 1711 2909 αὐτοῖς
1747 2847 1778 2898 ὀ
1803 2841 1946 2907 Θεὸς

334 2950 580 3019 πνεῦμα
610 2947 1026 3010 κατανύξεως,
1061 2940 1409 3012 ὀφθαλμοὺς
1429 2939 1535 2993 τοῦ
1560 2937 1644 3006 μὴ
1668 2934 1944 3001 βλέπειν,

337 3042 438 3097 καὶ
465 3037 593 3096 ὦτα
614 3040 726 3094 τοῦ
738 3037 829 3109 μὴ
860 3036 1126 3093 ἀκούειν,
1150 3032 1261 3099 ἕως
1287 3029 1396 3097 τῆς
1415 3029 1681 3098 σήμερον
1703 3024 1944 3096 ἡμέρας.

338 3137 383 3188 Τ
385 3138 411 3189 ὸ
425 3134 685 3198 ἔδωκεν,
700 3132 779 3194 ὡς
793 3129 857 3182 τὸ
870 3124 1360 3195 παρέδωκεν,ἀντὶ
1382 3121 1477 3175 τοῦ
1494 3120 1943 3188 συνεχώρησεν’

1198 456 1807 520 INTERPRETATIO
1846 452 2081 513 EPIST.
2136 456 2235 515 AD
2266 458 2447 517 ROM.
2502 460 2658 520 CAP.
2695 463 2800 522 XI.

1039 571 1435 641 ἑπτακισχίλιοι
1501 566 1935 635 κατελείφθησαν

2047 570 2258 620 modum
2308 580 2467 635 tunc,
2523 574 2735 643 inquit,
2782 590 2845 628 ex
2906 572 3246 644 myriadibus
3302 568 3611 623 innumeris

3511 451 3612 521 1ῗῶ

2039 669 2246 728 srptcm
2281 663 2449 717 millia
2481 665 2671 720 relicta
2701 672 2831 721 sunt
2853 666 2968 720 sola
3000 665 3068 719 ab
3096 664 3377 734 impietate
3405 660 3611 715 libera:

2039 750 2115 801 ita
2144 758 2199 804 et
2228 767 2376 805 nunc
2406 756 2595 823 plures
2629 766 2759 812 sunt
2791 756 2886 827 qui
2930 773 3041 810 non
3076 753 3451 815 crediderunt,
3482 767 3616 821 pau—

2039 841 2217 898 ciores
2264 860 2395 900 vero
2443 848 2541 915 qui
2596 848 2973 913 crediderunt,
3013 856 3067 903 et
3097 847 3339 902 divinam
3384 842 3614 915 gratiam

2038 934 2422 1004 perceperunt.
2452 935 2639 1008 Neque
2662 940 2809 993 enim
2840 939 2964 994 illos
2984 952 3084 994 sua
3114 936 3417 991 secundum
3444 933 3615 1002 legem

2041 1026 2293 1082 instituta
2328 1029 2440 1083 vita
2468 1030 2796 1100 justiﬁcavit
2834 1031 2962 1101 (hoc
2995 1031 3196 1100 quippe
3219 1036 3304 1085 est
3335 1029 3484 1097 quod
3518 1026 3614 1085 ait,

2039 1131 2104 1169 ea:
2132 1119 2417 1186 operibus),
2451 1122 2547 1175 sed
2584 1121 2674 1176 Dei
2708 1122 2884 1191 gratia
2916 1122 3191 1186 servavit;
3226 1127 3280 1175 et
3308 1120 3434 1174 ideo
3464 1118 3618 1173 salus

2040 1209 2216 1274 gratia
2245 1224 2463 1278 quoque
2490 1211 2818 1279 appellatur,
2852 1211 3114 1280 quoniam
3136 1225 3202 1263 ex
3225 1207 3409 1262 divina
3442 1204 3621 1258 ιιιιιηίιη

2041 1296 2263 1352 licentia
2293 1300 2539 1368 profecta
2572 1306 2677 1355 est.
2726 1298 2843 1353 lloc
2872 1300 3053 1371 ipsum
3095 1297 3254 1360 dixit,
3295 1294 3388 1349 ubi
3434 1306 3619 1348 sermo

2040 1398 2162 1444 erat
2211 1391 2372 1462 119
2418 1390 2488 1446 de
2523 1393 2835 1447 Alirahamo
2870 1391 3181 1464 patriarcha
3228 1408 3242 1443 :
3290 1408 3308 1440 ι
3343 1386 3402 1440 Ei
3434 1391 3616 1440 autem

2042 1480 2135 1550 qui
2162 1492 2443 1550 operatur,
2469 1499 2682 1539 merces
2712 1499 2821 1538 non
2840 1485 3138 1553 imputatur
3166 1480 3466 1538 secundum
3497 1492 3620 1551 gra-

2043 1575 2197 1635 tiam,
2223 1574 2317 1629 sed
2347 1576 2647 1629 secundum
2678 1576 2987 1631 debitume.
3019 1594 3039 1627 ι

2115 1662 2278 1719 Vsus.
2315 1667 2365 1719 7.
2415 1665 2555 1731 Quid
2585 1668 2749 1735 ergo?
2794 1665 2896 1726 Hic
2923 1662 3480 1734 subdistinguendum
3510 1669 3617 1715 est.

2042 1754 2273 1811 Ponitur
2297 1756 2440 1812 enim
2469 1757 2880 1825 interrogative,
2917 1772 3014 1827 pro
3044 1772 3110 1811 eo
3140 1755 3286 1826 quod
3316 1764 3399 1809 est
3427 1771 3441 1807 :
3477 1752 3616 1820 Quid

2043 1848 2386 1918 ergodi‘cere
2416 1849 2750 1918 possumus?
2784 1847 2990 1903 Deinde
3023 1858 3221 1902 caetera
3254 1861 3351 1916 per
3382 1858 3617 1914 respon-

2046 1939 2259 1994 sionem
2294 1957 2309 1994 :
2350 1938 2504 2005 Quod
2546 1938 2811 2010 qurerebat
2840 1937 3036 1999 Israel,
3067 1938 3162 1991 hoc
3203 1953 3306 1991 non
3335 1944 3411 1989 est
3440 1932 3619 1989 conse-

2045 2040 2196 2084 cutus
2233 2047 2251 2085 :
2285 2030 2468 2085 electio
2500 2040 2672 2086 autem
2704 2039 2980 2085 consecuta
3018 2039 3130 2095 est;
3164 2028 3340 2084 cwteri
3375 2043 3493 2081 vero
3521 2040 3617 2079 ea:-

2044 2127 2231 2179 cmcati
2279 2134 2421 2181 sunt.
2467 2155 2542 2205 -τ
2580 2124 2902 2180 Eleclionem
2943 2138 3039 2178 eos
3067 2128 3227 2178 vocat
3257 2121 3354 2191 qui
3387 2135 3453 2177 ex
3486 2119 3620 2189 ipsis

2044 2216 2418 2271 crediderunt.
2469 2215 2583 2271 Hoc
2634 2224 2814 2270 autem
2849 2215 2985 2269 dicit
3018 2233 3032 2269 :
3067 2213 3235 2282 Israel
3271 2212 3374 2282 legi
3426 2210 3621 2265 aﬂixus

2046 2322 2077 2361 a
2117 2323 2286 2378 sc0po
2316 2308 2610 2362 aberravit.
2644 2306 2852 2360 Contra
2884 2306 3054 2375 legem
3084 2303 3231 2381 enim
3264 2316 3413 2357 nunc
3444 2301 3617 2372 legent

2045 2409 2252 2465 servat,
2298 2410 2354 2456 et
2408 2401 2620 2454 nullam
2659 2399 2931 2468 justitiam
2981 2395 3223 2466 percipit
3266 2393 3404 2464 :qui
3438 2400 3618 2447 autem

2045 2505 2112 2544 ex
2147 2491 2228 2544 eis
2262 2490 2633 2553 crediderunt,
2663 2502 2784 2541 eam
2829 2486 3067 2541 assecuti
3098 2490 3248 2539 sunt.
3293 2481 3500 2552 Reliqui
3527 2497 3624 2535 au.

2048 2588 2148 2632 tem
2176 2578 2429 2631 excwcati
2456 2576 2621 2646 fuere,
2661 2576 2763 2630 hoc
2793 2584 2877 2631 est
2910 2593 2922 2629 :
2961 2574 3259 2629 lnl‘tdclitas
3289 2587 3385 2628 cor
3426 2586 3619 2627 eorum

2047 2670 2241 2723 durius
2290 2668 2546 2723 reddidit.
2598 2667 2847 2722 Ostendit
2895 2677 3078 2722 autem
3137 2666 3243 2721 hoc
3280 2679 3503 2738 quoque
3540 2663 3623 2720 eis

2047 2764 2177 2818 olim
2210 2761 2379 2816 fuisse
2404 2762 2744 2831 prmdictum.

2123 2851 2288 2907 Vens.
2329 2852 2384 2907 8.
2443 2849 2592 2906 Sicut
2637 2853 2889 2918 scriptum
2941 2862 3018 2906 est
3055 2866 3073 2905 :
3118 2849 3277 2905 Dedit
3326 2849 3437 2903 illis
3483 2847 3622 2904 Deus

2048 2947 2294 3014 spiritum
2330 2945 2786 3013 compunctionis:
2821 2944 2996 2999 oculos
3043 2954 3101 2997 ut
3146 2961 3249 2998 non
3298 2943 3528 3005 videant,
3575 2951 3624 2998 et

2049 3055 2205 3092 aures
2244 3046 2301 3091 ut
2343 3054 2446 3090 non
2495 3036 2751 3101 audianr‘,
2800 3052 2961 3107 usque
3003 3037 3058 3089 in
3102 3034 3409 3090 hodiernum
3459 3033 3618 3087 diem.

2050 3127 2185 3184 Illud
2215 3128 2380 3192 dedit,
2415 3128 2559 3183 sicut
2590 3136 2645 3182 et
2680 3127 2925 3193 tradidit,
2968 3126 3209 3198 positum
3249 3133 3335 3181 est
3371 3140 3471 3195 pro
3502 3140 3624 3195 per-

339 3230 398 3283 οὗ
436 3228 551 3298 γὰρ
602 3227 634 3278 ὁ
670 3224 826 3288 ’Θεὸς
882 3221 1083 3283 αὐτοὺς
1145 3215 1560 3289 παρεσκεύασεν
1607 3213 1941 3283 ἀπιστῆσαι’

2054 3224 2218 3280 misit.
2251 3222 2435 3293 Neque
2460 3222 2603 3276 enim
2635 3219 2781 3275 Deus
2810 3218 3043 3291 perfecit
3068 3226 3127 3273 ut
3152 3218 3257 3288 ipsi
3288 3233 3399 3272 non
3433 3217 3626 3273 crede-

341 3323 455 3386 πῶς
477 3321 593 3393 γὰρ
627 3313 748 3372 οἷόν
785 3332 846 3369 τε
882 3314 978 3369 καὶ
1012 3311 1175 3365 αὑτὸν
1219 3310 1401 3371 αὐτοῖς
1436 3306 1670 3362 ἐνθεῖναι
1695 3304 1794 3375 τὴν
1819 3305 1947 3358 ἁπι-

346 3414 514 3477 στίαν,
547 3414 647 3466 καὶ
679 3407 851 3462 αὐτὸν
870 3406 1027 3468 δίκας
1046 3405 1186 3476 ὑπὲρ
1204 3404 1407 3471 ταύτης
1431 3397 1756 3471 εἰσπρᾶξαι;
1782 3397 1950 3449 Τοῦτο

348 3506 439 3557 καὶ
467 3506 496 3555 ὁ
528 3502 841 3572 Προφήτης
875 3495 1212 3565 σαφέστερον
1249 3491 1485 3557 ἐδίδαξεν
1508 3507 1523 3520 '
1567 3507 1585 3541 ι
1641 3485 1949 3557 Ἐπαχύνῡη

356 3596 461 3664 γὰρ
483 3597 519 3664 ἦ
538 3592 744 3666 καρδία
772 3588 870 3643 τοῦ
906 3586 1038 3640 λαοῦ
1070 3585 1281 3649 τούτου,
1325 3582 1554 3643 καὶτοῖς
1585 3580 1688 3632 ὠσὶ
1739 3578 1949 3648 βαρέως

366 3686 611 3753 ἤκουσαν,
649 3683 750 3735 καὶ
786 3678 918 3742 τοὺς
960 3676 1273 3746 ὀφθαλμοὺς
1311 3672 1490 3726 αὐτῶν
1531 3670 1881 3740 ἐκάμμυσαν.
1925 3686 1943 3717 ι

369 3776 479 3827 ωκ
511 3775 654 3840 ἀλλος
689 3773 881 3827 τοίνυν
913 3769 1113 3831 αὐτοὺς
1145 3766 1475 3835 ἐτύφλωσεν,
1507 3761 1622 3816 ἀλλ’
1646 3761 1801 3815 αὐτοὶ
1825 3760 1949 3822 τοὺς

362 3865 663 3935 ὀξθιλμοὺς
685 3863 928 3933 ἒμυσαν,
964 3860 1060 3912 καί¹
1090 3857 1152 3910 τὸ
1187 3856 1303 3924 φῶς
1354 3854 1481 3909 ἰδεῖν
1526 3854 1626 3907 οὐκ
1654 3851 1946 3921 ἠθέλησαν.

354 3956 583 4027 Πνεῦμα
609 3956 668 4007 δὲ
697 3950 1057 4017 κατανύξεως
1081 3947 1181 4019 τὴν
1215 3943 1594 4017 ἀμετάϐλητον
1648 3941 1877 3995 ἐκάλεσε
1906 3939 1950 3970 ⁶⁸

349 4036 829 4120 γνώμηνθῦσπερ
850 4043 962 4113 γὰρ
1007 4042 1036 4094 ὁ
1066 4040 1165 4109 τὴν
1192 4035 1590 4107 ἐπαινουμένην
1622 4033 1759 4102 ἔχων
1783 4032 1952 4087 κατά-

348 4142 530 4206 νυξιν,
564 4139 671 4211 τὴν
707 4136 805 4190 ἐπὶ
870 4134 933 4188 τὸ
970 4135 1151 4204 χεῖρον
1198 4128 1404 4202 τροπὴν
1465 4129 1565 4183 οὐκ
1617 4127 1949 4196 είσδὲχεται’

347 4233 525 4294 οὕτως
553 4231 587 4283 ὁ
613 4225 903 4289 παντελῶς
926 4224 1118 4279 ἑαυτὸν
1138 4223 1330 4287 ἐκδοὺς
1356 4224 1423 4294 τῇ
1447 4221 1702 4292 πονηρίᾳ,
1728 4218 1826 4289 τὴν
1860 4218 1953 4271 ἐπὶ

347 4326 409 4379 τδ
442 4326 707 4395 κρεῖττον
737 4322 840 4392 οὐχ
867 4319 1105 4390 αἱρεῖται
1132 4315 1456 4389 μεταϐολήν.

420 4512 488 4574 0’,
532 4516 589 4565 ι’.
620 4507 738 4563 Καὶ
785 4502 967 4560 Δαϐίδ
1001 4502 1201 4571 λέγει’
1253 4495 1574 4565 Γενηθήτω
1623 4496 1662 4564 ἡ
1701 4491 1956 4562 τράπεζα

2050 3325 2189 3372 rent.
2224 3313 2508 3381 Quomodo
2536 3312 2683 3367 enim
2715 3311 2830 3367 fieri
2874 3319 3081 3381 posset,
3110 3316 3169 3364 ut
3199 3316 3253 3365 et
3271 3309 3400 3378 ipse
3430 3309 3509 3363 eis
3542 3309 3625 3364 in-

2051 3408 2366 3464 ﬁdelitatem
2413 3404 2770 3471 immitteret,
2814 3414 2868 3459 et
2912 3418 3012 3474 pro
3059 3418 3125 3458 ea
3174 3417 3367 3472 pinnas
3412 3402 3530 3471 ipse
3560 3402 3627 3461 de

2052 3499 2160 3553 illis
2194 3495 2469 3552 sumeret?
2518 3494 2631 3549 Hoc
2678 3505 2858 3549 autem
2906 3495 3024 3563 ipse
3073 3494 3338 3564 propheta
3383 3493 3626 3562 apertius

2049 3590 2280 3647 docuit:
2322 3608 2339 3640 ι
2372 3587 2738 3642 lncrassatum
2768 3594 2851 3640 est
2877 3601 2973 3640 cor
3007 3584 3191 3655 populi
3225 3583 3413 3653 hujus,
3449 3592 3504 3638 et
3529 3597 3626 3635 au-

2052 3681 2204 3735 rilius
2233 3679 2474 3749 graviter
2508 3677 2825 3749 audierunt,
2857 3684 2911 3730 et
2942 3676 3155 3730 oculos"
3187 3690 3317 3730 suos
3344 3689 3627 3743 compresv

2052 3768 2308 3827 seruntf.
2349 3791 2367 3822 υ
2418 3767 2534 3823 Νοη
2568 3784 2702 3838 ergo
2729 3769 2872 3823 alius
2912 3784 3006 3839 eos
3045 3767 3362 3835 cxceecayit,
3393 3768 3489 3821 sed
3522 3768 3625 3837 ipsi

2050 3867 2241 3921 oculos
2265 3881 2396 3921 suos
2428 3866 2767 3925 clauserunt,
2797 3873 2852 3917 et
2879 3865 3050 3918 lucem
3085 3863 3284 3917 intueri
3311 3863 3624 3918 noluerunt.

2052 3954 2310 4025 Spiritum
2345 3963 2528 4008 autem
2565 3952 2984 4022 compunctionis
3035 3951 3331 4022 appellavit
3384 3962 3625 4009 mentem

2053 4046 2473 4113 immutabilem.
2536 4043 2693 4099 Sicut
2745 4044 2891 4098 enim
2937 4042 3029 4112 qui
3084 4042 3415 4098 laudabilem
3464 4042 3627 4098 habet.

2053 4137 2531 4210 compunctiouem
2565 4134 2885 4206 (soporem),
2934 4149 3053 4189 eam
3090 4150 3212 4203 qua:
3240 4144 3327 4190 est
3362 4135 3429 4189 ad
3471 4136 3627 4191 dete-

2053 4232 2171 4286 rius
2200 4230 2619 4285 conversionem
2665 4243 2776 4283 non
2812 4227 3048 4298 suscipit
3081 4245 3096 4282 :
3132 4228 3208 4282 ita
3251 4228 3359 4302 qui
3383 4229 3624 4299 seipsutn

2057 4324 2189 4377 vitio
2220 4323 2436 4393 penitus
2475 4321 2722 4386 tradidit,
2768 4320 3127 4377 mutationem
3172 4320 3231 4377 in
3275 4321 3472 4377 melius
3517 4336 3627 4376 non

2056 4415 2229 4484 eligit.

2128 4507 2296 4563 VEBS.
2335 4508 2387 4572 9,
2425 4506 2507 4561 10.
2570 4504 2638 4559 Et
2676 4503 2845 4558 David
2874 4504 3000 4559 dicit
3245 4517 3265 4556 .'
3294 4500 3422 4556 Fiat
3451 4518 3629 4557 meum

348 4600 553 4658 αὐτῶν
590 4597 858 4663 ἐνώπιον
882 4591 1081 4649 αὐτῶν
1107 4594 1196 4658 είς
1223 4589 1465 4661 παγίδα,
1500 4588 1598 4641 καὶ
1630 4588 1716 4652 εὶς
1739 4584 1949 4652 θήραν,

2056 4618 2236 4657 eorum
2258 4617 2436 4655 coram
2459 4599 2585 4669 ipsis
2610 4599 2663 4652 in
2694 4598 2957 4667 laqueum,
2987 4606 3034 4649 et
3072 4596 3123 4647 iu
3147 4594 3457 4667 captionem,
3490 4595 3627 4649 et'in

351 4695 449 4748 καὶ
476 4696 565 4760 εἰς
607 4686 989 4750 σκάνδαλον,
1036 4675 1133 4739 καὶ
1167 4685 1256 4750 εὶς
1295 4678 1682 4747 ἀνταπόδομα
1725 4673 1951 4738 αὐτοῖς.

354 4781 878 4849 Σκοτισθήτωσαν
909 4780 963 4830 οι
1000 4773 1297 4845 ὀφθαλμοί
1340 4770 1538 4826 αὐτῶν
1566 4768 1673 4823 τοῦ
1695 4767 1784 4838 μὴ
1804 4768 1954 4833 ,ϐλέ-

352 4895 513 4942 πειιο,
557 4872 667 4929 καί
723 4869 834 4925 τὸν
862 4868 1054 4922 νῶτον
1080 4863 1393 4921 αὺτῶνδιὰ
1421 4864 1649 4928 παντὸς
1683 4863 1953 4932 σύγκαμ-

351 4976 495 5040 ψον.
527 4965 832 5037 Τράπεζαν
853 4963 910 5015 δὲ
927 4961 1026 5032 τὴν
1047 4957 1259 5031 τρυφὴν
1285 4956 1747 5029 προσηγόρευσεν,
1775 4953 1844 5023 ἢν
1873 4955 1952 5015 είς

348 5060 676 5116 τούναντίον
709 5051 1223 5128 μεταϐληθήσεσθαι
1248 5047 1632 5121 προεθέσπισε.

422 5162 517 5210 ια’.
549 5131 733 5222 Aera;
758 5145 902 5204 οὖν·
930 5147 1027 5212 Μὴ
1074 5146 1371 5199 ἔπταισαν
1414 5141 1516 5195 ἵνα
1549 5137 1815 5203 πέσωσι;
1850 5139 1906 5191 Μ
1914 5135 1947 5205 ὴ

351 5247 611 5318 γένοιτο.
668 5244 861 5298 Ἀλλὰ
887 5237 967 5305 τῷ
997 5234 1199 5292 αὐτῶν
1223 5234 1649 5303 παραπτώματι
1677 5232 1715 5299 ἠ
1752 5246 1950 5300 σωτη-

343 5337 449 5406 ρία
507 5328 640 5399 τόῖς
679 5332 946 5392 ἔθνεσιν,
989 5332 1077 5393 εις
1129 5327 1195 5380 τὸ
1238 5322 1660 5395 παραζηλῶσαι
1706 5322 1949 5388 αὐτούς.

354 5428 590 5489 Τούτοις
646 5426 758 5496 γὰρ
809 5420 1050 5493 πρώτοις
1094 5418 1147 5471 ol
1193 5415 1255 5483 ἐξ
1308 5416 1487 5470 αὐτῶν
1521 5414 1951 5477 πεπιστευκότες

437 5621 466 5652 ο
508 5610 674 5665 Rom.
711 5622 789 5669 tv,
821 5603 891 5660 ι.
997 5606 1017 5647 f
1061 5603 1167 5656 lsa.
1199 5616 1276 5667 νι,
1305 5600 1394 5655 10.

2058 4690 2408 4753 scandalum,
2455 4698 2504 4743 et
2550 4690 2604 4742 in
2655 4686 3042 4742 retributionem
3088 4683 3221 4738 illis.
3269 4681 3629 4739 Obscurentur

2059 4785 2200 4839 oculi
2226 4797 2407 4837 eorum
2435 4796 2497 4835 ne
2523 4780 2751 4843 videant,
2779 4787 2827 4832 et
2856 4776 3072 4831 dorsum
3107 4791 3287 4829 eorum
3316 4791 3517 4845 semper
3550 4776 3630 4829 in-

2059 4862 2255 4931 curva.j
2281 4872 2522 4927 Mensam
2554 4879 2734 4925 autem
2771 4870 2998 4924 delicias
3044 4867 3362 4939 appellavit,
3403 4881 3541 4938 quas
3571 4866 3627 4922 in

2059 4968 2396 5025 contrarium
2430 4962 2725 5020 mutandas
2753 4961 3026 5035 praedixit.
3327 4952 3353 4971 ⁴

2129 5136 2293 5192 Vens.
2328 5136 2413 5189 li.
2458 5132 2590 5189 Dico
2613 5147 2735 5202 ergo
2760 5146 2779 5185 :
2814 5127 3066 5199 Nunquid
3098 5125 3425 5197 o/fenderunt
3450 5135 3507 5179 ut
3540 5142 3632 5180 ca-

2057 5229 2275 5284 derent?
2303 5225 2473 5282 Absit.
2507 5222 2610 5280 Sed
2642 5223 2857 5277 illorum
2885 5221 3075 5275 delicto
3100 5218 3247 5273 salus
3268 5226 3344 5272 est
3367 5216 3628 5288 gentibus,

2057 5330 2115 5375 ut
2151 5320 2272 5375 illos
2306 5316 2642 5374 aemulentur.
2688 5315 2789 5370 His
2818 5314 2968 5368 enim
3003 5310 3196 5383 primis
3227 5309 3264 5365 ii
3297 5310 3391 5380 qui
3426 5325 3487 5365 ex
3546 5310 3630 5366 eis

2059 5413 2407 5471 crediderant
2469 5410 2763 5467 salutarem
2814 5406 3258 5478 praedicationem
3308 5402 3630 5462 attulerunt.

1630 5763 1636 5768 ‘
1684 5749 1918 5813 νΜιυΕ
1959 5747 2361 5809 LECTIONES.

460 5883 507 5918 “
533 5881 583 5938 Α
600 5878 925 5954 εἰργάσατο.
1006 5874 1052 5907 ⁸⁸
1086 5870 1130 5926 Β
1154 5870 1363 5926 ἐκάλει.
