4034 6448
491 423 596 488 175

1415 416 1904 479 THEODORETI
1940 415 2281 475 EPISCOPI
2318 417 2685 481 CYRENSIS

3648 419 3744 483 176

487 541 622 588 (lum
659 541 837 587 autem
873 533 975 603 ipsi
1009 529 1491 592 contradixissent,
1523 538 1576 586 et
1608 528 1918 594 doctrinam
1951 542 2055 580 non

2165 532 2545 600 προσήνεγκαν
2578 533 2639 605 τὸ
2670 536 2935 606 σωτήριον
2960 536 3222 605 κήρυγμα
3241 552 3253 565 ·
3301 533 3665 588 ἀντειπόντων
3689 533 3744 586 δὲ

486 628 858 690 admisissent,
911 624 1157 679 divinum
1208 622 1461 691 gentibus
1526 620 1879 691 Evangeliutn
1929 633 2058 688 pro-

485 722 825 792 mulgarunt,
850 726 897 771 ct
933 718 1025 787 qui
1061 732 1129 770 ex
1160 716 1245 770 his
1278 713 1630 769 crediderunt
1662 712 1894 767 salutem
1928 725 2062 764 con-

483 813 657 868 secuti
691 820 840 867 sunt.
879 809 996 866 lloc
1029 817 1207 864 autem
1243 808 1378 863 satis
1410 814 1494 861 est
1524 805 1589 860 ad
1621 804 2063 860 contradicentes

475 904 699 961 dtulaeos
728 904 1119 969 stimulandos,
1146 908 1201 956 et
1225 898 1292 954 ad
1320 898 1723 954 aemulationem
1761 913 2064 968 provocan-

480 1000 601 1063 dos,
633 998 936 1067 salutisque
966 994 1441 1066 participationem
1476 992 1613 1064 ipsis
1639 990 2063 1047 conciliandam.

484 1086 680 1147 Vident
711 1086 854 1140 enim
882 1100 979 1141 eos
1009 1083 1257 1140 evasisse
1290 1082 1500 1154 primos
1533 1080 1626 1152 qui
1661 1089 1818 1157 erant
1863 1078 2060 1134 ultimi.

550 1259 718 1314 Vens.
791 1258 877 1313 12.
932 1257 1092 1323 Quod
1144 1274 1188 1310 δι
1239 1255 1493 1319 delictum
1561 1255 1779 1308 illorum
1860 1255 2062 1309 divitia:

476 1364 597 1407 sunt
641 1355 854 1417 mundi,
898 1361 949 1406 et
1002 1350 1286 1403 diminutio
1328 1364 1511 1403 eorum
1563 1348 1763 1403 divitia:
1807 1349 2063 1419 gentium,

476 1458 673 1511 quanto
703 1445 870 1516 magis
897 1441 1168 1515 plenitudo
1189 1443 1413 1496 eorum?
1449 1440 1504 1493 Si
1531 1441 1699 1503 enim,
1724 1454 1844 1493 cum
1881 1440 2065 1511 plures

479 1554 586 1592 non
619 1536 928 1599 crederent,
958 1535 1050 1604 qui
1080 1549 1144 1587 ex
1172 1533 1252 1586 eis
1274 1530 1620 1587 crediderant
1650 1529 1851 1585 divinae
1878 1530 2066 1601 cogni-

478 1632 646 1685 tionis
669 1628 889 1682 divitias
913 1626 1171 1698 gentibus
1197 1624 1520 1686 attulerunt,
1548 1606 1761 1676 clarum
1785 1630 1871 1677 est
1890 1623 2062 1691 quod,

477 1723 521 1777 si
579 1736 771 1777 omnes
825 1717 1230 1783 credidissent,
1280 1715 1492 1785 majora
1551 1713 1867 1769 hominibus
1918 1714 2064 1769 bona

472 1815 884 1871 conciliassem.
917 1814 1118 1866 Omnes
1148 1811 1294 1865 enim
1325 1808 1541 1891 facilius
1579 1807 1888 1871 crederent,
1922 1810 1966 1863 si
2005 1806 2060 1862 lti

2163 618 2391 686 τούτων,
2446 622 2541 675 καὶ
2594 624 2694 695 τὴν
2754 624 3103 679 διδασκαλίαν
3151 625 3211 678 οὐ
3250 623 3580 695 δεξαμένων,
3631 626 3745 687 τοῖς

2166 709 2342 765 ἔθνεσι
2369 714 2430 766 τὸ
2460 714 2604 769 θεῖον
2652 718 3036 788 προσήνεγκαν
3071 716 3403 785 Εὐαγγέλιον
3425 731 3437 744 ·
3471 717 3523 768 οἱ
3559 715 3622 778 ,δὲ
3659 733 3745 767 πι-

2167 804 2512 872 στεύσαντες,
2547 808 2645 877 τῆς
2692 809 2967 880 σωτηρίας
3027 808 3372 880 ἀπήλαυσαν.
3433 806 3641 862 Ἱκανὸν
3690 806 3746 858 δὲ

2164 894 2321 950 τοῦτο
2343 896 2674 968 παρακνίσαι
2701 898 2808 951 τῶν
2863 898 3135 953 Ἰουδαίων
3167 899 3294 961 τοὺς
3340 897 3744 966 ἀντιλέγοντας,

2166 989 2260 1041 καὶ
2280 990 2359 1053 είς
2391 990 2552 1059 ζῆλον
2581 991 2844 1063 ἐρεθίσαι,
2876 992 2970 1045 καὶ
2992 989 3322 1062 προξενῆσαι
3349 990 3448 1062 τῆς
3476 988 3748 1058 σωτηρίας

2165 1082 2263 1153 τὴν
2294 1083 2602 1153 μετουσίαν.
2643 1084 2842 1155 Ὁρῶσι
2870 1085 2978 1156 γὰρ
3031 1083 3158 1147 τοὺς
3191 1082 3460 1152 ἐσχάτους
3492 1077 3745 1151 πρώτους

2165 1173 2588 1244 γεγενημένους.

2239 1265 2324 1336 ιβ’.
2358 1268 2425 1320 Et
2454 1264 2522 1318 δὲ
2569 1265 2637 1319 τὸ
2683 1264 3051 1335 παράπτωμα
3086 1262 3288 1318 αὐτῶν
3329 1261 3593 1327 πλοῦτος
3642 1260 3746 1313 κό-

2164 1374 2346 1428 σμου,
2383 1357 2482 1411 καὶ
2500 1356 2563 1411 τὸ
2590 1356 2820 1426 ἥττημα
2845 1355 3044 1410 αὐτῶν
3068 1355 3331 1421 πλοῦτος
3342 1350 3552 1418 ἐθνῶν,
3575 1355 3747 1417 πόσῳ

2158 1450 2400 1520 μᾶλλον
2428 1448 2493 1503 τὸ
2517 1449 2811 1518 πλήρωμα
2841 1446 3039 1502 αὐτῶν
3062 1463 3079 1512 ;
3119 1449 3185 1501 Ei.
3211 1448 3318 1517 γὰρ
3346 1445 3455 1498 τῶν
3484 1444 3747 1498 πλειόνων

2165 1543 2601 1613 ἀπιστησάντων,
2625 1542 2675 1595 οἱ
2701 1540 2760 1605 ἐξ
2778 1540 2958 1595 αὐτῶν
2982 1535 3407 1600 πεπιστευκότες
3423 1528 3534 1601 τοῖς
3565 1536 3748 1590 ἔθνεσι

2163 1635 2264 1706 τῆς
2292 1634 2621 1702 θεογνωσίας
2644 1632 2736 1688 τὸν
2775 1633 3002 1707 πλοῦτον
3046 1633 3453 1704 προσήνεγκαν,
3499 1628 3749 1701 δηλονότι

2164 1728 2364 1791 πάντες
2395 1726 2788 1788 πιστεύσαντες
2822 1723 3086 1795 μειζόνων
3111 1723 3333 1793 ἀγαθῶν
3358 1726 3521 1776 πᾶσιν
3537 1720 3631 1775 ἀνθ
3642 1721 3752 1792 ρώο

2165 1834 2287 1882 ποις
2310 1817 2560 1887 ἐγένοντο
2593 1815 2658 1870 ἂν
2689 1813 2961 1885 πρόξενοι.
2994 1813 3150 1883 Ῥᾷον
3172 1811 3281 1883 γὰρ
3296 1809 3580 1863 ἐπίστευον
3611 1806 3751 1859 πάν-

477 1924 581 1963 non
617 1907 853 1979 amplius
884 1902 1368 1968 contradicerent,
1390 1886 1507 1957 sed
1538 1901 1824 1957 veritatem
1871 1894 2055 1956 nobis-

2167 1878 2282 1977 τες,
2313 1878 2497 1963 οῦκέτι
2561 1878 2764 1961 τούτων
2820 1878 3402 1974 ἀντιλεγόντωνίάλλά
3445 1900 3561 1972 μεθ’
3584 1898 3748 1970 ἡμῶν

475 2018 596 2057 cum
632 1999 1013 2071 praedicarent.
1044 1995 1185 2051 Hinc
1217 2011 1313 2051 eos
1342 1994 1672 2049 adhortatur
1701 1994 1793 2065 qui
1824 2010 1886 2049 ex
1924 2010 2057 2065 gen-

375 2142 383 2149 .
474 2094 622 2149 tibus
659 2091 1034 2155 crediderunt,
1065 2089 1279 2143 modice
1323 2087 1563 2143 suadens
1598 2086 1664 2142 de
1699 2087 1896 2158 seipsis
1933 2102 2058 2142 sen-

471 2189 596 2254 tire,
642 2186 753 2242 duo
792 2182 954 2240 simul
998 2190 1257 2254 satagens
1291 2198 1303 2235 :
1336 2189 1451 2234 tum
1505 2186 1564 2233 ut
1606 2160 1693 2235 eis
1726 2179 1922 2234 fastum
1962 2178 2058 2254 de-

472 2253 669 2342 trahat,
700 2284 815 2329 tum
849 2284 909 2329 ut
936 2253 1189 2327 timorem
1225 2271 1466 2342 ingerat,
1496 2268 1827 2338 Judmosque
1859 2269 1924 2323 ad

473 2381 637 2425 ternae
667 2367 823 2439 121
863 2362 1198 2420 lttereditatis
1239 2361 1714 2432 participationem
1744 2345 2050 2415 convertat.

473 2461 564 2517 Sic
592 2468 775 2514 autem
805 2457 1001 2529 incipit
1036 2472 1048 2509 :

547 2634 711 2689 Vens.
737 2634 824 2701 15,
852 2634 938 2689 14.
983 2631 1137 2687 Vobis
1161 2631 1297 2686 enim
1329 2630 1446 2684 dico
1478 2631 1715 2702 gentibus
1739 2648 1755 2686 :
1781 2630 2054 2697 Quatenus

469 2727 679 2797 quidem
727 2743 820 2796 ego
872 2742 1019 2783 sum,
1037 2726 1268 2796 gentium
1323 2723 1637 2794 Apostolus,
1698 2722 2053 2778 ministerium

467 2838 645 2876 meum
662 2819 973 2890 honoriﬁco.
1003 2817 1186 2889 Siqua
1212 2816 1366 2871 modo
1393 2815 1461 2869 ad
1488 2815 1845 2871 cumulandum
1866 2831 2052 2885 provo-

462 2930 580 2967 cem
605 2929 816 2968 carnem
840 2928 1030 2978 meam,
1062 2919 1112 2965 et
1139 2908 1312 2965 salvos
1345 2910 1542 2977 faciam
1569 2908 1774 2979 aliquos
1824 2922 1892 2961 ea:
1923 2905 2050 2960 illis.

469 3003 927 3076 Quandoquidem
983 3001 1129 3058 Deus
1196 3017 1282 3055 me
1337 3001 1580 3071 gentium
1636 2998 2052 3070 praedicatorem

466 3096 775 3161 constituit,
799 3095 1042 3167 gentium
1061 3095 1079 3115 ⁶
1108 3080 1342 3146 salutem
1375 3089 1690 3145 necessario
1727 3102 1981 3160 procuro,
2000 3094 2054 3142 et

2159 2004 2258 2074 τὴν
2290 2001 2549 2072 ἀλήθειαν
2578 1999 2983 2071 κηρυττόντων.
3024 1996 3306 2051 Ἐντεῦθεν
3346 1997 3458 2056 τοῖς
3484 1992 3543 2057 ἐξ
3568 1990 3747 2053 ἐθνῶν

2161 2095 2550 2152 πεπιστευκόσι
2575 2091 2873 2165 προσφέρει
2910 2091 3254 2163 παραίνεσιν,
3298 2087 3505 2159 μετρίῳ
3547 2084 3750 2156 κεχρῆ-

2161 2190 2284 2244 σθαι
2319 2185 2770 2259 συμϐουλεύων⁶⁶
2805 2184 3148 2255 φρονήματι’
3199 2180 3293 2233 δύο
3351 2180 3493 2233 κατά
3535 2176 3733 2232 ταυτὸν

2164 2274 2560 2353 μηχανώμενος
2585 2295 2599 2307 ·
2638 2277 2733 2331 καὶ
2766 2278 2974 2332 τούτων
3003 2275 3104 2345 τὴν
3133 2274 3307 2346 ὀφρὺν
3342 2270 3744 2331 καταστέλλων,

2158 2375 2251 2427 καὶ
2277 2372 2575 2427 δεδοικέναι
2607 2371 2650 2402 ⁸⁷
2678 2366 3126 2440 παρασκευάζων
3149 2382 3162 2394 ο
3212 2364 3308 2419 καὶ
3337 2362 3623 2426 Ἰουδαίους
3662 2364 3749 2423 εἰς

2156 2464 2254 2535 τὴν
2274 2464 2371 2535 τῆς
2397 2460 2655 2532 πατρῴας
2684 2456 3054 2531 κληρονομίας
3100 2451 3386 2510 κοινωνίαν
3415 2456 3632 2527 τρέπων
3669 2454 3741 2508 ⁸⁸.

2161 2560 2423 2629 ’Δρχεται
2449 2555 2505 2608 δὲ
2526 2554 2700 2618 οὕτως
2720 2571 2732 2584 ’

2230 2656 2319 2718 ιγ’,
2346 2647 2424 2705 ιδ’.
2480 2646 2640 2717 Ὑμῖν
2676 2645 2789 2714 γὰρ
2830 2647 2874 2677 ⁸³
2927 2645 3081 2714 λέγω
3124 2644 3250 2720 τοῖς
3281 2644 3559 2698 ἔθνεσιν·
3612 2643 3746 2709 Ἐφ’

2157 2741 2309 2795 ὅσον
2331 2739 2446 2811 μέν
2482 2741 2600 2808 εἰμι
2635 2737 2814 2806 ἐγὼτθ
2843 2736 3035 2791 ἐθνῶν
3064 2737 3430 2803 ἀπόστολος,
3465 2734 3580 2805 τὴν
3611 2735 3745 2789 δια-

2156 2834 2370 2888 κονίαν
2394 2850 2513 2903 μου
2538 2830 2762 2896 δοξάζω
2794 2831 2861 2884 ⁷⁸.
2912 2830 2984 2883 ΕΖ
3016 2846 3142 2897 πως
3184 2827 3593 2899 παραζηλώσω
3618 2846 3746 2899 μου

2157 2927 2271 2995 τὴν
2299 2925 2518 2993 σάρκα,
2555 2924 2653 2978 καὶ
2696 2922 2877 2978 σώσω
2921 2924 3089 2990 τινὰς
3131 2922 3201 2987 ἐξ
3247 2921 3466 2976 αὐτῶν.
3518 2921 3743 2993 Ἐπειδὴ

2160 3037 2226 3089 με
2260 3017 2367 3071 τῶν
2394 3016 2565 3070 ἐθνῶν
2599 3017 2628 3068 ό
2659 3015 2792 3080 Θεὸς
2817 3015 3153 3087 προύϐάλετο
3171 3015 3407 3089 κήρυκα,
3428 3014 3748 3083 ἀναγκαίως

2155 3111 2253 3179 τὴν
2280 3108 2554 3179 σωτηρίαν
2581 3106 2690 3161 τῶν
2736 3107 2916 3162 ἐθνῶν
2968 3106 3458 3180 πραγματεύομαι,
3491 3106 3586 3160 καὶ
3615 3106 3749 3170 τοὺς

472 3204 570 3259 pro
616 3189 698 3244 eis
748 3187 913 3242 verba
960 3185 1126 3249 facio,
1162 3194 1217 3241 et
1253 3184 1470 3239 divinos
1523 3182 1818 3254 prophetas
1862 3179 2053 3233 multis

2161 3201 2295 3272 ὑπὲρ
2321 3198 2527 3253 τούτων
2565 3196 2827 3269 ποιοῦμαι
2881 3196 3093 3267 λόγους,
3135 3198 3227 3251 καὶ
3250 3197 3584 3263 τοὺςιθείους
3608 3213 3748 3268 προ-

470 3288 618 3336 retro
643 3279 860 3335 saeculis
896 3279 1009 3332 haec
1043 3277 1363 3349 praedixisse
1392 3276 1625 3331 ostendo
1647 3313 1660 3337 ,
1704 3281 1765 3326 ut
1804 3273 1908 3327 hac
1940 3271 2050 3324 uti-

470 3389 577 3443 que
610 3372 822 3427 ratione
862 3369 1083 3425 Judzeos
1117 3369 1183 3424 ad
1212 3368 1615 3424 aemulationem
1649 3380 1965 3438 provocem,
1995 3370 2051 3419 et

469 3462 700 3517 alliciam
752 3471 813 3517 ut
845 3462 1012 3533 aliqui
1048 3476 1114 3516 ex
1148 3461 1259 3516 illis
1308 3460 1374 3516 ad
1422 3460 1658 3517 salutem
1702 3457 2046 3528 perveniant.

471 3553 636 3609 Suam
662 3555 807 3609 enim
850 3568 1065 3608 carnem
1097 3552 1230 3608 dicit
1285 3550 1528 3619 Judaeos,
1560 3558 1620 3605 ut
1651 3549 1767 3622 qui,
1803 3551 1948 3619 quod
1984 3547 2052 3602 ad

469 3647 633 3701 animi
663 3647 988 3702 sententiam
1019 3646 1233 3712 attinet,
1260 3646 1329 3699 ah
1362 3658 1427 3699 eo
1458 3653 1641 3699 essent
1667 3642 1853 3704 alieni,
1876 3641 2048 3697 solant

470 3748 652 3794 autent
680 3738 895 3809 generis
921 3738 1305 3810 cognationem
1336 3737 1602 3792 haberent
1630 3752 1754 3792 eum
1779 3737 1873 3791 illo
1896 3752 2050 3791 com-

470 3846 714 3892 munem.
1138 3849 1145 3855 '

538 3922 705 3980 Vens.
744 3922 831 3978 15.
864 3922 926 3979 Si
951 3924 1090 3977 enim
1120 3924 1339 3979 amissio
1368 3940 1549 3979 eorum
1583 3914 1949 3978 reconciliatio
1970 3932 2049 3979 est

465 4016 670 4081 mundi,
695 4031 812 4087 qua:
832 4008 1144 4083 assumptio,
1171 4016 1277 4069 nisi
1299 4016 1409 4069 vita
1429 4031 1494 4069 ea:
1515 4015 1736 4071 mortuis
1757 4015 1782 4068 Ζ)
1816 4012 1873 4068 Si
1901 4014 2046 4068 enim

466 4110 570 4174 his,
605 4108 805 4179 inquit,
842 4122 954 4161 non
988 4106 1364 4169 credentibus,
1413 4113 1604 4174 gentes
1640 4111 1963 4173 assumpta,
1993 4111 2050 4159 et

466 4222 493 4255 ιι
546 4202 730 4274 priore
786 4200 1093 4274 ignorantia
1168 4198 1410 4253 liberatae
1463 4207 1614 4265 sunt,
1682 4198 1895 4252 clarum
1965 4202 2051 4251 est

464 4292 634 4365 quod,
682 4294 729 4350 si
774 4307 968 4349 omnes
1004 4291 1094 4365 isti
1129 4290 1356 4347 credere
1386 4290 1681 4356 voluerint,
1728 4288 1863 4343 nihil
1898 4288 2048 4343 aliud

467 4390 739 4458 reliquum
784 4387 877 4452 sit,
922 4384 1031 4442 nisi
1083 4391 1145 4440 ut
1178 4384 1272 4439 fiat
1307 4383 1642 4440 resurrectio
1674 4389 2044 4438 mortuorum.

466 4480 579 4533 lloc
608 4487 789 4533 autem
838 4475 974 4531 dicit
1004 4475 1172 4532 etiam
1208 4472 1476 4527 Dominus
1526 4490 1539 4525 :
1593 4489 1610 4523 ι
1647 4468 2048 4525 Praedicabitur

2155 3297 2332 3365 φὴτας
2357 3291 2563 3348 ἄνωθεν
2608 3291 2783 3347 ταῦτα
2812 3290 3061 3361 δείκνυμι
3099 3290 3599 3363 προθεσπίσανταςο
3653 3291 3750 3345 ἵνα

2153 3384 2328 3456 ταύτῃ
2350 3382 2483 3450 γοῦν
2516 3381 2808 3445 Ἰουδαίους
2839 3382 2916 3445 είς
2953 3379 3119 3451 ζῆλον
3180 3381 3428 3453 ὲρεθίσω,
3464 3379 3556 3438 καί
3587 3398 3748 3446 τινας

2153 3475 2213 3540 ἐξ
2256 3473 2434 3528 αὐτῶν
2477 3473 2802 3545 μεταλαχεῖν
2841 3474 3252 3544 παρασκευάσω
3304 3474 3402 3544 τῆς
3437 3474 3744 3546 σωτηρίας.

2153 3567 2358 3636 Σιίρκα
2408 3566 2517 3649 γὰρ
2544 3565 2733 3645 αὑτοῦ
2759 3565 2887 3630 τοὺς
2931 3562 3228 3630 Ἰουδαίους
3252 3566 3399 3637 λέγει
3424 3581 3437 3596 ·
3479 3568 3554 3631 ὡς
3594 3570 3747 3623 κατὰ

2154 3658 2255 3729 μὲν
2300 3657 2361 3710 τὺ
2419 3659 2674 3728 φρόνημα
2727 3656 3042 3728 ἀλλοτρίους
3082 3657 3262 3725 δντας,
3295 3659 3461 3731 μόνης
3500 3660 3556 3713 δὲ
3588 3661 3745 3731 αὐτῷ

2151 3750 2546 3816 κοινωνοῦντας
2565 3750 2667 3821 τῆς
2700 3751 3044 3819 συγγενείας.
3190 3774 3199 3783 ·

2224 3935 2303 3984 ιε’.
2338 3930 2406 3983 Ei
2435 3926 2547 3998 τὰρ
2602 3929 2642 3996 ὴ
2695 3927 2970 4007 ἀποϐολὴ
3018 3927 3219 3983 αὐτῶν
3247 3931 3600 4001 καταλλαγὴ
3631 3934 3741 3987 κό-

2148 4033 2331 4090 σμου,
2358 4021 2451 4087 τίς
2488 4019 2527 4088 ἠ
2558 4022 2929 4089 πρόσληψις,
2966 4025 3017 4076 εί
3051 4021 3139 4109 μὴ
3187 4022 3299 4094 ζωὴ
3345 4025 3416 4080 ἐκ
3465 4024 3741 4101 ruptor;

2149 4112 2214 4164 Ei
2240 4111 2352 4181 γὰρ
2378 4109 2583 4164 τούτων
2614 4112 3054 4183 ἀπιστησάντων,
3091 4115 3247 4188 φησὶ,
3278 4117 3626 4191 προσελήφθη
3667 4122 3744 4175 τὰ

2149 4201 2300 4273 ἔθνη,
2335 4201 2432 4255 καὶ
2463 4203 2561 4274 τῆς
2593 4204 2864 4275 προτέρας
2913 4206 3136 4275 ἀγνοίας
3182 4207 3553 4282 ἠλευθερώθη,
3574 4212 3743 4282 δῆλον

2148 4290 2224 4355 ὡς
2244 4293 2292 4344 εί
2326 4291 2527 4356 πάντες
2551 4286 2696 4347 οὗτοι
2718 4294 3008 4368 πιστεῦσαι
3034 4293 3340 4366 θελήσαιεν,
3368 4297 3520 4351 οὐδὲν
3545 4298 3742 4368 ἕτερον

2150 4381 2527 4447 ὑπολείπεται,
2552 4382 2585 4453 ἦ
2618 4384 2680 4436 τὸ
2702 4383 2957 4453 γενέσθαι
2995 4383 3105 4438 τῶν
3135 4386 3346 4456 νεκρῶν
3374 4386 3470 4458 τὴν
3497 4388 3744 4443 ἀνάστα-

2150 4491 2255 4529 σιν.
2280 4474 2453 4528 Τοῦτο
2482 4473 2539 4527 δὲ
2572 4475 2666 4529 καὶ⁵
2694 4475 2722 4528 ὁ
2749 4474 2954 4547 Κύριος
2990 4476 3118 4548 ἔφη’
3159 4496 3177 4529 ι
3207 4479 3628 4551 Κηρυχθήσεται
3671 4483 3741 4536 τὸ

464 4569 816 4642 Evangelium
845 4568 948 4624 hoc
974 4568 1131 4639 regni
1158 4566 1215 4621 in
1249 4579 1439 4621 omnes
1470 4573 1659 4635 gentes
1690 4563 1745 4617 in
1792 4562 2043 4617 testimo-

2161 4565 2481 4634 Εὑαγγέλιον
2521 4565 2677 4620 τοῦτο
2727 4566 2827 4638 τῆς
2860 4567 3138 4636 βασιλείας
3166 4571 3246 4633 εἰς
3286 4570 3463 4624 πάντα
3491 4570 3558 4625 τά
3602 4571 3738 4645 ἔθνη

464 4663 616 4716 nium
660 4660 819 4732 ipsis,
854 4666 909 4714 et
940 4666 1073 4713 tunc
1116 4656 1300 4712 veniet
1347 4654 1473 4710 linis
1492 4663 1540 4707 8.
1585 4672 1605 4707 ι
1661 4652 1816 4709 Scire
1860 4661 2042 4708 autem

2161 4660 2224 4721 εἰς
2253 4656 2551 4729 μαρτύριον
2570 4658 2774 4724 αὐτοῖς,
2804 4660 2899 4714 καὶ
2913 4660 3033 4713 τότε
3057 4662 3177 4732 ἥξει
3198 4658 3269 4715 ab
3285 4662 3454 4726 τέλος.
3481 4682 3499 4714 ι
3520 4662 3738 4720 Είδέναι

461 4759 696 4824 oportet,
731 4750 876 4822 quod
905 4748 1127 4804 divinus
1170 4747 1287 4803 haec
1316 4747 1516 4802 dixerit
1555 4745 1878 4819 Apostolus,
1911 4760 2045 4816 pru-

2161 4749 2335 4820 μέντοι
2381 4749 2510 4821 χρὴ,
2541 4750 2617 4814 ὡς
2643 4748 2819 4805 ταῦτα
2866 4752 2895 4804 ὁ
2944 4751 3085 4815 θεῖος
3119 4753 3440 4818 Ἀπόστολος
3474 4755 3697 4826 εἴρηκεν
3720 4797 3737 4819 ,

461 4844 610 4915 denti
645 4843 879 4899 consilio
911 4842 1221 4897 orationem
1260 4855 1599 4910 componens
1634 4856 1647 4893 :
1679 4850 1791 4895 tum
1823 4855 1919 4895 eos
1949 4839 2043 4910 qui

2161 4838 2508 4909 >ἰκονομικῶς
2565 4840 2988 4904 κατασκευάζων
3036 4844 3129 4896 τὸν
3172 4843 3359 4914 λόγον’
3390 4847 3485 4903 καὶ
3509 4847 3635 4911 τούς
3667 4865 3735 4902 τε

462 4935 812 4991 crediderunt
840 4948 949 4989 non
981 4931 1147 4987 nimis
1174 4939 1495 5003 arroganter
1521 4931 1587 4989 de
1618 4947 1678 4988 se
1705 4934 1911 4989 sentire
1942 4933 2045 4990 do-

2161 4931 2206 4996 ιξ
2231 4930 2399 4985 ὲθνῶν
2430 4933 2866 4997 πεπιστευκότας
2911 4940 3324 5007 μετριοφρονεῖν
3366 4939 3731 5005 ὲκπαιδεύων,

461 5045 612 5095 cens,
638 5038 753 5082 tum
774 5024 980 5081 Judzcis
1003 5038 1113 5078 non
1144 5022 1497 5080 credentibus
1520 5039 1743 5079 manum
1769 5025 2044 5095 praebens,

2161 5024 2373 5087 καὶτοῖς
2402 5022 2695 5078 ἀπιστοῦσι
2721 5024 2828 5079 τῶν
2861 5026 3133 5085 Ἰουδαίων
3188 5031 3347 5104 χεῖρα
3376 5031 3603 5104 ὀρέγων,
3632 5036 3734 5090 καὶ

461 5134 525 5174 ac
574 5118 809 5175 salutem
857 5131 926 5172 ex
971 5116 1295 5187 paenitentia
1347 5115 1646 5187 parandam
1700 5117 2044 5191 signiﬁcans.

2161 5119 2243 5191 τὴν
2272 5118 2338 5171 ὲκ
2356 5117 2459 5189 τῆς
2511 5120 2875 5192 μεταμελείας
2908 5123 3229 5190 ὑποδεικνὺς
3266 5126 3560 5200 σωτηρίαν.
3615 5131 3732 5184 Καὶ

461 5209 617 5275 Quod
655 5206 951 5278 sequentia
981 5206 1180 5262 docent
1211 5209 1477 5278 apertius.

2161 5209 2305 5265 τοῦτο
2328 5208 2399 5263 τὰ
2428 5208 2558 5278 ἑξῆς
2577 5210 2817 5267 διδάσκει
2853 5213 3210 5287 σαφέστερον.

529 5298 695 5353 Vsus.
727 5298 904 5367 16-18.
939 5297 1096 5364 Quod
1133 5299 1180 5354 si
1211 5298 1463 5355 delibatio
1493 5311 1702 5369 sancta,
1736 5310 1787 5383 et
1816 5317 1994 5361 massa
2024 5321 2045 5360 :

2217 5306 2418 5375 ιςόιη’.
2446 5303 2515 5357 Et
2553 5302 2623 5357 δὲ
2654 5305 2692 5374 ἠ
2726 5305 2970 5379 ἀπαρχὴ
3005 5307 3167 5381 ἁγία,
3193 5309 3296 5366 καί
3342 5308 3410 5366 τὸ
3444 5310 3723 5381 φύραμα*

535 5456 559 5493 δ
601 5451 789 5509 Matth.
818 5470 964 5520 utv,
1000 5455 1088 5512 14.

1766 5594 2001 5651 VARIAE
2037 5596 2441 5657 LECTIONES.

511 5735 555 5761 ""
581 5735 743 5804 «mp6.
774 5734 927 5790 deest
948 5736 1006 5791 in
1032 5742 1100 5801 Α.
1174 5739 1220 5772 ⁸⁷
1254 5740 1299 5791 Λ
1333 5748 1387 5794 et
1420 5738 1458 5792 Β
1486 5740 1719 5795 δεδιέναι
1765 5740 1844 5796 ita
1875 5741 2039 5795 etiam
2071 5750 2258 5799 textus
2292 5744 2460 5800 Sirm.
2487 5746 2553 5801 ad
2588 5762 2735 5802 vers.
2767 5748 2856 5801 21.

455 5803 499 5834 ”⁰
532 5803 832 5872 ἑγὼηνωι
865 5807 918 5859 in
950 5807 1012 5861 B.

452 5874 742 5933 lectionem
782 5885 982 5934 servat.

1105 5808 1149 5841 Η
1174 5749 1217 5772 υτ
1254 5749 1299 5791 Λ
1333 5749 1387 5794 et
1420 5749 1458 5792 tt
1486 5749 1719 5823 δεδιέναι
1765 5749 1844 5823 tta
1875 5749 2039 5795 etiam
2071 5750 2258 5799 textus
2292 5749 2460 5800 Sirm.
2487 5749 2553 5801 ad
2588 5762 2735 5802 vers.
2767 5749 2856 5801 2i.
2935 5749 2982 5783 ⁸⁸
3002 5750 3048 5802 Α
3078 5751 3424 5823 προτρέπων.
3503 5754 3549 5788 ⁶⁹
3575 5752 3618 5808 Β
3641 5756 3719 5811 δέ.

1182 5808 1391 5863 δοξάσω
1423 5811 1553 5863 ιθαιι
1594 5811 1737 5863 tnfra
1770 5829 1822 5863 ιιι
1858 5824 2180 5863 arautnento
2211 5814 2364 5863 Enist
2417 5816 2483 5863 ad
2518 5817 2793 5863 Heilman.
2832 5819 2923 5863 ml
2956 5818 3021 5863 ad
3055 5818 3074 5863 1
3105 5821 3211 5863 nm-
3267 5839 3355 5863 nr
3395 5823 3429 5863 ﬂ
3478 5838 3719 5863 ηηεινιη..

1212 5809 1391 5878 οξάσω
1423 5811 1553 5883 legit
1594 5811 1737 5867 infra
1769 5811 1822 5867 in
1858 5824 2180 5882 argumento
2210 5814 2364 5887 Epist
2417 5816 2484 5872 ad
2517 5817 2797 5890 Hebraeos,
2832 5819 2925 5875 sed
2956 5818 3022 5873 ad
3054 5818 3074 5875 l
3105 5809 3231 5880 Cor:
3267 5839 3361 5892 nt,
3395 5823 3447 5894 6,
3476 5809 3721 5884 nostram
