4034 6450
446 454 547 521 179

1467 456 1959 521 THEODORETI
1996 459 2338 521 EPISCOPI
2372 462 2743 528 CYRENSIS

3596 476 3696 545 180

440 581 545 621 nec
576 564 886 633 antiquum,
906 562 1001 621 sed
1026 564 1390 620 domesticum
1410 572 1463 619 et
1491 580 1711 622 recens.
1747 565 1855 623 Eos
1876 567 2000 621 enin

2126 567 2310 624 κολίαν
2344 573 2606 642 ἐπέδειξε,
2651 578 2744 630 καὶ
2773 575 2950 648 τίθησι
2981 582 3346 654 παράδειγμα,
3389 583 3512 640 οὔτε
3543 588 3695 643 ἀλλά»

440 660 591 714 iosos
614 658 682 713 ad
714 656 880 728 hujus
910 657 989 712 rei
1022 657 1401 731 testimonium
1442 666 1618 725 vocat,
1652 667 1704 714 et
1736 658 1870 714 dicit
1899 676 1911 712 :

512 853 675 910 Vens.
708 853 802 911 24.
835 852 978 908 Nam
1006 857 1051 909 si
1077 864 1131 907 tu
1161 870 1227 909 ex
1254 857 1491 909 naturali
1524 857 1733 913 excisus
1778 875 1832 913 es
1876 860 2019 913 oleas

438 954 569 1012 stro,
602 954 654 999 et
683 954 868 999 contra
920 955 1171 999 naturam
1221 947 1448 1001 insertus
1487 965 1540 1002 es
1588 949 1644 1002 in
1691 950 1882 1003 bonam
1913 951 2018 1004 oli-

436 1053 556 1090 vam
585 1053 604 1090 :
629 1045 825 1107 quanto
852 1036 1019 1107 magis
1057 1038 1118 1102 ii,
1148 1038 1239 1106 qui
1279 1049 1401 1092 sunt
1430 1040 1717 1094 secundant
1744 1051 2011 1106 naturam,

436 1130 733 1182 inserentur
784 1145 894 1182 sua:
954 1129 1143 1184 olivae?
1185 1128 1359 1195 Situ,
1411 1146 1538 1186 cum
1592 1149 1745 1188 esses
1773 1135 2016 1191 oleaster

435 1220 640 1290 (neque
673 1219 822 1275 enim
854 1221 1099 1276 habebas
1135 1222 1310 1293 legem
1343 1239 1464 1294 qua:
1498 1235 1551 1280 te
1580 1222 1879 1292 excoleret,
1914 1244 2015 1283 nec

432 1312 753 1382 praplietas,
789 1315 881 1381 qui
907 1323 960 1368 te
997 1313 1296 1384 irrigarent
1322 1322 1378 1370 et
1412 1324 1734 1386 purgarent,
1762 1326 1816 1372 et
1855 1317 2014 1388 debi-

434 1411 546 1457 tam
588 1407 667 1457 tui
710 1418 904 1458 curam
943 1406 1244 1476 gererent),
1271 1405 1339 1460 ab
1376 1406 1563 1476 impiis
1599 1408 1922 1476 parentibus
1954 1418 2015 1465 et

433 1495 691 1565 cognatis
747 1504 1038 1566 separatus
1092 1512 1175 1561 es,
1227 1496 1462 1567 ﬁdeique
1507 1498 1742 1553 Abrahae
1784 1498 2012 1555 effectus

436 1585 734 1656 particeps,
765 1593 821 1641 et
858 1586 1008 1641 hunc
1048 1587 1308 1658 gloriaris
1344 1597 1397 1643 te
1432 1588 1634 1657 habere
1672 1589 1938 1657 radicem,
1960 1601 2012 1647 et

437 1685 671 1745 patrem,
699 1690 762 1731 ac
793 1678 1223 1748 progenitorem,
1248 1694 1357 1735 non
1384 1680 1502 1752 lege
1530 1682 1751 1751 quidem
1776 1691 2007 1750 naturae,

437 1765 597 1837 124
629 1767 725 1822 sed
757 1769 773 1790 ⁸
799 1783 866 1823 ex
895 1768 1086 1823 divina
1107 1770 1449 1838 liberalitate
1483 1790 1496 1826 :
1526 1773 1699 1827 multo
1720 1773 2012 1844 utiqueju-

434 1857 575 1913 stius
607 1865 662 1913 et
689 1860 1002 1918 naturalius
1031 1860 1089 1915 hi
1118 1877 1245 1916 cum
1282 1864 1535 1932 credent,
1565 1867 1802 1935 prOpriae
1834 1864 2006 1920 radici

432 1950 859 2022 conjungentur.‘
886 1952 1011 2009 Hac
1033 1962 1238 2019 autem,
1268 1965 1326 2009 ut
1356 1956 1716 2023 dicebam,eo
1754 1957 1911 2022 dicit,
1949 1963 2007 2011 ut

430 2048 485 2095 ct
506 2057 602 2097 eos
628 2043 719 2111 qui
749 2059 816 2099 ex
856 2045 1110 2111 gentibus
1148 2046 1523 2111 crediderunt,
1561 2047 1884 2104 modestiam
1916 2049 2008 2103 do-

431 2138 570 2197 ceat,
623 2141 678 2187 et
699 2150 793 2189 eos
821 2136 916 2205 qui
951 2154 1015 2190 ex
1044 2136 1251 2193 Judasis
1279 2153 1388 2193 non
1418 2139 1793 2204 crediderunt,
1825 2140 1893 2193 ad
1916 2155 2006 2195 sa-

432 2225 598 2279 lutem
649 2226 920 2281 hortetur.
954 2224 1052 2284 His
1096 2236 1277 2285 autem
1328 2232 1850 2287 conveniuntctiam
1882 2247 2003 2303 qua:

428 2324 757 2386 sequuntur.

503 2408 667 2467 Vsus.
696 2413 787 2467 25.
818 2412 960 2468 Nolo
985 2416 1124 2469 enim
1151 2433 1239 2472 vos
1272 2418 1538 2487 ignorare,
1562 2418 1779 2487 fratres,
1807 2427 2002 2490 myste-

426 2505 566 2555 rium
588 2502 704 2567 hoc,
730 2513 785 2558 ut
808 2521 911 2559 non
931 2506 1049 2561 sitis
1075 2506 1216 2561 vobis
1235 2508 1362 2575 ipsis
1381 2508 1659 2575 sapientes.
1680 2506 2000 2578 Mysterium

426 2604 532 2660 est,
573 2595 844 2664 quodnon
880 2604 965 2653 est
997 2602 1185 2652 ‘notum
1218 2598 1499 2661 omnibus,
1521 2598 1615 2652 sed
1648 2598 1716 2653 iis
1744 2599 1878 2654 solis
1905 2599 2000 2669 qui

425 2686 731 2741 conﬁdunt.
764 2686 909 2742 Dicit
959 2703 1088 2759 ergo
1118 2707 1131 2744 :
1172 2687 1309 2743 Volo
1339 2704 1437 2745 vos
1475 2690 1621 2745 scire
1653 2689 1801 2759 quod
1844 2689 2002 2745 novi-

428 2794 549 2833 mus
577 2778 643 2834 de
673 2792 734 2834 re
768 2782 1053 2850 proposita
1088 2780 1437 2853 mysterium,
1470 2796 1540 2837 ne
1567 2796 1668 2837 vos
1690 2796 1813 2836 esse
1844 2782 2000 2838 valde

425 2874 728 2941 prudentes
782 2877 911 2939 rati,
968 2876 1108 2930 altos
1181 2874 1309 2931 inde
1366 2876 1596 2946 spiritus
1650 2876 1996 2946 concipiatis.

425 2966 577 3031 Quod
606 2972 693 3023 est
728 2976 911 3021 autem
948 2968 1273 3039 mysterium
1301 2967 1325 3021 ‘i
1349 2967 1486 3032 Quia
1519 2968 1729 3021 cwcitas
1757 2983 1823 3021 ex
1848 2977 2000 3037 parte

425 3053 640 3122 conligit
672 3055 727 3106 in
755 3051 948 3119 Israel,
979 3055 1143 3108 donec
1181 3055 1455 3124 plenitudo
1483 3059 1717 3126 gentium
1749 3057 1996 3123 intraret,

422 3150 470 3193 et
498 3143 574 3196 sic
620 3144 792 3198 omnis
829 3142 1005 3198 Israel
1037 3145 1217 3200 salvus
1246 3146 1415 3215 ﬂeret.
1448 3146 1588 3202 Illud
1621 3162 1687 3201 ex
1721 3156 1999 3224 partepo-

424 3234 554 3298 suit,
594 3232 799 3291 docens
845 3252 957 3291 non
1006 3252 1200 3294 omnes
1240 3237 1410 3295 fuisse
1458 3240 1796 3306 incredulos,
1838 3241 1995 3295 multi

422 3328 566 3382 enim
600 3328 767 3383 etiam
819 3344 882 3384 ex
917 3330 1028 3384 illis
1075 3330 1450 3387 crediderunt.
1500 3330 1766 3388 Hortatur
1816 3340 1998 3388 autem

424 3430 483 3476 ut
517 3438 618 3479 nec
654 3423 887 3477 aliorum
919 3427 1151 3480 salutem
1177 3425 1489 3497 desperent.
1522 3426 1815 3497 Postquam
1852 3426 1998 3482 enim

420 3524 612 3584 gentes
652 3515 1097 3585 praedicationem
1129 3520 1497 3589 susceperint,
1526 3520 1605 3574 illi
1657 3520 1823 3575 etiam
1877 3534 2001 3574 cre-

425 3609 579 3672 dent,
610 3608 701 3669 ubi
728 3622 962 3679 magnus
990 3609 1134 3666 Elias
1174 3612 1407 3678 venerit,
1441 3618 1496 3666 et
1530 3610 1653 3666 ﬁdei
1689 3611 1996 3666 doctrinam

422 3698 532 3752 illis
562 3698 831 3755 attulerit.
864 3698 980 3756 Hoc
1021 3702 1165 3755 enim
1208 3701 1475 3759 Dominus
1508 3720 1728 3774 quoque
1761 3703 1895 3758 dicit
1941 3704 1996 3758 in

423 3789 597 3843 sacris
628 3788 940 3860 Evangeliis
972 3810 984 3846 :
1023 3811 1053 3859 ιν
1093 3792 1244 3850 Elias
1272 3803 1541 3850 venturus
1576 3803 1683 3860 est,
1724 3803 1778 3849 et
1834 3795 1995 3850 resti-

422 3867 535 3935 tuet
584 3881 767 3935 omnia
817 3882 867 3937 ιι.
929 3902 948 3936 ι
1013 3882 1207 3942 Posuit
1243 3894 1425 3942 autem
1488 3887 1651 3943 etiam
1714 3887 1998 3958 propheta:

418 3971 834 4027 testimonium.‘

490 4241 656 4297 Vens.
685 4241 777 4303 26,
803 4242 893 4298 27.
917 4243 1067 4300 Sicut
1092 4249 1344 4317 scriptam
1375 4261 1489 4305 est:
1522 4250 1701 4304 Veniet
1727 4266 1793 4305 ex
1813 4247 1990 4317 Sione,

2121 676 2290 731 τριον,
2332 662 2456 717 οὗτε
2495 666 2745 732 παλαιὸν,
2792 669 2904 721 ἀλλ’
2947 672 3145 727 οἰκεῖον
3186 664 3455 732 καῖ’νέον.
3490 680 3699 746 Αὐτοὺς

2121 751 2230 821 γὰρ
2258 754 2338 817 είς
2370 758 2678 826 μαρτυρίαν
2709 758 2896 812 τούτου
2931 761 3102 830 καλεῖ,
3139 766 3241 841 καί,
3266 784 3398 837 φησι
3421 782 3436 796 ⁶

2192 843 2289 900 κδ’.
2331 848 2400 899 El
2441 848 2549 916 γὰρ
2592 849 2673 903 σὺ
2716 851 2785 904 ἐκ
2818 851 2929 920 τῆς
2977 856 3128 908 κατὰ
3172 859 3361 925 φύσιν
3400 859 3696 930 ἐξεκόπης

2117 935 2480 1003 ἀγριελαίου,
2530 938 2629 992 καί
2676 939 2835 1009 παρὰ
2876 944 3065 1011 φύσιν
3109 946 3563 1016 ἐνεκεντρίσθης
3607 953 3697 1018 είς

2118 1027 2532 1094 καλλιέλαιον,
2573 1033 2746 1098 πόσῳ
2772 1032 3016 1102 μᾶλλον
3036 1032 3199 1092 οὗτοι
3222 1042 3275 1092 οι
3306 1042 3454 1096 κατὰ
3481 1045 3690 1112 φύσιν,

2115 1118 2725 1195 ἐγκεντρισθήσονται
2744 1123 2821 1193 τῇ
2840 1125 2961 1193 ἰδίᾳ
2976 1127 3150 1196 ἐλαίᾳ
3167 1147 3187 1195 ;
3206 1131 3269 1184 El
3292 1133 3356 1185 σὺ
3378 1134 3693 1206 ἀγριέλαιος

2116 1209 2192 1261 ὢν
2240 1211 2337 1278 (οὐ
2371 1212 2479 1283 γὰρ
2506 1212 2664 1283 ἔσχες
2697 1218 3056 1287 γεωργοῦντα
3086 1221 3176 1274 τὸν
3204 1223 3388 1292 νόμον,
3419 1226 3537 1279 οὐδὲ
3565 1230 3693 1293 τοὺς

2116 1303 2402 1371 προφήτας
2474 1304 2771 1375 ἄρδοντας,
2833 1309 2927 1362 καὶ
2996 1310 3391 1382 καθαίροντος,
3448 1318 3543 1371 καὶ
3594 1318 3693 1391 τὴν

2115 1395 2500 1463 προσήκουσαν
2535 1413 2630 1450 σου
2669 1398 2987 1469 ἐπιμέλειαν
3017 1404 3564 1476 ποιουμένους),’τῶν
3592 1411 3692 1481 μὲν

2112 1482 2390 1537 δυσσεεῐῶν
2420 1486 2724 1558 ὲχωρίσθης
2749 1484 3030 1560 προγόνων
3060 1510 3120 1545 τε
3151 1495 3245 1547 καὶ
3270 1498 3568 1565 συγγενῶν,
3589 1501 3693 1571 τῆς

2112 1573 2169 1626 δὲ
2202 1573 2297 1626 τοῦ
2341 1575 2590 1647 Ἀϐραὰμ
2638 1579 2873 1644 πίστεως
2918 1584 3173 1649 κοινωνὸς
3211 1586 3550 1659 άπεφάνθης,
3594 1593 3691 1646 καὶ

2112 1664 2299 1719 τοῦτον
2328 1667 2515 1738 αὐχεῖς
2548 1670 2731 1741 ῥίζαν,
2773 1675 2868 1726 καὶ
2898 1676 3129 1746 πατέρα,
3174 1679 3270 1731 καὶ
3310 1680 3595 1750 πρόγονον,
3626 1683 3689 1736 οὐ

2112 1757 2254 1811 κατὰ
2291 1757 2455 1825 φύσιν
2499 1762 2685 1832 νόμου,
2733 1764 2870 1819 ἀλλὰ
2906 1766 2995 1820 διὰ
3022 1768 3120 1839 τὴν
3149 1769 3299 1823 θεὶαν
3333 1771 3683 1843 φιλοτιμίαν-ο

2113 1847 2292 1936 πολλῷ
2346 1849 2613 1921 δήπουθεν
2656 1855 3021 1929 εὐλογώτερὸν
3054 1876 3115 1912 τε
3173 1860 3267 1915 καὶ
3319 1863 3689 1936 φυσικώτερον

2113 1934 2257 1994 οὗτοι
2306 1944 2695 2010 πιστεύσαντες
2737 1951 2802 2020 τῇ
2849 1950 3022 2021 οίκείᾳ
3061 1954 3488 2027 συναφθήσονται
3538 1952 3684 2028 ῥίζῃ.

2113 2033 2299 2088 Ταῦτα
2338 2035 2415 2099 δὲ,
2447 2036 2522 2100 ώς
2550 2037 2709 2108 ἔφην,
2741 2040 2909 2109 λέγει,
2944 2044 3187 2110 καὶτοὺς
3219 2046 3279 2111 ἐξ
3319 2046 3487 2100 ὲθνῶν
3519 2064 3686 2118 πεπι-

2113 2127 2406 2191 στευκότας
2442 2130 2756 2200 μετριάζειν
2799 2134 3084 2201 διδάσκων,
3131 2137 3225 2190 καὶ
3277 2139 3404 2202 τοὺς
3451 2140 3685 2212 ἀπιστή-

2112 2234 2313 2282 σαντας
2370 2220 2479 2273 τῶν
2540 2222 2809 2278 Ἰουδαίων
2864 2228 2944 2290 είς
3005 2229 3277 2300 σωτηρίαν
3339 2231 3682 2303 προτρέπων.

2110 2310 2400 2381 Συμφωνεῖ
2425 2313 2481 2367 δὲ
2512 2314 2721 2379 τούτοις
2751 2316 2843 2370 καὶ
2875 2317 2942 2371 τὰ
2978 2320 3124 2390 ἑξῆς.

2182 2412 2279 2461 κε’.
2322 2407 2406 2460 Οὐ
2450 2407 2558 2477 γὰρ
2599 2408 2750 2462 θέλω
2791 2408 2944 2479 ὑμᾶς
2987 2413 3249 2481 ἀγνοεῖν,
3301 2414 3570 2485 ἀδελφοὶ,
3614 2416 3682 2471 τὸ

2102 2496 2444 2567 μυστήριον
2482 2499 2678 2565 τοῦτο,
2722 2500 2931 2570 ἵναμὴ
2960 2498 3067 2572 ἦτε
3103 2507 3238 2574 παρ’
3274 2506 3509 2573 ἑαυτοῖς
3537 2509 3684 2576 φρόέ

2107 2604 2287 2657 rigat.
2338 2591 2652 2661 Μυστήριόν
2696 2595 2813 2646 ἐστι
2850 2594 2914 2647 τὸ
2948 2594 3022 2666 μὴ
3052 2597 3184 2650 πᾶσι
3214 2597 3507 2671 γνώριμον,
3544 2598 3684 2655 ἀλλὰ

2110 2680 2293 2751 μόνοις
2314 2683 2428 2754 τοῖς
2458 2681 2848 2754 θαρρουμένοις
2861 2685 2927 2740 ⁷⁸.
2953 2687 3117 2755 Λέγει
3142 2688 3340 2753 τοίνυν,
3368 2691 3450 2743 ὃτι
3484 2690 3683 2744 Βούλο-

2111 2788 2207 2842 μαι
2230 2773 2374 2843 ὑμᾶς
2406 2774 2594 2845 μαθεῖν
2618 2776 2751 2847 ὅπερ
2775 2778 2997 2849 οἴδαμεν
3022 2780 3148 2850 περὶ
3167 2780 3275 2835 τῶν
3303 2778 3684 2853 προκειμένων

2110 2867 2431 2937 μυστήριον,
2467 2867 2555 2920 ἵνα
2597 2868 2672 2938 μὴ
2707 2869 2913 2940 σφόδρα
2955 2871 3248 2941 ἡγούμενοι
3291 2873 3517 2938 ἑαυτοὺς
3558 2892 3685 2927 συν-

2106 2956 2279 3019 ετοὺς,
2309 2956 2510 3027 ὑψηλὸν
2540 2956 2790 3010 ἐντεῦθεν
2816 2959 3192 3029 είσδέξήσθεη
3216 2962 3490 3032 φρόνημα.
3529 2963 3595 3016 Τί
3625 2964 3683 3018 δὲ

2104 3046 2166 3099 τὸ
2198 3049 2531 3119 μυστήριονς
2581 3049 2709 3103 Ὀτι
2746 3051 3017 3118 πώρωσις
3054 3052 3172 3106 ἀπὸ
3198 3052 3419 3123 μέρους
3443 3053 3524 3120 τῷ
3565 3056 3684 3109 Ἰσ-

2098 3138 2261 3207 ραὴλ
2288 3139 2554 3208 γέγονεν,
2594 3141 2769 3211 ἄχρις
2802 3139 2875 3199 οὗ
2913 3143 2980 3197 τὸ
3018 3145 3310 3215 πλήρωμα
3339 3132 3459 3199 τῶν
3489 3146 3686 3201 ἐθνῶν

2104 3230 2376 3298 εἰσέλθῃ,
2404 3234 2502 3303 καὶ
2547 3234 2701 3287 οὕτω
2739 3232 2860 3300 πᾶς
2912 3236 3160 3303 Ἰσραὴλ
3197 3236 3554 3302 σωθήσεται.
3607 3240 3683 3292 Τὸ

2105 3317 2221 3369 ἀπο
2243 3301 2458 3390 nep-ovi;
2489 3323 2733 3389 τέθεικε,
2775 3325 3043 3380 διδάσκων
3080 3327 3155 3390 ὡς
3204 3328 3265 3381 ού
3297 3330 3495 3392 πάντες
3544 3330 3678 3399 ἡπί-

2104 3430 2352 3484 στησανο.
2393 3414 2577 3468 πολλοὶ
2630 3417 2745 3486 γὰρ
2790 3416 2884 3469 καὶ
2933 3416 2993 3482 ἐξ
3044 3418 3269 3471 ἐκείνων
3326 3419 3675 3476 ἐπίστευσαν.

2054 3530 2059 3535 ·
2101 3506 2399 3577 Παρεγγυᾷ
2434 3506 2491 3559 δὲ
2520 3506 2593 3577 μὴ
2631 3507 2739 3560 τῶν
2783 3507 2956 3561 ἄλλων
3000 3509 3380 3577 ἀπαγορεῦσαι
3422 3512 3521 3581 τὴν
3570 3529 3678 3565 σω-

2099 3599 2293 3670 τηρίαν
2326 3616 2339 3630 ο
2389 3599 2495 3653 τῶν
2540 3599 2650 3671 γὰρ
2705 3600 2873 3654 ἐθνῶν
2922 3599 3232 3671 δεξαμένων
3282 3602 3343 3655 τὸ
3378 3605 3673 3674 κήρυγμα,

2100 3690 2515 3744 πιστεύσουσι⁷⁶
2546 3692 2810 3758 κάκεῖνοι,
2851 3693 3006 3746 Ἠλία
3037 3693 3131 3747 τοῦ
3170 3694 3312 3747 πάνυ
3364 3710 3673 3764 παραγενοο

2102 3783 2346 3853 μένου⁷⁷,
2383 3784 2477 3836 καὶ
2516 3786 2616 3854 τῆς
2666 3785 2901 3847 πίστεως
2948 3786 3131 3850 αὐτοῖς
3176 3786 3274 3857 τὴν
3324 3786 3675 3841 διδασκαλίαν

2098 3874 2522 3945 προσφέροντος.
2555 3875 2728 3928 Τοῦτο
2755 3876 2863 3946 γὰρ
2891 3879 2987 3929 καὶ
3014 3878 3041 3929 ὁ
3071 3876 3272 3947 Κύριος
3297 3880 3355 3931 ὲν
3378 3882 3487 3942 τοῖς
3513 3881 3676 3949 ἱεροῖς

2096 3967 2451 4035 Εύαγγε).ίοις
2494 3966 2600 4038 ἔφη
2634 3984 2648 3998 ·
2699 3986 2717 4017 ι
2757 3967 2939 4029 Ἠλίας
2973 3967 3221 4039 ἔρχεται,
3262 3972 3355 4023 καὶ
3397 3972 3676 4025 ἀποκατα-

2099 4060 2286 4129 στήσει
2339 4059 2537 4111 πάντα.
2576 4077 2595 4109 ›
2653 4057 2879 4112 Τέθεικε
2927 4059 2985 4113 δὲ
3030 4061 3123 4113 καὶ
3175 4061 3274 4133 τὴν
3330 4062 3674 4135 προφητικὴν

2097 4149 2424 4221 μαρτυρίαν.
2471 4204 2478 4209 ,
2528 4176 2531 4181 ·

2165 4239 2280 4305 κς’,
2323 4239 2426 4303 κζ’.
2476 4230 2677 4306 Καθὼς
2716 4240 3068 4309 γέγραπταν
3129 4242 3292 4307 Ἥξει
3329 4244 3405 4297 ἐκ
3444 4244 3599 4298 Σιὼν
3640 4247 3675 4298 ό

414 4334 504 4400 qui
543 4333 754 4397 eripiat,
794 4343 847 4388 et
875 4346 1075 4392 avertat
1104 4339 1420 4408 impietatem
1472 4359 1505 4395 a
1542 4341 1763 4395 Iacobo.
1793 4340 1862 4395 Et
1896 4341 1993 4396 hoc

2103 4332 2402 4401 δυόμενος.
2430 4332 2525 4386 καὶ
2548 4331 2913 4400 ἀποστρέψει
2936 4333 3215 4400 ἀσεϐείας
3229 4334 3271 4366 ⁷⁸
3290 4334 3408 4396 ἀπὸ
3444 4337 3667 4389 Ἰακώϐ.

414 4425 524 4478 illis
552 4442 585 4478 α
608 4442 687 4481 me
707 4435 1094 4495 testamentum,
1120 4433 1526 4493 cumabstulero
1548 4441 1763 4499 peccata
1787 4434 1989 4488 eorum'.

417 4515 473 4570 Si
506 4518 618 4572 vita
659 4534 726 4574 ex
759 4520 875 4592 lege
901 4522 1161 4583 instituta,
1188 4526 1282 4579 dat
1319 4525 1476 4594 125
1508 4534 1858 4594 peccatorum
1899 4542 1988 4581 re-

2093 4423 2204 4477 Καὶ
2234 4423 2385 4490 αὕτη
2417 4424 2623 4490 αὐτοῖς
2651 4425 2688 4492 ἠ
2720 4426 2857 4492 παρ’
2885 4425 3032 4493 ἐμοῦ
3068 4426 3345 4493 διαθήκη,
3387 4427 3532 4480 ὅταν
3556 4429 3670 4496 (ig;-

2092 4516 2313 4584 έλωμαι
2342 4515 2445 4581 τὰς
2467 4515 2754 4584 ἁμαρτίας
2779 4514 2994 4568 αὐτῶν.
3018 4513 3080 4568 Ei
3104 4517 3136 4586 ἡ
3161 4515 3303 4570 κατὰ
3325 4517 3487 4586 νόμον
3515 4518 3671 4573 πολι-

411 4609 760 4677 missionem,
786 4629 907 4671 eam
944 4615 1202 4686 praedixit
1233 4631 1416 4670 sermo
1439 4617 1815 4686 propheticus.
1842 4618 1910 4672 At
1942 4619 1985 4673 si

2103 4607 2216 4659 τεία
2244 4605 2496 4677 δωρεῖται
2536 4605 2644 4659 τῶν
2677 4607 3092 4677 ἁμαρτημάτων
3121 4606 3221 4676 τὴν
3248 4609 3459 4675 ἄφεσιν,
3499 4610 3670 4678 αὐτὴν

410 4700 498 4763 lex
528 4702 748 4770 quidem
776 4706 931 4773 punit
955 4721 1053 4761 eos
1076 4709 1166 4776 qui
1199 4707 1548 4776 delinquunt,
1574 4705 1779 4763 Jttdmis
1805 4718 1987 4765 autem

412 4805 633 4860 semper
669 4794 888 4849 crimini
924 4795 1113 4849 datum
1147 4802 1233 4851 est
1266 4796 1411 4864 quod
1444 4796 1618 4866 legem
1655 4799 1988 4868 transgressi

410 4881 544 4946 sint,
572 4882 782 4938 clarum
824 4892 910 4941 est
932 4885 1075 4953 quod
1109 4902 1171 4939 ea
1206 4885 1461 4942 remissio
1494 4888 1832 4959 signiﬁcetur
1868 4906 1989 4959 quae

409 4973 572 5027 datur
617 4990 713 5044 per
747 4975 1106 5044 baptismum.
1142 4975 1315 5031 Vocat
1345 4988 1526 5033 autem
1557 4995 1771 5035 omnem
1811 4979 1988 5037 Israe-

410 5063 515 5118 lem
545 5080 640 5120 eos
665 5065 756 5135 qui
777 5066 1031 5127 credunt.
1057 5067 1172 5122 sive
1194 5067 1308 5122 sint
1336 5085 1401 5123 ex
1428 5068 1653 5137 ludatis,
1682 5073 1983 5128 naturalem

409 5155 794 5223 cognationem
840 5156 1103 5214 habentes
1166 5175 1289 5214 cum
1327 5161 1549 5228 lsraclc,
1591 5165 1708 5221 sive
1748 5181 1812 5221 ex
1853 5182 1985 5237 gen-

409 5243 582 5311 tibus,
616 5245 795 5300 eidem
832 5244 954 5303 ﬁdei
989 5250 1322 5320 cognatione
1356 5253 1658 5325 conjuncti.

504 5490 528 5529 ιι
581 5490 773 5550 Matth.
805 5505 948 5557 xvu,
974 5495 1029 5547 2.

2093 4702 2122 4751 ὁ
2151 4699 2486 4769 προφητικὸς
2517 4696 2874 4769 προεθέσπισε
2916 4697 3094 4768 λόγος.
3142 4701 3203 4753 El
3233 4700 3289 4754 δὲ
3324 4702 3540 4764 κολάζει
3570 4702 3671 4772 μὲν

2091 4790 2119 4843 ὁ
2145 4789 2462 4861 νόμοςντοὺς
2492 4788 2952 4859 παραϐαίνοντας,
2998 4789 3086 4841 ἀεὶ
3115 4790 3172 4843 δὲ
3202 4792 3549 4861 παρανομίαν
3582 4794 3672 4843 ὲν·-

2092 4860 2401 4949 εκλήθησαν
2436 4879 2696 4943 Ἰουδαῖοι,
2744 4878 2965 4949 εὔδηλον
2991 4879 3067 4942 ώς
3092 4878 3191 4949 τὴν
3235 4860 3321 4933 διὰ
3349 4881 3442 4934 τοῦ
3477 4881 3669 4951 βαπτί·

2093 4989 2300 5044 σματος
2350 4971 2762 5043 χορηγουμένην
2807 4970 2998 5040 ἄφεσιν
3026 4972 3053 5024 ὁ
3084 4971 3240 5040 λόγος
3266 4972 3434 5044 δηλοῖ.
3483 4974 3668 5029 Πάντα

2090 5065 2149 5116 δὲ
2183 5063 2401 5135 Ἰσραὴλ
2426 5062 2583 5116 καλεῖ
2615 5062 2740 5125 τοὺς
2774 5062 3147 5128 πιστεύοντας,
3180 5064 3290 5117 εἴτε
3317 5062 3376 5129 ἐξ
3398 5066 3669 5120 Ἰουδαίων

2091 5151 2221 5220 εἷεν,
2248 5156 2348 5226 τὴν
2376 5153 2610 5225 φυσικὴν
2639 5154 2953 5222 συγγένειαν
2976 5154 3111 5225 πρὸς
3138 5154 3229 5208 τὸν
3270 5155 3485 5228 Ἰσραὴλ
3517 5157 3669 5227 ἔχον-

2089 5263 2202 5309 τες,
2237 5243 2347 5298 εἴτε
2396 5242 2456 5309 ἐξ
2502 5242 2693 5308 ἐθνῶν,
2724 5242 2871 5297 κατὰ
2897 5241 2995 5314 τὴν
3040 5243 3139 5315 τῆς
3184 5243 3421 5308 πίστεως
3467 5247 3668 5316 συγγέ-

2090 5361 2146 5396 νε
2155 5358 2236 5392 ι-αν
2252 5341 2297 5371 ⁷ο
2328 5335 2477 5406 αὐτῷ
2510 5335 2921 5406 συναπτόμενα.
3447 5352 3451 5356 ’

1727 5594 1959 5651 VARI/E2
1992 5594 2394 5653 LECTIONES.

482 5748 627 5831 "Alta
662 5749 1254 5831 restituimusex_A_et
1294 5753 1352 5808 Β.
1381 5753 1545 5831 S_irm.
1570 5763 1751 5831 tentus
1774 5756 2033 5812 habebat:
2065 5755 2476 5831 θεωρουμένοις,
2507 5758 2652 5831 quod
2693 5768 2745 5815 et
2768 5757 3037 5817 Hervetus
3069 5764 3359 5831 expressit.
3434 5763 3482 5795 "'
3511 5765 3547 5817 Α
3577 5765 3662 5817 δέ-

409 5812 588 5898 ξησθε.
662 5821 708 5851 ⁷⁸
741 5820 814 5874 Ita
845 5829 897 5875 et
928 5821 988 5875 Α.
1017 5822 1121 5879 Sed
1157 5823 1197 5876 Β
1226 5825 1566 5880 πιστεύουσι.
1637 5828 1680 5858 ⁷⁷
1708 5829 1749 5880 Α
1794 5812 2252 5898 παρα-μνωμένου.
2277 5812 2289 5829 ’
2324 5829 2367 5860 ⁷⁸
2397 5812 2697 5893 θ’ἆσεθεῖς.
2778 5833 2824 5864 ⁷⁸
2858 5831 2933 5886 Ita
2968 5834 3031 5887 A.
3064 5812 3386 5890 Sirnwndtts
3431 5834 3662 5889 habebat

404 5887 702 5958 εὐγένειαν.
