4034 6414
494 444 595 507 15.1.3

1472 442 1961 505 THEODORETI
1995 443 2336 504 EPISCOPl
2365 441 2733 504 CYRENSIS

3654 438 3757 505 184’

492 570 579 612 me
618 553 737 609 Dei.
776 552 921 608 Oltm
976 566 1122 607 entm
1156 564 1187 605 a
1215 565 1484 622 pl‘lllCtpiO
1512 550 1628 606 hate
1659 553 1815 623 127
1849 553 2068 624 praesci-

2177 551 2354 607 Θεοῦ]
2393 550 2633 605 Ἂνωθεν
2675 548 2787 619 γὰρ
2815 550 2906 602 καὶ
2939 549 2997 614 ἐξ
3034 549 3208 621 ἀρχῆς
3250 551 3425 609 ταῦτα
3475 553 3749 621 προέγνων

490 650 601 713 vit;
632 655 686 701 et
706 661 834 701 eum
874 645 1264 714 prmscivisset,
1302 644 1583 715 sapienter
1633 645 1967 712 constituit;
2013 652 2071 699 et

491 737 857 800 constituens,
911 750 1024 791 suae
1074 733 1436 804 benignitatis
1508 733 1733 787 divitias
1805 733 2069 807 ostendit.

492 830 665 894 Quam
683 827 1224 896 incomprehensibilia
1246 834 1369 881 sunt
1387 824 1598 895 judicia
1629 829 1765 895 ejus,
1790 835 1839 879 et
1864 827 2075 880 investi-

491 921 694 991 gabiles
718 922 815 976 ria:
848 920 998 989 ejus!
1031 919 1350 991 Divinarum
1404 918 1886 988 dispensationum
1928 920 2072 973 ratio

492 1013 695 1066 mentis
759 1011 1007 1064 humanae
1060 1015 1282 1078 captum
1335 1014 1604 1077 superat:
1661 1016 1714 1060 et
1768 1005 2074 1059 invisibiles

494 1103 626 1171 ipsae
649 1108 953 1171 potestates
986 1099 1083 1155 Dei
1118 1100 1507 1155 universorum
1537 1100 1942 1172 providentiam
1979 1116 2071 1157 as-

490 1192 645 1263 sequi
681 1207 787 1246 non
826 1198 1077 1262 possunt.

562 1285 730 1341 Vsus.
758 1284 849 1350 54,
876 1284 965 1340 55.
993 1283 1124 1350 Quis
1151 1283 1288 1338 enim
1315 1284 1554 1353 cognovit
1582 1300 1791 1340 sensum
1822 1284 2074 1340 Domini?

492 1386 584 1430 aut
617 1378 734 1447 quis
774 1374 1114 1430 consiliarius
1154 1375 1268 1445 ejus
1294 1374 1443 1444 fuit?
1485 1372 1591 1430 Vel
1630 1378 1747 1447 quis
1797 1378 1946 1447 prior
1988 1377 2073 1431 illi

490 1470 659 1532 dedit,
701 1478 750 1523 et
788 1468 1110 1522 retribuelur
1136 1467 1230 1522 ei?
1261 1466 1385 1522 Hzee
1430 1466 1537 1520 tria
1583 1468 1762 1543 tribus
1791 1470 2071 1539 opposuit,

491 1558 721 1623 divitiis,
746 1557 1049 1628 sapientiae,
1093 1566 1145 1612 et
1170 1556 1438 1622 scientiae.
1466 1556 1606 1614 Illud
1636 1556 1854 1626 quidem
1888 1576 1900 1612 :
1938 1559 2071 1627 Quis

491 1650 637 1703 nouit
687 1664 898 1703 sensum
930 1647 1195 1701 Domini?
1226 1647 1490 1703 scientiae.
1526 1648 1640 1706 lloc
1673 1660 1852 1706 autem
1890 1671 1904 1706 :
1941 1652 2071 1717 Quis
2095 1680 2118 1697 ο

491 1736 831 1791 consiliarius
864 1736 979 1805 ejus
1024 1736 1177 1806 fuit?
1213 1736 1521 1805 sapientiae.
1553 1736 1685 1803 Quis
1719 1747 1899 1794 autem
1921 1742 2073 1806 prior

491 1827 655 1887 dedit,
705 1834 755 1890 et
810 1824 1129 1879 retribuetur
1180 1824 1269 1880 ei?
1301 1822 1533 1879 divitiis.
1561 1823 1714 1880 Adeo
1762 1826 1909 1880 enim
1965 1827 2070 1881 im-

2173 642 2267 695 καὶ
2297 642 2565 713 προγνοὺς
2602 638 3154 711 σοφῶς,ιξ›κονόμησε,
3205 642 3298 694 καὶ
3326 642 3626 714 οἰκονομῶν
3653 645 3754 714 τῆς

2174 728 2587 801 φιλανθρωπίας
2646 728 2740 781 τὸν
2788 726 3015 783 πλοῦτον
3073 729 3368 797 ὑπέδειξεν.
3430 732 3528 798 Ὧς
3574 734 3754 799 dri-

2173 823 2464 891 ερεύνητα
2506 821 2590 878 τὰ,
2613 820 2866 889 κρίματα
2901 822 3111 883 αὐτοῦ,
3154 822 3254 875 καὶ
3302 822 3755 894 ἀνεξιχνίαστοι

2173 914 2232 964 al
2262 910 2390 964 ὁδοί
2413 909 2625 963 αὑτοῦ]
2674 908 3019 979 Ὑπερϐαίνει
3045 910 3104 963 δὲ
3131 910 3222 966 τὸν
3251 911 3378 965 νοῦν
3413 913 3504 967 τὸν
3538 913 3756 985 ἀνθρὼ-

2174 1019 2331 1057 τ.ινον
2365 1002 2473 1056 τῶν
2510 1002 2670 1056 θείων
2708 1002 3029 1073 οἰκονομιῶν
3071 1005 3099 1057 6
3126 1004 3303 1072 λόγος,
3335 1005 3455 1059 οὐδὲ
3501 1010 3622 1070 ταῖς
3663 1008 3757 1062 ao-

2180 1095 2363 1166 ράτοις
2389 1095 2682 1165 δυνάμεσιν
2723 1094 2921 1165 ἐφικτὴ
2956 1094 3050 1148 τοῦ
3080 1094 3215 1149 Θεοῦ
3246 1094 3351 1149 τῶν
3379 1096 3517 1153 ὅλων
3556 1101 3590 1169 ἡ
3622 1116 3758 1170 προ-

2177 1187 2400 1258 μήθεια.

2239 1279 2332 1345 λδ’,
2368 1278 2461 1331 λε’.
2507 1277 2607 1344 Τίς
2636 1278 2746 1347 γὰρ
2773 1277 2927 1348 ἔγνω
2954 1278 3108 1332 γοῦν
3133 1279 3391 1347 Kvplov;
3431 1281 3469 1349 ἣ
3498 1281 3589 1347 τίς
3610 1282 3757 1350 0'25”-

2176 1372 2395 1437 ϐουλος
2420 1370 2605 1425 αὐτοῦ
2628 1369 2897 1439 ἐγένετο;
2924 1369 2961 1437 ἢ
2989 1370 3044 1423 τί
3048 1390 3080 1434 ς
3097 1370 3433 1438 προέδωκεν
3454 1374 3635 1440 αὐτῷ,
3655 1373 3759 1428 καί

2174 1461 2729 1527 ἀνταποδοθήσεται
2758 1462 2955 1526 αὐτῷ;
3004 1462 3083 1515 Τὰ
3127 1461 3253 1531 τρία
3291 1462 3462 1517 ταῦτα
3507 1463 3644 1535 πρὸς
3686 1465 3760 1519 τὰ

2173 1550 2301 1623 τρία
2343 1551 2574 1615 τέθεικε,
2614 1550 2705 1603 τὸν
2738 1550 2987 1617 πλοῦτον,
3020 1551 3115 1604 καὶ
3142 1553 3242 1622 τὴν
3276 1552 3487 1622 σοφίαν,
3531 1555 3625 1607 καὶ
3655 1554 3757 1625 τὴν

2173 1643 2375 1712 γνῶσιν
2402 1657 2416 1672 '
2465 1641 2525 1694 τὸ
2566 1643 2683 1710 μὲν,
2717 1640 2815 1708 Τίς
2841 1642 2993 1711 ἔγνω
3023 1643 3176 1697 γοῦν
3204 1645 3447 1712 Κυρίου,
3489 1645 3624 1716 πρὸς
3655 1647 3758 1719 τὴν

2175 1734 2375 1803 γνῶσιν
2404 1750 2418 1763 ·
2480 1734 2542 1787 τὸ
2586 1734 2665 1797 δὲ,
2722 1734 2819 1799 Τίς
2865 1734 3211 1804 σύμϐουλος
3259 1735 3448 1790 αὐτοῦ
3493 1738 3756 1806 ἐγένετο,

2175 1827 2312 1898 πρὸς
2336 1825 2436 1897 τὴν
2469 1825 2662 1895 σοφίαν
2685 1841 2701 1856 ’
2751 1824 2811 1878 τὸ
2836 1824 2914 1891 δὲ,
2945 1823 3044 1891 Τίς
3075 1824 3412 1893 προέδωκεν
3436 1828 3617 1896 αὐτῷ,
3654 1830 3757 1884 καὶ

490 1933 694 1974 mensae
742 1924 872 1972 sunt
922 1915 1045 1986 ejus
1080 1915 1343 1971 bonitatis
1376 1915 1599 1978 divitiae.
1637 1923 1698 1971 ut
1736 1926 1791 1972 et
1846 1917 1916 1972 iis
1950 1934 2072 1988 quae

2177 1917 2727 1987 ἀνταποδοθήσεται
2745 1917 2906 1984 αὐτῷ
2922 1918 2997 1982 δ’,
3030 1918 3166 1988 πρὸς
3195 1919 3285 1974 τὸν
3319 1919 3565 1974 πλοῦτον.
3599 1919 3761 1976 Οὕτω

488 2023 600 2064 non
614 2014 759 2065 sunt
784 2022 907 2064 esse
932 2006 1168 2072 dederit,
1193 2016 1249 2063 et
1275 2007 1343 2063 iis
1376 2023 1498 2078 quae
1530 2007 1673 2063 facta
1705 2016 1910 2064 suntut
1933 2010 2072 2067 bene

489 2101 604 2156 sint
651 2100 921 2173 largiatur
981 2119 993 2155 :
1040 2108 1094 2155 et
1140 2114 1250 2154 non
1320 2099 1542 2165 reddat,
1606 2100 1703 2156 sed
1758 2099 1848 2157 det
1900 2101 2069 2157 bona.

490 2192 596 2249 Sed
631 2209 755 2249 cum
820 2193 892 2250 sit
946 2193 1238 2263 benignus,
1268 2192 1615 2264 largitionem
1653 2193 2071 2250 retributionem

490 2286 747 2357 appellat.

561 2458 729 2535 Vsus.
768 2461 858 2517 56.
885 2462 1147 2530 Quoniam
1200 2479 1265 2518 ex
1299 2466 1435 2533 ipso,
1484 2474 1535 2519 et
1581 2478 1675 2533 per
1707 2465 1900 2533 ipsum,
1928 2473 1977 2518 et
2017 2464 2072 2517 in

489 2555 603 2624 ipso
645 2564 769 2610 sunt
799 2558 998 2611 omnia.
1037 2554 1151 2622 Ipsi
1182 2555 1354 2627 gloria
1386 2557 1439 2611 in
1470 2556 1691 2611 swcula.
1722 2553 1915 2610 Amen.
1950 2554 2073 2626 Ipso

489 2648 636 2703 enim
666 2648 851 2702 omnia
886 2648 1036 2714 fecit,
1063 2650 1181 2719 ipse
1215 2649 1403 2704 omnia
1442 2664 1565 2719 qua:
1599 2648 1746 2702 facta
1782 2655 1911 2704 sunt
1945 2662 2071 2718 per-

489 2749 655 2808 petuo
686 2741 847 2812 regit.
879 2738 1081 2796 Omnes
1111 2740 1180 2794 ad
1202 2741 1380 2811 ipsum
1409 2742 1684 2811 respicere
1706 2747 1943 2809 oportet,
1972 2754 2072 2809 pro

488 2830 558 2884 tis
607 2844 735 2900 quae
779 2837 1079 2900 suppetunt
1135 2830 1345 2901 gratias
1393 2838 1639 2901 agentes,
1688 2830 1809 2900 ejus
1859 2845 1988 2886 vero
2014 2830 2071 2885 in

489 2929 767 2991 posterum
807 2920 1209 2990 providentiam
1261 2921 1629 2992 postulantes.
1685 2923 1791 2993 Ipsi
1852 2937 2072 2995 quoque

488 3011 647 3067 decet
702 3013 1123 3069 convenientem
1167 3013 1411 3069 tribuere
1464 3014 1755 3069 honorem.
1794 3013 1899 3071 Per
1954 3016 2069 3070 haec

490 3115 671 3160 autem
703 3106 945 3162 ostendit
973 3106 1190 3163 divinus
1214 3107 1535 3178 Apostolus,
1561 3123 1618 3163 se
1660 3109 2067 3178 praepositionis

488 3212 554 3251 ex
595 3214 718 3268 quo,
761 3207 814 3254 et
859 3214 950 3268 per
992 3215 1143 3269 quem
1198 3198 1559 3255 diﬂ‘erentiam
1614 3215 1722 3255 non
1766 3217 1952 3270 nosse,
2003 3219 2066 3259 ac
2097 3252 2167 3270 η.

489 3291 639 3344 illam
667 3291 911 3361 quidem,
945 3299 1005 3345 ut
1036 3307 1159 3361 quae
1194 3292 1401 3362 aliquid
1434 3292 1613 3363 majus
1647 3292 1936 3364 signiﬁcet,
1960 3293 2068 3347 Pa-

439 3408 451 3418 -
486 3384 558 3439 tri
623 3384 946 3450 convenire;
986 3384 1129 3440 hanc
1186 3401 1334 3451 vero,
1369 3394 1428 3440 ut
1459 3401 1580 3456 quae
1625 3371 1834 3457 aliquid
1884 3387 2069 3444 minus

487 3477 710 3544 doceat,
773 3476 935 3532 Filio.
983 3477 1189 3533 Ambas
1236 3478 1383 3533 enim
1444 3479 1500 3534 in
1540 3488 1772 3551 utraque
1830 3496 2069 3551 persona

487 3571 695 3641 posuit.
739 3571 901 3645 128
931 3570 1104 3637 Quam
1134 3572 1249 3627 sive
1287 3571 1468 3628 Patris
1522 3589 1645 3630 esse
1704 3576 1945 3641 dixerint
1972 3576 2065 3645 qui

491 3677 618 3716 cum
665 3660 807 3716 Ario
857 3670 912 3718 et
963 3661 1232 3719 Eunomio
1290 3665 1550 3732 sentiunt,
1597 3667 1877 3723 invenient
1928 3685 2071 3739 prat-

488 3754 774 3824 positioni
813 3770 878 3810 es:
921 3771 1023 3826 quo
1076 3757 1516 3826 praepositionem
1569 3775 1662 3829 per
1721 3776 1871 3830 quem
1943 3776 2069 3817 esse

489 3845 843 3915 conjunctam
900 3866 913 3901 :
974 3848 1088 3903 sive
1142 3847 1282 3903 Filio
1336 3849 1732 3920 adaptaverint,
1799 3852 2068 3910 videbunt

490 3939 860 4009 praepositioni
912 3957 1003 4009 per
1043 3955 1193 4011 quem
1245 3943 1690 4013 praepositionem
1732 3960 1953 4017 quoque
2002 3960 2068 4001 ea:

487 4047 589 4101 quo
618 4046 741 4087 esse
760 4031 1141 4101 .eonjunetam.
1176 4032 1233 4087 Si
1275 4043 1456 4089 autem
1490 4036 1809 4106 praepositio
1851 4053 1918 4091 ea;
1965 4054 2067 4109 quo

488 4121 698 4193 aliquid
746 4122 924 4191 majus
974 4122 1271 4193 signiﬁcat,
1304 4131 1320 4149 ‘
1370 4141 1462 4195 per
1498 4143 1651 4197 quem
1714 4134 1895 4183 autem
1961 4129 2068 4181 mi-

487 4230 615 4277 nus,
646 4221 702 4269 et
742 4212 914 4268 ambae
963 4213 1016 4267 in
1064 4230 1171 4270 una
1211 4230 1444 4287 persona
1500 4218 1695 4286 posita:
1740 4223 1888 4280 sunt,
1922 4216 2067 4272 idem

488 4320 686 4375 nempe
711 4304 894 4375 seipso
915 4306 1093 4376 tnajor
1119 4317 1344 4379 propter
1381 4309 1826 4380 prapositionem
1852 4325 1919 4364 ea:
1942 4325 2064 4375 quo,

488 4405 545 4451 et
574 4412 769 4452 rursus
795 4397 973 4453 minor
997 4408 1219 4470 propter
1260 4418 1353 4470 per
1401 4417 1575 4471 quem,
1604 4401 1912 4457 existimari
1943 4401 2069 4471 jure

489 4487 714 4556 poterit.
748 4487 857 4542 Nos
882 4499 1084 4551 autem.
1119 4491 1206 4545 his
1237 4492 1288 4545 in
1330 4493 1620 4560 praesentia
1661 4491 1869 4557 missis,
1906 4492 2073 4548 Crea-

490 4593 664 4636 torem
707 4588 760 4635 et
812 4579 1157 4637 Servatorem
1212 4591 1466 4639 nostrum
1512 4582 1926 4654 gloriﬁeemus:
1977 4585 2067 4639 cui
2104 4611 2153 4672 ο

489 4674 748 4729 convenit
770 4674 943 4743 gloria
975 4675 1028 4727 in
1071 4676 1270 4729 s:ecula
1297 4676 1650 4729 saeculorum.
1679 4675 1877 4731 Amen.

978 4764 1219 4820 'lOMUS
1258 4764 1587 4833 QUINTUS.

561 4859 839 4917 Bonorum
894 4862 1117 4932 quidem
1174 4873 1409 4922 summa,
1438 4866 1492 4914 et
1524 4875 1714 4915 verum
1744 4860 2073 4919 fundamenc

492 4964 605 5009 tum
646 4964 731 5010 est
788 4956 987 5010 divinae
1020 4961 1230 5009 naturae
1279 4954 1546 5021 cognitio,
1576 4953 1633 5008 in
1677 4969 1911 5025 eamque
1942 4956 2076 5012 ﬁdes

490 5052 545 5095 ct
571 5042 810 5097 adactio.
842 5040 997 5107 Quod
1030 5040 1174 5094 enim
1227 5048 1313 5094 est
1358 5042 1553 5097 oculus
1589 5042 1645 5097 in
1681 5059 1932 5114 corpore,
1963 5045 2067 5102 hoc

488 5138 573 5187 est
595 5130 793 5185 aninne
825 5130 982 5195 ﬁdes,
1008 5134 1064 5181 et
1097 5143 1279 5182 rerum
1311 5128 1623 5185 divinarum
1658 5134 1923 5202 cognitio.
1955 5133 2066 5190 lla-

491 5220 584 5275 bet
607 5229 792 5277 tamen
835 5223 939 5276 ista
971 5234 1082 5289 quo
1105 5235 1194 5287 lue
1222 5235 1361 5291 opus
1391 5224 1571 5278 activa
1604 5224 1806 5280 virtute
1832 5245 1844 5280 :
1875 5243 2069 5295 quem-

493 5311 790 5365 admodum
847 5310 1041 5363 oculus
1104 5312 1389 5375 inanibus,
1442 5321 1497 5366 et
1550 5315 1812 5385 pedibus,
1856 5326 1910 5372 et
1943 5319 2070 5372 aliis

492 5403 746 5470 partibus
778 5402 1052 5469 corporis.
1087 5399 1201 5457 Hae
1229 5402 1297 5458 de
1325 5419 1491 5459 causa
1522 5407 1741 5461 divinus
1768 5408 2068 5478 Apostolus

493 5492 823 5561 dogmatieis
852 5496 1205 5559 sermonibus
1235 5497 1494 5552 moralem
1517 5514 1737 5569 quoque
1759 5499 2066 5556 doctrinam

494 5584 716 5655 adjecit,
776 5585 1230 5657 perfectissimam
1286 5590 1336 5646 in
1394 5593 1553 5649 nobis
1606 5592 1861 5650 virtutem
1907 5595 2067 5650 insti-

2177 2011 2285 2083 γὰρ
2322 2009 2633 2082 ἀμέτρητος
2672 2012 2701 2065 6
2745 2010 2844 2082 τῆς
2876 2010 3211 2081 ὰγαθότητος
3241 2011 3489 2079 πλοῦτος,
3528 2012 3610 2070 ὅτι
3662 2013 3760 2069 καὶ

2174 2106 2286 2168 τοῖς
2316 2103 2392 2175 μὴ
2419 2098 2539 2157 οὖσι
2563 2102 2625 2156 τὸ
2653 2097 2792 2158 εἶναι
2816 2101 3157 2169 δέδωκε,’καὶ
3190 2105 3303 2167 τοῖς
3331 2104 3574 2172 γεγονόσι
3608 2105 3669 2157 τὸ
3696 2099 3756 2171 εὖ

2175 2188 2315 2247 εἶναι
2359 2191 2644 2264 χαρίζεται
2679 2207 2694 2225 ο
2744 2191 2838 2247 καὶ
2863 2192 2963 2246 οὐκ
3000 2192 3355 2255 ἀντιδίδωσιν,
3402 2192 3537 2246 ἀλλὰ
3576 2193 3759 2247 δίδωσι

2173 2290 2243 2344 τὰ
2285 2287 2485 2355 ἀγαθά.
2530 2284 2912 2357 Φιλάνθρωπος
2947 2284 3005 2338 δὲ
3044 2286 3140 2351 ὣν,
3170 2286 3437 2340 ἀντίδοσιν
3485 2284 3582 2358 τὴν
3607 2285 3758 2340 δόσιν

2175 2379 2352 2433 καλεῖ.
3059 2365 3066 2371 ’

2246 2473 2355 2537 λς’.
2395 2472 2524 2526 Ὀτι
2552 2470 2623 2536 ἐξ
2651 2469 2839 2525 αὐτοῦ
2872 2470 2968 2524 καὶ
2998 2470 3074 2524 δι’
3106 2471 3294 2525 αὑτοῦ
3320 2470 3425 2535 ,καί
3453 2474 3540 2538 είς
3567 2469 3760 2525 αὑτὸν

2175 2564 2246 2620 τὰ
2275 2564 2490 2617 πάντα.
2536 2564 2707 2628 Αὐτῷ
2738 2564 2776 2630 ἡ
2806 2562 2956 2626 δόξα
2985 2563 3071 2628 είς
3100 2563 3245 2626 τοὺς
3272 2563 3511 2629 αἰῶνας.
3555 2562 3755 2632 Ἀμήν.

2173 2655 2345 2717 Αὐτὸς
2374 2653 2481 2723 γὰρ
2526 2653 2595 2707 τὰ
2629 2652 2807 2706 πάντα
2846 2651 3166 2721 πεποίηκεν,
3200 2651 3360 2716 αὐτὸς
3388 2651 3457 2705 τὰ
3496 2652 3758 2721 γεγονότα

2172 2745 2405 2800 διατελεῖ
2428 2742 2728 2813 κυϐερνῶν.
2760 2744 2854 2807 Εἰς
2881 2743 3044 2797 αὑτὸν
3072 2744 3280 2815 ἅφορᾷν
3313 2743 3561 2807 ἅπαντας
3591 2761 3761 2815 προσ-

2173 2841 2318 2913 ήκει,
2349 2839 2490 2909 ὑπὲρ
2523 2839 2619 2908 μὲν
2649 2837 2756 2889 τῶν
2784 2822 3139 2908 ὑπαρξάντων
3160 2837 3318 2909 χάριν
3339 2836 3755 2908 ὁμολογοῦντας,

2174 2932 2459 2996 αἰτοῦντας
2509 2931 2566 2983 δὲ
2608 2931 2707 3001 τὴν
2743 2929 2934 2983 ἔπειτα
2963 2930 3322 3000 προμήθειαν.
3367 2929 3524 3000 Αὐτῷ
3557 2929 3754 3001 δὲ-χρὴ

2174 3026 2269 3079 καὶ
2294 3024 2392 3096 τὴν
2420 3024 2803 3096 προσήκουσαν
2824 3021 3167 3091 ἀναπέμπειν
3191 3021 3514 3089 δοξολογίαν.
3544 3020 3755 3087 Ἕδειξε

2173 3119 2231 3173 δὲ
2255 3116 2343 3171 διὰ
2371 3115 2575 3170 τούτων
2606 3117 2633 3168 6
2661 3114 2801 3177 θεῖος
2834 3113 3173 3178 ’Δπὸστολος,
3199 3112 3273 3177 ὡς
3303 3113 3402 3165 οὐκ
3428 3108 3536 3166 οἶδε
3563 3113 3663 3181 τῆς
3687 3112 3759 3175 ἐξ

2173 3205 2246 3267 οὗ
2278 3210 2373 3264 καὶ
2399 3209 2496 3278 τῆς
2521 3207 2594 3261 δι’
2619 3202 2691 3261 οὗ
2720 3204 3028 3277 προθέσεως
3060 3204 3342 3273 διαφορὰν,
3375 3204 3468 3258 καὶ
3498 3204 3597 3274 τὴν
3633 3203 3757 3273 μὲν,

2177 3299 2253 3362 ὡς
2292 3298 2474 3370 μεῖζόν
2506 3314 2561 3349 τι
2591 3297 2978 3367 σημαίνουσαν,
3016 3295 3399 3365 προσήκουσαν
3436 3292 3514 3365 τῷ
3552 3294 3752 3362 Πατρίο

2175 3392 2273 3463 τὴν
2302 3392 2358 3445 δὲ
2378 3432 2393 3456 ,
2441 3391 2518 3454 ὡς
2546 3390 2768 3444 ἔλαττόν
2808 3406 2859 3442 τι
2890 3387 3269 3450 διδάσκουσαν,
3318 3386 3690 3457 ἁρμόττουσαν
3709 3384 3759 3417 ⁸³

2175 3484 2253 3555 τῷ
2283 3484 2417 3555 Υίῷ.
2459 3483 2802 3554 Ἀμφοτέρας
2841 3482 2949 3551 γὰρ
2993 3481 3076 3548 ἐφ’
3106 3480 3224 3543 ἐνὸς
3254 3481 3547 3551 προσώπου
3580 3479 3757 3533 τέθει-

2177 3595 2291 3632 κεν.
2351 3578 2527 3647 Ὅπερ
2573 3574 2684 3628 εἴτε
2732 3575 2827 3629 τοῦ
2880 3574 3094 3645 Πατρὸς
3151 3573 3357 3626 εἴποιεν
3407 3569 3543 3626 εἶναι
3592 3573 3641 3624 οἱ
3684 3572 3758 3624 τὰ

2188 3672 2397 3746 Ἀρείου
2429 3670 2753 3743 φρονοῦντες
2790 3670 2885 3724 καὶ
2922 3668 3205 3738 Εὐνομίου,
3253 3667 3546 3737 εὑρήσουσι
3585 3667 3652 3736 τῇ
3684 3665 3757 3729 ἐξ

2139 3748 2247 3822 ὀὗ
2297 3767 2392 3819 καὶ
2436 3763 2533 3833 τὴν
2584 3762 2656 3816 δι’
2702 3757 2773 3817 οὗ
2823 3758 3303 3829 συζευγνυμένηνο
3355 3757 3465 3828 εἴτε
3520 3756 3597 3826 τῷ
3642 3754 3755 3825 ruga

2176 3855 2641 3928 προσαρμόσαιεν.
2676 3851 2897 3920 ὄψονται
2945 3851 3013 3918 τῇ
3062 3848 3138 3901 δι’
3188 3841 3259 3903 οὗ
3308 3847 3401 3899 καὶ
3448 3845 3543 3915 τὴν
3582 3844 3650 3908 ἐξ
3680 3840 3754 3898 οὗ

2178 3944 2551 4016 συνημμένην.
2596 3942 2659 3994 Εἰ
2690 3940 2748 3992 δὲ
2780 3941 2813 4010 ἡ
2850 3938 2949 4008 μὲν
2981 3938 3050 4003 ἐξ
3081 3934 3151 3994 οὗ
3182 3937 3365 4009 μεῖζόν
3393 3954 3444 3989 τι
3477 3935 3755 4007 σημαίνει,

2176 4040 2208 4109 ἡ
2239 4038 2297 4091 δὲ
2326 4037 2398 4090 δι’
2429 4031 2499 4090 οὗ
2522 4035 2582 4086 τὸ
2603 4033 2844 4097 ἔλαττον,
2868 4031 3174 4101 ἀμφότεραι
3204 4029 3259 4084 δὲ
3285 4031 3370 4100 ἐφ’
3402 4030 3519 4092 ἑνὸς
3548 4030 3757 4081 κεῖνται

2177 4128 2472 4201 προσώπου
2490 4125 2557 4157 ⁸⁵·
2590 4126 2617 4177 6
2636 4117 2801 4186 αὐτὸς
2814 4123 2922 4193 ἄρα
2948 4123 3138 4176 ἑαυτοῦ
3179 4122 3382 4193 μείζων
3412 4120 3511 4193 μὲν
3544 4121 3631 4174 διὰ
3659 4119 3757 4189 τὴν

2176 4220 2247 4285 ἐξ
2296 4213 2398 4281 οὗ,
2450 4216 2685 4269 ἐλάττων
2732 4214 2790 4267 δὲ
2841 4214 2930 4268 διὰ
2978 4214 3078 4285 τῆς
3095 4216 3141 4247 ⁸⁵
3181 4214 3255 4267 δι’
3297 4209 3370 4271 οὗ
3424 4213 3648 4275 είκότως
3688 4211 3760 4264 ἂν

2177 4311 2344 4382 νοηθῇ
2361 4309 2428 4363 ⁸⁸.
2476 4308 2666 4378 Ἡμεῖς
2701 4307 2759 4378 δὲ
2791 4306 3013 4371 τούτους
3045 4307 3137 4360 ἐπὶ
3163 4306 3255 4360 τοῦ
3296 4307 3558 4377 παρόντος
3589 4321 3760 4358 κατα-

2178 4403 2450 4465 λιπόντες,
2490 4400 2582 4453 τδν
2622 4399 2891 4470 ἡμέτερον
2935 4398 3277 4469 Δημιουργόν
3312 4415 3371 4450 τε
3402 4398 3495 4452 καὶ
3527 4397 3760 4467 Σωτῆρα

2177 4495 2522 4563 δοξάσωμεν’
2565 4486 2610 4559 ᾧ
2663 4492 2865 4563 πρέπει
2911 4491 3039 4556 δόξα
3088 4492 3169 4553 είς
3217 4490 3344 4554 τοὺς
3396 4488 3596 4553 αἰῶνας
3645 4487 3760 4541 τῶν

2178 4585 2412 4640 αἰώνων.
2460 4584 2650 4654 Ἀμήν.
2772 4570 2777 4575 ’

2655 4760 2889 4815 ΤΟΜΟΣ
2926 4754 3282 4814 ΠΕΜΠΤΟΣ.

2247 4855 2320 4909 Τὸ
2354 4854 2450 4927 μὲν
2489 4852 2780 4922 κεφάλαιον
2819 4853 2930 4906 τῶν
2966 4850 3209 4920 ἀγαθῶν,
3265 4851 3358 4906 καὶ
3407 4851 3440 4920 ἡ
3477 4850 3683 4923 κρηπὶς
3721 4851 3755 4919 ὴ

2177 4948 2403 5020 ἀληθὴς,
2449 4949 2482 5018 ἡ
2525 4948 2655 5018 περὶ
2702 4947 2802 5015 τῆς
2834 4944 2983 5007 θείας
3037 4944 3254 5013 φύσεως
3307 4942 3543 5010 γνῶσις,
3579 4943 3674 4995 καὶ
3720 4942 3758 5011 ὴ

2179 5041 2308 5112 περὶ
2338 5040 2541 5107 ταύτην
2566 5038 2749 5101 πίστις
2773 5054 2831 5090 τε
2858 5038 2953 5092 καὶ
2978 5036 3234 5100 διάθεσις.
3269 5038 3446 5107 Ὅπερ
3467 5036 3573 5106 γάρ
3608 5035 3758 5088 ἐστιν

2176 5131 2454 5201 ὀφθαλμὸς
2502 5132 2561 5182 ὲν
2616 5128 2849 5199 σώματι,
2900 5126 3164 5197 τοῦτο’τῇ
3205 5126 3348 5197 ψυχῇ
3397 5126 3614 5189 πίστις,
3662 5124 3758 5180 καὶ

2176 5224 2285 5278 τῶν
2316 5223 2476 5276 θείων
2510 5225 2541 5293 ἡ
2573 5223 2795 5289 γνῶσις.
2834 5223 3015 5274 Δείται
3052 5220 3109 5272 δὲ
3138 5220 3285 5290 ὅμως
3314 5219 3452 5290 αὕτη
3486 5218 3583 5288 τῆς
3616 5235 3755 5289 πρα-

2176 5316 2370 5385 κτικῆς
2415 5315 2644 5385 ἀρετῆς,
2694 5312 2945 5382 καθάπερ
2993 5314 3022 5365 6
3059 5311 3333 5381 ὀφθαλμὸς
3381 5310 3612 5382 χειρῶν,
3663 5308 3758 5362 καὶ

2176 5409 2377 5474 ποδῶν,
2413 5408 2505 5461 καὶ
2534 5405 2644 5458 τῶν
2674 5405 2848 5458 ἄλλων
2890 5404 3093 5477 μορίων
3124 5404 3218 5457 τοῦ
3251 5403 3520 5473 σώματος.
3553 5401 3756 5455 Τούτου

2175 5499 2233 5551 δὲ
2262 5497 2421 5569 χάριν
2466 5500 2492 5550 ὁ
2529 5496 2673 5559 θεῖος
2709 5495 3031 5558 ’Λπόστολος
3059 5498 3170 5558 τοῖς
3198 5494 3543 5563 δογματικῶς
3575 5492 3754 5560 λόγοις

2177 5591 2272 5644 καὶ
2303 5591 2402 5662 τὴν
2429 5590 2629 5661 ἠθικὴν
2657 5587 3003 5643 διδασκαλίαν
3032 5587 3403 5659 προστέθεικε,
3433 5584 3531 5656 τὴν
3558 5583 3743 5638 τελεωο

1797 5706 2030 5761 νλιυιιε
2071 5708 2486 5783 ιλερτιοΝΕεη

576 5789 725 5871 ’ξ’καὶ
773 5796 965 5871 ἀνᾼταπ.
1017 5796 1164 5871 αδτῷ
1203 5794 1583 5850 desiderantur
1616 5798 1668 5851 in
1704 5799 1767 5849 A.
1845 5798 1888 5829 ”
1913 5799 1953 5850 .\
1994 5816 2072 5867 πρ

2177 5816 2396 5855 κουσαν.
2470 5801 2515 5833 ⁸⁵
2548 5802 2589 5855 Δ
2621 5800 2912 5871 ἀμφότερα
2947 5800 2993 5853 δ.
3028 5800 3112 5867 ἐφ’
3150 5800 3226 5852 ὲν.
3272 5799 3447 5850 κεῖται
3501 5795 3752 5869 προτώπ.

500 5860 543 5889 ’⁵³
574 5863 616 5912 Α
642 5866 753 5932 τήν.
828 5867 871 5895 ⁸⁸⁸
905 5868 945 5918 Λ
969 5860 1207 5937 νοηθείη.
