4034 6406
292 458 390 518 185

1185 437 1799 507 INTERPRETA'FIO
1837 434 2074 494 EPIST.
2115 435 2215 496 AD
2241 436 2426 497 ΗΘΜ.
2464 438 2620 499 CAP.
2647 441 2786 502 XII.

3472 437 3572 504 186

289 573 447 637 τάτην
479 562 921 627 κατασκευάζων
961 562 1018 614 ἐν
1061 561 1192 629 ἡμῖν
1248 556 1472 628 ἀρετήν.
1526 553 1624 605 Διά
1671 551 1781 620 γὰρ
1827 547 1891 618 δὴ

1996 557 2176 603 tuens.
2205 549 2306 603 Per
2343 548 2622 607 Romanos
2658 553 2802 605 enim
2828 551 3088 607 omnibus
3121 549 3436 607 hominibus
3459 553 3569 605 uti«

295 661 576 730 Ῥωμαίων
608 661 783 712 πᾶσιν
813 656 1126 726 ἀνθρώποις
1149 653 1248 722 τὴν
1276 649 1542 719 ὠφέλειαν
1575 646 1879 714 προσήνεγ-

295 771 397 808 κεν.
428 742 698 822 Ἀρχεται
730 750 790 803 δὲ
819 750 1021 811 οὕτως·

812 842 856 892 Κ
868 839 1040 891 ΕΦΑᾹ
1050 836 1212 890 ΑῘΟΝ
1252 834 1351 887 1Β’.

355 941 416 988 α’.
446 933 799 1001 Παρακαλῶ
846 927 962 986 οὖν
993 927 1170 998 ὑμᾶς,
1202 925 1457 995 ἀδελφοὶ
1481 963 1495 988 ,
1523 922 1622 976 διὰ
1646 920 1764 975 τῶν
1798 921 1884 972 ol-

291 1024 533 1094 κτιρμῶι·
551 1024 667 1076 τοῦ
698 1023 876 1076 Θεοῦ.
917 1004 1136 1091 Νόμους
1163 1017 1369 1088 τίθησι,
1393 1015 1489 1068 καὶ
1514 1013 1749 1085 κρύπτει
1781 1010 1880 1080 τὴν

286 1118 546 1186 ἐξουσίαν,
573 1117 675 1169 καὶ
722 1115 845 1186 μεθ’
873 1112 1157 1182 ἱκετηρίας
1182 1111 1300 1180 τὴν
1329 1106 1678 1163 διδασκαλίαν
1709 1119 1879 1174 προσ-

283 1216 450 1284 capsa,
477 1212 588 1279 καὶ,
624 1209 729 1278 τῆς
779 1207 936 1268 θείας
991 1201 1404 1274 φιλανθρωπίας
1445 1195 1873 1267 ἀναμιμνήσκει,

279 1304 398 1372 περὶ
418 1299 488 1374 ἧς
520 1304 584 1353 ἐν
619 1303 739 1363 τοῖς
773 1297 1015 1368 πρόσθεν
1031 1297 1076 1328 ⁸⁷
1111 1293 1356 1365 μακροὺς
1380 1291 1631 1344 ἀπέτεινε
1658 1287 1875 1354 λόγους.

276 1395 336 1447 Τί
353 1393 407 1446 δὲ
443 1391 809 1462 παρακαλεῖς
827 1408 840 1455 ;

337 1482 753 1552 [lupae-niam
801 1481 874 1534 τὰ
906 1479 1153 1548 σώματα
1183 1473 1352 1543 ὑμῶν
1373 1471 1609 1528 θυσίαν
1647 1467 1872 1532 ζῶσαν,

269 1577 467 1645 ἁγίαν,
497 1574 849 1642 εὐάρεστον
874 1569 956 1636 τῷ
989 1569 1110 1634 Θεῷ
1128 1610 1142 1628 ,
1175 1566 1288 1631 τὴν
1317 1562 1575 1632 λογικὴν
1595 1559 1877 1626 λατρείαν

272 1668 455 1738 ὑμῶν.
488 1667 606 1720 Καὶ
658 1666 765 1737 ἤδη
813 1660 1153 1734 προέτρεψεν
1195 1657 1333 1709 ὅπλα
1365 1652 1710 1723 δικαιοσύνης
1742 1650 1872 1700 ἁπο-

271 1763 434 1829 ιρῆναι
479 1757 554 1810 τὰ
618 1757 784 1827 μέλη,
818 1756 916 1806 καὶ
967 1747 1318 1822 παραστῆσαι
1383 1743 1611 1804 ἑαυτοὺς
1641 1740 1718 1810 τῷ
1759 1737 1876 1807 Θεῷ

271 1854 397 1906 ὡσεὶ
431 1855 501 1904 ἐκ
531 1849 752 1919 νεκρῶν
790 1849 1025 1910 ζῶντας.
1071 1839 1335 1894 Ἐνταῦθα
1358 1836 1414 1890 δὲ
1445 1837 1540 1888 καὶ
1570 1832 1760 1884 Θυσίαν
1785 1847 1878 1896 γε·

267 1946 459 1999 νὲσθαι
482 1942 666 1995 ταῦτα
689 1938 1028 2008 παρακαλεῖ,
1054 1933 1148 1987 καὶ
1171 1931 1358 1996 ζῶσαν
1373 1929 1470 1999 τὴν
1490 1926 1680 1980 θυσίαν
1704 1923 1877 1976 καλεῖ.

269 2035 338 2086 Οὐ
368 2035 494 2103 γὰρ
533 2029 823 2100 σφαγῆναι
855 2024 1069 2081 κελεύει
1099 2022 1166 2075 τά
1219 2019 1472 2090 σώματα,
1503 2016 1620 2070 ἀλλ’
1648 2011 1788 2066 εἶναι
1816 2013 1882 2082 τῇ

270 2124 529 2197 ἁμαρτίᾳ⁵
559 2121 759 2191 νεκρὰ,
791 2120 884 2172 καὶ
934 2115 1206 2187 μηδεμίαν
1245 2112 1462 2176 ἐκείνης
1492 2107 1772 2178 ἐνέργειαν
1801 2103 1885 2157 δέο

267 2219 491 2289 χεσθαι.
543 2216 739 2282 Ἀγίαν
774 2213 830 2264 δὲ
859 2255 872 2276 ,
907 2212 1001 2263 καὶ
1031 2207 1280 2276 λογικὴν,
1306 2204 1402 2258 καὶ
1446 2202 1740 2273 εὐάρεστον
1785 2198 1886 2269 τὴν

269 2310 473 2363 θυσίαν
504 2307 721 2376 ταύτην
775 2303 1061 2373 ὠνόμασε,
1097 2301 1216 2362 ταῖς
1269 2296 1378 2348 τῶν
1426 2293 1638 2362 ἀλόγων
1672 2293 1886 2362 ἱερουρ-

268 2406 418 2472 γίαις
458 2397 888 2470 παρεξετάζων,
912 2395 1008 2448 καὶ
1026 2392 1239 2454 δεικνὺς
1266 2388 1442 2459 ταύτῃ
1475 2385 1566 2438 τὸν
1605 2382 1884 2450 Δεσπότην

270 2497 398 2548 Θεὸν
431 2492 844 2565 ἀρεσκόμενον.
877 2487 974 2541 Διὰ
1005 2485 1225 2538 πάντων
1266 2481 1399 2551 γὰρ,
1434 2479 1510 2540 ὡς
1543 2477 1672 2539 ἔπος
1707 2475 1884 2526 εἰπεῖν

271 2589 372 2643 τῶν
427 2585 766 2656 προφητῶν,
820 2585 942 2644 ταῖς
974 2579 1071 2651 μὲν
1118 2576 1228 2629 τῶν
1257 2574 1468 2642 ἀλόγων
1508 2570 1882 2638 ἐπιμέμφεται

271 2681 518 2742 θυσίαις,
557 2677 769 2746 ταύτην
796 2674 851 2726 δὲ
878 2690 942 2740 γε
969 2669 1269 2740 νομοθετεῖ.
1300 2685 1319 2716 ι
1359 2666 1534 2717 Θυσον
1563 2661 1693 2730 γὰρ,
1725 2656 1880 2728 φησὶ,

370 2770 507 2840 Θεῷ
533 2767 735 2821 θυσίαν
770 2764 1036 2824 αἰνέσεως
1065 2779 1076 2791 ο
1121 2778 1139 2810 ι
1177 2757 1306 2810 καί⁴
1353 2774 1371 2805 ι
1411 2753 1582 2806 Θυσία
1623 2752 1884 2811 αἰνέσεως

269 2863 493 2928 δοξάσει
530 2877 622 2931 με.
667 2878 686 2909 ι
711 2857 841 2923 ,Καὶ
891 2854 1062 2925 μυρία
1097 2849 1324 2904 τοιαῦτα
1348 2846 1495 2899 ἔστιν
1523 2844 1705 2915 εὑρεῖν
1731 2839 1884 2912 παρὰ

273 2959 337 3027 τῇ
375 2955 510 3025 θείᾳ
534 2953 760 3023 Γραφῇ.

343 3157 410 3227 β’.
453 3155 568 3210 Καὶ
623 3149 708 3220 μὴ
762 3141 1292 3216 συσχηματίζεσθε
1334 3139 1413 3206 τῷ
1459 3141 1628 3197 αἰῶνι
1671 3143 1880 3206 τούτῳ.

1899 1878 1958 1966 ἰι

1977 643 2202 724 litatem
2241 645 2451 698 attulit.
2491 643 2583 699 Sic
2607 654 2788 698 autem
2823 645 3012 714 incipit
3048 664 3060 697 :

2451 819 2612 888 129
2634 818 2862 874 CAPUT
2895 819 3007 873 ΧΗ.

2058 911 2227 967 Vens.
2271 913 2324 964 1.
2360 911 2589 966 Obsecro
2625 913 2800 982 itaque
2831 929 2950 976 vos,
2982 911 3176 979 fratres
3200 953 3214 976 ,
3246 929 3338 982 per
3367 914 3576 968 miseri-

1986 1005 2200 1060 cordias
2249 1004 2383 1059 Dei.‘
2422 1004 2597 1075 Leges
2644 1005 2876 1069 statuit,
2935 1014 2989 1058 et
3036 1014 3364 1075 potestatem
3407 1009 3570 1071 celat,

1985 1105 2040 1150 ct
2075 1111 2182 1152 una
2226 1112 2350 1151 cum
2411 1097 2814 1166 supplicatione
2863 1096 3170 1151 doctrinam
3215 1097 3480 1163 exhibet,
3519 1107 3573 1153 et

1985 1189 2225 1243 divinam
2270 1187 2663 1258 benignitatem
2700 1188 2754 1241 in
2818 1188 3140 1242 memoriam
3189 1198 3447 1252 revocat,
3505 1189 3574 1243 de

1985 1299 2091 1352 qua
2173 1289 2300 1336 ante
2363 1280 2484 1336 fuse
2568 1281 2786 1336 locutus
2855 1287 2961 1335 est.
3014 1279 3156 1344 Quid
3224 1293 3405 1333 autem
3470 1293 3573 1334 nos

1985 1374 2283 1428 obsecras?
2343 1372 2410 1426 Ut
2459 1373 2746 1427 exhibeatis
2810 1387 3042 1440 corpora
3109 1379 3279 1425 vestra
3340 1371 3574 1424 hostiam

1987 1469 2260 1530 viventem,
2293 1476 2558 1532 sanctam,
2618 1465 2726 1519 Deo
2775 1466 3091 1534 placentem,
3137 1463 3457 1516 rationabile
3489 1461 3574 1516 ab-

1986 1562 2227 1632 sequium
2282 1548 2688 1613 restrumeam
2742 1557 3068 1611 adhortatus
3113 1566 3230 1621 est,
3287 1563 3347 1610 ut
3403 1572 3573 1615 mem-
3641 1582 3647 1589 -

1986 1655 2083 1709 bra
2117 1662 2304 1708 nostra
2345 1653 2576 1722 justitia:
2617 1666 2768 1705 arma
2818 1651 3153 1714 reddamus,
3211 1657 3263 1704 et
3313 1663 3416 1704 nos
3459 1647 3573 1702 Deo

1985 1747 2339 1802 exhibeamus
2377 1753 2638 1813 tanquam
2669 1759 2734 1797 ex
2802 1744 3038 1799 mortuis
3085 1743 3336 1797 viventes
3369 1742 3415 1797 ί.
3475 1741 3572 1795 llic

1987 1849 2168 1893 autem
2213 1838 2542 1891 adhortatur
2599 1844 2751 1890 utea
2798 1819 3018 1904 quoque
3064 1834 3196 1888 ﬁant
3251 1833 3469 1896 hostia,
3516 1839 3572 1886 et

1987 1933 2226 2002 appellat
2284 1930 2517 1984 hostiam
2571 1930 2868 1983 viventem.
2925 1925 3043 1980 Non
3096 1926 3244 1979 enim
3297 1924 3457 1994 jubet
3508 1931 3570 1978 ut

1986 2037 2305 2083 mactentur
2352 2041 2587 2095 corpora
2615 2063 2631 2089 ,
2682 2023 2777 2080 sed
2815 2031 2875 2078 ut
2926 2023 3040 2078 sint
3067 2031 3293 2092 peccato
3323 2028 3563 2083 mortua,

1985 2129 2040 2176 et
2073 2121 2278 2174 nullam
2321 2118 2471 2173 illius
2521 2116 2898 2186 operationem
2936 2112 3266 2182 suscipiant.
3304 2108 3566 2165 Sanctam

1987 2223 2168 2268 autem
2192 2254 2206 2278 ,
2238 2219 2293 2266 et
2321 2209 2646 2265 rationalem
2672 2247 2686 2271 ,
2718 2214 2772 2263 et
2819 2206 2930 2260 Deo
2959 2206 3262 2275 placentem
3297 2202 3438 2255 hanc
3469 2201 3568 2254 ho-

1987 2309 2147 2362 stiam
2206 2303 2544 2364 nominavit,
2606 2315 2726 2355 eam
2786 2314 2909 2352 cum
2969 2297 3184 2355 ratione
3253 2294 3588 2348 carentium'

1986 2397 2275 2454 sacriﬁciis
2300 2383 2658 2464 con'iparans,
2689 2399 2744 2445 et
2772 2390 2914 2443 hanc
2945 2387 3177 2442 Domino
3211 2385 3320 2439 Deo
3354 2392 3563 2450 gratam

1984 2505 2108 2544 esse
2160 2486 2480 2542 ostendens.
2516 2485 2535 2506 *
2563 2482 2667 2536 Per
2714 2494 2905 2536 omnes
2955 2479 3101 2532 enim
3164 2473 3566 2546 propemodum

1987 2581 2281 2651 prophetas
2323 2577 2536 2630 ratione
2580 2571 2891 2628 carentium
2938 2566 3214 2624 sacriﬁcia
3268 2562 3568 2635 reprehen-

1985 2675 2087 2738 dit,
2130 2673 2232 2726 hoc
2286 2679 2466 2724 autem
2501 2667 2620 2737 iege
2660 2664 2928 2736 praecipit.
2970 2680 2988 2712 ι
3029 2659 3256 2716 lmmola
3283 2699 3298 2723 ,
3363 2656 3576 2726 inquit,-

1984 2767 2096 2822 Deo
2146 2763 2478 2820 sacrificium
2536 2758 2804 2822 laudisl;
2865 2774 2884 2806 ι
2954 2762 3008 2809 et
3064 2772 3077 2808 :
3137 2771 3156 2803 ι
3218 2748 3566 2804 Sacriﬁcium

1984 2860 2166 2915 laudis
2226 2852 2612 2911 honorilicabit
2687 2865 2774 2904 me
2799 2849 2848 2901 ι.
2896 2837 2926 2899 ἰ
2983 2847 3048 2899 Et
3115 2841 3388 2914 ejusmodi
3459 2838 3569 2894 alia

1987 2949 2412 3008 innumerabilia
2482 2943 2720 3001 inveniri
2765 2947 2998 3013 possunt
3045 2938 3103 2992 in
3165 2936 3353 2990 divina
3411 2929 3569 2986 Scri-

2023 3054 2164 3098 tura.

2023 3061 2164 3098 tura.

1986 3061 2020 3115 p
2058 3105 2224 3190 Vens.
2263 3133 2317 3186 2.
2352 3131 2417 3185 Et
2442 3129 2601 3183 nolite
2633 3121 2961 3195 conﬁgurari
2986 3121 3108 3174 huic
3139 3118 3356 3174 seculo.
3379 3143 3450 3156 υ-
3471 3110 3568 3165 Fi-

280 3251 552 3320 ΣἈῆμαιτα
588 3244 692 3313 μὲν
737 3240 895 3294 καλεῖ
939 3237 1006 3289 τὰ
1061 3235 1145 3288 τοῦ
1199 3234 1466 3305 παρόντος
1519 3233 1734 3297 αἰῶνος,
1771 3229 1881 3286 οἷον

1990 3246 2148 3302 guras
2179 3232 2337 3281 vocat
2363 3239 2424 3279 ea
2455 3237 2579 3293 quae
2604 3213 2741 3276 sunt
2765 3214 3054 3287 praesentis
3077 3209 3288 3273 saeculi,
3326 3216 3383 3262 ut
3407 3219 3564 3274 opes,
3638 3257 3642 3259 ,

2293 3321 2302 3323 “
2894 3308 2925 3323 "
3009 3321 3016 3323 λ
3065 3301 3404 3323 -λ-Ι--ιΙΑ-Δ--ι
3472 3295 3567 3323 Β..-

286 3341 512 3394 πλοῦτον
535 3337 638 3390 καὶ
672 3329 1020 3390 δυναστείαν,
1046 3329 1138 3381 καὶ
1161 3327 1259 3397 τὴν
1289 3327 1456 3396 ἄλλην
1486 3324 1842 3395 περιφάνειαν
1862 3341 1876 3355 ο

288 3433 584 3504 πρᾶγματα
608 3427 667 3479 δὲ
698 3425 771 3477 τὰ
803 3422 1088 3492 μέλλοντα,
1108 3418 1181 3481 ὡς
1219 3417 1420 3488 μόνιμα
1449 3416 1579 3469 ὄντα
1606 3417 1700 3470 καὶ
1729 3415 1881 3484 διαρ·

295 3525 380 3592 κῆ.
409 3521 565 3575 Οὕτω
623 3517 722 3570 καὶ
758 3511 997 3582 ἀλλαχοῦ
1021 3525 1032 3539 ’
1079 3529 1096 3560 ι
1133 3511 1378 3580 Παράγει
1411 3508 1521 3580 γὰρ
1572 3507 1633 3561 τὸ
1694 3507 1881 3578 σχῆμα

307 3611 392 3664 τοῦ
420 3612 619 3679 κόπμου
659 3605 881 3660 τούτου.
925 3622 942 3654 ι
971 3601 1166 3654 Πολλοὶ
1185 3601 1292 3671 γὰρ
1325 3599 1672 3668 ἐξέύπορίας
1702 3599 1880 3666 ἄκρας

313 3705 385 3766 εἰς
409 3702 580 3754 πενίαν
603 3699 855 3770 ἐσχάτην
891 3695 1197 3766 μετέπεσαν
1218 3709 1232 3724 ο
1266 3693 1416 3747 ἄλλοι
1445 3693 1500 3745 δὲ
1530 3695 1595 3746 ὲκ
1630 3693 1880 3764 πενήτων

310 3797 504 3862 gina;
533 3794 630 3857 τὰς
669 3791 922 3862 μεγάλας
948 3790 1123 3860 ἀρχὰς
1153 3787 1554 3856 ἐπιστεύθησαν
1582 3801 1598 3818 ⁸
1635 3787 1728 3840 καὶ
1760 3788 1892 3840 Era-I-

303 3905 372 3954 pe:
404 3887 496 3948 τὰς
522 3883 699 3952 ὀφρῦς
726 3880 1105 3943 ἀνασπῶντες,
1143 3879 1237 3931 καὶ
1267 3877 1366 3941 τὰς
1393 3876 1628 3946 γνάθους
1667 3877 1874 3947 φυσῶν-

294 3997 401 4043 τες.
438 3980 535 4032 καὶ
583 3976 810 4029 πάντων
864 3967 1006 4024 εἶναι
1053 3971 1335 4041 κρείττους
1387 3969 1878 4040 ὑπολαμϐάνοντες,

291 4071 546 4141 ἐξαπίνης
602 4065 1059 4137 ἀναρπασθέντες
1121 4063 1270 4125 κόνις
1313 4061 1555 4131 δυσώδης
1612 4060 1879 4128 ἐγένοντο.

293 4159 544 4215 Βούλεται
585 4160 773 4212 τοίνυν
829 4157 980 4226 ἡμᾶς
1012 4157 1040 4208 ὁ
1095 4154 1238 4217 θεῖος
1285 4155 1606 4216 Ἀπόστολος
1648 4153 1721 4222 μὴ
1754 4152 1882 4223 περὶ

289 4255 451 4307 ταῦτα
479 4249 803 4320 κεχηνέναι,
840 4246 976 4318 μηδὲ
1027 4246 1278 4315 στέργειν
1325 4245 1482 4298 τοῦδε
1526 4246 1620 4299 τοῦ
1667 4246 1784 4316 βίου
1821 4244 1883 4298 τὺ

292 4344 506 4415 σχῆμα·
535 4342 656 4395 ἀλλ’
698 4342 888 4392 ἐκεῖνα
931 4337 1197 4408 μετιέναι,
1238 4336 1273 4390 δι
1307 4339 1560 4408 προξενεῖ
1592 4341 1692 4409 τὴν
1736 4340 1883 4410 ζωὴν

289 4437 377 4506 τὴν
410 4436 661 4489 αἰώνιον.
710 4431 894 4484 Ἀλλὰ
928 4429 1430 4499 μεταμορφοῦσθε
1454 4430 1527 4499 τῇ
1551 4433 1886 4486 ἀνακαινώ-

289 4542 376 4580 σει
412 4525 520 4577 τοῦ
556 4522 705 4586 νοὸς
742 4518 933 4586 ὑμῶν,
964 4521 1051 4583 εἰς
1076 4517 1144 4572 τὸ
1188 4516 1524 4587 δοκιμάζειν
1544 4520 1701 4587 ὑμᾶς
1728 4522 1788 4574 τί
1803 4523 1882 4574 τὸ

1989 3331 2043 3379 et
2094 3321 2398 3393 potentiam
2426 3357 2440 3380 ,
2489 3326 2544 3370 et
2593 3326 2826 3368 omnem-
2860 3308 3025 3362 alium
3059 3301 3429 3373 splendorem.
3466 3295 3567 3349 Res

1989 3389 2170 3470 autem
2200 3427 2265 3467 ea
2288 3426 2410 3481 quae
2439 3409 2623 3461 futura
2653 3411 2802 3481 sunt,
2833 3408 2893 3455 ut
2934 3413 3055 3469 quae
3101 3396 3215 3450 sint
3263 3389 3485 3448 stabilia
3514 3396 3568 3440 et

1990 3513 2275 3578 perpetua.
2306 3476 2408 3556 —lta
2439 3499 2586 3555 enim
2639 3476 2770 3550 alibi
2808 3513 2821 3548 :
2856 3512 2874 3543 ι
2909 3489 3160 3544 Praeterit
3200 3485 3351 3540 enim
3392 3481 3566 3550 ﬁgura

1988 3596 2181 3652 mundi
2236 3589 2474 3662 hujusl.
2515 3608 2533 3641 ι
2587 3586 2741 3640 Multi
2795 3584 2940 3637 enim
2996 3596 3062 3633 ex
3123 3590 3336 3634 summa
3382 3585 3566 3646 rerum

1989 3690 2236 3745 omnium
2291 3683 2450 3754 copia
2507 3682 2560 3735 in
2607 3690 2918 3733 extremam
2953 3671 3194 3740 inopiam
3230 3665 3389 3737 130
3424 3661 3567 3717 inci-

1989 3783 2209 3838 derunt.
2238 3779 2374 3832 Aliis
2398 3782 2600 3835 autem,
2635 3771 2730 3840 qui
2761 3785 2829 3823 ex
2872 3764 3212 3836 pauperibus
3251 3759 3362 3813 nati
3388 3764 3566 3817 erant,

1990 3873 2170 3944 magni
2222 3870 2578 3938 magistratus
2627 3872 2682 3918 et
2733 3861 2961 3930 imperia
3007 3857 3216 3911 credita
3259 3860 3414 3908 sunt.
3461 3849 3569 3902 Alii

1989 3943 2212 4027 rursus,
2260 3962 2354 4032 qui
2391 3955 2752 4027 supercilium
2786 3949 3208 4009 contrahebant,
3256 3952 3310 3998 et
3359 3943 3571 3997 buccas

1992 4049 2275 4121 inﬂabant,
2303 4062 2357 4108 et
2387 4066 2446 4105 se
2471 4064 2594 4103 esse
2625 4043 2884 4100 omnibus
2918 4040 3334 4109 prmstantiores
3375 4033 3570 4088 existi-

1991 4147 2243 4208 mabant,
2284 4144 2510 4211 repente
2553 4135 2764 4202 abrepti
2794 4131 2973 4201 pulvis
3009 4128 3211 4183 fetidus
3244 4125 3374 4179 facti
3415 4133 3566 4178 sunt.

1996 4241 2126 4297 Vult
2150 4239 2336 4305 itaque
2365 4233 2588 4288 divinus
2615 4225 2913 4298 Apostolus
2941 4238 3048 4277 non
3079 4221 3167 4274 his
3203 4234 3302 4273 nos
3331 4217 3564 4275 inhiare.

1994 4351 2096 4390 nec
2139 4332 2306 4399 hujus
2338 4329 2463 4382 vitae
2497 4325 2724 4395 ﬁguram
2759 4319 2991 4387 diligere
3017 4355 3030 4380 ,
3068 4313 3165 4370 sed
3201 4327 3264 4365 ea
3312 4308 3567 4380 persequi

1992 4443 2113 4500 qua
2160 4429 2326 4479 vitam
2383 4428 2641 4474 attentam
2699 4411 3022 4469 conciliant.
3058 4405 3162 4461 Sed
3207 4403 3572 4474 reformamini

1992 4494 2224 4574 novitate
2265 4527 2453 4568 sensus
2482 4508 2660 4567 vestri,
2699 4513 2757 4557 ut
2785 4501 3012 4572 probetis
3057 4513 3173 4567 qua:
3217 4499 3285 4550 sit
3327 4494 3572 4548 voluntas

289 4615 517 4684 θέλημα
550 4612 661 4665 τοῦ
683 4583 856 4662 -Θεοῦ
896 4609 962 4662 τὸ
1007 4609 1252 4676 ἀγαθὸν,
1287 4583 1384 4661 καὶ
1425 4583 1757 4676 εὐάρεστον
1782 4613 1879 4666 καὶ

1996 4608 2094 4663 Dei
2131 4607 2287 4667 bona,
2322 4609 2369 4655 et
2405 4599 2764 4666 beneplaecns,
2802 4600 2850 4645 et
2893 4587 3146 4657 perfecta.
3201 4583 3298 4640 llic
3348 4596 3572 4651 quoque

288 4708 542 4761 τέλειον.
583 4701 862 4756 Ἐνταῦοα
885 4701 1130 4763 καὶτοὺς
1172 4703 1265 4754 ἐπὶ
1300 4701 1362 4754 τὸ
1402 4686 1888 4773 χεῖρον’ρέποντας

289 4798 610 4851 ἐπανελθεῖν
648 4795 739 4846 ἐπὶ
793 4793 862 4844 τὰ
919 4792 1152 4859 κρείττω
1204 4793 1516 4863 παρακαλεῖ
1550 4808 1562 4820 ’
1593 4794 1750 4848 τοῦτο
1779 4796 1888 4867 γὰρ

289 4889 437 4957 δηλοί
488 4889 572 4953 τὸ,
603 4887 1126 4956 μεταμορφοῦσθε.
1193 4886 1471 4938 Ἐδίδασκε
1516 4887 1571 4939 δὲ
1634 4890 1727 4941 καὶ
1764 4890 1888 4943 ὅσον

288 4982 427 5052 πρὸς
457 4981 530 5034 τε
584 4979 837 5050 παρόντα
893 4979 990 5047 τῆς
1021 4978 1223 5048 ἀρετῆς
1253 4978 1313 5030 τὸ
1365 4978 1641 5050 διάφορον.
1701 4980 1887 5035 Ταῦτα

290 5075 397 5142 γὰρ
461 5072 698 5125 ἐκάλεσε
757 5067 988 5136 σχῆμα,
1029 5067 1128 5136 τὴν
1177 5067 1374 5137 ἀρετὴν
1418 5068 1474 5120 δὲ
1516 5069 1778 5137 μορφήν.
1824 5071 1887 5123 Ἡ

294 5165 481 5235 por/gi}
544 5161 603 5214 δὲ
661 5159 879 5228 ἀληθῶν
929 5159 1270 5227 πραγμάτων
1331 5161 1681 5230 σημαντικὴ,
1715 5161 1775 5214 τὸ
1833 5161 1891 5215 δὲ

295 5257 482 5326 σχῆμα
520 5251 841 5306 εὐδιάλυτον
872 5248 1080 5318 χρῆμα.
1115 5246 1321 5311 Ἕδειξε
1349 5247 1404 5299 δὲ
1447 5248 1541 5300 καὶ
1574 5248 1636 5300 τὸ
1661 5249 1760 5317 τῆς
1788 5250 1890 5318 ψυ-

293 5348 392 5415 χῆς
439 5341 817 5406 αὐτεξούσιον,
852 5340 947 5392 καὶ
999 5341 1278 5407 νεουργεῖν
1332 5339 1468 5408 αὐτῇ
1502 5339 1765 5403 κελεύσας
1798 5343 1889 5395 τὸν

293 5435 557 5505 λογισμὸν
592 5475 607 5499 ,
650 5432 747 5485 καὶ
815 5429 1114 5500 διακρίνειν
1172 5431 1280 5482 ἀπὸ
1337 5427 1442 5482 τῶν
1505 5431 1766 5501 χειρόνων
1821 5434 1887 5487 τὰ

1992 4699 2209 4762 suadet,
2242 4691 2418 4763 utqui
2453 4690 2522 4743 ad
2551 4687 2602 4746 id
2635 4685 2780 4756 quod
2807 4689 2892 4736 est
2919 4678 3166 4735 deterius
3200 4673 3567 4744 propendent,

1990 4795 2338 4847 revertantur
2371 4783 2437 4835 ad
2488 4780 2734 4834 ineliora.
2758 4773 2894 4829 Illud
2931 4773 3076 4826 enim
3111 4769 3389 4838 signiﬁcat
3419 4767 3520 4820 hoc
3553 4803 3567 4828 ,

1993 4878 2379 4953 reformantini.
2435 4871 2632 4926 Docuit
2673 4869 2837 4921 etiam
2872 4881 2994 4935 qua:
3029 4865 3102 4918 sit
3139 4861 3364 4915 virtutis
3397 4869 3450 4913 et
3485 4873 3573 4911 re-

1990 4991 2116 5030 rum
2167 4967 2518 5042 praascntium
2568 4959 2904 5016 diliercntia.
2963 4955 3089 5009 lla:c
3144 4954 3289 5008 cnim
3344 4953 3570 5021 ﬁguram

1993 5041 2326 5136 appellavit,
2364 5059 2619 5111 virtutem
2662 5059 2844 5105 autem
2876 5049 3126 5118 formam.
3163 5044 3360 5098 Forma
3391 5041 3572 5110 siqui-

1992 5159 2115 5214 dem
2145 5171 2236 5211 res
2277 5167 2440 5208 veras
2463 5148 2782 5219 signiﬁcat;
2826 5146 2999 5211 ﬁgura
3032 5155 3160 5194 vero
3185 5153 3274 5191 res
3308 5142 3414 5198 est,
3449 5149 3574 5203 quae

1994 5250 2157 5306 facile
2190 5245 2399 5302 destrui
2445 5249 2645 5312 potest.
2698 5237 2872 5291 Porro
2909 5242 3090 5287 autem
3126 5230 3358 5284 liberum
3401 5225 3573 5278 animi

1993 5337 2285 5394 arbitrium
2316 5331 2596 5393 ostendit',
2651 5340 2777 5381 cum
2825 5339 2951 5378 eum
3001 5328 3057 5375 et
3104 5318 3374 5372 rationem
3407 5315 3574 5386 jussit

1995 5443 2266 5486 renovare
2295 5466 2309 5491 ,
2361 5431 2416 5478 et
2466 5437 2496 5475 a
2546 5416 2918 5474 deterioribus
2968 5410 3198 5467 meliora
3231 5409 3572 5465 discernere.

378 5619 389 5654 ί
439 5615 602 5668 Rom.
640 5633 721 5675 γι,
757 5613 843 5667 15.
927 5608 938 5659 i
990 5609 1131 5666 Psal.
1167 5627 1323 5678 xux,
1356 5612 1443 5667 Η.
1523 5613 1546 5650 ¹ι
1592 5614 1722 5667 ibid.
1767 5614 1854 5668 25.

2001 5612 2019 5666 l
2054 5613 2181 5668 Cor.
2223 5623 2328 5671 vn,
2358 5604 2447 5659 5i.

1620 5768 1852 5822 VARUE
1896 5763 2300 5823 LEGTIONES.

371 5909 413 5942 ⁸⁷
436 5913 474 5963 .-\
499 5906 836 5978 ἔμπροσθεν.
