4034 6402
465 408 564 476 187

1292 480 1299 485 .
1385 417 1872 479 THEODORETI
1944 416 2287 481 EPISCOPI
2327 419 2693 480 GYRENSlS

3632 423 3734 489 188

463 529 590 583 llzec
614 527 759 582 enim
791 527 928 583 dixit
951 528 1322 609 Deopplacere.
1358 529 1525 585 Docet
1559 538 1745 585 autem
1778 543 2035 600 quanam

2164 529 2468 599 tpeir‘cw“.
2502 519 2699 586 Ταῦτα
2748 533 2853 605 γάρ
2892 532 2995 605 ἔφη
3052 535 3141 588 τὸν
3193 535 3325 589 Θεὸν
3384 535 3728 608 θεραπεύειν.

457 636 521 673 ea
561 618 673 673 sint
710 634 724 672 :
757 626 812 673 et
868 626 995 673 ante
1048 618 1156 672 alia
1188 620 1372 673 omnia
1427 618 1628 674 fastum
1669 619 2037 685 exterminat,

456 722 511 767 et
540 713 911 769 humilitatem
946 713 1215 785 praecipit.

529 892 697 952 Vsus.
737 896 790 950 5t
827 895 957 948 Dico
985 896 1122 950 enim
1146 936 1161 959 ,
1206 894 1424 963 inquit,
1473 910 1567 963 per
1598 895 1832 963 gratiam
1861 932 1877 960 ,
1919 911 2041 965 qua:

454 986 586 1040 data
631 993 710 1041 est
761 987 910 1052 mihi,
944 984 1186 1040 omnibus
1219 986 1310 1056 qui
1357 993 1481 1041 sunt
1527 984 1667 1039 inter
1721 1000 1811 1039 vos
1852 1000 1871 1039 :
1933 1001 2052 1041 non

457 1095 643 1148 sapere
689 1077 808 1147 plus
862 1095 1022 1149 quam
1076 1085 1281 1147 oportet
1337 1094 1556 1148 sapere,
1618 1077 1708 1133 sed
1759 1093 1943 1147 sapere
1971 1077 2043 1133 ad

456 1171 815 1224 sobrietatem.
859 1169 939 1224 Ae
977 1184 1046 1224 ne
1089 1168 1193 1224 ista
1227 1166 1453 1240 quidem
1507 1169 1628 1240 ipse
1682 1184 1744 1225 se
1792 1177 2044 1227 statuere

457 1263 553 1325 ait,
588 1260 683 1316 sed
732 1276 831 1332 per
864 1261 1044 1332 ipsum
1079 1261 1327 1332 gratiam
1355 1259 1622 1330 Spiritus.
1667 1258 1823 1317 Illius
1864 1261 2038 1329 enim,

455 1351 659 1422 inquit.
714 1367 836 1406 sum
892 1352 1353 1408 instrumentum.
1412 1350 1780 1408 Sobrietatem
1855 1359 2040 1410 autem

457 1442 564 1499 hoc
596 1444 720 1500 loco
752 1445 955 1502 mentis
989 1445 1281 1501 sanitatem
1330 1445 1662 1516 appellavit,
1709 1444 1921 1501 docens
1948 1461 2044 1502 su-

456 1542 705 1614 perbiam
739 1555 866 1596 esse
897 1538 1148 1594 morbum
1203 1538 1433 1594 mentis.
1478 1527 1652 1592 Situm
1696 1553 1893 1610 nempe
1935 1537 2043 1593 Do-

459 1633 670 1687 minum
722 1638 810 1687 est
867 1629 1137 1684 imitatus.
1213 1626 1481 1683 Dominus
1543 1625 1690 1682 enim
1742 1626 1799 1681 in
1862 1625 2043 1683 sacris

457 1722 774 1793 Evangeliis
821 1735 919 1775 eos
963 1719 1057 1790 qui
1115 1718 1268 1788 131
1328 1717 1696 1774 humilitatem
1755 1719 2044 1789 possident

458 1816 659 1871 beatos
682 1814 889 1884 primos
917 1802 1328 1882 pronuntiavit.
1363 1827 1384 1862 ι
1413 1808 1607 1878 Beati,
1654 1810 1837 1880 inquit
1859 1852 1873 1876 ,
1907 1826 2043 1881 pau-

460 1923 623 1978 peres
671 1906 917 1976 spiritu;
965 1904 1216 1974 ipsorum
1249 1902 1397 1958 enim
1441 1912 1530 1958 est
1584 1919 1817 1973 regnum
1866 1904 2038 1959 ccelo—
2077 1887 2119 1941 Β

461 2015 658 2053 ιιιηι-ι.
696 2017 714 2049 ι
747 1995 1019 2053 Omnibus
1048 2003 1228 2051 autem
1271 1996 1416 2050 hanc
1456 1995 1628 2065 legem
1678 1996 1943 2065 imponit,
1986 2004 2042 2050 ct

460 2090 727 2146 divitibus
767 2097 824 2145 et
872 2088 1228 2159 pauperibus,
1268 2093 1324 2142 et
1371 2087 1551 2142 servis
1585 2092 1640 2141 et
1672 2084 1940 2152 dominis,
1988 2094 2045 2141 et

461 2188 597 2240 viris
626 2190 679 2237 et
710 2181 1058 2237 mulieribus.
1097 2178 1214 2235 Hoc
1251 2178 1397 2233 enim
1429 2177 1705 2248 signiﬁcat
1736 2195 1751 2231 :
1781 2175 2042 2233 Omnibus

462 2279 599 2332 inter
636 2291 747 2329 eos.
785 2271 961 2327 Docet
978 2272 1144 2327 etiam
1183 2276 1523 2333 mensuram,
1562 2267 1630 2322 ad
1673 2282 1839 2338 quam
1868 2280 2047 2339 usque

463 2371 533 2425 de
563 2384 622 2425 se
652 2367 859 2444 sentire
888 2372 1134 2437 oportet.
1174 2362 1467 2435 Unicuique
1508 2362 1646 2417 sicut
1682 2362 1824 2417 Deus
1862 2362 2048 2418 divisit

466 2474 768 2515 mensuram
792 2457 939 2529 ﬁdei.
971 2456 1215 2511 Gratiam
1246 2454 1351 2511 hoc
1376 2455 1431 2509 in
1471 2454 1593 2509 loco
1614 2454 1838 2509 vocavit
1861 2454 2053 2509 tidem.

467 2552 575 2609 Per
607 2549 764 2606 ﬁdem
795 2550 945 2605 enim
977 2547 1141 2603 datur
1170 2547 1371 2618 gratia,
1398 2555 1454 2601 et
1484 2560 1598 2617 pro.
1620 2560 1879 2602 mensura
1923 2545 2048 2601 ildei

466 2643 612 2699 dona
652 2642 846 2714 gratias
896 2639 1343 2713 suppeditantur.
1392 2637 1559 2694 Jubct
1612 2646 1797 2694 autem
1849 2638 2061 2693 animos

467 2737 536 2793 de
570 2750 630 2791 se
663 2733 995 2791 sententiam
1027 2748 1093 2788 ex
1125 2732 1328 2788 donata
1358 2732 1534 2803 gratia
1567 2729 1774 2786 metiri.

541 2829 707 2885 Vsus.
736 2827 792 2894 4,
823 2828 878 2882 5.
906 2823 1051 2880 Sicut
1076 2825 1216 2879 enim
1243 2824 1297 2877 in
1321 2839 1423 2877 uno
1451 2836 1670 2891 corpore
1695 2819 1865 2873 multa
1894 2835 2055 2873 mem-

470 2924 567 2978 bra
596 2920 881 2984 habemus,
926 2916 1105 2972 omnia
1137 2923 1313 2970 autem
1364 2912 1601 2969 membra
1653 2929 1758 2968 non
1812 2909 2049 2966 eumdem

470 3024 647 3071 actum
676 3011 866 3065 habent
894 3027 911 3065 :
939 3010 1019 3064 ita
1059 3010 1223 3064 etiam
1265 3006 1421 3061 multi
1448 3022 1613 3060 unum
1644 3021 1836 3074 corpus
1867 3019 2069 3059 sumus.

469 3109 525 3162 in
552 3105 764 3162 Christo
791 3146 806 3173 ,
864 3102 1061 3174 singuli
1107 3109 1284 3156 autem
1334 3099 1471 3155 alter
1529 3099 1755 3153 alterius
1793 3096 2052 3152 membra.

469 3199 735 3271 Apposita
768 3195 1079 3253 similitudo
1112 3193 1381 3248 doctrinm
1440 3192 1510 3248 de
1557 3191 1853 3246 charitate.
1905 3189 2055 3245 Una-

471 3309 704 3363 quaeque
727 3292 874 3347 enim
901 3305 1029 3360 pars
1062 3287 1320 3357 corporis
1352 3303 1461 3342 non
1488 3297 1575 3341 est
1605 3286 1710 3341 sibi
1739 3285 1918 3357 solum
1950 3283 2058 3337 uti-

472 3383 584 3446 lis,
618 3381 713 3438 sed
760 3381 817 3435 in
855 3395 1150 3434 commune
1205 3377 1361 3433 allert
1398 3376 1689 3431 utilitatem
1725 3393 1738 3430 :
1776 3375 1850 3429 ita
1891 3375 2054 3430 etiam

472 3474 731 3530 convenit
774 3488 899 3533 eum
952 3471 1047 3542 qui
1105 3471 1348 3541 aliquam
1406 3468 1639 3541 gratiam
1683 3466 1922 3534 desuper
1968 3481 2059 3521 ac-

472 3567 644 3638 cepit,
667 3574 821 3622 certo
852 3564 995 3621 scire
1029 3580 1088 3621 se
1114 3564 1218 3619 hoc
1242 3563 1447 3617 donum
1473 3561 1785 3616 communis
1802 3558 2058 3613 utilitatis

475 3660 653 3731 gratia
687 3657 995 3728 accepisse.
1045 3656 1266 3727 Corpus
1322 3654 1468 3711 enim
1514 3666 1685 3707 unum
1737 3660 1868 3707 sunt
1894 3652 1930 3706 ii
1964 3652 2059 3725 qui

475 3752 846 3815 crediderunt,
876 3751 1109 3806 membri
1133 3756 1314 3804 autem
1340 3762 1502 3804 usum
1539 3744 1927 3825 unusquisque
1963 3762 2062 3802 no-

478 3854 652 3902 str-um
680 3851 924 3916 prastat.

549 3936 717 3993 Vsus.
753 3937 806 3991 6.
861 3935 1123 3991 Habentes
1176 3940 1355 3988 autem
1412 3931 1726 3988 donationes
1772 3930 2061 3988 secundum

475 4030 728 4100 gratiam,
759 4045 875 4099 qua:
903 4027 1033 4081 data
1064 4036 1143 4081 est
1177 4026 1349 4090 nobis,
1380 4024 1703 4095 differentes.
1742 4024 1821 4079 lta’
1855 4030 1941 4080 est
1976 4022 2061 4077 in-

481 4118 833 4188 telligendum
868 4133 882 4169 :
918 4116 1075 4171 Alter
1109 4117 1338 4172 alterius
1389 4116 1638 4170 membra
1686 4128 1903 4177 sumus,
1952 4112 2064 4166 lia-

483 4211 673 4265 lientcs
719 4207 1047 4263 donationes
1075 4245 1089 4271 ,
1141 4205 1448 4263 secundum
1479 4205 1719 4276 gratiam
1759 4217 1885 4274 quae
1934 4200 2061 4255 data

480 4309 565 4357 est
596 4299 777 4377 nobis,
808 4299 1150 4354 dill‘erentcs.
1180 4297 1337 4353 Licet
1369 4297 1515 4352 enim
1554 4296 1666 4351 sint
1695 4294 1779 4347 hac
1805 4290 2063 4347 diﬂ‘eren-

483 4407 589 4458 tes,
621 4394 686 4449 ad
710 4409 1058 4449 communem
1084 4404 1266 4449 tamen
1296 4391 1594 4446 utilitatem
1622 4404 1651 4442 ο
1677 4386 1865 4442 divina
1887 4384 2062 4455 gratia

482 4485 707 4541 fuerunt
734 4487 1119 4556 suppeditatm.

553 4576 671 4633 Sive
693 4579 1019 4648 prophetiam
1039 4576 1324 4632 secundum
1338 4575 1597 4628 rationem
1615 4571 1759 4642 ﬁdei,
1775 4568 1965 4639 (Vsus.
1986 4570 2063 4642 '7.)
2099 4599 2142 4654 υ

484 4670 590 4725 sive
618 4671 972 4725 ministerium
1008 4671 1061 4723 in
1107 4666 1461 4723 ministrando
1484 4704 1498 4727 ,
1544 4665 1650 4718 sive
1687 4663 1776 4733 qui
1809 4661 1960 4715 docet
2008 4662 2064 4715 in

485 4761 760 4825 doctrina,
793 4763 898 4816 sive
929 4760 1088 4829 132
1120 4761 1208 4828 qui
1237 4757 1555 4812 exhortatur
1599 4755 1654 4807 in
1708 4753 2063 4808 exhortando.

483 4851 592 4907 Pro
620 4853 1058 4920 uniuscujusque
1092 4851 1198 4905 li'de
1242 4849 1480 4919 gratiam
1530 4846 1759 4900 metitur
1794 4844 2063 4900 bonorqu

485 4929 1022 5011 largitorprpellat
1071 4946 1256 4993 autem
1310 4937 1680 5007 prophetiam,
1733 4951 1840 4991 non
1884 4937 2063 4991 solum

487 5050 679 5091 eorum
714 5049 834 5102 qua:
863 5032 1050 5086 futura
1085 5040 1215 5084 sunt
1252 5029 1673 5100 praescienliam,
1724 5028 1820 5083 sed
1871 5042 2064 5083 eorum

489 5126 654 5178 etiam
679 5140 800 5193 qum
828 5128 962 5178 sunt
996 5120 1213 5176 occulta
1248 5120 1654 5191 cognitionem;
1711 5120 2065 5174 ministerium

490 5219 709 5275 autem,
746 5209 1078 5279 praedicandi
1112 5225 1343 5277 munus;
1391 5208 1713 5278 doctrinam,
1753 5210 2065 5265 divinorum

492 5300 808 5369 dogmatum
842 5299 1228 5373 disciplinam;
1275 5300 1712 5364 exhortationem,
1750 5303 2065 5373 suasionem

568 5481 606 5504 ¹¹¹
648 5472 840 5531 Matth.
872 5493 924 5543 ν,
956 5476 1013 5532 3.

2145 618 2399 673 Διδάσκει
2449 620 2507 675 δέ
2566 624 2661 675 καὶ
2712 623 2836 676 τίνα
2886 622 3090 679 ταῦτα’
3129 627 3223 679 καὶ
3269 627 3376 697 πρὸ
3411 626 3522 681 τῶν
3559 630 3731 685 ἄλλων

2147 710 2405 764 ἁπάντων
2438 711 2675 783 ἐξορίζει
2697 713 2791 767 τὸν
2820 713 3020 784 τῦφον,
3052 716 3145 769 καὶ
3172 716 3270 788 τὴν
3302 710 3733 790 ταπεινοφροσύ-

2146 817 2244 871 νην
2271 801 2568 872 νομοθετεῖ.
2597 810 2605 816 ’
3048 866 3062 877 ,

2217 899 2285 961 γ’.
2319 894 2484 963 Λέγω
2506 895 2639 963 γὰρ,
2675 898 2833 966 φησὶ,
2862 897 2962 953 διὰ
3001 897 3115 967 τῆς
3140 897 3381 968 χάριτος
3407 899 3519 970 τῆς
3541 900 3733 957 δοθει-

2144 999 2266 1052 σης
2287 1000 2409 1053 μοι,
2441 985 2620 1039 παντί
2644 985 2726 1053 τῷ
2751 986 2878 1041 ὄντι
2919 987 2990 1042 ἐν
3016 988 3179 1059 ὑμῖν,
3204 988 3292 1059 μὴ
3335 990 3734 1060 ὑπερφρονεῖν

2145 1076 2285 1144 παρ’
2315 1075 2348 1128 δ
2382 1074 2480 1129 δεῖ
2498 1077 2767 1146 φρονεῖν,
2796 1079 2957 1134 ἀλλὰ
2992 1080 3241 1149 φρονεῖν
3275 1082 3365 1147 είς
3395 1080 3464 1135 τὸ
3496 1098 3731 1151 σωφρο-

2144 1164 2294 1221 νεῖν.
2325 1167 2436 1220 Καὶ
2482 1167 2609 1221 ούδέ
2639 1168 2804 1234 αὐτὸς
2838 1168 3017 1223 ταῦτα
3039 1168 3186 1238 λέγει
3226 1170 3560 1245 νομοθετεῖν,
3593 1171 3733 1226 ἀλλὰ

2145 1258 2215 1311 δι’
2241 1258 2411 1312 αὐτοῦ
2441 1258 2542 1331 τὴν
2577 1259 2740 1333 χάριν
2782 1261 3244 1333 τοῦᾘνεύματος.
3282 1264 3563 1332 Ὄργαρνον
3596 1263 3731 1336 γάρ,

2146 1348 2332 1419 φησὶν,
2353 1351 2566 1422 ἐκείνης
2591 1350 2726 1419 ἐγώ.
2762 1351 3124 1425 Σωφροσύνην
3142 1353 3200 1407 δὲ
3234 1352 3475 1408 ἐνταῦθα
3497 1353 3596 1426 τὴν
3620 1354 3734 1408 τῶν

2144 1440 2357 1509 φρενῶν
2378 1440 2576 1508 ὑγείαν
2596 1440 2846 1506 ἐκάλεσε,
2872 1443 3139 1497 διδάσκων
3165 1443 3297 1515 ὡςή
3343 1445 3734 1516 ύπερηφάνεια

2145 1530 2299 1595 νόσος
2325 1532 2557 1604 φρενῶν.
2585 1533 2691 1587 Τὸν
2715 1536 2917 1587 οίκεϊον
2946 1533 3129 1604 μέντοι
3149 1536 3430 1607 Δεσπότην
3463 1535 3732 1607 ἐζήλωσε.

2144 1621 2258 1677 Καὶ
2284 1622 2394 1694 γάρ
2421 1625 2450 1677 ό
2477 1623 2682 1695 Κύριος
2732 1626 2793 1679 ἐν
2842 1627 2955 1689 τοῖς
3010 1627 3175 1697 ίεροίς
3223 1626 3578 1697 Εὐαγγελίοις
3605 1626 3738 1690 τοὺς

2143 1714 2243 1787 τὴν
2276 1714 2780 1789 ταπεινοφροσύνην
2822 1717 3201 1787 κεκτημένους
3244 1719 3555 1791 ἐμακάρισε
3584 1718 3743 1790 πρώ-

2145 1823 2293 1871 τους.
2318 1826 2336 1858 ι
2366 1808 2645 1878 Μακάριοι
2670 1808 2800 1881 γάρ,
2825 1809 3013 1880 φησὶν,
3037 1810 3086 1864 οί
3116 1811 3321 1880 πτωχοὶ
3344 1809 3421 1881 τῷ
3442 1809 3737 1880 πνεύματι,

2148 1899 2230 1952 ὅτι
2252 1901 2432 1953 αὐτῶν
2470 1903 2675 1972 ἐστινὴ
2707 1900 2958 1972 βασιλεία
2998 1902 3108 1954 τῶν
3139 1902 3409 1973 οὐρανῶν.
3452 1922 3471 1955 ι
3507 1904 3650 1956 Πᾶσι
3677 1902 3739 1956 δὲ

2150 1995 2323 2049 ταῦτα
2351 1994 2651 2065 νομοθετεῖ,
2680 1998 2776 2051 καὶ
2816 1997 3098 2061 πλουσίοις
3121 1999 3214 2052 καὶ
3244 1999 3465 2071 πένησι,
3498 2000 3592 2053 καὶ
3614 1999 3741 2053 δού-
3801 2023 3805 2026 ν

2151 2088 2263 2153 λοις
2292 2090 2386 2143 καὶ
2418 2089 2727 2153 δεσπόταις,
2765 2091 2862 2144 καὶ
2910 2080 3138 2162 ἀνδράσι
3172 2090 3267 2145 καὶ
3307 2092 3545 2160 γυναιξί.
3565 2092 3755 2148 Τοῦτο

2150 2182 2260 2252 γάρ
2292 2180 2444 2252 δηλοί
2470 2180 2552 2245 τὸ,
2583 2180 2763 2235 παντὶ
2805 2180 2887 2247 τῷ
2916 2180 3046 2235 ὄντι
3065 2181 3137 2235 ἐν
3155 2180 3319 2249 ὑμῖν.
3344 2181 3538 2234 Δίδωσι
3560 2180 3616 2235 δὲ
3642 2182 3745 2235 καὶ

2152 2273 2222 2328 τά
2269 2273 2365 2327 τοῦ
2418 2274 2768 2345 φρονήματος
2815 2273 3016 2345 μέτρα.
3078 2273 3350 2341 Ἐκάστῳ
3387 2274 3469 2341 ὡς
3518 2275 3552 2328 ὁ
3595 2273 3758 2341 Θεὸς

2154 2366 2394 2437 ἐμέρισε
2418 2366 2641 2436 μέτρον
2660 2367 2941 2432 πίστεως.
2965 2366 3078 2438 Τὴν
3103 2365 3266 2437 χάριν
3296 2365 3531 2420 ἐνταῦθα
3556 2365 3769 2419 πίστιν,

2156 2458 2408 2513 ἐκάλεσε.
2430 2458 2528 2511 Διὰ
2561 2458 2677 2530 γάρ
2711 2458 2950 2520 πίστεως
2978 2458 3012 2527 ἡ
3045 2458 3150 2528 τῆς
3188 2457 3412 2529 χάριτος
3439 2456 3607 2521 δόσις,
3648 2456 3747 2510 xal.

2158 2551 2295 2623 πρὸς
2341 2551 2405 2605 τὸ
2444 2549 2642 2621 μέτρον
2702 2549 2806 2616 τῆς
2859 2548 3098 2613 πίστεως
3147 2553 3464 2621 χορηγεῑται
3496 2548 3564 2603 τά
3591 2548 3743 2621 δῶρα

2156 2644 2256 2712 τῆς
2291 2642 2532 2715 χάριτος.
2587 2641 2813 2695 Κελεύει
2839 2641 2898 2694 δέ
2924 2644 2992 2712 τῇ
3044 2639 3257 2713 δοθείσῃ
3301 2642 3480 2712 χάριτι
3520 2644 3755 2712 μετρεῖν

2156 2733 2225 2787 τὸ·
2242 2734 2507 2805 φρόνημα
2529 2732 2627 2802 τῆς
2657 2732 2859 2803 ψυχῆς.
3364 2778 3369 2781 .

2230 2824 2292 2890 δ’,
2319 2830 2381 2877 ε’.
2409 2823 2688 2891 Καθάπερ
2726 2824 2837 2892 γὰρ
2863 2824 2934 2877 ὲν
2968 2823 3060 2877 ἐνὶ
3098 2822 3325 2893 σώματι
3346 2824 3557 2892 ,πολλὰ
3582 2823 3765 2895 “tam

2160 2918 2401 2987 ἔχομεν,
2429 2915 2502 2969 τὰ
2558 2915 2624 2969 δὲ
2668 2914 2826 2986 μέλη
2863 2915 3064 2971 πάντα
3099 2918 3173 2970 οὐ
3236 2915 3351 2985 τὴν
3387 2915 3586 2984 αὐτὴν
3615 2915 3743 2986 ἔχει

2162 3009 2383 3080 πρᾶξιν
2416 3027 2430 3041 ⁸
2465 3009 2652 3075 οὕτως
2704 3012 2760 3063 οί
2812 3009 3030 3067 πολλοὶ
3089 3007 3160 3062 ἐν
3204 3007 3378 3078 σῶμα
3428 3007 3620 3078 ἐσμεν
3673 3009 3748 3063 ὲν

2163 3098 2419 3167 Χριστῷ,
2446 3103 2479 3154 ὀ
2501 3099 2570 3153 δὲ
2607 3101 2737 3154 καθ’
2761 3093 2851 3165 εἷς
2883 3097 3177 3167 ἀλλήλων
3196 3100 3377 3169 μέλη.
3424 3100 3745 3171 Πρόσφορθς

2167 3191 2381 3264 ήείκὼν
2410 3194 2476 3263 τῇ
2503 3192 2629 3262 περὶ
2650 3192 2746 3262 τῆς
2766 3192 2985 3263 ἀγάπης
3006 3190 3340 3264 διδασκαλίᾳ.
3362 3191 3471 3245 Καὶ
3492 3190 3599 3263 γάρ
3616 3191 3751 3244 ἐκα-

2166 3303 2290 3343 στον
2306 3285 2413 3341 τῶν
2437 3285 2639 3357 μορίων
2665 3285 2758 3338 τοῦ
2802 3286 3055 3355 σώματος
3084 3287 3183 3355 οὐχ
3208 3283 3385 3354 ἐαυτῷ
3417 3286 3575 3355 μόνον
3605 3284 3750 3356 χρή-

2165 3395 2343 3448 σιμον,
2364 3378 2500 3432 ἀλλά
2528 3378 2610 3448 τῷ
2631 3377 2795 3449 κοινῷ
2820 3377 3119 3447 προσφέρει
3144 3377 3245 3447 τὴν
3273 3376 3559 3445 ὠφέλειαν.
3589 3375 3753 3429 Οὕτω
3770 3420 3781 3426 -

2164 3469 2341 3523 τοίνυν
2367 3469 2636 3538 προσήκει
2659 3468 2751 3521 τὸν
2787 3466 3009 3539 χάριτός
3037 3483 3193 3530 τινος,
3214 3467 3418 3520 ἄνωθεν
3432 3467 3477 3500 ⁸⁸
3508 3466 3757 3519 ἀπολαύ-

2167 3579 2338 3618 σαντα
2364 3561 2562 3615 ειδέναι
2593 3561 2799 3630 σαφῶς,
2830 3561 2906 3623 ὡς
2925 3562 3028 3632 τῆς
3056 3559 3246 3628 κοινῆς
3276 3560 3465 3631 χρείας
3495 3560 3658 3614 ἕνεκα
3687 3561 3756 3615 τὸ

2165 3655 2337 3725 δῶρον
2372 3652 2533 3708 τοῦτο
2556 3654 2791 3718 ἐδέξατο.
2822 3653 2990 3725 Σῶμα
3023 3652 3133 3723 γὰρ
3163 3652 3220 3705 ἐν
3253 3655 3305 3705 οἱ
3330 3654 3748 3729 πιστεύσαντες.

2170 3744 2364 3815 μέλους
2392 3743 2450 3798 δέ
2478 3744 2663 3814 χρείαν
2690 3743 2918 3808 ἕκαστος
2950 3746 2983 3815 ἠ
2993 3742 3109 3813 μῶν
3144 3742 3363 3814 πληροῖ.

2241 3930 2317 3988 ς’.
2357 3924 2645 3990 Ἔχοντες
2694 3921 3034 3989 χαρίσματα
3069 3920 3215 3975 κατὰ
3259 3920 3375 3989 τὴν
3419 3921 3596 3991 χάριν
3634 3918 3755 3988 τὴν

2168 4012 2452 4068 δοθεῖσαν
2484 4011 2629 4082 ἡμῖν
2653 4010 2926 4080 διάφορα.
2941 4009 3097 4065 Οὕτω
3122 4013 3341 4082 νοητέον
3364 4030 3376 4042 ·
3395 4013 3551 4083 Μέλη
3582 4014 3756 4083 ἐσμὲν

2169 4105 2436 4175 ἀλλήλων,
2460 4104 2674 4175 ἔχοντες
2701 4103 3019 4175 χαρίσματα
3046 4104 3189 4157 κατὰ
3226 4104 3325 4174 τὴν
3348 4104 3511 4175 χάριν
3539 4104 3637 4175 τὴν
3662 4104 3756 4158 δο-

2171 4197 2357 4251 θεῖσαν
2388 4199 2518 4268 ἡμῖν
2547 4196 2798 4265 διάφορα.
2827 4196 2889 4249 lii
2911 4198 3019 4268 γὰρ
3041 4196 3136 4250 καὶ
3163 4197 3394 4268 διάφορα
3420 4197 3612 4260 ταῦτα,
3635 4195 3754 4248 ἀλλ’

2170 4285 2263 4344 οὖν
2297 4290 2377 4353 είς
2427 4287 2611 4358 κοινὴν
2664 4287 2930 4357 ὠφέλειαν
2965 4287 3070 4340 ὑπὸ
3099 4288 3197 4358 τῆς
3232 4287 3382 4350 Θείας
3409 4287 3753 4358 κεχορήγην-

2170 4398 2261 4434 ται
2290 4381 2336 4413 ⁹⁰
2365 4379 2606 4456 χάριτος.

2242 4560 2379 4614 Εἴτε
2404 4558 2771 4629 προφητείαν
2807 4555 2958 4610 κατὰ
3003 4558 3118 4622 τὴν
3147 4557 3480 4626 ἀναλογίαν
3511 4556 3620 4625 τῆς
3653 4558 3755 4610 πίε
3834 4625 3845 4633 φ

2171 4666 2380 4717 στεως,
2413 4648 2525 4722 (ζ’.)
2548 4650 2667 4703 εἴτε
2692 4650 3006 4703 διακονίαν
3024 4650 3068 4680 ⁰¹
3093 4650 3163 4701 ἐν
3196 4646 3269 4717 τῇ
3304 4648 3601 4716 διακονίᾳ,
3633 4650 3757 4702 εἴτε

2173 4746 2206 4796 ό
2241 4740 2545 4795 διδάσκων
2571 4741 2641 4794 ἐν
2669 4740 2742 4809 τῇ
2762 4739 3146 4807 διδασκαλίᾳ,
3179 4740 3300 4792 εῖιε
3322 4742 3354 4793 ό
3393 4739 3760 4808 παρακαλῶν

2171 4835 2241 4887 ἑν
2274 4833 2346 4902 τῇ
2374 4834 2773 4901 παρακλήσει.
2816 4834 2894 4905 Τῇ
2944 4833 3175 4886 ἑκάστου
3213 4832 3393 4885 πίστει
3442 4835 3633 4903 μετρεῖ
3656 4834 3758 4904 τὴν

2171 4916 2332 4998 χάριν
2361 4928 2388 4979 ὁ
2417 4926 2525 4978 τῶν
2554 4925 2774 4992 ἀγαθῶν
2800 4926 3054 4995 χορηγός.
3082 4922 3254 4977 Καλεῖ
3283 4923 3341 4976 δὲ
3364 4925 3754 4992 προφητείαν,

2172 5019 2233 5071 οὐ
2266 5018 2424 5089 μόνον
2453 5016 2562 5069 τῶν
2588 5015 2863 5085 ἐσομένων
2888 5014 2987 5085 τὴν
3016 5013 3348 5082 πρόγνωσιν,
3376 5012 3511 5067 ἀλλὰ
3530 5013 3623 5066 καὶ
3646 5014 3758 5067 τῶν

2174 5111 2573 5182 κεκρυμμένων
2610 5108 2708 5179 τὴν
2764 5106 2963 5177 γνῶσιν
2998 5124 3011 5137 ·
3044 5108 3356 5164 διακονίαν
3386 5109 3462 5171 δέ,
3512 5108 3611 5178 τὴν
3660 5108 3756 5161 τοῦ

2174 5203 2529 5275 κηρύγματος
2572 5200 2915 5272 λειτουργίαν
2947 5219 2960 5230 ·
2996 5200 3421 5267 διδασκαλίαν,
3451 5201 3560 5255 τῶν
3594 5200 3755 5254 θείων

2174 5296 2460 5367 δογμάτων
2496 5294 2594 5365 τὴν
2630 5293 2864 5365 μάθησιν
2902 5310 2914 5321 ·
2948 5292 3365 5363 παράκλησιν,
3397 5293 3493 5364 τὴν
3526 5293 3623 5346 ἐπὶ
3658 5292 3763 5363 τὴν.

1804 5640 2041 5697 VARUS
2083 5634 2484 5695 LECTIONES.

607 5752 649 5781 "
682 5755 717 5805 Α
749 5754 1049 5822 κρείττονα.
1127 5755 1172 5789 θ’
1196 5755 1403 5812 ἄνωθεν
1433 5754 1585 5814 deest
1611 5754 1665 5811 in
1708 5755 1771 5809 Α.
1806 5753 1916 5812 Nec
1955 5754 2333 5824 interpretatio
2362 5752 2580 5809 llervct.
2628 5748 2794 5804 Sirm.
2831 5746 2881 5805 id
2928 5745 3219 5818 expressit.
3298 5745 3344 5778 ’°
3377 5749 3421 5799 Α
3450 5745 3750 5818 κεχορήγη-

510 5837 600 5876 ται
704 5826 744 5856 θ’
777 5826 813 5877 Β
840 5826 1119 5881 διακονῶν.
