4034 6318
242 390 329 454 189
967 423 973 430 ε
1039 392 1649 456 INTERPRETATIO
1682 397 1919 457 EPIST.
1951 400 2051 460 AD
2080 401 2262 463 ROM.
2292 403 2448 465 CAP.
2471 404 2608 465 XII.

3377 391 3478 458 190

235 497 412 569 ἀρετὴν
462 497 807 568 προτροπήν.
850 496 915 550 '0
964 498 1324 567 μεταδιδοὺς
1363 501 1433 555 ἐν
1486 501 1799 570 ἁπλότητι.

1907 510 1972 562 ad
2006 511 2287 565 virtutem.
2329 512 2434 577 Qui
2470 509 2652 563 tribuit
2699 510 2753 561 in
2786 506 3143 575 simplicitate.
3190 504 3307 559 Non
3340 507 3480 559 alio—

235 593 314 663 Μὴ
355 589 447 661 τὴν
490 589 605 642 τῶν
656 589 840 645 ἄλλων
866 591 913 622 θ’
942 591 1261 662 θηρώμενος
1315 593 1492 661 δόξαν,
1518 594 1655 648 ἀλλὰ
1703 595 1803 665 τὴν

239 685 399 757 χρείαν
424 681 519 735 τοῦ
555 683 825 752 δεομένου
859 684 1112 756 πληρῶν·
1134 685 1804 758 μηδὲλογισμοῖςκεχρη-

249 779 393 850 μένος,
418 774 530 828 εἴτε
579 776 808 845 ἀπόχρη
843 776 915 829 τά
945 777 1075 830 ὄντα
1101 816 1116 841 ,
1152 778 1264 831 εἴτε
1306 779 1404 832 καὶ
1438 779 1535 850 μή·
1570 778 1705 833 ἀλλὰ
1726 778 1804 849 τῷ

247 870 339 939 Θεῷ
363 866 597 939 θαρρῶν,
646 868 745 921 καὶ
783 868 1086 940 φιλοτίμως
1122 870 1223 941 τὴν
1246 870 1510 941 χορηγίαν
1549 868 1806 939 ποιούμεο

290 1062 347 1123 η’,
376 1052 436 1108 0'.
478 1053 547 1105 Ὀ
600 1051 1056 1122 προϊστάμενος
1120 1053 1190 1107 ἐν
1236 1053 1478 1122 σπουδῇ
1499 1072 1513 1085 ·
1547 1058 1580 1108 ό
1618 1054 1806 1111 ἐλεῶν

233 1147 287 1199 ἐν
310 1148 633 1212 ἱλαρότητι.
701 1145 769 1198 Ἡ
814 1144 1019 1215 ἀγάπη
1058 1145 1480 1214 ἀνυπόκριτος.
1518 1147 1652 1199 Μετ’
1681 1147 1804 1200 ἐπι-

231 1237 404 1299 τάσεως
451 1237 646 1296 πάντα
680 1238 1015 1307 νομοθετεϊ,.
1055 1238 1149 1290 καὶ
1202 1237 1304 1308 τὴν
1350 1237 1449 1307 μὲν
1478 1237 1804 1309 κηδεμονίαν

225 1326 493 1380 σπουδαίαν
538 1323 692 1381 εἶναι
722 1327 963 1393 κελεύει,
991 1328 1133 1381 ὥστε
1172 1328 1246 1399 μὴ
1289 1328 1462 1399 ὄνομα
1491 1324 1629 1383 εῖναι
1663 1331 1806 1402 πρά-

216 1436 400 1488 γματος
431 1419 686 1499 ἔρημον·
722 1421 791 1490 τῇ
821 1421 878 1473 δὲ
907 1420 1124 1491 εὐποιία
1153 1423 1252 1490 τὴν
1294 1419 1647 1491 εὐφροσύνην-
1681 1438 1804 1473 συν-

211 1511 512 1581 τάττει,τῆς
539 1510 892 1581 μεταδόσεως
917 1511 1233 1580 ὑποφαίνων
1261 1511 1321 1564 τὸ
1342 1511 1532 1581 κέρδος
1559 1527 1571 1540 ·
1591 1512 1804 1584 χαίρειν

216 1606 303 1675 γὰρ
329 1603 602 1658 εἰώθασιν
638 1607 691 1658 ot
721 1604 1123 1676 κερδαίνοντες.
1145 1604 1318 1657 Τοῦτο
1352 1606 1445 1657 καὶ
1496 1593 1802 1675 Κορινθίοις

214 1694 532 1748 ἐπιστέλλων
589 1694 740 1766 ἔφη’
779 1714 800 1747 ι
842 1694 937 1765 Μὴ
981 1696 1047 1748 ὲκ
1085 1694 1287 1764 λάπης,
1323 1695 1356 1765 ἢ
1409 1694 1469 1760 ἐξ
1513 1695 1762 1764 ἀνάγκης
1783 1713 1800 1729 ⁸

215 1787 371 1857 ἱλαρὸν
402 1788 524 1858 γὰρ
554 1786 724 1857 δότην
756 1786 952 1857 ἀγαπᾷ
990 1787 1018 1840 ό
1048 1784 1202 1848 θεός.
1242 1803 1261 1836 ι
1298 1783 1411 1837 Καὶ
1440 1784 1541 1856 τὴν
1580 1785 1802 1854 ἀγάπην

211 1879 254 1932 δέ
272 1878 515 1949 γνησίαν.
542 1873 691 1931 εἶναι
742 1878 1059 1949 παρεγγυᾷ,
1084 1876 1178 1930 καὶ
1223 1876 1323 1947 τῆς
1365 1875 1712 1944 ὑποκρίσεως
1742 1875 1804 1930 τὸ

209 1973 546 2040 προσωπεῖον
569 1968 851 2024 ἐκϐάλλει.
885 1967 1405 2036 Ἀποστυτοῦντες
1426 1967 1491 2021 τό
1513 1968 1800 2037 πονηρὸν,

205 2062 575 2131 κολλώμενοι
621 2058 705 2125 τῷ
751 2058 973 2129 ἀγαθῷ.
1014 2059 1186 2113 Πάλιν
1218 2056 1321 2130 οὐχ
1342 2058 1548 2135 ,ἁπλῶς
1574 2054 1720 2124 εἶπε,
1743 2057 1804 2111 τὸ

205 2155 291 2224 μὲν
318 2154 587 2221 φεύγειν,
615 2153 679 2205 τὸ
726 2152 787 2206 δὲ
840 2151 1196 2223 μεταδιώκειν
1222 2168 1235 2181 ·
1263 2151 1398 2205 ἀλλά
1437 2151 1534 2221 τὴν
1570 2150 1667 2221 μὲν
1705 2167 1804 2204 πο·

200 2249 377 2318 νηρίαν
416 2248 568 2315 ἄγαν
601 2248 785 2315 μισεῖν
810 2244 1208 2317 παρηγγύησε,
1237 2247 1303 2316 τῇ
1348 2244 1405 2297 δὲ
1435 2243 1547 2296 τῶν
1576 2241 1802 2310 ἀγαθῶν

201 2338 421 2410 ἐργασίᾳ.
471 2337 755 2423 συνῆφθαι
806 2337 927 2391 λίαν
963 2336 1316 2409 προσέταξεν,
1342 2330 1456 2390 οἷόν
1501 2353 1610 2389 τινι
1634 2335 1802 2407 κόλλῃ

200 2432 254 2500 τῇ
288 2428 544 2483 διαθέσει
572 2427 921 2498 χρωμένους.

261 2519 307 2573 ι’.
344 2518 435 2588 Τῇ
484 2519 865 2601 φιλαδελφίᾳ
906 2520 995 2584 είς
1036 2518 1352 2585 ἀλλήλους
1383 2519 1796 2588 φιλόστοργοι,

200 2607 263 2678 τῇ
294 2608 447 2679 τιμῇ
492 2610 824 2683 ἀλλήλους
862 2610 1323 2679 προηγούμενοι.
1372 2608 1594 2681 Θερμὴν
1648 2608 1799 2680 ἔχετε

199 2702 283 2756 καὶ
310 2702 578 2771 ἀδελφοῖς
614 2700 936 2772 πρέπουσαν
955 2702 1056 2771 τὴν
1079 2702 1207 2773 περὶ
1230 2701 1494 2773 ἀλλήλους
1525 2700 1765 2755 διάθεσιν
1781 2718 1794 2731 ·

200 2793 604 2864 πιραχωρείτω
630 2792 688 2845 δὲ
713 2792 951 2855 ἕκαστος
968 2793 1076 2846 τῶν
1112 2793 1396 2863 πρωτείων
1423 2791 1501 2862 τῷ
1524 2792 1569 2825 ⁸³
1601 2791 1801 2853 πέλας.

199 2883 357 2939 Τοῦτο
396 2884 521 2955 γὰρ
553 2882 658 2953 τῆς
677 2883 918 2954 ἀληθοῦς
941 2882 1327 2954 φιλοστοργίας
1364 2886 1687 2953 τεκμήριον.

262 2985 347 3032 ια’.
382 2976 471 3046 Τῇ
502 2974 757 3044 σπουδῇ
782 2974 870 3045 μὴ
900 2975 1164 3043 ὀκνηροί.
1209 2975 1516 3045 Ἀκραιφνῆ
1551 2972 1793 3028 δεικνύνρ

202 3088 280 3135 τες
306 3072 411 3144 τὴν
442 3070 580 3138 περὶ
627 3069 698 3123 τὰ
729 3069 874 3123 καλὰ
922 3067 1234 3139 προθυμίαν
1257 3108 1272 3131 ,
1309 3068 1404 3120 καὶ
1420 3067 1464 3099 9³
1497 3066 1589 3120 τὸν
1637 3066 1804 3119 ὄκνον

1910 616 2028 655 rum
2060 602 2293 671 captans
2328 603 2581 672 gloriam,
2613 598 2708 655 sed
2741 599 2861 666 ejus
2908 599 3002 667 qui
3051 595 3258 667 indiget
3286 596 3480 664 impia:

1908 695 2241 750 subveniens
2268 713 2281 749 :
2311 710 2412 749 nec
2438 695 2581 765 apud
2607 708 2669 748 se
2702 692 3044 745 ratiocinans
3074 704 3141 743 an
3169 686 3293 758 quae
3316 687 3479 741 habet

1906 788 2017 842 sibi
2048 787 2343 851 suﬂiciant,
2373 801 2442 839 an
2472 800 2583 838 non
2616 802 2628 838 :
2668 783 2851 839 sed'in
2890 780 3001 835 Deo
3045 794 3196 849 spem
3242 792 3478 847 ponens.

1905 880 1986 932 ‘et
2019 878 2268 960 studiose
2301 893 2427 949 quae
2459 886 2755 948 suppetunt
2782 889 3035 945 erogans.

1977 1057 2144 1114 Vsus.
2182 1058 2237 1124 8,
2274 1057 2328 1110 9.
2374 1056 2479 1122 Qui
2530 1064 2717 1124 praeest
2803 1054 2857 1107 in
2910 1050 3272 1106 sollicitudine
3316 1092 3330 1105 .
3387 1048 3482 1119 qui

1906 1151 2188 1204 miseretur
2243 1150 2301 1202 in
2357 1147 2650 1201 hilaritate.
2700 1144 2925 1198 Dilectio
2959 1144 3071 1197 sine
3117 1141 3477 1196 simulatione.

1904 1243 2042 1298 Cum
2081 1240 2432 1296 vehementia
2493 1236 2684 1292 omnia
2743 1235 2972 1298 statuit,
3023 1241 3079 1288 et
3131 1231 3480 1286 curationem

1904 1332 2133 1403 quidem
2157 1345 2281 1386 esse
2306 1329 2466 1398 jubet
2495 1328 2838 1396 diligentem,
2867 1339 2938 1378 ne
2969 1322 3146 1379 solum
3178 1322 3253 1376 sit
3281 1334 3482 1374 nomen

1906 1427 2115 1495 absque
2148 1439 2228 1478 re.
2261 1406 2662 1477 Beneftcentiat
2694 1426 2875 1473 autem
2914 1415 3160 1470 laetitiam
3211 1412 3481 1483 adiungit,

1904 1515 2247 1587 erogationis
2274 1514 2492 1568 lucrum
2515 1509 2835 1568 ostendens.
2862 1507 3055 1562 Solent
3077 1506 3225 1561 enim
3246 1505 3486 1573 gaudere

1905 1610 2003 1680 qui
2034 1611 2342 1663 lucrantur.
2373 1604 2490 1661 Hoc
2523 1604 2691 1660 etiam
2729 1602 2867 1657 dicit
2906 1599 3162 1655 scribens
3193 1597 3261 1651 ad
3289 1595 3486 1651 Corin-

1905 1703 2053 1757 thios
2084 1716 2101 1753 :
2134 1719 2153 1750 ι
2190 1698 2308 1753 Non
2354 1712 2422 1753 ex
2476 1695 2703 1751 tristitia
2733 1734 2748 1761 ,
2809 1700 2906 1746 aut
2956 1707 3026 1747 ex
3092 1688 3430 1745 necessitate
3467 1703 3483 1740 :

1907 1794 2138 1849 hilarem
2171 1791 2319 1847 enim
2346 1789 2594 1845 datorem
2626 1784 2808 1856 diligit
2834 1783 2976 1839 Deus
2996 1792 3048 1834 ιι.
3083 1799 3103 1833 ι
3142 1779 3317 1835 Porro
3348 1778 3485 1833 diie-

1904 1886 2145 1940 ctionem
2184 1897 2404 1953 quoque
2434 1880 2711 1936 sinceram
2745 1891 2868 1931 esse
2909 1873 3180 1945 praecipit,
3226 1880 3279 1926 et
3305 1871 3481 1926 simu-

1904 1979 2128 2035 lationis
2154 1989 2450 2046 personam
2483 1972 2691 2043 rejicit.
2734 1966 2983 2024 edientes
3024 1963 3269 2030 malum,
3303 1960 3486 2016 adita:-

1904 2079 2074 2128 rentes
2119 2070 2271 2124 bono.
2308 2048 2540 2121 Rursus
2576 2078 2684 2118 non
2743 2060 2882 2116 dixit
2935 2056 3312 2127 simpliciter,
3376 2051 3482 2107 hoc

1905 2165 2126 2238 quidem
2176 2162 2383 2232 fugere,
2422 2157 2556 2213 illud
2596 2169 2724 2210 vero
2766 2151 3023 2223 persequi
3073 2164 3089 2204 :
3145 2145 3249 2203 sed
3284 2143 3479 2200 vitium

1903 2257 2123 2327 quidem
2160 2255 2515 2309 vehementer
2541 2248 2761 2312 odisse,
2814 2246 3086 2300 bonorum
3122 2246 3308 2295 autem
3344 2250 3481 2306 ope-

1903 2350 2104 2407 rationi
2155 2345 2315 2401 valde
2349 2343 2630 2400 adhaerere
2682 2337 2977 2409 praecipit,
3025 2331 3322 2389 adiectione
3353 2338 3490 2384 tan-

1903 2454 2067 2516 quam
2099 2442 2311 2514 glutine
2340 2438 2527 2507 aliquo
2565 2440 2806 2490 utentes.

1977 2534 2147 2591 Vens.
2175 2533 2262 2588 10.
2300 2530 2577 2588 Charitate
2616 2524 2974 2598 fraternitatis
2999 2521 3221 2576 inuicem
3252 2517 3483 2588 diligen—
3539 2520 3542 2524 λ

1904 2637 2002 2695 tes,
2035 2627 2232 2679 honore
2271 2622 2492 2676 invicem
2522 2618 2916 2689 prmuenientes.
2947 2613 3160 2668 H‘abete
3197 2609 3481 2665 ardentem

1903 2730 1957 2778 et
1994 2719 2260 2774 fratribus
2293 2713 2717 2771 convenientem
2765 2709 2910 2764 inter
2956 2720 3057 2760 vos
3089 2702 3433 2758 all'ectionem
3462 2715 3489 2752 τι

1901 2815 2060 2870 cedat
2083 2822 2267 2867 autem
2298 2807 2681 2877 unusquisque
2713 2802 2962 2874 proximo
2998 2797 3207 2870 primas
3242 2800 3431 2866 partes
3465 2811 3486 2846 τ

1901 2908 2010 2963 hoc
2042 2913 2127 2962 est
2154 2905 2299 2960 enim
2337 2901 2493 2972 133
2520 2912 2663 2954 vera:
2691 2892 2946 2950 amicitiai
2973 2890 3262 2947 indicium.

1972 2999 2142 3053 Vens.
2188 2996 2276 3049 ll.
2303 2989 2672 3048 Sollicitudine
2719 3002 2823 3041 non
2853 2984 3013 3055 pigri.
3047 2982 3249 3036 Puram
3279 2984 3339 3033 et
3366 2978 3484 3033 sin--

1902 3106 2087 3147 ceram
2123 3085 2293 3143 animi
2325 3079 2812 3155 promptitudincm
2854 3078 2919 3129 ad
2955 3090 3018 3129 ea
3062 3086 3185 3143 quae
3218 3077 3348 3126 sunt
3379 3069 3480 3123 ho-

203 3163 476 3227 παντελῶς
506 3161 936 3224 ἀπελαύνοντες.
991 3161 1076 3225 Τῷ
1115 3162 1409 3230 πνεύματι
1453 3158 1703 3224 ζέοντες.
1726 3186 1798 3196 -

1905 3190 2061 3238 nesta
2118 3177 2492 3239 ostendentes,
2545 3180 2600 3228 et
2646 3170 2961 3228 socordiam
3016 3165 3244 3221 omnino
3300 3160 3484 3231 expel-

206 3257 438 3324 Πνεῦμα
457 3253 522 3307 τὸ
553 3254 810 3324 χάρισμα
842 3253 1304 3324 προσηγόρευσεν.
1340 3251 1514 3320 ’Ύλην
1543 3251 1600 3303 δὲ
1625 3249 1801 3320 τούτῳ

209 3346 555 3416 προεφέρειν,
621 3343 881 3414 καθάπερ
940 3342 1075 3409 ξύλα
1130 3343 1303 3413 πυρὶ,
1336 3342 1436 3413 τὴν
1484 3342 1800 3412 προθυμίαν

110 3428 115 3431 ’
217 3440 532 3493 infausta”.
551 3436 731 3490 Τοῦτο
751 3436 810 3489 δὲ
844 3436 940 3488 καὶ
962 3433 1192 3505 ἑτέρωθι
1215 3434 1387 3501 λέγει·
1422 3453 1439 3484 ι
1466 3434 1540 3486 Τὸ
1573 3432 1802 3503 Πνεῦμα

229 3533 302 3603 μὴ
326 3535 582 3587 σῖιὲννυτε.
612 3551 633 3584 ι
669 3530 972 3584 Σϐέννυται
1002 3529 1059 3581 δὲ
1083 3529 1144 3582 τὸ
1168 3529 1392 3598 Πνεῦμα
1420 3530 1532 3591 τοῖς
1564 3526 1802 3591 ἀναξίοις

230 3625 326 3691 τῆς
348 3626 568 3695 χᾶριτος.
600 3624 722 3676 Οὐκ
745 3623 968 3692 ἔχοντες
997 3622 1107 3692 γὰρ
1147 3619 1389 3690 καθαρὸν
1422 3622 1521 3689 τῆς
1562 3617 1801 3698 διανοίας

235 3714 293 3766 τὸ
316 3714 473 3785 opus,
500 3717 586 3787 τὴν
620 3715 827 3784 αἴγλην
860 3712 1082 3783 ἐκείνην
1113 3712 1175 3764 οὐ
1209 3711 1482 3781 δέχονται.
1525 3708 1684 3763 Οὕτω
1707 3708 1803 3761 καὶ

229 3810 334 3870 τοῖς
352 3808 405 3860 τὸ
438 3808 595 3879 σῶμα
628 3805 1010 3875 τυφλώττουσι
1049 3803 1242 3867 σκότος
1286 3803 1404 3856 ἐστὶ
1434 3803 1531 3856 καὶ
1565 3801 1628 3855 τὸ
1664 3800 1823 3871 φῶ;,’

223 3900 309 3952 καὶ
334 3900 385 3953 ἐν
422 3900 756 3973 μεσημϐρίᾳ
814 3897 959 3970 μέσῃ
1005 3895 1084 3966 τῷ
1142 3896 1289 3965 ζόφῳ
1335 3894 1670 3949 δουλεύουσι.
1703 3893 1803 3947 Διά

216 3989 358 4044 τοῦτο
394 3991 542 4055 ζέειν
576 3992 731 4062 ἡμᾶς
778 3987 996 4042 κελεύει
1029 3985 1109 4057 τῷ
1144 3984 1441 4057 πνεύματι,
1465 3984 1566 4039 καὶ
1598 3984 1802 4054 θερμὸν

212 4083 343 4153 ἔχειν
359 4086 492 4155 περὶ
511 4083 584 4137 τὰ
608 4082 733 4137 θεῖα
758 4081 850 4135 τὸν
889 4079 1078 4133 πόθον.
1111 4077 1284 4133 Τοῦτο
1308 4077 1417 4149 γὰρ
1449 4072 1725 4147 ὲπῆγαγε·

280 4284 359 4349 Τῷ
386 4286 589 4353 Κυρίῳ
621 4283 1049 4348 δουλεύοντες,
1072 4278 1208 4352 (ιβ’.)
1230 4277 1308 4350 τῇ
1331 4277 1536 4333 ἑλπίδι
1564 4276 1806 4346 χαίρον-

210 4391 321 4441 τες,
344 4375 419 4445 τῇ
452 4378 670 4445 θλίψει
701 4374 1140 4444 ὑπομένοντες,
1169 4370 1246 4440 τῇ
1276 4367 1594 4438 προσευχῇ
1625 4382 1808 4437 προσ.

208 4468 659 4537 καρτεροῦντες.
700 4468 765 4521 ’0
794 4467 905 4538 γὰρ
929 4465 1009 4537 τῷ
1048 4464 1322 4536 πνεύματι
1350 4462 1509 4528 ζέων,
1537 4462 1635 4516 καὶ
1667 4477 1803 4532 προ-

208 4558 387 4629 θύμως
406 4561 487 4632 τῷ
507 4559 767 4630 Δεσπότῃ
796 4557 1061 4622 δουλεύει,
1096 4558 1192 4610 καὶ
1219 4554 1522 4627 προσμένει
1565 4552 1677 4606 τῶν
1713 4552 1801 4605 ἐλ-

208 4648 514 4720 πιζομένων
550 4649 783 4719 ἀγαθῶν
812 4649 910 4721 τὴν
968 4649 1292 4712 ἀπόλαυσιν,
1330 4647 1427 4701 καὶ
1470 4646 1581 4699 τῶν
1631 4662 1806 4715 προσ-

208 4741 516 4795 πιπτόντων
575 4739 923 4812 περιγίνεται
986 4736 1351 4809 πειρασμῶν,
1414 4738 1538 4800 ταῖς
1594 4734 1802 4789 τούτων

206 4837 539 4906 προσϐολαῖς
568 4838 675 4906 τὴν
707 4834 987 4905 ὑπομονὴν
1021 4833 1493 4894 ἀντιτάττωννκαὶ
1520 4831 1620 4902 τὴν
1649 4830 1803 4884 θείαν

204 4930 364 4999 χάριν
422 4927 702 5014 διηνεκῶς
732 4929 810 4999 είς
862 4926 1183 4998 συμμαχίαν
1230 4923 1434 4978 καλῶν.
1475 4923 1647 4977 Τοῦτο
1683 4922 1805 4993 ,γὰρ

206 5019 350 5087 εἶπες
384 5020 463 5090 τῇ
503 5019 831 5089 προσευχῇ
878 5019 1506 5089 προσκαρτεροῦντες,
1532 5014 1800 5080 τουτέστι,

203 5113 472 5183 διηνεκῶς
509 5113 678 5167 τοῦτο
714 5111 972 5182 δρῶντες.

278 5212 367 5273 ιγ’.
405 5205 545 5271 Ταῖς
577 5203 811 5273 χρείαις
862 5202 982 5257 τῶν
1014 5200 1201 5271 ἁγίων
1242 5199 1695 5263 κοινωνοῦντες.
1728 5198 1806 5269 Τῇ

208 5267 398 5370 μνήμῃ
428 5267 533 5369 τῆς
564 5267 859 5359 κοινωνίας
896 5295 977 5355 είς
1026 5267 1339 5364 φιλοτιμίαν
1362 5291 1679 5364 προτρέπει.
1712 5267 1801 5354 Τ

1912 5295 2113 5341 cautes.
2151 5282 2430 5339 Mentione
2462 5278 2602 5332 facta
2637 5267 3185 5333 communicationis,

1905 3276 2099 3332 lentes.
2132 3271 2341 3342 Spiritu
2376 3269 2656 3339 ferventes.
2708 3294 2779 3305 —
2821 3260 3082 3332 Spiritum
3119 3255 3348 3328 gratiam
3385 3268 3491 3321 ap-

1903 3365 2127 3437 pellavit
2160 3382 2173 3417 :
2210 3363 2259 3417 ei
2299 3368 2483 3415 autem
2526 3355 2838 3420 materiam,
2868 3361 3131 3421 tanquam
3170 3345 3282 3416 igni
3315 3343 3487 3414 ligna,

1904 3453 2350 3529 prmere‘animi
2387 3447 2881 3522 promptitudinem
2928 3441 3122 3513 jussit.
3167 3437 3279 3491 Hoc
3302 3442 3486 3491 autem

1902 3552 2063 3606 etiam
2110 3548 2240 3601 alibi
2287 3547 2464 3615 dicit:
2514 3561 2532 3594 ι
2582 3542 2849 3611 Spiritum
2901 3552 2969 3592 ne
3004 3531 3350 3603 exstinguite
3386 3536 3433 3584 °.
3463 3546 3480 3577 ι

1904 3641 2289 3712 Exstinguitur
2327 3648 2510 3692 autem
2542 3634 2788 3704 Spiritus
2842 3630 2914 3685 iis
2967 3626 3064 3700 qui
3107 3632 3237 3681 sunt
3280 3621 3487 3691 indigni

1905 3734 2103 3806 gratia.
2141 3733 2276 3787 Cum
2310 3730 2456 3786 enim
2494 3743 2692 3799 purum
2730 3725 2933 3779 mentis
2980 3720 3201 3776 oculum
3257 3731 3368 3771 non
3393 3714 3492 3768 ha-

1903 3828 2095 3890 beant,
2134 3822 2487 3894 splendorem
2539 3818 2695 3872 illum
2738 3830 2850 3869 non
2891 3810 3221 3879 suscipiunt.
3280 3807 3357 3859 Ita
3422 3804 3489 3858 iis

1903 3921 2070 3977 etiam
2101 3916 2194 3987 qui
2222 3926 2458 3984 corpore
2508 3908 2828 3969 caecutiunt,
2877 3905 2969 3957 lux
2990 3898 3212 3971 quoque
3245 3904 3376 3953 sunt
3412 3905 3489 3949 te-

1906 3984 2295 4076 nebras—etin
2328 4008 2452 4076 ipso
2477 4001 2710 4058 meridie
2739 3994 2963 4068 caligini
2995 3987 3390 4049 suntobnoxii.
3420 3984 3488 4039 Et

1905 4102 2030 4158 ideo
2072 4099 2229 4171 jubet
2272 4111 2375 4151 nos
2426 4087 2627 4164 spiritu
2675 4089 2908 4150 fervere,
2941 4092 2997 4141 et
3048 4083 3253 4165 habere
3284 4077 3488 4133 ardens

1904 4207 2091 4250 rerum
2118 4177 2427 4245 divinarum
2452 4180 2809 4239 desiderium.
2838 4175 2953 4232 Hoc
2982 4174 3129 4229 enim
3160 4158 3448 4241 subjunxit
3473 4184 3487 4221 :

1979 4283 2205 4339 Domino
2244 4279 2544 4341 servientes,
2577 4272 2772 4343 (Vsus.
2806 4269 2919 4340 ιε.)
2951 4283 3041 4337 spe
3082 4264 3394 4337 gaudentes,
3433 4262 3490 4314 in

1858 4431 1865 4437 .
1909 4375 2254 4433 tribulatione
2293 4372 2576 4442 patientes,
2616 4363 2852 4421 orationi
2884 4363 3166 4416 instantes.
3203 4355 3309 4422 Qui
3339 4354 3489 4409 enim

1908 4471 2083 4527 fervet
2116 4467 2334 4539 spiritu,
2374 4472 2431 4519 et
2453 4460 2685 4516 Domino
2714 4456 2971 4512 alacriter
3005 4451 3199 4516 servit,
3229 4458 3285 4504 et
3318 4448 3492 4502 bono.

1904 4577 2029 4619 rum
2069 4574 2192 4631 quae
2248 4563 2548 4627 sperantur
2580 4551 2822 4606 fructum
2865 4550 3173 4616 exspectat,
3217 4547 3273 4595 et
3309 4539 3493 4593 insur—

1902 4664 2093 4727 gentes
2139 4650 2473 4706 tentationes
2510 4653 2755 4715 superat,
2781 4656 2971 4697 earum
3008 4633 3318 4691 insultibus
3355 4630 3493 4683 tole-

1903 4723 2139 4802 rantiam
2199 4741 2490 4811 objiciens,
2530 4742 2552 4763 ⁶
2603 4745 2659 4793 et
2723 4735 2921 4790 divinae
2961 4730 3152 4802 gratiae
3221 4723 3489 4779 auxilium

1906 4837 2133 4895 assidue
2177 4834 2504 4903 implorans.
2557 4829 2676 4885 Hoc
2718 4829 2864 4883 enim
2916 4825 3090 4890 dixit,
3136 4817 3368 4876 orationi
3403 4815 3491 4869 in-

1907 4938 2135 4993 stantes,
2172 4926 2225 4980 id
2255 4932 2358 4991 est,
2391 4922 2611 4978 assidue
2639 4920 2743 4975 hoc
2777 4918 3060 4972 iacientes.

1984 5191 2271 5248 VERS.‘I5.
2327 5182 2750 5242 Necessitatibus
2821 5188 3133 5233 sanctorum
3202 5166 3491 5225 communi-

3237 5263 3493 5317 hortatur

206 5354 446 5460 ὶιξοῖἱχ
474 5354 717 5461 αίρεῖται
758 5354 1085 5459 μεταδοῦναι
1126 5354 1448 5458 χρημάτων,
1481 5354 1575 5437 καὶ
1628 5399 1801 5436 κοινω-

1920 5378 1985 5433 ad
2019 5376 2431 5432 liberalitatem.
2461 5369 2597 5437 Quis
2625 5365 2770 5421 enim
2799 5377 2905 5418 non
2936 5362 3173 5419 libenter
3194 5354 3487 5427 pecuniam

285 5578 316 5605 ι
355 5571 397 5624 Il
437 5570 567 5626 Cor.
607 5584 665 5624 ix
690 5607 704 5633 ,
732 5568 788 5621 7.
864 5574 886 5596 °
926 5562 949 5617 1
989 5561 1182 5621 Thess.
1219 5580 1273 5631 ν,
1305 5562 1391 5619 l9.

1499 5674 1737 5731 VARUS
1775 5668 2185 5728 LECTIONES.

301 5841 348 5873 ’θ
372 5846 411 5895 .\
444 5842 551 5896 τῶν
582 5840 913 5913 ἀνθρώπων.
994 5835 1038 5869 ⁵³
1062 5834 1141 5892 Ita
1170 5842 1223 5892 ct
1256 5836 1321 5890 A.
1358 5831 1466 5891 Sed
1493 5830 1535 5886 Β
1566 5828 1681 5885 τοῦ.
1755 5828 1798 5862 ’³
1827 5828 1934 5883 Pro
1972 5825 2065 5879 καὶ
2115 5824 2279 5881 habet
2310 5822 2352 5877 A
2386 5818 2589 5881 ἁπλῶς.
2667 5816 2711 5847 π
2739 5812 2916 5869 SiC'cl
2957 5807 3020 5866 A.
3057 5806 3159 5864 Sed
3201 5805 3241 5858 Β
3272 5806 3518 5860 iniit-3c.
