4034 6440
530 430 627 496 i‘il

1498 429 1988 490 THEODORETI
2016 427 2356 490 EPISCOPI
2383 429 2749 491 CYRENSIS
2834 414 2846 424 ’

3685 429 3803 495 192

531 537 923 602 communicet,
958 546 1019 593 ut
1043 547 1195 594 recte
1222 537 1497 594 factorum
1532 536 1603 593 sit
1638 534 1963 606 particeps?
1991 530 2106 589 Hoc

2223 532 2297 599 ιὺς
2321 535 2575 605 γενέσθαι
2598 534 2644 568 ³⁸
2674 511 3112 604 κατορθωμάτων
3141 551 3156 598 ;
3195 532 3363 588 Τοῦτο
3407 534 3515 607 γὰρ
3545 537 3638 590 καὶ
3679 540 3815 592 Κο-

531 631 680 687 enim
712 631 877 686 etiam
913 630 1112 686 scribit
1139 631 1206 685 ad
1238 630 1597 687 Corinthios:
1636 646 1656 679 ι
1700 627 1897 683 Vestra
1928 626 2105 681 abun-

527 722 717 777 dantia
769 721 986 776 illorum
1051 721 1290 791 inopiam
1347 720 1621 790 suppleat,
1667 726 1728 773 ut
1771 726 1826 773 et
1881 717 2105 771 illorum

526 812 866 867 abundantia
916 819 1112 869 vestrae
1160 813 1360 882 inopiae
1396 813 1469 868 sit
1518 811 1960 881 supplementum
1998 819 2047 861 ε.
2082 828 2101 861 ι

532 903 969 973 Hospitalitatem
1010 912 1292 959 sectantes.
1323 932 1393 944 —
1416 902 1664 973 Hospites
1693 900 1853 973 134
1873 917 1983 957 non
2014 916 2106 956 so-

532 991 612 1049 ios
663 1002 888 1050 sanctos
934 996 1194 1066 appellat,
1252 995 1347 1052 sed
1393 1011 1491 1051 eos
1535 996 1704 1051 etiam
1750 996 1843 1065 qui
1882 994 2107 1050 aliunde

529 1095 820 1154 venerunt,
850 1096 905 1143 et
925 1090 1215 1151 curatione
1248 1088 1520 1161 indigent,
1551 1103 1789 1160 quorum
1812 1088 1969 1159 jubet
2007 1103 2106 1145 eu-

527 1192 644 1230 ram
678 1193 858 1248 agere.

600 1269 762 1325 Vsus.
800 1272 884 1325 Μ.
925 1272 1222 1329 Benedicite
1248 1274 1676 1344 persequentibus
1701 1291 1789 1328 vos
1827 1288 1844 1327 :
1895 1274 2107 1328 benedi-

529 1364 648 1423 cile,
680 1373 729 1417 et
761 1364 925 1417 nolite
957 1366 1293 1422 maledicere.
1318 1366 1442 1422 llaec
1467 1374 1553 1420 est
1582 1367 1664 1419 lex
1696 1366 1932 1421 Domini.
1956 1364 2105 1420 lianc

527 1456 671 1508 enim
708 1455 974 1512 Dominus
1008 1459 1210 1514 divinis
1242 1460 1510 1529 apostolis
1544 1460 1676 1533 tulit
1710 1469 1760 1513 (ι.

602 1629 768 1689 νεεδ.
809 1633 896 1694 iii.
929 1633 1012 1694 16,
1048 1633 1289 1690 Gaudere
1318 1600 1437 1689 cuin
1471 1618 1862 1707 gaudentibus,
1890 1644 1940 1689 et
1979 1636 2105 1703 ﬂere

530 1739 648 1775 cum
684 1714 951 1791 ﬂentibus,
989 1726 1045 1778 id
1089 1727 1262 1794 ipsum
1310 1727 1531 1781 invicem
1579 1728 1882 1782 sentientes.
1921 1726 2103 1797 Etju-

531 1812 709 1867 cunda
764 1825 819 1868 et
858 1814 1094 1871 molesta
1150 1817 1387 1873 invicem
1453 1818 1866 1874 communicato
1926 1838 1940 1873 :
1997 1820 2102 1873 hoc

529 1906 672 1958 enim
707 1906 923 1978 signum
960 1915 1046 1963 est
1077 1909 1496 1974 misericordiae,
1522 1911 1657 1966 illud
1689 1924 1822 1967 vero
1843 1912 2102 1968 amicitiae

532 2010 650 2063 qua:
682 1995 751 2049 ab
790 1995 1011 2053 invidiae
1049 1998 1184 2053 vitio
1215 1999 1395 2055 aliena
1446 2009 1553 2056 est.
1588 2000 1707 2055 Non
1747 2002 1860 2055 alta
1888 2004 2103 2072 sapien-

533 2098 627 2152 tes,
653 2088 743 2142 sed
768 2090 1055 2145 humilibus
1082 2090 1483 2147 consentientes.
1516 2091 1733 2149 Rursus
1762 2088 1988 2164 expellit
2005 2110 2103 2151 su-

534 2181 734 2249 perbiae
783 2188 1072 2247 tumorem,
1131 2191 1185 2239 et
1234 2185 1544 2242 humilibus
1582 2201 1703 2244 sese
1736 2194 2107 2257 attemperate

534 2272 803 2343 praecipiti
851 2273 1037 2329 Nolite
1071 2292 1184 2331 esse
1217 2276 1501 2346 prudentes
1556 2277 1698 2348 apud
1737 2280 2103 2351 vosmetipsos.

533 2365 637 2419 Pro
664 2382 729 2421 co
757 2367 903 2438 quod
924 2379 1013 2426 est
1045 2389 1058 2424 :
1090 2368 1270 2425 Nolite
1309 2372 1510 2427 vestris
1546 2373 1801 2429 consiliis
1822 2388 2109 2429 essecon-

532 2459 693 2524 tenti,
725 2462 820 2516 sed
850 2462 1085 2518 aliorum
1128 2465 1359 2520 consilia
1391 2466 1643 2536 accipite.

611 2637 776 2695 Vens.
808 2642 895 2698 17.
941 2640 1095 2696 Nulli
1142 2643 1338 2697 malum
1361 2659 1455 2713 pro
1485 2644 1623 2700 malo
1652 2647 1943 2703 reddentes.
1993 2647 2110 2707 Hoc

533 2750 752 2805 quoque
783 2732 1199 2804 perfectissima:
1228 2744 1312 2790 est
1355 2735 1595 2805 virtutis,
1637 2745 1695 2792 et
1717 2738 1888 2792 animi
1919 2755 2111 2810 prope-

537 2827 755 2880 modum
791 2826 859 2880 ab
878 2825 1026 2881 omni
1048 2827 1467 2895 perturbatione
1493 2820 1659 2883 vacui.
1678 2828 1939 2885 oliicium.
1965 2829 2099 2885 Pro-

537 2918 766 2971 videntes
790 2917 924 2971 bana
954 2933 1131 2971 coram
1159 2915 1515 2973 onmibus.lta
1549 2921 1713 2975 etiam
1733 2920 1863 2976 alibi
1895 2939 1907 2976 :
1936 2941 1954 2973 ι
1981 2918 2112 2977 Sine

536 3006 837 3063 offensione
869 3014 1068 3072 estote,
1107 3016 1160 3063 et
1183 3006 1411 3076 Iudaeis,
1446 3018 1499 3064 et
1529 3009 1755 3077 Graecis,
1774 3020 1829 3067 et
1851 2994 2114 3069 Ecclesiae

536 3099 631 3155 Dei
668 3109 709 3150 ι’.
745 3120 763 3150 ι

2211 627 2434 697 ρινθίοις
2456 625 2785 682 ἐπιστέλλων
2802 626 2926 696 ἔφη·
2953 646 2971 677 ι
2994 625 3068 679 Τὸ
3082 626 3236 697 ὑμῶν
3258 613 3601 698 περίσσευμα
3630 630 3707 693 εἰς
3727 630 3807 684 τδ

2209 718 2433 772 ἐκείνων
2460 720 2767 790 ὑστέρημα,
2793 718 2881 772 ἵνα
2905 718 3001 771 καὶ
3037 718 3082 749 ’7
3108 718 3169 771 τὸ
3196 718 3423 772 ἐκείνων
3442 720 3807 790 περίσσευμα

2208 812 2434 881 γένηται
2455 814 2533 874 είς
2565 812 2627 864 τὸ
2659 811 2815 881 ὑμῶν
2846 810 3159 882 ὑστέρημα.
3198 829 3217 862 ι
3256 809 3375 880 Τὴν
3428 813 3804 881 φιλοξενίαν

2208 902 2549 969 διώκοντες.
2570 933 2640 942 --
2667 902 2893 969 Ξένους
2923 903 2986 957 οὐ
3011 903 3136 966 τοὺς
3156 903 3349 971 ἁγίους
3376 905 3573 974 μόνους
3609 904 3805 965 καλεῖ,

2207 996 2344 1049 ἀλλά
2373 997 2474 1049 καὶ·
2487 995 2612 1059 τοὺς
2640 994 2904 1068 ἑτέρωθεν
2933 995 3033 1065 μέν
3053 994 3218 1050 ποθεν
3248 996 3605 1065 ἀφιγμένους,
3629 996 3808 1071 θερα-

2212 1087 2370 1151 πείας
2393 1087 2450 1141 δὲ
2471 1087 2760 1159 δεομένους
2778 1128 2794 1153 ,
2828 1083 2905 1143 ὧν
2936 1082 3312 1159 ἐπιμελεῖσθαι
3342 1088 3573 1144 κελεύει.

2282 1267 2364 1320 ιδ’.
2395 1266 2715 1337 Εὐλογεῒτε
2738 1268 2881 1336 τοὺς
2904 1268 3230 1335 διώκοντας
3258 1268 3436 1339 ὑμᾶς’
3458 1269 3804 1339 εὐλογεῖτε,

2207 1360 2302 1413 καὶ
2331 1359 2417 1429 μὴ
2447 1361 2807 1430 καταρᾶσθε.
2840 1362 3169 1433 Δεσποτικὸς
3202 1354 3352 1425 οὗτος
3382 1364 3411 1417 ὁ
3437 1363 3619 1433 νόμος.
3663 1363 3806 1426 Τοῖς

2207 1450 2316 1524 γὰρ
2370 1450 2537 1517 θείοις
2601 1453 2764 1507 αὑτὸν
2811 1452 3131 1517 ἀποστόλοις
3186 1455 3215 1507 ὁ
3269 1442 3559 1522 Δεσπότης
3614 1470 3804 1523 προσ-

2209 1548 2428 1616 ήνεγκε.

2279 1644 2360 1703 ιε’,
2402 1644 2498 1703 ις’.
2533 1640 2773 1706 Χαίρειν
2806 1639 2957 1709 μετὰ
3013 1640 3378 1710 χαιρόντων,
3412 1639 3511 1703 καί
3551 1640 3806 1693 κλαίειν

2200 1732 2351 1805 μετὰ
2380 1735 2732 1796 κλαιόντων,
2766 1732 2833 1785 τὸ
2867 1731 3013 1786 αὐτὸ
3049 1734 3136 1798 είς
3155 1717 3467 1799 ἀλλήλους
3493 1730 3805 1799 φρονοῦν-

2207 1843 2326 1893 τες.
2354 1828 2679 1880 Κοινωνεῖτε
2707 1824 2978 1896 ἀλλήλοις,
3013 1825 3107 1879 καὶ
3135 1808 3244 1878 τῶν
3272 1822 3652 1895 λυπηρῶν.καὶ
3677 1822 3805 1875 τῶν

2198 1917 2465 1973 Δίὲναντίων
2491 1934 2506 1949 ’
2529 1915 2591 1969 τὸ
2622 1915 2722 1986 μὲν
2749 1915 2861 1985 γὰρ
2902 1915 3263 1985 συμπαθείας,
3300 1913 3360 1968 τὸ
3386 1914 3441 1968 δὲ
3474 1914 3655 1985 φιλίας
3687 1914 3805 1967 οὐκ

2210 2010 2443 2081 ἐχούσης
2464 2008 2557 2063 τοῦ
2587 2009 2782 2089 φθόνου
2811 2008 2901 2061 τὸν
2938 2006 3148 2079 μῶμον.
3176 2007 3273 2076 Μὴ
3303 2009 3375 2061 τὰ
3400 2005 3613 2075 ὑψηλὰ
3642 2024 3806 2076 φρο-

2210 2096 2494 2162 νοῦντες,
2534 2095 2695 2150 ἀλλὰ
2742 2094 2867 2161 τοῖς
2925 2095 3227 2162 ταπεινοῖς
3277 2097 3804 2166 συναπαγόμενοι.

2212 2187 2382 2243 Πάλιν
2417 2187 2652 2259 ἐξορίζει
2703 2188 2806 2257 τῆς
2838 2188 3250 2260 ὑπερηφανείας
3294 2188 3353 2241 τὸ
3404 2188 3633 2258 φύσημα
3654 2230 3667 2247 ,
3697 2188 3809 2241 καὶ

2211 2283 2325 2346 τοῖς
2374 2280 2591 2334 δοκοῦσι
2646 2282 2920 2355 ταπεινοῖς
2976 2280 3324 2349 συγκατιέναι
3368 2279 3667 2351 νομοθετεῖ.
3696 2279 3815 2347 Μὴ-

2213 2373 2453 2444 τινεσθε
2498 2374 2773 2443 φρόνιμοι
2822 2373 2957 2441 παρ’
3010 2372 3264 2439 ἑαυτοῖς.
3333 2373 3480 2425 Ἀντὶ
3535 2370 3652 2435 τοῦ,
3699 2374 3807 2441 Μὴ

2211 2467 2332 2527 ταῖς
2357 2464 2586 2528 οἰκείαις
2605 2463 2862 2535 ἀρκεῖσθε
2888 2463 3122 2534 βουλαῖς,
3149 2464 3286 2519 ἀλλά
3317 2465 3417 2527 τὰς
3439 2465 3568 2535 παρ’
3592 2463 3809 2534 ἑτέρων

2213 2558 2434 2629 δέχεσθε
2465 2557 2795 2627 συμϐουλάς.
3303 2612 3313 2623 ,

2290 2649 2375 2713 ιζ’.
2406 2647 2631 2717 Μηδενὶ
2650 2649 2842 2703 κακὸν
2872 2648 3008 2703 ἀντὶ
3038 2649 3230 2715 κακοῦ
3257 2648 3668 2713 ἀποδιδόντες.
3687 2646 3811 2701 Καὶ

2215 2738 2373 2793 τοῦτο
2409 2739 2511 2809 τῆς
2533 2738 2871 2809 τελεωτάτης
2900 2740 3100 2811 ἀρετῆς
3129 2740 3223 2793 καὶ
3252 2740 3517 2803 ἀπαθείας
3538 2739 3706 2807 ἐγγὺς
3744 2737 3810 2791 τὸ

2218 2832 2571 2904 κατόρθωμα.
2592 2832 3028 2900 Προνοούμενοι
3058 2832 3217 2886 καλὰ
3248 2832 3504 2885 ἐνώπιον
3532 2829 3804 2885 πάντων.

2219 2923 2376 2978 Οὕτω
2440 2923 2537 2978 καὶ
2590 2922 2858 2995 ἀλλαχοῦ·
2925 2944 2943 2977 ι
3012 2925 3376 2996 ’Λπρὸσκοποι
3428 2920 3645 2993 γίνεσθε
3703 2923 3812 2976 καὶ

2230 3016 2539 3082 Ἰουδαίοις,
2591 3017 2684 3070 καὶ
2750 3015 3007 3086 Ἕλλησι,
3056 3016 3151 3069 καὶ
3213 3018 3278 3086 τῇ
3340 3014 3639 3085 Ἐκκλησία
3707 3012 3809 3067 τοῦ

2220 3107 2377 3164 Θεοῦ.
2418 3126 2437 3159 ι

604 3191 771 3247 Vnus.
802 3192 891 3247 18.
927 3192 990 3247 Si
1018 3193 1136 3262 ﬁeri
1158 3202 1348 3263 potest,
1387 3195 1529 3264 quod
1567 3211 1632 3249 ex
1676 3196 1822 3252 vobis
1853 3207 1951 3260 est,
1996 3213 2113 3253 cum

2294 3207 2383 3271 ιη’.
2408 3201 2476 3253 El
2502 3198 2781 3264 δυνατὸν,
2818 3199 2885 3252 τὸ
2920 3199 2991 3265 ἐξ
3006 3175 3208 3270 «ὑμῶν,
3238 3199 3389 3270 μετὰ
3422 3197 3665 3252 πάντων
3698 3198 3808 3253 ἀν-

536 3280 776 3337 omnibus
796 3284 1093 3339 hominibus
1107 3302 1285 3354 pacem
1303 3287 1571 3342 habentes.
1592 3288 2115 3346 Consultoa‘dditum

533 3382 644 3438 est,
679 3374 737 3430 Si
759 3376 877 3445 ﬁeri
904 3385 1094 3446 potest,
1128 3386 1203 3440 et,
1240 3378 1381 3448 quod
1410 3395 1476 3433 ea:
1509 3380 1650 3435 vobis
1690 3389 1787 3435 est.
1819 3381 1990 3449 Nihil,
2036 3384 2120 3437 in-

538 3469 681 3538 quit,
712 3485 741 3522 a
778 3469 933 3525 vobis
966 3470 1079 3537 liat,
1107 3471 1203 3526 sed
1243 3486 1461 3526 omnem
1498 3487 1600 3542 pro
1634 3488 1770 3542 pace
1804 3475 2117 3529 machinam

541 3562 815 3621 adhibete.
857 3562 971 3618 Hoc
1010 3572 1194 3620 autem
1220 3581 1299 3620 ex
1336 3564 1404 3619 iis
1432 3579 1556 3633 quae
1599 3566 1756 3636 prius
1801 3566 1948 3624 dicta
1988 3575 2120 3623 sunt

541 3644 915 3726 consequitur.
949 3655 1053 3724 Qui
1085 3657 1229 3712 enim
1259 3657 1539 3713 benedicit
1560 3658 1609 3714 ei
1631 3659 1729 3732 qui
1749 3661 2118 3732 persequitur,

540 3756 595 3800 et
624 3762 730 3800 non
763 3747 1053 3803 ulciscitur
1092 3763 1191 3804 eos
1232 3748 1324 3817 qui
1364 3747 1574 3803 faciunt
1615 3729 1899 3820 injuriam,
1926 3729 2119 3825 quod-

541 3854 665 3892 nam
701 3838 756 3893 in
785 3855 845 3895 se
883 3840 1068 3895 odium
1115 3849 1211 3894 aut
1246 3841 1584 3897 simultatem
1619 3844 1888 3915 suscipit?

610 3930 776 3986 Vens.
810 3934 896 3998 l9,
928 3933 1018 4005 20.
1065 3931 1190 3988 Non
1221 3935 1563 4004 vosmetipsos
1593 3922 1959 4005 defendentes.
1993 3940 2121 3994 cha-

544 4025 766 4089 rissimi,
824 4024 915 4081 sed
959 4024 1082 4079 date
1127 4025 1300 4079 locum
1341 4026 1455 4083 ἕνας.
1516 4026 1785 4100 Scriptum
1822 4040 1900 4086 est
1934 4031 2120 4084 enim:

543 4117 678 4170 Mihi
712 4117 974 4182 vindicta,
1013 4133 1104 4188 ego
1131 4118 1443 4187 retribuam,
1469 4122 1599 4175 dicit
1648 4122 1930 4176 Dominus.
1967 4122 2120 4187 Quod

542 4212 590 4265 si
624 4211 871 4265 esurierit
898 4210 1143 4264 inimicus
1169 4220 1311 4275 tuus,
1342 4212 1459 4267 ciba
1512 4214 1689 4280 illum;
1722 4215 1771 4268 si
1801 4214 1937 4278 sitit,
1965 4213 2124 4283 135

544 4306 560 4323 '
593 4312 774 4373 potum
821 4302 891 4355 da
934 4303 1017 4356 illi
1048 4319 1066 4356 :
1094 4303 1189 4357 hoc
1237 4299 1376 4359 enim
1419 4305 1646 4375 faciens,
1693 4306 1944 4360 carbones
1983 4306 2120 4374 ig‘nis

545 4410 788 4465 congeras
806 4410 962 4463 super
978 4405 1133 4464 caput
1156 4397 1291 4464 ejus.
1329 4397 1889 4469 Postquamjudicem
1937 4404 2124 4451 osten-

546 4487 646 4557 djt,
677 4489 963 4555 etjustum
995 4489 1114 4557 ejus
1145 4489 1415 4559 judicium
1448 4491 1666 4561 aperuit
1700 4490 1831 4560 (hoc
1871 4490 2018 4545 enim
2041 4492 2119 4547 si-

2222 3289 2467 3359 θρώπων
2492 3290 2925 3361 είρηνεύοντες.
2942 3289 3098 3343 Μετὰ
3125 3288 3410 3360 ἀκριϐείας
3433 3290 3465 3358 ἡ
3492 3285 3809 3357 προσθήκη,

2221 3382 2314 3436 καὶ
2349 3382 2428 3445 τὸ,
2460 3369 2512 3435 εὶ
2541 3380 2823 3444 δυνατὸν,
2854 3380 2946 3433 καὶ
2974 3379 3055 3445 τὸ,
3087 3379 3156 3444 ἐξ
3189 3377 3373 3447 ὑμῶν.
3404 3376 3607 3446 Μηδὲν,
3646 3377 3808 3446 φησὶ,

2220 3476 2351 3547 παρ’
2393 3476 2535 3545 ὑμᾶς
2565 3473 2818 3543 γινέσθω,
2846 3472 2981 3527 ἁλλά
3028 3474 3211 3526 πᾶσαν
3251 3471 3389 3542 ὑπὲρ
3431 3470 3530 3541 τῆς
3582 3470 3813 3540 εἰρήνης

2221 3567 2560 3638 προσφέρετε
2589 3566 2859 3636 μηχανήν.
2885 3564 2996 3617 Καὶ
3048 3563 3207 3617 τοῦτο
3236 3562 3293 3617 δὲ
3326 3564 3437 3625 τοῖς
3468 3561 3813 3633 προειρημέ-

2220 3674 2332 3721 νοις
2365 3655 2675 3712 ἀκόλουθον.
2720 3656 2778 3709 ’0
2828 3655 2937 3726 γὰρ
2975 3654 3212 3722 εὐλογῶν
3257 3654 3349 3707 τὸν
3389 3652 3671 3713 διώκοντα,
3715 3651 3813 3706 καὶ

2224 3749 2302 3822 μὴ
2356 3748 2697 3820 ἀμυνόμενος
2755 3747 2846 3801 τὸν
2910 3747 3200 3801 ἀδικοῦντα
3225 3789 3239 3814 ,
3272 3746 3433 3800 ποίαν
3487 3744 3815 3813 δυσμένειαν

2220 3840 2543 3913 ἀναδέχεται
2566 3858 2582 3907 ;

2293 3934 2381 3999 ιθν,
2424 3942 2492 3988 κ’.
2542 3933 2641 4000 Μὴ
2700 3930 3393 3998 ἑαυτοὺςλέκδικοῦντες
3418 3970 3433 3995 ,
3472 3932 3813 4007 ἀγαπητοί,

2221 4024 2384 4080 enea
2412 4022 2549 4077 δότε
2581 4022 2769 4075 τόπον
2811 4019 2885 4087 τῇ
2922 4017 3090 4090 ὀργῇ.
3112 4020 3448 4089 Γέγραπται
3476 4020 3614 4091 γάρ’
3641 4023 3813 4091 Ἐμοὶ

2221 4114 2555 4184 ἐκδίκησις,
2584 4112 2701 4183 ἐγὼ
2740 4110 3174 4176 ἀνταποδώσω,
3205 4113 3367 4181 λέγει
3407 4113 3641 4181 Κύριος.
3673 4115 3817 4168 ἐὰν

2221 4210 2335 4264 οὖν
2356 4205 2534 4274 πεινᾷ
2559 4208 2592 4261 ὁ
2613 4205 2827 4276 ἐχθρός
2859 4219 2994 4265 σου,
3010 4202 3230 4273 ψώμιζε
3258 4205 3447 4257 αὐτόν
3466 4221 3478 4232 ·
3502 4204 3612 4270 ἐὰν
3635 4204 3813 4273 διψᾷ,

2221 4299 2417 4362 πότιζε
2449 4300 2668 4355 αὐτόν·
2698 4298 2875 4354 τοῦτο
2911 4296 3023 4366 γὰρ
3054 4294 3262 4363 ποιῶν,
3293 4295 3598 4365 ἄνθρακας
3617 4298 3815 4365 πυρὸς

2221 4394 2548 4462 σωρεύσεις
2601 4390 2700 4445 ἐπὶ
2739 4388 2854 4459 τὴν
2886 4388 3183 4459 κεφαλὴν,
3210 4387 3417 4441 αὐτοῦ.
3456 4386 3558 4439 Τὸν
3616 4389 3818 4457 κριτὴν

2222 4485 2527 4550 ὑποδείξας,
2555 4484 2647 4539 καὶ⁸
2675 4483 2773 4554 τὴν
2796 4480 3011 4537 δικαίαν
3067 4480 3231 4534 αὑτοῦ
3278 4479 3460 4549 ψῆφον
3515 4478 3817 4548 γυμνώσας

548 4580 769 4651 gniﬁcat
802 4599 813 4635 :
847 4579 981 4634 Mihi
1023 4583 1275 4648 vindicta,
1293 4601 1387 4655 ego
1423 4582 1735 4644 retribuam,
1760 4581 1890 4635 dicit
1938 4581 2113 4638 Domi-

2230 4577 2409 4652 (τοῦτο
2440 4579 2548 4650 γὰρ
2589 4577 2741 4646 δηλοῖ
2767 4566 2862 4628 τόο
2916 4573 3080 4644 Ἐμοί
3123 4573 3462 4642 ἐκδίκησις,
3516 4571 3629 4642 ἐγὼ
3671 4572 3818 4626 ἀντ-

548 4674 691 4741 nus),
718 4671 874 4741 jubet
908 4689 1010 4735 nos
1032 4674 1250 4731 fortiter
1283 4676 1428 4731 ferre
1452 4673 1690 4742 injurias
1720 4673 1925 4742 quibus
1951 4673 2117 4729 allici-

549 4777 693 4826 mur,
716 4768 768 4816 et
791 4762 1052 4832 injuriam
1095 4763 1432 4820 facientibus
1471 4761 1766 4838 contraria~
1786 4761 2038 4828 reddere,
2070 4771 2124 4818 ct

549 4853 791 4907 inimicis
825 4845 1139 4910 necessaria
1165 4856 1434 4925 praebere.
1471 4854 1600 4906 Hzec
1633 4851 1780 4907 enim
1812 4853 1881 4908 iis
1901 4854 2123 4925 quidem

549 4945 643 5014 qui
691 4945 977 5015 sapientia:
1026 4946 1263 5002 studiosi
1313 4951 1469 5011 sunt,
1510 4958 1751 4999 coronas
1791 4953 2121 5011 contexunt,

549 5053 740 5091 eorum
779 5046 982 5103 autem,
1010 5039 1103 5108 qui
1132 5038 1390 5107 injuriam
1426 5036 1655 5102 faciunt,
1680 5051 1873 5107 pmnas
1899 5046 2123 5110 augent.

554 5126 853 5183 Sciendum
884 5136 1067 5184 autem
1126 5145 1236 5183 non
1283 5137 1547 5199 Oportcre
1582 5145 1685 5187 nos
1722 5130 1844 5185 ideo
1872 5131 2126 5201 inimicos

553 5222 757 5287 colere,
790 5229 848 5275 ut
880 5222 956 5276 illi
1003 5219 1243 5290 majores
1275 5223 1406 5277 dent
1440 5238 1651 5293 poenas.
1690 5222 1927 5278 Divinus
1970 5224 2119 5278 enim

2226 4670 2538 4734 αποδώσω,
2560 4669 2723 4741 λέγει
2753 4666 3014 4737 Κύριος),
3044 4664 3143 4729 τὰς
3172 4665 3571 4736 ἐπιφερομένας
3602 4663 3819 4727 ἀδικίας

2229 4764 2418 4834 φέρειν
2459 4762 2671 4816 κελεύει
2729 4760 3025 4829 γενναίως,
3058 4759 3154 4813 καὶ¹
3203 4761 3316 4823 τοῖς
3367 4757 3631 4819 ἐναντίοις
3682 4758 3816 4818 τοὺς

2227 4854 2546 4919 ἀδικοῦντας
2579 4852 2926 4925 ἀμείϐεσθαι,
2959 4851 3054 4905 καὶ
3097 4850 3196 4914 τὰς
3233 4849 3421 4923 χρείας
3447 4851 3559 4911 τοῖς
3614 4847 3815 4918 δυσμεο

2227 4949 2343 5004 νέσι
2375 4948 2655 5018 παρέχειν.
2686 4945 2874 4998 Ταῦτα
2901 4943 3008 5015 γὰρ
3038 4945 3152 5007 τοῖς
3183 4943 3281 5013 μὲν
3309 4940 3657 5011 φιλοσοφοῦσι
3686 4941 3816 5002 τοὺς

2228 5042 2526 5113 στεφάνους
2556 5040 2801 5109 ὑφαίνει,
2830 5037 2940 5091 τῶν
2971 5036 3029 5090 δέ
3076 5054 3139 5106 γε
3169 5035 3498 5091 ἀδικούντων
3534 5032 3688 5100 αὔξει
3710 5033 3814 5101 τὴν

2223 5132 2517 5206 τιμωρίαν.
2568 5130 2784 5191 Είδέναι
2811 5131 2994 5199 μέντοι
3018 5126 3145 5200 χρὴ,
3179 5127 3255 5190 ὡς
3279 5126 3379 5180 οὐκ
3402 5125 3495 5178 ἐπὶ
3526 5122 3702 5192 τούτῳ
3728 5121 3815 5175 θε-

2231 5225 2493 5301 ραπεύειν
2513 5223 2782 5295 προσήκει
2810 5221 2935 5284 τοὺς
2965 5220 3271 5289 δυσμενεῖς,
3304 5217 3390 5271 ἵνα
3431 5214 3651 5287 μείζους
3671 5214 3813 5269 ἐκεῖ·

556 5314 847 5383 Apostolus
876 5313 992 5367 lucc
1013 5311 1242 5375 addidit,
1257 5314 1448 5371 volens
1464 5315 1586 5385 ejus
1616 5316 1752 5371 iram
1772 5315 2113 5387 exstinguere

2229 5335 2312 5373 νοι
2357 5317 2551 5370 τίσωσι
2586 5314 2763 5376 δίκας.
2807 5311 2865 5366 '0
2913 5312 3024 5383 γὰρ
3068 5310 3209 5374 θεῖος
3268 5307 3591 5371 Ἀπὸστολος
3637 5304 3809 5366 ταῦτα

555 5405 646 5473 qui
674 5404 878 5474 injuria
915 5403 1172 5471 aliicitur,
1212 5423 1320 5464 non
1363 5416 1543 5465 autem
1593 5408 1738 5464 bono
1783 5407 1989 5462 malum
2025 5423 2125 5463 au-

631 5591 659 5631 r
700 5580 743 5635 ll
768 5579 893 5636 Cor.
922 5594 1016 5634 vul
1043 5619 1060 5647 ,
1092 5581 1175 5638 l4.
1255 5595 1282 5636 τι
1310 5583 1502 5643 Matth.
1529 5602 1582 5656 ν,
1611 5585 1699 5641 44.

2231 5405 2677 5481 προστέθεικεθθ,
2708 5405 2894 5460 σϐέσαι
2944 5402 3039 5458 τοῦ
3083 5402 3437 5475 ἀδικουμένου
3491 5398 3810 5472 βουλόμενος

1780 5598 1801 5626 τ
1841 5583 2019 5644 lCor.
2058 5605 2127 5653 χ,
2164 5585 2252 5644 5'2.

1834 5742 2076 5800 νΑιιιΑῑ
2119 5740 2521 5799 LECTIONES.

636 5858 681 5890 "‘
702 5859 746 5914 A
768 5858 854 5914 ἵνα
888 5875 1022 5915 κοιν.
1061 5860 1280 5931 γένηται
1307 5862 1528 5933 κατορθ.

1634 5864 1677 5897 ⁸⁷
1704 5865 1797 5917 καὶ
1822 5862 1976 5926 deest
2000 5861 2053 5916 in
2089 5861 2152 5915 A.

2235 5860 2280 5894 9‘
2314 5861 2358 5913 A
2385 5855 2717 5928 προσέθηκε.
