4034 6330
334 334 432 398 193

1182 332 1792 394 INTERPRETATIO
1813 331 2048 394 EPIST.
2079 332 2181 392 AD
2212 332 2397 393 ROM.
2427 335 2584 394 CAP.
2614 335 2782 395 XIII.

3477 339 3577 405 194

322 448 412 500 τὸν
436 443 629 515 θυμὸν,
670 443 732 498 οὐ
760 443 846 518 τῷ
893 444 1086 516 ἀγαθῷ
1117 446 1180 499 τὸ
1233 447 1401 501 κακὸν
1441 448 1673 517 αὐξῆσαι
1705 443 1903 517 πειρώ-

2009 456 2140 513 gere
2174 443 2427 498 studens.
2460 444 2614 509 Quod
2651 446 2796 497 enim
2848 458 2948 497 nos
2977 445 3258 513 sapientiae
3296 450 3578 505 studiosos

325 555 497 609 μενος.
533 538 659 592 Ὅτι
719 538 833 609 γὰρ
880 538 1191 610 φιλοσοφεῖν
1246 540 1499 606 κελεύει,
1532 540 1627 594 καὶ
1665 539 1734 592 τὰ
1777 537 1907 608 ἑξῆς

321 628 573 684 διδάσκει.

389 718 619 788 καᾌΜὴ
655 720 809 777 νικῶ
837 720 959 776 ὑπὸ
994 721 1100 776 τοῦ
1125 722 1335 787 κακοῦ,
1369 723 1531 787 ἀλλὰ
1560 722 1701 776 νίκα
1728 721 1800 775 ἐν
1828 719 1907 786 τῷ
1952 790 1961 797 _

332 812 506 881 ἀταθῷ
537 814 609 866 τὸ
637 815 857 867 κακόν.
888 815 932 866 Τ
935 813 963 866 ὸ
995 813 1094 884 μὲν
1121 814 1231 885 γὰρ
1256 814 1579 885 ἀμύνεσθαι,
1608 816 1707 884 τὴν
1738 810 1904 887 ἧτταν

335 904 569 975 σημαίνει
596 922 610 935 ·
650 904 781 977 νίκη
812 905 870 958 δὲ
900 906 1186 977 προφανὴς
1205 947 1220 971 ,
1257 907 1318 958 τὸ
1346 909 1459 970 τοῖς
1488 906 1715 974 ἀγαθοῖς
1750 906 1908 976 ἀμεί-

326 993 494 1046 εεσθαι
538 994 824 1049 τὰνκακά.
861 994 1020 1050 Οὕτω
1051 996 1141 1050 διὰ
1187 996 1394 1050 τούτων
1421 997 1482 1049 τὸ
1508 992 1643 1067 ἦθος
1684 996 1904 1049 παιδεύ·

320 1102 440 1149 σας,
486 1086 948 1157 παρακελεύεται
998 1089 1092 1141 καὶ
1147 1092 1261 1151 τοῖς
1326 1088 1553 1158 ἄρχουσι
1581 1087 1679 1158 τὴν
1738 1104 1908 1158 προσ-

316 1180 551 1246 ἥκουσαν
590 1179 901 1250 ἀπονέμειν
932 1181 1116 1250 τιμήν.
1158 1178 1390 1250 Προῄδει
1420 1183 1549 1251 γὰρ,
1583 1179 1678 1232 ἅτε
1708 1179 1770 1249 δὴ
1811 1178 1904 1233 τοῦ

314 1270 581 1337 παναγίου
615 1271 766 1323 Πνεύ
775 1288 946 1341 ματος
972 1270 1241 1333 πλουσίως
1266 1270 1364 1342 τὴν
1398 1271 1560 1341 χάριν
1589 1269 1902 1340 δεξάμενος,

305 1357 379 1421 ὥς
407 1375 598 1421 τινες,
654 1359 818 1430 τύφῳ
865 1360 1128 1430 μᾶλλονῆ
1173 1359 1319 1432 ζήλῳ
1373 1360 1738 1433 κεχρημένοι,
1798 1358 1906 1413 τῶν

305 1451 584 1521 βιωτικῶν
634 1453 921 1522 ἀρχόντων
960 1453 1474 1523 καταφρονήσουσι,
1515 1451 1734 1522 μείζους
1776 1452 1904 1504 ἑαυα

302 1544 425 1604 τοὺς
477 1543 574 1596 διὰ
616 1544 722 1616 τὴν
789 1544 996 1612 γνῶσιν
1059 1543 1570 1613 ὑπολαμϐάνοντες
1621 1544 1797 1607 ἄλλως
1844 1560 1905 1596 τε

304 1637 391 1688 καὶ
407 1638 459 1669 ’⁸
485 1636 594 1708 τὴν
625 1638 1036 1717 καωχυθείσαν
1061 1637 1238 1691 αὐτῶν
1266 1638 1424 1703 δόξαν
1449 1637 1900 1708 ἁποτριϐόμενος,

301 1728 462 1781 τοῦτο
489 1731 660 1782 ποιεῖ.
694 1729 1064 1783 Διεϐάλλοντο·
1083 1729 1192 1801 γὰρ
1213 1772 1227 1796 ,
1261 1729 1335 1794 ὡς
1366 1731 1491 1793 τοὺς
1524 1731 1737 1792 κοινοὺς
1768 1730 1902 1782 ἀνα-

298 1820 608 1889 τρέποντες
643 1822 870 1891 νὸμους.
911 1823 1024 1874 Καὶ
1051 1822 1100 1874 oi
1131 1822 1230 1892 μὲν
1258 1821 1468 1891 ἔλεγον·
1509 1822 1573 1874 Oi
1596 1820 1904 1891 τὴνοίκου-

296 1914 479 1985 μένην
513 1913 1041 1978 ἀναστατώσαντες,
1072 1909 1215 1968 οὗτοι
1260 1914 1356 1986 καὶ
1386 1912 1624 1968 ἐνταῦθα
1644 1914 1661 1943 ¹
1712 1912 1904 1982 πάρει-

297 2020 377 2057 σιν
400 2021 417 2035 ο
450 2005 509 2057 oi
532 2004 617 2071 δὲ,
647 2006 735 2057 ὅτι
757 2004 922 2074 ἕτερα
949 2005 1044 2075 ἔθη
1070 2005 1375 2073 εἰσάγουσι.
1400 1996 1687 2077 Προῦργου
1722 2002 1904 2057 τοίνυν

295 2098 529 2168 ἐνόμισε
562 2098 662 2151 καὶ
695 2096 830 2168 περὶ
860 2096 1054 2150 τούτου
1084 2096 1474 2168 νομοθετῆσαι.

852 2261 1249 2325 ΚΕΦΑΑΑΙΟΝ
1280 2271 1376 2323 ΙΓ¹.

360 2366 453 2416 α¹.·
483 2361 668 2416 Πᾶσα
700 2365 878 2430 ψυχὴ
914 2361 1239 2428 ἐξουσίαις
1272 2364 1710 2432 ὑπερεχούσαις
1757 2367 1901 2419 ὑπο-

295 2452 638 2507 τασσέσθω
655 2455 700 2505 ³.
742 2453 867 2506 Εῑτε
898 2453 1079 2524 ἱερεύς
1112 2453 1196 2516 τίς
1233 2455 1404 2519 ἐστιν,
1435 2446 1549 2519 εἴτε
1587 2456 1899 2527 ἀρχιερεὺς,

297 2544 407 2597 είτε
447 2543 549 2597 τὸν
586 2545 803 2615 μονήρη
839 2544 955 2614 βίον
987 2543 1458 2615 ἐπαγγελλόμενος
1481 2590 1494 2613 ,
1536 2550 1647 2612 τοῖς
1675 2550 1772 2612 τὰς
1803 2550 1902 2621 ἁρ-

298 2636 398 2707 χὲς
433 2637 914 2706 πεπιστευμένοις
948 2638 1164 2691 είκέτω.
1201 2638 1478 2710 Πρόδηλον
1507 2641 1553 2693 εί
1598 2643 1715 2712 μετ’
1743 2643 1901 2695 εὐσε-

294 2729 494 2792 6είας’
527 2727 591 2781 οὐ
629 2726 741 2799 γὰρ
784 2729 818 2797 ἡ
849 2728 1164 2791 ἐναντίωσις
1194 2729 1305 2783 τῶν
1350 2722 1581 2784 ἐντολῶν
1627 2732 1721 2785 τοῦ
1766 2732 1901 2786 Θεοῦ

298 2821 560 2873 ὑπείκειν
618 2822 901 2890 συγχωρεῖ
955 2823 1067 2885 τοῖς
1118 2822 1401 2894 ἄρχουσιν.
1441 2826 1523 2878 Οὐ
1573 2826 1684 2896 γὰρ
1728 2825 1905 2881 ἔστιν

295 2912 584 2977 ἐξουσία,
612 2914 668 2965 εί
684 2912 776 2980 μὴ
805 2911 928 2965 ἀπὸ
951 2913 973 2945 ³
1009 2913 1177 2967 Θεοῦ.
1218 2918 1285 2969 Ai
1313 2915 1383 2968 δὲ
1418 2914 1600 2972 οὖσαι
1627 2919 1903 2983 ἐξουσίαι

297 3003 422 3061 ὑπὸ
460 3003 578 3058 τοῦ
620 3002 773 3057 Θεοῦ
822 3007 1175 3073 τεταγμέναι
1219 3008 1359 3061 εἶσί.
1417 3010 1528 3063 Καὶ
1576 3009 1750 3063 ταῦτα
1800 3012 1903 3083 τῆς

2008 547 2131 587 esse
2146 534 2359 604 jubeat,
2386 534 2590 590 docent
2627 539 2796 589 etiam
2843 550 2965 602 qua:
2991 545 3320 611 Sequuntur.

2082 710 2250 768 Vsus.
2288 712 2380 767 21.
2434 712 2564 769 Noli
2616 715 2754 768 vinci
2802 732 2834 767 a
2869 714 3032 779 malo,
3053 715 3142 768 sed
3184 719 3326 770 vince
3355 719 3406 770 in
3447 718 3579 772 bono

2008 804 2229 859 malum.
2268 805 2477 883 Ulcisci
2510 807 2678 872 enim,
2714 806 3033 862 inferiorem
3064 806 3236 863 fuisse
3259 807 3534 878 signiﬁcat
3563 829 3577 864 :

2007 896 2233 951 evidens
2261 904 2445 951 autem
2470 898 2704 952 victoria
2728 905 2835 963 est,
2863 914 2962 965 pro
2983 899 3141 954 malis
3164 899 3306 954 bona
3328 900 3574 977 reddere.

2009 985 2145 1042 Cum
2186 1003 2366 1044 mores
2398 990 2500 1044 hac
2524 991 2740 1044 ratione
2786 990 3170 1055 informasset,
3212 991 3371 1060 jubet
3412 997 3577 1045 etiam

2008 1076 2276 1135 honorem
2332 1079 2400 1136 iis
2459 1081 2553 1150 qui
2610 1090 2854 1150 praesunt
2909 1085 3333 1138 convenientem
3384 1084 3577 1140 tribui.

2005 1166 2353 1225 Praevidebat
2381 1172 2563 1239 enim,
2589 1179 2777 1241 utpote
2821 1173 2914 1241 qui
2937 1172 3113 1227 divini
3162 1173 3402 1243 Spiritus
3451 1192 3580 1247 gra.

1958 1269 1963 1273 '
2009 1261 2142 1315 tiam
2180 1261 2384 1316 aii‘atim
2418 1263 2866 1334 acceperathore
2898 1271 2958 1317 ut
2988 1266 3271 1336 nonnulli,
3305 1266 3445 1320 fastu
3478 1284 3578 1337 po-

2008 1352 2122 1407 tius
2196 1367 2360 1423 quam
2422 1354 2542 1411 zelo
2576 1360 2831 1417 utentes,
2884 1354 3237 1424 magistratus
3286 1357 3578 1410 saeculares

2009 1452 2446 1507 contemnerent,
2484 1447 2720 1515 majores
2746 1461 2805 1501 se
2831 1445 2940 1500 illis
2968 1439 3189 1517 propter
3226 1446 3468 1501 scientiae
3488 1464 3581 1502 co-

2007 1537 2311 1607 gnitionem
2337 1538 2723 1593 existimantes
2758 1556 2771 1592 :
2805 1547 2859 1592 et
2886 1538 3092 1607 alioqui
3123 1553 3374 1608 sparsam
3402 1541 3469 1595 de
3494 1541 3580 1610 ip-

2008 1628 2085 1682 sis
2113 1628 2427 1697 opinionem
2456 1631 2672 1684 amoliri
2698 1632 2889 1686 volens
2925 1631 3028 1686 boc
3055 1629 3207 1685 facit.
3245 1630 3387 1687 Male
3430 1634 3579 1687 enim

2007 1717 2329 1784 audiebant,
2368 1726 2629 1788 tanquam
2660 1721 2753 1790 qui
2797 1702 2949 1791 leges
2991 1736 3318 1777 communes
3363 1730 3580 1777 everte-

2008 1815 2129 1863 rent
2166 1808 2276 1865 :‘et
2314 1810 2407 1864 alii
2455 1811 2676 1880 quidem
2725 1798 3029 1867 dicebant'.
3081 1832 3099 1863 ι
3130 1812 3233 1878 Qui
3263 1813 3578 1868 universum

2006 1909 2281 1957 terrarum
2315 1903 2504 1958 orbem
2557 1910 2907 1970 everterunt,
2938 1903 3047 1973 ipsi
3097 1904 3187 1958 hic
3222 1913 3442 1974 quoque
3480 1906 3578 1960 ad-

2005 2003 2136 2051 sunt
2167 2001 2226 2060 ';
2256 2012 2275 2047 ι
2311 1994 2402 2050 alii
2427 2009 2578 2063 vero,
2612 1995 2758 2065 quod
2790 1994 2927 2052 alias
2957 1996 3387 2053 consuetudines
3410 1995 3581 2050 intro-

2004 2085 2269 2141 ducunt‘.
2300 2084 2442 2142 Utile
2470 2086 2657 2158 itaque
2677 2086 3013 2142 existimavit
3041 2085 3109 2142 de
3140 2087 3245 2143 hoc
3276 2089 3440 2144 etiam
3473 2088 3577 2147 ali-

2004 2180 2138 2251 quid
2170 2179 2518 2236 decernere."

2445 2271 2604 2343 136
2641 2270 2870 2326 CAPUT
2901 2268 3042 2326 xm.

2078 2362 2241 2420 Vens.
2297 2364 2351 2418 1.
2409 2364 2597 2421 Omnis
2665 2365 2848 2417 anima
2895 2364 3244 2431 potestatibus
3305 2364 3580 2418 sublimio-

2004 2456 2152 2510 ribus
2197 2456 2413 2510 subdita
2448 2457 2536 2511 sit.
2588 2454 2719 2510 Sive
2762 2463 2846 2511 est
2890 2456 3152 2511 sacerdos
3195 2455 3417 2526 aliquis,
3465 2456 3580 2511 sive

2007 2534 2270 2613 an'tistes,
2305 2547 2421 2602 sive
2454 2545 2817 2600 monasticam
2848 2545 3013 2601 vitam
3047 2545 3354 2615 professus,
3385 2546 3451 2602 iis
3490 2561 3581 2601 ce.

2005 2641 2101 2695 dat
2137 2640 2340 2711 quibus
2379 2638 2626 2711 mandati
2668 2645 2799 2694 sunt
2830 2639 3197 2709 principatus.
3231 2638 3458 2693 Clarum
3497 2646 3583 2694 est

2004 2740 2210 2798 autem,
2236 2733 2283 2787 si
2312 2746 2437 2787 cum
2468 2708 2674 2802 pietaie
2706 2750 2719 2786 :
2755 2747 2864 2787 non
2888 2732 3058 2799 enim,
3086 2733 3132 2786 si
3176 2731 3268 2786 Dei
3296 2732 3580 2804 praeceptis

2004 2832 2332 2894 repugnent,
2367 2824 2787 2894 magistratibus
2809 2824 3038 2893 obsequi
3062 2824 3426 2894 permittitur.
3458 2821 3581 2878 Non

2003 2922 2080 2967 est
2100 2915 2237 2967 enim
2275 2923 2531 2981 potestas,
2567 2914 2671 2968 nisi
2711 2930 2742 2967 α
2785 2913 2916 2968 Deo.
2951 2914 3084 2981 Qua:
3133 2923 3307 2968 autem
3335 2924 3455 2968 sunt
3488 2929 3582 2982 po-

2007 3014 2243 3073 testates,
2277 3021 2310 3058 a
2341 3004 2451 3060 Deo
2484 3008 2503 3027 ¹
2537 3004 2799 3059 ordinatae
2837 3013 2980 3059 sunt.
3011 3005 3080 3059 Et
3109 3005 3226 3060 haec
3254 3020 3284 3059 a
3311 3004 3407 3059 Dei
3450 3019 3579 3076 pro-

299 3095 394 3151 τοῦ
450 3094 595 3149 Θεοῦ
643 3096 992 3168 προμηθείας
1047 3097 1364 3170 ἐξήρτηται.
1424 3099 1600 3164 Αὐτὸς
1646 3103 1755 3173 γὰρ
1804 3094 1902 3175 τῆς

2006 3097 2249 3153 videntia
2289 3096 2626 3167 dependent.
2674 3094 2795 3166 Ipse
2820 3096 2968 3151 enim
3011 3096 3324 3151 communis
3367 3096 3580 3154 ordinis

302 3190 492 3259 κοινῆς
541 3186 1014 3260 προμηθούμενος
1053 3190 1308 3254 εὐταξίας
1331 3231 1346 3256 ,
1380 3185 1521 3257 ’τοὺς
1552 3195 1651 3264 μὲν
1686 3195 1897 3267 ἄρχειν,

305 3282 398 3333 καὶ
433 3278 709 3351 ἄρχεσθαι
760 3280 1149 3351 ᾠκονόμησεν,
1200 3276 1310 3335 οἷόν
1353 3300 1475 3336 τινα
1527 3285 1745 3355 χαλινὸν
1790 3291 1902 3350 τοῖς

311 3370 554 3424 ἀδικοῦσι
601 3370 717 3424 τῶν
761 3372 1045 3442 ἀρχόντων
1088 3373 1150 3426 τὸ
1177 3374 1296 3437 δέος
1342 3376 1662 3447 περιτιθείς.
1706 3380 1902 3434 ’ἰστέον

320 3462 529 3531 μέντοι,
576 3462 661 3526 ὡς
718 3462 780 3515 τὸ
828 3464 1018 3534 ἄρχειν
1063 3466 1157 3539 καὶ
1197 3465 1463 3536 ἄρχεσθαι
1500 3467 1602 3538 τῆς
1628 3469 1723 3522 τοῦ
1763 3470 1900 3523 Θεοῦ

328 3554 655 3623 προμηθείας
701 3554 1013 3625 ἐξήρτησεν
1049 3557 1078 3608 ὁ
1126 3555 1271 3621 θεῖος
1318 3558 1672 3625 Ἀπόστολος,
1728 3563 1789 3614 οὺ
1839 3560 1901 3614 τὸ

300 3656 316 3674 ⁶
335 3644 417 3695 τὸν
444 3645 597 3711 δεῖνα,
626 3646 662 3717 ἢ
702 3646 800 3699 τὸν
830 3645 979 3700 δεῖνα
1013 3647 1221 3718 ἄρχειν.
1254 3651 1329 3703 Οὐ
1359 3653 1469 3724 γὰρ
1506 3652 1598 3705 τοῦ
1623 3652 1770 3706 Θεοῦ
1789 3671 1902 3724 χει·

335 3736 530 3807 ροτονίςι
578 3738 691 3791 τῶν
742 3737 950 3793 ἀδίκων
999 3740 1031 3809 ἡ
1083 3739 1324 3805 ἐξουσία,
1363 3744 1479 3797 ἀλλ’
1527 3745 1664 3815 αὐτὴ
1723 3746 1758 3815 ἡ
1801 3746 1901 3815 τῆς

327 3830 603 3901 ἡγεμονίας
639 3833 954 3902 οἰκονομία.
993 3834 1237 3906 Εὐμενὴς
1289 3836 1472 3907 μέντοι
1523 3836 1634 3903 ὢν,
1688 3838 1901 3892 δίδωσιν

317 3922 570 3994 ἄρχοντας
608 3926 898 3995 τιμῶντας
937 3926 1000 3979 τὺ
1034 3927 1263 3984 δίκαιον.
1300 3947 1319 3980 ι
1346 3930 1525 4001 Δώσω,
1550 3930 1659 4002 γὰρ
1689 3931 1898 3995 αὐτοῖς,

312 4018 457 4085 φησι,
481 4016 757 4088 ποιμένας
774 4017 917 4072 κατὰ
935 4017 1033 4089 τὴν
1053 4019 1276 4091 καρδίαν
1297 4037 1418 4091 μου,
1442 4022 1538 4075 καὶ
1574 4018 1900 4093 ποιμανοῦσι

308 4102 500 4166 αὐτοὺς
529 4104 927 4174 ποιμαίνοντες
978 4107 1094 4176 μετ’
1126 4110 1457 4181 ἐπιστήμης.
1513 4131 1531 4162 ι
1567 4112 1675 4165 Καὶ
1702 4114 1897 4166 ’πάλιν⁹

308 4210 331 4244 ι
361 4193 535 4247 Δώσω
583 4196 718 4259 τοὺς
765 4198 961 4267 κριτάς
1008 4216 1103 4252 σου
1130 4240 1145 4263 ,
1186 4200 1262 4265 ὡς
1312 4202 1374 4254 τὸ
1432 4204 1739 4275 πρότερον,
1805 4206 1901 4260 καὶ

246 4330 249 4331 ,
303 4285 424 4349 τοὺς
471 4286 823 4357 συμϐούλους
853 4305 969 4351 σου,
1013 4291 1091 4353 ὡς
1114 4291 1177 4344 τὸ
1221 4293 1497 4366 ἁπαρχῆς.
1547 4316 1564 4348 ι
1602 4297 1899 4353 Παιδε-ῦσαι

304 4375 358 4430 δὲ
384 4378 858 4450 πλημμελοῦντας
893 4380 1221 4454 βουλόμενος
1244 4425 1258 4451 ,
1310 4388 1405 4439 καὶ
1447 4387 1601 4459 παρὰ
1644 4388 1898 4461 πονηρῶν

2005 3204 2197 3243 curam
2237 3203 2458 3259 gerens,
2515 3189 2617 3244 hos
2658 3187 2882 3267 quidem
2930 3187 3228 3258 imperare,
3270 3188 3393 3243 illos
3448 3202 3581 3243 vero

2005 3296 2201 3352 parere
2226 3282 2486 3349 instituit,
2520 3281 2695 3337 veluti
2725 3281 3005 3353 quoddam
3034 3280 3247 3336 frenum
3280 3280 3351 3336 iis
3379 3281 3470 3351 qui
3498 3280 3581 3335 in.

1999 3373 2149 3442 juste
2166 3380 2356 3444 agunt,
2378 3373 2767 3442 imperantium
2790 3373 3048 3441 timorem
3070 3372 3368 3427 incutiens.
3405 3370 3577 3426 Porro

2003 3475 2184 3521 autem
2220 3466 2504 3521 sciendum
2540 3474 2644 3529 est,
2682 3467 2831 3537 quod
2861 3474 2917 3521 et
2949 3466 3246 3535 imperare,
3283 3465 3580 3535 etimperio

2003 3556 2254 3622 subesse,
2301 3570 2331 3609 a
2373 3556 2560 3631 divina
2591 3557 2934 3627 providentia
2961 3555 3200 3626 pendere
3225 3555 3417 3610 dou-at
3440 3554 3578 3608 divi-

2004 3664 2108 3705 nus
2141 3647 2464 3720 Apostol‘us,
2503 3664 2614 3704 non
2652 3642 2836 3704 autem
2891 3656 2953 3703 ut
2996 3648 3087 3703 hic
3123 3648 3208 3704 vel
3247 3648 3341 3702 ilie
3370 3648 3571 3718 princi~

2002 3751 2189 3813 patum
2231 3749 2437 3795 teneat.
2467 3739 2659 3811 Neque
2700 3740 2850 3795 enim
2910 3740 3228 3809 iniquorum
3294 3738 3577 3793 hominum

2004 3842 2249 3905 potestas
2282 3848 2312 3888 a
2355 3834 2446 3888 Dei
2481 3832 2752 3888 electione
2779 3830 3051 3901 procedit,
3085 3830 3181 3885 sed
3214 3831 3333 3897 ipsa
3370 3828 3581 3899 princi--

2002 3931 2165 3994 patus
2196 3922 2543 3978 constitutio.
2577 3920 2857 3990 Propitius
2879 3918 3102 3989 quidem
3136 3930 3287 3972 certe
3317 3917 3365 3971 si
3388 3916 3576 3980 fuerit,

2002 4014 2092 4068 dat
2112 4013 2393 4084 principes
2411 4012 2503 4082 qui
2519 4011 2731 4082 justum
2750 4010 2941 4065 colunt
2956 4017 3008 4064 et
3032 4007 3350 4063 observant.
3374 4024 3391 4058 ι
3430 4005 3579 4060 Dabo

2002 4107 2148 4162 enim
2181 4107 2282 4173 eis,
2327 4105 2528 4176 inquit,
2559 4110 2817 4174 pastores
2846 4101 3151 4157 secundum
3176 4114 3273 4155 eor
3300 4114 3501 4164 meum,
3525 4108 3580 4154 et

2002 4207 2231 4270 pascent
2254 4213 2351 4253 eos
2378 4204 2670 4268 pascentes
2697 4210 2822 4249 cum
2846 4194 3080 4250 scicntia
3108 4201 3161 4249 ιι.
3193 4212 3212 4245 ι
3239 4191 3303 4248 Et
3338 4208 3532 4247 rursus
3561 4211 3573 4245 :

2008 4312 2025 4344 ι
2076 4290 2226 4346 Dabo
2266 4289 2484 4359 judices
2538 4297 2663 4343 tuos
2700 4287 2846 4343 sicut
2907 4287 3083 4358 prius,
3132 4275 3578 4341 et‘consiliarios

2002 4392 2127 4439 tuos
2164 4383 2310 4437 sicut
2337 4381 2407 4435 ab
2441 4379 2603 4435 initio
2634 4388 2687 4435 ν.
2724 4398 2742 4431 ι
2773 4377 2911 4434 Cum
2950 4385 3132 4432 autem
3181 4377 3302 4431 vult
3338 4391 3433 4433 eos
3484 4378 3578 4448 qui

302 4469 580 4538 ἀρχόντων
645 4471 916 4542 ἄρχεσθαι
976 4479 1272 4547 συγχωρεῖ.
1322 4494 1341 4528 ι
1392 4457 1704 4551 Ἐπιστήσω
1761 4457 1889 4554 im.

2003 4485 2226 4548 peccant
2255 4474 2548 4544 castigare,
2573 4487 2670 4528 eos
2688 4472 2854 4526 etiam
2880 4486 2911 4525 a
2938 4470 3099 4524 malis
3122 4469 3463 4539 principibus
3494 4485 3580 4524 rc-

303 4561 433 4630 φησὶ
454 4603 471 4628 ,
524 4563 857 4627 νεανίσκους
885 4564 1151 4635 ἄρχοντας
1179 4567 1361 4622 αὐτῶν
1390 4609 1404 4633 ,
1461 4570 1557 4623 καὶ
1591 4569 1892 4640 ἐμπαῖκται

303 4651 694 4719 κυριεύσουσιν
726 4654 963 4709 αὐτῶν.»
982 4657 1124 4710 Ἀλλ’
1156 4660 1247 4713 ἐπὶ
1273 4659 1340 4713 τὰ
1365 4661 1562 4732 συνεχῆ
1588 4679 1686 4733 της
1717 4665 1892 4736 ἑρμη-

306 4742 454 4806 νείας
491 4744 822 4800 ἐπανελθεῖν
857 4748 1087 4821 καιοός.’

376 4923 445 4992 β’.
475 4924 669 4978 Ὥστε
710 4928 745 4980 ό
793 4911 1307 5000 ἀντιτασσόμενος
1349 4931 1425 5002 τῇ
1476 4932 1762 5003 ἐξουσίᾳ,
1819 4937 1895 5006 τῇ

295 5016 407 5071 τοῦ
452 5018 608 5073 Θεοῦ
653 5017 915 5088 διαταγῇ
975 5021 1376 5091 ἀνθέστηκεν.
1435 5025 1661 5090 Ὶκανῶς
1725 5027 1892 5083 ἐδεδί-

299 5109 451 5175 ξατο.
510 5113 578 5164 Οἱ
633 5109 705 5163 δὲ
756 5112 1240 5188 ἀνθεστηκότες,
1290 5116 1527 5184 ἑαυτοῖς
1565 5117 1743 5188 κρῖμα
1785 5122 1896 5187 λή-

295 5203 542 5269 ψονται.
570 5201 892 5269 Τουτέστιν,
920 5202 1214 5259 ὑπεύθυνοι
1233 5187 1518 5279 τιμωριῶν
1550 5211 1895 5283 γενήσονται.

297 5290 433 5345 Εἶτα
455 5292 709 5348 διδάσκει
743 5292 839 5348 καὶ
865 5296 966 5365 τῆς
1009 5296 1309 5367 ἡγεμονίας
1334 5299 1435 5371 τὴν
1464 5301 1678 5372 χρείαν.

2002 4571 2053 4640 gi
2102 4567 2390 4637 permittit.
2433 4584 2452 4616 ι
2504 4563 2852 4619 Constituam
2887 4562 3058 4622 enim,
3119 4559 3336 4628 inquit,
3390 4559 3579 4613 adole-

2002 4658 2281 4717 scentulos
2302 4656 2583 4727 principes
2617 4668 2831 4716 eorum,
2852 4658 2907 4707 et
2937 4651 3190 4705 illusores
3215 4649 3579 4704 dominabun-

2003 4759 2093 4805 tur
2127 4749 2206 4804 eis
2237 4758 2285 4803 ι.
2328 4766 2346 4800 ι
2383 4739 2487 4802 Sed
2516 4746 2628 4816 jam
2653 4752 2869 4815 tempus
2903 4750 2991 4799 est
3026 4748 3084 4796 ut
3119 4740 3186 4795 ad
3212 4741 3459 4813 proxima
3490 4741 3574 4796 in-

2004 4840 2358 4911 terpretanda
2382 4847 2745 4894 revertamur.

2072 4932 2245 4988 Vens.
2299 4932 2357 4987 ἓ.
2408 4930 2597 5003 Itaque
2628 4930 2717 5001 qui
2751 4928 2949 4982 resistit
2992 4929 3259 4997 potestati.
3313 4927 3412 4982 Dei
3440 4927 3579 4981 ordi-

2002 5027 2206 5081 nationi
2237 5025 2456 5079 resistit.
2508 5021 2742 5078 Abunde
2770 5020 3057 5076 exterruit.
3090 5021 3196 5086 Qui
3229 5030 3402 5073 autem
3449 5021 3576 5073 resi-

1998 5127 2166 5182 stunt,
2188 5116 2290 5186 ipsi
2306 5115 2406 5171 sibi
2436 5113 2831 5170 damnationem
2852 5111 3152 5181 acquirunt.
3180 5108 3294 5164 Hoc
3319 5118 3422 5173 est,
3443 5126 3577 5180 snp-

1993 5212 2178 5284 pliciis
2211 5216 2376 5265 erunt
2404 5207 2658 5264 obnoxii.
2690 5204 2846 5276 137
2884 5203 3091 5261 Deinde
3125 5204 3288 5261 docet
3313 5221 3572 5276 quamam

1995 5308 2062 5364 sit
2109 5305 2460 5379 principatus
2488 5302 2727 5359 utilitas.

362 5477 389 5509 υ
422 5469 546 5524 Act.
574 5484 728 5536 xvn,
757 5466 812 5524 6.
895 5469 915 5507 ⁸
959 5470 1083 5526 Act.
1116 5488 1239 5542 χιι,
1268 5473 1359 5529 21.
1434 5486 1461 5516 ιι
1501 5475 1699 5535 Jerem.
1739 5495 1832 5549 ιιι,
1863 5481 1921 5538 15

2026 5492 2056 5522 ν
2091 5482 2197 5538 lsa.
2237 5438 2403 5546 1,26.
2502 5494 2531 5523 κ
2571 5474 2676 5533 Isa.
2714 5489 2805 5542 ιιι,
2846 5475 2900 5529 ι.

1618 5634 1856 5692 νΑΒιΑε
1898 5636 2304 5694 LECTIONES.

370 5742 417 5773 "
441 5743 486 5796 Α
517 5743 637 5814 ἅμα
662 5741 721 5797 δὲ
743 5742 860 5799 καί.

946 5744 964 5775 ¹
988 5743 1032 5797 A
1056 5744 1258 5802 ἐνθάδε.
1334 5746 1598 5822 ’,ἸΊιεοίὶ
1627 5751 1695 5806 ad
1725 5751 1861 5809 Dan.
1896 5769 1969 5820 tv,
1989 5752 2079 5822 21,
2124 5751 2523 5809 ὑποταττέσθω.
2600 5754 2619 5785 ³
2646 5752 2687 5807 Β
2715 5752 2837 5807 ὑπό.
