4034 6414
553 391 659 458 195

1590 383 2077 450 THEODORETI
2098 387 2440 456 EPISCOPI
2470 396 2839 463 CYRENSIS

3715 394 3828 460 196

626 502 790 558 Vens.
827 505 880 561 5.
927 502 1071 558 Nam
1103 504 1367 572 principes
1394 517 1496 555 non
1528 509 1651 553 sunt
1679 500 1838 553 timor
1868 485 2097 553 bonorum

2301 509 2370 570 γ’.
2408 508 2471 559 0t
2511 510 2620 579 γὰρ
2660 510 2947 580 ἄρχοι-τες
2992 514 3103 587 οὐκ
3150 506 3268 564 elo-2
3307 488 3495 577 φ’όὸος
3523 468 3642 560 ﬂii?
3670 509 3827 578 dru-

550 611 764 663 operum
785 637 798 661 ,
836 596 926 650 sed
954 596 1239 650 malorum.
1271 595 1517 660 Quorum
1550 592 1700 646 enim
1738 594 1848 646 vita
1875 579 1971 647 ἐει
2020 592 2127 645 im-

549 685 719 754 proba
742 727 757 750 ,
785 701 883 741 eos
912 687 1167 757 puniunt.
1236 688 1241 691 ’

629 774 718 831 Vis
748 786 923 830 autem
954 793 1059 830 non
1088 777 1267 830 timere
1292 782 1607 846 potestatem
1634 773 1662 827 ?
1681 773 1889 828 Bonum
1920 774 2010 843 [ac
2030 814 2045 837 ,
2076 782 2127 827 et

548 866 763 922 habebis
800 868 1014 922 laudem
1045 883 1109 922 ex
1140 869 1277 936 ipsa.
1315 864 1508 937 (Vens.
1540 864 1621 937 4.)
1653 864 1751 919 Dei
1790 867 1930 919 enim
1964 866 2125 918 mini-

2232 591 2353 647 θῶν
2385 596 2604 664 ἔργων,
2658 601 2818 654 ἀλλὰ
2854 600 2973 654 τῶν
3012 599 3232 655 κακῶν.
3266 599 3406 663 Τοὺς
3432 598 3543 669 γὰρ
3577 598 3826 671 πονηρίᾳ.

2232 683 2509 751 συζῶντας
2539 690 2848 754 κολάζουσι.
3802 733 3807 737 ⁴

2302 781 2507 848 Θέλεις
2530 769 2631 838 ’δὲ
2671 785 2757 854 μὴ
2806 788 3116 856 φοϐεῖσθαι
3173 784 3289 852 τὴν
3359 783 3690 848 ἐξουσιάν;
3745 782 3817 834 τὸ

2229 869 2451 937 ἀγαθὸν
2494 873 2650 926 ποίει
2673 914 2687 937 ,
2736 874 2834 927 καὶ
2864 873 3034 943 εἴξεις
3061 872 3311 926 ἔπαινον
3350 870 3419 934 ἐξ
3451 868 3663 937 αὐτῆς.
3699 866 3817 939 (δ’.)

543 968 652 1012 ster
675 967 751 1012 est
783 960 877 1012 tibi
906 961 961 1012 in
990 959 1206 1012 bonum.
1240 958 1374 1011 Eum
1402 971 1529 1011 esse
1554 956 1781 1027 dignum
1807 957 2097 1014 reverenti:

2229 959 2377 1012 Θεοῦ
2404 961 2511 1029 γὰρ
2534 961 2814 1029 διάκονός
2839 964 2972 1015 ἐστί
2996 979 3097 1016 σοι
3121 965 3209 1028 είς
3236 960 3305 1014 τὸ
3335 961 3584 1030 ἀγαθόν.
3616 950 3821 1020 Αἰδοῦς

539 1048 813 1113 ostendit,
853 1064 981 1103 cum
1014 1049 1107 1103 Dei
1141 1048 1459 1102 ministrum
1496 1049 1811 1118 appellavit.
1845 1048 2124 1102 Adhorta-

2225 1050 2387 1103 αὑτὸν
2410 1052 2685 1122 ἀπέφηνεν
2712 1053 2882 1117 ἄξιον,
2904 1053 3040 1107 Θεοῦ
3066 1052 3512 1125 προσαγορεύσας
3536 1050 3814 1103 διάκονον.

538 1148 631 1194 tus
663 1148 745 1194 est
776 1140 941 1195 etiam
988 1140 1056 1194 ad
1088 1140 1232 1195 bona
1261 1155 1429 1209 opera
1452 1181 1465 1205 ,
1503 1155 1628 1216 eum
1665 1139 1806 1194 dixit
1841 1142 2097 1211 principe:

2224 1140 2536 1211 Προέτρειζιε
2589 1142 2796 1197 δὲκαὶ
2847 1144 2939 1196 ἐπὶ
3000 1143 3099 1216 τὴν
3151 1142 3352 1214 πρᾶξιν
3403 1142 3512 1197 τῶν
3559 1139 3813 1208 ἀγαθῶν,

537 1243 661 1295 esse
695 1229 1014 1285 laudatores
1052 1224 1349 1284 bo'norum.
1378 1228 1439 1283 Si
1469 1240 1645 1282 autem
1674 1230 1875 1283 malum
1909 1230 2117 1297 feceris,

539 1321 663 1372 time
690 1337 706 1374 :
740 1335 841 1372 non
869 1321 1007 1373 enim
1035 1320 1148 1374 sine
1172 1336 1335 1372 causa
1359 1318 1598 1388 gladium
1626 1329 1829 1386 portat.
1861 1319 1955 1373 Dei
1979 1321 2118 1374 enim

537 1408 780 1461 minister
813 1417 925 1471 est,
964 1409 1155 1462 vindex
1190 1410 1243 1461 in
1280 1409 1419 1460 iram
1453 1410 1499 1461 ei
1526 1410 1614 1478 qui
1647 1408 1848 1462 malum
1880 1412 2015 1480 agit.
2058 1411 2116 1464 Si

538 1515 691 1553 amas
730 1501 907 1564 bona,
942 1500 1155 1554 honora
1201 1507 1576 1569 potestatem,
1616 1508 1676 1552 ut
1711 1516 1832 1569 qua:
1881 1515 1947 1555 ea
1997 1501 2117 1571 lege

530 1590 819 1665 decernat.
857 1591 953 1646 Sin
990 1602 1174 1646 autem
1212 1590 1496 1644 contraria
1534 1595 1809 1659 sequeris,
1831 1593 1960 1646 time
1996 1590 2116 1661 ejus

536 1684 885 1737 sententiam.
929 1682 1011 1736 Ad
1047 1683 1317 1737 malorum
1352 1680 1498 1735 enim
1537 1682 1869 1751 supplicium
1902 1689 1989 1737 est
2023 1681 2112 1736 di-

534 1776 738 1830 vinitus
771 1770 1042 1830 ordinata.

600 1949 764 2006 Vsus.
809 1952 861 2006 5.
902 1951 1030 2006 Ideo
1065 1970 1273 2009 necesse
1301 1966 1376 2010 est
1406 1955 1679 2009 subditum
1708 1972 1820 2010 esse
1846 1996 1861 2020 ,
1892 1971 1997 2009 non
2024 1969 2112 2007 so-

530 2044 638 2097 lum
680 2054 891 2114 propter
918 2046 1056 2098 iram
1077 2086 1092 2111 ,
1123 2047 1214 2100 sed
1243 2038 1407 2101 etiam
1450 2058 1667 2117 propter
1690 2046 2102 2102 conscientiam.

524 2140 596 2177 -έ
625 2132 774 2189 Iram
804 2138 1133 2206 supplicium
1166 2132 1428 2209 appellat.
1452 2139 1611 2194 lubet
1646 2141 1798 2194 enim
1834 2140 1851 2161 ⁶
1880 2144 2107 2207 propter

526 2234 825 2298 utrumque
854 2228 1110 2284 subditos
1135 2246 1260 2285 esse
1280 2269 1295 2292 ,
1326 2239 1379 2284 et
1406 2242 1633 2302 propter
1658 2245 1834 2300 pinnae
1861 2238 2069 2283 metum
2088 2269 2104 2294 ,

522 2316 579 2376 et
610 2328 669 2374 ut
706 2335 772 2374 ea
804 2320 1071 2390 impleant
1109 2337 1233 2391 quae
1262 2324 1627 2378 conveniunt.
1663 2320 1779 2378 Hoc
1819 2321 1970 2377 enim
2008 2335 2110 2392 ap-

525 2413 752 2484 pellavit
782 2415 1183 2469 conscientiam.

597 2504 770 2563 Vsus.
809 2506 865 2561 6.
898 2505 1027 2562 Ideo
1052 2509 1190 2562 enim
1220 2518 1269 2563 et
1296 2511 1496 2569 tributa
1526 2507 1798 2577 prwstatis
1826 2524 1843 2561 :
1873 2507 2110 2562 ministri
2170 2576 2179 2584 Ι

515 2599 663 2653 enim
693 2598 795 2653 Dei
821 2607 976 2665 sunt,
1011 2601 1066 2653 in
1100 2600 1197 2653 hoc
1226 2602 1403 2671 ipsum
1461 2600 1767 2653 servientes.
1819 2599 1900 2653 Tu
1954 2599 2103 2655 enim

521 2691 768 2756 dormis,
796 2698 852 2746 et
881 2691 973 2747 ille
999 2706 1352 2747 communem
1397 2705 1592 2760 curam
1630 2690 1907 2745 sustinet:
1945 2699 2000 2744 et
2046 2699 2105 2745 tu

522 2780 668 2836 domi
694 2782 913 2851 quidem
946 2782 1108 2837 sedes
1127 2823 1143 2849 ,
1169 2782 1264 2837 ille
1287 2788 1471 2836 autem
1502 2794 1603 2850 pro
1633 2793 1769 2850 pace
1798 2777 2104 2855 obtinenda

520 2870 724 2949 bellum
757 2871 1018 2942 suscipit.
1500 2894 1504 2899 ’

595 3065 754 3123 Vens.
788 3068 841 3122 7.
876 3066 1102 3122 Reddite
1131 3083 1254 3138 ergo
1286 3064 1528 3120 omnibus
1557 3066 1738 3121 debita
1765 3082 1782 3121 :
1816 3067 1903 3120 cui
1934 3066 2102 3119 tribu-

519 3166 627 3211 tum
648 3201 663 3227 ,
692 3160 987 3222 tributum;
1011 3159 1097 3211 cui
1121 3157 1345 3229 vectigal
1367 3198 1381 3220 ,
1409 3158 1635 3227 vectigal
1659 3173 1678 3222 ,'
1707 3158 1793 3210 cui
1818 3158 2094 3223 timorem,

519 3252 805 3312 timorem;
838 3252 925 3304 cui
959 3249 1210 3305 honorem
1230 3291 1244 3315 ,
1284 3250 1554 3304 honorem.
1585 3281 1655 3290 —
1690 3249 1970 3304 Tributum
2001 3265 2100 3319 ap-

516 3344 718 3414 pellat,
748 3342 896 3413 quod
932 3358 1029 3412 pro
1063 3343 1214 3412 agris
1260 3340 1522 3412 penditur
1551 3358 1566 3410 ;
1617 3342 1838 3411 vectigal
1872 3350 2094 3409 autem,

515 3433 665 3507 quod
698 3448 799 3504 pro
834 3444 1148 3488 mercatura
1186 3433 1473 3489 confertur
1505 3450 1519 3500 ;
1556 3432 1734 3487 debita
1780 3449 1943 3497 vero,
1984 3449 2098 3490 non

516 3527 633 3582 haec
657 3524 835 3580 solum
859 3564 875 3591 ,
913 3523 1008 3580 sed
1042 3532 1097 3580 et
1129 3534 1333 3580 metum
1366 3535 1420 3581 et
1454 3526 1719 3581 honorem
1752 3537 1930 3582 vocat.
1969 3526 2096 3585 Haec

512 3625 659 3679 enim
694 3622 766 3679 iis
795 3620 890 3692 qui
919 3631 1164 3693 praesunt
1199 3622 1362 3694 138
1389 3621 1665 3679 debentur
1694 3638 1724 3677 a
1756 3623 2020 3680 subditis.

583 3799 751 3856 Vsus.
780 3801 835 3856 8.
867 3797 1084 3854 Nemini
1115 3799 1406 3870 quidquam
1434 3799 1670 3856 debeatis
1691 3843 1707 3868 ,
1735 3801 1843 3856 nisi
1874 3813 1930 3855 ut
1960 3802 2093 3857 invi-

512 3910 622 3948 cem
648 3892 908 3964 diligatis.
926 3890 1048 3947 Non
1072 3901 1131 3946 ut
1153 3892 1476 3948 dileetionis
1506 3895 1748 3948 debitum
1779 3909 1886 3949 non
1909 3897 2091 3951 exsol-

509 4002 703 4047 vamus
734 4003 747 4041 :
801 3981 1028 4056 oportet
1075 3983 1222 4040 enim
1261 3985 1313 4039 id
1369 3995 1498 4040 ante
1532 3986 1719 4040 omnia
1755 3986 1862 4039 alia
1892 3988 2083 4042 exsol-

508 4095 638 4136 vere
667 4097 681 4134 :
714 4078 810 4134 sed
841 4088 900 4132 ut
939 4078 1056 4148 ipsa
1091 4078 1366 4133 solutione
1393 4077 1448 4132 id
1477 4092 1798 4149 augeamus.
1833 4077 2090 4134 Redditio

506 4175 652 4229 enim
682 4169 929 4226 debitum
959 4169 1290 4239 multiplicat
1317 4188 1329 4225 :
1361 4169 1739 4224 ardentiorem
1768 4170 1971 4239 quippe
1988 4170 2085 4242 Idi-

510 4263 801 4319 lectionem
833 4260 1019 4316 ellicit.
1061 4260 1165 4327 Qui
1184 4263 1324 4315 enim
1348 4260 1526 4332 diligit
1553 4262 1859 4330 proximum
1879 4300 1894 4328 ,
1923 4261 2088 4332 legem

505 4333 762 4424 implerit.
800 4351 1088 4419 Quomodo
1133 4360 1189 4407 et
1217 4368 1455 4424 quanam
1491 4352 1754 4408 ratione?

576 4445 743 4501 Vens.
774 4446 827 4501 9.
862 4441 1049 4498 Nam:
1087 4442 1214 4498 Non
1260 4444 1630 4510 adulterabis,
1682 4461 1788 4498 non
1835 4446 2042 4501 occides
2064 4489 2079 4514 ,

2223 1232 2402 1299 φήσας
2437 1227 2574 1286 εἶναι
2613 1235 2740 1297 τοὺς
2773 1235 3037 1304 ἄρχοντας
3086 1232 3527 1295 ὲπαινέταςτῶν
3557 1229 3811 1299 ἀγαθῶν.

2234 1321 2377 1376 Ἐὰν
2417 1323 2485 1376 δὲ
2526 1326 2591 1377 τὸ
2635 1326 2828 1379 κακόν
2862 1326 3040 1403 ποιῇς
3068 1366 3083 1390 ,
3130 1325 3320 1395 φοϐοῦ
3352 1340 3365 1354 ·
3412 1326 3485 1378 οὐ
3520 1315 3630 1393 γὰρ
3668 1320 3837 1390 εἰκῆ.

2219 1416 2336 1484 τὴν
2363 1418 2672 1487 μάχαιραν
2701 1420 2904 1489 φορεῖ·
2955 1420 3102 1474 Θεοῦ
3144 1422 3255 1488 γὰρ
3298 1416 3580 1481 διάκονός
3607 1416 3811 1478 ἐστιν,

2217 1511 2305 1574 εἰς
2349 1507 2537 1578 ὀργὴν
2579 1509 2820 1578 ἔκδικος
2856 1510 2935 1576 τῷ
2978 1510 3045 1565 τὸ
3100 1509 3295 1565 κακόν
3339 1508 3703 1576 πράσσοντι.
3743 1506 3813 1559 Et

2216 1599 2324 1652 τῶν
2374 1600 2595 1668 ἀγαθῶν
2653 1602 2818 1672 ἐρᾷς,
2867 1602 3002 1672 τίμα
3040 1601 3140 1673 τὴν
3183 1598 3463 1665 ἐξουσίαν,
3503 1597 3578 1659 ὡς
3626 1595 3813 1649 ταῦτα.

2217 1690 2649 1760 νομοθετοῦσαν·
2688 1695 2735 1747 εἰ
2768 1693 2825 1747 δὲ
2858 1693 3119 1747 τάναντία
3152 1693 3395 1764 μετέρχῃ
3423 1731 3437 1754 ,
3470 1690 3636 1743 δέδιθι
3670 1687 3814 1740 ταύ-

2217 1799 2317 1852 της
2367 1783 2465 1854 τὴν
2508 1783 2691 1854 ψῆφον
2725 1800 2738 1813 '
2793 1785 2887 1839 ἐπὶ
2932 1784 3173 1863 τιμωρίᾳ
3222 1785 3332 1854 γὰρ
3383 1782 3493 1836 τῶν
3548 1779 3810 1850 πονηρῶν

2144 1855 2187 1910 Β
2218 1873 2402 1928 θεόθεν
2431 1878 2901 1952 κεχειροτόνηται..

2282 1975 2344 2023 ε’.
2387 1969 2485 2023 Διό
2528 1969 2761 2041 ἀνάγκη
2815 1969 3312 2033 ὑποτάσσεσθαι,
3358 1968 3430 2023 οὐ
3471 1966 3669 2037 μόνον
3703 1964 3813 2020 διὰ

2211 2060 2329 2129 τὴν
2346 2061 2553 2132 ὀργὴν,
2572 2063 2731 2116 ἀλλὰ
2750 2063 2847 2116 καί
2866 2061 3099 2131 διὰτὴν
3112 2060 3569 2127 συνείδὴσιν.-
3583 2056 3814 2126 Ὀργὴν

2212 2152 2310 2222 τὴν
2349 2153 2620 2225 τιμωρίαν
2667 2154 2843 2207 καλεῖ.
2897 2155 2978 2205 Δι’
3021 2153 3308 2223 ἀμφότερα
3337 2150 3393 2204 δὲ
3433 2147 3811 2217 ὑποτετάχθαι

2211 2241 2423 2295 κελεύει
2449 2282 2463 2305 ,
2518 2242 2606 2296 διά
2635 2261 2694 2297 τε
2724 2243 2784 2296 τὸ
2815 2243 2935 2305 δέος
2982 2245 3083 2314 τῆς
3132 2241 3404 2313 τιμωρίας
3430 2280 3444 2306 ,
3486 2239 3581 2292 καὶ⁵
3608 2236 3699 2290 διὰ
3740 2237 3810 2290 τὸ

2211 2334 2450 2406 πληροῦν
2497 2336 2566 2389 τὰ
2622 2338 3007 2411 προσήκοντα·
3066 2333 3223 2389 τοῦτο
3269 2333 3379 2407 γὰρ
3433 2330 3811 2403 σύνείὸησιν

2210 2426 2643 2499 προσηγόρευσε.

2283 2526 2355 2583 ς’.
2385 2520 2487 2594 ᾼιὰ
2513 2520 2688 2573 τοῦτο
2713 2518 2822 2588 γὰρ
2848 2518 2944 2573 καὶ
2969 2520 3194 2588 φόρους
3232 2521 3456 2573 τελεῖτε
3486 2535 3499 2548 ·
3527 2521 3807 2586 λειτουρ-

2207 2612 2297 2682 γοί
2333 2612 2442 2683 γὰρ
2478 2612 2626 2666 Θεοῦ
2667 2614 2828 2665 εἰσιν
2869 2612 2957 2675 είς
3007 2611 3154 2664 αὺτό
3196 2608 3373 2663 τοῦτο
3424 2624 3803 2678 προσκαρτε-

2198 2701 2475 2769 ροῦντες.
2524 2702 2596 2755 Σὺ
2653 2702 2762 2771 γὰρ
2800 2699 3118 2763 καθεύδεις,
3158 2700 3413 2763 κάκεῖνος
3459 2697 3558 2770 τὴν
3605 2697 3803 2768 κοινὴν

2206 2792 2494 2864 περιφέρει
2548 2793 2834 2862 φροντίδα·
2894 2792 2990 2845 καὶ
3057 2792 3120 2844 σὺ
3180 2791 3281 2862 μὲν
3339 2791 3478 2844 οἴκοι
3526 2789 3798 2859 κάθησαι,

2203 2885 2410 2949 ἐκεῖνος
2460 2884 2514 2937 δὲ
2562 2893 2652 2939 τὸν
2702 2885 2843 2956 ὑπὲρ
2892 2886 2991 2957 τῆς
3040 2886 3266 2957 εἰρήνης
3316 2882 3639 2954 ἀναδέχεται
3689 2882 3798 2935 πό-

2201 2980 2258 3034 λε
2268 2998 2388 3057 μον.
3617 3047 3623 3053 .

2273 3073 2338 3138 ζ’.
2388 3073 2671 3130 Ἀπόδοτε
2698 3073 2909 3128 τοίνυν
2933 3069 3086 3127 πᾶσι
3112 3069 3220 3136 τὰς
3247 3069 3491 3140 ὀφειλάς
3522 3083 3535 3097 ·
3573 3067 3654 3135 τῷ
3683 3069 3800 3122 τὸν

2203 3167 2394 3236 φόρον
2415 3210 2430 3233 ,
2474 3168 2580 3220 τὸν
2611 3167 2803 3237 φόρον
2825 3180 2841 3195 ο
2888 3164 2971 3231 τῷ
3000 3166 3065 3218 τὸ
3112 3163 3322 3229 τέλος,
3356 3163 3420 3216 τὸ
3454 3160 3633 3226 τέλος
3659 3176 3673 3190 °
3708 3158 3805 3225 τῷ

2201 3258 2312 3313 τὸν
2343 3260 2552 3329 φόϐον,
2577 3259 2686 3315 τάν
2707 3261 2901 3329 φόϐον
2923 3274 2937 3289 ·
2969 3255 3050 3323 τῷ
3078 3258 3194 3327 τὴν
3217 3254 3420 3327 τιμὴν,
3449 3253 3564 3323 τὴν
3584 3253 3795 3323 τιμήν.

2198 3384 2269 3394 —
2292 3355 2485 3422 Φόρον
2509 3352 2664 3406 καλεί
2687 3394 2702 3418 ,
2732 3353 2833 3424 τὴν
2863 3351 3003 3424 ὑπὲρ
3030 3352 3128 3422 τῆς
3159 3350 3263 3420 γῆς
3293 3336 3552 3421 εἰσφοράν
3578 3365 3592 3379 ο
3610 3348 3798 3411 τέλος

2197 3444 2287 3510 δὲ,
2334 3444 2431 3516 τὴν
2461 3444 2602 3515 ὑπὲρ
2647 3443 2917 3515 ἐμπορίας
2959 3442 3304 3497 συντέλειαν·
3343 3440 3661 3509 ὀφλήματα
3704 3437 3791 3504 δὲ,

2196 3538 2259 3590 ού
2290 3536 2450 3608 μόνον
2483 3537 2676 3602 ταῦτα,
2714 3535 2851 3590 ἀλλὰ
2888 3535 2983 3589 καὶ
3012 3534 3103 3588 τὸν
3138 3533 3324 3603 φόϐον,
3357 3535 3452 3586 καὶ
3477 3531 3576 3601 τὴν
3616 3530 3793 3601 τιμὴν

2196 3631 2472 3705 ὀνομάζει.
2504 3629 2691 3684 Ταῦτα
2722 3629 2828 3699 γὰρ
2859 3631 2970 3694 τοῖς
3020 3627 3250 3700 ἄρχουσι
3284 3627 3437 3696 παρὰ
3478 3625 3588 3680 τῶν
3615 3625 3795 3698 ἀρχα-ς

2196 3723 2377 3793 μένων
2404 3721 2696 3793 ὀφείλεται.
3056 3778 3061 3781 λ

2267 3821 2335 3886 η’.
2373 3814 2601 3883 Μηδενὶ
2624 3811 2820 3883 μηδὲν
2853 3812 3143 3881 ὀφείλετε,
3171 3812 3224 3864 εί
3252 3808 3339 3880 μὴ
3371 3809 3439 3864 τὸ
3463 3808 3785 3879 ἀλλήλους

2195 3906 2456 3978 ἀγαπᾷν.
2500 3907 2615 3977 υύχ
2666 3906 2758 3960 ἵνα
2807 3906 2884 3976 μὴ
2938 3904 3242 3974 ἐκτίνωμεν
3290 3905 3389 3973 τῆς
3444 3904 3666 3973 ἀγάπης
3719 3904 3785 3958 τὸ

2194 4001 2354 4070 χρέος
2407 3998 2596 4069 (τοῦτο
2621 3995 2731 4066 γὰρ
2761 3995 2993 4050 ἐκτίνειν
3030 3996 3295 4066 προσήκει
3328 3994 3434 4066 πρὸ
3464 3993 3572 4048 τῶν
3600 3993 3786 4048 ἄλλων

2194 4091 2471 4161 ἁπάντων)
2500 4130 2514 4155 ,
2552 4089 2669 4143 ἀλλ’
2721 4088 2809 4142 ἵνα
2839 4086 3093 4159 αὓξωμεν
3153 4090 3220 4159 τῇ
3273 4086 3500 4141 ἐκτίσει.
3559 4086 3627 4140 Ἦ
3665 4085 3783 4160 γὰρ

2191 4183 2447 4245 ἀπόδοσις
2476 4180 2912 4255 πολυπλασιάζει
2936 4179 2996 4233 τὸ
3024 4179 3185 4250 χρέος
3211 4196 3226 4211 ο
3272 4177 3630 4251 θερμοτέραν.
3662 4178 3781 4252 γὰρ

2188 4276 2290 4347 τὴν
2338 4274 2558 4346 ἀγάπην
2619 4275 2782 4326 ποιεῖ.
2837 4272 2899 4326 '0
2944 4271 3055 4342 γὰρ
3096 4269 3347 4342 ἀγαπῶν
3392 4270 3502 4351 τὸν
3545 4270 3778 4341 ἕτερον,

2188 4369 2381 4437 νόμον
2419 4363 2793 4434 πεπλήρωκε.
2827 4363 2954 4428 Πῶς
2976 4363 3071 4418 καὶ
3096 4364 3219 4418 τίνα
3246 4362 3487 4437 τρόπον;

2262 4451 2327 4507 θ’.
2370 4452 2439 4506 Τὸ
2469 4451 2579 4523 γάρ
2599 4467 2613 4480 ·
2648 4454 2730 4506 Οὐ
2752 4453 3104 4523 μοιχεύσεις
3127 4492 3141 4516 ,
3191 4454 3264 4508 οὐ
3294 4453 3650 4523 φονεύσεις,
3698 4454 3779 4508 οὐ

503 4555 607 4594 non
642 4537 906 4609 furaberis
928 4576 945 4601 ,
982 4552 1085 4591 non
1117 4535 1317 4605 falsum
1347 4536 1711 4589 testimonium
1740 4534 1884 4590 dices
1907 4577 1920 4601 ,
1952 4547 2000 4592 et
2031 4540 2079 4593 si

2211 4544 2457 4614 ιλέεψεις,
2492 4547 2604 4599 οὐκ
2647 4541 3044 4625 ἐπιθυμήσεις
3063 4587 3078 4611 ,
3123 4545 3222 4599 καί
3250 4545 3307 4600 ετ
3331 4562 3424 4612 τις
3460 4545 3634 4613 ἑτέρα
3662 4545 3779 4613 tir-

502 4629 638 4699 quod
670 4637 748 4682 est
783 4628 934 4682 aliud
968 4627 1286 4681 mandatum
1308 4665 1322 4691 ,
1354 4626 1407 4680 in
1453 4620 1551 4680 hoc
1599 4627 1755 4695 verbo
1801 4628 2081 4683 instaura-

504 4732 630 4777 tur:
677 4718 878 4790 Diliges
933 4720 1236 4788 proximum
1281 4726 1429 4770 tuum
1477 4718 1613 4772 sicut
1660 4718 1907 4788 teipsum.
1971 4720 2076 4786 Qui

499 4813 646 4869 enim
675 4827 803 4883 erga
841 4806 1081 4883 aliquem
1113 4811 1252 4866 bene
1284 4810 1517 4865 affectus
1549 4820 1668 4877 est,
1706 4826 1817 4867 non
1860 4813 2074 4869 interli-

500 4906 577 4960 cit
605 4920 767 4976 quem
802 4905 1018 4976 diligit,
1052 4918 1164 4957 non
1200 4901 1476 4956 adulterat
1509 4902 1629 4973 ejus
1659 4918 1890 4959 uxorem
1911 4942 1927 4971 ,
1961 4920 2075 4960 non

500 4997 740 5067 subripit
764 4996 969 5067 aliquid
996 5011 1059 5050 ex
1099 4993 1262 5050 bonis
1304 4992 1426 5061 ejus
1455 5009 1624 5065 quem
1670 5003 1849 5063 amat,
1894 5012 2076 5067 neque

500 5088 707 5161 aliquid
735 5088 871 5144 facit
917 5088 1067 5159 quod
1092 5087 1144 5142 ei
1170 5085 1482 5141 molestiam
1533 5086 1743 5143 afferat.
1780 5085 1897 5143 Hoc
1927 5090 2072 5146 enim

499 5180 786 5251 subjunxit
811 5198 825 5234 :

568 5269 740 5326 Vsus.
778 5258 874 5324 10.
904 5265 1133 5321 Dilectio
1162 5254 1395 5337 proximi
1426 5268 1629 5322 malum
1662 5286 1766 5323 non
1797 5281 2071 5339 operatur.

499 5361 704 5417 Deinde
737 5358 1117 5415 concludens:
1156 5361 1442 5416 Plenitudo
1472 5378 1594 5432 ergo
1643 5362 1775 5432 legis
1821 5373 1899 5418 est
1935 5366 2073 5419 dile-

495 5456 620 5507 ctio.
655 5452 731 5506 lla
764 5452 931 5506 etiam
966 5450 1262 5517 Dominus,
1297 5454 1673 5527 interrogatus
1700 5458 1977 5527 quodnam
2004 5460 2077 5515 sit

496 5547 738 5615 primum
774 5554 1151 5616 praeceptum,
1196 5557 1250 5603 et
1284 5550 1522 5619 primum
1566 5549 1744 5617 dixit,
1782 5558 1836 5605 et
1876 5566 2073 5607 secun-

498 5633 627 5687 dum
656 5634 984 5704 conjunxit:
1016 5656 1035 5689 ι
1063 5635 1268 5709 Diliges
1296 5637 1585 5694 Dominum
1616 5638 1784 5695 Deum
1817 5647 1971 5695 tuum
2003 5657 2071 5696 ex

497 5731 612 5779 toto
641 5726 808 5783 corde
837 5735 954 5794 tuo,
975 5736 1029 5784 et
1061 5737 1174 5785 tota
1206 5730 1391 5786 anima
1426 5738 1541 5798 tua,
1577 5738 1631 5785 et
1665 5747 1731 5786 ex
1761 5739 1875 5786 tota
1911 5731 2069 5786 forti-

495 5815 685 5875 tudine
713 5826 828 5889 tua,
860 5833 913 5879 et
935 5836 1001 5880 ex
1022 5830 1136 5880 tota
1158 5832 1337 5879 mente
1371 5832 1461 5878 tua
1491 5841 1502 5877 :
1529 5831 1584 5879 et
1611 5824 1924 5894 proximum
1958 5826 2066 5884 sic-

2186 4637 2360 4707 τολὴ,
2390 4638 2460 4691 ἐν
2480 4637 2670 4702 τούτῳ
2691 4634 2772 4704 τῷ
2799 4639 2962 4708 λόγῳ
2982 4637 3551 4708 ἀνακεφαλαιοῦται,
3575 4637 3646 4691 ἐν
3665 4636 3774 4706 τῷ,

2198 4728 2562 4799 Ἀγαπήσεις
2605 4728 2713 4783 τὸν
2740 4730 3015 4800 πλησίον
3061 4745 3178 4784 σου
3228 4730 3311 4798 ὡς
3362 4730 3646 4785 σεαυτόν.
3708 4728 3772 4784 '0

2183 4822 2296 4895 γὰρ
2356 4818 2417 4876 εὖ
2473 4806 2780 4892 περίτινα
2833 4821 3213 4893 διακείμενος,
3273 4822 3375 4878 οὐκ
3438 4824 3658 4894 ἀναιρεί
3706 4822 3771 4876 ὃν

2186 4915 2361 4985 φιλεῖ,
2404 4914 2464 4967 οὐ
2515 4914 2755 4986 μοιχεύει
2797 4912 2896 4986 τὴν
2940 4913 3131 4969 τούτου
3186 4919 3460 4985 γυναῖκα,
3506 4916 3607 4970 ούκ
3656 4917 3770 4988 ἀφ-

2185 5006 2421 5078 αιρεῖταί
2450 5022 2504 5059 τι
2544 4992 2654 5060 τῶν
2706 5006 3094 5078 προσηκόντων
3141 5005 3220 5078 τῷ
3254 5006 3561 5079 φιλουμένῳ
3582 5046 3600 5074 ,
3655 5008 3770 5062 οὐδ’

2184 5094 2313 5150 ἄλλο
2342 5112 2394 5150 τι
2423 5094 2525 5167 δρᾷ
2544 5137 2559 5163 ,
2602 5094 2632 5150 ὃ
2658 5095 2838 5170 λύπην
2864 5097 3059 5169 ἐκείνῳ
3090 5100 3276 5170 γεννᾷ.
3313 5097 3485 5153 Τοῦτο
3521 5098 3633 5171 γᾲρ
3661 5100 3768 5153 ἔπ-

2183 5178 2390 5259 ήγιιιγεν
2414 5204 2430 5219 ·

2255 5280 2306 5334 ι’.
2353 5280 2416 5335 Ἠ
2444 5279 2648 5351 ἀγάπη
2675 5277 2757 5346 τῷ
2790 5282 3062 5349 πλησίον
3082 5281 3277 5336 κακὸν
3303 5283 3416 5337 οὐκ
3437 5281 3761 5353 ἐργάζεται.

2180 5364 2313 5425 Εἶτα
2338 5369 2784 5440 συλλογιστικῶς
2809 5371 3109 5442 Πλήρωμα
3136 5369 3251 5429 οὖν
3268 5375 3458 5443 νόμου
3474 5375 3513 5443 ὴ
3536 5371 3761 5443 ἀγάπη.

2179 5460 2335 5515 Οὕτω
2360 5463 2454 5515 καὶ
2481 5463 2509 5515 ὀ
2538 5460 2743 5534 Κύριος
2761 5503 2775 5529 ,
2820 5462 3120 5533 ἐρωτηθεὶς
3152 5464 3284 5518 ποία
3316 5462 3508 5535 ἐντολὴ
3536 5461 3758 5535 πρώτη,

2176 5553 2272 5607 καὶ
2294 5551 2392 5623 τὴν
2427 5550 2652 5623 πρώτην
2697 5547 2819 5606 εἷπε
2839 5591 2854 5619 ,
2905 5554 3001 5608 καὶ
3042 5554 3143 5627 τὴν
3174 5554 3439 5624 δευτέραν
3474 5554 3715 5624 συνῆψεν
3741 5570 3756 5585 ’

2184 5662 2204 5696 ι
2254 5644 2588 5715 ’Δγαπήσεις
2614 5643 2817 5717 Κύριον
2847 5645 2939 5699 τὸν
2964 5646 3096 5702 Θεόν
3127 5664 3220 5701 σου
3252 5649 3310 5716 ἐξ
3343 5648 3472 5721 ὅλης
3499 5650 3599 5719 τῆς
3624 5666 3762 5720 καρο

2179 5735 2297 5799 δίας
2332 5751 2425 5788 σου
2447 5776 2462 5802 ,
2496 5736 2588 5790 καὶ
2618 5738 2676 5803 ἐξ
2713 5738 2843 5810 ὅλης
2867 5739 2968 5809 τῆς
3006 5738 3185 5811 ψυχῆς
3217 5757 3310 5795 σου
3337 5781 3351 5806 ,
3400 5741 3496 5795 καὶ
3527 5740 3588 5806 ἐξ
3629 5741 3759 5810 ὅλης

2176 5828 2278 5899 τῆς
2308 5826 2491 5899 ἰσχύος
2535 5846 2658 5890 σου,
2718 5832 2810 5886 καὶ
2845 5831 2906 5897 ἐξ
2941 5831 3071 5903 ὅλης
3099 5833 3197 5904 τῆς
3227 5832 3465 5898 διανοίας
3498 5850 3593 5888 σου
3614 5848 3628 5863 ·
3661 5833 3757 5888 καὶ
