  <div class='ocr_page' id='page_1' title='image "/cluster/home/n/w/nwhite01/storage/ocr_20150623/82:no.3/coo.31924054869833/106.png"; bbox 0 0 4034 6404; ppageno 0'>
   <div class='ocr_carea' id='block_1_1' title="bbox 331 377 435 445">
    <p class='ocr_par' dir='ltr' id='par_1_1' title="bbox 331 377 435 445">
     <span class='ocr_line' id='line_1_1' title="bbox 331 377 435 445; baseline 0.01 -1"><span class='ocrx_word' id='word_1_1' title='bbox 331 377 435 445; x_wconf 68' lang='grc'><strong>497</strong></span> 
     </span>
    </p>
   </div>
   <div class='ocr_carea' id='block_1_2' title="bbox 1186 374 2814 454">
    <p class='ocr_par' dir='ltr' id='par_1_2' title="bbox 1186 374 2814 454">
     <span class='ocr_line' id='line_1_2' title="bbox 1186 374 2814 454; baseline 0.006 -11"><span class='ocrx_word' id='word_1_2' title='bbox 1186 374 1799 447; x_wconf 74' lang='lat' dir='ltr'><strong>INTERPRETATIO</strong></span> <span class='ocrx_word' id='word_1_3' title='bbox 1841 386 2081 446; x_wconf 83' lang='lat' dir='ltr'><strong>EPIST.</strong></span> <span class='ocrx_word' id='word_1_4' title='bbox 2109 388 2209 447; x_wconf 85' lang='lat' dir='ltr'><strong>AD</strong></span> <span class='ocrx_word' id='word_1_5' title='bbox 2237 388 2423 451; x_wconf 80' lang='lat' dir='ltr'><strong>ROM.</strong></span> <span class='ocrx_word' id='word_1_6' title='bbox 2449 391 2606 454; x_wconf 81' lang='lat' dir='ltr'><strong>CAP.</strong></span> <span class='ocrx_word' id='word_1_7' title='bbox 2645 393 2814 452; x_wconf 80' lang='lat' dir='ltr'><strong>XIII.</strong></span> 
     </span>
    </p>
   </div>
   <div class='ocr_carea' id='block_1_3' title="bbox 3494 395 3596 459">
    <p class='ocr_par' dir='ltr' id='par_1_3' title="bbox 3494 395 3596 459">
     <span class='ocr_line' id='line_1_3' title="bbox 3494 395 3596 459; baseline 0.01 -1"><span class='ocrx_word' id='word_1_8' title='bbox 3494 395 3596 459; x_wconf 85' lang='lat'><strong>198</strong></span> 
     </span>
    </p>
   </div>
   <div class='ocr_carea' id='block_1_4' title="bbox 338 492 1934 577">
    <p class='ocr_par' dir='ltr' id='par_1_4' title="bbox 338 492 1926 565">
     <span class='ocr_line' id='line_1_4' title="bbox 338 492 1926 565; baseline 0.004 -18"><span class='ocrx_word' id='word_1_9' title='bbox 338 498 421 549; x_wconf 66' lang='grc' dir='ltr'><strong>τον</strong></span> <span class='ocrx_word' id='word_1_10' title='bbox 463 492 698 562; x_wconf 79' lang='grc' dir='ltr'><strong>πλησίον</strong></span> <span class='ocrx_word' id='word_1_11' title='bbox 740 511 834 548; x_wconf 76' lang='grc' dir='ltr'><strong>σου</strong></span> <span class='ocrx_word' id='word_1_12' title='bbox 878 497 956 560; x_wconf 80' lang='grc' dir='ltr'>ὡς</span> <span class='ocrx_word' id='word_1_13' title='bbox 990 494 1239 551; x_wconf 83' lang='grc' dir='ltr'>σεαυτόν.</span> <span class='ocrx_word' id='word_1_14' title='bbox 1284 517 1303 551; x_wconf 75' lang='grc' dir='ltr'><strong>ι</strong></span> <span class='ocrx_word' id='word_1_15' title='bbox 1354 501 1466 553; x_wconf 63' lang='grc' dir='ltr'>Καὶ</span> <span class='ocrx_word' id='word_1_16' title='bbox 1496 500 1773 556; x_wconf 81' lang='grc' dir='ltr'>δείκνυσιν</span> <span class='ocrx_word' id='word_1_17' title='bbox 1799 545 1813 565; x_wconf 84' lang='grc'><strong>,</strong></span> <span class='ocrx_word' id='word_1_18' title='bbox 1867 504 1926 555; x_wconf 79' lang='grc' dir='ltr'>ὲν</span> 
     </span>
    </p>
   </div>
   <div class='ocr_carea' id='block_1_5' title="bbox 2018 492 3593 577">
    <p class='ocr_par' dir='ltr' id='par_1_5' title="bbox 2032 503 3593 577">
     <span class='ocr_line' id='line_1_5' title="bbox 2032 503 3593 577; baseline 0.006 -21"><span class='ocrx_word' id='word_1_19' title='bbox 2032 510 2092 556; x_wconf 84' lang='grc' dir='ltr'><strong>ιιι</strong></span> <span class='ocrx_word' id='word_1_20' title='bbox 2140 503 2378 574; x_wconf 89' lang='lat' dir='ltr'><strong>teipsum</strong></span> <span class='ocrx_word' id='word_1_21' title='bbox 2410 514 2459 561; x_wconf 69' lang='grc'>1.</span> <span class='ocrx_word' id='word_1_22' title='bbox 2488 525 2506 559; x_wconf 72' lang='grc' dir='ltr'><strong>ι</strong></span> <span class='ocrx_word' id='word_1_23' title='bbox 2549 504 2614 559; x_wconf 86' lang='grc' dir='ltr'>Ει</span> <span class='ocrx_word' id='word_1_24' title='bbox 2645 507 2701 560; x_wconf 88' lang='lat' dir='ltr'><strong>in</strong></span> <span class='ocrx_word' id='word_1_25' title='bbox 2730 508 2909 576; x_wconf 87' lang='lat' dir='ltr'><strong>primo</strong></span> <span class='ocrx_word' id='word_1_26' title='bbox 2938 509 3157 577; x_wconf 80' lang='lat' dir='ltr'><strong>quidem</strong></span> <span class='ocrx_word' id='word_1_27' title='bbox 3191 512 3443 566; x_wconf 85' lang='lat' dir='ltr'><strong>\irtutem</strong></span> <span class='ocrx_word' id='word_1_28' title='bbox 3472 527 3593 566; x_wconf 83' lang='lat' dir='ltr'><strong>cou-</strong></span> 
     </span>
    </p>
   </div>
   <div class='ocr_carea' id='block_1_6' title="bbox 338 585 1915 666">
    <p class='ocr_par' dir='ltr' id='par_1_6' title="bbox 338 585 1915 666">
     <span class='ocr_line' id='line_1_6' title="bbox 338 585 1915 666; baseline 0.006 -27"><span class='ocrx_word' id='word_1_29' title='bbox 338 589 431 658; x_wconf 77' lang='grc' dir='ltr'><strong>μὲν</strong></span> <span class='ocrx_word' id='word_1_30' title='bbox 456 587 529 657; x_wconf 76' lang='grc' dir='ltr'>τῇ</span> <span class='ocrx_word' id='word_1_31' title='bbox 568 585 768 660; x_wconf 76' lang='grc' dir='ltr'>πρώτῃ</span> <span class='ocrx_word' id='word_1_32' title='bbox 807 588 910 656; x_wconf 79' lang='grc' dir='ltr'>τὴν</span> <span class='ocrx_word' id='word_1_33' title='bbox 943 586 1289 661; x_wconf 81' lang='grc' dir='ltr'>θεωρητικὴν</span> <span class='ocrx_word' id='word_1_34' title='bbox 1316 592 1517 664; x_wconf 81' lang='grc' dir='ltr'>ἀρετὴν</span> <span class='ocrx_word' id='word_1_35' title='bbox 1544 594 1915 666; x_wconf 83' lang='grc' dir='ltr'>κατορθουμέ-</span> 
     </span>
    </p>
   </div>
   <div class='ocr_carea' id='block_1_7' title="bbox 336 669 1919 755">
    <p class='ocr_par' dir='ltr' id='par_1_7' title="bbox 336 669 1919 755">
     <span class='ocr_line' id='line_1_7' title="bbox 336 669 1919 755; baseline 0.006 -23"><span class='ocrx_word' id='word_1_36' title='bbox 336 697 423 748; x_wconf 84' lang='grc' dir='ltr'><strong>νην</strong></span> <span class='ocrx_word' id='word_1_37' title='bbox 442 696 459 713; x_wconf 87' lang='grc'><strong>·</strong></span> <span class='ocrx_word' id='word_1_38' title='bbox 493 669 555 733; x_wconf 69' lang='grc' dir='ltr'>ἒν</span> <span class='ocrx_word' id='word_1_39' title='bbox 593 679 652 732; x_wconf 83' lang='grc' dir='ltr'><strong>δέ</strong></span> <span class='ocrx_word' id='word_1_40' title='bbox 682 696 753 748; x_wconf 85' lang='grc' dir='ltr'><strong>γε</strong></span> <span class='ocrx_word' id='word_1_41' title='bbox 784 683 854 751; x_wconf 79' lang='grc' dir='ltr'>τῇ</span> <span class='ocrx_word' id='word_1_42' title='bbox 883 669 1253 753; x_wconf 77' lang='grc' dir='ltr'>δευτέρᾳτὴν</span> <span class='ocrx_word' id='word_1_43' title='bbox 1282 686 1619 755; x_wconf 85' lang='grc' dir='ltr'>πρακτικήν.</span> <span class='ocrx_word' id='word_1_44' title='bbox 1645 684 1802 740; x_wconf 76' lang='grc' dir='ltr'>Οὕτω</span> <span class='ocrx_word' id='word_1_45' title='bbox 1827 689 1919 741; x_wconf 59' lang='grc' dir='ltr'><strong>καὶ¹</strong></span> 
     </span>
    </p>
   </div>
   <div class='ocr_carea' id='block_1_8' title="bbox 336 767 1915 845">
    <p class='ocr_par' dir='ltr' id='par_1_8' title="bbox 336 767 1915 845">
     <span class='ocr_line' id='line_1_8' title="bbox 336 767 1915 845; baseline 0.005 -23"><span class='ocrx_word' id='word_1_46' title='bbox 336 771 360 822; x_wconf 71' lang='grc' dir='ltr'><strong>ὁ</strong></span> <span class='ocrx_word' id='word_1_47' title='bbox 382 770 525 832; x_wconf 81' lang='grc' dir='ltr'>θεῖος</span> <span class='ocrx_word' id='word_1_48' title='bbox 562 768 901 832; x_wconf 75' lang='grc' dir='ltr'>’Δπόστολος</span> <span class='ocrx_word' id='word_1_49' title='bbox 930 786 944 799; x_wconf 75' lang='grc'><strong><em>⁸</em></strong></span> <span class='ocrx_word' id='word_1_50' title='bbox 972 768 1270 840; x_wconf 72' lang='grc' dir='ltr'>Πλήρωμα</span> <span class='ocrx_word' id='word_1_51' title='bbox 1287 767 1402 826; x_wconf 74' lang='grc' dir='ltr'><strong>οὖν</strong></span> <span class='ocrx_word' id='word_1_52' title='bbox 1420 775 1611 842; x_wconf 79' lang='grc' dir='ltr'>νόμου</span> <span class='ocrx_word' id='word_1_53' title='bbox 1632 775 1670 843; x_wconf 75' lang='grc' dir='ltr'>ἡ</span> <span class='ocrx_word' id='word_1_54' title='bbox 1695 774 1915 845; x_wconf 74' lang='grc' dir='ltr'>ἀγάπη.</span> 
     </span>
    </p>
   </div>
   <div class='ocr_carea' id='block_1_9' title="bbox 342 854 729 928">
    <p class='ocr_par' dir='ltr' id='par_1_9' title="bbox 342 854 729 928">
     <span class='ocr_line' id='line_1_9' title="bbox 342 854 729 928; baseline -0.003 -14"><span class='ocrx_word' id='word_1_55' title='bbox 342 854 457 915; x_wconf 74' lang='grc' dir='ltr'>Εἶτα</span> <span class='ocrx_word' id='word_1_56' title='bbox 486 859 697 928; x_wconf 77' lang='grc' dir='ltr'>ἐπάγει</span> <span class='ocrx_word' id='word_1_57' title='bbox 714 879 729 893; x_wconf 88' lang='grc'><strong>·</strong></span> 
     </span>
    </p>
   </div>
   <div class='ocr_carea' id='block_1_10' title="bbox 397 949 1921 1027">
    <p class='ocr_par' dir='ltr' id='par_1_10' title="bbox 397 949 1921 1027">
     <span class='ocr_line' id='line_1_10' title="bbox 397 949 1921 1027; baseline 0.006 -23"><span class='ocrx_word' id='word_1_58' title='bbox 397 957 482 1004; x_wconf 75' lang='grc' dir='ltr'>ια’.</span> <span class='ocrx_word' id='word_1_59' title='bbox 525 950 646 1005; x_wconf 81' lang='grc' dir='ltr'><strong>Καὶ</strong></span> <span class='ocrx_word' id='word_1_60' title='bbox 683 950 866 1006; x_wconf 84' lang='grc' dir='ltr'>τοῦτο</span> <span class='ocrx_word' id='word_1_61' title='bbox 891 995 907 1019; x_wconf 92' lang='grc'><strong>,</strong></span> <span class='ocrx_word' id='word_1_62' title='bbox 962 953 1189 1020; x_wconf 78' lang='grc' dir='ltr'>εἰδότες</span> <span class='ocrx_word' id='word_1_63' title='bbox 1219 957 1325 1007; x_wconf 77' lang='grc' dir='ltr'><strong>τὸν</strong></span> <span class='ocrx_word' id='word_1_64' title='bbox 1362 949 1573 1024; x_wconf 79' lang='grc' dir='ltr'>καιρόν</span> <span class='ocrx_word' id='word_1_65' title='bbox 1595 997 1610 1019; x_wconf 89' lang='grc'><strong>,</strong></span> <span class='ocrx_word' id='word_1_66' title='bbox 1664 957 1754 1011; x_wconf 88' lang='grc' dir='ltr'>ὅτι</span> <span class='ocrx_word' id='word_1_67' title='bbox 1797 958 1921 1027; x_wconf 82' lang='grc' dir='ltr'>ὥρα</span> 
     </span>
    </p>
   </div>
   <div class='ocr_carea' id='block_1_11' title="bbox 334 1040 1920 1114">
    <p class='ocr_par' dir='ltr' id='par_1_11' title="bbox 334 1040 1920 1114">
     <span class='ocr_line' id='line_1_11' title="bbox 334 1040 1920 1114; baseline 0.006 -18"><span class='ocrx_word' id='word_1_68' title='bbox 334 1040 485 1111; x_wconf 61' lang='grc' dir='ltr'>ἡμᾶς</span> <span class='ocrx_word' id='word_1_69' title='bbox 530 1041 657 1112; x_wconf 77' lang='grc' dir='ltr'><strong>ἤδη</strong></span> <span class='ocrx_word' id='word_1_70' title='bbox 705 1043 779 1107; x_wconf 79' lang='grc' dir='ltr'><strong>ἐξ</strong></span> <span class='ocrx_word' id='word_1_71' title='bbox 826 1043 1026 1099; x_wconf 79' lang='grc' dir='ltr'>ὕπνου</span> <span class='ocrx_word' id='word_1_72' title='bbox 1072 1044 1421 1114; x_wconf 47' lang='grc' dir='ltr'>ἐγερθῆναι,</span> <span class='ocrx_word' id='word_1_73' title='bbox 1456 1048 1602 1101; x_wconf 75' lang='grc' dir='ltr'>Ἀντὶ</span> <span class='ocrx_word' id='word_1_74' title='bbox 1651 1049 1782 1113; x_wconf 83' lang='grc' dir='ltr'>τοῦ,</span> <span class='ocrx_word' id='word_1_75' title='bbox 1823 1053 1920 1106; x_wconf 78' lang='grc' dir='ltr'>καὶ</span> 
     </span>
    </p>
   </div>
   <div class='ocr_carea' id='block_1_12' title="bbox 333 1132 1916 1206">
    <p class='ocr_par' dir='ltr' id='par_1_12' title="bbox 333 1132 1916 1206">
     <span class='ocr_line' id='line_1_12' title="bbox 333 1132 1916 1206; baseline 0.003 -21"><span class='ocrx_word' id='word_1_76' title='bbox 333 1133 567 1203; x_wconf 82' lang='grc' dir='ltr'>μάλιστα</span> <span class='ocrx_word' id='word_1_77' title='bbox 601 1132 687 1185; x_wconf 79' lang='grc' dir='ltr'>ὅτι</span> <span class='ocrx_word' id='word_1_78' title='bbox 712 1132 743 1184; x_wconf 82' lang='grc' dir='ltr'>ὁ</span> <span class='ocrx_word' id='word_1_79' title='bbox 771 1132 965 1200; x_wconf 82' lang='grc' dir='ltr'>καιρὸς</span> <span class='ocrx_word' id='word_1_80' title='bbox 997 1133 1096 1202; x_wconf 80' lang='grc' dir='ltr'>ούχ</span> <span class='ocrx_word' id='word_1_81' title='bbox 1125 1132 1317 1199; x_wconf 79' lang='grc' dir='ltr'>ὕπνου,</span> <span class='ocrx_word' id='word_1_82' title='bbox 1349 1134 1463 1187; x_wconf 84' lang='grc' dir='ltr'>ἀλλ’</span> <span class='ocrx_word' id='word_1_83' title='bbox 1511 1136 1916 1206; x_wconf 78' lang='grc' dir='ltr'>ἐγρηγόρσεως.</span> 
     </span>
    </p>
   </div>
   <div class='ocr_carea' id='block_1_13' title="bbox 327 1223 1919 1294">
    <p class='ocr_par' dir='ltr' id='par_1_13' title="bbox 327 1223 1919 1294">
     <span class='ocr_line' id='line_1_13' title="bbox 327 1223 1919 1294; baseline 0.001 -16"><span class='ocrx_word' id='word_1_84' title='bbox 327 1223 455 1278; x_wconf 78' lang='grc' dir='ltr'><strong>Νῦν</strong></span> <span class='ocrx_word' id='word_1_85' title='bbox 486 1224 603 1294; x_wconf 75' lang='grc' dir='ltr'>γὰρ</span> <span class='ocrx_word' id='word_1_86' title='bbox 626 1223 1154 1292; x_wconf 63' lang='grc' dir='ltr'>ὲτγύτερονῆμῶν</span> <span class='ocrx_word' id='word_1_87' title='bbox 1190 1224 1230 1291; x_wconf 78' lang='grc' dir='ltr'><em>ἠ</em></span> <span class='ocrx_word' id='word_1_88' title='bbox 1269 1225 1554 1292; x_wconf 81' lang='grc' dir='ltr'>σωτηρία,</span> <span class='ocrx_word' id='word_1_89' title='bbox 1601 1226 1640 1293; x_wconf 77' lang='grc' dir='ltr'><strong><em>ἣ</em></strong></span> <span class='ocrx_word' id='word_1_90' title='bbox 1672 1225 1771 1279; x_wconf 83' lang='grc' dir='ltr'>ὅτε</span> <span class='ocrx_word' id='word_1_91' title='bbox 1794 1226 1919 1280; x_wconf 81' lang='grc' dir='ltr'>ἐπι-</span> 
     </span>
    </p>
   </div>
   <div class='ocr_carea' id='block_1_14' title="bbox 313 1314 1919 1389">
    <p class='ocr_par' dir='ltr' id='par_1_14' title="bbox 313 1314 1919 1389">
     <span class='ocr_line' id='line_1_14' title="bbox 313 1314 1919 1389; baseline 0.001 -19"><span class='ocrx_word' id='word_1_92' title='bbox 313 1316 700 1384; x_wconf 71' lang='grc' dir='ltr'>στεύσαμεν.</span> <span class='ocrx_word' id='word_1_93' title='bbox 732 1314 873 1368; x_wconf 79' lang='grc' dir='ltr'>Καθ’</span> <span class='ocrx_word' id='word_1_94' title='bbox 897 1314 1135 1385; x_wconf 78' lang='grc' dir='ltr'>ἑκάστην</span> <span class='ocrx_word' id='word_1_95' title='bbox 1166 1315 1275 1385; x_wconf 82' lang='grc' dir='ltr'>γὰρ</span> <span class='ocrx_word' id='word_1_96' title='bbox 1301 1315 1516 1386; x_wconf 79' lang='grc' dir='ltr'>ἡμέραν</span> <span class='ocrx_word' id='word_1_97' title='bbox 1541 1316 1919 1389; x_wconf 71' lang='grc' dir='ltr'><strong>πλησιαίτερον.</strong></span> 
     </span>
    </p>
   </div>
   <div class='ocr_carea' id='block_1_15' title="bbox 321 1402 1455 1476">
    <p class='ocr_par' dir='ltr' id='par_1_15' title="bbox 321 1402 1455 1476">
     <span class='ocr_line' id='line_1_15' title="bbox 321 1402 1455 1476; baseline 0.001 -18"><span class='ocrx_word' id='word_1_98' title='bbox 321 1406 423 1476; x_wconf 77' lang='grc' dir='ltr'>τῆς</span> <span class='ocrx_word' id='word_1_99' title='bbox 450 1404 801 1473; x_wconf 75' lang='grc' dir='ltr'>Δεσποτικῆς</span> <span class='ocrx_word' id='word_1_100' title='bbox 830 1402 1098 1474; x_wconf 81' lang='grc' dir='ltr'>γινόμεθα</span> <span class='ocrx_word' id='word_1_101' title='bbox 1132 1405 1455 1474; x_wconf 82' lang='grc' dir='ltr'><strong>παρουσίας.</strong></span> 
     </span>
    </p>
   </div>
   <div class='ocr_carea' id='block_1_16' title="bbox 388 1493 1912 1569">
    <p class='ocr_par' dir='ltr' id='par_1_16' title="bbox 388 1493 1912 1569">
     <span class='ocr_line' id='line_1_16' title="bbox 388 1493 1912 1569; baseline 0.004 -21"><span class='ocrx_word' id='word_1_102' title='bbox 388 1496 485 1567; x_wconf 65' lang='grc' dir='ltr'>ιβ’.</span> <span class='ocrx_word' id='word_1_103' title='bbox 534 1497 599 1549; x_wconf 87' lang='grc' dir='ltr'><strong>Ἠ</strong></span> <span class='ocrx_word' id='word_1_104' title='bbox 644 1494 766 1558; x_wconf 81' lang='grc' dir='ltr'><strong>νὺξ</strong></span> <span class='ocrx_word' id='word_1_105' title='bbox 813 1493 1156 1563; x_wconf 71' lang='grc' dir='ltr'><strong>προέκοψεν</strong></span> <span class='ocrx_word' id='word_1_106' title='bbox 1181 1534 1195 1559; x_wconf 90' lang='grc'><strong>,</strong></span> <span class='ocrx_word' id='word_1_107' title='bbox 1250 1496 1288 1563; x_wconf 77' lang='grc' dir='ltr'><strong><em>ἡ</em></strong></span> <span class='ocrx_word' id='word_1_108' title='bbox 1330 1494 1399 1547; x_wconf 79' lang='grc' dir='ltr'><em>δὲ</em></span> <span class='ocrx_word' id='word_1_109' title='bbox 1446 1497 1637 1566; x_wconf 72' lang='grc' dir='ltr'>ἡμέρα</span> <span class='ocrx_word' id='word_1_110' title='bbox 1684 1498 1912 1569; x_wconf 63' lang='lat' dir='ltr'><strong>ﬁmus.</strong></span> 
     </span>
    </p>
   </div>
   <div class='ocr_carea' id='block_1_17' title="bbox 317 1585 1918 1661">
    <p class='ocr_par' dir='ltr' id='par_1_17' title="bbox 317 1585 1918 1661">
     <span class='ocr_line' id='line_1_17' title="bbox 317 1585 1918 1661; baseline 0.002 -20"><span class='ocrx_word' id='word_1_111' title='bbox 317 1620 382 1630; x_wconf 89' lang='lat'><strong>——</strong></span> <span class='ocrx_word' id='word_1_112' title='bbox 413 1589 629 1642; x_wconf 79' lang='grc' dir='ltr'>Νύκτα</span> <span class='ocrx_word' id='word_1_113' title='bbox 666 1586 828 1640; x_wconf 83' lang='grc' dir='ltr'>καλεί</span> <span class='ocrx_word' id='word_1_114' title='bbox 858 1585 952 1640; x_wconf 82' lang='grc' dir='ltr'><strong>τὸν</strong></span> <span class='ocrx_word' id='word_1_115' title='bbox 975 1587 1075 1657; x_wconf 83' lang='grc' dir='ltr'>τῆς</span> <span class='ocrx_word' id='word_1_116' title='bbox 1105 1587 1328 1655; x_wconf 82' lang='grc' dir='ltr'><strong>ἀγνοίας</strong></span> <span class='ocrx_word' id='word_1_117' title='bbox 1358 1588 1548 1659; x_wconf 64' lang='grc' dir='ltr'>καιρὸν</span> <span class='ocrx_word' id='word_1_118' title='bbox 1567 1629 1582 1654; x_wconf 86' lang='grc'><strong>,</strong></span> <span class='ocrx_word' id='word_1_119' title='bbox 1610 1590 1824 1661; x_wconf 81' lang='grc' dir='ltr'>ἡμέραν</span> <span class='ocrx_word' id='word_1_120' title='bbox 1861 1591 1918 1645; x_wconf 80' lang='grc' dir='ltr'><strong>δὲ</strong></span> 
     </span>
    </p>
   </div>
   <div class='ocr_carea' id='block_1_18' title="bbox 316 1677 1919 1752">
    <p class='ocr_par' dir='ltr' id='par_1_18' title="bbox 316 1677 1919 1752">
     <span class='ocr_line' id='line_1_18' title="bbox 316 1677 1919 1752; baseline 0.002 -20"><span class='ocrx_word' id='word_1_121' title='bbox 316 1682 407 1735; x_wconf 70' lang='grc' dir='ltr'><strong>τὸν</strong></span> <span class='ocrx_word' id='word_1_122' title='bbox 440 1679 586 1750; x_wconf 79' lang='grc' dir='ltr'>μετά</span> <span class='ocrx_word' id='word_1_123' title='bbox 614 1678 718 1748; x_wconf 80' lang='grc' dir='ltr'>τὴν</span> <span class='ocrx_word' id='word_1_124' title='bbox 748 1677 1058 1749; x_wconf 80' lang='grc' dir='ltr'>παρουσίαν</span> <span class='ocrx_word' id='word_1_125' title='bbox 1091 1677 1183 1731; x_wconf 83' lang='grc' dir='ltr'>τοῦ</span> <span class='ocrx_word' id='word_1_126' title='bbox 1211 1679 1485 1733; x_wconf 83' lang='grc' dir='ltr'>Δεσπότου</span> <span class='ocrx_word' id='word_1_127' title='bbox 1510 1681 1724 1752; x_wconf 86' lang='grc' dir='ltr'>χρόνον.</span> <span class='ocrx_word' id='word_1_128' title='bbox 1766 1683 1919 1735; x_wconf 76' lang='grc' dir='ltr'>Ἀνα-</span> 
     </span>
    </p>
   </div>
   <div class='ocr_carea' id='block_1_19' title="bbox 314 1767 1917 1844">
    <p class='ocr_par' dir='ltr' id='par_1_19' title="bbox 314 1767 1917 1844">
     <span class='ocr_line' id='line_1_19' title="bbox 314 1767 1917 1844; baseline 0.004 -24"><span class='ocrx_word' id='word_1_129' title='bbox 314 1770 505 1832; x_wconf 49' lang='lat' dir='ltr'><strong>rei)“</strong></span> <span class='ocrx_word' id='word_1_130' title='bbox 540 1768 655 1838; x_wconf 73' lang='grc' dir='ltr'><strong>γὰρ</strong></span> <span class='ocrx_word' id='word_1_131' title='bbox 684 1768 787 1837; x_wconf 78' lang='grc' dir='ltr'>τῆς</span> <span class='ocrx_word' id='word_1_132' title='bbox 815 1767 1163 1838; x_wconf 76' lang='grc' dir='ltr'><strong>δικαιοσύνης</strong></span> <span class='ocrx_word' id='word_1_133' title='bbox 1192 1771 1220 1823; x_wconf 84' lang='grc' dir='ltr'>ὁ</span> <span class='ocrx_word' id='word_1_134' title='bbox 1247 1770 1398 1840; x_wconf 79' lang='grc' dir='ltr'>ἥλιος</span> <span class='ocrx_word' id='word_1_135' title='bbox 1442 1774 1560 1834; x_wconf 87' lang='grc' dir='ltr'>ταῖς</span> <span class='ocrx_word' id='word_1_136' title='bbox 1594 1773 1778 1825; x_wconf 82' lang='grc' dir='ltr'><strong>ἀκτῖσι</strong></span> <span class='ocrx_word' id='word_1_137' title='bbox 1818 1774 1917 1844; x_wconf 82' lang='grc' dir='ltr'>τῆς</span> 
     </span>
    </p>
   </div>
   <div class='ocr_carea' id='block_1_20' title="bbox 2023 590 3594 668">
    <p class='ocr_par' dir='ltr' id='par_1_20' title="bbox 2023 590 3594 668">
     <span class='ocr_line' id='line_1_20' title="bbox 2023 590 3594 668; baseline 0.006 -22"><span class='ocrx_word' id='word_1_138' title='bbox 2023 590 2399 665; x_wconf 87' lang='lat' dir='ltr'><strong>templativam</strong></span> <span class='ocrx_word' id='word_1_139' title='bbox 2457 598 2645 668; x_wconf 84' lang='lat' dir='ltr'><strong>perﬁci</strong></span> <span class='ocrx_word' id='word_1_140' title='bbox 2696 600 2982 665; x_wconf 88' lang='lat' dir='ltr'><strong>ostendit;</strong></span> <span class='ocrx_word' id='word_1_141' title='bbox 3028 602 3082 654; x_wconf 94' lang='lat' dir='ltr'><strong>in</strong></span> <span class='ocrx_word' id='word_1_142' title='bbox 3127 603 3372 657; x_wconf 85' lang='lat' dir='ltr'><strong>secundo</strong></span> <span class='ocrx_word' id='word_1_143' title='bbox 3413 614 3594 656; x_wconf 86' lang='lat' dir='ltr'><strong>autem</strong></span> 
     </span>
    </p>
   </div>
   <div class='ocr_carea' id='block_1_21' title="bbox 2020 686 3597 761">
    <p class='ocr_par' dir='ltr' id='par_1_21' title="bbox 2020 686 3597 761">
     <span class='ocr_line' id='line_1_21' title="bbox 2020 686 3597 761; baseline 0.006 -22"><span class='ocrx_word' id='word_1_144' title='bbox 2020 686 2279 743; x_wconf 78' lang='lat' dir='ltr'><strong>activam.</strong></span> <span class='ocrx_word' id='word_1_145' title='bbox 2314 687 2392 741; x_wconf 86' lang='lat' dir='ltr'><strong>ita</strong></span> <span class='ocrx_word' id='word_1_146' title='bbox 2438 689 2586 743; x_wconf 86' lang='lat' dir='ltr'><strong>enim</strong></span> <span class='ocrx_word' id='word_1_147' title='bbox 2641 690 2866 744; x_wconf 90' lang='lat' dir='ltr'><strong>divinus</strong></span> <span class='ocrx_word' id='word_1_148' title='bbox 2916 692 3255 761; x_wconf 77' lang='lat' dir='ltr'><strong>Apostolus:</strong></span> <span class='ocrx_word' id='word_1_149' title='bbox 3312 688 3597 748; x_wconf 78' lang='lat' dir='ltr'><strong>Plenitudo</strong></span> 
     </span>
    </p>
   </div>
   <div class='ocr_carea' id='block_1_22' title="bbox 2021 779 3286 854">
    <p class='ocr_par' dir='ltr' id='par_1_22' title="bbox 2021 779 3286 854">
     <span class='ocr_line' id='line_1_22' title="bbox 2021 779 3286 854; baseline 0.006 -24"><span class='ocrx_word' id='word_1_150' title='bbox 2021 792 2145 845; x_wconf 83' lang='lat' dir='ltr'><strong>ergo</strong></span> <span class='ocrx_word' id='word_1_151' title='bbox 2179 780 2310 845; x_wconf 83' lang='lat' dir='ltr'><strong>leqis</strong></span> <span class='ocrx_word' id='word_1_152' title='bbox 2340 784 2418 834; x_wconf 82' lang='lat' dir='ltr'><strong>est</strong></span> <span class='ocrx_word' id='word_1_153' title='bbox 2448 780 2683 834; x_wconf 79' lang='lat' dir='ltr'><strong>dilectio.</strong></span> <span class='ocrx_word' id='word_1_154' title='bbox 2716 779 2924 836; x_wconf 78' lang='lat' dir='ltr'><strong>Deinde</strong></span> <span class='ocrx_word' id='word_1_155' title='bbox 2956 783 3245 854; x_wconf 86' lang='lat' dir='ltr'><strong>subjungit</strong></span> <span class='ocrx_word' id='word_1_156' title='bbox 3271 801 3286 837; x_wconf 94' lang='lat'><strong>:</strong></span> 
     </span>
    </p>
   </div>
   <div class='ocr_carea' id='block_1_23' title="bbox 2090 940 3651 1036">
    <p class='ocr_par' dir='ltr' id='par_1_23' title="bbox 2090 940 3651 1036">
     <span class='ocr_line' id='line_1_23' title="bbox 2090 940 3651 1036; baseline 0.003 -34"><span class='ocrx_word' id='word_1_157' title='bbox 2090 947 2254 1005; x_wconf 73' lang='lat' dir='ltr'><strong>Vsus.</strong></span> <span class='ocrx_word' id='word_1_158' title='bbox 2296 950 2380 1004; x_wconf 82' lang='grc'><strong>11.</strong></span> <span class='ocrx_word' id='word_1_159' title='bbox 2415 950 2487 1004; x_wconf 86' lang='lat' dir='ltr'><strong>Et</strong></span> <span class='ocrx_word' id='word_1_160' title='bbox 2518 951 2645 1018; x_wconf 83' lang='lat' dir='ltr'><strong>hoc,</strong></span> <span class='ocrx_word' id='word_1_161' title='bbox 2679 954 2897 1036; x_wconf 66' lang='lat' dir='ltr'><strong>scientes</strong></span> <span class='ocrx_word' id='word_1_162' title='bbox 2930 965 3132 1023; x_wconf 78' lang='lat' dir='ltr'><strong>tempus</strong></span> <span class='ocrx_word' id='word_1_163' title='bbox 3157 995 3170 1019; x_wconf 96' lang='lat'><strong>,</strong></span> <span class='ocrx_word' id='word_1_164' title='bbox 3202 956 3329 1025; x_wconf 87' lang='lat' dir='ltr'><strong>quia</strong></span> <span class='ocrx_word' id='word_1_165' title='bbox 3363 954 3495 1030; x_wconf 68' lang='lat' dir='ltr'><strong>liora</strong></span> <span class='ocrx_word' id='word_1_166' title='bbox 3522 964 3600 1009; x_wconf 87' lang='lat' dir='ltr'><strong>est</strong></span> <span class='ocrx_word' id='word_1_167' title='bbox 3645 940 3651 947; x_wconf 63' lang='grc'><em>’</em></span> 
     </span>
    </p>
   </div>
   <div class='ocr_carea' id='block_1_24' title="bbox 2013 1038 3595 1114">
    <p class='ocr_par' dir='ltr' id='par_1_24' title="bbox 2013 1038 3595 1114">
     <span class='ocr_line' id='line_1_24' title="bbox 2013 1038 3595 1114; baseline 0.006 -23"><span class='ocrx_word' id='word_1_168' title='bbox 2013 1038 2129 1107; x_wconf 88' lang='lat' dir='ltr'><strong>jam</strong></span> <span class='ocrx_word' id='word_1_169' title='bbox 2160 1057 2254 1094; x_wconf 89' lang='lat' dir='ltr'><strong>nos</strong></span> <span class='ocrx_word' id='word_1_170' title='bbox 2282 1041 2346 1095; x_wconf 87' lang='lat' dir='ltr'><strong>de</strong></span> <span class='ocrx_word' id='word_1_171' title='bbox 2377 1059 2561 1097; x_wconf 88' lang='lat' dir='ltr'><strong>somno</strong></span> <span class='ocrx_word' id='word_1_172' title='bbox 2591 1060 2822 1114; x_wconf 83' lang='lat' dir='ltr'><strong>surgere.</strong></span> <span class='ocrx_word' id='word_1_173' title='bbox 2856 1049 2873 1063; x_wconf 88' lang='grc'><strong>¹¹</strong></span> <span class='ocrx_word' id='word_1_174' title='bbox 2901 1044 3073 1109; x_wconf 84' lang='lat' dir='ltr'><strong>Quasi</strong></span> <span class='ocrx_word' id='word_1_175' title='bbox 3102 1046 3248 1099; x_wconf 85' lang='lat' dir='ltr'><strong>dicat</strong></span> <span class='ocrx_word' id='word_1_176' title='bbox 3275 1065 3288 1099; x_wconf 91' lang='lat'><strong>:</strong></span> <span class='ocrx_word' id='word_1_177' title='bbox 3322 1045 3389 1098; x_wconf 85' lang='lat' dir='ltr'><strong>Et</strong></span> <span class='ocrx_word' id='word_1_178' title='bbox 3416 1047 3595 1100; x_wconf 76' lang='lat' dir='ltr'><strong>maxi-</strong></span> 
     </span>
    </p>
   </div>
   <div class='ocr_carea' id='block_1_25' title="bbox 2022 1132 3703 1206">
    <p class='ocr_par' dir='ltr' id='par_1_25' title="bbox 2022 1132 3703 1206">
     <span class='ocr_line' id='line_1_25' title="bbox 2022 1132 3703 1206; baseline 0.003 -22"><span class='ocrx_word' id='word_1_179' title='bbox 2022 1146 2109 1186; x_wconf 87' lang='lat' dir='ltr'><strong>me</strong></span> <span class='ocrx_word' id='word_1_180' title='bbox 2143 1132 2274 1201; x_wconf 88' lang='lat' dir='ltr'><strong>quia</strong></span> <span class='ocrx_word' id='word_1_181' title='bbox 2316 1149 2424 1186; x_wconf 89' lang='lat' dir='ltr'><strong>non</strong></span> <span class='ocrx_word' id='word_1_182' title='bbox 2456 1141 2543 1188; x_wconf 90' lang='lat' dir='ltr'><strong>est</strong></span> <span class='ocrx_word' id='word_1_183' title='bbox 2572 1141 2789 1203; x_wconf 77' lang='lat' dir='ltr'><strong>tempus</strong></span> <span class='ocrx_word' id='word_1_184' title='bbox 2821 1135 3166 1198; x_wconf 87' lang='lat' dir='ltr'><strong>dormiendi,</strong></span> <span class='ocrx_word' id='word_1_185' title='bbox 3200 1136 3293 1190; x_wconf 84' lang='lat' dir='ltr'><strong>sed</strong></span> <span class='ocrx_word' id='word_1_186' title='bbox 3340 1137 3597 1206; x_wconf 82' lang='lat' dir='ltr'><strong>expergi-</strong></span> <span class='ocrx_word' id='word_1_187' title='bbox 3702 1164 3703 1167; x_wconf 57' lang='grc' dir='ltr'><strong>η</strong></span> 
     </span>
    </p>
   </div>
   <div class='ocr_carea' id='block_1_26' title="bbox 2022 1222 3598 1299">
    <p class='ocr_par' dir='ltr' id='par_1_26' title="bbox 2022 1222 3598 1299">
     <span class='ocr_line' id='line_1_26' title="bbox 2022 1222 3598 1299; baseline 0.003 -22"><span class='ocrx_word' id='word_1_188' title='bbox 2022 1224 2233 1277; x_wconf 88' lang='lat' dir='ltr'><strong>scendi.</strong></span> <span class='ocrx_word' id='word_1_189' title='bbox 2274 1222 2432 1278; x_wconf 90' lang='lat' dir='ltr'><strong>Nunc</strong></span> <span class='ocrx_word' id='word_1_190' title='bbox 2463 1226 2602 1279; x_wconf 84' lang='lat' dir='ltr'><strong>enim</strong></span> <span class='ocrx_word' id='word_1_191' title='bbox 2634 1229 2850 1294; x_wconf 79' lang='lat' dir='ltr'><strong>propior</strong></span> <span class='ocrx_word' id='word_1_192' title='bbox 2882 1235 2959 1281; x_wconf 87' lang='lat' dir='ltr'><strong>est</strong></span> <span class='ocrx_word' id='word_1_193' title='bbox 2995 1237 3180 1281; x_wconf 87' lang='lat' dir='ltr'><strong>nostra</strong></span> <span class='ocrx_word' id='word_1_194' title='bbox 3212 1228 3359 1282; x_wconf 86' lang='lat' dir='ltr'><strong>salus</strong></span> <span class='ocrx_word' id='word_1_195' title='bbox 3385 1269 3398 1291; x_wconf 90' lang='lat'><strong>,</strong></span> <span class='ocrx_word' id='word_1_196' title='bbox 3435 1244 3598 1299; x_wconf 84' lang='lat' dir='ltr'><strong>quam</strong></span> 
     </span>
    </p>
   </div>
   <div class='ocr_carea' id='block_1_27' title="bbox 2020 1314 3591 1387">
    <p class='ocr_par' dir='ltr' id='par_1_27' title="bbox 2020 1314 3591 1387">
     <span class='ocr_line' id='line_1_27' title="bbox 2020 1314 3591 1387; baseline 0.003 -21"><span class='ocrx_word' id='word_1_197' title='bbox 2020 1330 2139 1366; x_wconf 86' lang='lat' dir='ltr'><strong>cum</strong></span> <span class='ocrx_word' id='word_1_198' title='bbox 2172 1314 2516 1369; x_wconf 82' lang='lat' dir='ltr'><strong>credidimus.</strong></span> <span class='ocrx_word' id='word_1_199' title='bbox 2562 1317 2623 1368; x_wconf 86' lang='lat' dir='ltr'><strong>In</strong></span> <span class='ocrx_word' id='word_1_200' title='bbox 2659 1317 2780 1371; x_wconf 89' lang='lat' dir='ltr'><strong>dies</strong></span> <span class='ocrx_word' id='word_1_201' title='bbox 2813 1317 2964 1373; x_wconf 86' lang='lat' dir='ltr'><strong>enim</strong></span> <span class='ocrx_word' id='word_1_202' title='bbox 3000 1318 3226 1387; x_wconf 84' lang='lat' dir='ltr'><strong>propius</strong></span> <span class='ocrx_word' id='word_1_203' title='bbox 3261 1319 3328 1373; x_wconf 84' lang='lat' dir='ltr'><strong>ad</strong></span> <span class='ocrx_word' id='word_1_204' title='bbox 3373 1317 3591 1372; x_wconf 87' lang='lat' dir='ltr'><strong>Domini</strong></span> 
     </span>
    </p>
   </div>
   <div class='ocr_carea' id='block_1_28' title="bbox 2021 1403 2880 1473">
    <p class='ocr_par' dir='ltr' id='par_1_28' title="bbox 2021 1403 2880 1473">
     <span class='ocr_line' id='line_1_28' title="bbox 2021 1403 2880 1473; baseline 0.003 -16"><span class='ocrx_word' id='word_1_205' title='bbox 2021 1404 2319 1458; x_wconf 85' lang='lat' dir='ltr'><strong>adventum</strong></span> <span class='ocrx_word' id='word_1_206' title='bbox 2358 1403 2516 1473; x_wconf 81' lang='lat'><strong>139</strong></span> <span class='ocrx_word' id='word_1_207' title='bbox 2545 1405 2880 1460; x_wconf 87' lang='lat' dir='ltr'><strong>accedimus.</strong></span> 
     </span>
    </p>
   </div>
   <div class='ocr_carea' id='block_1_29' title="bbox 2091 1495 3598 1569">
    <p class='ocr_par' dir='ltr' id='par_1_29' title="bbox 2091 1495 3598 1569">
     <span class='ocr_line' id='line_1_29' title="bbox 2091 1495 3598 1569; baseline 0.001 -18"><span class='ocrx_word' id='word_1_208' title='bbox 2091 1495 2261 1551; x_wconf 74' lang='lat' dir='ltr'><strong>Vens.</strong></span> <span class='ocrx_word' id='word_1_209' title='bbox 2298 1496 2386 1550; x_wconf 76' lang='grc'><strong>12.</strong></span> <span class='ocrx_word' id='word_1_210' title='bbox 2429 1495 2556 1548; x_wconf 74' lang='lat' dir='ltr'><strong>Nox</strong></span> <span class='ocrx_word' id='word_1_211' title='bbox 2587 1498 2856 1566; x_wconf 74' lang='lat' dir='ltr'><strong>pra&#39;cessit</strong></span> <span class='ocrx_word' id='word_1_212' title='bbox 2882 1537 2896 1562; x_wconf 93' lang='lat'><strong>,</strong></span> <span class='ocrx_word' id='word_1_213' title='bbox 2933 1497 3046 1553; x_wconf 82' lang='lat' dir='ltr'><strong>dies</strong></span> <span class='ocrx_word' id='word_1_214' title='bbox 3087 1507 3266 1553; x_wconf 87' lang='lat' dir='ltr'><strong>autem</strong></span> <span class='ocrx_word' id='word_1_215' title='bbox 3312 1515 3598 1569; x_wconf 75' lang='lat' dir='ltr'><strong>appropin-</strong></span> 
     </span>
    </p>
   </div>
   <div class='ocr_carea' id='block_1_30' title="bbox 2019 1586 3600 1659">
    <p class='ocr_par' dir='ltr' id='par_1_30' title="bbox 2019 1586 3600 1659">
     <span class='ocr_line' id='line_1_30' title="bbox 2019 1586 3600 1659; baseline -0.001 -17"><span class='ocrx_word' id='word_1_216' title='bbox 2019 1590 2218 1657; x_wconf 83' lang='lat' dir='ltr'><strong>quavit.</strong></span> <span class='ocrx_word' id='word_1_217' title='bbox 2250 1616 2320 1626; x_wconf 91' lang='lat'><strong><em>—</em></strong></span> <span class='ocrx_word' id='word_1_218' title='bbox 2361 1586 2585 1641; x_wconf 68' lang='lat' dir='ltr'><strong>Noctem</strong></span> <span class='ocrx_word' id='word_1_219' title='bbox 2616 1597 2774 1643; x_wconf 89' lang='lat' dir='ltr'><strong>vocat</strong></span> <span class='ocrx_word' id='word_1_220' title='bbox 2815 1597 3033 1659; x_wconf 77' lang='lat' dir='ltr'><strong>tempus</strong></span> <span class='ocrx_word' id='word_1_221' title='bbox 3062 1590 3423 1659; x_wconf 66' lang='lat' dir='ltr'><strong>ignorantiae;</strong></span> <span class='ocrx_word' id='word_1_222' title='bbox 3464 1593 3600 1644; x_wconf 82' lang='lat' dir='ltr'><strong>diem</strong></span> 
     </span>
    </p>
   </div>
   <div class='ocr_carea' id='block_1_31' title="bbox 2020 1680 3599 1752">
    <p class='ocr_par' dir='ltr' id='par_1_31' title="bbox 2020 1680 3599 1752">
     <span class='ocr_line' id='line_1_31' title="bbox 2020 1680 3599 1752; baseline 0.001 -18"><span class='ocrx_word' id='word_1_223' title='bbox 2020 1689 2244 1744; x_wconf 90' lang='lat' dir='ltr'><strong>autem,</strong></span> <span class='ocrx_word' id='word_1_224' title='bbox 2303 1690 2518 1750; x_wconf 85' lang='lat' dir='ltr'><strong>tempus</strong></span> <span class='ocrx_word' id='word_1_225' title='bbox 2570 1690 2694 1752; x_wconf 90' lang='lat' dir='ltr'><strong>post</strong></span> <span class='ocrx_word' id='word_1_226' title='bbox 2743 1681 3033 1735; x_wconf 80' lang='lat' dir='ltr'><strong>adventum</strong></span> <span class='ocrx_word' id='word_1_227' title='bbox 3062 1680 3302 1736; x_wconf 85' lang='lat' dir='ltr'><strong>Domini.</strong></span> <span class='ocrx_word' id='word_1_228' title='bbox 3359 1682 3599 1737; x_wconf 77' lang='lat' dir='ltr'><strong>Exortus</strong></span> 
     </span>
    </p>
   </div>
   <div class='ocr_carea' id='block_1_32' title="bbox 2018 1771 3595 1848">
    <p class='ocr_par' dir='ltr' id='par_1_32' title="bbox 2018 1771 3595 1848">
     <span class='ocr_line' id='line_1_32' title="bbox 2018 1771 3595 1848; baseline -0.003 -20"><span class='ocrx_word' id='word_1_229' title='bbox 2018 1773 2162 1828; x_wconf 84' lang='lat' dir='ltr'><strong>enim</strong></span> <span class='ocrx_word' id='word_1_230' title='bbox 2189 1771 2278 1848; x_wconf 76' lang='lat' dir='ltr'><strong>sol</strong></span> <span class='ocrx_word' id='word_1_231' title='bbox 2308 1771 2538 1840; x_wconf 75' lang='lat' dir='ltr'><strong>justitia:</strong></span> <span class='ocrx_word' id='word_1_232' title='bbox 2560 1810 2575 1836; x_wconf 91' lang='lat'><strong>,</strong></span> <span class='ocrx_word' id='word_1_233' title='bbox 2606 1771 2807 1826; x_wconf 81' lang='lat' dir='ltr'><strong>divinae</strong></span> <span class='ocrx_word' id='word_1_234' title='bbox 2833 1772 3172 1842; x_wconf 81' lang='lat' dir='ltr'><strong>cognitionis</strong></span> <span class='ocrx_word' id='word_1_235' title='bbox 3204 1772 3377 1827; x_wconf 87' lang='lat' dir='ltr'><strong>radiis</strong></span> <span class='ocrx_word' id='word_1_236' title='bbox 3409 1772 3595 1827; x_wconf 85' lang='lat' dir='ltr'><strong>orbem</strong></span> 
     </span>
    </p>
   </div>
   <div class='ocr_carea' id='block_1_33' title="bbox 315 1859 1934 1934">
    <p class='ocr_par' dir='ltr' id='par_1_33' title="bbox 315 1859 1919 1934">
     <span class='ocr_line' id='line_1_33' title="bbox 315 1859 1919 1934; baseline 0.002 -19"><span class='ocrx_word' id='word_1_237' title='bbox 315 1862 666 1931; x_wconf 80' lang='grc' dir='ltr'>θεογνωσίας</span> <span class='ocrx_word' id='word_1_238' title='bbox 702 1859 803 1932; x_wconf 78' lang='grc' dir='ltr'><strong>τὴν</strong></span> <span class='ocrx_word' id='word_1_239' title='bbox 848 1860 1176 1931; x_wconf 81' lang='grc' dir='ltr'>οίκουμένην</span> <span class='ocrx_word' id='word_1_240' title='bbox 1214 1861 1500 1931; x_wconf 72' lang='grc' dir='ltr'>ἐφώτισεν.</span> <span class='ocrx_word' id='word_1_241' title='bbox 1552 1863 1919 1934; x_wconf 78' lang='grc' dir='ltr'>Ἀποθώμεθα</span> 
     </span>
    </p>
   </div>
   <div class='ocr_carea' id='block_1_34' title="bbox 2018 1859 3597 1934">
    <p class='ocr_par' dir='ltr' id='par_1_34' title="bbox 2021 1861 3597 1931">
     <span class='ocr_line' id='line_1_34' title="bbox 2021 1861 3597 1931; baseline -0.003 -12"><span class='ocrx_word' id='word_1_242' title='bbox 2021 1874 2295 1919; x_wconf 87' lang='lat' dir='ltr'><strong>terrarum</strong></span> <span class='ocrx_word' id='word_1_243' title='bbox 2328 1862 2680 1918; x_wconf 88' lang='lat' dir='ltr'><strong>illuminavit.</strong></span> <span class='ocrx_word' id='word_1_244' title='bbox 2732 1861 3059 1931; x_wconf 80' lang='lat' dir='ltr'><strong>Abjiciamus</strong></span> <span class='ocrx_word' id='word_1_245' title='bbox 3103 1877 3227 1931; x_wconf 86' lang='lat' dir='ltr'><strong>ergo</strong></span> <span class='ocrx_word' id='word_1_246' title='bbox 3263 1877 3420 1929; x_wconf 82' lang='lat' dir='ltr'><strong>opera</strong></span> <span class='ocrx_word' id='word_1_247' title='bbox 3453 1870 3597 1915; x_wconf 87' lang='lat' dir='ltr'><strong>tene-</strong></span> 
     </span>
    </p>
   </div>
   <div class='ocr_carea' id='block_1_35' title="bbox 314 1948 1916 2028">
    <p class='ocr_par' dir='ltr' id='par_1_35' title="bbox 314 1948 1916 2028">
     <span class='ocr_line' id='line_1_35' title="bbox 314 1948 1916 2028; baseline 0.002 -22"><span class='ocrx_word' id='word_1_248' title='bbox 314 1948 438 2028; x_wconf 62' lang='grc' dir='ltr'><strong>οὖν</strong></span> <span class='ocrx_word' id='word_1_249' title='bbox 470 1950 546 2005; x_wconf 87' lang='grc' dir='ltr'>τὰ</span> <span class='ocrx_word' id='word_1_250' title='bbox 573 1950 725 2020; x_wconf 73' lang='grc' dir='ltr'>ἔργα</span> <span class='ocrx_word' id='word_1_251' title='bbox 779 1948 887 2003; x_wconf 87' lang='grc' dir='ltr'><strong>τοῦ</strong></span> <span class='ocrx_word' id='word_1_252' title='bbox 932 1951 1196 2017; x_wconf 79' lang='grc' dir='ltr'><strong>σκότους</strong></span> <span class='ocrx_word' id='word_1_253' title='bbox 1222 1993 1236 2018; x_wconf 94' lang='grc'><strong>,</strong></span> <span class='ocrx_word' id='word_1_254' title='bbox 1296 1953 1395 2006; x_wconf 73' lang='grc' dir='ltr'>καὶ</span> <span class='ocrx_word' id='word_1_255' title='bbox 1427 1952 1815 2023; x_wconf 82' lang='grc' dir='ltr'><strong>ἐνδυσώμεθα</strong></span> <span class='ocrx_word' id='word_1_256' title='bbox 1843 1954 1916 2009; x_wconf 85' lang='grc' dir='ltr'>τὰ</span> 
     </span>
    </p>
   </div>
   <div class='ocr_carea' id='block_1_36' title="bbox 316 2039 1915 2113">
    <p class='ocr_par' dir='ltr' id='par_1_36' title="bbox 316 2039 1915 2113">
     <span class='ocr_line' id='line_1_36' title="bbox 316 2039 1915 2113; baseline 0.001 -18"><span class='ocrx_word' id='word_1_257' title='bbox 316 2042 487 2095; x_wconf 72' lang='grc' dir='ltr'>ὅπλα</span> <span class='ocrx_word' id='word_1_258' title='bbox 516 2040 629 2094; x_wconf 84' lang='grc' dir='ltr'><strong>τοῦ</strong></span> <span class='ocrx_word' id='word_1_259' title='bbox 662 2040 882 2109; x_wconf 69' lang='grc' dir='ltr'>φωτός.</span> <span class='ocrx_word' id='word_1_260' title='bbox 920 2039 1123 2105; x_wconf 85' lang='grc' dir='ltr'>Σκότος</span> <span class='ocrx_word' id='word_1_261' title='bbox 1152 2041 1306 2095; x_wconf 84' lang='grc' dir='ltr'>καλεῖ</span> <span class='ocrx_word' id='word_1_262' title='bbox 1341 2042 1437 2113; x_wconf 86' lang='grc' dir='ltr'><strong>τὴν</strong></span> <span class='ocrx_word' id='word_1_263' title='bbox 1480 2042 1732 2111; x_wconf 83' lang='grc' dir='ltr'>ἄγνοιαν,</span> <span class='ocrx_word' id='word_1_264' title='bbox 1777 2043 1915 2113; x_wconf 78' lang='grc' dir='ltr'>ἔργα</span> 
     </span>
    </p>
   </div>
   <div class='ocr_carea' id='block_1_37' title="bbox 313 2131 1945 2205">
    <p class='ocr_par' dir='ltr' id='par_1_37' title="bbox 313 2131 1945 2205">
     <span class='ocr_line' id='line_1_37' title="bbox 313 2131 1945 2205; baseline -0.007 -17"><span class='ocrx_word' id='word_1_265' title='bbox 313 2135 366 2188; x_wconf 78' lang='grc' dir='ltr'><strong>δὲ</strong></span> <span class='ocrx_word' id='word_1_266' title='bbox 406 2133 511 2187; x_wconf 76' lang='grc' dir='ltr'>τοῦ</span> <span class='ocrx_word' id='word_1_267' title='bbox 562 2131 794 2196; x_wconf 85' lang='grc' dir='ltr'>σκότους</span> <span class='ocrx_word' id='word_1_268' title='bbox 832 2131 935 2195; x_wconf 78' lang='grc' dir='ltr'>τὰς</span> <span class='ocrx_word' id='word_1_269' title='bbox 963 2133 1322 2205; x_wconf 79' lang='grc' dir='ltr'>παρανόμους</span> <span class='ocrx_word' id='word_1_270' title='bbox 1367 2134 1632 2205; x_wconf 79' lang='grc' dir='ltr'>πράξεις’</span> <span class='ocrx_word' id='word_1_271' title='bbox 1674 2137 1770 2189; x_wconf 66' lang='grc' dir='ltr'>καὶ</span> <span class='ocrx_word' id='word_1_272' title='bbox 1798 2135 1945 2204; x_wconf 67' lang='grc' dir='ltr'>φῶςι</span> 
     </span>
    </p>
   </div>
   <div class='ocr_carea' id='block_1_38' title="bbox 314 2206 1915 2298">
    <p class='ocr_par' dir='ltr' id='par_1_38' title="bbox 314 2206 1915 2298">
     <span class='ocr_line' id='line_1_38' title="bbox 314 2206 1915 2298; baseline 0.003 -22"><span class='ocrx_word' id='word_1_273' title='bbox 314 2225 423 2294; x_wconf 80' lang='grc' dir='ltr'>μὲν</span> <span class='ocrx_word' id='word_1_274' title='bbox 449 2219 716 2295; x_wconf 80' lang='grc' dir='ltr'>ὀνομάζει</span> <span class='ocrx_word' id='word_1_275' title='bbox 748 2223 848 2295; x_wconf 83' lang='grc' dir='ltr'>τὴν</span> <span class='ocrx_word' id='word_1_276' title='bbox 881 2221 1110 2292; x_wconf 84' lang='grc' dir='ltr'>γνῶσιν,</span> <span class='ocrx_word' id='word_1_277' title='bbox 1169 2223 1309 2277; x_wconf 83' lang='grc' dir='ltr'>ὅπλα</span> <span class='ocrx_word' id='word_1_278' title='bbox 1340 2224 1399 2279; x_wconf 81' lang='grc' dir='ltr'><strong>δὲ</strong></span> <span class='ocrx_word' id='word_1_279' title='bbox 1433 2206 1611 2298; x_wconf 63' lang='grc' dir='ltr'>ζωτὸὲ</span> <span class='ocrx_word' id='word_1_280' title='bbox 1640 2226 1749 2281; x_wconf 85' lang='grc' dir='ltr'><strong>τῶν</strong></span> <span class='ocrx_word' id='word_1_281' title='bbox 1779 2226 1915 2296; x_wconf 81' lang='grc' dir='ltr'>ἀγα-</span> 
     </span>
    </p>
   </div>
   <div class='ocr_carea' id='block_1_39' title="bbox 316 2315 905 2387">
    <p class='ocr_par' dir='ltr' id='par_1_39' title="bbox 316 2315 905 2387">
     <span class='ocr_line' id='line_1_39' title="bbox 316 2315 905 2387; baseline 0 -18"><span class='ocrx_word' id='word_1_282' title='bbox 316 2317 429 2369; x_wconf 80' lang='grc' dir='ltr'><strong>θῶν</strong></span> <span class='ocrx_word' id='word_1_283' title='bbox 462 2315 566 2387; x_wconf 78' lang='grc' dir='ltr'>τὴν</span> <span class='ocrx_word' id='word_1_284' title='bbox 596 2315 905 2386; x_wconf 82' lang='grc' dir='ltr'>ἐνέργειαν.</span> 
     </span>
    </p>
   </div>
   <div class='ocr_carea' id='block_1_40' title="bbox 386 2406 1911 2477">
    <p class='ocr_par' dir='ltr' id='par_1_40' title="bbox 386 2406 1911 2477">
     <span class='ocr_line' id='line_1_40' title="bbox 386 2406 1911 2477; baseline 0.001 -16"><span class='ocrx_word' id='word_1_285' title='bbox 386 2406 490 2476; x_wconf 83' lang='grc' dir='ltr'>ιγ’.</span> <span class='ocrx_word' id='word_1_286' title='bbox 533 2408 637 2473; x_wconf 84' lang='grc' dir='ltr'>Ὠς</span> <span class='ocrx_word' id='word_1_287' title='bbox 659 2406 734 2459; x_wconf 79' lang='grc' dir='ltr'><strong>ἐν</strong></span> <span class='ocrx_word' id='word_1_288' title='bbox 755 2406 949 2474; x_wconf 77' lang='grc' dir='ltr'>ἡμέρᾳ</span> <span class='ocrx_word' id='word_1_289' title='bbox 969 2407 1363 2475; x_wconf 81' lang='grc' dir='ltr'><strong>εὐσχημόνως</strong></span> <span class='ocrx_word' id='word_1_290' title='bbox 1391 2408 1911 2477; x_wconf 76' lang='grc' dir='ltr'><strong>περιπατήσωμεν.</strong></span> 
     </span>
    </p>
   </div>
   <div class='ocr_carea' id='block_1_41' title="bbox 327 2494 1914 2569">
    <p class='ocr_par' dir='ltr' id='par_1_41' title="bbox 327 2494 1914 2569">
     <span class='ocr_line' id='line_1_41' title="bbox 327 2494 1914 2569; baseline 0.003 -20"><span class='ocrx_word' id='word_1_291' title='bbox 327 2497 473 2549; x_wconf 67' lang='grc' dir='ltr'><strong>Ἀπὸ</strong></span> <span class='ocrx_word' id='word_1_292' title='bbox 501 2497 615 2549; x_wconf 85' lang='grc' dir='ltr'><strong>τῶν</strong></span> <span class='ocrx_word' id='word_1_293' title='bbox 650 2494 985 2567; x_wconf 82' lang='grc' dir='ltr'>σωματικῶν</span> <span class='ocrx_word' id='word_1_294' title='bbox 1012 2495 1250 2549; x_wconf 85' lang='grc' dir='ltr'>δείκνυσι</span> <span class='ocrx_word' id='word_1_295' title='bbox 1288 2496 1358 2551; x_wconf 79' lang='grc' dir='ltr'>τὰ</span> <span class='ocrx_word' id='word_1_296' title='bbox 1399 2499 1766 2569; x_wconf 86' lang='grc' dir='ltr'>πνευματικά.</span> <span class='ocrx_word' id='word_1_297' title='bbox 1806 2499 1914 2559; x_wconf 75' lang='grc' dir='ltr'><strong>Καὶ</strong></span> 
     </span>
    </p>
   </div>
   <div class='ocr_carea' id='block_1_42' title="bbox 317 2586 1914 2660">
    <p class='ocr_par' dir='ltr' id='par_1_42' title="bbox 317 2586 1914 2660">
     <span class='ocr_line' id='line_1_42' title="bbox 317 2586 1914 2660; baseline 0.003 -19"><span class='ocrx_word' id='word_1_298' title='bbox 317 2592 430 2660; x_wconf 69' lang='grc' dir='ltr'><strong>γὰρ</strong></span> <span class='ocrx_word' id='word_1_299' title='bbox 473 2590 526 2642; x_wconf 81' lang='grc' dir='ltr'><strong>οἱ</strong></span> <span class='ocrx_word' id='word_1_300' title='bbox 553 2588 650 2643; x_wconf 76' lang='grc' dir='ltr'>τὸν</span> <span class='ocrx_word' id='word_1_301' title='bbox 684 2588 1009 2660; x_wconf 76' lang='grc' dir='ltr'>παράνομον</span> <span class='ocrx_word' id='word_1_302' title='bbox 1038 2588 1409 2659; x_wconf 76' lang='grc' dir='ltr'>ἀσπαζόμενοι</span> <span class='ocrx_word' id='word_1_303' title='bbox 1449 2588 1563 2659; x_wconf 79' lang='grc' dir='ltr'>βίον</span> <span class='ocrx_word' id='word_1_304' title='bbox 1587 2586 1814 2654; x_wconf 79' lang='grc' dir='ltr'>,ἐκεῖνα</span> <span class='ocrx_word' id='word_1_305' title='bbox 1856 2593 1914 2646; x_wconf 80' lang='grc' dir='ltr'>ἐν</span> 
     </span>
    </p>
   </div>
   <div class='ocr_carea' id='block_1_43' title="bbox 314 2679 1914 2754">
    <p class='ocr_par' dir='ltr' id='par_1_43' title="bbox 314 2679 1914 2754">
     <span class='ocr_line' id='line_1_43' title="bbox 314 2679 1914 2754; baseline 0.001 -19"><span class='ocrx_word' id='word_1_306' title='bbox 314 2683 479 2735; x_wconf 72' lang='grc' dir='ltr'>νυκτῖ</span> <span class='ocrx_word' id='word_1_307' title='bbox 509 2681 784 2753; x_wconf 81' lang='grc' dir='ltr'>δρῶντες,</span> <span class='ocrx_word' id='word_1_308' title='bbox 819 2680 940 2751; x_wconf 80' lang='grc' dir='ltr'>μεθ’</span> <span class='ocrx_word' id='word_1_309' title='bbox 971 2679 1184 2754; x_wconf 80' lang='grc' dir='ltr'>ἡμέραν</span> <span class='ocrx_word' id='word_1_310' title='bbox 1227 2680 1287 2734; x_wconf 84' lang='grc' dir='ltr'><strong>τὸ</strong></span> <span class='ocrx_word' id='word_1_311' title='bbox 1310 2681 1412 2751; x_wconf 70' lang='grc' dir='ltr'>τῆς</span> <span class='ocrx_word' id='word_1_312' title='bbox 1437 2681 1733 2752; x_wconf 82' lang='grc' dir='ltr'>εὐκοσμίας</span> <span class='ocrx_word' id='word_1_313' title='bbox 1760 2699 1914 2753; x_wconf 81' lang='grc' dir='ltr'>περι-</span> 
     </span>
    </p>
   </div>
   <div class='ocr_carea' id='block_1_44' title="bbox 316 2770 1913 2844">
    <p class='ocr_par' dir='ltr' id='par_1_44' title="bbox 316 2770 1913 2844">
     <span class='ocr_line' id='line_1_44' title="bbox 316 2770 1913 2844; baseline 0.001 -20"><span class='ocrx_word' id='word_1_314' title='bbox 316 2771 566 2841; x_wconf 75' lang='grc' dir='ltr'>τίθενται</span> <span class='ocrx_word' id='word_1_315' title='bbox 617 2771 828 2843; x_wconf 76' lang='grc' dir='ltr'>σχῆμα.</span> <span class='ocrx_word' id='word_1_316' title='bbox 884 2770 1145 2824; x_wconf 86' lang='grc' dir='ltr'>Βούλεται</span> <span class='ocrx_word' id='word_1_317' title='bbox 1192 2771 1408 2837; x_wconf 83' lang='grc' dir='ltr'>τοίνυν,</span> <span class='ocrx_word' id='word_1_318' title='bbox 1464 2771 1541 2835; x_wconf 84' lang='grc' dir='ltr'><strong>ὡς</strong></span> <span class='ocrx_word' id='word_1_319' title='bbox 1586 2775 1684 2844; x_wconf 86' lang='grc' dir='ltr'>τῆς</span> <span class='ocrx_word' id='word_1_320' title='bbox 1720 2771 1913 2837; x_wconf 80' lang='grc' dir='ltr'>νυκτὸς</span> 
     </span>
    </p>
   </div>
   <div class='ocr_carea' id='block_1_45' title="bbox 314 2863 1912 2936">
    <p class='ocr_par' dir='ltr' id='par_1_45' title="bbox 314 2863 1912 2936">
     <span class='ocr_line' id='line_1_45' title="bbox 314 2863 1912 2936; baseline 0.001 -18"><span class='ocrx_word' id='word_1_321' title='bbox 314 2863 675 2934; x_wconf 70' lang='grc' dir='ltr'>διελθούσης,</span> <span class='ocrx_word' id='word_1_322' title='bbox 726 2864 822 2917; x_wconf 78' lang='grc' dir='ltr'>καὶ</span> <span class='ocrx_word' id='word_1_323' title='bbox 863 2866 963 2934; x_wconf 81' lang='grc' dir='ltr'><strong>τῆς</strong></span> <span class='ocrx_word' id='word_1_324' title='bbox 992 2863 1215 2931; x_wconf 80' lang='grc' dir='ltr'>ἀγνοίας</span> <span class='ocrx_word' id='word_1_325' title='bbox 1241 2863 1512 2935; x_wconf 80' lang='grc' dir='ltr'><strong>ληξάσης,</strong></span> <span class='ocrx_word' id='word_1_326' title='bbox 1560 2865 1912 2936; x_wconf 80' lang='grc' dir='ltr'><strong>ἀπηλλάχθαι</strong></span> 
     </span>
    </p>
   </div>
   <div class='ocr_carea' id='block_1_46' title="bbox 317 2954 1915 3025">
    <p class='ocr_par' dir='ltr' id='par_1_46' title="bbox 317 2954 1915 3025">
     <span class='ocr_line' id='line_1_46' title="bbox 317 2954 1915 3025; baseline 0.002 -17"><span class='ocrx_word' id='word_1_327' title='bbox 317 2954 513 3009; x_wconf 81' lang='grc' dir='ltr'>κακῶν</span> <span class='ocrx_word' id='word_1_328' title='bbox 538 2955 581 3010; x_wconf 75' lang='grc'><strong>⁸.</strong></span> <span class='ocrx_word' id='word_1_329' title='bbox 614 2955 870 3010; x_wconf 79' lang='grc' dir='ltr'>Διδάσκει</span> <span class='ocrx_word' id='word_1_330' title='bbox 910 2954 968 3008; x_wconf 79' lang='grc' dir='ltr'><strong>δὲ</strong></span> <span class='ocrx_word' id='word_1_331' title='bbox 1014 2955 1111 3008; x_wconf 71' lang='grc' dir='ltr'><strong>καὶ</strong></span> <span class='ocrx_word' id='word_1_332' title='bbox 1155 2954 1277 3008; x_wconf 87' lang='grc' dir='ltr'>τίνα</span> <span class='ocrx_word' id='word_1_333' title='bbox 1315 2954 1511 3010; x_wconf 80' lang='grc' dir='ltr'>ταῦτα.</span> <span class='ocrx_word' id='word_1_334' title='bbox 1564 2956 1661 3025; x_wconf 80' lang='grc' dir='ltr'><strong>Μὴ</strong></span> <span class='ocrx_word' id='word_1_335' title='bbox 1697 2957 1915 3025; x_wconf 82' lang='grc' dir='ltr'>κώμοις</span> 
     </span>
    </p>
   </div>
   <div class='ocr_carea' id='block_1_47' title="bbox 316 3044 1913 3116">
    <p class='ocr_par' dir='ltr' id='par_1_47' title="bbox 316 3044 1913 3116">
     <span class='ocr_line' id='line_1_47' title="bbox 316 3044 1913 3116; baseline 0.001 -17"><span class='ocrx_word' id='word_1_336' title='bbox 316 3048 415 3099; x_wconf 77' lang='grc' dir='ltr'>καὶ</span> <span class='ocrx_word' id='word_1_337' title='bbox 460 3045 703 3116; x_wconf 80' lang='grc' dir='ltr'>μέθαις,</span> <span class='ocrx_word' id='word_1_338' title='bbox 740 3044 825 3115; x_wconf 74' lang='grc' dir='ltr'><strong>μὴ</strong></span> <span class='ocrx_word' id='word_1_339' title='bbox 856 3045 1084 3110; x_wconf 84' lang='grc' dir='ltr'>κοίταις</span> <span class='ocrx_word' id='word_1_340' title='bbox 1116 3044 1218 3098; x_wconf 80' lang='grc' dir='ltr'>καὶ</span> <span class='ocrx_word' id='word_1_341' title='bbox 1247 3046 1622 3116; x_wconf 75' lang='grc' dir='ltr'>ἀσελγείαις,</span> <span class='ocrx_word' id='word_1_342' title='bbox 1647 3045 1734 3116; x_wconf 79' lang='grc' dir='ltr'>μὴ</span> <span class='ocrx_word' id='word_1_343' title='bbox 1766 3046 1913 3115; x_wconf 76' lang='grc' dir='ltr'>ἔριδι</span> 
     </span>
    </p>
   </div>
   <div class='ocr_carea' id='block_1_48' title="bbox 318 3136 1912 3209">
    <p class='ocr_par' dir='ltr' id='par_1_48' title="bbox 318 3136 1912 3209">
     <span class='ocr_line' id='line_1_48' title="bbox 318 3136 1912 3209; baseline 0 -17"><span class='ocrx_word' id='word_1_344' title='bbox 318 3140 411 3193; x_wconf 77' lang='grc' dir='ltr'>καὶ</span> <span class='ocrx_word' id='word_1_345' title='bbox 443 3136 627 3205; x_wconf 68' lang='grc' dir='ltr'>ζήλῳ.</span> <span class='ocrx_word' id='word_1_346' title='bbox 656 3136 957 3204; x_wconf 79' lang='grc' dir='ltr'>Κωμάζειν</span> <span class='ocrx_word' id='word_1_347' title='bbox 1000 3136 1145 3205; x_wconf 76' lang='grc' dir='ltr'>τινὲς</span> <span class='ocrx_word' id='word_1_348' title='bbox 1183 3136 1436 3192; x_wconf 73' lang='grc' dir='ltr'>εἰώθασιν</span> <span class='ocrx_word' id='word_1_349' title='bbox 1467 3138 1525 3191; x_wconf 77' lang='grc' dir='ltr'>ἐν</span> <span class='ocrx_word' id='word_1_350' title='bbox 1568 3140 1912 3209; x_wconf 84' lang='grc' dir='ltr'>συμποσίοις,</span> 
     </span>
    </p>
   </div>
   <div class='ocr_carea' id='block_1_49' title="bbox 318 3227 1913 3305">
    <p class='ocr_par' dir='ltr' id='par_1_49' title="bbox 318 3227 1913 3305">
     <span class='ocr_line' id='line_1_49' title="bbox 318 3227 1913 3305; baseline -0.001 -22"><span class='ocrx_word' id='word_1_351' title='bbox 318 3232 411 3283; x_wconf 69' lang='grc' dir='ltr'>καὶ</span> <span class='ocrx_word' id='word_1_352' title='bbox 439 3231 696 3300; x_wconf 81' lang='grc' dir='ltr'>αἰσχροῖς</span> <span class='ocrx_word' id='word_1_353' title='bbox 744 3228 955 3300; x_wconf 76' lang='grc' dir='ltr'>ᾅσμασι</span> <span class='ocrx_word' id='word_1_354' title='bbox 986 3227 1382 3298; x_wconf 85' lang='grc' dir='ltr'>καταμολύνειν</span> <span class='ocrx_word' id='word_1_355' title='bbox 1428 3227 1526 3305; x_wconf 73' lang='grc' dir='ltr'>τὴν</span> <span class='ocrx_word' id='word_1_356' title='bbox 1570 3227 1845 3298; x_wconf 75' lang='grc' dir='ltr'>γλῶτταψ</span> <span class='ocrx_word' id='word_1_357' title='bbox 1880 3230 1913 3301; x_wconf 83' lang='grc' dir='ltr'><strong>ἡ</strong></span> 
     </span>
    </p>
   </div>
   <div class='ocr_carea' id='block_1_50' title="bbox 325 3319 1915 3396">
    <p class='ocr_par' dir='ltr' id='par_1_50' title="bbox 325 3319 1915 3396">
     <span class='ocr_line' id='line_1_50' title="bbox 325 3319 1915 3396; baseline -0.002 -19"><span class='ocrx_word' id='word_1_358' title='bbox 325 3322 554 3394; x_wconf 74' lang='grc' dir='ltr'>μέθη-δὲ</span> <span class='ocrx_word' id='word_1_359' title='bbox 584 3320 800 3396; x_wconf 79' lang='grc' dir='ltr'>τούτων</span> <span class='ocrx_word' id='word_1_360' title='bbox 830 3319 1114 3393; x_wconf 85' lang='grc' dir='ltr'>πρόξενος,</span> <span class='ocrx_word' id='word_1_361' title='bbox 1150 3320 1247 3374; x_wconf 73' lang='grc' dir='ltr'><strong>καὶ</strong></span> <span class='ocrx_word' id='word_1_362' title='bbox 1291 3320 1474 3390; x_wconf 84' lang='grc' dir='ltr'>μέντοι</span> <span class='ocrx_word' id='word_1_363' title='bbox 1501 3320 1594 3373; x_wconf 78' lang='grc' dir='ltr'><strong>καὶ</strong></span> <span class='ocrx_word' id='word_1_364' title='bbox 1627 3321 1915 3388; x_wconf 79' lang='grc' dir='ltr'>ἀσελγείας</span> 
     </span>
    </p>
   </div>
   <div class='ocr_carea' id='block_1_51' title="bbox 324 3410 1912 3484">
    <p class='ocr_par' dir='ltr' id='par_1_51' title="bbox 324 3410 1912 3484">
     <span class='ocr_line' id='line_1_51' title="bbox 324 3410 1912 3484; baseline -0.001 -17"><span class='ocrx_word' id='word_1_365' title='bbox 324 3413 461 3483; x_wconf 66' lang='grc' dir='ltr'>αῦτη</span> <span class='ocrx_word' id='word_1_366' title='bbox 515 3414 749 3484; x_wconf 77' lang='grc' dir='ltr'>μήτηρ,</span> <span class='ocrx_word' id='word_1_367' title='bbox 818 3411 913 3465; x_wconf 72' lang='grc' dir='ltr'>καὶ</span> <span class='ocrx_word' id='word_1_368' title='bbox 972 3411 1147 3483; x_wconf 75' lang='grc' dir='ltr'>ἔριδος</span> <span class='ocrx_word' id='word_1_369' title='bbox 1220 3411 1314 3466; x_wconf 79' lang='grc' dir='ltr'><strong>καὶ</strong></span> <span class='ocrx_word' id='word_1_370' title='bbox 1373 3410 1706 3481; x_wconf 80' lang='grc' dir='ltr'>φιλονεικίας</span> <span class='ocrx_word' id='word_1_371' title='bbox 1765 3411 1912 3466; x_wconf 81' lang='grc' dir='ltr'>διδά-</span> 
     </span>
    </p>
   </div>
   <div class='ocr_carea' id='block_1_52' title="bbox 333 3506 977 3568">
    <p class='ocr_par' dir='ltr' id='par_1_52' title="bbox 333 3506 977 3568">
     <span class='ocr_line' id='line_1_52' title="bbox 333 3506 977 3568; baseline 0 -11"><span class='ocrx_word' id='word_1_372' title='bbox 333 3506 491 3559; x_wconf 67' lang='grc' dir='ltr'>σκαλο</span> <span class='ocrx_word' id='word_1_373' title='bbox 499 3523 539 3568; x_wconf 87' lang='lat'><strong>;.</strong></span> <span class='ocrx_word' id='word_1_374' title='bbox 974 3510 977 3513; x_wconf 86' lang='grc'><em>’</em></span> 
     </span>
    </p>
   </div>
   <div class='ocr_carea' id='block_1_53' title="bbox 406 3591 1916 3665">
    <p class='ocr_par' dir='ltr' id='par_1_53' title="bbox 406 3591 1916 3665">
     <span class='ocr_line' id='line_1_53' title="bbox 406 3591 1916 3665; baseline -0.003 -15"><span class='ocrx_word' id='word_1_375' title='bbox 406 3599 481 3650; x_wconf 81' lang='grc' dir='ltr'>ιδ’.</span> <span class='ocrx_word' id='word_1_376' title='bbox 520 3595 691 3652; x_wconf 68' lang='grc' dir='ltr'><strong>Ἀλλ’</strong></span> <span class='ocrx_word' id='word_1_377' title='bbox 720 3595 1070 3649; x_wconf 78' lang='grc' dir='ltr'>ἐνδύσασθε</span> <span class='ocrx_word' id='word_1_378' title='bbox 1099 3593 1206 3655; x_wconf 72' lang='grc' dir='ltr'><strong>τὸν</strong></span> <span class='ocrx_word' id='word_1_379' title='bbox 1245 3595 1467 3665; x_wconf 80' lang='grc' dir='ltr'>Κύριον</span> <span class='ocrx_word' id='word_1_380' title='bbox 1516 3591 1756 3663; x_wconf 79' lang='grc' dir='ltr'>Ἰησοῦν</span> <span class='ocrx_word' id='word_1_381' title='bbox 1782 3596 1916 3661; x_wconf 81' lang='grc' dir='ltr'>Χρι-</span> 
     </span>
    </p>
   </div>
   <div class='ocr_carea' id='block_1_54' title="bbox 348 3683 1914 3758">
    <p class='ocr_par' dir='ltr' id='par_1_54' title="bbox 348 3683 1914 3758">
     <span class='ocr_line' id='line_1_54' title="bbox 348 3683 1914 3758; baseline -0.001 -19"><span class='ocrx_word' id='word_1_382' title='bbox 348 3689 521 3740; x_wconf 57' lang='grc' dir='ltr'>στόν</span> <span class='ocrx_word' id='word_1_383' title='bbox 555 3689 655 3758; x_wconf 77' lang='grc' dir='ltr'><strong>οὐχ</strong></span> <span class='ocrx_word' id='word_1_384' title='bbox 701 3686 794 3740; x_wconf 82' lang='grc' dir='ltr'>ἵνα</span> <span class='ocrx_word' id='word_1_385' title='bbox 822 3684 952 3739; x_wconf 80' lang='grc' dir='ltr'>ἄλλο</span> <span class='ocrx_word' id='word_1_386' title='bbox 979 3685 1239 3751; x_wconf 76' lang='grc' dir='ltr'>δέξωνται</span> <span class='ocrx_word' id='word_1_387' title='bbox 1285 3685 1590 3756; x_wconf 82' lang='grc' dir='ltr'>βάπτισμα,</span> <span class='ocrx_word' id='word_1_388' title='bbox 1627 3684 1743 3739; x_wconf 85' lang='grc' dir='ltr'>ἀλλ’</span> <span class='ocrx_word' id='word_1_389' title='bbox 1769 3684 1857 3739; x_wconf 65' lang='lat' dir='ltr'><strong>[vat</strong></span> <span class='ocrx_word' id='word_1_390' title='bbox 1884 3683 1914 3738; x_wconf 82' lang='grc' dir='ltr'><strong>ὃ</strong></span> 
     </span>
    </p>
   </div>
   <div class='ocr_carea' id='block_1_55' title="bbox 348 3774 1914 3848">
    <p class='ocr_par' dir='ltr' id='par_1_55' title="bbox 348 3774 1914 3848">
     <span class='ocr_line' id='line_1_55' title="bbox 348 3774 1914 3848; baseline -0.001 -18"><span class='ocrx_word' id='word_1_391' title='bbox 348 3774 665 3848; x_wconf 61' lang='grc' dir='ltr'>περίκεινται</span> <span class='ocrx_word' id='word_1_392' title='bbox 712 3776 931 3847; x_wconf 76' lang='grc' dir='ltr'>ἱμάτιον</span> <span class='ocrx_word' id='word_1_393' title='bbox 977 3776 1154 3832; x_wconf 82' lang='grc' dir='ltr'>ῐδωσι.</span> <span class='ocrx_word' id='word_1_394' title='bbox 1199 3776 1309 3831; x_wconf 73' lang='grc' dir='ltr'><strong>Καὶ</strong></span> <span class='ocrx_word' id='word_1_395' title='bbox 1353 3776 1465 3846; x_wconf 81' lang='grc' dir='ltr'>τῆς</span> <span class='ocrx_word' id='word_1_396' title='bbox 1503 3776 1731 3844; x_wconf 87' lang='grc' dir='ltr'>σαρκὸς</span> <span class='ocrx_word' id='word_1_397' title='bbox 1769 3778 1914 3844; x_wconf 79' lang='grc' dir='ltr'>πρό-</span> 
     </span>
    </p>
   </div>
   <div class='ocr_carea' id='block_1_56' title="bbox 336 3867 1913 3943">
    <p class='ocr_par' dir='ltr' id='par_1_56' title="bbox 336 3867 1913 3943">
     <span class='ocr_line' id='line_1_56' title="bbox 336 3867 1913 3943; baseline -0.003 -19"><span class='ocrx_word' id='word_1_398' title='bbox 336 3885 499 3924; x_wconf 75' lang='lat' dir='ltr'><strong>mar</strong></span> <span class='ocrx_word' id='word_1_399' title='bbox 506 3869 604 3940; x_wconf 78' lang='grc' dir='ltr'>μὴ’</span> <span class='ocrx_word' id='word_1_400' title='bbox 617 3868 893 3943; x_wconf 78' lang='grc' dir='ltr'>ποιεῖσθε</span> <span class='ocrx_word' id='word_1_401' title='bbox 907 3870 996 3935; x_wconf 81' lang='grc' dir='ltr'><strong>είς</strong></span> <span class='ocrx_word' id='word_1_402' title='bbox 1020 3868 1356 3938; x_wconf 80' lang='grc' dir='ltr'>ἐπιθυμίας.</span> <span class='ocrx_word' id='word_1_403' title='bbox 1393 3867 1661 3922; x_wconf 80' lang='grc' dir='ltr'>Ἐνταῦθα</span> <span class='ocrx_word' id='word_1_404' title='bbox 1686 3868 1781 3922; x_wconf 75' lang='grc' dir='ltr'><strong>καὶ</strong></span> <span class='ocrx_word' id='word_1_405' title='bbox 1804 3868 1913 3922; x_wconf 86' lang='grc' dir='ltr'><strong>τῶν</strong></span> 
     </span>
    </p>
   </div>
   <div class='ocr_carea' id='block_1_57' title="bbox 329 3958 1913 4032">
    <p class='ocr_par' dir='ltr' id='par_1_57' title="bbox 329 3958 1913 4032">
     <span class='ocr_line' id='line_1_57' title="bbox 329 3958 1913 4032; baseline -0.001 -18"><span class='ocrx_word' id='word_1_406' title='bbox 329 3960 423 4030; x_wconf 76' lang='grc' dir='ltr'><strong>τῆς</strong></span> <span class='ocrx_word' id='word_1_407' title='bbox 471 3960 679 4032; x_wconf 79' lang='grc' dir='ltr'>σαρκδς</span> <span class='ocrx_word' id='word_1_408' title='bbox 729 3958 1188 4032; x_wconf 80' lang='grc' dir='ltr'>κατηγορούντων</span> <span class='ocrx_word' id='word_1_409' title='bbox 1239 3959 1534 4030; x_wconf 85' lang='grc' dir='ltr'>αἱρετικῶν</span> <span class='ocrx_word' id='word_1_410' title='bbox 1607 3959 1913 4031; x_wconf 75' lang='grc' dir='ltr'>ἐμφράττει</span> 
     </span>
    </p>
   </div>
   <div class='ocr_carea' id='block_1_58' title="bbox 324 4051 1916 4125">
    <p class='ocr_par' dir='ltr' id='par_1_58' title="bbox 324 4051 1916 4125">
     <span class='ocr_line' id='line_1_58' title="bbox 324 4051 1916 4125; baseline -0.001 -19"><span class='ocrx_word' id='word_1_411' title='bbox 324 4055 392 4108; x_wconf 70' lang='grc' dir='ltr'>τὰ</span> <span class='ocrx_word' id='word_1_412' title='bbox 418 4053 691 4125; x_wconf 84' lang='grc' dir='ltr'>στόματα.</span> <span class='ocrx_word' id='word_1_413' title='bbox 743 4054 821 4107; x_wconf 87' lang='grc' dir='ltr'><strong>Οὐ</strong></span> <span class='ocrx_word' id='word_1_414' title='bbox 850 4053 961 4124; x_wconf 84' lang='grc' dir='ltr'>γὰρ</span> <span class='ocrx_word' id='word_1_415' title='bbox 1005 4052 1355 4124; x_wconf 85' lang='grc' dir='ltr'>ἀπηγόρευσε</span> <span class='ocrx_word' id='word_1_416' title='bbox 1397 4051 1495 4124; x_wconf 84' lang='grc' dir='ltr'>τὴν</span> <span class='ocrx_word' id='word_1_417' title='bbox 1536 4053 1631 4106; x_wconf 83' lang='grc' dir='ltr'>τοῦ</span> <span class='ocrx_word' id='word_1_418' title='bbox 1664 4051 1916 4122; x_wconf 85' lang='grc' dir='ltr'>σώματος</span> 
     </span>
    </p>
   </div>
   <div class='ocr_carea' id='block_1_59' title="bbox 323 4143 1914 4216">
    <p class='ocr_par' dir='ltr' id='par_1_59' title="bbox 323 4143 1914 4216">
     <span class='ocr_line' id='line_1_59' title="bbox 323 4143 1914 4216; baseline -0.001 -17"><span class='ocrx_word' id='word_1_419' title='bbox 323 4145 651 4215; x_wconf 64' lang='grc' dir='ltr'>ἐπιμέλειαν</span> <span class='ocrx_word' id='word_1_420' title='bbox 676 4186 693 4212; x_wconf 92' lang='grc'><strong>,</strong></span> <span class='ocrx_word' id='word_1_421' title='bbox 739 4143 883 4199; x_wconf 86' lang='grc' dir='ltr'><strong>ἀλλά</strong></span> <span class='ocrx_word' id='word_1_422' title='bbox 931 4143 1033 4215; x_wconf 84' lang='grc' dir='ltr'>τὴν</span> <span class='ocrx_word' id='word_1_423' title='bbox 1091 4144 1303 4215; x_wconf 77' lang='grc' dir='ltr'>τρυφὴν</span> <span class='ocrx_word' id='word_1_424' title='bbox 1356 4146 1449 4197; x_wconf 73' lang='grc' dir='ltr'>καὶ</span> <span class='ocrx_word' id='word_1_425' title='bbox 1494 4144 1594 4216; x_wconf 79' lang='grc' dir='ltr'><strong>τὴν</strong></span> <span class='ocrx_word' id='word_1_426' title='bbox 1640 4144 1914 4215; x_wconf 83' lang='grc' dir='ltr'>ἀκρασίαν</span> 
     </span>
    </p>
   </div>
   <div class='ocr_carea' id='block_1_60' title="bbox 322 4231 1915 4308">
    <p class='ocr_par' dir='ltr' id='par_1_60' title="bbox 322 4231 1915 4308">
     <span class='ocr_line' id='line_1_60' title="bbox 322 4231 1915 4308; baseline -0.001 -16"><span class='ocrx_word' id='word_1_427' title='bbox 322 4238 599 4303; x_wconf 72' lang='grc' dir='ltr'>ἐξέϐαλεν.</span> <span class='ocrx_word' id='word_1_428' title='bbox 642 4237 720 4290; x_wconf 79' lang='grc' dir='ltr'><strong>Οὐ</strong></span> <span class='ocrx_word' id='word_1_429' title='bbox 756 4236 867 4307; x_wconf 81' lang='grc' dir='ltr'><strong>γὰρ</strong></span> <span class='ocrx_word' id='word_1_430' title='bbox 911 4231 1068 4290; x_wconf 77' lang='grc' dir='ltr'>εἴπεο</span> <span class='ocrx_word' id='word_1_431' title='bbox 1110 4236 1203 4307; x_wconf 79' lang='grc' dir='ltr'><strong>Μὴ</strong></span> <span class='ocrx_word' id='word_1_432' title='bbox 1242 4236 1522 4290; x_wconf 72' lang='grc' dir='ltr'><strong>ποιεῖσθεΙ</strong></span> <span class='ocrx_word' id='word_1_433' title='bbox 1568 4236 1667 4306; x_wconf 79' lang='grc' dir='ltr'>τῆς</span> <span class='ocrx_word' id='word_1_434' title='bbox 1713 4236 1915 4308; x_wconf 84' lang='grc' dir='ltr'>σαρκὸς</span> 
     </span>
    </p>
   </div>
   <div class='ocr_carea' id='block_1_61' title="bbox 323 4328 1915 4401">
    <p class='ocr_par' dir='ltr' id='par_1_61' title="bbox 323 4328 1915 4401">
     <span class='ocr_line' id='line_1_61' title="bbox 323 4328 1915 4401; baseline -0.001 -20"><span class='ocrx_word' id='word_1_435' title='bbox 323 4329 606 4401; x_wconf 76' lang='grc' dir='ltr'>πρόνοιαν,</span> <span class='ocrx_word' id='word_1_436' title='bbox 646 4328 788 4394; x_wconf 84' lang='grc' dir='ltr'>ἀλλ’,</span> <span class='ocrx_word' id='word_1_437' title='bbox 828 4329 933 4395; x_wconf 77' lang='grc' dir='ltr'><strong>Εἰς</strong></span> <span class='ocrx_word' id='word_1_438' title='bbox 960 4328 1318 4398; x_wconf 79' lang='grc' dir='ltr'>ἐπιθυμίας⁶</span> <span class='ocrx_word' id='word_1_439' title='bbox 1349 4328 1435 4398; x_wconf 78' lang='grc' dir='ltr'>μὴ</span> <span class='ocrx_word' id='word_1_440' title='bbox 1460 4328 1759 4383; x_wconf 80' lang='grc' dir='ltr'>ποιεῖσθε·</span> <span class='ocrx_word' id='word_1_441' title='bbox 1795 4328 1915 4382; x_wconf 79' lang='grc' dir='ltr'>ἀντὶ</span> 
     </span>
    </p>
   </div>
   <div class='ocr_carea' id='block_1_62' title="bbox 320 4420 1913 4491">
    <p class='ocr_par' dir='ltr' id='par_1_62' title="bbox 320 4420 1913 4491">
     <span class='ocr_line' id='line_1_62' title="bbox 320 4420 1913 4491; baseline -0.001 -17"><span class='ocrx_word' id='word_1_442' title='bbox 320 4420 453 4487; x_wconf 77' lang='grc' dir='ltr'>τοῦ,</span> <span class='ocrx_word' id='word_1_443' title='bbox 505 4422 605 4491; x_wconf 80' lang='grc' dir='ltr'><strong>Μὴ</strong></span> <span class='ocrx_word' id='word_1_444' title='bbox 661 4421 893 4491; x_wconf 79' lang='grc' dir='ltr'>σκιρτᾷν</span> <span class='ocrx_word' id='word_1_445' title='bbox 948 4420 1117 4491; x_wconf 76' lang='grc' dir='ltr'>αὐτὴν</span> <span class='ocrx_word' id='word_1_446' title='bbox 1165 4420 1618 4491; x_wconf 75' lang='grc' dir='ltr'>παρασκευάζετε</span> <span class='ocrx_word' id='word_1_447' title='bbox 1681 4421 1771 4474; x_wconf 85' lang='grc' dir='ltr'><strong>διὰ</strong></span> <span class='ocrx_word' id='word_1_448' title='bbox 1815 4421 1913 4491; x_wconf 73' lang='grc' dir='ltr'>τῆς</span> 
     </span>
    </p>
   </div>
   <div class='ocr_carea' id='block_1_63' title="bbox 2019 1951 3595 2019">
    <p class='ocr_par' dir='ltr' id='par_1_63' title="bbox 2019 1951 3595 2019">
     <span class='ocr_line' id='line_1_63' title="bbox 2019 1951 3595 2019; baseline -0.003 -11"><span class='ocrx_word' id='word_1_449' title='bbox 2019 1955 2272 2019; x_wconf 85' lang='lat' dir='ltr'><strong>brarum,</strong></span> <span class='ocrx_word' id='word_1_450' title='bbox 2304 1964 2352 2009; x_wconf 89' lang='lat' dir='ltr'><strong>et</strong></span> <span class='ocrx_word' id='word_1_451' title='bbox 2404 1953 2690 2008; x_wconf 83' lang='lat' dir='ltr'><strong>induamus</strong></span> <span class='ocrx_word' id='word_1_452' title='bbox 2742 1968 2894 2006; x_wconf 89' lang='lat' dir='ltr'><strong>arma</strong></span> <span class='ocrx_word' id='word_1_453' title='bbox 2941 1953 3093 2007; x_wconf 88' lang='lat' dir='ltr'><strong>lucis.</strong></span> <span class='ocrx_word' id='word_1_454' title='bbox 3131 1951 3393 2007; x_wconf 77' lang='lat' dir='ltr'><strong>Tenebras</strong></span> <span class='ocrx_word' id='word_1_455' title='bbox 3440 1961 3595 2006; x_wconf 77' lang='lat' dir='ltr'><strong>vocat</strong></span> 
     </span>
    </p>
   </div>
   <div class='ocr_carea' id='block_1_64' title="bbox 2016 2043 3589 2118">
    <p class='ocr_par' dir='ltr' id='par_1_64' title="bbox 2016 2043 3589 2118">
     <span class='ocr_line' id='line_1_64' title="bbox 2016 2043 3589 2118; baseline -0.004 -17"><span class='ocrx_word' id='word_1_456' title='bbox 2016 2046 2382 2118; x_wconf 82' lang='lat' dir='ltr'><strong>ignorantiam</strong></span> <span class='ocrx_word' id='word_1_457' title='bbox 2406 2063 2425 2113; x_wconf 87' lang='lat'><strong>;</strong></span> <span class='ocrx_word' id='word_1_458' title='bbox 2454 2063 2616 2116; x_wconf 85' lang='lat' dir='ltr'><strong>opera</strong></span> <span class='ocrx_word' id='word_1_459' title='bbox 2645 2052 2832 2099; x_wconf 89' lang='lat' dir='ltr'><strong>autem</strong></span> <span class='ocrx_word' id='word_1_460' title='bbox 2881 2043 3212 2099; x_wconf 85' lang='lat' dir='ltr'><strong>tenebrarum</strong></span> <span class='ocrx_word' id='word_1_461' title='bbox 3235 2083 3251 2110; x_wconf 91' lang='lat'><strong>,</strong></span> <span class='ocrx_word' id='word_1_462' title='bbox 3301 2043 3589 2114; x_wconf 84' lang='lat' dir='ltr'><strong>improbas</strong></span> 
     </span>
    </p>
   </div>
   <div class='ocr_carea' id='block_1_65' title="bbox 2016 2126 3595 2208">
    <p class='ocr_par' dir='ltr' id='par_1_65' title="bbox 2016 2126 3595 2208">
     <span class='ocr_line' id='line_1_65' title="bbox 2016 2126 3595 2208; baseline -0.006 -14"><span class='ocrx_word' id='word_1_463' title='bbox 2016 2147 2071 2194; x_wconf 87' lang='lat' dir='ltr'><strong>et</strong></span> <span class='ocrx_word' id='word_1_464' title='bbox 2124 2138 2362 2208; x_wconf 80' lang='lat' dir='ltr'><strong>injustas</strong></span> <span class='ocrx_word' id='word_1_465' title='bbox 2411 2139 2704 2202; x_wconf 86' lang='lat' dir='ltr'><strong>actiones;</strong></span> <span class='ocrx_word' id='word_1_466' title='bbox 2754 2142 2810 2190; x_wconf 86' lang='lat' dir='ltr'><strong>et</strong></span> <span class='ocrx_word' id='word_1_467' title='bbox 2862 2135 3031 2190; x_wconf 81' lang='lat' dir='ltr'><strong>lucem</strong></span> <span class='ocrx_word' id='word_1_468' title='bbox 3082 2126 3306 2205; x_wconf 83' lang='lat' dir='ltr'><strong>quidem</strong></span> <span class='ocrx_word' id='word_1_469' title='bbox 3350 2134 3595 2204; x_wconf 61' lang='lat' dir='ltr'><strong>appellit</strong></span> 
     </span>
    </p>
   </div>
   <div class='ocr_carea' id='block_1_66' title="bbox 2017 2227 3593 2297">
    <p class='ocr_par' dir='ltr' id='par_1_66' title="bbox 2017 2227 3593 2297">
     <span class='ocr_line' id='line_1_66' title="bbox 2017 2227 3593 2297; baseline -0.004 -11"><span class='ocrx_word' id='word_1_470' title='bbox 2017 2231 2302 2287; x_wconf 84' lang='lat' dir='ltr'><strong>scientiam</strong></span> <span class='ocrx_word' id='word_1_471' title='bbox 2328 2247 2344 2297; x_wconf 91' lang='lat'><strong>;</strong></span> <span class='ocrx_word' id='word_1_472' title='bbox 2370 2247 2523 2285; x_wconf 88' lang='lat' dir='ltr'><strong>arma</strong></span> <span class='ocrx_word' id='word_1_473' title='bbox 2549 2244 2681 2286; x_wconf 89' lang='lat' dir='ltr'><strong>vero</strong></span> <span class='ocrx_word' id='word_1_474' title='bbox 2702 2228 2834 2283; x_wconf 85' lang='lat' dir='ltr'><strong>lucis</strong></span> <span class='ocrx_word' id='word_1_475' title='bbox 2856 2266 2872 2294; x_wconf 88' lang='lat'><strong>,</strong></span> <span class='ocrx_word' id='word_1_476' title='bbox 2896 2229 3169 2285; x_wconf 86' lang='lat' dir='ltr'><strong>bonorum</strong></span> <span class='ocrx_word' id='word_1_477' title='bbox 3194 2227 3593 2296; x_wconf 83' lang='lat' dir='ltr'><strong>operationem.</strong></span> 
     </span>
    </p>
   </div>
   <div class='ocr_carea' id='block_1_67' title="bbox 2008 2385 3581 2475">
    <p class='ocr_par' dir='ltr' id='par_1_67' title="bbox 2008 2385 3581 2475">
     <span class='ocr_line' id='line_1_67' title="bbox 2008 2385 3581 2475; baseline -0.001 -12"><span class='ocrx_word' id='word_1_478' title='bbox 2008 2385 2027 2402; x_wconf 65' lang='grc'><em>’</em></span> <span class='ocrx_word' id='word_1_479' title='bbox 2059 2409 2251 2466; x_wconf 73' lang='lat' dir='ltr'><strong>.Vens.</strong></span> <span class='ocrx_word' id='word_1_480' title='bbox 2285 2411 2374 2465; x_wconf 77' lang='grc'><strong>15.</strong></span> <span class='ocrx_word' id='word_1_481' title='bbox 2408 2410 2560 2475; x_wconf 86' lang='lat' dir='ltr'><strong>Sicut</strong></span> <span class='ocrx_word' id='word_1_482' title='bbox 2602 2412 2657 2465; x_wconf 89' lang='lat' dir='ltr'><strong>in</strong></span> <span class='ocrx_word' id='word_1_483' title='bbox 2707 2411 2792 2464; x_wconf 88' lang='lat' dir='ltr'><strong>die</strong></span> <span class='ocrx_word' id='word_1_484' title='bbox 2843 2385 3059 2465; x_wconf 76' lang='lat' dir='ltr'><strong>honeste</strong></span> <span class='ocrx_word' id='word_1_485' title='bbox 3103 2410 3455 2466; x_wconf 78' lang='lat' dir='ltr'><strong>ambulemus.</strong></span> <span class='ocrx_word' id='word_1_486' title='bbox 3502 2408 3581 2462; x_wconf 81' lang='lat' dir='ltr'><strong>Ex</strong></span> 
     </span>
    </p>
   </div>
   <div class='ocr_carea' id='block_1_68' title="bbox 2015 2500 3589 2572">
    <p class='ocr_par' dir='ltr' id='par_1_68' title="bbox 2015 2500 3589 2572">
     <span class='ocr_line' id='line_1_68' title="bbox 2015 2500 3589 2572; baseline -0.003 -15"><span class='ocrx_word' id='word_1_487' title='bbox 2015 2501 2401 2571; x_wconf 77' lang='lat' dir='ltr'><strong>corporalibus</strong></span> <span class='ocrx_word' id='word_1_488' title='bbox 2449 2502 2695 2558; x_wconf 88' lang='lat' dir='ltr'><strong>ostendit</strong></span> <span class='ocrx_word' id='word_1_489' title='bbox 2745 2502 3041 2572; x_wconf 89' lang='lat' dir='ltr'><strong>spiritalia.</strong></span> <span class='ocrx_word' id='word_1_490' title='bbox 3093 2500 3201 2569; x_wconf 83' lang='lat' dir='ltr'><strong>Qui</strong></span> <span class='ocrx_word' id='word_1_491' title='bbox 3232 2501 3381 2557; x_wconf 91' lang='lat' dir='ltr'><strong>enim</strong></span> <span class='ocrx_word' id='word_1_492' title='bbox 3415 2501 3589 2555; x_wconf 88' lang='lat' dir='ltr'><strong>vitam</strong></span> 
     </span>
    </p>
   </div>
   <div class='ocr_carea' id='block_1_69' title="bbox 2014 2591 3587 2666">
    <p class='ocr_par' dir='ltr' id='par_1_69' title="bbox 2014 2591 3587 2666">
     <span class='ocr_line' id='line_1_69' title="bbox 2014 2591 3587 2666; baseline -0.003 -17"><span class='ocrx_word' id='word_1_493' title='bbox 2014 2594 2343 2666; x_wconf 84' lang='lat' dir='ltr'><strong>ﬂagitiosam</strong></span> <span class='ocrx_word' id='word_1_494' title='bbox 2375 2602 2576 2665; x_wconf 85' lang='lat' dir='ltr'><strong>agunt,</strong></span> <span class='ocrx_word' id='word_1_495' title='bbox 2624 2594 2715 2648; x_wconf 86' lang='lat' dir='ltr'><strong>illa</strong></span> <span class='ocrx_word' id='word_1_496' title='bbox 2748 2601 2911 2649; x_wconf 89' lang='lat' dir='ltr'><strong>noctu</strong></span> <span class='ocrx_word' id='word_1_497' title='bbox 2946 2600 3334 2664; x_wconf 88' lang='lat' dir='ltr'><strong>perpetrantes</strong></span> <span class='ocrx_word' id='word_1_498' title='bbox 3356 2630 3372 2657; x_wconf 88' lang='lat'><strong>,</strong></span> <span class='ocrx_word' id='word_1_499' title='bbox 3408 2591 3587 2646; x_wconf 89' lang='lat' dir='ltr'><strong>inter-</strong></span> 
     </span>
    </p>
   </div>
   <div class='ocr_carea' id='block_1_70' title="bbox 2016 2684 3589 2757">
    <p class='ocr_par' dir='ltr' id='par_1_70' title="bbox 2016 2684 3589 2757">
     <span class='ocr_line' id='line_1_70' title="bbox 2016 2684 3589 2757; baseline -0.003 -16"><span class='ocrx_word' id='word_1_500' title='bbox 2016 2687 2107 2741; x_wconf 89' lang='lat' dir='ltr'><strong>diu</strong></span> <span class='ocrx_word' id='word_1_501' title='bbox 2141 2686 2448 2742; x_wconf 88' lang='lat' dir='ltr'><strong>honestatis</strong></span> <span class='ocrx_word' id='word_1_502' title='bbox 2479 2684 2722 2757; x_wconf 81' lang='lat' dir='ltr'><strong>speciem</strong></span> <span class='ocrx_word' id='word_1_503' title='bbox 2755 2686 3014 2740; x_wconf 89' lang='lat' dir='ltr'><strong>induunt.</strong></span> <span class='ocrx_word' id='word_1_504' title='bbox 3050 2684 3179 2738; x_wconf 83' lang='lat' dir='ltr'><strong>Vult</strong></span> <span class='ocrx_word' id='word_1_505' title='bbox 3209 2684 3430 2754; x_wconf 88' lang='lat' dir='ltr'><strong>itaque,</strong></span> <span class='ocrx_word' id='word_1_506' title='bbox 3463 2697 3589 2737; x_wconf 91' lang='lat' dir='ltr'><strong>cum</strong></span> 
     </span>
    </p>
   </div>
   <div class='ocr_carea' id='block_1_71' title="bbox 2024 2775 3591 2848">
    <p class='ocr_par' dir='ltr' id='par_1_71' title="bbox 2024 2775 3591 2848">
     <span class='ocr_line' id='line_1_71' title="bbox 2024 2775 3591 2848; baseline -0.003 -15"><span class='ocrx_word' id='word_1_507' title='bbox 2024 2793 2130 2833; x_wconf 81' lang='lat' dir='ltr'><strong>nox</strong></span> <span class='ocrx_word' id='word_1_508' title='bbox 2161 2777 2515 2847; x_wconf 67' lang='lat' dir='ltr'><strong>praeterierit,</strong></span> <span class='ocrx_word' id='word_1_509' title='bbox 2540 2786 2595 2831; x_wconf 89' lang='lat' dir='ltr'><strong>et</strong></span> <span class='ocrx_word' id='word_1_510' title='bbox 2622 2776 2938 2848; x_wconf 80' lang='lat' dir='ltr'><strong>ignorantia</strong></span> <span class='ocrx_word' id='word_1_511' title='bbox 2960 2775 3263 2831; x_wconf 85' lang='lat' dir='ltr'><strong>cessaverit</strong></span> <span class='ocrx_word' id='word_1_512' title='bbox 3285 2815 3299 2838; x_wconf 87' lang='lat'><strong>,</strong></span> <span class='ocrx_word' id='word_1_513' title='bbox 3325 2775 3591 2830; x_wconf 85' lang='lat' dir='ltr'><strong>abstineri</strong></span> 
     </span>
    </p>
   </div>
   <div class='ocr_carea' id='block_1_72' title="bbox 2016 2866 3590 2939">
    <p class='ocr_par' dir='ltr' id='par_1_72' title="bbox 2016 2866 3590 2939">
     <span class='ocr_line' id='line_1_72' title="bbox 2016 2866 3590 2939; baseline -0.002 -16"><span class='ocrx_word' id='word_1_514' title='bbox 2016 2884 2046 2923; x_wconf 91' lang='lat' dir='ltr'><strong>a</strong></span> <span class='ocrx_word' id='word_1_515' title='bbox 2076 2869 2257 2923; x_wconf 90' lang='lat' dir='ltr'><strong>malis.</strong></span> <span class='ocrx_word' id='word_1_516' title='bbox 2294 2868 2461 2924; x_wconf 87' lang='lat' dir='ltr'><strong>Docet</strong></span> <span class='ocrx_word' id='word_1_517' title='bbox 2496 2869 2662 2923; x_wconf 91' lang='lat' dir='ltr'><strong>etiam</strong></span> <span class='ocrx_word' id='word_1_518' title='bbox 2688 2884 2942 2939; x_wconf 74' lang='lat' dir='ltr'><strong>quamam</strong></span> <span class='ocrx_word' id='word_1_519' title='bbox 2971 2884 3031 2926; x_wconf 89' lang='lat' dir='ltr'><strong>ea</strong></span> <span class='ocrx_word' id='word_1_520' title='bbox 3064 2877 3216 2924; x_wconf 90' lang='lat' dir='ltr'><strong>sunt.</strong></span> <span class='ocrx_word' id='word_1_521' title='bbox 3247 2866 3373 2922; x_wconf 88' lang='lat' dir='ltr'><strong>Non</strong></span> <span class='ocrx_word' id='word_1_522' title='bbox 3407 2869 3461 2922; x_wconf 91' lang='lat' dir='ltr'><strong>in</strong></span> <span class='ocrx_word' id='word_1_523' title='bbox 3492 2883 3590 2921; x_wconf 88' lang='lat' dir='ltr'><strong>co-</strong></span> 
     </span>
    </p>
   </div>
   <div class='ocr_carea' id='block_1_73' title="bbox 2016 2962 3591 3029">
    <p class='ocr_par' dir='ltr' id='par_1_73' title="bbox 2016 2962 3591 3029">
     <span class='ocr_line' id='line_1_73' title="bbox 2016 2962 3591 3029; baseline -0.001 -12"><span class='ocrx_word' id='word_1_524' title='bbox 2016 2962 2426 3018; x_wconf 79' lang='lat' dir='ltr'><strong>messationibus</strong></span> <span class='ocrx_word' id='word_1_525' title='bbox 2485 2974 2535 3018; x_wconf 88' lang='lat' dir='ltr'><strong>et</strong></span> <span class='ocrx_word' id='word_1_526' title='bbox 2591 2962 2959 3029; x_wconf 82' lang='lat' dir='ltr'><strong>ebrietatibus,</strong></span> <span class='ocrx_word' id='word_1_527' title='bbox 3002 2980 3108 3018; x_wconf 84' lang='lat' dir='ltr'><strong>non</strong></span> <span class='ocrx_word' id='word_1_528' title='bbox 3151 2964 3206 3017; x_wconf 87' lang='lat' dir='ltr'><strong>in</strong></span> <span class='ocrx_word' id='word_1_529' title='bbox 3239 2963 3497 3022; x_wconf 75' lang='lat' dir='ltr'><strong>cubilibus</strong></span> <span class='ocrx_word' id='word_1_530' title='bbox 3542 2972 3591 3016; x_wconf 90' lang='lat' dir='ltr'><strong>et</strong></span> 
     </span>
    </p>
   </div>
   <div class='ocr_carea' id='block_1_74' title="bbox 2016 3052 3594 3124">
    <p class='ocr_par' dir='ltr' id='par_1_74' title="bbox 2016 3052 3594 3124">
     <span class='ocr_line' id='line_1_74' title="bbox 2016 3052 3594 3124; baseline -0.001 -15"><span class='ocrx_word' id='word_1_531' title='bbox 2016 3056 2360 3124; x_wconf 87' lang='lat' dir='ltr'><strong>impudicitiis</strong></span> <span class='ocrx_word' id='word_1_532' title='bbox 2386 3096 2400 3120; x_wconf 94' lang='lat'><strong>,</strong></span> <span class='ocrx_word' id='word_1_533' title='bbox 2437 3072 2540 3111; x_wconf 88' lang='lat' dir='ltr'><strong>non</strong></span> <span class='ocrx_word' id='word_1_534' title='bbox 2572 3057 2627 3109; x_wconf 88' lang='lat' dir='ltr'><strong>in</strong></span> <span class='ocrx_word' id='word_1_535' title='bbox 2658 3056 2990 3110; x_wconf 84' lang='lat' dir='ltr'><strong>contentione</strong></span> <span class='ocrx_word' id='word_1_536' title='bbox 3014 3064 3064 3109; x_wconf 86' lang='lat' dir='ltr'><strong>et</strong></span> <span class='ocrx_word' id='word_1_537' title='bbox 3092 3055 3455 3110; x_wconf 71' lang='lat' dir='ltr'><strong>aemulatione.</strong></span> <span class='ocrx_word' id='word_1_538' title='bbox 3491 3052 3594 3109; x_wconf 84' lang='lat' dir='ltr'><strong>So-</strong></span> 
     </span>
    </p>
   </div>
   <div class='ocr_carea' id='block_1_75' title="bbox 2019 3147 3591 3217">
    <p class='ocr_par' dir='ltr' id='par_1_75' title="bbox 2019 3147 3591 3217">
     <span class='ocr_line' id='line_1_75' title="bbox 2019 3147 3591 3217; baseline -0.001 -17"><span class='ocrx_word' id='word_1_539' title='bbox 2019 3147 2134 3201; x_wconf 89' lang='lat' dir='ltr'><strong>lent</strong></span> <span class='ocrx_word' id='word_1_540' title='bbox 2181 3148 2440 3203; x_wconf 88' lang='lat' dir='ltr'><strong>nonnulli</strong></span> <span class='ocrx_word' id='word_1_541' title='bbox 2487 3148 2543 3202; x_wconf 91' lang='lat' dir='ltr'><strong>in</strong></span> <span class='ocrx_word' id='word_1_542' title='bbox 2597 3148 2874 3205; x_wconf 79' lang='lat' dir='ltr'><strong>conviviis</strong></span> <span class='ocrx_word' id='word_1_543' title='bbox 2913 3148 3170 3203; x_wconf 81' lang='lat' dir='ltr'><strong>lascivire</strong></span> <span class='ocrx_word' id='word_1_544' title='bbox 3192 3172 3233 3214; x_wconf 52' lang='grc' dir='ltr'><strong>,ιν</strong></span> <span class='ocrx_word' id='word_1_545' title='bbox 3251 3155 3307 3203; x_wconf 90' lang='lat' dir='ltr'><strong>et</strong></span> <span class='ocrx_word' id='word_1_546' title='bbox 3344 3147 3591 3217; x_wconf 82' lang='lat' dir='ltr'><strong>linguam</strong></span> 
     </span>
    </p>
   </div>
   <div class='ocr_carea' id='block_1_76' title="bbox 2019 3237 3593 3310">
    <p class='ocr_par' dir='ltr' id='par_1_76' title="bbox 2019 3237 3593 3310">
     <span class='ocr_line' id='line_1_76' title="bbox 2019 3237 3593 3310; baseline -0.001 -18"><span class='ocrx_word' id='word_1_547' title='bbox 2019 3237 2279 3307; x_wconf 82' lang='lat' dir='ltr'><strong>turpibus</strong></span> <span class='ocrx_word' id='word_1_548' title='bbox 2331 3238 2568 3294; x_wconf 84' lang='lat' dir='ltr'><strong>canticis</strong></span> <span class='ocrx_word' id='word_1_549' title='bbox 2619 3239 2910 3310; x_wconf 88' lang='lat' dir='ltr'><strong>polluere:</strong></span> <span class='ocrx_word' id='word_1_550' title='bbox 2969 3239 3165 3293; x_wconf 88' lang='lat' dir='ltr'><strong>borum</strong></span> <span class='ocrx_word' id='word_1_551' title='bbox 3203 3246 3387 3292; x_wconf 90' lang='lat' dir='ltr'><strong>autem</strong></span> <span class='ocrx_word' id='word_1_552' title='bbox 3421 3250 3593 3291; x_wconf 84' lang='lat' dir='ltr'><strong>causa</strong></span> 
     </span>
    </p>
   </div>
   <div class='ocr_carea' id='block_1_77' title="bbox 2015 3314 3589 3398">
    <p class='ocr_par' dir='ltr' id='par_1_77' title="bbox 2015 3314 3589 3398">
     <span class='ocr_line' id='line_1_77' title="bbox 2015 3314 3589 3398; baseline 0.001 -16"><span class='ocrx_word' id='word_1_553' title='bbox 2015 3335 2100 3382; x_wconf 92' lang='lat' dir='ltr'><strong>est</strong></span> <span class='ocrx_word' id='word_1_554' title='bbox 2126 3327 2397 3393; x_wconf 85' lang='lat' dir='ltr'><strong>ebrietas,</strong></span> <span class='ocrx_word' id='word_1_555' title='bbox 2430 3329 2565 3397; x_wconf 90' lang='lat' dir='ltr'><strong>quin</strong></span> <span class='ocrx_word' id='word_1_556' title='bbox 2615 3328 2735 3392; x_wconf 78' lang='lat' dir='ltr'><strong>haec</strong></span> <span class='ocrx_word' id='word_1_557' title='bbox 2765 3329 2933 3384; x_wconf 88' lang='lat' dir='ltr'><strong>etiam</strong></span> <span class='ocrx_word' id='word_1_558' title='bbox 2985 3335 3160 3382; x_wconf 88' lang='lat' dir='ltr'><strong>mater</strong></span> <span class='ocrx_word' id='word_1_559' title='bbox 3201 3314 3286 3383; x_wconf 80' lang='lat' dir='ltr'><strong>est</strong></span> <span class='ocrx_word' id='word_1_560' title='bbox 3329 3327 3589 3398; x_wconf 81' lang='lat' dir='ltr'><strong>petulan-</strong></span> 
     </span>
    </p>
   </div>
   <div class='ocr_carea' id='block_1_78' title="bbox 2017 3417 3200 3490">
    <p class='ocr_par' dir='ltr' id='par_1_78' title="bbox 2017 3417 3200 3490">
     <span class='ocr_line' id='line_1_78' title="bbox 2017 3417 3200 3490; baseline 0.003 -18"><span class='ocrx_word' id='word_1_561' title='bbox 2017 3420 2137 3478; x_wconf 82' lang='lat' dir='ltr'><strong>tiae.</strong></span> <span class='ocrx_word' id='word_1_562' title='bbox 2169 3417 2393 3489; x_wconf 89' lang='lat' dir='ltr'><strong>litisque</strong></span> <span class='ocrx_word' id='word_1_563' title='bbox 2422 3429 2478 3475; x_wconf 86' lang='lat' dir='ltr'><strong>et</strong></span> <span class='ocrx_word' id='word_1_564' title='bbox 2508 3420 2888 3476; x_wconf 85' lang='lat' dir='ltr'><strong>contentionis</strong></span> <span class='ocrx_word' id='word_1_565' title='bbox 2915 3419 3200 3490; x_wconf 83' lang='lat' dir='ltr'><strong>magistra.</strong></span> 
     </span>
    </p>
   </div>
   <div class='ocr_carea' id='block_1_79' title="bbox 2085 3592 3590 3651">
    <p class='ocr_par' dir='ltr' id='par_1_79' title="bbox 2085 3592 3590 3651">
     <span class='ocr_line' id='line_1_79' title="bbox 2085 3592 3590 3651; baseline 0 -4"><span class='ocrx_word' id='word_1_566' title='bbox 2085 3592 2253 3650; x_wconf 74' lang='lat' dir='ltr'><strong>Vens.</strong></span> <span class='ocrx_word' id='word_1_567' title='bbox 2302 3595 2388 3649; x_wconf 72' lang='grc' dir='ltr'><strong>ιι.</strong></span> <span class='ocrx_word' id='word_1_568' title='bbox 2430 3593 2534 3650; x_wconf 90' lang='lat' dir='ltr'><strong>Sed</strong></span> <span class='ocrx_word' id='word_1_569' title='bbox 2564 3594 2865 3650; x_wconf 85' lang='lat' dir='ltr'><strong>induamini</strong></span> <span class='ocrx_word' id='word_1_570' title='bbox 2898 3593 3187 3651; x_wconf 85' lang='lat' dir='ltr'><strong>Dominum</strong></span> <span class='ocrx_word' id='word_1_571' title='bbox 3215 3593 3402 3650; x_wconf 77' lang='lat' dir='ltr'><strong>Iesum</strong></span> <span class='ocrx_word' id='word_1_572' title='bbox 3431 3593 3590 3650; x_wconf 85' lang='lat' dir='ltr'><strong>Chri-</strong></span> 
     </span>
    </p>
   </div>
   <div class='ocr_carea' id='block_1_80' title="bbox 2016 3682 3709 3757">
    <p class='ocr_par' dir='ltr' id='par_1_80' title="bbox 2016 3682 3709 3757">
     <span class='ocr_line' id='line_1_80' title="bbox 2016 3682 3709 3757; baseline 0.002 -21"><span class='ocrx_word' id='word_1_573' title='bbox 2016 3692 2176 3737; x_wconf 83' lang='lat' dir='ltr'><strong>stum.</strong></span> <span class='ocrx_word' id='word_1_574' title='bbox 2213 3682 2333 3739; x_wconf 86' lang='lat' dir='ltr'><strong>Non</strong></span> <span class='ocrx_word' id='word_1_575' title='bbox 2361 3691 2421 3739; x_wconf 90' lang='lat' dir='ltr'><strong>ut</strong></span> <span class='ocrx_word' id='word_1_576' title='bbox 2452 3685 2620 3741; x_wconf 85' lang='lat' dir='ltr'><strong>alium</strong></span> <span class='ocrx_word' id='word_1_577' title='bbox 2652 3686 2987 3757; x_wconf 88' lang='lat' dir='ltr'><strong>baptismum</strong></span> <span class='ocrx_word' id='word_1_578' title='bbox 3020 3684 3364 3757; x_wconf 84' lang='lat' dir='ltr'><strong>suscipiant,</strong></span> <span class='ocrx_word' id='word_1_579' title='bbox 3404 3687 3497 3742; x_wconf 90' lang='lat' dir='ltr'><strong>sed</strong></span> <span class='ocrx_word' id='word_1_580' title='bbox 3533 3692 3592 3740; x_wconf 92' lang='lat' dir='ltr'><strong>ut</strong></span> <span class='ocrx_word' id='word_1_581' title='bbox 3706 3696 3709 3699; x_wconf 50' lang='grc' dir='ltr'><strong>λ</strong></span> 
     </span>
    </p>
   </div>
   <div class='ocr_carea' id='block_1_81' title="bbox 2013 3774 3589 3846">
    <p class='ocr_par' dir='ltr' id='par_1_81' title="bbox 2013 3774 3589 3846">
     <span class='ocr_line' id='line_1_81' title="bbox 2013 3774 3589 3846; baseline 0.001 -17"><span class='ocrx_word' id='word_1_582' title='bbox 2013 3783 2221 3831; x_wconf 81' lang='lat' dir='ltr'><strong>vestem</strong></span> <span class='ocrx_word' id='word_1_583' title='bbox 2253 3790 2362 3846; x_wconf 88' lang='lat' dir='ltr'><strong>qua</strong></span> <span class='ocrx_word' id='word_1_584' title='bbox 2398 3774 2577 3831; x_wconf 87' lang='lat' dir='ltr'><strong>induti</strong></span> <span class='ocrx_word' id='word_1_585' title='bbox 2609 3785 2740 3831; x_wconf 87' lang='lat' dir='ltr'><strong>sunt</strong></span> <span class='ocrx_word' id='word_1_586' title='bbox 2772 3776 3150 3833; x_wconf 86' lang='lat' dir='ltr'><strong>considerent.</strong></span> <span class='ocrx_word' id='word_1_587' title='bbox 3181 3775 3253 3832; x_wconf 88' lang='lat' dir='ltr'><strong>Et</strong></span> <span class='ocrx_word' id='word_1_588' title='bbox 3279 3776 3458 3831; x_wconf 87' lang='lat' dir='ltr'><strong>carnis</strong></span> <span class='ocrx_word' id='word_1_589' title='bbox 3493 3793 3589 3830; x_wconf 84' lang='lat' dir='ltr'><strong>cu-</strong></span> 
     </span>
    </p>
   </div>
   <div class='ocr_carea' id='block_1_82' title="bbox 2016 3865 3591 3936">
    <p class='ocr_par' dir='ltr' id='par_1_82' title="bbox 2016 3865 3591 3936">
     <span class='ocr_line' id='line_1_82' title="bbox 2016 3865 3591 3936; baseline 0.004 -17"><span class='ocrx_word' id='word_1_590' title='bbox 2016 3884 2132 3920; x_wconf 86' lang='lat' dir='ltr'><strong>ram</strong></span> <span class='ocrx_word' id='word_1_591' title='bbox 2179 3883 2243 3921; x_wconf 84' lang='lat' dir='ltr'><strong>ne</strong></span> <span class='ocrx_word' id='word_1_592' title='bbox 2289 3868 2521 3936; x_wconf 77' lang='lat' dir='ltr'><strong>feceritis</strong></span> <span class='ocrx_word' id='word_1_593' title='bbox 2576 3869 2630 3921; x_wconf 88' lang='lat' dir='ltr'><strong>in</strong></span> <span class='ocrx_word' id='word_1_594' title='bbox 2675 3866 2976 3922; x_wconf 81' lang='lat' dir='ltr'><strong>desideriis.</strong></span> <span class='ocrx_word' id='word_1_595' title='bbox 3037 3865 3140 3922; x_wconf 84' lang='lat' dir='ltr'><strong>Hic</strong></span> <span class='ocrx_word' id='word_1_596' title='bbox 3193 3866 3591 3925; x_wconf 71' lang='lat' dir='ltr'><strong>haereticorum</strong></span> 
     </span>
    </p>
   </div>
   <div class='ocr_carea' id='block_1_83' title="bbox 2014 3955 3589 4029">
    <p class='ocr_par' dir='ltr' id='par_1_83' title="bbox 2014 3955 3589 4029">
     <span class='ocr_line' id='line_1_83' title="bbox 2014 3955 3589 4029; baseline 0.001 -18"><span class='ocrx_word' id='word_1_597' title='bbox 2014 3957 2217 4022; x_wconf 86' lang='lat' dir='ltr'><strong>etiam,</strong></span> <span class='ocrx_word' id='word_1_598' title='bbox 2263 3955 2354 4026; x_wconf 91' lang='lat' dir='ltr'><strong>qui</strong></span> <span class='ocrx_word' id='word_1_599' title='bbox 2399 3971 2623 4029; x_wconf 87' lang='lat' dir='ltr'><strong>carnem</strong></span> <span class='ocrx_word' id='word_1_600' title='bbox 2667 3963 2966 4022; x_wconf 89' lang='lat' dir='ltr'><strong>accusant,</strong></span> <span class='ocrx_word' id='word_1_601' title='bbox 3028 3969 3126 4009; x_wconf 90' lang='lat' dir='ltr'><strong>ora</strong></span> <span class='ocrx_word' id='word_1_602' title='bbox 3173 3955 3420 4011; x_wconf 87' lang='lat' dir='ltr'><strong>obturat.</strong></span> <span class='ocrx_word' id='word_1_603' title='bbox 3478 3955 3589 4012; x_wconf 79' lang='lat' dir='ltr'><strong>Ne-</strong></span> 
     </span>
    </p>
   </div>
   <div class='ocr_carea' id='block_1_84' title="bbox 2015 4048 3587 4125">
    <p class='ocr_par' dir='ltr' id='par_1_84' title="bbox 2015 4048 3587 4125">
     <span class='ocr_line' id='line_1_84' title="bbox 2015 4048 3587 4125; baseline -0.002 -22"><span class='ocrx_word' id='word_1_604' title='bbox 2015 4065 2123 4120; x_wconf 88' lang='lat' dir='ltr'><strong>que</strong></span> <span class='ocrx_word' id='word_1_605' title='bbox 2168 4049 2314 4105; x_wconf 90' lang='lat' dir='ltr'><strong>enim</strong></span> <span class='ocrx_word' id='word_1_606' title='bbox 2372 4048 2653 4119; x_wconf 86' lang='lat' dir='ltr'><strong>prohibuit</strong></span> <span class='ocrx_word' id='word_1_607' title='bbox 2707 4048 3006 4125; x_wconf 85' lang='lat' dir='ltr'><strong>quominus</strong></span> <span class='ocrx_word' id='word_1_608' title='bbox 3054 4048 3239 4104; x_wconf 87' lang='lat' dir='ltr'><strong>carnis</strong></span> <span class='ocrx_word' id='word_1_609' title='bbox 3295 4062 3433 4103; x_wconf 86' lang='lat' dir='ltr'><strong>cura</strong></span> <span class='ocrx_word' id='word_1_610' title='bbox 3502 4062 3587 4118; x_wconf 77' lang='lat' dir='ltr'><strong>ge-</strong></span> 
     </span>
    </p>
   </div>
   <div class='ocr_carea' id='block_1_85' title="bbox 2016 4138 3586 4210">
    <p class='ocr_par' dir='ltr' id='par_1_85' title="bbox 2016 4138 3586 4210">
     <span class='ocr_line' id='line_1_85' title="bbox 2016 4138 3586 4210; baseline 0.001 -15"><span class='ocrx_word' id='word_1_611' title='bbox 2016 4149 2218 4195; x_wconf 86' lang='lat' dir='ltr'><strong>ratur:</strong></span> <span class='ocrx_word' id='word_1_612' title='bbox 2272 4140 2369 4195; x_wconf 87' lang='lat' dir='ltr'><strong>sed</strong></span> <span class='ocrx_word' id='word_1_613' title='bbox 2417 4138 2648 4194; x_wconf 85' lang='lat' dir='ltr'><strong>delicias</strong></span> <span class='ocrx_word' id='word_1_614' title='bbox 2701 4151 2756 4195; x_wconf 87' lang='lat' dir='ltr'><strong>et</strong></span> <span class='ocrx_word' id='word_1_615' title='bbox 2806 4138 3289 4210; x_wconf 87' lang='lat' dir='ltr'><strong>intemperantiam</strong></span> <span class='ocrx_word' id='word_1_616' title='bbox 3349 4139 3586 4209; x_wconf 84' lang='lat' dir='ltr'><strong>expulit.</strong></span> 
     </span>
    </p>
   </div>
   <div class='ocr_carea' id='block_1_86' title="bbox 2015 4230 3588 4302">
    <p class='ocr_par' dir='ltr' id='par_1_86' title="bbox 2015 4230 3588 4302">
     <span class='ocr_line' id='line_1_86' title="bbox 2015 4230 3588 4302; baseline 0 -17"><span class='ocrx_word' id='word_1_617' title='bbox 2015 4230 2133 4285; x_wconf 81' lang='lat' dir='ltr'><strong>Non</strong></span> <span class='ocrx_word' id='word_1_618' title='bbox 2165 4230 2311 4285; x_wconf 92' lang='lat' dir='ltr'><strong>enim</strong></span> <span class='ocrx_word' id='word_1_619' title='bbox 2345 4231 2519 4285; x_wconf 83' lang='lat' dir='ltr'><strong>dixit:</strong></span> <span class='ocrx_word' id='word_1_620' title='bbox 2573 4232 2655 4287; x_wconf 84' lang='lat' dir='ltr'><strong>Ne</strong></span> <span class='ocrx_word' id='word_1_621' title='bbox 2709 4234 2895 4287; x_wconf 89' lang='lat' dir='ltr'><strong>carnis</strong></span> <span class='ocrx_word' id='word_1_622' title='bbox 2950 4247 3140 4301; x_wconf 87' lang='lat' dir='ltr'><strong>curam</strong></span> <span class='ocrx_word' id='word_1_623' title='bbox 3197 4232 3437 4302; x_wconf 79' lang='lat' dir='ltr'><strong>geratis,</strong></span> <span class='ocrx_word' id='word_1_624' title='bbox 3490 4233 3588 4287; x_wconf 86' lang='lat' dir='ltr'><strong>sed</strong></span> 
     </span>
    </p>
   </div>
   <div class='ocr_carea' id='block_1_87' title="bbox 2017 4321 3590 4393">
    <p class='ocr_par' dir='ltr' id='par_1_87' title="bbox 2017 4321 3590 4393">
     <span class='ocr_line' id='line_1_87' title="bbox 2017 4321 3590 4393; baseline -0.001 -16"><span class='ocrx_word' id='word_1_625' title='bbox 2017 4338 2085 4377; x_wconf 90' lang='lat' dir='ltr'><strong>ne</strong></span> <span class='ocrx_word' id='word_1_626' title='bbox 2133 4322 2199 4376; x_wconf 91' lang='lat' dir='ltr'><strong>ad</strong></span> <span class='ocrx_word' id='word_1_627' title='bbox 2236 4321 2395 4393; x_wconf 61' lang='lat'><strong>140</strong></span> <span class='ocrx_word' id='word_1_628' title='bbox 2424 4323 2906 4392; x_wconf 86' lang='lat' dir='ltr'><strong>concupiscentias</strong></span> <span class='ocrx_word' id='word_1_629' title='bbox 2952 4323 3270 4393; x_wconf 86' lang='lat' dir='ltr'><strong>gesseritis,</strong></span> <span class='ocrx_word' id='word_1_630' title='bbox 3316 4322 3424 4378; x_wconf 87' lang='lat' dir='ltr'><strong>hoc</strong></span> <span class='ocrx_word' id='word_1_631' title='bbox 3467 4331 3590 4386; x_wconf 87' lang='lat' dir='ltr'><strong>est,</strong></span> 
     </span>
    </p>
   </div>
   <div class='ocr_carea' id='block_1_88' title="bbox 2016 4411 3593 4484">
    <p class='ocr_par' dir='ltr' id='par_1_88' title="bbox 2016 4411 3593 4484">
     <span class='ocr_line' id='line_1_88' title="bbox 2016 4411 3593 4484; baseline 0.001 -17"><span class='ocrx_word' id='word_1_632' title='bbox 2016 4411 2096 4467; x_wconf 85' lang='lat' dir='ltr'><strong>Ne</strong></span> <span class='ocrx_word' id='word_1_633' title='bbox 2122 4412 2269 4466; x_wconf 87' lang='lat' dir='ltr'><strong>illam</strong></span> <span class='ocrx_word' id='word_1_634' title='bbox 2302 4428 2400 4483; x_wconf 88' lang='lat' dir='ltr'><strong>per</strong></span> <span class='ocrx_word' id='word_1_635' title='bbox 2425 4412 2655 4469; x_wconf 85' lang='lat' dir='ltr'><strong>delicias</strong></span> <span class='ocrx_word' id='word_1_636' title='bbox 2684 4414 2959 4470; x_wconf 77' lang='lat' dir='ltr'><strong>exsultare</strong></span> <span class='ocrx_word' id='word_1_637' title='bbox 2988 4412 3226 4469; x_wconf 84' lang='lat' dir='ltr'><strong>faciatis.</strong></span> <span class='ocrx_word' id='word_1_638' title='bbox 3250 4412 3349 4468; x_wconf 84' lang='lat' dir='ltr'><strong>His</strong></span> <span class='ocrx_word' id='word_1_639' title='bbox 3369 4428 3498 4484; x_wconf 85' lang='lat' dir='ltr'><strong>ergo</strong></span> <span class='ocrx_word' id='word_1_640' title='bbox 3524 4412 3593 4469; x_wconf 86' lang='lat' dir='ltr'><strong>de</strong></span> 
     </span>
    </p>
   </div>
   <div class='ocr_carea' id='block_1_89' title="bbox 319 4502 1934 4584">
    <p class='ocr_par' dir='ltr' id='par_1_89' title="bbox 319 4510 1911 4584">
     <span class='ocr_line' id='line_1_89' title="bbox 319 4510 1911 4584; baseline 0 -19"><span class='ocrx_word' id='word_1_641' title='bbox 319 4514 556 4584; x_wconf 73' lang='grc' dir='ltr'>τρυφῆς.</span> <span class='ocrx_word' id='word_1_642' title='bbox 589 4511 787 4566; x_wconf 80' lang='grc' dir='ltr'>Ταῦτα</span> <span class='ocrx_word' id='word_1_643' title='bbox 826 4511 991 4565; x_wconf 85' lang='grc' dir='ltr'>πάλιν</span> <span class='ocrx_word' id='word_1_644' title='bbox 1031 4511 1161 4582; x_wconf 71' lang='grc' dir='ltr'>περὶ</span> <span class='ocrx_word' id='word_1_645' title='bbox 1203 4512 1304 4582; x_wconf 84' lang='grc' dir='ltr'><strong>τῆς</strong></span> <span class='ocrx_word' id='word_1_646' title='bbox 1343 4512 1655 4583; x_wconf 82' lang='grc' dir='ltr'>πρακτικῆς</span> <span class='ocrx_word' id='word_1_647' title='bbox 1684 4510 1911 4565; x_wconf 85' lang='grc' dir='ltr'>διελθὼν</span> 
     </span>
    </p>
   </div>
   <div class='ocr_carea' id='block_1_90' title="bbox 2018 4502 3593 4584">
    <p class='ocr_par' dir='ltr' id='par_1_90' title="bbox 2018 4502 3593 4575">
     <span class='ocr_line' id='line_1_90' title="bbox 2018 4502 3593 4575; baseline 0.001 -20"><span class='ocrx_word' id='word_1_648' title='bbox 2018 4502 2223 4557; x_wconf 92' lang='lat' dir='ltr'><strong>virtute</strong></span> <span class='ocrx_word' id='word_1_649' title='bbox 2259 4503 2442 4557; x_wconf 87' lang='lat' dir='ltr'><strong>activa</strong></span> <span class='ocrx_word' id='word_1_650' title='bbox 2470 4504 2733 4574; x_wconf 82' lang='lat' dir='ltr'><strong>expositis</strong></span> <span class='ocrx_word' id='word_1_651' title='bbox 2753 4545 2769 4571; x_wconf 92' lang='lat'><strong>,</strong></span> <span class='ocrx_word' id='word_1_652' title='bbox 2807 4504 3007 4559; x_wconf 90' lang='lat' dir='ltr'><strong>iterum</strong></span> <span class='ocrx_word' id='word_1_653' title='bbox 3038 4504 3106 4558; x_wconf 89' lang='lat' dir='ltr'><strong>ad</strong></span> <span class='ocrx_word' id='word_1_654' title='bbox 3135 4504 3447 4575; x_wconf 81' lang='lat' dir='ltr'><strong>dogmatica</strong></span> <span class='ocrx_word' id='word_1_655' title='bbox 3478 4510 3593 4557; x_wconf 85' lang='lat' dir='ltr'><strong>tra-</strong></span> 
     </span>
    </p>
   </div>
   <div class='ocr_carea' id='block_1_91' title="bbox 318 4597 1911 4675">
    <p class='ocr_par' dir='ltr' id='par_1_91' title="bbox 318 4597 1911 4675">
     <span class='ocr_line' id='line_1_91' title="bbox 318 4597 1911 4675; baseline -0.001 -18"><span class='ocrx_word' id='word_1_656' title='bbox 318 4605 555 4675; x_wconf 77' lang='grc' dir='ltr'>ἁρετῆς,</span> <span class='ocrx_word' id='word_1_657' title='bbox 621 4604 710 4666; x_wconf 82' lang='grc' dir='ltr'><strong>είς</strong></span> <span class='ocrx_word' id='word_1_658' title='bbox 759 4601 886 4665; x_wconf 85' lang='grc' dir='ltr'>τοὺς</span> <span class='ocrx_word' id='word_1_659' title='bbox 930 4600 1296 4670; x_wconf 80' lang='grc' dir='ltr'>δογματικοὺς</span> <span class='ocrx_word' id='word_1_660' title='bbox 1345 4597 1501 4667; x_wconf 81' lang='grc' dir='ltr'>αὖθις</span> <span class='ocrx_word' id='word_1_661' title='bbox 1542 4601 1911 4673; x_wconf 73' lang='grc' dir='ltr'>ἐπανελήλυθε</span> 
     </span>
    </p>
   </div>
   <div class='ocr_carea' id='block_1_92' title="bbox 317 4675 1914 4765">
    <p class='ocr_par' dir='ltr' id='par_1_92' title="bbox 317 4675 1914 4765">
     <span class='ocr_line' id='line_1_92' title="bbox 317 4675 1914 4765; baseline -0.001 -17"><span class='ocrx_word' id='word_1_662' title='bbox 317 4696 536 4762; x_wconf 84' lang='grc' dir='ltr'>λόγους.</span> <span class='ocrx_word' id='word_1_663' title='bbox 564 4695 696 4765; x_wconf 81' lang='grc' dir='ltr'>Χρὴ</span> <span class='ocrx_word' id='word_1_664' title='bbox 722 4692 781 4746; x_wconf 79' lang='grc' dir='ltr'><strong>δὲ</strong></span> <span class='ocrx_word' id='word_1_665' title='bbox 808 4691 1074 4763; x_wconf 85' lang='grc' dir='ltr'>πρότερον</span> <span class='ocrx_word' id='word_1_666' title='bbox 1101 4694 1276 4746; x_wconf 77' lang='grc' dir='ltr'>εἰπεῖν</span> <span class='ocrx_word' id='word_1_667' title='bbox 1304 4692 1396 4747; x_wconf 76' lang='grc' dir='ltr'>τὸν</span> <span class='ocrx_word' id='word_1_668' title='bbox 1422 4694 1522 4765; x_wconf 81' lang='grc' dir='ltr'><strong>τῆς</strong></span> <span class='ocrx_word' id='word_1_669' title='bbox 1547 4675 1914 4762; x_wconf 70' lang='grc' dir='ltr'>ἀποστολικῆς</span> 
     </span>
    </p>
   </div>
   <div class='ocr_carea' id='block_1_93' title="bbox 317 4782 1913 4856">
    <p class='ocr_par' dir='ltr' id='par_1_93' title="bbox 317 4782 1913 4856">
     <span class='ocr_line' id='line_1_93' title="bbox 317 4782 1913 4856; baseline -0.002 -17"><span class='ocrx_word' id='word_1_670' title='bbox 317 4784 680 4848; x_wconf 68' lang='grc' dir='ltr'>διδασκαλίας</span> <span class='ocrx_word' id='word_1_671' title='bbox 730 4784 934 4837; x_wconf 80' lang='grc' dir='ltr'>σκοπὸν</span> <span class='ocrx_word' id='word_1_672' title='bbox 956 4822 972 4848; x_wconf 90' lang='grc'><strong>,</strong></span> <span class='ocrx_word' id='word_1_673' title='bbox 1006 4784 1075 4837; x_wconf 80' lang='grc' dir='ltr'>ἵν’</span> <span class='ocrx_word' id='word_1_674' title='bbox 1102 4782 1436 4848; x_wconf 78' lang='grc' dir='ltr'>εὐσύνοπτος</span> <span class='ocrx_word' id='word_1_675' title='bbox 1468 4784 1694 4855; x_wconf 86' lang='grc' dir='ltr'>γένηται</span> <span class='ocrx_word' id='word_1_676' title='bbox 1738 4784 1771 4856; x_wconf 82' lang='grc' dir='ltr'>ὴ</span> <span class='ocrx_word' id='word_1_677' title='bbox 1804 4783 1913 4838; x_wconf 89' lang='grc' dir='ltr'><strong>τῶν</strong></span> 
     </span>
    </p>
   </div>
   <div class='ocr_carea' id='block_1_94' title="bbox 319 4871 1911 4945">
    <p class='ocr_par' dir='ltr' id='par_1_94' title="bbox 319 4871 1911 4945">
     <span class='ocr_line' id='line_1_94' title="bbox 319 4871 1911 4945; baseline -0.001 -19"><span class='ocrx_word' id='word_1_678' title='bbox 319 4873 504 4945; x_wconf 74' lang='grc' dir='ltr'>ῥητῶν</span> <span class='ocrx_word' id='word_1_679' title='bbox 552 4872 848 4945; x_wconf 79' lang='grc' dir='ltr'>ἑρμηνεία.</span> <span class='ocrx_word' id='word_1_680' title='bbox 892 4873 956 4926; x_wconf 83' lang='grc' dir='ltr'>οι</span> <span class='ocrx_word' id='word_1_681' title='bbox 1004 4871 1066 4938; x_wconf 79' lang='grc' dir='ltr'>ἐξ</span> <span class='ocrx_word' id='word_1_682' title='bbox 1108 4871 1279 4927; x_wconf 79' lang='grc' dir='ltr'>ἐθνῶν</span> <span class='ocrx_word' id='word_1_683' title='bbox 1329 4872 1759 4936; x_wconf 83' lang='grc' dir='ltr'>πεπιστευκότες</span> <span class='ocrx_word' id='word_1_684' title='bbox 1811 4872 1911 4944; x_wconf 80' lang='grc' dir='ltr'>τὴν</span> 
     </span>
    </p>
   </div>
   <div class='ocr_carea' id='block_1_95' title="bbox 317 4963 1911 5036">
    <p class='ocr_par' dir='ltr' id='par_1_95' title="bbox 317 4963 1911 5036">
     <span class='ocr_line' id='line_1_95' title="bbox 317 4963 1911 5036; baseline -0.001 -18"><span class='ocrx_word' id='word_1_685' title='bbox 317 4963 691 5036; x_wconf 76' lang='grc' dir='ltr'>εύαγγελικὴν</span> <span class='ocrx_word' id='word_1_686' title='bbox 740 4963 1018 5018; x_wconf 80' lang='grc' dir='ltr'>πολιτείαν</span> <span class='ocrx_word' id='word_1_687' title='bbox 1058 4965 1398 5034; x_wconf 67' lang='grc' dir='ltr'>ἠσπάζοντο.</span> <span class='ocrx_word' id='word_1_688' title='bbox 1459 4964 1654 5018; x_wconf 80' lang='grc' dir='ltr'>Πολλοὶ</span> <span class='ocrx_word' id='word_1_689' title='bbox 1704 4964 1763 5018; x_wconf 79' lang='grc' dir='ltr'><strong>δὲ</strong></span> <span class='ocrx_word' id='word_1_690' title='bbox 1801 4964 1911 5017; x_wconf 89' lang='grc' dir='ltr'><strong>τῶν</strong></span> 
     </span>
    </p>
   </div>
   <div class='ocr_carea' id='block_1_96' title="bbox 315 5054 1911 5129">
    <p class='ocr_par' dir='ltr' id='par_1_96' title="bbox 315 5054 1911 5129">
     <span class='ocr_line' id='line_1_96' title="bbox 315 5054 1911 5129; baseline 0 -19"><span class='ocrx_word' id='word_1_691' title='bbox 315 5058 381 5124; x_wconf 67' lang='grc' dir='ltr'><strong>ἐξ</strong></span> <span class='ocrx_word' id='word_1_692' title='bbox 422 5055 808 5128; x_wconf 68' lang='grc' dir='ltr'>Ἰουδαίων,τῷ</span> <span class='ocrx_word' id='word_1_693' title='bbox 839 5054 1182 5126; x_wconf 78' lang='grc' dir='ltr'>εὐαγγελικῷ</span> <span class='ocrx_word' id='word_1_694' title='bbox 1229 5055 1710 5129; x_wconf 74' lang='grc' dir='ltr'>προσεληλυθότων</span> <span class='ocrx_word' id='word_1_695' title='bbox 1741 5054 1911 5128; x_wconf 82' lang='grc' dir='ltr'>κηρύ-</span> 
     </span>
    </p>
   </div>
   <div class='ocr_carea' id='block_1_97' title="bbox 318 5145 1910 5218">
    <p class='ocr_par' dir='ltr' id='par_1_97' title="bbox 318 5145 1910 5218">
     <span class='ocr_line' id='line_1_97' title="bbox 318 5145 1910 5218; baseline -0.001 -16"><span class='ocrx_word' id='word_1_696' title='bbox 318 5164 531 5218; x_wconf 75' lang='grc' dir='ltr'>γματι,</span> <span class='ocrx_word' id='word_1_697' title='bbox 565 5150 692 5211; x_wconf 76' lang='grc' dir='ltr'>ταῖς</span> <span class='ocrx_word' id='word_1_698' title='bbox 723 5149 982 5217; x_wconf 82' lang='grc' dir='ltr'>νομικαῖς</span> <span class='ocrx_word' id='word_1_699' title='bbox 1009 5146 1289 5202; x_wconf 71' lang='grc' dir='ltr'>ἐδούλευον</span> <span class='ocrx_word' id='word_1_700' title='bbox 1328 5145 1606 5213; x_wconf 79' lang='grc' dir='ltr'>διατάξεσι</span> <span class='ocrx_word' id='word_1_701' title='bbox 1632 5188 1647 5212; x_wconf 87' lang='grc'><strong>,</strong></span> <span class='ocrx_word' id='word_1_702' title='bbox 1682 5146 1910 5201; x_wconf 76' lang='grc' dir='ltr'>καὶτῶν</span> 
     </span>
    </p>
   </div>
   <div class='ocr_carea' id='block_1_98' title="bbox 315 5236 1911 5312">
    <p class='ocr_par' dir='ltr' id='par_1_98' title="bbox 315 5236 1911 5312">
     <span class='ocr_line' id='line_1_98' title="bbox 315 5236 1911 5312; baseline 0.002 -24"><span class='ocrx_word' id='word_1_703' title='bbox 315 5240 549 5312; x_wconf 70' lang='grc' dir='ltr'>ἡμερῶν</span> <span class='ocrx_word' id='word_1_704' title='bbox 575 5240 678 5311; x_wconf 71' lang='grc' dir='ltr'>τὴν</span> <span class='ocrx_word' id='word_1_705' title='bbox 705 5238 1113 5311; x_wconf 78' lang='grc' dir='ltr'>παραφυλακὴν</span> <span class='ocrx_word' id='word_1_706' title='bbox 1149 5236 1553 5310; x_wconf 73' lang='grc' dir='ltr'>ἀσπαζόμενοι,</span> <span class='ocrx_word' id='word_1_707' title='bbox 1582 5238 1677 5292; x_wconf 71' lang='grc' dir='ltr'>καὶ</span> <span class='ocrx_word' id='word_1_708' title='bbox 1701 5237 1911 5310; x_wconf 83' lang='grc' dir='ltr'>τροφῆς</span> 
     </span>
    </p>
   </div>
   <div class='ocr_carea' id='block_1_99' title="bbox 318 5326 1909 5401">
    <p class='ocr_par' dir='ltr' id='par_1_99' title="bbox 318 5326 1909 5401">
     <span class='ocr_line' id='line_1_99' title="bbox 318 5326 1909 5401; baseline -0.001 -18"><span class='ocrx_word' id='word_1_709' title='bbox 318 5331 838 5401; x_wconf 77' lang='grc' dir='ltr'>μεταλαγχάνοντες</span> <span class='ocrx_word' id='word_1_710' title='bbox 861 5370 877 5396; x_wconf 94' lang='grc'><strong>,</strong></span> <span class='ocrx_word' id='word_1_711' title='bbox 907 5329 975 5401; x_wconf 69' lang='grc' dir='ltr'>ἢν</span> <span class='ocrx_word' id='word_1_712' title='bbox 1007 5329 1038 5382; x_wconf 81' lang='grc' dir='ltr'>ὁ</span> <span class='ocrx_word' id='word_1_713' title='bbox 1068 5328 1232 5400; x_wconf 90' lang='grc' dir='ltr'>νόμος</span> <span class='ocrx_word' id='word_1_714' title='bbox 1265 5328 1572 5382; x_wconf 69' lang='grc' dir='ltr'>ἐκέλευσεν.</span> <span class='ocrx_word' id='word_1_715' title='bbox 1630 5326 1909 5383; x_wconf 79' lang='grc' dir='ltr'>Ἐντεῦθεν</span> 
     </span>
    </p>
   </div>
   <div class='ocr_carea' id='block_1_100' title="bbox 2010 4592 3591 4666">
    <p class='ocr_par' dir='ltr' id='par_1_100' title="bbox 2010 4592 3591 4666">
     <span class='ocr_line' id='line_1_100' title="bbox 2010 4592 3591 4666; baseline -0.001 -17"><span class='ocrx_word' id='word_1_716' title='bbox 2010 4594 2211 4651; x_wconf 87' lang='lat' dir='ltr'><strong>ctanda</strong></span> <span class='ocrx_word' id='word_1_717' title='bbox 2256 4594 2435 4649; x_wconf 81' lang='lat' dir='ltr'><strong>redit.‘</strong></span> <span class='ocrx_word' id='word_1_718' title='bbox 2464 4593 2694 4666; x_wconf 86' lang='lat' dir='ltr'><strong>Oportet</strong></span> <span class='ocrx_word' id='word_1_719' title='bbox 2733 4603 2921 4651; x_wconf 89' lang='lat' dir='ltr'><strong>autem</strong></span> <span class='ocrx_word' id='word_1_720' title='bbox 2959 4595 3230 4650; x_wconf 79' lang='lat' dir='ltr'><strong>doctrina:</strong></span> <span class='ocrx_word' id='word_1_721' title='bbox 3268 4592 3591 4664; x_wconf 79' lang='lat' dir='ltr'><strong>apostolica:</strong></span> 
     </span>
    </p>
   </div>
   <div class='ocr_carea' id='block_1_101' title="bbox 2011 4684 3705 4758">
    <p class='ocr_par' dir='ltr' id='par_1_101' title="bbox 2011 4684 3705 4758">
     <span class='ocr_line' id='line_1_101' title="bbox 2011 4684 3705 4758; baseline -0.002 -15"><span class='ocrx_word' id='word_1_722' title='bbox 2011 4702 2242 4758; x_wconf 81' lang='lat' dir='ltr'><strong>scopum</strong></span> <span class='ocrx_word' id='word_1_723' title='bbox 2300 4686 2457 4757; x_wconf 88' lang='lat' dir='ltr'><strong>prius</strong></span> <span class='ocrx_word' id='word_1_724' title='bbox 2494 4688 2802 4758; x_wconf 81' lang='lat' dir='ltr'><strong>explicare,</strong></span> <span class='ocrx_word' id='word_1_725' title='bbox 2845 4697 2907 4742; x_wconf 92' lang='lat' dir='ltr'><strong>ut</strong></span> <span class='ocrx_word' id='word_1_726' title='bbox 2943 4701 3136 4742; x_wconf 89' lang='lat' dir='ltr'><strong>eorum</strong></span> <span class='ocrx_word' id='word_1_727' title='bbox 3189 4700 3310 4757; x_wconf 80' lang='lat' dir='ltr'><strong>qua:</strong></span> <span class='ocrx_word' id='word_1_728' title='bbox 3356 4684 3591 4740; x_wconf 85' lang='lat' dir='ltr'><strong>dicenda</strong></span> <span class='ocrx_word' id='word_1_729' title='bbox 3702 4718 3705 4721; x_wconf 60' lang='grc' dir='ltr'><strong>ι</strong></span> 
     </span>
    </p>
   </div>
   <div class='ocr_carea' id='block_1_102' title="bbox 2010 4775 3590 4849">
    <p class='ocr_par' dir='ltr' id='par_1_102' title="bbox 2010 4775 3590 4849">
     <span class='ocr_line' id='line_1_102' title="bbox 2010 4775 3590 4849; baseline -0.001 -16"><span class='ocrx_word' id='word_1_730' title='bbox 2010 4784 2141 4833; x_wconf 89' lang='lat' dir='ltr'><strong>sunt</strong></span> <span class='ocrx_word' id='word_1_731' title='bbox 2195 4775 2417 4832; x_wconf 78' lang='lat' dir='ltr'><strong>facilior</strong></span> <span class='ocrx_word' id='word_1_732' title='bbox 2467 4777 2543 4832; x_wconf 89' lang='lat' dir='ltr'><strong>sit</strong></span> <span class='ocrx_word' id='word_1_733' title='bbox 2594 4777 2999 4849; x_wconf 88' lang='lat' dir='ltr'><strong>interpretatio.</strong></span> <span class='ocrx_word' id='word_1_734' title='bbox 3054 4776 3159 4845; x_wconf 90' lang='lat' dir='ltr'><strong>Qui</strong></span> <span class='ocrx_word' id='word_1_735' title='bbox 3215 4792 3283 4832; x_wconf 79' lang='lat' dir='ltr'><strong>ex</strong></span> <span class='ocrx_word' id='word_1_736' title='bbox 3333 4777 3590 4848; x_wconf 78' lang='lat' dir='ltr'><strong>gentibus</strong></span> 
     </span>
    </p>
   </div>
   <div class='ocr_carea' id='block_1_103' title="bbox 2006 4869 3589 4943">
    <p class='ocr_par' dir='ltr' id='par_1_103' title="bbox 2006 4869 3589 4943">
     <span class='ocr_line' id='line_1_103' title="bbox 2006 4869 3589 4943; baseline 0 -20"><span class='ocrx_word' id='word_1_737' title='bbox 2006 4869 2384 4943; x_wconf 83' lang='lat' dir='ltr'><strong>crediderant,</strong></span> <span class='ocrx_word' id='word_1_738' title='bbox 2417 4870 2793 4942; x_wconf 84' lang='lat' dir='ltr'><strong>evangelicam</strong></span> <span class='ocrx_word' id='word_1_739' title='bbox 2836 4871 2963 4926; x_wconf 81' lang='lat' dir='ltr'><strong>vitae</strong></span> <span class='ocrx_word' id='word_1_740' title='bbox 3007 4869 3416 4927; x_wconf 87' lang='lat' dir='ltr'><strong>institutionem</strong></span> <span class='ocrx_word' id='word_1_741' title='bbox 3467 4883 3589 4923; x_wconf 85' lang='lat' dir='ltr'><strong>am-</strong></span> 
     </span>
    </p>
   </div>
   <div class='ocr_carea' id='block_1_104' title="bbox 2007 4959 3592 5032">
    <p class='ocr_par' dir='ltr' id='par_1_104' title="bbox 2007 4959 3592 5032">
     <span class='ocr_line' id='line_1_104' title="bbox 2007 4959 3592 5032; baseline 0 -18"><span class='ocrx_word' id='word_1_742' title='bbox 2007 4960 2410 5030; x_wconf 89' lang='lat' dir='ltr'><strong>plectebantur.</strong></span> <span class='ocrx_word' id='word_1_743' title='bbox 2460 4960 2619 5016; x_wconf 84' lang='lat' dir='ltr'><strong>Multi</strong></span> <span class='ocrx_word' id='word_1_744' title='bbox 2693 4969 2880 5016; x_wconf 90' lang='lat' dir='ltr'><strong>autem</strong></span> <span class='ocrx_word' id='word_1_745' title='bbox 2940 4976 3008 5017; x_wconf 78' lang='lat' dir='ltr'><strong>ex</strong></span> <span class='ocrx_word' id='word_1_746' title='bbox 3069 4959 3308 5028; x_wconf 64' lang='lat' dir='ltr'><strong>Iudaeis,</strong></span> <span class='ocrx_word' id='word_1_747' title='bbox 3365 4960 3461 5032; x_wconf 90' lang='lat' dir='ltr'><strong>qui</strong></span> <span class='ocrx_word' id='word_1_748' title='bbox 3521 4960 3592 5014; x_wconf 87' lang='lat' dir='ltr'><strong>ad</strong></span> 
     </span>
    </p>
   </div>
   <div class='ocr_carea' id='block_1_105' title="bbox 2020 5052 3591 5125">
    <p class='ocr_par' dir='ltr' id='par_1_105' title="bbox 2020 5052 3591 5125">
     <span class='ocr_line' id='line_1_105' title="bbox 2020 5052 3591 5125; baseline -0.002 -17"><span class='ocrx_word' id='word_1_749' title='bbox 2020 5052 2396 5124; x_wconf 84' lang='lat' dir='ltr'><strong>evangelicam</strong></span> <span class='ocrx_word' id='word_1_750' title='bbox 2450 5053 2900 5125; x_wconf 77' lang='lat' dir='ltr'><strong>praedicationem</strong></span> <span class='ocrx_word' id='word_1_751' title='bbox 2950 5060 3342 5120; x_wconf 83' lang='lat' dir='ltr'><strong>accesserant,</strong></span> <span class='ocrx_word' id='word_1_752' title='bbox 3378 5054 3400 5075; x_wconf 85' lang='lat'>&quot;</span> <span class='ocrx_word' id='word_1_753' title='bbox 3442 5052 3591 5121; x_wconf 86' lang='lat' dir='ltr'><strong>lega-</strong></span> 
     </span>
    </p>
   </div>
   <div class='ocr_carea' id='block_1_106' title="bbox 2020 5140 3590 5209">
    <p class='ocr_par' dir='ltr' id='par_1_106' title="bbox 2020 5140 3590 5209">
     <span class='ocr_line' id='line_1_106' title="bbox 2020 5140 3590 5209; baseline -0.001 -12"><span class='ocrx_word' id='word_1_754' title='bbox 2020 5142 2169 5200; x_wconf 89' lang='lat' dir='ltr'><strong>libus</strong></span> <span class='ocrx_word' id='word_1_755' title='bbox 2218 5143 2490 5202; x_wconf 78' lang='lat' dir='ltr'><strong>institutis</strong></span> <span class='ocrx_word' id='word_1_756' title='bbox 2536 5145 2882 5209; x_wconf 84' lang='lat' dir='ltr'><strong>serviebant,</strong></span> <span class='ocrx_word' id='word_1_757' title='bbox 2938 5143 3154 5198; x_wconf 91' lang='lat' dir='ltr'><strong>dierum</strong></span> <span class='ocrx_word' id='word_1_758' title='bbox 3215 5140 3590 5198; x_wconf 84' lang='lat' dir='ltr'><strong>observationi</strong></span> 
     </span>
    </p>
   </div>
   <div class='ocr_carea' id='block_1_107' title="bbox 2018 5233 3588 5307">
    <p class='ocr_par' dir='ltr' id='par_1_107' title="bbox 2018 5233 3588 5307">
     <span class='ocr_line' id='line_1_107' title="bbox 2018 5233 3588 5307; baseline -0.001 -19"><span class='ocrx_word' id='word_1_759' title='bbox 2018 5234 2392 5303; x_wconf 83' lang='lat' dir='ltr'><strong>adhaerentes,</strong></span> <span class='ocrx_word' id='word_1_760' title='bbox 2427 5245 2481 5292; x_wconf 94' lang='lat' dir='ltr'><strong>et</strong></span> <span class='ocrx_word' id='word_1_761' title='bbox 2509 5236 2859 5307; x_wconf 65' lang='lat' dir='ltr'><strong>praescriptos</strong></span> <span class='ocrx_word' id='word_1_762' title='bbox 2899 5233 3019 5304; x_wconf 88' lang='lat' dir='ltr'><strong>lege</strong></span> <span class='ocrx_word' id='word_1_763' title='bbox 3047 5233 3201 5288; x_wconf 90' lang='lat' dir='ltr'><strong>cibos</strong></span> <span class='ocrx_word' id='word_1_764' title='bbox 3232 5239 3588 5302; x_wconf 80' lang='lat' dir='ltr'><strong>usurpantes.</strong></span> 
     </span>
    </p>
   </div>
   <div class='ocr_carea' id='block_1_108' title="bbox 2017 5328 3594 5400">
    <p class='ocr_par' dir='ltr' id='par_1_108' title="bbox 2017 5328 3594 5400">
     <span class='ocr_line' id='line_1_108' title="bbox 2017 5328 3594 5400; baseline -0.003 -18"><span class='ocrx_word' id='word_1_765' title='bbox 2017 5328 2159 5383; x_wconf 80' lang='lat' dir='ltr'><strong>Hinc</strong></span> <span class='ocrx_word' id='word_1_766' title='bbox 2198 5328 2270 5385; x_wconf 89' lang='lat' dir='ltr'><strong>lis</strong></span> <span class='ocrx_word' id='word_1_767' title='bbox 2311 5329 2615 5397; x_wconf 85' lang='lat' dir='ltr'><strong>oriebatur,</strong></span> <span class='ocrx_word' id='word_1_768' title='bbox 2661 5336 2824 5400; x_wconf 86' lang='lat' dir='ltr'><strong>atque</strong></span> <span class='ocrx_word' id='word_1_769' title='bbox 2868 5328 3033 5384; x_wconf 87' lang='lat' dir='ltr'><strong>etiam</strong></span> <span class='ocrx_word' id='word_1_770' title='bbox 3077 5339 3301 5398; x_wconf 80' lang='lat' dir='ltr'><strong>pugna:</strong></span> <span class='ocrx_word' id='word_1_771' title='bbox 3359 5340 3486 5382; x_wconf 87' lang='lat' dir='ltr'><strong>cum</strong></span> <span class='ocrx_word' id='word_1_772' title='bbox 3537 5336 3594 5383; x_wconf 82' lang='lat' dir='ltr'><strong>et</strong></span> 
     </span>
    </p>
   </div>
   <div class='ocr_carea' id='block_1_109' title="bbox 391 5503 2081 5574">
    <p class='ocr_par' dir='ltr' id='par_1_109' title="bbox 391 5503 2081 5574">
     <span class='ocr_line' id='line_1_109' title="bbox 391 5503 2081 5574; baseline 0 -13"><span class='ocrx_word' id='word_1_773' title='bbox 391 5516 421 5556; x_wconf 73' lang='lat'><strong>!</strong></span> <span class='ocrx_word' id='word_1_774' title='bbox 454 5506 643 5563; x_wconf 62' lang='lat' dir='ltr'><strong>ﬂattb.</strong></span> <span class='ocrx_word' id='word_1_775' title='bbox 680 5520 832 5574; x_wconf 73' lang='lat' dir='ltr'><strong>un,</strong></span> <span class='ocrx_word' id='word_1_776' title='bbox 862 5505 1031 5561; x_wconf 77' lang='lat'><strong>37-59</strong></span> <span class='ocrx_word' id='word_1_777' title='bbox 1062 5523 1076 5574; x_wconf 89' lang='lat'><strong>;</strong></span> <span class='ocrx_word' id='word_1_778' title='bbox 1112 5503 1246 5560; x_wconf 88' lang='lat' dir='ltr'><strong>Luc.</strong></span> <span class='ocrx_word' id='word_1_779' title='bbox 1276 5521 1332 5569; x_wconf 73' lang='grc' dir='ltr'>χ,</span> <span class='ocrx_word' id='word_1_780' title='bbox 1358 5503 1465 5573; x_wconf 59' lang='grc' dir='ltr'>2η</span> <span class='ocrx_word' id='word_1_781' title='bbox 1503 5504 1670 5560; x_wconf 80' lang='lat' dir='ltr'><strong>Marc.</strong></span> <span class='ocrx_word' id='word_1_782' title='bbox 1703 5519 1778 5559; x_wconf 78' lang='lat' dir='ltr'><strong>xu</strong></span> <span class='ocrx_word' id='word_1_783' title='bbox 1806 5546 1821 5571; x_wconf 88' lang='lat'><strong>,</strong></span> <span class='ocrx_word' id='word_1_784' title='bbox 1853 5503 1959 5570; x_wconf 74' lang='lat'><strong>50,</strong></span> <span class='ocrx_word' id='word_1_785' title='bbox 1993 5504 2081 5561; x_wconf 78' lang='grc'><strong>51.</strong></span> 
     </span>
    </p>
   </div>
   <div class='ocr_carea' id='block_1_110' title="bbox 1651 5676 2325 5736">
    <p class='ocr_par' dir='ltr' id='par_1_110' title="bbox 1651 5676 2325 5736">
     <span class='ocr_line' id='line_1_110' title="bbox 1651 5676 2325 5736; baseline 0.003 -5"><span class='ocrx_word' id='word_1_786' title='bbox 1651 5676 1880 5732; x_wconf 67' lang='lat' dir='ltr'><strong>VARI/8</strong></span> <span class='ocrx_word' id='word_1_787' title='bbox 1921 5677 2325 5736; x_wconf 77' lang='lat' dir='ltr'><strong>LECTIONES.</strong></span> 
     </span>
    </p>
   </div>
   <div class='ocr_carea' id='block_1_111' title="bbox 407 5794 1976 5872">
    <p class='ocr_par' dir='ltr' id='par_1_111' title="bbox 407 5794 1976 5872">
     <span class='ocr_line' id='line_1_111' title="bbox 407 5794 1976 5872; baseline -0.003 -21"><span class='ocrx_word' id='word_1_788' title='bbox 407 5796 429 5830; x_wconf 73' lang='grc'>⁸</span> <span class='ocrx_word' id='word_1_789' title='bbox 452 5800 492 5851; x_wconf 71' lang='grc' dir='ltr'>Α</span> <span class='ocrx_word' id='word_1_790' title='bbox 515 5808 565 5854; x_wconf 77' lang='lat' dir='ltr'><strong>ct</strong></span> <span class='ocrx_word' id='word_1_791' title='bbox 595 5798 635 5853; x_wconf 83' lang='grc' dir='ltr'><strong><em>Β</em></strong></span> <span class='ocrx_word' id='word_1_792' title='bbox 658 5800 770 5854; x_wconf 86' lang='grc' dir='ltr'><strong>τῶν</strong></span> <span class='ocrx_word' id='word_1_793' title='bbox 800 5800 1086 5870; x_wconf 79' lang='grc' dir='ltr'>προτέρων</span> <span class='ocrx_word' id='word_1_794' title='bbox 1124 5801 1270 5872; x_wconf 75' lang='grc' dir='ltr'>ἡμᾶς</span> <span class='ocrx_word' id='word_1_795' title='bbox 1295 5795 1495 5867; x_wconf 76' lang='grc' dir='ltr'>ἀπηλλ.</span> <span class='ocrx_word' id='word_1_796' title='bbox 1524 5811 1579 5847; x_wconf 88' lang='grc' dir='ltr'><strong>κ.</strong></span> <span class='ocrx_word' id='word_1_797' title='bbox 1656 5794 1677 5825; x_wconf 83' lang='grc'>⁸</span> <span class='ocrx_word' id='word_1_798' title='bbox 1710 5794 1752 5847; x_wconf 76' lang='grc' dir='ltr'>Α</span> <span class='ocrx_word' id='word_1_799' title='bbox 1777 5796 1976 5848; x_wconf 76' lang='grc' dir='ltr'>ποιεῖτε</span> 
     </span>
    </p>
   </div>
   <div class='ocr_carea' id='block_1_112' title="bbox 2082 5793 2526 5866">
    <p class='ocr_par' dir='ltr' id='par_1_112' title="bbox 2082 5793 2526 5866">
     <span class='ocr_line' id='line_1_112' title="bbox 2082 5793 2526 5866; baseline 0 -18"><span class='ocrx_word' id='word_1_800' title='bbox 2082 5795 2101 5825; x_wconf 78' lang='grc'>⁸</span> <span class='ocrx_word' id='word_1_801' title='bbox 2134 5795 2177 5848; x_wconf 82' lang='grc' dir='ltr'><strong>Α</strong></span> <span class='ocrx_word' id='word_1_802' title='bbox 2212 5793 2526 5866; x_wconf 78' lang='grc' dir='ltr'>ἐπιθυμίαν.</span> 
     </span>
    </p>
   </div>
  </div>
