4034 6406
473 375 574 443 139

1465 371 1952 435 TliEODOIiETI
1978 370 2325 432 EPISCOPI
2355 373 2722 434 CYRENSIS

3633 378 3741 444 2ὐο

469 491 568 548 isit
588 501 686 544 eos
713 485 808 558 qui
840 504 905 544 ex
946 486 1204 559 gentibus
1259 483 1647 551 credideram,
1699 483 1847 555 quod
1896 483 2043 538 escis

2155 480 2263 554 ίρις
2294 482 2528 551 ἐφύετο,
2570 484 2664 537 καὶ
2696 484 2759 555 δὴ
2804 483 2898 538 καὶ
2944 484 3125 556 μάχτγ
3186 488 3280 539 καὶ
3330 488 3534 541 τοῦτων
3565 505 3739 543 κατα-

469 580 807 651 quibuslibet
858 577 1350 635 indiscriminatim
1384 586 1763 642 vescerentur,
1791 575 2054 630 condem-

436 675 442 681 ’
469 679 669 727 ηἰιιεηι
702 691 715 727 :
745 678 800 726 et
828 670 930 726 hos
972 670 1056 727 illi
1086 669 1487 733 abhorrerent,
1524 678 1748 739 propter
1780 682 2049 722 summam

467 773 521 817 et
552 778 1026 831 supervacaneam
1076 763 1213 832 legis
1257 760 1732 816 observationem.
1784 758 1886 815 His
1936 774 2052 814 me-

468 856 707 912 dicinam
742 856 1013 910 adhibens
1062 854 1400 924 Apostolus,
1449 851 1604 908 aﬂ‘ert
1653 851 1875 921 utrique
1908 850 2050 921 parti

467 946 889 1021 convenientem
924 943 1396 1000 adhortationem.
1450 940 1701 996 Primum
1734 950 1921 996 autem
1953 956 2049 996 eos

468 1039 562 1107 qui
598 1053 664 1093 ex
710 1038 965 1107 gentibus
1007 1036 1170 1092 ﬁdem
1208 1041 1607 1107 susceperant,
1650 1033 1718 1087 ad
1749 1031 2050 1088 fraternam

465 1132 819 1187 dilectionem
847 1130 1195 1187 exhortatur.

1051 1221 1283 1277 CAPUT
1324 1220 1465 1275 XIV.

533 1316 702 1373 Vens.
745 1317 795 1371 1.
835 1315 1126 1374 Inlirmum
1162 1325 1337 1369 autem
1377 1317 1431 1368 in
1469 1312 1572 1383 ﬁde
1607 1313 1900 1375 assumite,
1943 1326 2047 1364 non

463 1410 517 1460 in
540 1405 1008 1474 disceptationibus
1032 1407 1436 1476 cogitationum.
1457 1426 1527 1443 -—
1553 1402 1840 1473 Inﬁrmum
1864 1413 2048 1456 autem

465 1500 703 1570 appellat
733 1515 858 1554 cum
894 1500 987 1571 qui
1020 1500 1288 1570 legalibus
1323 1498 1496 1554 servit
1530 1495 2045 1552 observationibus.

519 1684 702 1739 “Vens.
734 1684 787 1738 2'.
821 1683 973 1737 Alius
1005 1682 1142 1735 enim
1179 1681 1346 1735 credit
1382 1697 1436 1734 se
1468 1676 1796 1732 manducare
1830 1677 2042 1730 omnia.

465 1777 516 1833 Is
550 1777 763 1833 scilicet
789 1776 881 1846 qui
916 1791 983 1831 ex
1018 1776 1277 1847 gentibus
1312 1773 1571 1829 credidit.
1596 1773 1721 1840 ,Qui
1753 1782 1929 1827 autem
1964 1772 2049 1825 in-

462 1870 649 1940 ﬁrmus
681 1876 792 1933 est,
826 1867 944 1922 olus
980 1866 1290 1921 manducet.
1327 1866 1592 1921 Nonnulli
1624 1867 1854 1930 dicunt,
1898 1864 2046 1934 quod

463 1964 555 2032 qui
585 1977 649 2018 ex
681 1959 888 2015 ludatis
938 1958 1332 2023 crediderant,
1389 1966 1654 2028 tauquam
1702 1972 1901 2012 eorum
1948 1954 2046 2026 qui

472 2071 539 2111 ex
587 2053 846 2125 gentibus
899 2060 1058 2107 erant
1110 2052 1261 2122 ipsos
1310 2051 1566 2121 puderet,
1620 2065 1727 2105 non
1788 2048 1966 2105 solum
2016 2062 2047 2101 a

463 2146 678 2213 suillis,
733 2143 828 2201 sed
861 2145 1028 2200 etiam
1058 2142 1129 2197 ab
1161 2144 1394 2197 aliarum
1435 2158 1531 2197 cstt
1583 2141 1835 2196 carnium
1868 2138 2046 2194 absti-

461 2241 694 2300 nebant,
756 2237 1218 2293 exercitationem
1267 2243 1322 2289 et
1367 2233 1789 2304 temperantiam
1838 2246 1949 2301 pra:
1989 2244 2049 2285 se

462 2332 723 2385 ferentes.
759 2330 915 2385 Unde
938 2330 1163 2383 divinus
1185 2328 1489 2391 Apostolus
1520 2325 1660 2378 dixit
1690 2343 1702 2377 :
1732 2324 1838 2390 Qui
1864 2332 2044 2377 autem

461 2426 708 2495 inﬁrmus
738 2434 847 2489 est,
879 2427 995 2478 olus
1038 2416 1348 2476 manducet.
1385 2420 1520 2474 Cum
1556 2418 1710 2491 141
1744 2418 1889 2472 enim
1926 2432 2048 2485 per-

466 2517 662 2572 fectam
705 2515 863 2570 [idem
902 2531 1014 2570 non
1059 2513 1319 2577 haberet,
1353 2513 1560 2568 talibus
1608 2510 1748 2565 cibis
1781 2523 1839 2564 se
1875 2508 2045 2578 pollui

463 2608 746 2663 credebat.
1305 2665 1315 2675 .

536 2699 703 2754 Vens.
752 2698 894 2754 5.13
944 2699 1035 2768 qui
1091 2699 1399 2762 manducat,
1473 2713 1575 2749 non
1633 2694 2045 2749 niandurantem

462 2809 565 2847 non
599 2800 834 2860 spernat.
891 2790 996 2856 Qui
1042 2789 1189 2843 enim
1226 2804 1292 2843 ex
1348 2788 1615 2859 gentibus
1664 2785 2043 2851 crediderant,

458 2882 680 2937 Judaeos
737 2881 830 2952 qui
881 2879 1040 2934 ﬁdem
1093 2888 1454 2949 susceperant
1521 2878 1943 2941 aversabantur,
1985 2884 2047 2931 ut

458 2974 551 3044 qui
580 2989 775 3045 puram
822 2987 885 3027 ac
936 2973 1210 3028 sinceram
1256 2971 1417 3027 ﬁdem
1478 2986 1586 3025 non
1645 2970 1935 3036 baberent,
1992 2977 2047 3025 et

459 3065 581 3122 ideo
615 3067 827 3121 nollent
864 3064 1134 3134 ejusmodi
1164 3064 1307 3120 cibis
1335 3063 1504 3118 vesci.
1536 3066 1606 3117 Et
1638 3064 1731 3134 qui
1754 3079 1856 3117 non
1888 3079 2044 3116 man-

2154 573 2449 645 κρινόντων
2470 576 2597 640 τοὺς
2623 577 2681 643 ἐξ
2712 564 2883 630 ἐθνῶν
2909 578 3002 631 ἐπὶ
3027 580 3094 648 τῇ
3120 577 3401 649 ἁδιαφὸρῳ
3431 578 3738 650 μεταλήψει

2154 663 2263 717 τῶν
2312 664 2622 735 ἐδωδίμων,
2670 666 2943 721 κάκείνων
2986 667 3211 732 τούτους
3250 668 3622 723 διαπτυόντων
3652 670 3742 724 διὰ

2152 755 2251 828 τὴν
2278 755 2454 829 ἄκραν
2482 757 2577 810 τοῦ
2604 757 2770 828 νόμου
2815 759 2911 813 καὶ
2955 759 3217 831 περιττὴν
3252 742 3521 832 φυλακήν.
3553 761 3741 816 Ταῦτα

2151 846 2333 900 τοίνυν
2360 846 2587 917 ἰώμενος
2608 850 2636 901 6
2666 848 2809 913 θεῖος
2849 850 3193 916 Ἀπόστολος,
3221 851 3327 929 τὴν.
3352 852 3747 923 προσήκουσαν

2152 938 2400 1008 ἐκατέρῳ
2459 938 2614 1009 μέρει
2656 939 2958 1011 προσφέρει
3010 941 3355 1012 παραίνεσιν,
3409 942 3634 1013 Πρῶτον
3684 944 3743 996 δέ

2150 1046 2217 1098 γε
2244 1031 2371 1094 τοὺς
2397 1031 2457 1096 ἐξ
2484 1030 2658 1086 ἐθνῶν
2700 1034 2782 1097 είς
2811 1032 3169 1105 φιλαδελφίαν
3200 1034 3523 1106 προτρέπει.

2684 1194 3079 1265 ΚΕΦΛΛΛΙΟΝ
3106 1214 3200 1266 ιΔο.

2223 1306 2289 1352 α’.
2331 1300 2443 1353 Τὸν
2469 1300 2537 1354 δὲ
2565 1302 2945 1357 ἀσθενοῦντα
2990 1294 3066 1372 τῇ
3110 1305 3312 1357 πίστει
3354 1304 3741 1373 προσλαμσὰ-

2150 1398 2351 1458 νεσθε,
2381 1394 2468 1462 μὴ
2498 1396 2586 1459 εἰς
2620 1393 2955 1462 διακρίσεις
2988 1394 3321 1466 λογισμῶν.
3381 1395 3742 1448 Ἀσθενοῦντα

2150 1484 2207 1537 δὲ
2252 1484 2344 1537 τὸν
2388 1488 2509 1548 ταῖς
2565 1487 2818 1554 νομικαῖς
2866 1489 3285 1560 παρατηρήσεσι
3337 1486 3745 1560 δεδουλωμένον

2152 1575 2324 1629 καλεῖ.

2226 1668 2289 1739 β’.
2332 1671 2438 1734 Ὃς
2461 1668 2579 1738 μὲν
2605 1674 2875 1726 πιστεύει
2913 1666 3129 1741 φαγεῖν
3158 1670 3376 1724 πάντα.
3418 1670 3739 1734 Τουτέστιν,
3844 1680 3850 1685 ‘

2151 1759 2178 1811 6
2207 1758 2264 1824 ἐξ
2298 1759 2465 1811 ἐθνῶν
2499 1762 2905 1827 πεταστευκώς.
2946 1763 3008 1816 '0
3049 1763 3117 1816 δὲ
3168 1760 3447 1818 ἀσθενῶν
3492 1761 3745 1831 λάχανα

2149 1850 2357 1904 ἐσθίει.
2395 1850 2551 1915 Τινές
2585 1870 2771 1924 φασιν,
2800 1855 2873 1919 ὡς
2905 1856 3287 1927 αἰσχυνόμενοι
3314 1857 3441 1921 τοὺς
3473 1856 3532 1921 ἐξ
3560 1855 3743 1911 ἐθνῶν

2148 1942 2197 1993 oi
2222 1941 2286 2006 ἐξ
2325 1942 2626 2012 Ἰουδαίων,
2673 1946 2735 1998 οὐ
2775 1947 2936 2018 μόνον
2973 1947 3082 2002 τῶν
3115 1948 3278 2001 ὑείων
3330 1947 3546 2019 κρεῶν,
3597 1946 3746 2003 ἀλλὰ

2150 2031 2244 2085 καὶ
2302 2032 2403 2102 τῆς
2453 2033 2663 2105 ἄλλης⁷
2728 2037 3068 2106 κρεοφαγίας
3122 2039 3444 2110 ἀπείχοντο,
3500 2039 3745 2110 ἄσκησιν

2151 2128 2518 2209 σκηπτόμενοι
2566 2128 2661 2182 καὶ
2712 2130 3064 2202 ἐγκράτειαν.
3100 2130 3261 2184 Ὅθεν
3305 2132 3332 2184 6
3383 2130 3527 2195 θεῖος
3568 2131 3744 2184 Ἀπὸ-

2150 2215 2335 2279 στολος
2382 2217 2484 2289 ἔφη
2513 2235 2528 2248 ο
2576 2220 2640 2272 '0
2672 2221 2741 2273 δὲ
2773 2220 3050 2276 ἀσθενῶν
3079 2221 3320 2291 λάχανα
3358 2222 3564 2277 ἐσθίει.
3619 2224 3745 2277 Οὐκ

2148 2306 2287 2377 ἔχων
2319 2308 2429 2382 γὰρ
2457 2311 2672 2365 τελείαν
2698 2313 2797 2384 τὴν
2825 2314 3009 2368 πίστιν
3032 2355 3046 2381 ,
3087 2314 3414 2386 μολύνεσθαι
3448 2316 3535 2372 διὰ
3571 2316 3744 2390 τῆσδε

2148 2400 2249 2470 τῆς
2288 2400 2544 2472 βρώσεως
2571 2404 2975 2476 ὑπελάμϐανεν.

2219 2693 2287 2756 γ’.
2329 2688 2381 2739 '0
2402 2687 2624 2743 ἐσθίων
2646 2689 2856 2760 τὸνμὴ
2890 2693 3172 2747 ἐσθίοντα
3188 2693 3275 2763 μὴ
3317 2693 3741 2757 ἐξουθενείτω.

2148 2780 2407 2834 Διέπτυον
2437 2782 2544 2851 γάρ
2585 2782 2732 2852 τοὺς,
2759 2783 2817 2849 ἐξ
2863 2784 3129 2839 Ἰουδαίων
3157 2787 3204 2838 oi
3240 2784 3300 2852 ἐξ
3332 2784 3522 2849 ἐθνῶν,
3551 2785 3626 2846 ὡς
3653 2788 3745 2839 εἱ-

2146 2873 2363 2944 λικρινῆ
2390 2874 2569 2928 πίστιν
2589 2875 2687 2927 οὐκ
2705 2874 2948 2945 ἔχοντας,
2973 2878 3067 2928 καὶ
3095 2876 3183 2929 διὰ
3213 2876 3372 2931 τοῦτο
3393 2880 3492 2949 τῆς
3518 2878 3745 2933 τοιᾶσδε

2146 2965 2351 3037 τροφῆς
2372 2966 2700 3037 μεταλαχείν
2724 2967 2745 2997 ⁸
2761 2967 2860 3021 οὒκ
2878 2966 3180 3031 ἐθέλοντας.
3215 2969 3324 3022 Καί
3348 2972 3380 3023 ό
3397 2968 3484 3039 μὴ
3513 2957 3749 3025 ἐσθίων

2146 3057 2255 3110 τὸν
2268 3057 2553 3112 ἐσθίοντα
2568 3058 2655 3128 μὴ
2679 3059 2949 3127 κρινέτω.
2968 3060 3079 3115 Καὶ
3101 3061 3150 3114 oi
3172 3061 3231 3129 ἐξ
3255 3060 3522 3117 Ἰουδαίων
3549 3063 3747 3133 μέντοι

457 3161 638 3225 ducat,
675 3158 1090 3218 manducantem
1123 3173 1228 3211 non
1257 3157 1481 3225 judicet.
1517 3155 1587 3209 At
1611 3155 1808 3225 qui-ex
1840 3153 2042 3209 Iudaeis

2155 3148 2271 3212 τοὺς
2305 3147 2363 3215 ἐξ
2412 3149 2581 3203 ἐθνῶν
2612 3150 2956 3221 κατέκρινον,
3013 3151 3365 3225 παρανομίαν
3419 3152 3747 3222 νομίζοντες

457 3248 807 3306 crediderant
868 3247 1058 3303 ﬁdeles
1128 3262 1192 3302 ex
1261 3245 1521 3316 gentibus
1573 3244 2040 3309 condemnabant,

457 3340 832 3412 promiscuum
865 3338 1119 3393 ciborum
1178 3352 1336 3393 esum
1370 3336 1622 3391 illicitum
1659 3344 1715 3392 et
1766 3336 2041 3391 nefarium

457 3432 859 3487 existimantes.
892 3430 1036 3485 Deus
1062 3432 1201 3485 enim
1234 3429 1386 3483 illum
1424 3430 1739 3498 assumpsit,
1782 3430 2041 3500 gentilem

458 3521 691 3579 s‘cilicet.
730 3522 796 3575 Et
829 3523 1009 3593 pergit
1041 3522 1097 3577 in
1124 3520 1377 3576 Judaeum
1406 3520 1612 3576 invehi.

530 3610 883 3678 Vens.4.Tu,
926 3613 1045 3682 quis
1068 3628 1144 3676 es,
1173 3612 1263 3682 qui
1282 3609 1502 3679 judicas
1537 3611 1770 3666 alienum
1804 3613 2043 3668 servum?

458 3697 688 3753 Domino
722 3716 817 3754 suo
856 3709 988 3763 stat,
1017 3709 1110 3755 aut
1159 3699 1325 3752 cadit.
1389 3699 1595 3756 Servus
1641 3703 2040 3774 unusquisque,

457 3801 512 3845 et
559 3792 751 3848 vivens
814 3792 1033 3847 lucrum
1081 3798 1167 3847 est
1203 3791 1412 3847 domini
1448 3793 1559 3860 sui,
1595 3802 1647 3848 et
1682 3796 1928 3851 moriens
1962 3796 2041 3852 illi

456 3899 654 3939 rursus
684 3884 944 3939 damnum
969 3883 1147 3939 all'ert.
1183 3883 1250 3938 Et
1281 3884 1430 3942 hunc
1466 3900 1597 3957 ergo
1631 3887 1766 3942 emit
1813 3889 2041 3944 univer-

458 3990 645 4030 sorum
681 3973 980 4042 Dominus,
1031 3977 1296 4047 proprio'
1333 3977 1389 4032 in
1449 3978 1692 4049 pretium
1751 3978 1882 4035 dato
1911 3995 2042 4035 san-

458 4066 646 4137 guine.
675 4066 743 4122 Et
775 4067 905 4133 quia
936 4067 1108 4133 dixit,
1146 4084 1241 4122 suo
1274 4068 1487 4124 domino
1546 4079 1677 4133 stat,
1726 4080 1821 4123 aut
1871 4072 2039 4138 cadit,

456 4159 773 4215 necessario
794 4158 1102 4226 subiunxit,
1132 4160 1295 4214 stabit
1338 4170 1536 4216 autem.
1568 4160 1633 4214 Et
1654 4160 1860 4215 dictum
1879 4169 2039 4217 suum

457 4251 553 4308 Dei
587 4252 833 4323 potentia
873 4252 1164 4306 confirmat
1198 4269 1262 4310 ac
1298 4255 1510 4310 stabilit
1537 4271 1551 4307 :
1582 4252 1775 4308 Potens
1806 4258 2042 4309 estenim

454 4343 601 4400 Deus
624 4353 858 4398 statuere
884 4342 1058 4399 illum.
1096 4343 1221 4400 Haec
1245 4362 1371 4401 cum
1415 4346 1483 4402 de
1515 4345 1658 4405 cibis
1686 4345 1941 4413 dixisset,
1972 4347 2040 4402 ad

455 4439 574 4496 dies
598 4438 907 4494 orationem
938 4440 1236 4493 convertit.

524 4616 689 4674 Vens.
717 4617 770 4672 5.
797 4614 937 4670 Nam
967 4618 1109 4672 alius
1126 4617 1337 4686 judicat
1358 4618 1497 4672 diem
1520 4618 1657 4670 inter
1684 4604 1858 4682 diem?
1893 4618 2033 4673 alius

455 4719 630 4763 autem
663 4708 873 4779 iudicat
918 4725 1123 4762 onmem
1166 4710 1324 4763 diem.
1387 4707 1493 4763 Alii
1552 4708 1700 4762 enim
1762 4717 2035 4781 perpetuo

452 4801 807 4855 abstinebant
835 4815 865 4854 a
891 4800 1032 4856 cibis
1064 4801 1179 4871 lege
1222 4799 1555 4870 prohibitis;
1612 4799 1707 4854 alii
1744 4813 1875 4857 vero
1907 4783 2031 4874 qui-

453 4893 685 4949 busdam
720 4893 934 4949 diebus.
971 4891 1340 4968 Unusquisque
1372 4892 1427 4947 in
1467 4909 1563 4947 suo
1603 4910 1759 4949 sensu
1784 4895 2036 4954 abundet.

451 4985 572 5043 Non
615 4986 719 5042 hoc
768 4986 957 5060 posuit
986 4984 1318 5057 generaliter
1354 5001 1368 5038 :
1403 5000 1584 5054 neque
1616 4987 1764 5041 enim
1802 4986 1872 5046 de
1900 4987 2041 5045 divi-

450 5076 542 5133 nis
571 5077 811 5133 decretis
843 5076 951 5130 hoc
993 5074 1203 5131 sentire
1253 5073 1432 5144 jubet.
1475 5075 1584 5132 Eos
1634 5092 1874 5150 namque
1907 5094 2039 5136 ana-

454 5168 781 5224 thematizat
831 5166 927 5236 qui
962 5158 1188 5220 veritati
1246 5166 1523 5220 contraria
1578 5167 1777 5224 docere
1814 5169 1870 5223 in
1918 5172 2036 5225 ani-

453 5273 602 5313 mum
634 5260 923 5315 inducunt.
956 5275 976 5307 ι
1007 5255 1065 5310 Si
1096 5254 1223 5325 quis
1259 5256 1431 5325 enim,
1464 5257 1665 5329 inquit,
1698 5262 2037 5333 evangelizet

449 5350 608 5405 vobis
643 5349 793 5404 aliud
830 5345 1181 5415 Evangelium
1213 5362 1379 5418 quam
1420 5350 1566 5421 quod
1612 5354 1928 5423 accepistis,
1963 5356 2037 5411 sit

450 5441 810 5495 anathema'.
855 5458 874 5491 ι
911 5436 987 5493 De
1031 5437 1166 5495 solis
1196 5439 1383 5511 itaque
1412 5443 1552 5500 cibis
1598 5444 2035 5516 uniuscujusque

524 5608 546 5633 ι
589 5596 766 5651 Galat.
813 5597 952 5660 I,'8.

2144 3239 2245 3331 τὴν
2294 3238 2587 3313 ἀδιάφορον
2635 3242 2743 3295 τῶν
2792 3243 3073 3315 ἐδωδίμων
3126 3246 3448 3300 ἀπόλαυσιν.
3493 3248 3555 3331 :0
3588 3248 3747 3315 Θεὸς

2146 3324 2255 3403 γὰρ
2283 3334 2473 3387 αὑτὸν
2517 3334 2924 3401 προσελάϐετο
2957 3336 2977 3368 ³
3004 3351 3015 3364 ·
3072 3338 3320 3390 τουτέστι
3353 3337 3444 3391 τὸν
3495 3324 3736 3397 ἐθνικόν.

2145 3425 2254 3480 Καὶ
2277 3423 2526 3496 ἐπιμένει
2549 3424 2683 3496 πρὸς
2710 3425 2797 3478 τὸν
2840 3426 3093 3481 Ἰουδαῖον
3119 3427 3561 3498 ἀποτεινόμενος.

2214 3605 2277 3659 δ’.
2325 3605 2411 3659 Σὺ
2446 3606 2536 3670 τίς
2558 3600 2617 3658 εἴ
2661 3607 2694 3658 ό
2723 3607 2945 3674 κρίνων
2970 3607 3298 3676 ἀλλότριον
3337 3607 3619 3677 οίκέτην;
3651 3609 3742 3674 Τῷ

2147 3697 2273 3765 ἰδίῳ
2321 3687 2516 3765 Κυρίῳ
2545 3697 2779 3767 στήκει,
2832 3699 2870 3767 ἢ
2903 3700 3126 3754 πίπτει.
3177 3700 3293 3763 Πᾶς
3340 3700 3578 3771 οἰκέτης,
3638 3703 3741 3755 καὶ

2146 3788 2253 3854 ζῶν
2285 3788 2379 3842 τοῦ
2412 3788 2613 3842 οἰκείου
2663 3790 2926 3845 δεσπότου
2962 3790 3155 3860 κέρδος
3200 3791 3337 3856 ἐστὶ,
3386 3794 3478 3846 καὶ
3540 3793 3739 3845 τελευ-

2144 3885 2315 3957 τήσας
2345 3879 2520 3939 πάλιν⁸
2542 3884 2692 3954 αὐτῷ
2723 3885 2978 3955 προξενεῖ
3009 3884 3106 3955 τὴν
3138 3885 3360 3956 ζημίαν.
3393 3886 3501 3939 Καὶ
3543 3885 3739 3940 τοῦτον

2144 3976 2326 4030 τοίνυν
2368 3977 2399 4027 6
2428 3974 2537 4027 τῶν
2573 3974 2709 4027 ὅλων
2746 3974 2977 4046 ἐπρίατο
3010 3975 3238 4047 Κύριος,
3268 3976 3330 4029 τὸ
3359 3980 3557 4032 οἰκεῖον
3590 3975 3739 4050 αἷμα

2143 4067 2308 4138 τιμὴν
2355 4065 2622 4130 δεδωκώς.
2665 4067 2774 4120 Καὶ
2827 4067 3014 4139 ἐπειδὴ
3066 4064 3208 4133 εἷπε,
3250 4068 3339 4136 Τῷ
3390 4070 3516 4134 ἰδίῳ
3546 4064 3739 4140 κυρίῳ
3793 4094 3799 4099 ·

2143 4157 2355 4224 στήκει
2443 4158 2667 4220 πίπτει,
2696 4160 3010 4228 ἀναγκαίως
3031 4164 3281 4233 ἐπήγαγε
3310 4181 3323 4194 ⁸
3356 4166 3738 4235 Σταθήσεται

2143 4246 2230 4301 δέ.
2273 4233 2579 4319 Καλίκυροῖ
2610 4249 2703 4303 τὸν
2741 4250 2899 4320 λόγον
2934 4256 2998 4324 τῇ
3035 4253 3129 4308 τοῦ
3164 4255 3298 4309 Θεοῦ
3338 4233 3586 4328 δυνάμει.
3621 4262 3738 4315 Δυ-

2143 4342 2327 4407 νατὸς
2348 4339 2459 4409 γάρ
2489 4341 2661 4396 ἐστιν
2686 4346 2719 4397 ό
2745 4345 2889 4412 Θεὸς
2913 4344 3137 4414 στῆσαι
3155 4349 3363 4406 αὐτόν.
3386 4351 3572 4407 Ταῦτα
3601 4356 3737 4425 περὶ

2141 4433 2251 4487 τῶν
2280 4433 2590 4505 ἐδεσμάτων
2622 4436 2811 4505 εἰπὼν,
2848 4440 2928 4504 είς
2953 4441 3289 4523 τάςήμέρας
3318 4445 3616 4516 μεταφέρει
3637 4447 3737 4503 τὸν

2069 4504 2115 4560 Ῐ)
2146 4527 2321 4594 λόγον.

2198 4625 2276 4675 ε’.
2315 4621 2420 4686 Ὃς
2448 4621 2565 4691 μὲν
2598 4623 2784 4691 κρίνει
2831 4626 3060 4695 ἡμέραν
3105 4628 3244 4697 παρ’
3271 4629 3521 4699 ἡμέραν,
3561 4631 3630 4699 ὃς
3662 4633 3736 4687 δὲ

2146 4711 2333 4780 κρίνει
2371 4710 2578 4767 πᾶσαν
2608 4714 2859 4783 ἡμέραν.
2898 4718 2961 4770 Ui
3009 4717 3109 4789 μέν
3136 4718 3246 4790 γὰρ
3276 4720 3540 4792 διηνεκῶς
3573 4725 3731 4778 ἀπεί-

2147 4820 2304 4875 χοντο
2325 4802 2431 4857 τῶν
2460 4804 2929 4878 ἀπηγορευμένων
2954 4809 3057 4863 ὑπὸ
3079 4810 3173 4864 τοῦ
3198 4813 3363 4884 νόμου
3392 4814 3729 4887 βρωμάτων,

2145 4896 2195 4948 οί
2233 4893 2289 4947 δὲ
2342 4895 2488 4960 ἐνίας
2523 4897 2755 4968 ἡμέρας.
2799 4899 3096 4967 Ἕκαστος
3136 4900 3214 4967 τῷ
3251 4904 3378 4970 ἰδίῳ
3425 4907 3522 4960 νοῒ
3566 4913 3729 4976 πλη-

2137 4990 2531 5059 ροφορείσθω.
2560 4992 2633 5046 Οὐ
2665 4992 2971 5059 καθολικῶς
2995 4996 3154 5052 τοῦτο
3173 5000 3434 5060 τέθεικεν·
3465 5005 3588 5069 οὐδὲ
3618 5006 3731 5080 γὰρ

2146 5081 2415 5153 περὶτῶν
2451 5082 2609 5137 θείων
2654 5084 2942 5157 δογμάτων
2991 5091 3151 5146 τοῦτο
3212 5094 3427 5151 κελεύει
3481 5103 3724 5169 φρονεῖν.

2156 5173 2572 5246 ’Δναθεματίζει
2604 5178 2711 5250 γὰρ
2757 5182 2884 5246 τοὺς
2924 5184 3185 5240 τάναντία
3214 5191 3281 5261 τῇ
3325 5190 3553 5264 ἀληθείᾳ
3581 5193 3723 5248 διδά-

2145 5285 2295 5323 σκειν
2321 5269 2703 5340 ἀνεχομένους.
2733 5291 2753 5325 ι
2799 5273 2869 5330 Et
2890 5293 2973 5341 τις
3008 5278 3139 5350 γὰρ,
3169 5281 3354 5352 φησιν,
3378 5284 3524 5355 ὑμᾶς
3560 5286 3722 5355 εὐαγο
3772 5320 3779 5327 -

2141 5359 2573 5453 γελίζεταιπαρ’
2600 5364 2629 5417 ὃ
2660 5365 3021 5453 παρελάϐετε,
3054 5372 3306 5444 ἀνάθεμα
3333 5376 3495 5434 ἔστω.
3534 5398 3553 5432 ι
3590 5381 3727 5453 Περὶ

2145 5451 2323 5521 μόνων
2354 5452 2536 5508 τοίνυν
2584 5453 2693 5511 τῶν
2743 5443 3057 5515 ἐδεσμάτων
3105 5465 3174 5533 τῇ
3231 5443 3463 5523 ἑκάστου
3516 5443 3727 5542 διανοίᾳ

1771 5722 2010 5776 vanus
2054 5718 2466 5797 LECf’rtoNEs.

543 5807 563 5837 "
596 5806 762 5877 ἄλλης
792 5807 942 5866 deest
974 5811 1026 5866 in
1052 5812 1112 5868 Β.
1205 5815 1226 5845 ⁸
1253 5815 1295 5866 Α
1323 5798 1667 5883 μεταλαϐεῖν.

1763 5817 1782 5846 θ
1806 5818 1848 5866 Α
1878 5815 1959 5868 ὅτι
1986 5814 2012 5869 6
2042 5819 2105 5873 Θ.
2142 5820 2304 5874 αὐτὸν
2343 5825 2563 5894 προσελ.
