4034 6406
233 386 341 453 231
1074 384 1690 447 INTERPRETATIO
1720 381 1962 444 EPIST.
1997 382 2098 441 AD
2124 381 2306 443 ROM.
2360 384 2517 444 CAP.
2551 383 2703 442 XIV.
3418 390 3530 455 202

231 504 330 574 τὴν
364 495 615 565 ἐξουσέαν
647 494 942 567 ἀπένειμε.
975 494 1152 574 Τοῦτο
1174 496 1382 568 γάρτοι
1418 500 1513 551 καὶ
1554 498 1716 567 μέχρι
1743 494 1836 550 τοῦ

1949 495 2105 567 142
2135 496 2423 551 sententi-ac
2450 503 2776 565 potestatem
2828 493 2998 549 dedit.
3040 493 3167 551 Haec
3201 497 3347 552 enim
3393 514 3527 556 con-

236 592 499 663 παρὸντος
529 590 591 641 ἐν
617 590 744 651 ταῖς
789 587 1146 658 Ἐκκλησξαις
1176 590 1237 643 τὸ
1258 589 1380 653 ἔθος
1412 590 1712 660 μεμένηκε·
1746 591 1838 642 καὶ

1946 588 2175 644 suetudo
2206 588 2260 641 in
2295 587 2621 643 hodiernum
2655 602 2832 657 usque
2858 586 3004 642 diem
3025 589 3230 644 mansit
3257 589 3310 643 in
3340 588 3526 646 Eccle-

232 688 261 739 ὅ
285 686 381 754 μὲν
411 679 737 744 ἀσπάζεται
768 680 869 752 τεὴν
900 681 1255 752 ἐγκράτειαν,
1279 682 1308 734 ὁ
1328 682 1387 735 δὲ
1415 681 1636 735 πάντων
1665 680 1838 744 ἀδεῶς

1946 679 2040 734 siis
2074 698 2087 734 :
2118 688 2172 734 et
2203 679 2293 734 hic
2317 678 2542 749 quidem
2574 678 2972 734 abstinentiam
3023 672 3400 749 amplectitur,
3435 680 3526 738 ille

244 770 647 843 μετώαμᾶάνει
681 770 795 824 τῶν
829 771 1112 841 ἐδωδίμων
1139 771 1183 802 ¹⁰
1201 787 1214 801 ·
1240 772 1332 824 καὶ
1354 769 1478 823 οὔτε
1500 765 1656 834 οὗτος
1688 771 1836 823 ἐκεῖ·

1946 786 2072 827 vero
2100 770 2362 827 omnibus
2383 770 2687 826 esculentis
2711 770 2924 842 absque
2949 772 3218 842 scrupulo
3241 772 3485 829 vescitur
3509 792 3522 825 :

243 884 330 922 vos
356 864 526 936 κρίνει
560 863 636 928 ¹¹,
665 863 795 918 οὔτε
820 865 1034 927 ἐκεῖνος
1053 864 1434 935 ἐπιμέμφεται
1474 863 1670 934 τούτῳ,
1701 862 1838 917 ἀλλὰ

1946 872 1995 920 et
2054 878 2236 934 neque
2296 863 2388 917 hic
2447 862 2602 917 illum
2658 863 2895 933 judicat,
2952 880 3135 935 neque
3162 865 3255 921 ille
3288 866 3523 921 alterum

245 956 315 1029 τῷ
339 956 479 1026 νόμῳ
502 956 613 1026 τῆς
633 955 901 1025 ὁμονοίας
922 954 1358 1028 λαμπρύνονται.

1946 957 2290 1027 reprehendit
2332 976 2344 1012 :
2381 957 2476 1012 sed
2519 957 2636 1027 lege
2681 957 2997 1013 coricordiae
3028 959 3341 1028 conspicui
3370 966 3523 1015 sunt.

303 1056 373 1114 ς’.
412 1049 476 1101 '0
520 1046 777 1117 sapori?»-
804 1047 919 1115 τὴν
955 1047 1207 1117 ἡμέραν,
1237 1049 1433 1116 Κυρίῳ
1459 1047 1706 1117 φρονεῖ·
1740 1048 1838 1102 καὶ

2012 1048 2180 1104 Vens.
2225 1050 2277 1103 6.
2321 1047 2426 1115 Qui
2475 1049 2617 1116 sapit
2656 1048 2817 1113 diem,
2860 1047 3106 1104 δυστιιίηο
3147 1051 3308 1118 sapit,
3346 1059 3397 1104 et
3433 1052 3528 1122 qui

234 1144 268 1198 ὁ
280 1140 367 1211 μὴ
397 1138 661 1209 φρονῶν
685 1139 807 1208 τὴν
838 1140 1091 1208 ἡμέραν,
1128 1139 1324 1207 Κυρίῳ
1358 1140 1432 1192 οὺ
1463 1138 1709 1208 φρονεῖ·
1737 1138 1838 1193 καὶ

1946 1157 2044 1195 non
2075 1140 2214 1209 sapit
2248 1139 2409 1205 diem,
2451 1138 2674 1194 Domino
2713 1156 2817 1193 non
2852 1141 3030 1208 sapit;
3073 1149 3124 1194 et
3157 1141 3251 1210 qui
3290 1141 3524 1194 mandu-

229 1239 261 1289 ὁ
284 1235 538 1296 ἐσθίων,
576 1233 784 1301 Κυρίῳ
809 1234 1002 1288 ἐσθίει
1023 1249 1037 1263 ’
1061 1231 1414 1301 εὐχαριστεῖ
1444 1231 1555 1301 γὰρ
1585 1229 1668 1296 τῷ
1691 1229 1835 1297 Θεῷ·

1946 1238 2049 1292 cat,
2080 1227 2305 1282 Domino
2351 1226 2639 1281 manducet
2668 1241 2686 1279 :
2714 1226 2925 1297 gratias
2960 1226 3100 1280 enim
3140 1227 3251 1297 agit
3286 1226 3430 1293 Deo,
3473 1242 3522 1286 et

226 1326 319 1380 καὶ
349 1328 389 1379 ὀ
422 1324 518 1394 μὴ
560 1325 816 1389 ἐσθίων,
849 1325 1046 1393 Κυρίῳ
1071 1328 1183 1378 οὐκ
1212 1323 1426 1388 ἐσθίει,
1458 1324 1557 1380 καὶ
1592 1325 1834 1393 εὐχαρις

1946 1319 2030 1389 qui
2048 1334 2152 1372 non
2170 1316 2482 1382 manducat,
2506 1316 2732 1371 Domino
2767 1333 2871 1371 non
2898 1317 3212 1383 manducat,
3244 1328 3294 1371 et
3314 1320 3524 1388 gratias

217 1417 354 1473 στεῖ
387 1417 473 1482 τῷ
525 1415 680 1483 Θεῷ.
739 1416 1245 1486 Συγκαταϐατικῶς
1285 1416 1461 1470 ταῦτα
1508 1416 1688 1482 λέγει,
1739 1417 1838 1485 τὴν

1946 1410 2051 1478 agit
2111 1408 2241 1464 Deo.
2291 1408 2801 1464 Condescendendo
2854 1408 2973 1463 haec
3034 1407 3203 1472 dicit,
3264 1408 3527 1466 Ecclesiae

218 1508 561 1578 συμφωνίαν
597 1510 670 1578 τῇ
730 1506 1031 1579 Ἐκκλησία
1086 1506 1637 1578 πραγματευόμενος.
1692 1502 1838 1568 Οἵδε,

1946 1499 2300 1555 concordiam
2324 1515 2659 1571 procurans.
2691 1497 2878 1565 Novit,
2913 1500 3113 1570 inquit,
3134 1500 3524 1557 universorum

218 1603 412 1670 φησὶν,
450 1601 482 1652 ὁ
512 1598 631 1651 τῶν
684 1599 826 1652 ὅλων
856 1598 992 1662 Θεὸς
1020 1598 1113 1652 τὸν
1142 1598 1249 1652 τῶν
1278 1597 1571 1652 ἐσθιόντων
1600 1598 1695 1651 καὶ
1746 1597 1838 1651 τὸν

1946 1590 2089 1647 Deus
2112 1606 2303 1647 eorum
2326 1592 2423 1662 qui
2451 1590 2750 1646 comedunt
2780 1598 2835 1646 et
2862 1605 3054 1645 eorum
3094 1592 3188 1661 qui
3227 1606 3336 1646 non
3366 1606 3520 1647 com-

218 1694 320 1746 τῶν
364 1693 484 1745 οὐκ
535 1691 840 1745 ἐσθιόντων
883 1691 1117 1746 σκοπόν
1166 1691 1349 1745 καὶοὺ
1400 1690 1477 1761 τῷ
1505 1690 1655 1762 ἔργῳ
1690 1690 1839 1761 μόνῳ

219 1784 514 1856 προσέχει,
555 1784 704 1838 ἀλλὰ
746 1785 844 1836 καὶ
862 1784 965 1853 τὴν
997 1784 1091 1837 τοῦ
1120 1784 1407 1854 γινομένου
1445 1784 1689 1838 διάνοιαν
1749 1782 1840 1848 ἐξ·

218 1876 426 1940 ετὰζει.
542 1912 545 1915 -

281 1968 350 2032 ζ’,
375 1973 463 2039 η’.
507 1965 735 2032 οὐδεὶς
758 1964 873 2035 γὰρ
919 1964 1093 2035 ἡμῶν
1122 1963 1316 2031 ἑαυτῷ
1344 1963 1435 2033 ζῇ,
1477 1964 1580 2018 καὶ
1637 1963 1839 2028 οὐδεὶς

216 2059 384 2129 ἡμῶν
409 2057 625 2124 ἐαυτῷ
660 2057 1062 2126 ἀποθνήσκει.
1106 2056 1241 2111 Ἐάν
1273 2074 1339 2111 τε
1372 2056 1485 2127 γὰρ
1521 2055 1729 2125 ζῶμεν,
1757 2056 1839 2121 τῷ

215 2152 421 2219 Κυρίῳ
469 2150 672 2219 ζῶμεν
696 2167 711 2180 ’
742 2150 856 2203 ἐάν
884 2166 949 2203 τε
989 2149 1497 2218 ἀποθηῆσκωμεν,
1524 2146 1604 2212 τῷ
1642 2147 1837 2215 Κυρίῳ

210 2241 736 2310 ἀποθνήσκομεν,
780 2237 923 2294 Ἐάν
958 2255 1023 2293 τε
1044 2234 1160 2294 οὖν
1199 2236 1408 2308 ζῶμεν,
1442 2237 1554 2292 ἐάν
1600 2254 1664 2292 τε
1691 2238 1840 2293 ἀστοί

213 2334 619 2403 θνήσκωμεν,
658 2332 772 2387 τοῦ
828 2331 1059 2399 Κυρίου
1097 2331 1310 2400 ἐσμέν.
1346 2330 1463 2384 Οὐκ
1504 2329 1674 2400 ἐσμὲν
1709 2331 1838 2384 ἐαυ-

144 2406 158 2421 ’
215 2425 317 2478 τῶν
365 2424 594 2495 κύριοι,
644 2424 820 2495 τιμῆς
868 2422 1282 2494 ήγοράσθημεν.
1341 2423 1454 2476 Καὶ
1498 2407 1703 2486 ζῶντες
1743 2417 1837 2476 οὖν

217 2515 303 2568 τοῦ
344 2513 571 2585 Κυρίου
626 2513 825 2583 ἐσμὲν,
859 2514 955 2566 καὶ
1007 2512 1448 2583 ἀποθνήσκοντες
1491 2511 1585 2567 τοῦ
1630 2511 1836 2583 Κυρίου

218 2608 404 2677 ἐσμὲν.
457 2604 618 2659 Ἀντὶ
667 2603 787 2658 τοῦ·
848 2603 988 2657 Οὔτε
1036 2605 1102 2658 σὺ
1134 2603 1346 2658 ἐκείνου
1380 2602 1683 2669 δεσπόζεις,
1712 2601 1837 2657 οὔτε

217 2701 427 2763 ἐκεῖνος
460 2697 587 2752 σοῦ·
618 2698 722 2752 ἕνα
741 2696 855 2769 γὰρ
880 2698 1084 2760 πάντες
1112 2696 1314 2769 ἔχομεν
1338 2696 1563 2767 Κύριον.

285 2792 352 2849 θ’.
392 2794 510 2858 εἰς
557 2790 748 2845 τοῦτο
783 2792 897 2860 γὰρ
953 2791 1218 2858 Χριστὸς
1262 2788 1362 2843 καὶ
1417 2789 1701 2852 ἀπέθανε,
1735 2789 1839 2845 καί

218 2881 476 2949 ἀνέστη,
498 2881 608 2935 καὶ
638 2877 959 2949 ἀνέζησεν,
979 2880 1082 2934 ἵνα
1101 2879 1202 2934 καὶ
1228 2877 1459 2948 νεκρῶν
1480 2880 1578 2934 καὶ
1606 2878 1839 2941 ζώντων

222 2976 543 3043 κυριεύσῃ.
596 2973 847 3037 Ἐκεῖνός
896 2974 1045 3026 ἐστιν
1100 2974 1130 3026 ὀ
1187 2973 1409 3027 πάντων
1459 2975 1767 3047 Δεσπότης,
1807 2976 1838 3029 ὁ

223 3067 342 3132 δοὺς
367 3067 575 3121 ἑαυτὸν
597 3065 749 3137 ὑπὲρ
770 3063 931 3136 ἡμῶν
960 3064 1039 3135 τῷ
1065 3064 1302 3136 θανάτῳ,
1333 3067 1362 3119 ὁ
1392 3066 1705 3131 καταλύσας
1740 3067 1835 3123 τοῦ

227 3159 459 3212 θανάτου
494 3161 562 3211 τὸ
594 3156 829 3228 κράτος,
866 3157 962 3208 καὶ
993 3157 1332 3226 πᾶσιν,ήμῖν
1363 3157 1836 3229 ἐπαγγειλάμενος

226 3250 319 3322 τὴν
367 3252 704 3305 ἀνάστασιν.
746 3248 909 3318 Αὐτῷ
943 3249 1123 3303 τοίνυν
1175 3248 1537 3318 ὑποκείμεθα,
1592 3250 1669 3313 ὡς
1701 3264 1836 3320 παρ’

233 3342 391 3397 αὐτοῦ
420 3343 726 3414 δεξάμενοι
754 3340 857 3413 τὴν
887 3339 1058 3412 ζωήν.

1941 1686 2116 1742 edunt
2149 1686 2496 1756 propositum
2535 1703 2548 1740 :
2584 1701 2686 1740 nec
2753 1686 2934 1741 solum
3005 1683 3211 1743 factum
3265 1689 3531 1752 attendit,

1874 1848 1915 1902 Β
1944 1779 2043 1836 sed
2075 1780 2244 1835 etiam
2282 1778 2411 1834 iacti
2446 1778 2740 1835 consilium
2772 1780 3079 1835 examinat.

1985 1954 2189 2012 .V'uns.
2225 1953 2355 2018 7,8.
2397 1950 2560 2008 Nemo
2629 1954 2770 2009 enim
2804 1962 3045 2008 nostrum
3105 1954 3209 2008 sibi
3266 1954 3427 2017 vivit,
3479 1962 3528 2005 et

1946 2064 2097 2102 nemo
2123 2055 2364 2101 nostrum
2393 2045 2499 2101 sibi
2524 2046 2773 2100 moritur.
2800 2046 2920 2102 Sive
2960 2047 3099 2100 enim
3145 2046 3388 2113 vivimus,
3424 2046 3532 2100 Do-

1946 2141 2088 2195 mino
2118 2140 2336 2194 vivimus
2358 2157 2377 2194 :
2410 2141 2517 2194 sive
2542 2140 2823 2203 morimur,
2846 2139 3072 2194 Domino
3094 2141 3375 2196 morimur.
3410 2139 3529 2196 Sive

1944 2248 2067 2303 ergo
2117 2232 2364 2296 vivimus,
2399 2233 2507 2287 sive
2562 2232 2841 2295 morimur,
2884 2231 3099 2285 Domini
3169 2248 3377 2287 sumus.
3405 2232 3528 2287 Non

1946 2340 2142 2381 sumus
2193 2325 2250 2379 in
2301 2334 2490 2380 nostra
2523 2332 2833 2394 potestate,
2881 2323 3063 2395 pretio
3106 2325 3274 2394 empti
3309 2340 3525 2382 sumus.

1949 2416 2013 2470 Et
2064 2416 2313 2473 viventes
2368 2430 2499 2487 ergo
2553 2414 2777 2471 Domini
2829 2431 3055 2499 sumus;
3117 2423 3172 2470 et
3225 2418 3529 2473 morientes

1948 2508 2166 2563 Domini
2218 2522 2438 2566 sumus.
2473 2506 2644 2575 Quasi
2687 2507 2841 2563 dicat
2876 2526 2889 2562 :
2919 2506 3031 2563 Nec
3061 2516 3118 2562 tu
3157 2508 3304 2564 illius
3335 2523 3396 2564 es
3433 2508 3531 2563 do-

1946 2602 2152 2665 minus,
2186 2615 2288 2657 nec
2332 2600 2424 2657 ille
2452 2599 2556 2656 tui.
2599 2598 2880 2657 Habemus
2933 2601 3082 2656 enim
3133 2615 3326 2659 omnes
3357 2618 3529 2661 unum

1947 2694 2266 2748 Dominum.

2020 2782 2186 2840 Vens.
2216 2784 2271 2840 9.
2305 2782 2371 2836 In
2404 2782 2500 2836 hoc
2553 2783 2694 2837 enim
2741 2782 2989 2852 Christus
3048 2792 3288 2839 mortuus
3327 2793 3430 2853 est,
3477 2794 3532 2843 et

1946 2876 2258 2937 resurrexit,
2285 2884 2335 2929 et
2372 2875 2586 2941 revixit,
2617 2883 2675 2929 ut
2723 2885 2774 2929 et
2822 2886 3153 2931 mortuorum
3204 2886 3255 2930 et
3296 2878 3531 2933 vivorum

1945 2966 2267 3021 dominetur.
2298 2965 2393 3021 Ille
2425 2973 2510 3021 est
2555 2966 2803 3021 omnium
2858 2966 3144 3032 Dominus,
3197 2968 3292 3040 qui
3341 2984 3402 3025 se
3429 2984 3530 3040 pro

1945 3057 2108 3112 nobis
2140 3058 2301 3112 morti
2336 3056 2588 3124 tradidit,
2616 3057 2709 3130 qui
2733 3060 2928 3113 mortis
2951 3059 3291 3129 potentiam'
3323 3059 3530 3115 dissol-

1946 3150 2048 3216 vit,
2075 3159 2131 3206 et
2185 3151 2344 3206 nobis
2373 3151 2636 3206 omnibus
2686 3151 3155 3208 resurrectionem
3191 3158 3276 3208 est
3310 3153 3530 3224 pollici-

1948 3249 2060 3296 tus.
2116 3241 2195 3296 Illi
2251 3257 2386 3314 ergo
2428 3243 2661 3313 subjecti
2694 3258 2912 3308 sumus,
2946 3252 3006 3298 ut
3031 3242 3125 3314 qui
3154 3244 3322 3298 vitam
3355 3245 3425 3301 ab
3462 3260 3530 3302 eo

1948 3335 2348 3404 acceperimus.
2452 3388 2459 3395 ,

2020 3422 2184 3479 Vens.
2217 3426 2303 3479 IO.
2336 3422 2416 3479 Tu
2455 3434 2633 3479 autem
2662 3424 2789 3495 quid
2813 3423 3032 3495 judieas
3070 3424 3296 3495 fratrem
3338 3429 3531 3483 tuum?

1950 3514 2107 3588 143
2152 3512 2345 3572 Judtno
2372 3516 2490 3572 haec
2519 3516 2678 3573 dicit.
2714 3518 2906 3573 Omnes
2944 3518 3084 3573 enim
3107 3518 3369 3574 stabimus
3405 3529 3529 3572 ante

1948 3609 2186 3663 tribunal
2245 3607 2469 3664 Christi.
2540 3608 2745 3665 Deinde
2808 3610 2957 3681 quod
3033 3610 3174 3665 dixit
3235 3610 3532 3666 continuat

1864 3205 1909 3264 C

306 3438 354 3483 ι’.
377 3432 456 3485 Σὺ
483 3431 558 3485 δὲ
602 3430 665 3484 τί
695 3430 930 3498 κρίνεις
956 3429 1067 3483 τὸν
1096 3429 1367 3500 ἀδελφόν
1393 3444 1553 3495 σου;
1580 3430 1673 3502 Τῷ
1705 3431 1839 3485 ’1ου-

245 3518 368 3589 δαὶιι»
389 3518 565 3573 ταῦτα
588 3516 823 3585 Mysi“.
843 3515 1075 3582 Πάντες
1096 3518 1202 3586 γὰρ
1222 3519 1732 3587 παραστησόμεθα
1759 3517 1842 3584 τῷ

252 3605 455 3672 ,ϐήματι
486 3605 601 3660 τοῦ
642 3605 943 3673 Χριστοῦ.
980 3599 1119 3659 Εἶτα
1159 3605 1256 3660 καὶ
1309 3606 1521 3676 βεϐαιοῖ
1558 3606 1651 3659 τὸν
1682 3605 1840 3674 λόγον

266 3694 492 3767 Venena
524 3695 839 3767 μαρτυρίᾳ·

327 3782 644 3851 Γέγραπται
668 3782 809 3854 reip)
840 3784 981 3853 (ια’.)
1014 3784 1106 3836 Ζῶ
1144 3781 1255 3852 γὰρ
1286 3783 1331 3815 ¹³
1350 3782 1489 3851 ἐγὼ,
1515 3784 1681 3854 λέγει
1724 3785 1839 3838 Κύ-

250 3889 381 3941 ριος,
398 3876 478 3929 ὅτι
496 3876 638 3946 ἐμοὶ
666 3875 902 3945 κάμψει
934 3874 1060 3930 πᾶν
1078 3878 1247 3945 γόνυ,
1264 3875 1365 3931 καὶ
1385 3873 1557 3931 πᾶσα
1584 3873 1840 3946 γλῶσσα

244 3966 755 4039 ἐξομολογήσεται
804 3967 889 4035 τῷ
929 3966 1072 4033 Θεῷ.
1123 3963 1364 4033 Ἐκεῖνος
1413 3969 1572 4039 ἡμῶν
1619 3969 1843 4043 κριτὴςν,

242 4062 437 4125 ἐκεῖνος
471 4062 643 4133 ήμῶν
670 4060 960 4132 δικαστὴς,
989 4059 1185 4131 ἐκείνῳ
1205 4059 1285 4131 τῷ
1310 4060 1518 4132 βήματι
1549 4062 1837 4133 παραστῆ-

240 4172 319 4206 ναι
342 4157 492 4227 ἡμᾶς
524 4155 776 4225 ἀνάγκη.
822 4155 890 4208 Ἡ
941 4154 1125 4225 μέντοι
1176 4154 1494 4226 προφητικὴ
1546 4156 1837 4227 μαρτυρία

237 4249 330 4320 τῆς
372 4250 465 4305 τοῦ
513 4247 874 4317 Μονογενοῦς
909 4246 1162 4319 θεότητος
1189 4247 1433 4303 διδάσκει
1461 4247 1523 4301 τὸ
1555 4247 1709 4319 ὕψος.
1751 4249 1839 4303 Εἰ-

240 4342 414 4414 prpa‘o;
441 4343 581 4413 ’γὰρ
617 4341 711 4395 διὰ
760 4340 854 4395 τοῦ
884 4340 1170 4411 Προφήτου
1200 4355 1216 4371 ·
1272 4358 1290 4391 ι
1337 4338 1480 4407 Ἐγὼ
1509 4340 1642 4404 Θεὸς
1699 4358 1834 4413 προ-
1884 4381 1891 4391 .

240 4434 474 4501 αιὼνιος,
502 4434 604 4489 καὶ
644 4432 762 4502 ἐγὼ
783 4432 916 4496 Θεὸς
938 4432 1176 4503 πρῶτος,
1192 4431 1291 4485 καὶ⁸
1319 4431 1432 4501 ἐγὼ
1468 4431 1606 4502 μετὰ
1638 4433 1833 4496 ταῦτα,

236 4525 415 4588 nisi;
428 4525 500 4578 τὰ
514 4523 875 4594 ἐπερχόμενα
892 4522 1005 4591 ἐγώ
1020 4524 1155 4592 εἰμι·
1182 4521 1297 4575 καί’
1319 4539 1338 4572 ι
1353 4520 1709 4593 Ἐμπροσθέν
1731 4540 1833 4593 μου

235 4619 330 4669 οὐκ
355 4616 585 4684 ἐγένετο
616 4614 783 4678 ἄλλος
809 4614 964 4679 Θεὸς,
993 4615 1087 4669 καὶ
1114 4612 1231 4684 μθ
1265 4614 1366 4684 ἐμὲ
1399 4614 1500 4668 οὐκ
1532 4614 1707 4677 ἔσται,
1740 4615 1836 4667 καὶ

235 4708 369 4780 πλὴν
390 4709 534 4780 ἐμοῦ
552 4708 665 4763 οὐκ
683 4707 802 4760 ἐστι
819 4722 834 4738 ·
858 4724 877 4757 ι
896 4704 991 4759 καί
1023 4705 1378 4768 σΔίκαιοςκαὶ
1402 4703 1586 4776 σωτὴρ
1598 4704 1698 4758 οὐκ
1722 4703 1838 4759 ἔστι

235 4800 405 4871 παρὲξ
438 4797 607 4869 ἐμοῦ·
631 4817 652 4850 ι
680 4798 806 4851 τότε
834 4797 1104 4867 ἐπήγαγε·
1134 4813 1153 4847 ι
1182 4793 1320 4849 Κατ’
1350 4794 1591 4866 ἐμαυτοῦ
1620 4793 1835 4866 ὤμοσα,

232 4887 377 4956 λέγει
407 4887 647 4961 Κύριος,
683 4887 770 4940 ὅτι
798 4887 926 4957 ἐμοὶ
969 4885 1181 4956 κάμψει
1213 4885 1320 4938 πᾶν
1361 4885 1512 4953 γόνυ,
1545 4885 1640 4938 καὶ
1683 4886 1835 4940 πᾶσα

231 4981 451 5048 γλῶσσα
486 4980 958 5051 ἐξομολογήσεται
990 4977 1066 5048 τῷ
1094 4976 1233 5046 Θεῷ.
1262 4996 1279 5025 ι
1323 4976 1462 5029 Ἀλλ’
1490 4977 1582 5029 ἐπὶ
1610 4978 1678 5031 τὰ
1710 4994 1834 5031 συν-

231 5069 328 5141 εχῆ
360 5071 464 5140 τῆς
495 5067 803 5140 ἑρμηνείας
838 5066 1167 5138 βαδίσωμεν.

299 5161 390 5232 ιβ’.
425 5165 576 5231 Ἄρα
615 5156 734 5215 οὖν
764 5160 1025 5225 ἕκαστος
1052 5156 1224 5227 ἡμῶν
1242 5157 1375 5225 περὶ
1398 5156 1618 5211 ἑαυτοῦ
1644 5160 1833 5228 λόγον

232 5251 409 5308 δώσει
441 5251 531 5318 τῷ
567 5251 715 5318 Θεῷ.
757 5250 980 5320 Ἐπειδὴ
1016 5249 1078 5303 τὸ
1104 5247 1434 5302 Δεσποτικδν
1466 5247 1715 5313 ὑπέδειξε
1748 5249 1829 5303 δι·

1947 3697 2252 3769 Scriptura:
2287 3701 2628 3756 testimonio.

2015 3788 2284 3860 Scriptum
2317 3799 2395 3846 est
2430 3791 2571 3845 enim
2611 3807 2628 3845 :
2668 3790 2862 3860 (Vnus.
2901 3793 3016 3863 II.)
3055 3791 3185 3849 Vivo
3226 3795 3374 3863 enim,
3411 3811 3530 3866 ego,

1942 3882 2070 3936 dicit
2107 3881 2391 3946 Dominus,
2427 3878 2679 3952 quoniam
2710 3884 2839 3936 mihi
2873 3884 3121 3953 ﬂectetur
3165 3902 3318 3942 omne
3370 3904 3529 3958 genu,

1940 3981 1992 4025 et
2021 3971 2193 4025 omnis
2225 3968 2410 4040 lingua
2468 3970 2806 4036 conﬁtebitur
2860 3971 2991 4026 Deo.
3035 3972 3133 4028 Ille
3200 3984 3284 4029 est
3339 3983 3529 4032 noster

1936 4062 2129 4134 judex,
2161 4062 2253 4118 ille
2285 4061 2351 4117 de
2376 4062 2535 4118 nobis
2566 4064 2893 4119 sententiam
2919 4063 3080 4129 feret,
3113 4082 3216 4123 nos
3240 4074 3369 4124 ante
3393 4069 3527 4123 illud

1942 4156 2186 4213 tribunal
2216 4155 2383 4210 statui
2408 4170 2634 4212 necesse
2662 4164 2771 4212 est.
2814 4156 3204 4228 Propheticum
3248 4174 3415 4230 porro
3446 4169 3530 4217 te-

1942 4246 2267 4304 stimonium
2308 4244 2588 4319 Unigeniti
2616 4247 2921 4303 divinitatis
2952 4249 3299 4305 altitudinem
3340 4251 3526 4306 docet.

1938 4336 2076 4395 Cum
2127 4340 2275 4393 enim
2335 4337 2566 4394 dixisset
2625 4353 2724 4408 per
2758 4339 3081 4410 prophetam
3126 4359 3139 4393 :
3174 4360 3193 4393 ‹
3232 4340 3344 4413 Ego
3384 4341 3529 4401 Deus

1939 4440 2071 4486 ante
2104 4432 2330 4497 saecula,
2373 4439 2429 4486 et
2461 4445 2563 4502 ego
2601 4424 2750 4487 Deus
2795 4418 3038 4501 primus,
3080 4440 3135 4487 et
3172 4447 3274 4503 ego
3312 4442 3525 4505 postea,

1866 4556 1915 4614 υ
1940 4533 2021 4580 et:
2041 4524 2098 4580 in
2145 4524 2394 4580 futurum
2446 4540 2547 4597 ego
2578 4536 2783 4592 sumo;
2834 4543 2853 4577 ι
2892 4532 2992 4579 et:
3027 4542 3047 4575 ι
3093 4524 3238 4580 Ante
3289 4539 3378 4580 me
3417 4541 3525 4580 nou

1942 4617 2046 4672 I'uit
2083 4617 2226 4673 alius
2282 4618 2447 4683 Deus,
2489 4626 2543 4672 et
2575 4626 2699 4687 post
2748 4633 2834 4671 me
2870 4632 2978 4671 non
3026 4616 3167 4681 erit,
3228 4624 3284 4672 et
3324 4629 3526 4688 prazter

1939 4725 2028 4764 me
2073 4725 2186 4764 non
2237 4709 2411 4777 estb;
2450 4728 2467 4762 ι
2496 4721 2582 4767 et:
2629 4730 2648 4762 ι
2682 4707 2879 4765 Justus
2913 4717 2969 4765 et
2997 4721 3248 4766 servator
3276 4726 3388 4766 non
3440 4719 3525 4767 est

1935 4807 2138 4870 praater
2187 4816 2275 4856 me
2298 4811 2346 4867 c;
2381 4820 2399 4852 ι
2448 4810 2583 4857 tunc
2616 4800 2907 4871 subiunxit
2938 4818 2951 4855 :
3010 4820 3029 4852 ι
3069 4799 3173 4857 Per
3206 4818 3293 4857 me
3315 4803 3526 4873 iuravi,

1935 4889 2074 4945 dicit
2124 4887 2411 4955 Dominus,
2458 4891 2606 4961 quod
2670 4892 2805 4946 mihi
2860 4891 3111 4947 ﬂectetur
3146 4908 3310 4949 omne
3356 4909 3523 4965 genu,

1941 4987 1996 5037 et
2033 4980 2214 5036 omnis
2258 4980 2446 5052 lingua
2496 4982 2854 5038 conﬁtebitur
2900 4981 3078 5038 Deod.
3112 5003 3130 5034 ι
3164 4982 3272 5040 Sed
3332 4985 3400 5039 ad
3440 5000 3526 5041 se-

1942 5070 2228 5141 quentium
2273 5072 2775 5141 interpretationem
2804 5089 3116 5144 pergamus.
3404 5081 3419 5093 ‘

2011 5159 2180 5217 Vens.
2234 5159 2322 5215 12.
2374 5159 2566 5232 Itaque
2632 5164 2988 5233 unusquisque
3034 5173 3275 5218 nostrum
3331 5180 3426 5232 pro
3471 5181 3526 5221 se

1941 5256 2202 5308 rationem
2256 5253 2439 5309 reddet
2470 5254 2599 5311 Deo.
2653 5254 2928 5321 Quoniam
2976 5252 3331 5314 Dominicum
3371 5256 3524 5329 judi-

304 5448 331 5477 ι
372 5437 486 5493 Isa.
524 5434 735 5500 xuv,6.
816 5434 846 5475 δ
888 5433 996 5489 Isa.
1032 5447 1163 5488 ιιιιι
1189 5473 1204 5497 ,
1240 5433 1329 5490 η.
1408 5443 1433 5477 c
1471 5432 1576 5488 lsa.
1615 5447 1704 5499 LV,
1742 5431 1833 5485 2i.
1910 5429 1935 5470 ιι
1980 5430 2115 5485 ibid.
2152 5429 2241 5485 9.5.

1468 5587 1709 5644 VARIA‘Z
1747 5584 2158 5643 LECTIONES.

306 5700 352 5735 “
381 5703 426 5754 Δ
456 5700 567 5754 τῶν
586 5702 925 5755 ἐδεσμάτων.
1004 5700 1046 5732 ’ί
1082 5701 1125 5754 Δ
1157 5703 1494 5770 κατακρίνει.

216 5772 447 5851 ,οωὶιιὶι
475 5773 537 5826 Β.

522 5867 798 5937 Ρκινιιυι.
842 5869 962 5930 Gn.
1010 5867 1291 5929 LXXXII.

1601 5703 1645 5737 η
1665 5703 1709 5755 Λ
1744 5701 1879 5773 πρὸς
1913 5702 2004 5755 τὸν
2037 5699 2394 5766 Ἰουδαΐζοντα
2426 5701 2842 5777 ἀποτεινόμενος
2888 5705 3066 5762 ταῦτα
3099 5707 3271 5779 λέγει.
3353 5706 3395 5739 ⁸³
3416 5706 3523 5778 γάρ

3080 5852 3114 5916 7
