  <div class='ocr_page' id='page_1' title='image "/cluster/home/n/w/nwhite01/storage/ocr_20150623/82:no.3/coo.31924054869833/109.png"; bbox 0 0 4034 6388; ppageno 0'>
   <div class='ocr_carea' id='block_1_1' title="bbox 500 369 610 436">
    <p class='ocr_par' dir='ltr' id='par_1_1' title="bbox 500 369 610 436">
     <span class='ocr_line' id='line_1_1' title="bbox 500 369 610 436; baseline 0 -2"><span class='ocrx_word' id='word_1_1' title='bbox 500 369 610 436; x_wconf 75' lang='grc'><strong>203</strong></span> 
     </span>
    </p>
   </div>
   <div class='ocr_carea' id='block_1_2' title="bbox 1494 362 2752 453">
    <p class='ocr_par' dir='ltr' id='par_1_2' title="bbox 1494 362 2752 453">
     <span class='ocr_line' id='line_1_2' title="bbox 1494 362 2752 453; baseline -0.002 -27"><span class='ocrx_word' id='word_1_2' title='bbox 1494 365 1981 453; x_wconf 73' lang='grc' dir='ltr'><strong>ΤΠΕΟΒΟΗΕΤΙ</strong></span> <span class='ocrx_word' id='word_1_3' title='bbox 2015 362 2353 424; x_wconf 81' lang='lat' dir='ltr'><strong>EPISCOPI</strong></span> <span class='ocrx_word' id='word_1_4' title='bbox 2387 365 2752 426; x_wconf 78' lang='lat' dir='ltr'><strong>CYRENSIS</strong></span> 
     </span>
    </p>
   </div>
   <div class='ocr_carea' id='block_1_3' title="bbox 3666 363 3772 429">
    <p class='ocr_par' dir='ltr' id='par_1_3' title="bbox 3666 363 3772 429">
     <span class='ocr_line' id='line_1_3' title="bbox 3666 363 3772 429; baseline 0.019 -2"><span class='ocrx_word' id='word_1_5' title='bbox 3666 363 3772 429; x_wconf 69' lang='grc' dir='ltr'><strong>ΞΜ</strong></span> 
     </span>
    </p>
   </div>
   <div class='ocr_carea' id='block_1_4' title="bbox 514 471 2088 547">
    <p class='ocr_par' dir='ltr' id='par_1_4' title="bbox 514 474 2088 545">
     <span class='ocr_line' id='line_1_4' title="bbox 514 474 2088 545; baseline -0.007 -8"><span class='ocrx_word' id='word_1_6' title='bbox 514 483 665 538; x_wconf 84' lang='lat' dir='ltr'><strong>clum</strong></span> <span class='ocrx_word' id='word_1_7' title='bbox 701 475 963 540; x_wconf 82' lang='lat' dir='ltr'><strong>ostendit,</strong></span> <span class='ocrx_word' id='word_1_8' title='bbox 1013 481 1386 545; x_wconf 76' lang='lat' dir='ltr'><strong>congruenter</strong></span> <span class='ocrx_word' id='word_1_9' title='bbox 1440 476 1618 529; x_wconf 82' lang='lat' dir='ltr'><strong>suasit</strong></span> <span class='ocrx_word' id='word_1_10' title='bbox 1669 491 1738 529; x_wconf 88' lang='lat' dir='ltr'><strong>ne</strong></span> <span class='ocrx_word' id='word_1_11' title='bbox 1783 476 1919 527; x_wconf 84' lang='lat' dir='ltr'><strong>alter</strong></span> <span class='ocrx_word' id='word_1_12' title='bbox 1956 474 2088 526; x_wconf 85' lang='lat' dir='ltr'><strong>alte-</strong></span> 
     </span>
    </p>
   </div>
   <div class='ocr_carea' id='block_1_5' title="bbox 2198 471 3768 547">
    <p class='ocr_par' dir='ltr' id='par_1_5' title="bbox 2198 471 3768 547">
     <span class='ocr_line' id='line_1_5' title="bbox 2198 471 3768 547; baseline 0.001 -21"><span class='ocrx_word' id='word_1_13' title='bbox 2198 474 2508 544; x_wconf 73' lang='grc' dir='ltr'>καστήριον,</span> <span class='ocrx_word' id='word_1_14' title='bbox 2565 474 2907 542; x_wconf 66' lang='grc' dir='ltr'>ἀναγκαίως,</span> <span class='ocrx_word' id='word_1_15' title='bbox 2929 471 3201 544; x_wconf 73' lang='grc' dir='ltr'>παρῄνεσε</span> <span class='ocrx_word' id='word_1_16' title='bbox 3233 473 3307 545; x_wconf 83' lang='grc' dir='ltr'>μὴ</span> <span class='ocrx_word' id='word_1_17' title='bbox 3336 472 3599 545; x_wconf 75' lang='grc' dir='ltr'><strong>ἀλλήλους</strong></span> <span class='ocrx_word' id='word_1_18' title='bbox 3648 479 3768 547; x_wconf 74' lang='grc' dir='ltr'>κρί-</span> 
     </span>
    </p>
   </div>
   <div class='ocr_carea' id='block_1_6' title="bbox 505 562 2085 642">
    <p class='ocr_par' dir='ltr' id='par_1_6' title="bbox 505 562 2085 642">
     <span class='ocr_line' id='line_1_6' title="bbox 505 562 2085 642; baseline -0.009 -10"><span class='ocrx_word' id='word_1_19' title='bbox 505 588 629 632; x_wconf 85' lang='lat' dir='ltr'><strong>rum</strong></span> <span class='ocrx_word' id='word_1_20' title='bbox 654 571 888 642; x_wconf 72' lang='lat' dir='ltr'><strong>iudicet,</strong></span> <span class='ocrx_word' id='word_1_21' title='bbox 940 571 1033 623; x_wconf 87' lang='lat' dir='ltr'><strong>sed</strong></span> <span class='ocrx_word' id='word_1_22' title='bbox 1068 567 1216 620; x_wconf 83' lang='lat' dir='ltr'><strong>illam</strong></span> <span class='ocrx_word' id='word_1_23' title='bbox 1266 569 1596 623; x_wconf 87' lang='lat' dir='ltr'><strong>sententiam</strong></span> <span class='ocrx_word' id='word_1_24' title='bbox 1629 573 1933 637; x_wconf 74' lang='lat' dir='ltr'><strong>exspectet.</strong></span> <span class='ocrx_word' id='word_1_25' title='bbox 1972 562 2085 617; x_wconf 82' lang='lat' dir='ltr'><strong>Hoc</strong></span> 
     </span>
    </p>
   </div>
   <div class='ocr_carea' id='block_1_7' title="bbox 424 659 1160 743">
    <p class='ocr_par' dir='ltr' id='par_1_7' title="bbox 424 659 1160 743">
     <span class='ocr_line' id='line_1_7' title="bbox 424 659 1160 743; baseline -0.012 -21"><span class='ocrx_word' id='word_1_26' title='bbox 424 718 447 743; x_wconf 44' lang='grc'>1,</span> <span class='ocrx_word' id='word_1_27' title='bbox 509 667 656 722; x_wconf 75' lang='grc' dir='ltr'>ειιίιιι</span> <span class='ocrx_word' id='word_1_28' title='bbox 692 676 886 718; x_wconf 90' lang='lat' dir='ltr'><strong>rursus</strong></span> <span class='ocrx_word' id='word_1_29' title='bbox 918 659 1160 729; x_wconf 80' lang='lat' dir='ltr'><strong>adjecit:</strong></span> 
     </span>
    </p>
   </div>
   <div class='ocr_carea' id='block_1_8' title="bbox 580 747 2086 821">
    <p class='ocr_par' dir='ltr' id='par_1_8' title="bbox 580 747 2086 821">
     <span class='ocr_line' id='line_1_8' title="bbox 580 747 2086 821; baseline -0.006 -11"><span class='ocrx_word' id='word_1_30' title='bbox 580 756 747 811; x_wconf 72' lang='lat' dir='ltr'><strong>Vens.</strong></span> <span class='ocrx_word' id='word_1_31' title='bbox 775 754 862 810; x_wconf 76' lang='lat' dir='ltr'><strong>l3.</strong></span> <span class='ocrx_word' id='word_1_32' title='bbox 892 751 1016 807; x_wconf 85' lang='lat' dir='ltr'><strong>Non</strong></span> <span class='ocrx_word' id='word_1_33' title='bbox 1042 767 1167 821; x_wconf 84' lang='lat' dir='ltr'><strong>ergo</strong></span> <span class='ocrx_word' id='word_1_34' title='bbox 1204 750 1433 818; x_wconf 75' lang='lat' dir='ltr'><strong>amplius</strong></span> <span class='ocrx_word' id='word_1_35' title='bbox 1482 750 1702 803; x_wconf 78' lang='lat' dir='ltr'><strong>inuicem</strong></span> <span class='ocrx_word' id='word_1_36' title='bbox 1730 747 2034 818; x_wconf 77' lang='lat' dir='ltr'><strong>judicentus</strong></span> <span class='ocrx_word' id='word_1_37' title='bbox 2066 760 2086 801; x_wconf 88' lang='lat'><strong><em>:</em></strong></span> 
     </span>
    </p>
   </div>
   <div class='ocr_carea' id='block_1_9' title="bbox 508 840 2088 916">
    <p class='ocr_par' dir='ltr' id='par_1_9' title="bbox 508 840 2088 916">
     <span class='ocr_line' id='line_1_9' title="bbox 508 840 2088 916; baseline -0.006 -13"><span class='ocrx_word' id='word_1_38' title='bbox 508 849 598 904; x_wconf 85' lang='lat' dir='ltr'><strong>sed</strong></span> <span class='ocrx_word' id='word_1_39' title='bbox 632 849 730 902; x_wconf 79' lang='lat' dir='ltr'><strong>hoc</strong></span> <span class='ocrx_word' id='word_1_40' title='bbox 773 846 1015 916; x_wconf 82' lang='lat' dir='ltr'><strong>judicate</strong></span> <span class='ocrx_word' id='word_1_41' title='bbox 1065 844 1259 914; x_wconf 82' lang='lat' dir='ltr'><strong>magis,</strong></span> <span class='ocrx_word' id='word_1_42' title='bbox 1322 858 1386 896; x_wconf 80' lang='lat' dir='ltr'><strong>ne</strong></span> <span class='ocrx_word' id='word_1_43' title='bbox 1436 842 1651 911; x_wconf 82' lang='lat' dir='ltr'><strong>ponatis</strong></span> <span class='ocrx_word' id='word_1_44' title='bbox 1708 840 2088 910; x_wconf 78' lang='lat' dir='ltr'><strong>olfendiculum</strong></span> 
     </span>
    </p>
   </div>
   <div class='ocr_carea' id='block_1_10' title="bbox 507 932 2090 1008">
    <p class='ocr_par' dir='ltr' id='par_1_10' title="bbox 507 932 2090 1008">
     <span class='ocr_line' id='line_1_10' title="bbox 507 932 2090 1008; baseline -0.004 -15"><span class='ocrx_word' id='word_1_45' title='bbox 507 940 690 1008; x_wconf 82' lang='lat' dir='ltr'><strong>fratri,</strong></span> <span class='ocrx_word' id='word_1_46' title='bbox 719 938 797 993; x_wconf 72' lang='lat' dir='ltr'><strong>uel</strong></span> <span class='ocrx_word' id='word_1_47' title='bbox 829 934 1168 991; x_wconf 70' lang='lat' dir='ltr'><strong>scandalum.</strong></span> <span class='ocrx_word' id='word_1_48' title='bbox 1207 932 1310 988; x_wconf 79' lang='lat' dir='ltr'><strong>Hic</strong></span> <span class='ocrx_word' id='word_1_49' title='bbox 1341 932 1624 988; x_wconf 85' lang='lat' dir='ltr'><strong>invehitur</strong></span> <span class='ocrx_word' id='word_1_50' title='bbox 1674 932 1730 986; x_wconf 91' lang='lat' dir='ltr'><strong>in</strong></span> <span class='ocrx_word' id='word_1_51' title='bbox 1784 932 1976 988; x_wconf 83' lang='lat' dir='ltr'><strong>lideles</strong></span> <span class='ocrx_word' id='word_1_52' title='bbox 2020 946 2090 988; x_wconf 81' lang='lat' dir='ltr'><strong>ex</strong></span> 
     </span>
    </p>
   </div>
   <div class='ocr_carea' id='block_1_11' title="bbox 504 1022 2091 1102">
    <p class='ocr_par' dir='ltr' id='par_1_11' title="bbox 504 1022 2091 1102">
     <span class='ocr_line' id='line_1_11' title="bbox 504 1022 2091 1102; baseline -0.005 -15"><span class='ocrx_word' id='word_1_53' title='bbox 504 1031 782 1102; x_wconf 73' lang='lat' dir='ltr'><strong>gentibus,</strong></span> <span class='ocrx_word' id='word_1_54' title='bbox 830 1029 924 1099; x_wconf 88' lang='lat' dir='ltr'><strong>qui</strong></span> <span class='ocrx_word' id='word_1_55' title='bbox 957 1040 1151 1083; x_wconf 89' lang='lat' dir='ltr'><strong>eorum</strong></span> <span class='ocrx_word' id='word_1_56' title='bbox 1211 1024 1308 1096; x_wconf 85' lang='lat' dir='ltr'><strong>qui</strong></span> <span class='ocrx_word' id='word_1_57' title='bbox 1357 1040 1423 1081; x_wconf 81' lang='lat' dir='ltr'><strong>ex</strong></span> <span class='ocrx_word' id='word_1_58' title='bbox 1475 1022 1687 1080; x_wconf 68' lang='lat' dir='ltr'><strong>Judaeis</strong></span> <span class='ocrx_word' id='word_1_59' title='bbox 1738 1025 2091 1081; x_wconf 83' lang='lat' dir='ltr'><strong>crediderant</strong></span> 
     </span>
    </p>
   </div>
   <div class='ocr_carea' id='block_1_12' title="bbox 502 1116 2093 1180">
    <p class='ocr_par' dir='ltr' id='par_1_12' title="bbox 502 1116 2093 1180">
     <span class='ocr_line' id='line_1_12' title="bbox 502 1116 2093 1180; baseline -0.004 -3"><span class='ocrx_word' id='word_1_60' title='bbox 502 1122 810 1178; x_wconf 80' lang='lat' dir='ltr'><strong>inﬁrmitati</strong></span> <span class='ocrx_word' id='word_1_61' title='bbox 845 1135 955 1175; x_wconf 89' lang='lat' dir='ltr'><strong>non</strong></span> <span class='ocrx_word' id='word_1_62' title='bbox 982 1119 1120 1175; x_wconf 81' lang='lat' dir='ltr'><strong>satis</strong></span> <span class='ocrx_word' id='word_1_63' title='bbox 1154 1132 1215 1172; x_wconf 82' lang='lat' dir='ltr'><strong>se</strong></span> <span class='ocrx_word' id='word_1_64' title='bbox 1240 1117 1764 1180; x_wconf 85' lang='lat' dir='ltr'><strong>accommodabant,</strong></span> <span class='ocrx_word' id='word_1_65' title='bbox 1807 1116 1903 1172; x_wconf 84' lang='lat' dir='ltr'><strong>sed</strong></span> <span class='ocrx_word' id='word_1_66' title='bbox 1938 1131 2093 1173; x_wconf 88' lang='lat' dir='ltr'><strong>sum-</strong></span> 
     </span>
    </p>
   </div>
   <div class='ocr_carea' id='block_1_13' title="bbox 504 1209 2091 1279">
    <p class='ocr_par' dir='ltr' id='par_1_13' title="bbox 504 1209 2091 1279">
     <span class='ocr_line' id='line_1_13' title="bbox 504 1209 2091 1279; baseline -0.005 -10"><span class='ocrx_word' id='word_1_67' title='bbox 504 1230 647 1270; x_wconf 79' lang='lat' dir='ltr'><strong>mam</strong></span> <span class='ocrx_word' id='word_1_68' title='bbox 679 1229 802 1269; x_wconf 86' lang='lat' dir='ltr'><strong>esse</strong></span> <span class='ocrx_word' id='word_1_69' title='bbox 834 1215 1095 1267; x_wconf 84' lang='lat' dir='ltr'><strong>virtutem</strong></span> <span class='ocrx_word' id='word_1_70' title='bbox 1128 1212 1546 1279; x_wconf 80' lang='lat' dir='ltr'><strong>ferventemque</strong></span> <span class='ocrx_word' id='word_1_71' title='bbox 1582 1211 1765 1264; x_wconf 86' lang='lat' dir='ltr'><strong>zelum</strong></span> <span class='ocrx_word' id='word_1_72' title='bbox 1797 1209 2091 1266; x_wconf 80' lang='lat' dir='ltr'><strong>existima-</strong></span> 
     </span>
    </p>
   </div>
   <div class='ocr_carea' id='block_1_14' title="bbox 504 1301 2093 1369">
    <p class='ocr_par' dir='ltr' id='par_1_14' title="bbox 504 1301 2093 1369">
     <span class='ocr_line' id='line_1_14' title="bbox 504 1301 2093 1369; baseline -0.004 -8"><span class='ocrx_word' id='word_1_73' title='bbox 504 1307 657 1369; x_wconf 87' lang='lat' dir='ltr'><strong>bant,</strong></span> <span class='ocrx_word' id='word_1_74' title='bbox 698 1305 1002 1361; x_wconf 79' lang='lat' dir='ltr'><strong>esculentis</strong></span> <span class='ocrx_word' id='word_1_75' title='bbox 1050 1301 1314 1357; x_wconf 87' lang='lat' dir='ltr'><strong>omnibus</strong></span> <span class='ocrx_word' id='word_1_76' title='bbox 1362 1301 1854 1358; x_wconf 85' lang='lat' dir='ltr'><strong>indiscriminatim</strong></span> <span class='ocrx_word' id='word_1_77' title='bbox 1893 1302 2093 1367; x_wconf 81' lang='lat' dir='ltr'><strong>vesci;</strong></span> 
     </span>
    </p>
   </div>
   <div class='ocr_carea' id='block_1_15' title="bbox 503 1380 2090 1467">
    <p class='ocr_par' dir='ltr' id='par_1_15' title="bbox 503 1380 2090 1467">
     <span class='ocr_line' id='line_1_15' title="bbox 503 1380 2090 1467; baseline -0.005 -15"><span class='ocrx_word' id='word_1_78' title='bbox 503 1408 557 1452; x_wconf 89' lang='lat' dir='ltr'><strong>et</strong></span> <span class='ocrx_word' id='word_1_79' title='bbox 592 1380 831 1467; x_wconf 78' lang='lat' dir='ltr'><strong>primum</strong></span> <span class='ocrx_word' id='word_1_80' title='bbox 880 1395 1102 1465; x_wconf 90' lang='lat' dir='ltr'><strong>quidem</strong></span> <span class='ocrx_word' id='word_1_81' title='bbox 1134 1392 1296 1448; x_wconf 81' lang='lat' dir='ltr'><strong>docet</strong></span> <span class='ocrx_word' id='word_1_82' title='bbox 1331 1393 1543 1448; x_wconf 89' lang='lat' dir='ltr'><strong>nullum</strong></span> <span class='ocrx_word' id='word_1_83' title='bbox 1583 1392 1780 1447; x_wconf 84' lang='lat' dir='ltr'><strong>horum</strong></span> <span class='ocrx_word' id='word_1_84' title='bbox 1822 1406 1949 1447; x_wconf 90' lang='lat' dir='ltr'><strong>esse</strong></span> <span class='ocrx_word' id='word_1_85' title='bbox 1985 1390 2090 1445; x_wconf 89' lang='lat' dir='ltr'><strong>im-</strong></span> 
     </span>
    </p>
   </div>
   <div class='ocr_carea' id='block_1_16' title="bbox 506 1480 1744 1565">
    <p class='ocr_par' dir='ltr' id='par_1_16' title="bbox 506 1480 1744 1565">
     <span class='ocr_line' id='line_1_16' title="bbox 506 1480 1744 1565; baseline -0.007 -17"><span class='ocrx_word' id='word_1_86' title='bbox 506 1507 703 1565; x_wconf 86' lang='lat' dir='ltr'><strong>purum</strong></span> <span class='ocrx_word' id='word_1_87' title='bbox 727 1499 783 1547; x_wconf 91' lang='lat' dir='ltr'><strong>et</strong></span> <span class='ocrx_word' id='word_1_88' title='bbox 809 1480 1180 1543; x_wconf 88' lang='lat' dir='ltr'><strong>immundum.</strong></span> <span class='ocrx_word' id='word_1_89' title='bbox 1209 1485 1302 1542; x_wconf 91' lang='lat' dir='ltr'><strong>Sic</strong></span> <span class='ocrx_word' id='word_1_90' title='bbox 1334 1491 1519 1541; x_wconf 89' lang='lat' dir='ltr'><strong>autem</strong></span> <span class='ocrx_word' id='word_1_91' title='bbox 1561 1485 1695 1540; x_wconf 89' lang='lat' dir='ltr'><strong>dicit</strong></span> <span class='ocrx_word' id='word_1_92' title='bbox 1728 1503 1744 1539; x_wconf 88' lang='lat'><strong>:</strong></span> 
     </span>
    </p>
   </div>
   <div class='ocr_carea' id='block_1_17' title="bbox 573 1574 2090 1650">
    <p class='ocr_par' dir='ltr' id='par_1_17' title="bbox 573 1574 2090 1650">
     <span class='ocr_line' id='line_1_17' title="bbox 573 1574 2090 1650; baseline -0.008 -11"><span class='ocrx_word' id='word_1_93' title='bbox 573 1584 745 1640; x_wconf 69' lang='lat' dir='ltr'><strong>Vens.</strong></span> <span class='ocrx_word' id='word_1_94' title='bbox 776 1581 863 1636; x_wconf 72' lang='grc' dir='ltr'><strong>Μ-</strong></span> <span class='ocrx_word' id='word_1_95' title='bbox 899 1580 1024 1635; x_wconf 84' lang='lat' dir='ltr'><strong>Scio</strong></span> <span class='ocrx_word' id='word_1_96' title='bbox 1045 1592 1091 1633; x_wconf 86' lang='lat' dir='ltr'><strong>et</strong></span> <span class='ocrx_word' id='word_1_97' title='bbox 1140 1580 1350 1650; x_wconf 76' lang='lat' dir='ltr'><strong>conﬁdo</strong></span> <span class='ocrx_word' id='word_1_98' title='bbox 1396 1580 1451 1631; x_wconf 85' lang='lat' dir='ltr'><strong>in</strong></span> <span class='ocrx_word' id='word_1_99' title='bbox 1480 1577 1710 1632; x_wconf 83' lang='lat' dir='ltr'><strong>Domino</strong></span> <span class='ocrx_word' id='word_1_100' title='bbox 1748 1575 1909 1649; x_wconf 58' lang='grc'><strong>144</strong></span> <span class='ocrx_word' id='word_1_101' title='bbox 1936 1574 2090 1641; x_wconf 76' lang='lat' dir='ltr'><strong>Iesu,</strong></span> 
     </span>
    </p>
   </div>
   <div class='ocr_carea' id='block_1_18' title="bbox 504 1668 2095 1746">
    <p class='ocr_par' dir='ltr' id='par_1_18' title="bbox 504 1668 2095 1746">
     <span class='ocr_line' id='line_1_18' title="bbox 504 1668 2095 1746; baseline -0.004 -16"><span class='ocrx_word' id='word_1_102' title='bbox 504 1675 631 1746; x_wconf 68' lang='lat' dir='ltr'><strong>quia</strong></span> <span class='ocrx_word' id='word_1_103' title='bbox 660 1675 793 1729; x_wconf 83' lang='lat' dir='ltr'><strong>nihil</strong></span> <span class='ocrx_word' id='word_1_104' title='bbox 823 1688 1104 1727; x_wconf 89' lang='lat' dir='ltr'><strong>commune</strong></span> <span class='ocrx_word' id='word_1_105' title='bbox 1140 1687 1232 1739; x_wconf 85' lang='lat' dir='ltr'><strong>per</strong></span> <span class='ocrx_word' id='word_1_106' title='bbox 1262 1672 1456 1741; x_wconf 82' lang='lat' dir='ltr'><strong>ipsum.</strong></span> <span class='ocrx_word' id='word_1_107' title='bbox 1498 1670 1831 1726; x_wconf 63' lang='lat' dir='ltr'><strong>Necessario</strong></span> <span class='ocrx_word' id='word_1_108' title='bbox 1879 1668 2095 1723; x_wconf 82' lang='lat' dir='ltr'><strong>addidit</strong></span> 
     </span>
    </p>
   </div>
   <div class='ocr_carea' id='block_1_19' title="bbox 506 1761 2094 1834">
    <p class='ocr_par' dir='ltr' id='par_1_19' title="bbox 506 1761 2094 1834">
     <span class='ocr_line' id='line_1_19' title="bbox 506 1761 2094 1834; baseline -0.005 -11"><span class='ocrx_word' id='word_1_109' title='bbox 506 1767 667 1833; x_wconf 88' lang='lat' dir='ltr'><strong>illud,</strong></span> <span class='ocrx_word' id='word_1_110' title='bbox 702 1766 769 1820; x_wconf 83' lang='lat' dir='ltr'><strong>lu</strong></span> <span class='ocrx_word' id='word_1_111' title='bbox 829 1765 1060 1820; x_wconf 81' lang='lat' dir='ltr'><strong>Domino</strong></span> <span class='ocrx_word' id='word_1_112' title='bbox 1116 1761 1268 1831; x_wconf 77' lang='lat' dir='ltr'><strong>Iesu,</strong></span> <span class='ocrx_word' id='word_1_113' title='bbox 1323 1771 1553 1834; x_wconf 85' lang='lat' dir='ltr'><strong>propter</strong></span> <span class='ocrx_word' id='word_1_114' title='bbox 1584 1762 1900 1817; x_wconf 75' lang='lat' dir='ltr'><strong>Judaeorum</strong></span> <span class='ocrx_word' id='word_1_115' title='bbox 1938 1762 2094 1817; x_wconf 85' lang='lat' dir='ltr'><strong>inllr-</strong></span> 
     </span>
    </p>
   </div>
   <div class='ocr_carea' id='block_1_20' title="bbox 2190 566 3774 640">
    <p class='ocr_par' dir='ltr' id='par_1_20' title="bbox 2190 566 3774 640">
     <span class='ocr_line' id='line_1_20' title="bbox 2190 566 3774 640; baseline 0.003 -21"><span class='ocrx_word' id='word_1_116' title='bbox 2190 585 2323 632; x_wconf 82' lang='grc' dir='ltr'>νειν,</span> <span class='ocrx_word' id='word_1_117' title='bbox 2352 566 2465 620; x_wconf 85' lang='grc' dir='ltr'>ἀλλ’</span> <span class='ocrx_word' id='word_1_118' title='bbox 2495 567 2711 637; x_wconf 75' lang='grc' dir='ltr'>ἐκείνην</span> <span class='ocrx_word' id='word_1_119' title='bbox 2739 566 3034 635; x_wconf 82' lang='grc' dir='ltr'>ἀναμένειν</span> <span class='ocrx_word' id='word_1_120' title='bbox 3075 568 3175 637; x_wconf 77' lang='grc' dir='ltr'>τὴν</span> <span class='ocrx_word' id='word_1_121' title='bbox 3203 567 3404 638; x_wconf 72' lang='grc' dir='ltr'>ψῆφον.</span> <span class='ocrx_word' id='word_1_122' title='bbox 3438 567 3610 621; x_wconf 80' lang='grc' dir='ltr'>Τοῦτο</span> <span class='ocrx_word' id='word_1_123' title='bbox 3663 571 3774 640; x_wconf 70' lang='grc' dir='ltr'>γὰρ</span> 
     </span>
    </p>
   </div>
   <div class='ocr_carea' id='block_1_21' title="bbox 2192 660 2671 729">
    <p class='ocr_par' dir='ltr' id='par_1_21' title="bbox 2192 660 2671 729">
     <span class='ocr_line' id='line_1_21' title="bbox 2192 660 2671 729; baseline -0.004 -17"><span class='ocrx_word' id='word_1_124' title='bbox 2192 660 2351 713; x_wconf 81' lang='grc' dir='ltr'>πάλιν</span> <span class='ocrx_word' id='word_1_125' title='bbox 2380 660 2628 729; x_wconf 80' lang='grc' dir='ltr'>ἐπήγαγε</span> <span class='ocrx_word' id='word_1_126' title='bbox 2657 672 2671 686; x_wconf 76' lang='grc'><strong>⁸</strong></span> 
     </span>
    </p>
   </div>
   <div class='ocr_carea' id='block_1_22' title="bbox 2262 744 3779 820">
    <p class='ocr_par' dir='ltr' id='par_1_22' title="bbox 2262 744 3779 820">
     <span class='ocr_line' id='line_1_22' title="bbox 2262 744 3779 820; baseline 0.001 -15"><span class='ocrx_word' id='word_1_127' title='bbox 2262 757 2352 819; x_wconf 91' lang='grc' dir='ltr'>ιγ’.</span> <span class='ocrx_word' id='word_1_128' title='bbox 2396 748 2620 817; x_wconf 81' lang='grc' dir='ltr'><strong>Μηκέτι</strong></span> <span class='ocrx_word' id='word_1_129' title='bbox 2676 744 2791 805; x_wconf 76' lang='grc' dir='ltr'>οὖν</span> <span class='ocrx_word' id='word_1_130' title='bbox 2841 749 3162 816; x_wconf 69' lang='grc' dir='ltr'>ἀλλήλους</span> <span class='ocrx_word' id='word_1_131' title='bbox 3218 749 3551 820; x_wconf 69' lang='grc' dir='ltr'>κρίνωμεν’</span> <span class='ocrx_word' id='word_1_132' title='bbox 3611 752 3779 807; x_wconf 62' lang='grc' dir='ltr'><strong>ἀλλὰ</strong></span> 
     </span>
    </p>
   </div>
   <div class='ocr_carea' id='block_1_23' title="bbox 2191 840 3777 913">
    <p class='ocr_par' dir='ltr' id='par_1_23' title="bbox 2191 840 3777 913">
     <span class='ocr_line' id='line_1_23' title="bbox 2191 840 3777 913; baseline -0.002 -16"><span class='ocrx_word' id='word_1_133' title='bbox 2191 843 2365 898; x_wconf 77' lang='grc' dir='ltr'>τοῦτο</span> <span class='ocrx_word' id='word_1_134' title='bbox 2401 844 2645 910; x_wconf 70' lang='grc' dir='ltr'>κρίνατε</span> <span class='ocrx_word' id='word_1_135' title='bbox 2666 840 2927 913; x_wconf 71' lang='grc' dir='ltr'>μᾶλλον,</span> <span class='ocrx_word' id='word_1_136' title='bbox 2953 841 3021 895; x_wconf 76' lang='grc' dir='ltr'>τὸ</span> <span class='ocrx_word' id='word_1_137' title='bbox 3039 841 3126 911; x_wconf 78' lang='grc' dir='ltr'>μὴ</span> <span class='ocrx_word' id='word_1_138' title='bbox 3151 842 3375 897; x_wconf 80' lang='grc' dir='ltr'><strong>τιθέναι</strong></span> <span class='ocrx_word' id='word_1_139' title='bbox 3415 843 3777 912; x_wconf 73' lang='grc' dir='ltr'><strong>πρόσκομμα</strong></span> 
     </span>
    </p>
   </div>
   <div class='ocr_carea' id='block_1_24' title="bbox 2190 933 3779 1006">
    <p class='ocr_par' dir='ltr' id='par_1_24' title="bbox 2190 933 3779 1006">
     <span class='ocr_line' id='line_1_24' title="bbox 2190 933 3779 1006; baseline -0.002 -16"><span class='ocrx_word' id='word_1_140' title='bbox 2190 936 2231 1005; x_wconf 76' lang='grc' dir='ltr'>ἢ</span> <span class='ocrx_word' id='word_1_141' title='bbox 2276 933 2634 991; x_wconf 72' lang='grc' dir='ltr'><em>σκάνδαλον</em></span> <span class='ocrx_word' id='word_1_142' title='bbox 2663 934 2746 1000; x_wconf 85' lang='grc' dir='ltr'>τῷ</span> <span class='ocrx_word' id='word_1_143' title='bbox 2772 933 3037 1002; x_wconf 73' lang='grc' dir='ltr'>ἀδελφῷ.</span> <span class='ocrx_word' id='word_1_144' title='bbox 3080 934 3345 988; x_wconf 79' lang='grc' dir='ltr'><strong>Ἐνταῦθα</strong></span> <span class='ocrx_word' id='word_1_145' title='bbox 3371 934 3509 1006; x_wconf 82' lang='grc' dir='ltr'>πρὸς</span> <span class='ocrx_word' id='word_1_146' title='bbox 3555 938 3682 998; x_wconf 72' lang='grc' dir='ltr'>τοὺς</span> <span class='ocrx_word' id='word_1_147' title='bbox 3715 934 3779 998; x_wconf 72' lang='grc' dir='ltr'><strong>ἐξ</strong></span> 
     </span>
    </p>
   </div>
   <div class='ocr_carea' id='block_1_25' title="bbox 2193 1028 3778 1101">
    <p class='ocr_par' dir='ltr' id='par_1_25' title="bbox 2193 1028 3778 1101">
     <span class='ocr_line' id='line_1_25' title="bbox 2193 1028 3778 1101; baseline -0.002 -18"><span class='ocrx_word' id='word_1_148' title='bbox 2193 1028 2361 1083; x_wconf 72' lang='grc' dir='ltr'>ἐθνῶν</span> <span class='ocrx_word' id='word_1_149' title='bbox 2391 1029 2756 1094; x_wconf 78' lang='grc' dir='ltr'><strong>ἀποτείνεται,</strong></span> <span class='ocrx_word' id='word_1_150' title='bbox 2817 1028 2891 1101; x_wconf 81' lang='grc' dir='ltr'>μὴ</span> <span class='ocrx_word' id='word_1_151' title='bbox 2944 1028 3340 1096; x_wconf 86' lang='grc' dir='ltr'>συγκατιόντας</span> <span class='ocrx_word' id='word_1_152' title='bbox 3396 1031 3462 1099; x_wconf 83' lang='grc' dir='ltr'>τῇ</span> <span class='ocrx_word' id='word_1_153' title='bbox 3518 1029 3778 1098; x_wconf 55' lang='grc' dir='ltr'>ἀσθενείᾳ</span> 
     </span>
    </p>
   </div>
   <div class='ocr_carea' id='block_1_26' title="bbox 2190 1119 3781 1192">
    <p class='ocr_par' dir='ltr' id='par_1_26' title="bbox 2190 1119 3781 1192">
     <span class='ocr_line' id='line_1_26' title="bbox 2190 1119 3781 1192; baseline -0.001 -17"><span class='ocrx_word' id='word_1_154' title='bbox 2190 1122 2300 1175; x_wconf 84' lang='grc' dir='ltr'><strong>τῶν</strong></span> <span class='ocrx_word' id='word_1_155' title='bbox 2337 1120 2396 1188; x_wconf 79' lang='grc' dir='ltr'><strong>ἐξ</strong></span> <span class='ocrx_word' id='word_1_156' title='bbox 2432 1122 2698 1177; x_wconf 76' lang='grc' dir='ltr'><strong>Ἰουδαίων</strong></span> <span class='ocrx_word' id='word_1_157' title='bbox 2726 1121 3195 1187; x_wconf 75' lang='grc' dir='ltr'><strong>πεπιστευκότων,</strong></span> <span class='ocrx_word' id='word_1_158' title='bbox 3219 1120 3334 1174; x_wconf 84' lang='grc' dir='ltr'>ἀλλ’</span> <span class='ocrx_word' id='word_1_159' title='bbox 3370 1119 3547 1192; x_wconf 78' lang='grc' dir='ltr'>ἄκραν</span> <span class='ocrx_word' id='word_1_160' title='bbox 3571 1120 3781 1192; x_wconf 81' lang='grc' dir='ltr'>ἀρετὴν</span> 
     </span>
    </p>
   </div>
   <div class='ocr_carea' id='block_1_27' title="bbox 2193 1209 3783 1284">
    <p class='ocr_par' dir='ltr' id='par_1_27' title="bbox 2193 1209 3783 1284">
     <span class='ocr_line' id='line_1_27' title="bbox 2193 1209 3783 1284; baseline -0.001 -17"><span class='ocrx_word' id='word_1_161' title='bbox 2193 1214 2565 1284; x_wconf 80' lang='grc' dir='ltr'><strong>ὑπειληφότας</strong></span> <span class='ocrx_word' id='word_1_162' title='bbox 2586 1209 2747 1279; x_wconf 82' lang='grc' dir='ltr'>εἶναι,</span> <span class='ocrx_word' id='word_1_163' title='bbox 2773 1214 2869 1267; x_wconf 72' lang='grc' dir='ltr'><strong>καὶ</strong></span> <span class='ocrx_word' id='word_1_164' title='bbox 2902 1211 3066 1283; x_wconf 78' lang='grc' dir='ltr'>ζῆλον</span> <span class='ocrx_word' id='word_1_165' title='bbox 3095 1211 3320 1282; x_wconf 74' lang='grc' dir='ltr'>θερμὸν,</span> <span class='ocrx_word' id='word_1_166' title='bbox 3352 1213 3451 1282; x_wconf 85' lang='grc' dir='ltr'>τὴν</span> <span class='ocrx_word' id='word_1_167' title='bbox 3479 1212 3783 1283; x_wconf 79' lang='grc' dir='ltr'>ἀδιάφορον</span> 
     </span>
    </p>
   </div>
   <div class='ocr_carea' id='block_1_28' title="bbox 2192 1305 3781 1378">
    <p class='ocr_par' dir='ltr' id='par_1_28' title="bbox 2192 1305 3781 1378">
     <span class='ocr_line' id='line_1_28' title="bbox 2192 1305 3781 1378; baseline -0.002 -16"><span class='ocrx_word' id='word_1_168' title='bbox 2192 1308 2299 1362; x_wconf 84' lang='grc' dir='ltr'><strong>τῶν</strong></span> <span class='ocrx_word' id='word_1_169' title='bbox 2321 1307 2598 1378; x_wconf 77' lang='grc' dir='ltr'><strong>ἐδωδίμων</strong></span> <span class='ocrx_word' id='word_1_170' title='bbox 2634 1306 2958 1378; x_wconf 81' lang='grc' dir='ltr'>μετάληψιν.</span> <span class='ocrx_word' id='word_1_171' title='bbox 2985 1305 3097 1359; x_wconf 72' lang='grc' dir='ltr'><strong>Καὶ</strong></span> <span class='ocrx_word' id='word_1_172' title='bbox 3124 1306 3343 1378; x_wconf 79' lang='grc' dir='ltr'>πρῶτον</span> <span class='ocrx_word' id='word_1_173' title='bbox 3371 1305 3471 1375; x_wconf 79' lang='grc' dir='ltr'>μὲν</span> <span class='ocrx_word' id='word_1_174' title='bbox 3507 1305 3781 1371; x_wconf 72' lang='grc' dir='ltr'>διδάσκει,</span> 
     </span>
    </p>
   </div>
   <div class='ocr_carea' id='block_1_29' title="bbox 2191 1390 3783 1473">
    <p class='ocr_par' dir='ltr' id='par_1_29' title="bbox 2191 1390 3783 1473">
     <span class='ocr_line' id='line_1_29' title="bbox 2191 1390 3783 1473; baseline 0.001 -20"><span class='ocrx_word' id='word_1_175' title='bbox 2191 1400 2269 1465; x_wconf 84' lang='grc' dir='ltr'>ὡς</span> <span class='ocrx_word' id='word_1_176' title='bbox 2313 1401 2464 1455; x_wconf 79' lang='grc' dir='ltr'>οὐδὲν</span> <span class='ocrx_word' id='word_1_177' title='bbox 2511 1400 2716 1455; x_wconf 83' lang='grc' dir='ltr'>τούτων</span> <span class='ocrx_word' id='word_1_178' title='bbox 2761 1400 2953 1469; x_wconf 73' lang='grc' dir='ltr'>ἐναγὲς</span> <span class='ocrx_word' id='word_1_179' title='bbox 2987 1402 3084 1455; x_wconf 77' lang='grc' dir='ltr'>καὶ</span> <span class='ocrx_word' id='word_1_180' title='bbox 3130 1399 3461 1473; x_wconf 83' lang='grc' dir='ltr'>ἀκάθαρτον.</span> <span class='ocrx_word' id='word_1_181' title='bbox 3504 1390 3669 1469; x_wconf 71' lang='grc' dir='ltr'>Α’ἑγει</span> <span class='ocrx_word' id='word_1_182' title='bbox 3716 1399 3783 1454; x_wconf 63' lang='grc' dir='ltr'>δὲ</span> 
     </span>
    </p>
   </div>
   <div class='ocr_carea' id='block_1_30' title="bbox 2193 1490 2404 1555">
    <p class='ocr_par' dir='ltr' id='par_1_30' title="bbox 2193 1490 2404 1555">
     <span class='ocr_line' id='line_1_30' title="bbox 2193 1490 2404 1555; baseline -0.014 -9"><span class='ocrx_word' id='word_1_183' title='bbox 2193 1490 2366 1555; x_wconf 73' lang='grc' dir='ltr'>οὕτως</span> <span class='ocrx_word' id='word_1_184' title='bbox 2388 1508 2404 1523; x_wconf 79' lang='grc' dir='ltr'><strong>ο</strong></span> 
     </span>
    </p>
   </div>
   <div class='ocr_carea' id='block_1_31' title="bbox 2250 1577 3785 1651">
    <p class='ocr_par' dir='ltr' id='par_1_31' title="bbox 2250 1577 3785 1651">
     <span class='ocr_line' id='line_1_31' title="bbox 2250 1577 3785 1651; baseline 0 -14"><span class='ocrx_word' id='word_1_185' title='bbox 2250 1577 2521 1637; x_wconf 56' lang='grc' dir='ltr'><strong>’ὡκ-Οἶδα</strong></span> <span class='ocrx_word' id='word_1_186' title='bbox 2566 1581 2667 1635; x_wconf 79' lang='grc' dir='ltr'><strong>καὶ</strong></span> <span class='ocrx_word' id='word_1_187' title='bbox 2706 1579 3032 1651; x_wconf 80' lang='grc' dir='ltr'><strong>πέπεισμαι</strong></span> <span class='ocrx_word' id='word_1_188' title='bbox 3077 1579 3148 1633; x_wconf 79' lang='grc' dir='ltr'>ὲν</span> <span class='ocrx_word' id='word_1_189' title='bbox 3187 1580 3383 1648; x_wconf 79' lang='grc' dir='ltr'>Κυρίῳ</span> <span class='ocrx_word' id='word_1_190' title='bbox 3420 1580 3648 1648; x_wconf 82' lang='grc' dir='ltr'><strong>Ἰησοῦ,</strong></span> <span class='ocrx_word' id='word_1_191' title='bbox 3686 1580 3785 1637; x_wconf 79' lang='grc' dir='ltr'>ὅτι</span> 
     </span>
    </p>
   </div>
   <div class='ocr_carea' id='block_1_32' title="bbox 2193 1672 3786 1753">
    <p class='ocr_par' dir='ltr' id='par_1_32' title="bbox 2193 1672 3786 1753">
     <span class='ocr_line' id='line_1_32' title="bbox 2193 1672 3786 1753; baseline -0.005 -22"><span class='ocrx_word' id='word_1_192' title='bbox 2193 1675 2375 1731; x_wconf 79' lang='grc' dir='ltr'>οὐδὲν</span> <span class='ocrx_word' id='word_1_193' title='bbox 2413 1673 2623 1728; x_wconf 74' lang='grc' dir='ltr'>κοινόν</span> <span class='ocrx_word' id='word_1_194' title='bbox 2644 1672 2718 1726; x_wconf 82' lang='grc' dir='ltr'><strong>δι’</strong></span> <span class='ocrx_word' id='word_1_195' title='bbox 2744 1674 2953 1753; x_wconf 53' lang='grc' dir='ltr'>αὐῖοῦ.</span> <span class='ocrx_word' id='word_1_196' title='bbox 2997 1674 3343 1742; x_wconf 83' lang='grc' dir='ltr'>Ἀναγκαίως</span> <span class='ocrx_word' id='word_1_197' title='bbox 3365 1672 3450 1737; x_wconf 86' lang='grc' dir='ltr'><strong>τὺ,</strong></span> <span class='ocrx_word' id='word_1_198' title='bbox 3476 1674 3546 1727; x_wconf 77' lang='grc' dir='ltr'><strong>ἐν</strong></span> <span class='ocrx_word' id='word_1_199' title='bbox 3580 1674 3786 1742; x_wconf 75' lang='grc' dir='ltr'>Κυρίῳ</span> 
     </span>
    </p>
   </div>
   <div class='ocr_carea' id='block_1_33' title="bbox 2207 1763 3786 1839">
    <p class='ocr_par' dir='ltr' id='par_1_33' title="bbox 2207 1763 3786 1839">
     <span class='ocr_line' id='line_1_33' title="bbox 2207 1763 3786 1839; baseline -0.004 -14"><span class='ocrx_word' id='word_1_200' title='bbox 2207 1768 2435 1837; x_wconf 83' lang='grc' dir='ltr'><strong>Ἰησοῦ,</strong></span> <span class='ocrx_word' id='word_1_201' title='bbox 2474 1763 2830 1839; x_wconf 77' lang='grc' dir='ltr'>προστέθεικέ</span> <span class='ocrx_word' id='word_1_202' title='bbox 2884 1765 2972 1820; x_wconf 86' lang='grc' dir='ltr'><strong>διὰ</strong></span> <span class='ocrx_word' id='word_1_203' title='bbox 3009 1765 3108 1837; x_wconf 82' lang='grc' dir='ltr'>τὴν</span> <span class='ocrx_word' id='word_1_204' title='bbox 3158 1764 3429 1820; x_wconf 85' lang='grc' dir='ltr'>Ἰουδαίων</span> <span class='ocrx_word' id='word_1_205' title='bbox 3469 1765 3786 1819; x_wconf 83' lang='grc' dir='ltr'>ἀσθένειαν.</span> 
     </span>
    </p>
   </div>
   <div class='ocr_carea' id='block_1_34' title="bbox 505 1852 2088 1931">
    <p class='ocr_par' dir='ltr' id='par_1_34' title="bbox 505 1852 2088 1926">
     <span class='ocr_line' id='line_1_34' title="bbox 505 1852 2088 1926; baseline -0.005 -10"><span class='ocrx_word' id='word_1_206' title='bbox 505 1861 777 1916; x_wconf 86' lang='lat' dir='ltr'><strong>mitatem.</strong></span> <span class='ocrx_word' id='word_1_207' title='bbox 812 1857 893 1915; x_wconf 83' lang='lat' dir='ltr'><strong>Ne</strong></span> <span class='ocrx_word' id='word_1_208' title='bbox 940 1858 1088 1913; x_wconf 86' lang='lat' dir='ltr'><strong>enim</strong></span> <span class='ocrx_word' id='word_1_209' title='bbox 1145 1858 1366 1913; x_wconf 89' lang='lat' dir='ltr'><strong>dicant:</strong></span> <span class='ocrx_word' id='word_1_210' title='bbox 1402 1855 1486 1909; x_wconf 87' lang='lat' dir='ltr'><strong>Tu</strong></span> <span class='ocrx_word' id='word_1_211' title='bbox 1534 1856 1660 1926; x_wconf 87' lang='lat' dir='ltr'><strong>quis</strong></span> <span class='ocrx_word' id='word_1_212' title='bbox 1692 1870 1774 1921; x_wconf 89' lang='lat' dir='ltr'><strong>es,</strong></span> <span class='ocrx_word' id='word_1_213' title='bbox 1803 1855 1897 1925; x_wconf 90' lang='lat' dir='ltr'><strong>qui</strong></span> <span class='ocrx_word' id='word_1_214' title='bbox 1950 1852 2088 1908; x_wconf 87' lang='lat' dir='ltr'><strong>Mosi</strong></span> 
     </span>
    </p>
   </div>
   <div class='ocr_carea' id='block_1_35' title="bbox 2198 1852 3787 1931">
    <p class='ocr_par' dir='ltr' id='par_1_35' title="bbox 2198 1854 3787 1931">
     <span class='ocr_line' id='line_1_35' title="bbox 2198 1854 3787 1931; baseline -0.004 -17"><span class='ocrx_word' id='word_1_215' title='bbox 2198 1860 2311 1914; x_wconf 81' lang='grc' dir='ltr'>Ἵνα</span> <span class='ocrx_word' id='word_1_216' title='bbox 2363 1859 2472 1931; x_wconf 79' lang='grc' dir='ltr'>γὰρ</span> <span class='ocrx_word' id='word_1_217' title='bbox 2526 1857 2601 1930; x_wconf 84' lang='grc' dir='ltr'>μὴ</span> <span class='ocrx_word' id='word_1_218' title='bbox 2651 1856 2899 1927; x_wconf 83' lang='grc' dir='ltr'>λέγωσι·</span> <span class='ocrx_word' id='word_1_219' title='bbox 2953 1857 3026 1909; x_wconf 84' lang='grc' dir='ltr'><strong>Σὺ</strong></span> <span class='ocrx_word' id='word_1_220' title='bbox 3076 1855 3160 1920; x_wconf 87' lang='grc' dir='ltr'><strong>τίς</strong></span> <span class='ocrx_word' id='word_1_221' title='bbox 3209 1854 3286 1910; x_wconf 84' lang='grc' dir='ltr'>ὢν</span> <span class='ocrx_word' id='word_1_222' title='bbox 3344 1854 3787 1926; x_wconf 80' lang='grc' dir='ltr'>ἀντινομοθετεῖς</span> 
     </span>
    </p>
   </div>
   <div class='ocr_carea' id='block_1_36' title="bbox 502 1946 2090 2008">
    <p class='ocr_par' dir='ltr' id='par_1_36' title="bbox 502 1946 2090 2008">
     <span class='ocr_line' id='line_1_36' title="bbox 502 1946 2090 2008; baseline -0.004 0"><span class='ocrx_word' id='word_1_223' title='bbox 502 1951 792 2008; x_wconf 83' lang='lat' dir='ltr'><strong>contraria</strong></span> <span class='ocrx_word' id='word_1_224' title='bbox 850 1950 1095 2006; x_wconf 86' lang='lat' dir='ltr'><strong>statuis?</strong></span> <span class='ocrx_word' id='word_1_225' title='bbox 1158 1947 1329 2005; x_wconf 84' lang='lat' dir='ltr'><strong>Mosis</strong></span> <span class='ocrx_word' id='word_1_226' title='bbox 1393 1947 1687 2002; x_wconf 85' lang='lat' dir='ltr'><strong>Dominum</strong></span> <span class='ocrx_word' id='word_1_227' title='bbox 1744 1948 1798 2001; x_wconf 91' lang='lat' dir='ltr'><strong>iu</strong></span> <span class='ocrx_word' id='word_1_228' title='bbox 1849 1946 2090 2002; x_wconf 74' lang='lat' dir='ltr'><strong>medium</strong></span> 
     </span>
    </p>
   </div>
   <div class='ocr_carea' id='block_1_37' title="bbox 506 2038 2090 2117">
    <p class='ocr_par' dir='ltr' id='par_1_37' title="bbox 506 2038 2090 2117">
     <span class='ocr_line' id='line_1_37' title="bbox 506 2038 2090 2117; baseline -0.003 -17"><span class='ocrx_word' id='word_1_229' title='bbox 506 2045 773 2117; x_wconf 86' lang='lat' dir='ltr'><strong>protulit,</strong></span> <span class='ocrx_word' id='word_1_230' title='bbox 830 2042 1027 2098; x_wconf 84' lang='lat' dir='ltr'><strong>dicens</strong></span> <span class='ocrx_word' id='word_1_231' title='bbox 1088 2055 1216 2096; x_wconf 88' lang='lat' dir='ltr'><strong>eum</strong></span> <span class='ocrx_word' id='word_1_232' title='bbox 1281 2039 1555 2111; x_wconf 79' lang='lat' dir='ltr'><strong>legalibus</strong></span> <span class='ocrx_word' id='word_1_233' title='bbox 1609 2038 2090 2095; x_wconf 81' lang='lat' dir='ltr'><strong>observationibus</strong></span> 
     </span>
    </p>
   </div>
   <div class='ocr_carea' id='block_1_38' title="bbox 503 2130 2090 2206">
    <p class='ocr_par' dir='ltr' id='par_1_38' title="bbox 503 2130 2090 2206">
     <span class='ocr_line' id='line_1_38' title="bbox 503 2130 2090 2206; baseline -0.006 -10"><span class='ocrx_word' id='word_1_234' title='bbox 503 2139 666 2196; x_wconf 77' lang='lat' dir='ltr'><strong>tinem</strong></span> <span class='ocrx_word' id='word_1_235' title='bbox 731 2134 1087 2206; x_wconf 85' lang='lat' dir='ltr'><strong>imposuisse,</strong></span> <span class='ocrx_word' id='word_1_236' title='bbox 1118 2147 1222 2188; x_wconf 86' lang='lat' dir='ltr'><strong>nec</strong></span> <span class='ocrx_word' id='word_1_237' title='bbox 1256 2132 1610 2204; x_wconf 88' lang='lat' dir='ltr'><strong>permississe</strong></span> <span class='ocrx_word' id='word_1_238' title='bbox 1645 2137 1706 2185; x_wconf 91' lang='lat' dir='ltr'><strong>ut</strong></span> <span class='ocrx_word' id='word_1_239' title='bbox 1738 2131 1887 2187; x_wconf 90' lang='lat' dir='ltr'><strong>ullus</strong></span> <span class='ocrx_word' id='word_1_240' title='bbox 1928 2130 2090 2187; x_wconf 86' lang='lat' dir='ltr'><strong>cibus</strong></span> 
     </span>
    </p>
   </div>
   <div class='ocr_carea' id='block_1_39' title="bbox 503 2223 2092 2303">
    <p class='ocr_par' dir='ltr' id='par_1_39' title="bbox 503 2223 2092 2303">
     <span class='ocr_line' id='line_1_39' title="bbox 503 2223 2092 2303; baseline -0.002 -20"><span class='ocrx_word' id='word_1_241' title='bbox 503 2228 826 2285; x_wconf 88' lang='lat' dir='ltr'><strong>immundus</strong></span> <span class='ocrx_word' id='word_1_242' title='bbox 840 2226 1279 2283; x_wconf 79' lang='lat' dir='ltr'><strong>existimaretur.</strong></span> <span class='ocrx_word' id='word_1_243' title='bbox 1299 2223 1440 2279; x_wconf 89' lang='lat' dir='ltr'><strong>Illud</strong></span> <span class='ocrx_word' id='word_1_244' title='bbox 1463 2225 1633 2290; x_wconf 90' lang='lat' dir='ltr'><strong>enim,</strong></span> <span class='ocrx_word' id='word_1_245' title='bbox 1660 2238 1754 2293; x_wconf 79' lang='lat' dir='ltr'><strong>per</strong></span> <span class='ocrx_word' id='word_1_246' title='bbox 1776 2225 1969 2293; x_wconf 82' lang='lat' dir='ltr'><strong>ipsum,</strong></span> <span class='ocrx_word' id='word_1_247' title='bbox 1986 2224 2092 2303; x_wconf 84' lang='lat' dir='ltr'><strong>hoc</strong></span> 
     </span>
    </p>
   </div>
   <div class='ocr_carea' id='block_1_40' title="bbox 504 2314 2092 2389">
    <p class='ocr_par' dir='ltr' id='par_1_40' title="bbox 504 2314 2092 2389">
     <span class='ocr_line' id='line_1_40' title="bbox 504 2314 2092 2389; baseline -0.004 -13"><span class='ocrx_word' id='word_1_248' title='bbox 504 2327 611 2385; x_wconf 88' lang='lat' dir='ltr'><strong>est,</strong></span> <span class='ocrx_word' id='word_1_249' title='bbox 637 2335 736 2389; x_wconf 90' lang='lat' dir='ltr'><strong>per</strong></span> <span class='ocrx_word' id='word_1_250' title='bbox 788 2317 1164 2388; x_wconf 78' lang='lat' dir='ltr'><strong>evangelicam</strong></span> <span class='ocrx_word' id='word_1_251' title='bbox 1212 2315 1374 2386; x_wconf 73' lang='lat' dir='ltr'><strong>t-jus‘</strong></span> <span class='ocrx_word' id='word_1_252' title='bbox 1425 2314 1912 2370; x_wconf 84' lang='lat' dir='ltr'><strong>constitutionem.</strong></span> <span class='ocrx_word' id='word_1_253' title='bbox 1969 2314 2092 2386; x_wconf 82' lang='lat' dir='ltr'><strong>Ipse</strong></span> 
     </span>
    </p>
   </div>
   <div class='ocr_carea' id='block_1_41' title="bbox 502 2404 2092 2473">
    <p class='ocr_par' dir='ltr' id='par_1_41' title="bbox 502 2404 2092 2473">
     <span class='ocr_line' id='line_1_41' title="bbox 502 2404 2092 2473; baseline -0.004 -6"><span class='ocrx_word' id='word_1_254' title='bbox 502 2411 648 2467; x_wconf 84' lang='lat' dir='ltr'><strong>enim</strong></span> <span class='ocrx_word' id='word_1_255' title='bbox 685 2411 848 2466; x_wconf 89' lang='lat' dir='ltr'><strong>beato</strong></span> <span class='ocrx_word' id='word_1_256' title='bbox 873 2409 1043 2470; x_wconf 74' lang='lat' dir='ltr'><strong>etiam</strong></span> <span class='ocrx_word' id='word_1_257' title='bbox 1094 2405 1263 2463; x_wconf 84' lang='lat' dir='ltr'><strong>Petro</strong></span> <span class='ocrx_word' id='word_1_258' title='bbox 1296 2406 1442 2462; x_wconf 80' lang='lat' dir='ltr'><strong>dixit</strong></span> <span class='ocrx_word' id='word_1_259' title='bbox 1471 2422 1487 2460; x_wconf 87' lang='lat'><strong>:</strong></span> <span class='ocrx_word' id='word_1_260' title='bbox 1530 2424 1549 2459; x_wconf 81' lang='grc' dir='ltr'><strong>ι</strong></span> <span class='ocrx_word' id='word_1_261' title='bbox 1576 2405 1712 2473; x_wconf 75' lang='lat' dir='ltr'><strong>Quae</strong></span> <span class='ocrx_word' id='word_1_262' title='bbox 1740 2404 1888 2461; x_wconf 87' lang='lat' dir='ltr'><strong>Deus</strong></span> <span class='ocrx_word' id='word_1_263' title='bbox 1936 2422 2092 2461; x_wconf 85' lang='lat' dir='ltr'><strong>mun-</strong></span> 
     </span>
    </p>
   </div>
   <div class='ocr_carea' id='block_1_42' title="bbox 504 2496 2091 2569">
    <p class='ocr_par' dir='ltr' id='par_1_42' title="bbox 504 2496 2091 2569">
     <span class='ocr_line' id='line_1_42' title="bbox 504 2496 2091 2569; baseline -0.002 -13"><span class='ocrx_word' id='word_1_264' title='bbox 504 2501 694 2567; x_wconf 84' lang='lat' dir='ltr'><strong>davit,</strong></span> <span class='ocrx_word' id='word_1_265' title='bbox 743 2510 804 2555; x_wconf 91' lang='lat' dir='ltr'><strong>tu</strong></span> <span class='ocrx_word' id='word_1_266' title='bbox 857 2512 926 2555; x_wconf 88' lang='lat' dir='ltr'><strong>ne</strong></span> <span class='ocrx_word' id='word_1_267' title='bbox 981 2499 1192 2555; x_wconf 80' lang='lat' dir='ltr'><strong>dixeris</strong></span> <span class='ocrx_word' id='word_1_268' title='bbox 1256 2500 1572 2555; x_wconf 89' lang='lat' dir='ltr'><strong>communia</strong></span> <span class='ocrx_word' id='word_1_269' title='bbox 1593 2510 1639 2554; x_wconf 85' lang='grc'>·.</span> <span class='ocrx_word' id='word_1_270' title='bbox 1678 2518 1698 2551; x_wconf 71' lang='grc' dir='ltr'><strong>ι</strong></span> <span class='ocrx_word' id='word_1_271' title='bbox 1741 2496 1867 2552; x_wconf 83' lang='lat' dir='ltr'><strong>Nisi</strong></span> <span class='ocrx_word' id='word_1_272' title='bbox 1907 2500 1956 2553; x_wconf 88' lang='lat' dir='ltr'><strong>ei</strong></span> <span class='ocrx_word' id='word_1_273' title='bbox 2001 2500 2091 2569; x_wconf 84' lang='lat' dir='ltr'><strong>qui</strong></span> 
     </span>
    </p>
   </div>
   <div class='ocr_carea' id='block_1_43' title="bbox 499 2589 2088 2661">
    <p class='ocr_par' dir='ltr' id='par_1_43' title="bbox 499 2589 2088 2661">
     <span class='ocr_line' id='line_1_43' title="bbox 499 2589 2088 2661; baseline -0.003 -13"><span class='ocrx_word' id='word_1_274' title='bbox 499 2594 767 2650; x_wconf 67' lang='lat' dir='ltr'><strong>existimet</strong></span> <span class='ocrx_word' id='word_1_275' title='bbox 794 2590 1002 2661; x_wconf 81' lang='lat' dir='ltr'><strong>aliquid</strong></span> <span class='ocrx_word' id='word_1_276' title='bbox 1046 2605 1323 2645; x_wconf 78' lang='lat' dir='ltr'><strong>commune</strong></span> <span class='ocrx_word' id='word_1_277' title='bbox 1358 2606 1495 2655; x_wconf 85' lang='lat' dir='ltr'><strong>csse,</strong></span> <span class='ocrx_word' id='word_1_278' title='bbox 1523 2589 1609 2644; x_wconf 84' lang='lat' dir='ltr'><strong>illi</strong></span> <span class='ocrx_word' id='word_1_279' title='bbox 1655 2603 1939 2645; x_wconf 75' lang='lat' dir='ltr'><strong>commune</strong></span> <span class='ocrx_word' id='word_1_280' title='bbox 1987 2599 2088 2645; x_wconf 83' lang='lat' dir='ltr'><strong>est.</strong></span> 
     </span>
    </p>
   </div>
   <div class='ocr_carea' id='block_1_44' title="bbox 507 2681 2094 2752">
    <p class='ocr_par' dir='ltr' id='par_1_44' title="bbox 507 2681 2094 2752">
     <span class='ocr_line' id='line_1_44' title="bbox 507 2681 2094 2752; baseline 0.002 -16"><span class='ocrx_word' id='word_1_281' title='bbox 507 2681 566 2736; x_wconf 88' lang='lat' dir='ltr'><strong>Si</strong></span> <span class='ocrx_word' id='word_1_282' title='bbox 602 2683 730 2752; x_wconf 89' lang='lat' dir='ltr'><strong>quis</strong></span> <span class='ocrx_word' id='word_1_283' title='bbox 776 2689 959 2737; x_wconf 89' lang='lat' dir='ltr'><strong>autem</strong></span> <span class='ocrx_word' id='word_1_284' title='bbox 1022 2682 1353 2739; x_wconf 81' lang='lat' dir='ltr'><strong>existimans</strong></span> <span class='ocrx_word' id='word_1_285' title='bbox 1402 2681 1550 2738; x_wconf 91' lang='lat' dir='ltr'><strong>hunc</strong></span> <span class='ocrx_word' id='word_1_286' title='bbox 1593 2684 1779 2739; x_wconf 90' lang='lat' dir='ltr'><strong>cibum</strong></span> <span class='ocrx_word' id='word_1_287' title='bbox 1813 2695 1949 2741; x_wconf 81' lang='lat' dir='ltr'><strong>esse</strong></span> <span class='ocrx_word' id='word_1_288' title='bbox 1990 2686 2094 2740; x_wconf 87' lang='lat' dir='ltr'><strong>im-</strong></span> 
     </span>
    </p>
   </div>
   <div class='ocr_carea' id='block_1_45' title="bbox 506 2774 2092 2851">
    <p class='ocr_par' dir='ltr' id='par_1_45' title="bbox 506 2774 2092 2851">
     <span class='ocr_line' id='line_1_45' title="bbox 506 2774 2092 2851; baseline 0.004 -22"><span class='ocrx_word' id='word_1_289' title='bbox 506 2775 796 2839; x_wconf 87' lang='lat' dir='ltr'><strong>mundum,</strong></span> <span class='ocrx_word' id='word_1_290' title='bbox 831 2790 897 2830; x_wconf 92' lang='lat' dir='ltr'><strong>eo</strong></span> <span class='ocrx_word' id='word_1_291' title='bbox 921 2776 1188 2843; x_wconf 85' lang='lat' dir='ltr'><strong>vescitur,</strong></span> <span class='ocrx_word' id='word_1_292' title='bbox 1212 2774 1555 2843; x_wconf 77' lang='lat' dir='ltr'><strong>immundum</strong></span> <span class='ocrx_word' id='word_1_293' title='bbox 1595 2786 1701 2843; x_wconf 87' lang='lat' dir='ltr'><strong>est,</strong></span> <span class='ocrx_word' id='word_1_294' title='bbox 1728 2794 1839 2833; x_wconf 89' lang='lat' dir='ltr'><strong>non</strong></span> <span class='ocrx_word' id='word_1_295' title='bbox 1869 2790 2092 2851; x_wconf 83' lang='lat' dir='ltr'><strong>propter</strong></span> 
     </span>
    </p>
   </div>
   <div class='ocr_carea' id='block_1_46' title="bbox 505 2866 2092 2940">
    <p class='ocr_par' dir='ltr' id='par_1_46' title="bbox 505 2866 2092 2940">
     <span class='ocr_line' id='line_1_46' title="bbox 505 2866 2092 2940; baseline 0.004 -19"><span class='ocrx_word' id='word_1_296' title='bbox 505 2866 628 2938; x_wconf 83' lang='lat' dir='ltr'><strong>ejus</strong></span> <span class='ocrx_word' id='word_1_297' title='bbox 684 2876 964 2934; x_wconf 84' lang='lat' dir='ltr'><strong>naturam,</strong></span> <span class='ocrx_word' id='word_1_298' title='bbox 1020 2871 1116 2924; x_wconf 88' lang='lat' dir='ltr'><strong>sed</strong></span> <span class='ocrx_word' id='word_1_299' title='bbox 1174 2878 1404 2940; x_wconf 88' lang='lat' dir='ltr'><strong>propter</strong></span> <span class='ocrx_word' id='word_1_300' title='bbox 1441 2870 1789 2940; x_wconf 90' lang='lat' dir='ltr'><strong>opinionem.</strong></span> <span class='ocrx_word' id='word_1_301' title='bbox 1848 2869 1944 2927; x_wconf 86' lang='lat' dir='ltr'><strong>His</strong></span> <span class='ocrx_word' id='word_1_302' title='bbox 1991 2873 2092 2927; x_wconf 89' lang='lat' dir='ltr'><strong>hoc</strong></span> 
     </span>
    </p>
   </div>
   <div class='ocr_carea' id='block_1_47' title="bbox 507 2961 2093 3034">
    <p class='ocr_par' dir='ltr' id='par_1_47' title="bbox 507 2961 2093 3034">
     <span class='ocr_line' id='line_1_47' title="bbox 507 2961 2093 3034; baseline 0.003 -17"><span class='ocrx_word' id='word_1_303' title='bbox 507 2961 676 3018; x_wconf 83' lang='lat' dir='ltr'><strong>modo</strong></span> <span class='ocrx_word' id='word_1_304' title='bbox 697 2962 988 3030; x_wconf 85' lang='lat' dir='ltr'><strong>discussis,</strong></span> <span class='ocrx_word' id='word_1_305' title='bbox 1022 2979 1221 3020; x_wconf 87' lang='lat' dir='ltr'><strong>rursus</strong></span> <span class='ocrx_word' id='word_1_306' title='bbox 1250 2962 1441 3020; x_wconf 78' lang='lat' dir='ltr'><strong>ﬁdeles</strong></span> <span class='ocrx_word' id='word_1_307' title='bbox 1471 2978 1539 3019; x_wconf 82' lang='lat' dir='ltr'><strong>ex</strong></span> <span class='ocrx_word' id='word_1_308' title='bbox 1571 2964 1830 3034; x_wconf 78' lang='lat' dir='ltr'><strong>gentibus</strong></span> <span class='ocrx_word' id='word_1_309' title='bbox 1858 2980 2093 3021; x_wconf 82' lang='lat' dir='ltr'><strong>conver-</strong></span> 
     </span>
    </p>
   </div>
   <div class='ocr_carea' id='block_1_48' title="bbox 506 3054 2087 3128">
    <p class='ocr_par' dir='ltr' id='par_1_48' title="bbox 506 3054 2087 3128">
     <span class='ocr_line' id='line_1_48' title="bbox 506 3054 2087 3128; baseline -0.001 -15"><span class='ocrx_word' id='word_1_310' title='bbox 506 3069 603 3113; x_wconf 81' lang='lat' dir='ltr'><strong>sos</strong></span> <span class='ocrx_word' id='word_1_311' title='bbox 634 3055 1014 3126; x_wconf 80' lang='lat' dir='ltr'><strong>reprehendit,</strong></span> <span class='ocrx_word' id='word_1_312' title='bbox 1052 3056 1146 3128; x_wconf 89' lang='lat' dir='ltr'><strong>qui</strong></span> <span class='ocrx_word' id='word_1_313' title='bbox 1185 3054 1503 3113; x_wconf 69' lang='lat' dir='ltr'><strong>Iudaeorum</strong></span> <span class='ocrx_word' id='word_1_314' title='bbox 1540 3056 1924 3113; x_wconf 76' lang='lat' dir='ltr'><strong>infirmitatem</strong></span> <span class='ocrx_word' id='word_1_315' title='bbox 1977 3073 2087 3112; x_wconf 75' lang='lat' dir='ltr'><strong>non</strong></span> 
     </span>
    </p>
   </div>
   <div class='ocr_carea' id='block_1_49' title="bbox 509 3147 1433 3203">
    <p class='ocr_par' dir='ltr' id='par_1_49' title="bbox 509 3147 1433 3203">
     <span class='ocr_line' id='line_1_49' title="bbox 509 3147 1433 3203; baseline -0.002 0"><span class='ocrx_word' id='word_1_316' title='bbox 509 3147 783 3203; x_wconf 81' lang='lat' dir='ltr'><strong>ferebant.</strong></span> <span class='ocrx_word' id='word_1_317' title='bbox 1021 3162 1030 3169; x_wconf 91' lang='grc'><strong>·</strong></span> <span class='ocrx_word' id='word_1_318' title='bbox 1428 3156 1433 3161; x_wconf 78' lang='lat'><em>‘</em></span> 
     </span>
    </p>
   </div>
   <div class='ocr_carea' id='block_1_50' title="bbox 581 3237 2090 3311">
    <p class='ocr_par' dir='ltr' id='par_1_50' title="bbox 581 3237 2090 3311">
     <span class='ocr_line' id='line_1_50' title="bbox 581 3237 2090 3311; baseline 0.002 -17"><span class='ocrx_word' id='word_1_319' title='bbox 581 3238 742 3295; x_wconf 73' lang='lat' dir='ltr'><strong>Vsus.</strong></span> <span class='ocrx_word' id='word_1_320' title='bbox 781 3238 868 3294; x_wconf 82' lang='grc'><strong>15.</strong></span> <span class='ocrx_word' id='word_1_321' title='bbox 913 3237 973 3293; x_wconf 89' lang='lat' dir='ltr'><strong>Si</strong></span> <span class='ocrx_word' id='word_1_322' title='bbox 1019 3246 1198 3293; x_wconf 84' lang='lat' dir='ltr'><strong>autem</strong></span> <span class='ocrx_word' id='word_1_323' title='bbox 1249 3248 1462 3310; x_wconf 84' lang='lat' dir='ltr'><strong>propter</strong></span> <span class='ocrx_word' id='word_1_324' title='bbox 1510 3240 1685 3295; x_wconf 88' lang='lat' dir='ltr'><strong>cibum</strong></span> <span class='ocrx_word' id='word_1_325' title='bbox 1742 3241 1913 3311; x_wconf 76' lang='lat' dir='ltr'><strong>frater</strong></span> <span class='ocrx_word' id='word_1_326' title='bbox 1967 3252 2090 3297; x_wconf 86' lang='lat' dir='ltr'><strong>tuus</strong></span> 
     </span>
    </p>
   </div>
   <div class='ocr_carea' id='block_1_51' title="bbox 507 3332 2093 3401">
    <p class='ocr_par' dir='ltr' id='par_1_51' title="bbox 507 3332 2093 3401">
     <span class='ocr_line' id='line_1_51' title="bbox 507 3332 2093 3401; baseline 0 -15"><span class='ocrx_word' id='word_1_327' title='bbox 507 3333 886 3396; x_wconf 86' lang='lat' dir='ltr'><strong>contristatur,</strong></span> <span class='ocrx_word' id='word_1_328' title='bbox 910 3332 1030 3401; x_wconf 86' lang='lat' dir='ltr'><strong>jam</strong></span> <span class='ocrx_word' id='word_1_329' title='bbox 1081 3348 1188 3387; x_wconf 83' lang='lat' dir='ltr'><strong>non</strong></span> <span class='ocrx_word' id='word_1_330' title='bbox 1221 3332 1506 3386; x_wconf 81' lang='lat' dir='ltr'><strong>secundum</strong></span> <span class='ocrx_word' id='word_1_331' title='bbox 1536 3333 1853 3388; x_wconf 84' lang='lat' dir='ltr'><strong>charitatem</strong></span> <span class='ocrx_word' id='word_1_332' title='bbox 1889 3334 2093 3388; x_wconf 78' lang='lat' dir='ltr'><strong>ambu-</strong></span> 
     </span>
    </p>
   </div>
   <div class='ocr_carea' id='block_1_52' title="bbox 505 3422 2094 3495">
    <p class='ocr_par' dir='ltr' id='par_1_52' title="bbox 505 3422 2094 3495">
     <span class='ocr_line' id='line_1_52' title="bbox 505 3422 2094 3495; baseline 0.001 -17"><span class='ocrx_word' id='word_1_333' title='bbox 505 3422 614 3479; x_wconf 86' lang='lat' dir='ltr'><strong>las.</strong></span> <span class='ocrx_word' id='word_1_334' title='bbox 659 3422 828 3477; x_wconf 77' lang='lat' dir='ltr'><strong>Auxit</strong></span> <span class='ocrx_word' id='word_1_335' title='bbox 854 3422 1146 3477; x_wconf 86' lang='lat' dir='ltr'><strong>charitatis</strong></span> <span class='ocrx_word' id='word_1_336' title='bbox 1186 3424 1628 3488; x_wconf 86' lang='lat' dir='ltr'><strong>accusationem,</strong></span> <span class='ocrx_word' id='word_1_337' title='bbox 1679 3439 1805 3479; x_wconf 89' lang='lat' dir='ltr'><strong>eum</strong></span> <span class='ocrx_word' id='word_1_338' title='bbox 1838 3426 1932 3495; x_wconf 88' lang='lat' dir='ltr'><strong>qui</strong></span> <span class='ocrx_word' id='word_1_339' title='bbox 1977 3425 2094 3479; x_wconf 79' lang='lat' dir='ltr'><strong>haec</strong></span> 
     </span>
    </p>
   </div>
   <div class='ocr_carea' id='block_1_53' title="bbox 509 3513 2094 3587">
    <p class='ocr_par' dir='ltr' id='par_1_53' title="bbox 509 3513 2094 3587">
     <span class='ocr_line' id='line_1_53' title="bbox 509 3513 2094 3587; baseline 0.001 -17"><span class='ocrx_word' id='word_1_340' title='bbox 509 3515 706 3586; x_wconf 77' lang='lat' dir='ltr'><strong>agebat</strong></span> <span class='ocrx_word' id='word_1_341' title='bbox 738 3513 1102 3586; x_wconf 78' lang='lat' dir='ltr'><strong>patefaciens.</strong></span> <span class='ocrx_word' id='word_1_342' title='bbox 1141 3513 1349 3571; x_wconf 90' lang='lat' dir='ltr'><strong>Deinde</strong></span> <span class='ocrx_word' id='word_1_343' title='bbox 1371 3516 1615 3586; x_wconf 86' lang='lat' dir='ltr'><strong>amplius</strong></span> <span class='ocrx_word' id='word_1_344' title='bbox 1647 3516 1893 3572; x_wconf 90' lang='lat' dir='ltr'><strong>ostendit</strong></span> <span class='ocrx_word' id='word_1_345' title='bbox 1922 3531 2094 3587; x_wconf 87' lang='lat' dir='ltr'><strong>quan-</strong></span> 
     </span>
    </p>
   </div>
   <div class='ocr_carea' id='block_1_54' title="bbox 504 3605 2088 3679">
    <p class='ocr_par' dir='ltr' id='par_1_54' title="bbox 504 3605 2088 3679">
     <span class='ocr_line' id='line_1_54' title="bbox 504 3605 2088 3679; baseline 0.002 -18"><span class='ocrx_word' id='word_1_346' title='bbox 504 3614 563 3661; x_wconf 80' lang='lat' dir='ltr'><strong>ta</strong></span> <span class='ocrx_word' id='word_1_347' title='bbox 592 3608 665 3664; x_wconf 88' lang='lat' dir='ltr'><strong>sit</strong></span> <span class='ocrx_word' id='word_1_348' title='bbox 690 3606 771 3663; x_wconf 92' lang='lat' dir='ltr'><strong>rei</strong></span> <span class='ocrx_word' id='word_1_349' title='bbox 800 3606 1147 3663; x_wconf 87' lang='lat' dir='ltr'><strong>ahsurditas.</strong></span> <span class='ocrx_word' id='word_1_350' title='bbox 1196 3605 1328 3662; x_wconf 86' lang='lat' dir='ltr'><strong>Noli</strong></span> <span class='ocrx_word' id='word_1_351' title='bbox 1361 3609 1476 3663; x_wconf 79' lang='lat' dir='ltr'><strong>cibo</strong></span> <span class='ocrx_word' id='word_1_352' title='bbox 1512 3617 1602 3664; x_wconf 89' lang='lat' dir='ltr'><strong>tuo</strong></span> <span class='ocrx_word' id='word_1_353' title='bbox 1649 3608 1804 3664; x_wconf 89' lang='lat' dir='ltr'><strong>illum</strong></span> <span class='ocrx_word' id='word_1_354' title='bbox 1851 3610 2088 3679; x_wconf 83' lang='lat' dir='ltr'><strong>perdere,</strong></span> 
     </span>
    </p>
   </div>
   <div class='ocr_carea' id='block_1_55' title="bbox 506 3697 2090 3768">
    <p class='ocr_par' dir='ltr' id='par_1_55' title="bbox 506 3697 2090 3768">
     <span class='ocr_line' id='line_1_55' title="bbox 506 3697 2090 3768; baseline 0.004 -18"><span class='ocrx_word' id='word_1_355' title='bbox 506 3710 604 3768; x_wconf 85' lang='lat' dir='ltr'><strong>pro</strong></span> <span class='ocrx_word' id='word_1_356' title='bbox 642 3713 746 3768; x_wconf 86' lang='lat' dir='ltr'><strong>quo</strong></span> <span class='ocrx_word' id='word_1_357' title='bbox 798 3697 1043 3754; x_wconf 81' lang='lat' dir='ltr'><strong>Christus</strong></span> <span class='ocrx_word' id='word_1_358' title='bbox 1090 3709 1334 3755; x_wconf 85' lang='lat' dir='ltr'><strong>mortuus</strong></span> <span class='ocrx_word' id='word_1_359' title='bbox 1390 3709 1487 3755; x_wconf 85' lang='lat' dir='ltr'><strong>est.</strong></span> <span class='ocrx_word' id='word_1_360' title='bbox 1526 3699 1636 3756; x_wconf 81' lang='lat' dir='ltr'><strong>Pro</strong></span> <span class='ocrx_word' id='word_1_361' title='bbox 1679 3702 1777 3757; x_wconf 90' lang='lat' dir='ltr'><strong>illo</strong></span> <span class='ocrx_word' id='word_1_362' title='bbox 1832 3701 2090 3757; x_wconf 88' lang='lat' dir='ltr'><strong>Christus</strong></span> 
     </span>
    </p>
   </div>
   <div class='ocr_carea' id='block_1_56' title="bbox 508 3788 2091 3862">
    <p class='ocr_par' dir='ltr' id='par_1_56' title="bbox 508 3788 2091 3862">
     <span class='ocr_line' id='line_1_56' title="bbox 508 3788 2091 3862; baseline 0.002 -19"><span class='ocrx_word' id='word_1_363' title='bbox 508 3788 776 3846; x_wconf 80' lang='lat' dir='ltr'><strong>Dominus</strong></span> <span class='ocrx_word' id='word_1_364' title='bbox 831 3800 1061 3847; x_wconf 87' lang='lat' dir='ltr'><strong>mortem</strong></span> <span class='ocrx_word' id='word_1_365' title='bbox 1116 3793 1326 3859; x_wconf 88' lang='lat' dir='ltr'><strong>subiit;</strong></span> <span class='ocrx_word' id='word_1_366' title='bbox 1358 3800 1418 3847; x_wconf 91' lang='lat' dir='ltr'><strong>tu</strong></span> <span class='ocrx_word' id='word_1_367' title='bbox 1459 3801 1643 3849; x_wconf 88' lang='lat' dir='ltr'><strong>autem</strong></span> <span class='ocrx_word' id='word_1_368' title='bbox 1699 3808 1813 3848; x_wconf 89' lang='lat' dir='ltr'><strong>non</strong></span> <span class='ocrx_word' id='word_1_369' title='bbox 1871 3793 1953 3848; x_wconf 92' lang='lat' dir='ltr'><strong>vis</strong></span> <span class='ocrx_word' id='word_1_370' title='bbox 1994 3806 2091 3862; x_wconf 84' lang='lat' dir='ltr'><strong>per</strong></span> 
     </span>
    </p>
   </div>
   <div class='ocr_carea' id='block_1_57' title="bbox 499 3881 2090 3957">
    <p class='ocr_par' dir='ltr' id='par_1_57' title="bbox 499 3881 2090 3957">
     <span class='ocr_line' id='line_1_57' title="bbox 499 3881 2090 3957; baseline 0.001 -21"><span class='ocrx_word' id='word_1_371' title='bbox 499 3881 615 3938; x_wconf 74' lang='lat' dir='ltr'><strong>cibi</strong></span> <span class='ocrx_word' id='word_1_372' title='bbox 669 3883 1065 3939; x_wconf 85' lang='lat' dir='ltr'><strong>abstinentiam</strong></span> <span class='ocrx_word' id='word_1_373' title='bbox 1104 3885 1181 3939; x_wconf 90' lang='lat' dir='ltr'><strong>illi</strong></span> <span class='ocrx_word' id='word_1_374' title='bbox 1218 3884 1387 3940; x_wconf 89' lang='lat' dir='ltr'><strong>vitam</strong></span> <span class='ocrx_word' id='word_1_375' title='bbox 1446 3899 1790 3957; x_wconf 86' lang='lat' dir='ltr'><strong>procurare,</strong></span> <span class='ocrx_word' id='word_1_376' title='bbox 1832 3886 1929 3942; x_wconf 82' lang='lat' dir='ltr'><strong>sed</strong></span> <span class='ocrx_word' id='word_1_377' title='bbox 1957 3884 2090 3940; x_wconf 87' lang='lat' dir='ltr'><strong>dum</strong></span> 
     </span>
    </p>
   </div>
   <div class='ocr_carea' id='block_1_58' title="bbox 505 3975 1626 4039">
    <p class='ocr_par' dir='ltr' id='par_1_58' title="bbox 505 3975 1626 4039">
     <span class='ocr_line' id='line_1_58' title="bbox 505 3975 1626 4039; baseline 0.003 -10"><span class='ocrx_word' id='word_1_378' title='bbox 505 3988 572 4029; x_wconf 86' lang='lat' dir='ltr'><strong>eo</strong></span> <span class='ocrx_word' id='word_1_379' title='bbox 598 3975 866 4039; x_wconf 79' lang='lat' dir='ltr'><strong>vesceris,</strong></span> <span class='ocrx_word' id='word_1_380' title='bbox 887 3976 966 4031; x_wconf 90' lang='lat' dir='ltr'><strong>illi</strong></span> <span class='ocrx_word' id='word_1_381' title='bbox 999 3986 1232 4031; x_wconf 85' lang='lat' dir='ltr'><strong>mortem</strong></span> <span class='ocrx_word' id='word_1_382' title='bbox 1264 3977 1626 4035; x_wconf 87' lang='lat' dir='ltr'><strong>machinaris.</strong></span> 
     </span>
    </p>
   </div>
   <div class='ocr_carea' id='block_1_59' title="bbox 469 4066 2086 4144">
    <p class='ocr_par' dir='ltr' id='par_1_59' title="bbox 469 4066 2086 4144">
     <span class='ocr_line' id='line_1_59' title="bbox 469 4066 2086 4144; baseline 0 -23"><span class='ocrx_word' id='word_1_383' title='bbox 469 4124 473 4129; x_wconf 36' lang='lat'><em>.</em></span> <span class='ocrx_word' id='word_1_384' title='bbox 581 4066 746 4123; x_wconf 65' lang='lat' dir='ltr'><strong>Vnus.</strong></span> <span class='ocrx_word' id='word_1_385' title='bbox 780 4068 868 4124; x_wconf 78' lang='grc'><strong>16.</strong></span> <span class='ocrx_word' id='word_1_386' title='bbox 907 4066 1032 4122; x_wconf 82' lang='grc' dir='ltr'>Νοη</span> <span class='ocrx_word' id='word_1_387' title='bbox 1052 4085 1176 4139; x_wconf 88' lang='lat' dir='ltr'><strong>ergo</strong></span> <span class='ocrx_word' id='word_1_388' title='bbox 1202 4069 1594 4140; x_wconf 73' lang='lat' dir='ltr'><strong>blasphematur</strong></span> <span class='ocrx_word' id='word_1_389' title='bbox 1624 4069 1812 4123; x_wconf 85' lang='lat' dir='ltr'><strong>bonum</strong></span> <span class='ocrx_word' id='word_1_390' title='bbox 1839 4077 2086 4144; x_wconf 77' lang='lat' dir='ltr'><strong>vestrum.</strong></span> 
     </span>
    </p>
   </div>
   <div class='ocr_carea' id='block_1_60' title="bbox 500 4156 2088 4231">
    <p class='ocr_par' dir='ltr' id='par_1_60' title="bbox 500 4156 2088 4231">
     <span class='ocr_line' id='line_1_60' title="bbox 500 4156 2088 4231; baseline 0.002 -20"><span class='ocrx_word' id='word_1_391' title='bbox 500 4156 641 4212; x_wconf 89' lang='lat' dir='ltr'><strong>Cum</strong></span> <span class='ocrx_word' id='word_1_392' title='bbox 690 4159 852 4214; x_wconf 81' lang='lat' dir='ltr'><strong>laude</strong></span> <span class='ocrx_word' id='word_1_393' title='bbox 903 4174 1100 4215; x_wconf 87' lang='lat' dir='ltr'><strong>rursus</strong></span> <span class='ocrx_word' id='word_1_394' title='bbox 1142 4160 1441 4230; x_wconf 89' lang='lat' dir='ltr'><strong>conjuncta</strong></span> <span class='ocrx_word' id='word_1_395' title='bbox 1461 4161 1823 4231; x_wconf 82' lang='lat' dir='ltr'><strong>reprehensio</strong></span> <span class='ocrx_word' id='word_1_396' title='bbox 1853 4176 1867 4212; x_wconf 88' lang='lat'><strong>:</strong></span> <span class='ocrx_word' id='word_1_397' title='bbox 1898 4160 2088 4214; x_wconf 83' lang='lat' dir='ltr'><strong>bonum</strong></span> 
     </span>
    </p>
   </div>
   <div class='ocr_carea' id='block_1_61' title="bbox 503 4247 2087 4322">
    <p class='ocr_par' dir='ltr' id='par_1_61' title="bbox 503 4247 2087 4322">
     <span class='ocr_line' id='line_1_61' title="bbox 503 4247 2087 4322; baseline 0.003 -21"><span class='ocrx_word' id='word_1_398' title='bbox 503 4248 655 4302; x_wconf 83' lang='lat' dir='ltr'><strong>enim</strong></span> <span class='ocrx_word' id='word_1_399' title='bbox 692 4247 850 4304; x_wconf 83' lang='lat' dir='ltr'><strong>Iidem</strong></span> <span class='ocrx_word' id='word_1_400' title='bbox 891 4250 1147 4319; x_wconf 83' lang='lat' dir='ltr'><strong>appellat.</strong></span> <span class='ocrx_word' id='word_1_401' title='bbox 1188 4250 1403 4316; x_wconf 87' lang='lat' dir='ltr'><strong>Laudo,</strong></span> <span class='ocrx_word' id='word_1_402' title='bbox 1448 4248 1654 4322; x_wconf 84' lang='lat' dir='ltr'><strong>inquit,</strong></span> <span class='ocrx_word' id='word_1_403' title='bbox 1709 4253 1871 4308; x_wconf 86' lang='lat' dir='ltr'><strong>lldem</strong></span> <span class='ocrx_word' id='word_1_404' title='bbox 1916 4261 2087 4319; x_wconf 80' lang='lat' dir='ltr'><strong>tuam,</strong></span> 
     </span>
    </p>
   </div>
   <div class='ocr_carea' id='block_1_62' title="bbox 505 4338 1977 4402">
    <p class='ocr_par' dir='ltr' id='par_1_62' title="bbox 505 4338 1977 4402">
     <span class='ocr_line' id='line_1_62' title="bbox 505 4338 1977 4402; baseline 0.005 -7"><span class='ocrx_word' id='word_1_405' title='bbox 505 4339 600 4395; x_wconf 86' lang='lat' dir='ltr'><strong>sed</strong></span> <span class='ocrx_word' id='word_1_406' title='bbox 626 4338 754 4394; x_wconf 87' lang='lat' dir='ltr'><strong>nolo</strong></span> <span class='ocrx_word' id='word_1_407' title='bbox 781 4354 904 4395; x_wconf 90' lang='lat' dir='ltr'><strong>eam</strong></span> <span class='ocrx_word' id='word_1_408' title='bbox 936 4339 1123 4395; x_wconf 87' lang='lat' dir='ltr'><strong>damni</strong></span> <span class='ocrx_word' id='word_1_409' title='bbox 1156 4355 1221 4397; x_wconf 82' lang='lat' dir='ltr'><strong>ac</strong></span> <span class='ocrx_word' id='word_1_410' title='bbox 1242 4342 1522 4399; x_wconf 84' lang='lat' dir='ltr'><strong>maledicti</strong></span> <span class='ocrx_word' id='word_1_411' title='bbox 1563 4358 1795 4399; x_wconf 88' lang='lat' dir='ltr'><strong>causam</strong></span> <span class='ocrx_word' id='word_1_412' title='bbox 1828 4359 1977 4402; x_wconf 89' lang='lat' dir='ltr'><strong>esse.</strong></span> 
     </span>
    </p>
   </div>
   <div class='ocr_carea' id='block_1_63' title="bbox 570 4530 2165 4617">
    <p class='ocr_par' dir='ltr' id='par_1_63' title="bbox 570 4530 2165 4617">
     <span class='ocr_line' id='line_1_63' title="bbox 570 4530 2165 4617; baseline 0.003 -22"><span class='ocrx_word' id='word_1_413' title='bbox 570 4539 738 4596; x_wconf 68' lang='lat' dir='ltr'><strong>Vens.</strong></span> <span class='ocrx_word' id='word_1_414' title='bbox 774 4541 861 4595; x_wconf 77' lang='lat' dir='ltr'><strong>i7.</strong></span> <span class='ocrx_word' id='word_1_415' title='bbox 902 4538 1028 4597; x_wconf 88' lang='lat' dir='ltr'><strong>Non</strong></span> <span class='ocrx_word' id='word_1_416' title='bbox 1065 4553 1143 4598; x_wconf 85' lang='lat' dir='ltr'><strong>est</strong></span> <span class='ocrx_word' id='word_1_417' title='bbox 1173 4544 1314 4598; x_wconf 84' lang='lat' dir='ltr'><strong>enim</strong></span> <span class='ocrx_word' id='word_1_418' title='bbox 1359 4541 1517 4617; x_wconf 63' lang='grc'><strong>145</strong></span> <span class='ocrx_word' id='word_1_419' title='bbox 1551 4560 1772 4612; x_wconf 84' lang='lat' dir='ltr'><strong>regnum</strong></span> <span class='ocrx_word' id='word_1_420' title='bbox 1823 4543 1922 4598; x_wconf 81' lang='lat' dir='ltr'><strong>Dei</strong></span> <span class='ocrx_word' id='word_1_421' title='bbox 1962 4530 2087 4600; x_wconf 68' lang='lat' dir='ltr'><strong>esca</strong></span> <span class='ocrx_word' id='word_1_422' title='bbox 2121 4554 2165 4610; x_wconf 77' lang='grc' dir='ltr'><strong>Ι)</strong></span> 
     </span>
    </p>
   </div>
   <div class='ocr_carea' id='block_1_64' title="bbox 502 4634 2088 4706">
    <p class='ocr_par' dir='ltr' id='par_1_64' title="bbox 502 4634 2088 4706">
     <span class='ocr_line' id='line_1_64' title="bbox 502 4634 2088 4706; baseline 0.001 -16"><span class='ocrx_word' id='word_1_423' title='bbox 502 4643 550 4690; x_wconf 85' lang='lat' dir='ltr'><strong>ct</strong></span> <span class='ocrx_word' id='word_1_424' title='bbox 585 4643 737 4702; x_wconf 86' lang='lat' dir='ltr'><strong>potus</strong></span> <span class='ocrx_word' id='word_1_425' title='bbox 762 4650 781 4689; x_wconf 90' lang='lat'><strong><em>:</em></strong></span> <span class='ocrx_word' id='word_1_426' title='bbox 821 4634 916 4689; x_wconf 85' lang='lat' dir='ltr'><strong>sed</strong></span> <span class='ocrx_word' id='word_1_427' title='bbox 938 4635 1184 4704; x_wconf 84' lang='lat' dir='ltr'><strong>justitia,</strong></span> <span class='ocrx_word' id='word_1_428' title='bbox 1236 4647 1284 4689; x_wconf 86' lang='lat' dir='ltr'><strong>ct</strong></span> <span class='ocrx_word' id='word_1_429' title='bbox 1337 4650 1465 4705; x_wconf 73' lang='lat' dir='ltr'><strong>pax,</strong></span> <span class='ocrx_word' id='word_1_430' title='bbox 1496 4645 1545 4689; x_wconf 85' lang='lat' dir='ltr'><strong>et</strong></span> <span class='ocrx_word' id='word_1_431' title='bbox 1571 4634 1832 4706; x_wconf 78' lang='lat' dir='ltr'><strong>gaudium</strong></span> <span class='ocrx_word' id='word_1_432' title='bbox 1865 4636 1923 4689; x_wconf 86' lang='lat' dir='ltr'><strong>in</strong></span> <span class='ocrx_word' id='word_1_433' title='bbox 1963 4635 2088 4704; x_wconf 82' lang='lat' dir='ltr'><strong>Spi-</strong></span> 
     </span>
    </p>
   </div>
   <div class='ocr_carea' id='block_1_65' title="bbox 502 4725 2084 4798">
    <p class='ocr_par' dir='ltr' id='par_1_65' title="bbox 502 4725 2084 4798">
     <span class='ocr_line' id='line_1_65' title="bbox 502 4725 2084 4798; baseline -0.001 -16"><span class='ocrx_word' id='word_1_434' title='bbox 502 4728 609 4782; x_wconf 79' lang='lat' dir='ltr'><strong>ritu</strong></span> <span class='ocrx_word' id='word_1_435' title='bbox 641 4735 844 4787; x_wconf 85' lang='lat' dir='ltr'><strong>sancto.</strong></span> <span class='ocrx_word' id='word_1_436' title='bbox 882 4725 1065 4782; x_wconf 83' lang='lat' dir='ltr'><strong>Nolite</strong></span> <span class='ocrx_word' id='word_1_437' title='bbox 1098 4727 1245 4782; x_wconf 90' lang='lat' dir='ltr'><strong>enim</strong></span> <span class='ocrx_word' id='word_1_438' title='bbox 1311 4728 1634 4782; x_wconf 78' lang='lat' dir='ltr'><strong>existimare</strong></span> <span class='ocrx_word' id='word_1_439' title='bbox 1693 4728 1797 4783; x_wconf 90' lang='lat' dir='ltr'><strong>hoc</strong></span> <span class='ocrx_word' id='word_1_440' title='bbox 1850 4730 2084 4798; x_wconf 62' lang='lat' dir='ltr'><strong>praecla-</strong></span> 
     </span>
    </p>
   </div>
   <div class='ocr_carea' id='block_1_66' title="bbox 502 4818 2086 4891">
    <p class='ocr_par' dir='ltr' id='par_1_66' title="bbox 502 4818 2086 4891">
     <span class='ocr_line' id='line_1_66' title="bbox 502 4818 2086 4891; baseline 0.001 -18"><span class='ocrx_word' id='word_1_441' title='bbox 502 4833 625 4873; x_wconf 87' lang='lat' dir='ltr'><strong>rum</strong></span> <span class='ocrx_word' id='word_1_442' title='bbox 655 4818 873 4874; x_wconf 84' lang='lat' dir='ltr'><strong>facinus</strong></span> <span class='ocrx_word' id='word_1_443' title='bbox 915 4834 1059 4887; x_wconf 91' lang='lat' dir='ltr'><strong>esse,</strong></span> <span class='ocrx_word' id='word_1_444' title='bbox 1095 4821 1354 4891; x_wconf 83' lang='lat' dir='ltr'><strong>quodque</strong></span> <span class='ocrx_word' id='word_1_445' title='bbox 1385 4837 1615 4891; x_wconf 82' lang='lat' dir='ltr'><strong>regnum</strong></span> <span class='ocrx_word' id='word_1_446' title='bbox 1649 4822 1917 4878; x_wconf 72' lang='lat' dir='ltr'><strong>cmlorum</strong></span> <span class='ocrx_word' id='word_1_447' title='bbox 1950 4838 2086 4876; x_wconf 84' lang='lat' dir='ltr'><strong>con-</strong></span> 
     </span>
    </p>
   </div>
   <div class='ocr_carea' id='block_1_67' title="bbox 500 4907 2079 4985">
    <p class='ocr_par' dir='ltr' id='par_1_67' title="bbox 500 4907 2079 4985">
     <span class='ocr_line' id='line_1_67' title="bbox 500 4907 2079 4985; baseline 0.003 -21"><span class='ocrx_word' id='word_1_448' title='bbox 500 4909 669 4964; x_wconf 84' lang='lat' dir='ltr'><strong>ciliet.</strong></span> <span class='ocrx_word' id='word_1_449' title='bbox 707 4907 763 4963; x_wconf 87' lang='lat' dir='ltr'><strong>Id</strong></span> <span class='ocrx_word' id='word_1_450' title='bbox 798 4908 944 4965; x_wconf 89' lang='lat' dir='ltr'><strong>enim</strong></span> <span class='ocrx_word' id='word_1_451' title='bbox 977 4924 1102 4965; x_wconf 88' lang='lat' dir='ltr'><strong>vera</strong></span> <span class='ocrx_word' id='word_1_452' title='bbox 1144 4912 1359 4981; x_wconf 83' lang='lat' dir='ltr'><strong>justitia</strong></span> <span class='ocrx_word' id='word_1_453' title='bbox 1414 4914 1711 4977; x_wconf 87' lang='lat' dir='ltr'><strong>conciliat,</strong></span> <span class='ocrx_word' id='word_1_454' title='bbox 1746 4921 1801 4967; x_wconf 80' lang='lat' dir='ltr'><strong>et</strong></span> <span class='ocrx_word' id='word_1_455' title='bbox 1830 4928 1952 4985; x_wconf 63' lang='lat' dir='ltr'><strong>(litae</strong></span> <span class='ocrx_word' id='word_1_456' title='bbox 1993 4922 2079 4969; x_wconf 88' lang='lat' dir='ltr'><strong>cst</strong></span> 
     </span>
    </p>
   </div>
   <div class='ocr_carea' id='block_1_68' title="bbox 427 5001 2077 5081">
    <p class='ocr_par' dir='ltr' id='par_1_68' title="bbox 427 5001 2077 5081">
     <span class='ocr_line' id='line_1_68' title="bbox 427 5001 2077 5081; baseline -0.001 -25"><span class='ocrx_word' id='word_1_457' title='bbox 499 5014 627 5054; x_wconf 90' lang='lat' dir='ltr'><strong>cum</strong></span> <span class='ocrx_word' id='word_1_458' title='bbox 671 5013 806 5071; x_wconf 82' lang='lat' dir='ltr'><strong>pace</strong></span> <span class='ocrx_word' id='word_1_459' title='bbox 834 5008 889 5057; x_wconf 90' lang='lat' dir='ltr'><strong>et</strong></span> <span class='ocrx_word' id='word_1_460' title='bbox 935 5001 1233 5057; x_wconf 87' lang='lat' dir='ltr'><strong>dilectione</strong></span> <span class='ocrx_word' id='word_1_461' title='bbox 1272 5003 1573 5058; x_wconf 87' lang='lat' dir='ltr'><strong>concordia</strong></span> <span class='ocrx_word' id='word_1_462' title='bbox 1605 5018 1670 5057; x_wconf 83' lang='lat' dir='ltr'><strong>ac</strong></span> <span class='ocrx_word' id='word_1_463' title='bbox 1710 5003 1981 5073; x_wconf 89' lang='lat' dir='ltr'><strong>studium,</strong></span> <span class='ocrx_word' id='word_1_464' title='bbox 2012 5018 2077 5055; x_wconf 77' lang='lat' dir='ltr'><strong>ex</strong></span> 
     </span>
    </p>
   </div>
   <div class='ocr_carea' id='block_1_69' title="bbox 428 5084 1971 5167">
    <p class='ocr_par' dir='ltr' id='par_1_69' title="bbox 428 5084 1971 5167">
     <span class='ocr_line' id='line_1_69' title="bbox 428 5084 1971 5167; baseline -0.003 -18"><span class='ocrx_word' id='word_1_465' title='bbox 428 5084 704 5167; x_wconf 88' lang='lat' dir='ltr'><strong>quibus</strong></span> <span class='ocrx_word' id='word_1_466' title='bbox 738 5091 920 5148; x_wconf 91' lang='lat' dir='ltr'><strong>oritur</strong></span> <span class='ocrx_word' id='word_1_467' title='bbox 953 5109 1077 5167; x_wconf 66' lang='lat' dir='ltr'><strong>qtae</strong></span> <span class='ocrx_word' id='word_1_468' title='bbox 1104 5104 1191 5150; x_wconf 87' lang='lat' dir='ltr'><strong>est</strong></span> <span class='ocrx_word' id='word_1_469' title='bbox 1214 5094 1520 5149; x_wconf 82' lang='lat' dir='ltr'><strong>secundum</strong></span> <span class='ocrx_word' id='word_1_470' title='bbox 1558 5093 1724 5150; x_wconf 90' lang='lat' dir='ltr'><strong>Deum</strong></span> <span class='ocrx_word' id='word_1_471' title='bbox 1757 5094 1971 5149; x_wconf 72' lang='lat' dir='ltr'><strong>lmtitia.</strong></span> 
     </span>
    </p>
   </div>
   <div class='ocr_carea' id='block_1_70' title="bbox 577 5358 988 5421">
    <p class='ocr_par' dir='ltr' id='par_1_70' title="bbox 577 5358 988 5421">
     <span class='ocr_line' id='line_1_70' title="bbox 577 5358 988 5421; baseline 0.002 -9"><span class='ocrx_word' id='word_1_472' title='bbox 577 5369 602 5398; x_wconf 71' lang='grc' dir='ltr'><em>α</em></span> <span class='ocrx_word' id='word_1_473' title='bbox 637 5359 757 5414; x_wconf 80' lang='lat' dir='ltr'><strong>Act.</strong></span> <span class='ocrx_word' id='word_1_474' title='bbox 796 5374 866 5421; x_wconf 67' lang='grc' dir='ltr'><strong>ι,</strong></span> <span class='ocrx_word' id='word_1_475' title='bbox 902 5358 988 5415; x_wconf 79' lang='lat' dir='ltr'><strong>l5.</strong></span> 
     </span>
    </p>
   </div>
   <div class='ocr_carea' id='block_1_71' title="bbox 2193 1947 3795 2021">
    <p class='ocr_par' dir='ltr' id='par_1_71' title="bbox 2193 1947 3795 2021">
     <span class='ocr_line' id='line_1_71' title="bbox 2193 1947 3795 2021; baseline -0.004 -15"><span class='ocrx_word' id='word_1_476' title='bbox 2193 1951 2403 2021; x_wconf 78' lang='grc' dir='ltr'><strong>Μωῦσῇ</strong></span> <span class='ocrx_word' id='word_1_477' title='bbox 2438 1947 2521 2017; x_wconf 78' lang='lat'><strong>&quot;&#39;;</strong></span> <span class='ocrx_word' id='word_1_478' title='bbox 2548 1948 2644 2002; x_wconf 82' lang='grc' dir='ltr'>τὸν</span> <span class='ocrx_word' id='word_1_479' title='bbox 2669 1948 2951 2012; x_wconf 79' lang='grc' dir='ltr'>Μωῦσέως</span> <span class='ocrx_word' id='word_1_480' title='bbox 2983 1947 3261 2018; x_wconf 83' lang='grc' dir='ltr'>Δεσπότην</span> <span class='ocrx_word' id='word_1_481' title='bbox 3304 1948 3386 2012; x_wconf 83' lang='grc' dir='ltr'><strong>είς</strong></span> <span class='ocrx_word' id='word_1_482' title='bbox 3418 1949 3581 2017; x_wconf 82' lang='grc' dir='ltr'>μέσον</span> <span class='ocrx_word' id='word_1_483' title='bbox 3646 1965 3795 2018; x_wconf 79' lang='grc' dir='ltr'>προ-</span> 
     </span>
    </p>
   </div>
   <div class='ocr_carea' id='block_1_72' title="bbox 2193 2038 3790 2114">
    <p class='ocr_par' dir='ltr' id='par_1_72' title="bbox 2193 2038 3790 2114">
     <span class='ocr_line' id='line_1_72' title="bbox 2193 2038 3790 2114; baseline -0.014 -14"><span class='ocrx_word' id='word_1_484' title='bbox 2193 2044 2370 2114; x_wconf 79' lang='grc' dir='ltr'>ήγαγε</span> <span class='ocrx_word' id='word_1_485' title='bbox 2393 2043 2461 2110; x_wconf 72' lang='grc'><strong>³⁸,</strong></span> <span class='ocrx_word' id='word_1_486' title='bbox 2483 2041 2751 2098; x_wconf 72' lang='grc' dir='ltr'><strong>διδάσκων</strong></span> <span class='ocrx_word' id='word_1_487' title='bbox 2783 2040 2860 2100; x_wconf 82' lang='grc' dir='ltr'><strong>ὡς·</strong></span> <span class='ocrx_word' id='word_1_488' title='bbox 2889 2038 3051 2103; x_wconf 80' lang='grc' dir='ltr'>αὐτὸς</span> <span class='ocrx_word' id='word_1_489' title='bbox 3079 2038 3181 2103; x_wconf 76' lang='grc' dir='ltr'><strong>τὰς</strong></span> <span class='ocrx_word' id='word_1_490' title='bbox 3198 2039 3432 2110; x_wconf 80' lang='grc' dir='ltr'>νομικὰς</span> <span class='ocrx_word' id='word_1_491' title='bbox 3457 2044 3790 2112; x_wconf 65' lang='grc' dir='ltr'>παρατηρή..</span> 
     </span>
    </p>
   </div>
   <div class='ocr_carea' id='block_1_73' title="bbox 2196 2130 3790 2202">
    <p class='ocr_par' dir='ltr' id='par_1_73' title="bbox 2196 2130 3790 2202">
     <span class='ocr_line' id='line_1_73' title="bbox 2196 2130 3790 2202; baseline -0.004 -12"><span class='ocrx_word' id='word_1_492' title='bbox 2196 2153 2311 2201; x_wconf 89' lang='grc' dir='ltr'>σεις</span> <span class='ocrx_word' id='word_1_493' title='bbox 2369 2136 2599 2200; x_wconf 76' lang='grc' dir='ltr'>ἔπαυσε,</span> <span class='ocrx_word' id='word_1_494' title='bbox 2628 2133 2725 2187; x_wconf 73' lang='grc' dir='ltr'><strong>καὶ</strong></span> <span class='ocrx_word' id='word_1_495' title='bbox 2772 2132 2928 2187; x_wconf 82' lang='grc' dir='ltr'>οὐδὲν</span> <span class='ocrx_word' id='word_1_496' title='bbox 2978 2130 3132 2186; x_wconf 74' lang='grc' dir='ltr'>εἴασε</span> <span class='ocrx_word' id='word_1_497' title='bbox 3184 2130 3426 2202; x_wconf 82' lang='grc' dir='ltr'>νομίζειν</span> <span class='ocrx_word' id='word_1_498' title='bbox 3466 2130 3790 2202; x_wconf 81' lang='grc' dir='ltr'>ἀκάθαρτον</span> 
     </span>
    </p>
   </div>
   <div class='ocr_carea' id='block_1_74' title="bbox 2194 2222 3786 2299">
    <p class='ocr_par' dir='ltr' id='par_1_74' title="bbox 2194 2222 3786 2299">
     <span class='ocr_line' id='line_1_74' title="bbox 2194 2222 3786 2299; baseline -0.006 -16"><span class='ocrx_word' id='word_1_499' title='bbox 2194 2229 2415 2299; x_wconf 72' lang='grc' dir='ltr'>ἔδεσμα.</span> <span class='ocrx_word' id='word_1_500' title='bbox 2467 2226 2543 2282; x_wconf 81' lang='grc' dir='ltr'>Τὸ</span> <span class='ocrx_word' id='word_1_501' title='bbox 2566 2226 2700 2298; x_wconf 86' lang='grc' dir='ltr'>γὰρ,</span> <span class='ocrx_word' id='word_1_502' title='bbox 2739 2225 2815 2279; x_wconf 82' lang='grc' dir='ltr'><strong>δι’</strong></span> <span class='ocrx_word' id='word_1_503' title='bbox 2846 2224 3056 2291; x_wconf 82' lang='grc' dir='ltr'>αὐτοῦ,</span> <span class='ocrx_word' id='word_1_504' title='bbox 3083 2223 3350 2288; x_wconf 77' lang='grc' dir='ltr'>τουτέστι,</span> <span class='ocrx_word' id='word_1_505' title='bbox 3371 2222 3463 2277; x_wconf 78' lang='grc' dir='ltr'><strong>διὰ</strong></span> <span class='ocrx_word' id='word_1_506' title='bbox 3486 2223 3585 2293; x_wconf 80' lang='grc' dir='ltr'>τὴν</span> <span class='ocrx_word' id='word_1_507' title='bbox 3610 2222 3786 2289; x_wconf 76' lang='grc' dir='ltr'>εὐαγ-</span> 
     </span>
    </p>
   </div>
   <div class='ocr_carea' id='block_1_75' title="bbox 2193 2312 3877 2391">
    <p class='ocr_par' dir='ltr' id='par_1_75' title="bbox 2193 2312 3877 2391">
     <span class='ocr_line' id='line_1_75' title="bbox 2193 2312 3877 2391; baseline -0.002 -19"><span class='ocrx_word' id='word_1_508' title='bbox 2193 2318 2419 2391; x_wconf 78' lang='grc' dir='ltr'>γελικὴν</span> <span class='ocrx_word' id='word_1_509' title='bbox 2466 2316 2631 2371; x_wconf 80' lang='grc' dir='ltr'>αὑτοῦ</span> <span class='ocrx_word' id='word_1_510' title='bbox 2679 2313 3025 2385; x_wconf 85' lang='grc' dir='ltr'>νομοθεσίαν.</span> <span class='ocrx_word' id='word_1_511' title='bbox 3050 2314 3222 2379; x_wconf 76' lang='grc' dir='ltr'>Αὐτὸς</span> <span class='ocrx_word' id='word_1_512' title='bbox 3258 2313 3368 2384; x_wconf 80' lang='grc' dir='ltr'><strong>γάρ</strong></span> <span class='ocrx_word' id='word_1_513' title='bbox 3393 2312 3649 2384; x_wconf 70' lang='grc' dir='ltr'>καὶπρὸς</span> <span class='ocrx_word' id='word_1_514' title='bbox 3686 2313 3792 2368; x_wconf 67' lang='grc' dir='ltr'>τὶιν</span> <span class='ocrx_word' id='word_1_515' title='bbox 3866 2370 3877 2379; x_wconf 61' lang='grc'><em>,</em></span> 
     </span>
    </p>
   </div>
   <div class='ocr_carea' id='block_1_76' title="bbox 2198 2402 3787 2479">
    <p class='ocr_par' dir='ltr' id='par_1_76' title="bbox 2198 2402 3787 2479">
     <span class='ocr_line' id='line_1_76' title="bbox 2198 2402 3787 2479; baseline -0.003 -19"><span class='ocrx_word' id='word_1_516' title='bbox 2198 2408 2471 2479; x_wconf 87' lang='grc' dir='ltr'>μακάριον</span> <span class='ocrx_word' id='word_1_517' title='bbox 2500 2403 2603 2476; x_wconf 78' lang='grc' dir='ltr'>ἔφη</span> <span class='ocrx_word' id='word_1_518' title='bbox 2637 2404 2864 2477; x_wconf 74' lang='grc' dir='ltr'>Πέτροψ</span> <span class='ocrx_word' id='word_1_519' title='bbox 2894 2422 2915 2456; x_wconf 87' lang='grc' dir='ltr'><strong>ι</strong></span> <span class='ocrx_word' id='word_1_520' title='bbox 2952 2404 3021 2456; x_wconf 78' lang='grc' dir='ltr'><strong>Ἀ</strong></span> <span class='ocrx_word' id='word_1_521' title='bbox 3039 2405 3068 2458; x_wconf 81' lang='grc' dir='ltr'>ὁ</span> <span class='ocrx_word' id='word_1_522' title='bbox 3094 2403 3228 2467; x_wconf 82' lang='grc' dir='ltr'>Θεὸς</span> <span class='ocrx_word' id='word_1_523' title='bbox 3259 2402 3576 2476; x_wconf 78' lang='grc' dir='ltr'>ἑκαθάρισε,</span> <span class='ocrx_word' id='word_1_524' title='bbox 3609 2403 3674 2456; x_wconf 79' lang='grc' dir='ltr'>σὺ</span> <span class='ocrx_word' id='word_1_525' title='bbox 3702 2404 3787 2474; x_wconf 83' lang='grc' dir='ltr'>μὴ</span> 
     </span>
    </p>
   </div>
   <div class='ocr_carea' id='block_1_77' title="bbox 2196 2490 3792 2568">
    <p class='ocr_par' dir='ltr' id='par_1_77' title="bbox 2196 2490 3792 2568">
     <span class='ocr_line' id='line_1_77' title="bbox 2196 2490 3792 2568; baseline -0.005 -14"><span class='ocrx_word' id='word_1_526' title='bbox 2196 2500 2433 2555; x_wconf 77' lang='grc' dir='ltr'>κοίνου.»</span> <span class='ocrx_word' id='word_1_527' title='bbox 2470 2501 2537 2553; x_wconf 80' lang='lat' dir='ltr'><strong>El</strong></span> <span class='ocrx_word' id='word_1_528' title='bbox 2578 2496 2665 2568; x_wconf 81' lang='grc' dir='ltr'>μὴ</span> <span class='ocrx_word' id='word_1_529' title='bbox 2720 2495 2802 2563; x_wconf 83' lang='grc' dir='ltr'>τῷ</span> <span class='ocrx_word' id='word_1_530' title='bbox 2843 2494 3205 2567; x_wconf 76' lang='grc' dir='ltr'><strong>λογιζομένῳ</strong></span> <span class='ocrx_word' id='word_1_531' title='bbox 3245 2513 3304 2550; x_wconf 84' lang='grc' dir='ltr'><strong>τι</strong></span> <span class='ocrx_word' id='word_1_532' title='bbox 3347 2495 3555 2550; x_wconf 75' lang='grc' dir='ltr'>κοινὸν</span> <span class='ocrx_word' id='word_1_533' title='bbox 3601 2490 3792 2562; x_wconf 70' lang='grc' dir='ltr'>εἷναι,</span> 
     </span>
    </p>
   </div>
   <div class='ocr_carea' id='block_1_78' title="bbox 2194 2585 3790 2661">
    <p class='ocr_par' dir='ltr' id='par_1_78' title="bbox 2194 2585 3790 2661">
     <span class='ocr_line' id='line_1_78' title="bbox 2194 2585 3790 2661; baseline -0.001 -14"><span class='ocrx_word' id='word_1_534' title='bbox 2194 2593 2406 2661; x_wconf 79' lang='grc' dir='ltr'><strong>ἐκείνῳ</strong></span> <span class='ocrx_word' id='word_1_535' title='bbox 2434 2595 2663 2647; x_wconf 77' lang='grc' dir='ltr'>κοινόν.</span> <span class='ocrx_word' id='word_1_536' title='bbox 2712 2592 2776 2645; x_wconf 83' lang='lat' dir='ltr'><strong>Et</strong></span> <span class='ocrx_word' id='word_1_537' title='bbox 2802 2590 2860 2644; x_wconf 75' lang='grc' dir='ltr'>δέ</span> <span class='ocrx_word' id='word_1_538' title='bbox 2889 2607 2974 2654; x_wconf 89' lang='grc' dir='ltr'><strong>τις</strong></span> <span class='ocrx_word' id='word_1_539' title='bbox 3004 2590 3241 2661; x_wconf 80' lang='grc' dir='ltr'>νομίζων</span> <span class='ocrx_word' id='word_1_540' title='bbox 3286 2589 3598 2661; x_wconf 80' lang='grc' dir='ltr'>ἀκάθαρτον</span> <span class='ocrx_word' id='word_1_541' title='bbox 3639 2585 3790 2645; x_wconf 72' lang='grc' dir='ltr'>εἶναι</span> 
     </span>
    </p>
   </div>
   <div class='ocr_carea' id='block_1_79' title="bbox 2194 2681 3795 2755">
    <p class='ocr_par' dir='ltr' id='par_1_79' title="bbox 2194 2681 3795 2755">
     <span class='ocr_line' id='line_1_79' title="bbox 2194 2681 3795 2755; baseline -0.004 -14"><span class='ocrx_word' id='word_1_542' title='bbox 2194 2686 2314 2741; x_wconf 84' lang='grc' dir='ltr'>τόδε</span> <span class='ocrx_word' id='word_1_543' title='bbox 2348 2686 2409 2740; x_wconf 82' lang='grc' dir='ltr'>τὸ</span> <span class='ocrx_word' id='word_1_544' title='bbox 2452 2684 2675 2755; x_wconf 80' lang='grc' dir='ltr'>ἔδεσμα,</span> <span class='ocrx_word' id='word_1_545' title='bbox 2730 2684 2922 2737; x_wconf 85' lang='grc' dir='ltr'>τούτου</span> <span class='ocrx_word' id='word_1_546' title='bbox 2987 2683 3408 2754; x_wconf 76' lang='grc' dir='ltr'>μεταλαγχάνει,</span> <span class='ocrx_word' id='word_1_547' title='bbox 3464 2681 3795 2753; x_wconf 66' lang='grc' dir='ltr'>ἀκάθαρτζνι</span> 
     </span>
    </p>
   </div>
   <div class='ocr_carea' id='block_1_80' title="bbox 2196 2773 3783 2847">
    <p class='ocr_par' dir='ltr' id='par_1_80' title="bbox 2196 2773 3783 2847">
     <span class='ocr_line' id='line_1_80' title="bbox 2196 2773 3783 2847; baseline -0.001 -16"><span class='ocrx_word' id='word_1_548' title='bbox 2196 2778 2368 2844; x_wconf 72' lang='grc' dir='ltr'>ἔστιν,</span> <span class='ocrx_word' id='word_1_549' title='bbox 2404 2778 2467 2831; x_wconf 80' lang='grc' dir='ltr'>οὐ</span> <span class='ocrx_word' id='word_1_550' title='bbox 2504 2776 2591 2830; x_wconf 84' lang='grc' dir='ltr'><strong>διὰ</strong></span> <span class='ocrx_word' id='word_1_551' title='bbox 2625 2777 2725 2847; x_wconf 77' lang='grc' dir='ltr'>τὴν</span> <span class='ocrx_word' id='word_1_552' title='bbox 2752 2775 2938 2846; x_wconf 81' lang='grc' dir='ltr'>φύσιν,</span> <span class='ocrx_word' id='word_1_553' title='bbox 2963 2775 3100 2828; x_wconf 89' lang='grc' dir='ltr'><strong>ἀλλά</strong></span> <span class='ocrx_word' id='word_1_554' title='bbox 3130 2773 3215 2827; x_wconf 81' lang='grc' dir='ltr'><strong>διὰ</strong></span> <span class='ocrx_word' id='word_1_555' title='bbox 3239 2774 3331 2829; x_wconf 84' lang='grc' dir='ltr'>τὸν</span> <span class='ocrx_word' id='word_1_556' title='bbox 3352 2773 3446 2828; x_wconf 81' lang='grc' dir='ltr'><strong>τοῦ</strong></span> <span class='ocrx_word' id='word_1_557' title='bbox 3494 2773 3783 2845; x_wconf 77' lang='grc' dir='ltr'>μεταλαμ·</span> 
     </span>
    </p>
   </div>
   <div class='ocr_carea' id='block_1_81' title="bbox 2197 2865 3791 2938">
    <p class='ocr_par' dir='ltr' id='par_1_81' title="bbox 2197 2865 3791 2938">
     <span class='ocr_line' id='line_1_81' title="bbox 2197 2865 3791 2938; baseline -0.003 -16"><span class='ocrx_word' id='word_1_558' title='bbox 2197 2868 2449 2931; x_wconf 80' lang='grc' dir='ltr'>δάνοντος</span> <span class='ocrx_word' id='word_1_559' title='bbox 2501 2866 2782 2937; x_wconf 86' lang='grc' dir='ltr'>λογισμόν.</span> <span class='ocrx_word' id='word_1_560' title='bbox 2846 2866 3005 2921; x_wconf 75' lang='grc' dir='ltr'>Οὕτω</span> <span class='ocrx_word' id='word_1_561' title='bbox 3056 2865 3229 2920; x_wconf 80' lang='grc' dir='ltr'>ταῦτα</span> <span class='ocrx_word' id='word_1_562' title='bbox 3286 2865 3791 2938; x_wconf 79' lang='grc' dir='ltr'>διακρινησάμενος</span> 
     </span>
    </p>
   </div>
   <div class='ocr_carea' id='block_1_82' title="bbox 2199 2953 3790 3028">
    <p class='ocr_par' dir='ltr' id='par_1_82' title="bbox 2199 2953 3790 3028">
     <span class='ocr_line' id='line_1_82' title="bbox 2199 2953 3790 3028; baseline 0.001 -19"><span class='ocrx_word' id='word_1_563' title='bbox 2199 2954 2350 3024; x_wconf 81' lang='lat' dir='ltr'><strong>(sic),</strong></span> <span class='ocrx_word' id='word_1_564' title='bbox 2371 2953 2531 3009; x_wconf 86' lang='grc' dir='ltr'>πάλιν</span> <span class='ocrx_word' id='word_1_565' title='bbox 2554 2955 2928 3025; x_wconf 76' lang='grc' dir='ltr'>ἐπιμέμφεται</span> <span class='ocrx_word' id='word_1_566' title='bbox 2944 2957 3057 3019; x_wconf 79' lang='grc' dir='ltr'>τοῖς</span> <span class='ocrx_word' id='word_1_567' title='bbox 3075 2954 3135 3020; x_wconf 72' lang='grc' dir='ltr'>ἐξ</span> <span class='ocrx_word' id='word_1_568' title='bbox 3150 2954 3338 3021; x_wconf 78' lang='grc' dir='ltr'>ἐθνῶν,</span> <span class='ocrx_word' id='word_1_569' title='bbox 3347 2955 3423 3026; x_wconf 84' lang='grc' dir='ltr'>μὴ</span> <span class='ocrx_word' id='word_1_570' title='bbox 3440 2955 3666 3028; x_wconf 76' lang='grc' dir='ltr'>φέρουσι</span> <span class='ocrx_word' id='word_1_571' title='bbox 3682 2956 3790 3026; x_wconf 72' lang='grc' dir='ltr'><strong>τὴν</strong></span> 
     </span>
    </p>
   </div>
   <div class='ocr_carea' id='block_1_83' title="bbox 2210 3046 2813 3102">
    <p class='ocr_par' dir='ltr' id='par_1_83' title="bbox 2210 3046 2813 3102">
     <span class='ocr_line' id='line_1_83' title="bbox 2210 3046 2813 3102; baseline 0 -1"><span class='ocrx_word' id='word_1_572' title='bbox 2210 3048 2481 3102; x_wconf 82' lang='grc' dir='ltr'>Ἰουδαίων</span> <span class='ocrx_word' id='word_1_573' title='bbox 2509 3046 2813 3101; x_wconf 80' lang='grc' dir='ltr'>ἀσθένειαν.</span> 
     </span>
    </p>
   </div>
   <div class='ocr_carea' id='block_1_84' title="bbox 2120 3200 3787 3296">
    <p class='ocr_par' dir='ltr' id='par_1_84' title="bbox 2120 3200 3787 3296">
     <span class='ocr_line' id='line_1_84' title="bbox 2120 3200 3787 3296; baseline 0.003 -18"><span class='ocrx_word' id='word_1_574' title='bbox 2120 3200 2166 3262; x_wconf 76' lang='lat' dir='ltr'><strong><em>C</em></strong></span> <span class='ocrx_word' id='word_1_575' title='bbox 2270 3224 2351 3279; x_wconf 86' lang='grc' dir='ltr'>ιε’.</span> <span class='ocrx_word' id='word_1_576' title='bbox 2385 3227 2457 3279; x_wconf 79' lang='lat' dir='ltr'><strong>El</strong></span> <span class='ocrx_word' id='word_1_577' title='bbox 2490 3224 2559 3277; x_wconf 80' lang='grc' dir='ltr'>δὲ</span> <span class='ocrx_word' id='word_1_578' title='bbox 2596 3223 2695 3278; x_wconf 83' lang='grc' dir='ltr'>διὰ</span> <span class='ocrx_word' id='word_1_579' title='bbox 2732 3221 2946 3295; x_wconf 80' lang='grc' dir='ltr'>,ϐρῶμα</span> <span class='ocrx_word' id='word_1_580' title='bbox 2979 3227 3011 3278; x_wconf 84' lang='grc' dir='ltr'><strong><em>ὸ</em></strong></span> <span class='ocrx_word' id='word_1_581' title='bbox 3042 3224 3309 3294; x_wconf 70' lang='grc' dir='ltr'>ἁδελφός</span> <span class='ocrx_word' id='word_1_582' title='bbox 3328 3238 3447 3282; x_wconf 89' lang='grc' dir='ltr'><strong>σου</strong></span> <span class='ocrx_word' id='word_1_583' title='bbox 3477 3229 3787 3296; x_wconf 68' lang='grc' dir='ltr'>λυπεῖται,</span> 
     </span>
    </p>
   </div>
   <div class='ocr_carea' id='block_1_85' title="bbox 2195 3315 3787 3394">
    <p class='ocr_par' dir='ltr' id='par_1_85' title="bbox 2195 3315 3787 3394">
     <span class='ocr_line' id='line_1_85' title="bbox 2195 3315 3787 3394; baseline -0.004 -25"><span class='ocrx_word' id='word_1_584' title='bbox 2195 3315 2400 3371; x_wconf 86' lang='grc' dir='ltr'>οὐκέτι</span> <span class='ocrx_word' id='word_1_585' title='bbox 2461 3316 2613 3370; x_wconf 74' lang='grc' dir='ltr'>κατὰ</span> <span class='ocrx_word' id='word_1_586' title='bbox 2669 3315 2912 3385; x_wconf 80' lang='grc' dir='ltr'>ἀγάπην</span> <span class='ocrx_word' id='word_1_587' title='bbox 2951 3317 3318 3387; x_wconf 80' lang='grc' dir='ltr'>περιπατεῖς.</span> <span class='ocrx_word' id='word_1_588' title='bbox 3351 3319 3568 3391; x_wconf 68' lang='grc' dir='ltr'>Ηῠξηὰε</span> <span class='ocrx_word' id='word_1_589' title='bbox 3598 3322 3643 3354; x_wconf 77' lang='grc' dir='ltr'>η</span> <span class='ocrx_word' id='word_1_590' title='bbox 3681 3326 3787 3394; x_wconf 62' lang='grc' dir='ltr'><strong>τῆς</strong></span> 
     </span>
    </p>
   </div>
   <div class='ocr_carea' id='block_1_86' title="bbox 2195 3407 3779 3485">
    <p class='ocr_par' dir='ltr' id='par_1_86' title="bbox 2195 3407 3779 3485">
     <span class='ocr_line' id='line_1_86' title="bbox 2195 3407 3779 3485; baseline 0.004 -23"><span class='ocrx_word' id='word_1_591' title='bbox 2195 3409 2420 3477; x_wconf 85' lang='grc' dir='ltr'>ἀγάπης</span> <span class='ocrx_word' id='word_1_592' title='bbox 2441 3407 2504 3461; x_wconf 82' lang='grc' dir='ltr'>τὸ</span> <span class='ocrx_word' id='word_1_593' title='bbox 2529 3407 2803 3477; x_wconf 70' lang='grc' dir='ltr'>ἔγκλημα,</span> <span class='ocrx_word' id='word_1_594' title='bbox 2827 3408 2921 3464; x_wconf 81' lang='grc' dir='ltr'>τὸν</span> <span class='ocrx_word' id='word_1_595' title='bbox 2959 3410 3144 3463; x_wconf 73' lang='grc' dir='ltr'>ἐκεῖνα</span> <span class='ocrx_word' id='word_1_596' title='bbox 3181 3410 3433 3480; x_wconf 84' lang='grc' dir='ltr'>μετιόντα</span> <span class='ocrx_word' id='word_1_597' title='bbox 3461 3412 3779 3485; x_wconf 66' lang='grc' dir='ltr'>γυμνώσας.</span> 
     </span>
    </p>
   </div>
   <div class='ocr_carea' id='block_1_87' title="bbox 2195 3498 3783 3578">
    <p class='ocr_par' dir='ltr' id='par_1_87' title="bbox 2195 3498 3783 3578">
     <span class='ocr_line' id='line_1_87' title="bbox 2195 3498 3783 3578; baseline 0.004 -24"><span class='ocrx_word' id='word_1_598' title='bbox 2195 3498 2331 3554; x_wconf 75' lang='grc' dir='ltr'>Εἶτα</span> <span class='ocrx_word' id='word_1_599' title='bbox 2362 3501 2623 3571; x_wconf 80' lang='grc' dir='ltr'>μειζόνως</span> <span class='ocrx_word' id='word_1_600' title='bbox 2649 3500 2892 3558; x_wconf 87' lang='grc' dir='ltr'>δείκνυσι</span> <span class='ocrx_word' id='word_1_601' title='bbox 2919 3502 3020 3573; x_wconf 82' lang='grc' dir='ltr'>τὴν</span> <span class='ocrx_word' id='word_1_602' title='bbox 3049 3504 3278 3578; x_wconf 84' lang='grc' dir='ltr'>ἀτοπίαν</span> <span class='ocrx_word' id='word_1_603' title='bbox 3294 3504 3386 3559; x_wconf 79' lang='grc' dir='ltr'>τοῦ</span> <span class='ocrx_word' id='word_1_604' title='bbox 3409 3509 3693 3578; x_wconf 79' lang='grc' dir='ltr'>γινομένου</span> <span class='ocrx_word' id='word_1_605' title='bbox 3713 3507 3783 3568; x_wconf 67' lang='grc' dir='ltr'><strong>ετ,</strong></span> 
     </span>
    </p>
   </div>
   <div class='ocr_carea' id='block_1_88' title="bbox 2194 3577 3785 3668">
    <p class='ocr_par' dir='ltr' id='par_1_88' title="bbox 2194 3577 3785 3668">
     <span class='ocr_line' id='line_1_88' title="bbox 2194 3577 3785 3668; baseline 0.006 -22"><span class='ocrx_word' id='word_1_606' title='bbox 2194 3593 2292 3662; x_wconf 82' lang='grc' dir='ltr'><strong>Μὴ</strong></span> <span class='ocrx_word' id='word_1_607' title='bbox 2319 3592 2399 3659; x_wconf 83' lang='grc' dir='ltr'>τῷ</span> <span class='ocrx_word' id='word_1_608' title='bbox 2424 3593 2698 3662; x_wconf 77' lang='grc' dir='ltr'>,βρώματί</span> <span class='ocrx_word' id='word_1_609' title='bbox 2730 3610 2849 3649; x_wconf 91' lang='grc' dir='ltr'><strong>σου</strong></span> <span class='ocrx_word' id='word_1_610' title='bbox 2883 3594 3117 3649; x_wconf 79' lang='grc' dir='ltr'>ἐκεῖνον</span> <span class='ocrx_word' id='word_1_611' title='bbox 3148 3577 3442 3663; x_wconf 72' lang='grc' dir='ltr'>ἀπόλλυε,</span> <span class='ocrx_word' id='word_1_612' title='bbox 3497 3598 3652 3668; x_wconf 80' lang='grc' dir='ltr'>ὑπὲρ</span> <span class='ocrx_word' id='word_1_613' title='bbox 3706 3596 3785 3656; x_wconf 85' lang='grc' dir='ltr'><strong>οὗ</strong></span> 
     </span>
    </p>
   </div>
   <div class='ocr_carea' id='block_1_89' title="bbox 2193 3670 3786 3760">
    <p class='ocr_par' dir='ltr' id='par_1_89' title="bbox 2193 3670 3786 3760">
     <span class='ocr_line' id='line_1_89' title="bbox 2193 3670 3786 3760; baseline 0.004 -20"><span class='ocrx_word' id='word_1_614' title='bbox 2193 3686 2449 3755; x_wconf 79' lang='grc' dir='ltr'>Χριστὸς</span> <span class='ocrx_word' id='word_1_615' title='bbox 2472 3686 2795 3745; x_wconf 78' lang='grc' dir='ltr'>ἀπέθανεν.</span> <span class='ocrx_word' id='word_1_616' title='bbox 2844 3687 3017 3760; x_wconf 77' lang='grc' dir='ltr'>’Υπὲρ</span> <span class='ocrx_word' id='word_1_617' title='bbox 3047 3688 3261 3743; x_wconf 76' lang='grc' dir='ltr'>ἐκείνου</span> <span class='ocrx_word' id='word_1_618' title='bbox 3294 3689 3339 3722; x_wconf 81' lang='grc'><strong>⁸⁸</strong></span> <span class='ocrx_word' id='word_1_619' title='bbox 3364 3689 3458 3744; x_wconf 83' lang='grc' dir='ltr'>τὸν</span> <span class='ocrx_word' id='word_1_620' title='bbox 3495 3670 3725 3747; x_wconf 78' lang='grc' dir='ltr'>θάνατον</span> <span class='ocrx_word' id='word_1_621' title='bbox 3754 3695 3786 3747; x_wconf 82' lang='grc' dir='ltr'>ὁ</span> 
     </span>
    </p>
   </div>
   <div class='ocr_carea' id='block_1_90' title="bbox 2194 3777 3784 3859">
    <p class='ocr_par' dir='ltr' id='par_1_90' title="bbox 2194 3777 3784 3859">
     <span class='ocr_line' id='line_1_90' title="bbox 2194 3777 3784 3859; baseline 0.004 -28"><span class='ocrx_word' id='word_1_622' title='bbox 2194 3777 2475 3849; x_wconf 85' lang='grc' dir='ltr'>Δεσπότης</span> <span class='ocrx_word' id='word_1_623' title='bbox 2511 3779 2747 3851; x_wconf 86' lang='grc' dir='ltr'>Χριστὸς</span> <span class='ocrx_word' id='word_1_624' title='bbox 2772 3779 3097 3846; x_wconf 78' lang='grc' dir='ltr'>κατεδέξατο</span> <span class='ocrx_word' id='word_1_625' title='bbox 3121 3798 3134 3812; x_wconf 93' lang='grc'><strong>·</strong></span> <span class='ocrx_word' id='word_1_626' title='bbox 3172 3781 3245 3835; x_wconf 72' lang='grc' dir='ltr'>σὺ</span> <span class='ocrx_word' id='word_1_627' title='bbox 3268 3782 3327 3836; x_wconf 85' lang='grc' dir='ltr'>δὲ</span> <span class='ocrx_word' id='word_1_628' title='bbox 3351 3782 3395 3815; x_wconf 83' lang='grc'><strong>¹⁹</strong></span> <span class='ocrx_word' id='word_1_629' title='bbox 3421 3784 3481 3837; x_wconf 80' lang='grc' dir='ltr'>οὐ</span> <span class='ocrx_word' id='word_1_630' title='bbox 3512 3783 3679 3858; x_wconf 80' lang='grc' dir='ltr'>βούλῃ</span> <span class='ocrx_word' id='word_1_631' title='bbox 3713 3790 3784 3859; x_wconf 79' lang='grc' dir='ltr'>τῇ</span> 
     </span>
    </p>
   </div>
   <div class='ocr_carea' id='block_1_91' title="bbox 2193 3868 3777 3946">
    <p class='ocr_par' dir='ltr' id='par_1_91' title="bbox 2193 3868 3777 3946">
     <span class='ocr_line' id='line_1_91' title="bbox 2193 3868 3777 3946; baseline 0.005 -22"><span class='ocrx_word' id='word_1_632' title='bbox 2193 3871 2292 3942; x_wconf 84' lang='grc' dir='ltr'>τῆς</span> <span class='ocrx_word' id='word_1_633' title='bbox 2337 3868 2593 3943; x_wconf 76' lang='grc' dir='ltr'>βρώσεως</span> <span class='ocrx_word' id='word_1_634' title='bbox 2642 3872 2821 3942; x_wconf 81' lang='grc' dir='ltr'>ἀποχῇ</span> <span class='ocrx_word' id='word_1_635' title='bbox 2864 3869 3008 3943; x_wconf 84' lang='grc' dir='ltr'>ζωὴν</span> <span class='ocrx_word' id='word_1_636' title='bbox 3040 3871 3189 3944; x_wconf 84' lang='grc' dir='ltr'><strong>αὑτῷ</strong></span> <span class='ocrx_word' id='word_1_637' title='bbox 3219 3876 3777 3946; x_wconf 81' lang='grc' dir='ltr'>πραγματεύσασθαι,</span> 
     </span>
    </p>
   </div>
   <div class='ocr_carea' id='block_1_92' title="bbox 2191 3959 3496 4035">
    <p class='ocr_par' dir='ltr' id='par_1_92' title="bbox 2191 3959 3496 4035">
     <span class='ocr_line' id='line_1_92' title="bbox 2191 3959 3496 4035; baseline 0.005 -19"><span class='ocrx_word' id='word_1_638' title='bbox 2191 3961 2327 4017; x_wconf 80' lang='grc' dir='ltr'><strong>ἀλλά</strong></span> <span class='ocrx_word' id='word_1_639' title='bbox 2348 3964 2414 4034; x_wconf 74' lang='grc' dir='ltr'>τῇ</span> <span class='ocrx_word' id='word_1_640' title='bbox 2452 3959 2753 4033; x_wconf 79' lang='grc' dir='ltr'>μεταλήψει</span> <span class='ocrx_word' id='word_1_641' title='bbox 2781 3962 3035 4035; x_wconf 81' lang='grc' dir='ltr'>τεκταίνῃ</span> <span class='ocrx_word' id='word_1_642' title='bbox 3058 3964 3105 3995; x_wconf 76' lang='grc' dir='ltr'>’θ</span> <span class='ocrx_word' id='word_1_643' title='bbox 3124 3963 3216 4017; x_wconf 82' lang='grc' dir='ltr'>τὸν</span> <span class='ocrx_word' id='word_1_644' title='bbox 3242 3965 3496 4022; x_wconf 86' lang='grc' dir='ltr'>θάνατον.</span> 
     </span>
    </p>
   </div>
   <div class='ocr_carea' id='block_1_93' title="bbox 2266 4049 3781 4130">
    <p class='ocr_par' dir='ltr' id='par_1_93' title="bbox 2266 4049 3781 4130">
     <span class='ocr_line' id='line_1_93' title="bbox 2266 4049 3781 4130; baseline 0.007 -23"><span class='ocrx_word' id='word_1_645' title='bbox 2266 4057 2363 4119; x_wconf 82' lang='grc' dir='ltr'>ις’.</span> <span class='ocrx_word' id='word_1_646' title='bbox 2397 4052 2495 4120; x_wconf 81' lang='grc' dir='ltr'><strong>Μὴ</strong></span> <span class='ocrx_word' id='word_1_647' title='bbox 2517 4053 3007 4123; x_wconf 70' lang='grc' dir='ltr'>,ϐλασφημείσθω</span> <span class='ocrx_word' id='word_1_648' title='bbox 3055 4049 3171 4111; x_wconf 76' lang='grc' dir='ltr'>οὖν</span> <span class='ocrx_word' id='word_1_649' title='bbox 3203 4056 3373 4127; x_wconf 83' lang='grc' dir='ltr'>ὑμῶν</span> <span class='ocrx_word' id='word_1_650' title='bbox 3424 4058 3495 4112; x_wconf 84' lang='grc' dir='ltr'>τὸ</span> <span class='ocrx_word' id='word_1_651' title='bbox 3526 4059 3781 4130; x_wconf 69' lang='grc' dir='ltr'>ἀγαθόν.</span> 
     </span>
    </p>
   </div>
   <div class='ocr_carea' id='block_1_94' title="bbox 2192 4144 3789 4225">
    <p class='ocr_par' dir='ltr' id='par_1_94' title="bbox 2192 4144 3789 4225">
     <span class='ocr_line' id='line_1_94' title="bbox 2192 4144 3789 4225; baseline 0.005 -26"><span class='ocrx_word' id='word_1_652' title='bbox 2192 4146 2329 4200; x_wconf 81' lang='grc' dir='ltr'>Μετ’</span> <span class='ocrx_word' id='word_1_653' title='bbox 2353 4144 2632 4216; x_wconf 78' lang='grc' dir='ltr'>εὐφημίας</span> <span class='ocrx_word' id='word_1_654' title='bbox 2671 4144 2835 4199; x_wconf 87' lang='grc' dir='ltr'>πάλιν</span> <span class='ocrx_word' id='word_1_655' title='bbox 2856 4144 2918 4199; x_wconf 81' lang='grc' dir='ltr'>τὸ</span> <span class='ocrx_word' id='word_1_656' title='bbox 2937 4144 3189 4219; x_wconf 75' lang='grc' dir='ltr'>ἔγκλημα</span> <span class='ocrx_word' id='word_1_657' title='bbox 3219 4164 3233 4179; x_wconf 78' lang='grc' dir='ltr'><strong>ο</strong></span> <span class='ocrx_word' id='word_1_658' title='bbox 3259 4150 3488 4220; x_wconf 75' lang='grc' dir='ltr'>ἀγαθὸν</span> <span class='ocrx_word' id='word_1_659' title='bbox 3515 4152 3626 4224; x_wconf 82' lang='grc' dir='ltr'><strong>γάρ</strong></span> <span class='ocrx_word' id='word_1_660' title='bbox 3682 4155 3789 4225; x_wconf 73' lang='grc' dir='ltr'>τὴν</span> 
     </span>
    </p>
   </div>
   <div class='ocr_carea' id='block_1_95' title="bbox 2193 4241 3785 4319">
    <p class='ocr_par' dir='ltr' id='par_1_95' title="bbox 2193 4241 3785 4319">
     <span class='ocr_line' id='line_1_95' title="bbox 2193 4241 3785 4319; baseline 0.006 -22"><span class='ocrx_word' id='word_1_661' title='bbox 2193 4241 2378 4297; x_wconf 79' lang='grc' dir='ltr'>πίστιν</span> <span class='ocrx_word' id='word_1_662' title='bbox 2397 4243 2572 4297; x_wconf 80' lang='grc' dir='ltr'>καλεῖ.</span> <span class='ocrx_word' id='word_1_663' title='bbox 2624 4242 2864 4297; x_wconf 84' lang='grc' dir='ltr'>Ἐπαινῶ</span> <span class='ocrx_word' id='word_1_664' title='bbox 2894 4261 3010 4308; x_wconf 90' lang='grc' dir='ltr'>σου,</span> <span class='ocrx_word' id='word_1_665' title='bbox 3050 4246 3206 4318; x_wconf 80' lang='grc' dir='ltr'>φησὶ,</span> <span class='ocrx_word' id='word_1_666' title='bbox 3230 4247 3330 4319; x_wconf 81' lang='grc' dir='ltr'>τὴν</span> <span class='ocrx_word' id='word_1_667' title='bbox 3352 4250 3556 4316; x_wconf 85' lang='grc' dir='ltr'>πίστιν,</span> <span class='ocrx_word' id='word_1_668' title='bbox 3572 4251 3695 4313; x_wconf 79' lang='grc' dir='ltr'><strong>¹ἀλλ’</strong></span> <span class='ocrx_word' id='word_1_669' title='bbox 3716 4248 3785 4306; x_wconf 76' lang='grc' dir='ltr'>οὑ</span> 
     </span>
    </p>
   </div>
   <div class='ocr_carea' id='block_1_96' title="bbox 2193 4333 3780 4414">
    <p class='ocr_par' dir='ltr' id='par_1_96' title="bbox 2193 4333 3780 4414">
     <span class='ocr_line' id='line_1_96' title="bbox 2193 4333 3780 4414; baseline 0.008 -28"><span class='ocrx_word' id='word_1_670' title='bbox 2193 4333 2454 4406; x_wconf 83' lang='grc' dir='ltr'>βούλομαι</span> <span class='ocrx_word' id='word_1_671' title='bbox 2476 4333 2646 4405; x_wconf 76' lang='grc' dir='ltr'>αὐτὴν</span> <span class='ocrx_word' id='word_1_672' title='bbox 2678 4333 2886 4408; x_wconf 75' lang='grc' dir='ltr'>βλάϐης</span> <span class='ocrx_word' id='word_1_673' title='bbox 2910 4338 3089 4390; x_wconf 69' lang='grc' dir='ltr'>αἰτίαν</span> <span class='ocrx_word' id='word_1_674' title='bbox 3112 4338 3205 4392; x_wconf 78' lang='grc' dir='ltr'><strong>καὶ</strong></span> <span class='ocrx_word' id='word_1_675' title='bbox 3235 4340 3588 4414; x_wconf 80' lang='grc' dir='ltr'>βλασφημίας</span> <span class='ocrx_word' id='word_1_676' title='bbox 3616 4344 3780 4412; x_wconf 81' lang='grc' dir='ltr'>γενέ-</span> 
     </span>
    </p>
   </div>
   <div class='ocr_carea' id='block_1_97' title="bbox 2194 4425 3453 4481">
    <p class='ocr_par' dir='ltr' id='par_1_97' title="bbox 2194 4425 3453 4481">
     <span class='ocr_line' id='line_1_97' title="bbox 2194 4425 3453 4481; baseline 0 -1"><span class='ocrx_word' id='word_1_677' title='bbox 2194 4425 2341 4481; x_wconf 87' lang='grc' dir='ltr'>σθαι.</span> <span class='ocrx_word' id='word_1_678' title='bbox 2595 4430 2598 4434; x_wconf 61' lang='grc'>“</span> <span class='ocrx_word' id='word_1_679' title='bbox 3446 4441 3453 4449; x_wconf 96' lang='grc'><strong>·</strong></span> 
     </span>
    </p>
   </div>
   <div class='ocr_carea' id='block_1_98' title="bbox 2266 4541 3785 4617">
    <p class='ocr_par' dir='ltr' id='par_1_98' title="bbox 2266 4541 3785 4617">
     <span class='ocr_line' id='line_1_98' title="bbox 2266 4541 3785 4617; baseline 0.007 -22"><span class='ocrx_word' id='word_1_680' title='bbox 2266 4541 2354 4605; x_wconf 77' lang='grc' dir='ltr'>ιζ’.</span> <span class='ocrx_word' id='word_1_681' title='bbox 2389 4543 2472 4595; x_wconf 81' lang='grc' dir='ltr'><strong>Οὐ</strong></span> <span class='ocrx_word' id='word_1_682' title='bbox 2522 4541 2633 4612; x_wconf 74' lang='grc' dir='ltr'><strong>γάρ</strong></span> <span class='ocrx_word' id='word_1_683' title='bbox 2671 4543 2840 4599; x_wconf 71' lang='grc' dir='ltr'>ἐστιν</span> <span class='ocrx_word' id='word_1_684' title='bbox 2886 4545 2924 4612; x_wconf 78' lang='grc' dir='ltr'><em>ἡ</em></span> <span class='ocrx_word' id='word_1_685' title='bbox 2975 4545 3269 4610; x_wconf 69' lang='grc' dir='ltr'>,Βασιλεία</span> <span class='ocrx_word' id='word_1_686' title='bbox 3323 4548 3444 4601; x_wconf 84' lang='grc' dir='ltr'><strong>τῶν</strong></span> <span class='ocrx_word' id='word_1_687' title='bbox 3504 4550 3785 4617; x_wconf 73' lang='grc' dir='ltr'>οὐρανῶν</span> 
     </span>
    </p>
   </div>
   <div class='ocr_carea' id='block_1_99' title="bbox 2192 4632 3778 4714">
    <p class='ocr_par' dir='ltr' id='par_1_99' title="bbox 2192 4632 3778 4714">
     <span class='ocr_line' id='line_1_99' title="bbox 2192 4632 3778 4714; baseline 0.008 -29"><span class='ocrx_word' id='word_1_688' title='bbox 2192 4632 2424 4703; x_wconf 81' lang='grc' dir='ltr'>,ϐρῶσις</span> <span class='ocrx_word' id='word_1_689' title='bbox 2463 4632 2562 4687; x_wconf 84' lang='grc' dir='ltr'><strong>καὶ</strong></span> <span class='ocrx_word' id='word_1_690' title='bbox 2595 4635 2799 4701; x_wconf 81' lang='grc' dir='ltr'>πόσις,</span> <span class='ocrx_word' id='word_1_691' title='bbox 2825 4635 2985 4690; x_wconf 76' lang='grc' dir='ltr'><em>ἀλλὰ</em></span> <span class='ocrx_word' id='word_1_692' title='bbox 3010 4635 3390 4707; x_wconf 78' lang='grc' dir='ltr'>δικαιοσύνη,</span> <span class='ocrx_word' id='word_1_693' title='bbox 3413 4640 3508 4695; x_wconf 76' lang='grc' dir='ltr'>καί</span> <span class='ocrx_word' id='word_1_694' title='bbox 3542 4643 3778 4714; x_wconf 71' lang='grc' dir='ltr'>εἰρήνη,</span> 
     </span>
    </p>
   </div>
   <div class='ocr_carea' id='block_1_100' title="bbox 2196 4725 3786 4807">
    <p class='ocr_par' dir='ltr' id='par_1_100' title="bbox 2196 4725 3786 4807">
     <span class='ocr_line' id='line_1_100' title="bbox 2196 4725 3786 4807; baseline 0.008 -30"><span class='ocrx_word' id='word_1_695' title='bbox 2196 4725 2295 4778; x_wconf 77' lang='grc' dir='ltr'><strong>καὶ</strong></span> <span class='ocrx_word' id='word_1_696' title='bbox 2326 4726 2482 4794; x_wconf 78' lang='grc' dir='ltr'>χαρὰ</span> <span class='ocrx_word' id='word_1_697' title='bbox 2508 4725 2578 4777; x_wconf 81' lang='grc' dir='ltr'>ἐν</span> <span class='ocrx_word' id='word_1_698' title='bbox 2604 4727 2905 4796; x_wconf 77' lang='grc' dir='ltr'>Πνεύματι</span> <span class='ocrx_word' id='word_1_699' title='bbox 2930 4728 3095 4796; x_wconf 78' lang='grc' dir='ltr'>ἁγίῳ.</span> <span class='ocrx_word' id='word_1_700' title='bbox 3129 4729 3222 4801; x_wconf 82' lang='grc' dir='ltr'><strong>Μὴ</strong></span> <span class='ocrx_word' id='word_1_701' title='bbox 3272 4730 3382 4802; x_wconf 83' lang='grc' dir='ltr'>γὰρ</span> <span class='ocrx_word' id='word_1_702' title='bbox 3406 4732 3472 4804; x_wconf 80' lang='grc' dir='ltr'>δὴ</span> <span class='ocrx_word' id='word_1_703' title='bbox 3515 4737 3786 4807; x_wconf 74' lang='grc' dir='ltr'>νομίσητε</span> 
     </span>
    </p>
   </div>
   <div class='ocr_carea' id='block_1_101' title="bbox 2194 4810 3843 4895">
    <p class='ocr_par' dir='ltr' id='par_1_101' title="bbox 2194 4810 3843 4895">
     <span class='ocr_line' id='line_1_101' title="bbox 2194 4810 3843 4895; baseline 0.008 -28"><span class='ocrx_word' id='word_1_704' title='bbox 2194 4814 2354 4868; x_wconf 84' lang='grc' dir='ltr'>τοῦτο</span> <span class='ocrx_word' id='word_1_705' title='bbox 2388 4810 2526 4868; x_wconf 85' lang='grc' dir='ltr'>εἶναι</span> <span class='ocrx_word' id='word_1_706' title='bbox 2554 4816 2889 4887; x_wconf 87' lang='grc' dir='ltr'>κατόρθωμα</span> <span class='ocrx_word' id='word_1_707' title='bbox 2919 4819 3196 4889; x_wconf 79' lang='grc' dir='ltr'>μέγιστον,</span> <span class='ocrx_word' id='word_1_708' title='bbox 3250 4820 3346 4874; x_wconf 77' lang='grc' dir='ltr'><strong>καὶ</strong></span> <span class='ocrx_word' id='word_1_709' title='bbox 3381 4821 3482 4895; x_wconf 83' lang='grc' dir='ltr'>τῆς</span> <span class='ocrx_word' id='word_1_710' title='bbox 3531 4824 3642 4879; x_wconf 80' lang='grc' dir='ltr'><strong>τῶν</strong></span> <span class='ocrx_word' id='word_1_711' title='bbox 3681 4829 3768 4879; x_wconf 73' lang='grc' dir='ltr'><strong>οὺ-</strong></span> <span class='ocrx_word' id='word_1_712' title='bbox 3840 4892 3843 4893; x_wconf 19' lang='grc' dir='ltr'><strong>ν</strong></span> 
     </span>
    </p>
   </div>
   <div class='ocr_carea' id='block_1_102' title="bbox 2195 4907 3779 4994">
    <p class='ocr_par' dir='ltr' id='par_1_102' title="bbox 2195 4907 3779 4994">
     <span class='ocr_line' id='line_1_102' title="bbox 2195 4907 3779 4994; baseline 0.009 -34"><span class='ocrx_word' id='word_1_713' title='bbox 2195 4907 2375 4981; x_wconf 85' lang='grc' dir='ltr'>ρανῶν</span> <span class='ocrx_word' id='word_1_714' title='bbox 2406 4908 2665 4980; x_wconf 80' lang='grc' dir='ltr'>πρόξενον</span> <span class='ocrx_word' id='word_1_715' title='bbox 2700 4910 3101 4994; x_wconf 67' lang='grc' dir='ltr'>βασιλείας.,Ἦ</span> <span class='ocrx_word' id='word_1_716' title='bbox 3149 4914 3258 4984; x_wconf 75' lang='grc' dir='ltr'><strong>γὰρ</strong></span> <span class='ocrx_word' id='word_1_717' title='bbox 3310 4913 3518 4988; x_wconf 80' lang='grc' dir='ltr'>ἀληθὴς</span> <span class='ocrx_word' id='word_1_718' title='bbox 3567 4918 3779 4988; x_wconf 75' lang='grc' dir='ltr'>ταύτην</span> 
     </span>
    </p>
   </div>
   <div class='ocr_carea' id='block_1_103' title="bbox 2190 4995 3777 5081">
    <p class='ocr_par' dir='ltr' id='par_1_103' title="bbox 2190 4995 3777 5081">
     <span class='ocr_line' id='line_1_103' title="bbox 2190 4995 3777 5081; baseline 0.011 -33"><span class='ocrx_word' id='word_1_719' title='bbox 2190 4995 2447 5067; x_wconf 79' lang='grc' dir='ltr'>προξενεῖ</span> <span class='ocrx_word' id='word_1_720' title='bbox 2464 4998 2800 5071; x_wconf 80' lang='grc' dir='ltr'>δικαιοσύνη,</span> <span class='ocrx_word' id='word_1_721' title='bbox 2835 5002 2928 5055; x_wconf 78' lang='grc' dir='ltr'><strong>καὶ</strong></span> <span class='ocrx_word' id='word_1_722' title='bbox 2956 5004 2991 5073; x_wconf 75' lang='grc' dir='ltr'><strong>ἡ</strong></span> <span class='ocrx_word' id='word_1_723' title='bbox 3020 5001 3163 5057; x_wconf 83' lang='grc' dir='ltr'>κατά</span> <span class='ocrx_word' id='word_1_724' title='bbox 3187 5002 3286 5075; x_wconf 74' lang='grc' dir='ltr'>τὴν</span> <span class='ocrx_word' id='word_1_725' title='bbox 3308 5005 3532 5078; x_wconf 81' lang='grc' dir='ltr'>εἰρήνην</span> <span class='ocrx_word' id='word_1_726' title='bbox 3557 5010 3649 5064; x_wconf 75' lang='grc' dir='ltr'><strong>καὶ</strong></span> <span class='ocrx_word' id='word_1_727' title='bbox 3674 5011 3777 5081; x_wconf 69' lang='grc' dir='ltr'>τὴν</span> 
     </span>
    </p>
   </div>
   <div class='ocr_carea' id='block_1_104' title="bbox 2187 5090 3771 5177">
    <p class='ocr_par' dir='ltr' id='par_1_104' title="bbox 2187 5090 3771 5177">
     <span class='ocr_line' id='line_1_104' title="bbox 2187 5090 3771 5177; baseline 0.008 -33"><span class='ocrx_word' id='word_1_728' title='bbox 2187 5090 2410 5162; x_wconf 84' lang='grc' dir='ltr'>ἀγάπην</span> <span class='ocrx_word' id='word_1_729' title='bbox 2448 5092 2742 5162; x_wconf 86' lang='grc' dir='ltr'>συμφωνία</span> <span class='ocrx_word' id='word_1_730' title='bbox 2788 5110 2848 5147; x_wconf 85' lang='grc' dir='ltr'><strong>τε</strong></span> <span class='ocrx_word' id='word_1_731' title='bbox 2900 5096 2995 5149; x_wconf 75' lang='grc' dir='ltr'><strong>καὶ</strong></span> <span class='ocrx_word' id='word_1_732' title='bbox 3043 5095 3270 5169; x_wconf 76' lang='grc' dir='ltr'>σπουδὴ,</span> <span class='ocrx_word' id='word_1_733' title='bbox 3317 5098 3379 5165; x_wconf 76' lang='grc' dir='ltr'><strong>ἐξ</strong></span> <span class='ocrx_word' id='word_1_734' title='bbox 3408 5092 3484 5156; x_wconf 79' lang='grc' dir='ltr'><strong>ὧν</strong></span> <span class='ocrx_word' id='word_1_735' title='bbox 3514 5100 3710 5173; x_wconf 81' lang='grc' dir='ltr'>φύεται</span> <span class='ocrx_word' id='word_1_736' title='bbox 3736 5105 3771 5177; x_wconf 79' lang='grc' dir='ltr'>ἡ</span> 
     </span>
    </p>
   </div>
   <div class='ocr_carea' id='block_1_105' title="bbox 2189 5180 2846 5256">
    <p class='ocr_par' dir='ltr' id='par_1_105' title="bbox 2189 5180 2846 5256">
     <span class='ocr_line' id='line_1_105' title="bbox 2189 5180 2846 5256; baseline -0.002 -19"><span class='ocrx_word' id='word_1_737' title='bbox 2189 5181 2331 5237; x_wconf 73' lang='grc' dir='ltr'>κατὰ</span> <span class='ocrx_word' id='word_1_738' title='bbox 2356 5180 2490 5236; x_wconf 76' lang='grc' dir='ltr'>Θεὸν</span> <span class='ocrx_word' id='word_1_739' title='bbox 2518 5183 2846 5256; x_wconf 81' lang='grc' dir='ltr'>εὐφροσύνη.</span> 
     </span>
    </p>
   </div>
   <div class='ocr_carea' id='block_1_106' title="bbox 1779 5516 2478 5578">
    <p class='ocr_par' dir='ltr' id='par_1_106' title="bbox 1779 5516 2478 5578">
     <span class='ocr_line' id='line_1_106' title="bbox 1779 5516 2478 5578; baseline 0.006 -4"><span class='ocrx_word' id='word_1_740' title='bbox 1779 5516 1867 5574; x_wconf 75' lang='lat' dir='ltr'><strong>VA</strong></span> <span class='ocrx_word' id='word_1_741' title='bbox 1877 5516 2020 5574; x_wconf 67' lang='lat' dir='ltr'><strong>RM:</strong></span> <span class='ocrx_word' id='word_1_742' title='bbox 2065 5519 2478 5578; x_wconf 80' lang='lat' dir='ltr'><strong>LECTIONES.</strong></span> 
     </span>
    </p>
   </div>
   <div class='ocr_carea' id='block_1_107' title="bbox 598 5637 3757 5712">
    <p class='ocr_par' dir='ltr' id='par_1_107' title="bbox 598 5637 3757 5712">
     <span class='ocr_line' id='line_1_107' title="bbox 598 5637 3757 5712; baseline 0.002 -19"><span class='ocrx_word' id='word_1_743' title='bbox 598 5637 743 5712; x_wconf 49' lang='lat' dir='ltr'><strong>&quot;ita</strong></span> <span class='ocrx_word' id='word_1_744' title='bbox 769 5647 822 5695; x_wconf 89' lang='lat' dir='ltr'><strong>ct</strong></span> <span class='ocrx_word' id='word_1_745' title='bbox 844 5639 908 5712; x_wconf 64' lang='grc' dir='ltr'>Α.</span> <span class='ocrx_word' id='word_1_746' title='bbox 940 5638 1053 5712; x_wconf 8' lang='lat' dir='ltr'><strong>Sed,</strong></span> <span class='ocrx_word' id='word_1_747' title='bbox 1081 5638 1310 5712; x_wconf 66' lang='lat' dir='ltr'><strong>(Eoum.</strong></span> <span class='ocrx_word' id='word_1_748' title='bbox 1341 5640 1537 5712; x_wconf 77' lang='grc' dir='ltr'>Μωσῇ.</span> <span class='ocrx_word' id='word_1_749' title='bbox 1615 5640 1665 5712; x_wconf 70' lang='grc' dir='ltr'><strong>¹ξ</strong></span> <span class='ocrx_word' id='word_1_750' title='bbox 1689 5639 1778 5697; x_wconf 90' lang='lat' dir='ltr'><strong>Sic</strong></span> <span class='ocrx_word' id='word_1_751' title='bbox 1805 5655 2024 5712; x_wconf 87' lang='lat' dir='ltr'><strong>quoquc</strong></span> <span class='ocrx_word' id='word_1_752' title='bbox 2055 5641 2129 5712; x_wconf 74' lang='grc' dir='ltr'>Α.</span> <span class='ocrx_word' id='word_1_753' title='bbox 2152 5639 2256 5697; x_wconf 82' lang='lat' dir='ltr'><strong>Sed</strong></span> <span class='ocrx_word' id='word_1_754' title='bbox 2290 5638 2523 5697; x_wconf 72' lang='lat' dir='ltr'><strong>(Eoum.</strong></span> <span class='ocrx_word' id='word_1_755' title='bbox 2561 5641 2802 5712; x_wconf 86' lang='grc' dir='ltr'>παράγει</span> <span class='ocrx_word' id='word_1_756' title='bbox 2828 5638 3095 5712; x_wconf 70' lang='grc' dir='ltr'>ΤΙιοοςΙυΙ.</span> <span class='ocrx_word' id='word_1_757' title='bbox 3122 5642 3365 5699; x_wconf 72' lang='lat' dir='ltr'><strong>adducit.</strong></span> <span class='ocrx_word' id='word_1_758' title='bbox 3447 5644 3490 5677; x_wconf 81' lang='lat'><strong>“</strong></span> <span class='ocrx_word' id='word_1_759' title='bbox 3516 5644 3559 5698; x_wconf 77' lang='grc' dir='ltr'><strong>Δ</strong></span> <span class='ocrx_word' id='word_1_760' title='bbox 3582 5644 3757 5711; x_wconf 78' lang='grc' dir='ltr'>αὔξει.</span> 
     </span>
    </p>
   </div>
   <div class='ocr_carea' id='block_1_108' title="bbox 502 5705 3753 5787">
    <p class='ocr_par' dir='ltr' id='par_1_108' title="bbox 502 5705 3753 5787">
     <span class='ocr_line' id='line_1_108' title="bbox 502 5705 3753 5787; baseline 0.003 -25"><span class='ocrx_word' id='word_1_761' title='bbox 502 5708 545 5787; x_wconf 55' lang='grc' dir='ltr'><strong>ξς</strong></span> <span class='ocrx_word' id='word_1_762' title='bbox 576 5707 676 5787; x_wconf 57' lang='grc' dir='ltr'>τοῦ</span> <span class='ocrx_word' id='word_1_763' title='bbox 721 5726 829 5787; x_wconf 71' lang='grc' dir='ltr'>γιν.</span> <span class='ocrx_word' id='word_1_764' title='bbox 863 5710 1017 5766; x_wconf 88' lang='lat' dir='ltr'><strong>deest</strong></span> <span class='ocrx_word' id='word_1_765' title='bbox 1044 5710 1095 5765; x_wconf 88' lang='lat' dir='ltr'><strong>in</strong></span> <span class='ocrx_word' id='word_1_766' title='bbox 1132 5711 1198 5766; x_wconf 84' lang='lat' dir='ltr'><strong>A.</strong></span> <span class='ocrx_word' id='word_1_767' title='bbox 1271 5710 1313 5742; x_wconf 84' lang='lat'>&quot;</span> <span class='ocrx_word' id='word_1_768' title='bbox 1339 5711 1389 5765; x_wconf 78' lang='grc' dir='ltr'><strong>Α</strong></span> <span class='ocrx_word' id='word_1_769' title='bbox 1433 5705 1573 5784; x_wconf 59' lang='grc' dir='ltr'>ὑπὲρ</span> <span class='ocrx_word' id='word_1_770' title='bbox 1609 5705 1688 5766; x_wconf 78' lang='grc' dir='ltr'><strong>οὗ.</strong></span> <span class='ocrx_word' id='word_1_771' title='bbox 1770 5705 1968 5768; x_wconf 62' lang='grc' dir='ltr'>ιοίιωδ</span> <span class='ocrx_word' id='word_1_772' title='bbox 2020 5711 2185 5768; x_wconf 85' lang='lat' dir='ltr'><strong>verba</strong></span> <span class='ocrx_word' id='word_1_773' title='bbox 2220 5728 2234 5765; x_wconf 84' lang='lat'><strong>:</strong></span> <span class='ocrx_word' id='word_1_774' title='bbox 2270 5713 2332 5765; x_wconf 71' lang='grc' dir='ltr'>σὺ</span> <span class='ocrx_word' id='word_1_775' title='bbox 2367 5712 2423 5764; x_wconf 81' lang='grc' dir='ltr'>δὲ</span> <span class='ocrx_word' id='word_1_776' title='bbox 2456 5742 2525 5752; x_wconf 86' lang='lat'><strong>——</strong></span> <span class='ocrx_word' id='word_1_777' title='bbox 2560 5705 2788 5765; x_wconf 70' lang='grc' dir='ltr'>θάνατον</span> <span class='ocrx_word' id='word_1_778' title='bbox 2835 5716 2947 5780; x_wconf 83' lang='lat' dir='ltr'><strong>per&#39;</strong></span> <span class='ocrx_word' id='word_1_779' title='bbox 2985 5708 3472 5785; x_wconf 72' lang='lat' dir='ltr'><strong>interrogationem</strong></span> <span class='ocrx_word' id='word_1_780' title='bbox 3519 5705 3753 5787; x_wconf 40' lang='lat' dir='ltr'><strong>legit-4L</strong></span> 
     </span>
    </p>
   </div>
   <div class='ocr_carea' id='block_1_109' title="bbox 499 5780 955 5843">
    <p class='ocr_par' dir='ltr' id='par_1_109' title="bbox 499 5780 955 5843">
     <span class='ocr_line' id='line_1_109' title="bbox 499 5780 955 5843; baseline 0 -6"><span class='ocrx_word' id='word_1_781' title='bbox 499 5780 544 5813; x_wconf 64' lang='grc' dir='ltr'><strong>λ’</strong></span> <span class='ocrx_word' id='word_1_782' title='bbox 563 5781 604 5836; x_wconf 85' lang='grc' dir='ltr'><strong>Λ</strong></span> <span class='ocrx_word' id='word_1_783' title='bbox 640 5780 955 5843; x_wconf 78' lang='grc' dir='ltr'>τεκταίνεις.</span> 
     </span>
    </p>
   </div>
  </div>
