4034 6386
459 363 563 425 907

1440 364 1925 426 THEODORETI
1962 364 2293 424 EPISCOPI
2333 364 2700 425 CYRENSIS

3598 364 3709 430 988

464 479 631 530 Omne
658 487 831 531 autem
863 478 999 546 quod
1045 494 1144 530 non
1175 486 1249 530 est
1283 494 1345 529 tur
1369 480 1489 547 (ille,
1518 490 1787 548 peccatum
1810 488 1904 532 est.
1934 477 2025 542 Qui

2139 476 2267 528 Πᾶν
2294 476 2359 527 δὲ
2383 477 2412 529 ὃ
2443 479 2551 529 οὐκ
2588 478 2652 527 ἐκ
2689 477 2967 539 πίστεως.
2999 473 3253 541 ἁμαρτία
3278 472 3467 527 ἐστίν.
3505 470 3573 526 Ὀ
3605 477 3712 545 γὰρ

461 570 605 622 enim
630 568 827 628 credit.
847 569 966 623 sine
993 570 1198 623 damno
1242 572 1483 625 vescitur
1517 589 1529 625 :
1564 572 1657 640 qui
1692 580 1873 625 autem
1909 585 2034 623 cum

462 663 642 731 aliqua
675 660 1439 732 distinctione(dubitatione)
1477 664 1742 723 vescitur,
1789 661 1893 717 fert
1937 661 2033 713 ad-

458 769 650 807 versus
675 754 916 824 seipsum
958 753 1309 809 sententiam.
1340 753 1409 807 Et
1438 753 1666 818 docens,
1692 769 1749 809 se
1779 768 1900 823 quae
1927 751 2035 807 Dco

457 856 611 914 grata
641 847 750 899 sint
784 845 1099 907 decernere,
1149 859 1350 915 magno
1389 845 1573 899 studio
1621 860 1718 916 pro
1744 845 1881 915 ipsis
1905 860 2032 899 ora-

456 938 664 991 tionem
686 935 864 990 oﬂ‘ert.
900 934 965 989 Ei
987 944 1158 990 autem
1177 937 1267 1009 qui
1290 945 1457 1007 potest
1486 954 1573 992 vos
1598 938 1934 1006 conﬁrmare.
1971 937 2035 989 Et

454 1028 579 1097 quis
594 1036 677 1083 est
700 1028 895 1083 modus
917 1030 932 1049 °
953 1029 1315 1084 continuandi
1336 1029 1836 1103 ?1&7Secundum
1873 1048 2029 1085 eran-

450 1120 646 1190 gelium
680 1134 873 1173 meum.
907 1118 1046 1185 Quid
1095 1128 1279 1175 autem
1326 1121 1703 1192 evangelizat?
1734 1120 1801 1175 Et
1839 1122 2034 1189 praedi-

450 1206 711 1259 cationem
735 1203 868 1259 Jesu
897 1205 1122 1261 Christi.
1152 1206 1217 1260 Et
1248 1206 1455 1264 docens
1485 1209 1867 1280 antiquitatem
1899 1226 2034 1279 pra:-

450 1295 768 1362 dicatiouis,
796 1296 967 1362 addit,
1021 1298 1309 1352 secundum
1362 1300 1726 1355 reuelationem
1770 1303 2030 1369 mysterii.

449 1388 569 1442 Non
606 1404 755 1443 nunc
789 1390 932 1444 enim
969 1389 1173 1444 factum
1225 1397 1330 1457 est,
1392 1392 1488 1447 sed
1526 1407 1674 1447 nunc
1724 1395 2029 1452 revelatum

451 1488 559 1543 est,
588 1479 735 1549 quod
766 1482 1000 1536 celatum
1024 1482 1215 1547 iuerat
1240 1468 1590 1554 mysterium.
1630 1483 1744 1541 Hoc
1781 1487 1930 1543 enim
1975 1489 2028 1540 in

448 1572 821 1641 sequentibus
859 1574 936 1625 ait
962 1590 976 1626 :
1013 1570 1353 1638 Temporibus
1378 1576 1585 1629 (uernis
1616 1576 1796 1631 celari.
1825 1577 2032 1633 Deinde

448 1664 918 1734 subjungitetiam
977 1672 1147 1721 testes
1198 1666 1636 1735 praedicationis.
1669 1668 1828 1724 Nunc
1854 1681 2029 1726 autem

449 1752 783 1822 manifestati
806 1769 899 1821 per
925 1752 1234 1823 Scripturas
1257 1755 1592 1825 propheticus
1618 1756 1907 1811 secundum
1939 1775 2029 1811 ar-

442 1846 768 1901 dinationem
796 1845 914 1899 Dei.
948 1845 1079 1910 Ome
1098 1846 1242 1901 enim
1262 1823 1372 1917 per
1396 1849 1689 1918 prophetas
1702 1849 2029 1905 adumbrate
2063 1823 2102 1877 Β

437 1937 720 2007 praedixit,
756 1952 818 1991 ea
854 1952 1003 1991 nunc
1045 1936 1417 1994 manifestavit
1445 1941 1770 1995 saeculorum
1810 1940 2024 2012 Opilex.

439 2028 653 2100 .thuis
696 2044 861 2099 porro
890 2035 977 2084 est
1032 2028 1248 2085 fruetus
1292 2031 1743 2100 praedicationis?
1791 2032 1876 2086 Ad
1904 2034 2025 2088 obe-

445 2123 694 2177 diendum
722 2122 868 2191 ﬁdei.
933 2126 1158 2191 Oportet
1208 2123 1353 2178 enim
1388 2125 1512 2181 illos
1536 2128 1628 2195 qui
1676 2127 1930 2189 audiunt,
1958 2127 2028 2183 iis

444 2229 567 2284 qua:
623 2212 883 2267 dicuntur
940 2213 1186 2269 credere.
1233 2214 1467 2282 Quinam
1536 2233 1668 2272 vero
1735 2229 1867 2275 sunt
1924 2220 2028 2274 hi?

448 2304 703 2361 Omnibus
732 2305 971 2374 gentibus
1005 2305 1314 2376 signiﬁcati.
1345 2308 1422 2363 lta
1456 2317 1541 2365 est
1575 2310 2021 2380 intelligendum:

445 2395 763 2451 Secundum
820 2397 1165 2467 evangelium
1232 2414 1413 2453 meum
1468 2410 1523 2455 et
1581 2401 2023 2472 praedicationem

440 2482 573 2540 Iesu
611 2484 846 2550 Christi,
897 2487 1157 2543 omnibus
1207 2490 1471 2558 gentibus
1528 2491 1847 2561 signiﬁcati.
1910 2490 2025 2546 Soli

442 2577 670 2647 sapienti
693 2576 801 2632 Deo
824 2592 916 2646 per
947 2576 1133 2634 Iesum
1180 2578 1476 2645 Christum,
1514 2582 1600 2636 cui
1628 2582 1805 2652 gloria
1842 2584 1896 2637 in
1924 2600 2024 2638 sa:-

442 2668 585 2724 cula.
616 2670 803 2724 Amen.
835 2670 971 2725 Cum
1000 2671 1339 2728 ostendisset
1365 2672 1791 2742 dispensationis
1817 2682 2024 2744 myste-

443 2761 586 2815 rium
621 2760 689 2815 ab
716 2761 877 2815 initio
934 2761 1158 2832 quidem
1198 2763 1329 2818 olim
1391 2763 1793 2834 dispensatum,
1826 2765 2024 2820 deinde

442 2867 542 2922 per
585 2852 883 2922 prophetas
940 2854 1285 2924 praedictum,
1331 2863 1518 2925 postea
1559 2866 1741 2912 autem
1792 2872 1890 2928 per
1934 2873 2023 2912 res

440 2945 593 3014 ipsas
627 2943 1061 3012 manifestatum,
1098 2944 1193 3002 Dei
1221 2947 1544 3017 sapientiam
1578 2946 1931 3012 collaudavit,
1967 2958 2022 3003 et

439 3052 603 3105 quam
626 3053 725 3108 par
752 3044 837 3091 est
863 3038 1052 3106 gloriae
1074 3037 1438 3094 redditionem
1457 3040 1731 3096 exhibuit.
1762 3039 1819 3095 Si
1838 3051 2019 3096 autem

2143 565 2434 629 πιστεύων,
2471 566 2723 629 ἀόλαδῶς
2768 564 3176 636 μεταλαμϐάνει
3210 581 3222 593 ·
3260 567 3288 617 6
3317 564 3374 617 δὲ
3404 565 3542 636 μετά
3568 582 3714 630 τινος

2140 657 2466 730 διακρίσεως
2505 658 2720 721 ἐσθίων,
2770 656 2890 710 καθ’
2920 657 3110 710 ἐαυτοῦ
3138 655 3236 729 τὴν
3259 657 3438 729 ψῆφον
3468 659 3713 730 ἐκφέρει.

2140 750 2251 805 Καὶ
2303 751 2568 805 διδάσκων
2594 751 2669 814 ὼς
2700 750 3003 821 ἀρέσκοντα
3032 748 3109 820 τῷ
3137 748 3258 820 Θεῷ
3291 749 3590 820 νομοθετεῖ,
3630 751 3717 803 εύ-

2139 844 2238 915 χὴν
2287 844 2427 914 ὑπὲρ
2473 844 2654 896 αὐτῶν
2688 842 2981 896 σπουδαίαν
3013 843 3330 912 προσφέρει.
3372 840 3457 907 Τῷ
3506 841 3575 895 δὲ
3612 840 3719 895 δυ-

2137 934 2372 1003 ναμένῳ
2422 932 2577 1003 ὑμᾶς
2627 931 2924 1001 στηρίξαι.
2986 933 3094 985 Καὶ
3154 931 3238 996 τίς
3290 934 3317 985 6
3362 933 3563 1001 τρόπος
3614 932 3718 1001 τῆς

2140 1026 2513 1094 βεϐαιώσεωςς
2550 1025 2710 1079 Κατὰ
2741 1024 2808 1078 τὸ
2835 1025 3194 1094 εὐαγγέλιόν
3217 1040 3357 1093 μου.
3378 1022 3444 1075 Tl
3474 1023 3533 1077 δὲ
3553 1024 3721 1090 εύαγ-

2135 1119 2381 1186 γελῐζεις
2436 1116 2545 1172 Καὶ
2592 1115 2659 1169 τὸ
2709 1116 2985 1186 κήρυγμα
3025 1115 3232 1183 Ἰησοῦ
3284 1115 3564 1183 Χριστοῦ.
3604 1115 3718 1168 Καὶ

2134 1193 2402 1263 διδάσκων
2424 1208 2523 1279 τὴν
2552 1207 2645 1261 τοῦ
2688 1207 3045 1277 κηρύγματος
3091 1205 3450 1277 ἀρχαιότητα,
3481 1207 3712 1274 ἐπάγει·

2138 1299 2300 1355 Κατὰ
2345 1300 2741 1368 ἀποκάλυψιν
2768 1298 3131 1369 μυστηρίου.
3167 1297 3244 1351 Ού
3297 1298 3407 1368 γὰρ
3435 1297 3533 1351 νῦν
3587 1298 3716 1367 ἐγέ-

2136 1408 2271 1455 νετο,
2311 1392 2445 1444 ἀλλά
2485 1390 2580 1444 νῦν
2606 1389 2968 1459 ἀπεκαλύφθη
3010 1389 3071 1442 τὸ
3104 1389 3469 1459 σεσιγημένον
3507 1374 3716 1458 μυστή-

2138 1499 2272 1553 ριον.
2304 1482 2477 1536 Τοῦτο
2528 1481 2638 1553 γάρ
2679 1483 2740 1534 ἐν
2789 1482 2901 1543 τοῖς
2940 1479 3069 1549 ἑξῆς
3099 1495 3270 1549 φησι·
3305 1480 3554 1545 Χρόνοις
3578 1480 3719 1531 αἰω-

2134 1576 2287 1639 νίοις
2337 1572 2766 1643 σεσιγημένου.
2830 1567 2962 1624 Εἶτα
3029 1571 3226 1639 ἐπάγει
3285 1570 3381 1624 καὶ
3433 1570 3559 1632 τοϋξ
3615 1569 3718 1621 τοῦ

2133 1666 2487 1738 κηρύγματος
2531 1665 2836 1738 μάρτυρας.
2863 1663 3313 1732 Φανερωθέντος
3349 1661 3420 1714 δὲ
3460 1662 3577 1715 νῦν
3611 1659 3719 1714 διά

2133 1776 2196 1812 τε
2222 1758 2479 1827 Γραφῶν
2519 1755 2902 1827 προφητικῶν
2933 1756 3061 1809 κατ’
3084 1753 3380 1823 ἐπιταγὴν
3418 1751 3527 1807 τοῦ
3572 1754 3713 1805 alo)-

2132 1851 2266 1905 νΙου
2300 1848 2469 1905 Θεοῦ.
2493 1850 2558 1901 Ἃ
2585 1848 2693 1919 γὰρ
2729 1846 2817 1900 διὰ
2846 1845 2954 1898 τῶν
2986 1844 3279 1916 προφητῶν
3314 1842 3716 1912 συνεσκιασμέ-

2131 1959 2237 2006 νως
2291 1940 2693 2013 προηγόρευσε,
2748 1938 2922 1992 ταῦτα
2971 1938 3066 1993 νῦν
3112 1932 3466 2008 ἐφανέρωσεν
3517 1938 3546 1990 6
3598 1937 3714 1991 τῶν

2131 2032 2342 2086 αἰώνων
2391 2030 2752 2103 Δημιουργός.
2812 2031 2920 2083 Καὶ
2984 2029 3069 2093 τίς
3119 2028 3215 2082 τοῦ
3270 2029 3627 2099 κηρύγματος
3682 2030 3714 2081 6

2129 2125 2373 2195 καρπός;
2406 2126 2509 2191 Εἰς
2532 2123 2815 2192 ὑπακοὴν
2844 2124 3128 2189 πίστεως.
3154 2122 3293 2185 Τοὺς
3324 2121 3433 2192 γ’ἀρ
3482 2120 3712 2174 ἀκούον-

2128 2236 2224 2282 τας
2264 2216 2529 2287 προσήκει
2562 2213 2850 2267 πιστεῦσαι
2893 2215 3007 2276 τοῖς
3053 2211 3387 2282 λεγομένοις.
3444 2209 3711 2269 Τίνες.δὲ

2127 2302 2313 2372 obeat;
2354 2308 2451 2372 Εἰς
2500 2305 2697 2360 πάντα
2746 2306 2819 2360 τὰ
2863 2304 3008 2373 ἔθνη
3062 2303 3520 2375 γνωρισθέντος.
3550 2302 3711 2356 Οὔπω

2127 2398 2366 2469 νοητέον·
2399 2398 2555 2451 Κατά
2586 2396 2645 2449 τὸ
2693 2396 3008 2465 εὐαγγέλιόν
3061 2410 3196 2465 μου,
3224 2396 3319 2448 καὶ
3349 2393 3413 2447 τὸ
3446 2396 3708 2464 κήρυγμα

2141 2488 2315 2560 Ἰησοῦ
2359 2487 2616 2560 Χριστοῦ,
2663 2489 2743 2550 εἰς
2796 2488 2971 2541 πάντα
3015 2488 3086 2540 τὰ
3117 2485 3244 2556 ἔθνη
3286 2486 3707 2556 γνωρισθέντος.

2126 2583 2303 2649 Μόνφ
2330 2578 2500 2650 σοφῷ
2549 2578 2672 2645 Θεῷ
2716 2578 2816 2633 διὰ
2846 2576 3050 2647 Ἰησοῦ
3073 2566 3355 2646 Χριστοῦ,
3390 2572 3441 2646 ᾦ
3479 2578 3520 2646 ἠ
3554 2578 3709 2633 δόξα

2124 2676 2213 2738 εις
2241 2671 2383 2737 τοὺς
2413 2670 2655 2736 αἰῶνας.
2703 2668 2911 2738 Ἀμήν.
2958 2667 3147 2733 Aelia;
3176 2667 3237 2721 τὸ
3265 2667 3366 2738 τῆς
3393 2668 3709 2738 οἰκονομίας

2129 2767 2445 2837 μυστήριον,
2486 2762 2695 2819 ἄνωθεν
2729 2761 2827 2832 μὲν
2862 2761 3415 2831 προῳκονομημένον,
3446 2756 3567 2814 εἶτα
3616 2761 3710 2814 διὰ

2124 2858 2233 2913 τῶν
2263 2856 2559 2929 προφητῶν
2611 2853 3028 2926 προειρημένον,
3067 2852 3207 2923 μετά
3234 2852 3291 2906 δὲ
3320 2852 3493 2907 ταῦτα
3542 2870 3708 2921 (pave-

2127 2951 2220 3022 ρὸν
2276 2949 2366 3004 διά
2432 2947 2778 3020 πραγμάτων
2820 2946 3212 3016 γεγενημένον,
3276 2945 3369 2999 τοῦ
3424 2945 3561 3003 Θεοῦ
3608 2948 3708 3015 τὴν

2126 3041 2316 3111 σοφίαν
2353 3038 2653 3110 ἐθαύμασε,
2680 3037 2773 3089 καὶ
2806 3037 2904 3108 τὴν
2930 3038 3244 3107 πρέπουσαν
3275 3036 3583 3105 δοξολογίαν
3612 3039 3708 3091 ἀνο

440 3127 684 3185 dixeriut
728 3130 996 3195 haeretici,
1024 3131 1169 3199 quod
1211 3130 1367 3186 solus
1397 3128 1540 3187 Deus
1590 3132 1810 3202 sapiens
1833 3133 2018 3187 nomi-

2130 3132 2388 3204 ἐπεμψεν.
2419 3131 2483 3184 Et
2526 3129 2583 3182 δὲ
2609 3130 2812 3181 εἴποιεν
2840 3128 2890 3179 οἱ
2924 3127 3214 3197 αἱρετικοὶ,
3242 3128 3325 3180 ὃτι
3350 3127 3513 3197 μόνος
3542 3130 3710 3197 σοφὲς

444 3228 623 3285 netur,
653 3220 831 3276 scient
890 3220 1040 3290 quod
1094 3220 1356 3276 Christus
1391 3220 1654 3278 Dominus
1684 3237 1792 3277 non
1834 3224 2012 3279 solum

440 3314 682 3379 sapiens,
714 3312 810 3367 sed
839 3313 1007 3367 etiam
1040 3313 1313 3383 sapientia
1349 3322 1592 3369 vocetur.
1629 3315 1786 3381 Quod
1824 3316 1870 3371 si
1912 3317 2016 3371 hac

439 3403 704 3471 sapientis
749 3404 1118 3473 appellatione
1172 3402 1375 3460 Filium
1461 3406 1680 3476 privare
1733 3422 1793 3463 se
1839 3390 2015 3477 posse

436 3495 781 3562 existimant,
805 3496 982 3565 ipsum
1007 3495 1171 3552 etiam
1200 3497 1560 3554 immortalem
1579 3514 1688 3555 non
1716 3500 2011 3570 appellent.

356 3642 361 3646 ,
436 3584 587 3639 idem
618 3586 763 3641 enim
826 3588 1124 3657 Apostolus
1179 3588 1248 3644 de
1304 3588 1413 3645 Deo
1447 3589 1583 3645 dicit
1613 3606 1626 3643 :
1662 3607 1684 3642 ι
1723 3590 1826 3657 Qui
1860 3592 2014 3658 solus

438 3677 603 3733 habet
660 3677 1205 3735 immortalitatem".
1242 3699 1261 3732 ι
1326 3679 1432 3735 Sed
1482 3697 1583 3737 nos
1642 3681 1769 3737 illos
1821 3682 2014 3751 nugari

440 3771 706 3837 sinentes,
734 3772 1024 3841 sequentia
1075 3787 1491 3844 persequamur.
1532 3774 1669 3831 Cum
1708 3775 1897 3844 itaque
1925 3777 2014 3830 di-

440 3863 599 3918 vinus
623 3863 919 3933 Apostolus
953 3864 1066 3920 haec
1102 3865 1264 3938 148
1291 3883 1388 3936 pro
1416 3867 1524 3924 illis
1551 3875 1810 3938 precatus
1841 3877 2011 3936 esset,

436 3952 591 4008 affert
619 3954 1078 4022 exhortationem,
1106 3971 1202 4011 eos
1252 3958 1345 4027 qui
1378 3973 1442 4012 ex
1473 3957 1727 4029 gentibus
1758 3959 2011 4013 credide-

435 4054 558 4101 rant
588 4047 748 4103 laude
806 4054 1167 4119 pro‘sequens,
1203 4056 1259 4104 et
1290 4048 1494 4103 validos
1545 4048 1841 4120 nominans
1884 4066 2013 4118 pro-

437 4147 554 4207 pter
592 4138 770 4192 fidem.

1078 4251 1384 4321 cav.xv.

507 4322 669 4395 Vens.
690 4340 801 4394 1-2.
827 4341 1078 4397 Debemus
1106 4351 1279 4397 autem
1311 4360 1404 4398 nos
1435 4345 1697 4413 ﬁrmiores
1739 4345 2014 4399 imbecilli-

434 4440 567 4486 tates
628 4431 958 4501 inﬁrmorum
1016 4434 1294 4496 sustinere,
1342 4441 1392 4487 et
1440 4435 1727 4488 nonnobis
1785 4435 2009 4501 placere.

2124 3230 2152 3281 6
2178 3227 2309 3289 Θεὸς
2345 3227 2389 3258 ³⁷
2420 3223 2769 3292 ὀνομάζεται,
2802 3220 3228 3291 μανθανέτωσαν
3265 3222 3348 3275 ὅτι
3372 3223 3401 3274 ὁ
3427 3222 3707 3294 Δεσπότης

2124 3317 2359 3391 Χριστὸς
2389 3317 2450 3371 ού
2508 3316 2670 3386 μόνον
2715 3313 2897 3384 σοφὸς,
2938 3313 3075 3367 ἀλλά
3126 3315 3219 3367 καὶ
3248 3314 3408 3383 σοφία
3438 3316 3702 3370 καλεῖται.

2124 3409 2188 3463 Et
2219 3410 2275 3463 δὲ
2324 3408 2527 3478 ταύτης
2558 3407 2603 3439 ⁸⁸
2634 3406 2913 3477 νομίζουσι
2946 3406 3048 3476 τῆς
3089 3405 3184 3459 τοῦ
3230 3408 3394 3477 σοφοῦ
3429 3425 3710 3478 προσηγοο

2127 3503 2252 3573 ρὶας
2289 3503 2615 3573 ἀποστερεῖν
2677 3500 2779 3578 τρν’
2822 3498 2969 3561 Υἱὸν,
3022 3499 3157 3571 μηδὲ
3210 3501 3479 3555 ἀθάνατον
3540 3505 3708 3557 αὐτὸν

2124 3592 2481 3645 καλεῖτωσαν.
2529 3591 2589 3643 '0
2634 3590 2742 3660 γὰρ
2790 3588 2952 3653 αὐτὸς
2994 3589 3313 3652 Ἀπόστολος
3340 3591 3385 3622 ²⁹
3431 3594 3559 3661 περὶ
3606 3592 3705 3645 τοῦ

2121 3682 2257 3737 Θεοῦ
2309 3698 2507 3754 φησιν·
2547 3699 2565 3732 ‹
2606 3680 2666 3734 '0
2696 3681 2855 3752 μόνος
2921 3681 3060 3751 ἔχων
3101 3681 3423 3735 ἀθανασίαν.
3474 3700 3492 3733 ι
3542 3683 3707 3738 ’Λλλά

2120 3774 2344 3839 τούτους
2390 3774 2779 3838 καταλιπόντες
2808 3773 3017 3844 ληρεῖν,
3067 3773 3164 3843 τῆς
3199 3772 3521 3838 ἀκολουθίας
3565 3776 3707 3845 ἐχώ-

2124 3869 2285 3939 μεθα.
2319 3866 2504 3921 Ταῦτα
2532 3865 2641 3936 γάρ
2674 3866 2855 3928 αὐτοῖς
2887 3866 3256 3934 ἐπευξάμενος
3280 3867 3308 3918 6
3347 3865 3487 3929 θεῖος
3543 3867 3703 3920 ’Λπό-

2124 3962 2333 4024 στολος,
2391 3957 2695 4031 προσφέρει
2751 3957 3093 4027 παραίνεσιν,
3129 3959 3409 4029 εὐφημίαν
3460 3960 3703 4028 ύφαίνων

2120 4056 2231 4118 τοῖς
2284 4051 2345 4117 ἐξ
2400 4049 2589 4112 ἐθνῶν,
2644 4047 2738 4101 καὶ¹
2791 4048 3051 4112 δυνατοὺς
3114 4049 3397 4120 ὀνομάζων
3449 4052 3539 4105 διὰ
3602 4052 3705 4121 τὴν

2123 4147 2322 4198 πίστιν.

2702 4255 2948 4310 ΚΕΦΑΛ.
2987 4255 3083 4307 ΙΕ’.

2194 4356 2262 4413 α’,
2293 4348 2357 4419 β’.
2411 4346 2750 4416 Ὀφείλομεν
2778 4347 2845 4399 δὲ
2869 4347 3039 4416 ἡμεῖς
3068 4351 3121 4401 ol
3151 4347 3395 4404 δυνατοὶ
3427 4352 3498 4405 τὰ
3522 4349 3703 4405 ἀσθε-

2122 4439 2359 4510 νήματα
2391 4436 2508 4491 τῶν
2562 4436 2876 4492 ἀδυνάτων
2914 4437 3259 4504 βαστάζειν,
3311 4439 3410 4492 καὶ
3441 4440 3525 4509 μὴ
3561 4439 3700 4495 ἐαυ-

428 4522 803 4595 Unusquisque
828 4535 1054 4579 vestrum
1075 4525 1318 4594 proximo
1355 4541 1450 4579 suo
1477 4527 1688 4606 placeat
1726 4527 1781 4579 in
1817 4527 2007 4580 bonum

2130 4500 2246 4597 reiq-
2307 4528 2607 4597 ἀρέσκειν.
2684 4500 2983 4594 ’Ἕκαστος
3055 4500 3366 4597 15115)?th
3426 4500 3700 4600 ,πλησίον

432 4617 500 4669 ad
529 4618 957 4689 aediﬁcationem.
990 4617 1119 4673 Scio
1143 4618 1290 4687 quod
1324 4617 1537 4672 validus
1566 4620 1664 4683 sis,
1697 4628 1749 4673 et
1778 4628 1832 4673 te
1873 4618 2008 4674 ﬁdes

2130 4622 2421 4691 ’ἱρεσκέτω
2460 4623 2548 4685 εὶς
2586 4619 2652 4673 τὸ
2695 4620 2922 4689 ἀγαθὸν
2957 4619 3109 4687 πρὸς
3159 4620 3501 4691 οἰκοδομήν.
3565 4619 3702 4679 Οἶδα

432 4717 707 4777 potentem
740 4710 1062 4765 reddiderit.
1097 4709 1203 4763 Sed
1235 4710 1428 4765 hortor
1456 4716 1508 4764 te
1543 4717 1601 4763 ut
1642 4709 1861 4764 infirmo
1890 4727 2006 4765 ma-

2130 4715 2191 4779 Ῑυς
2241 4714 2504 4786 ἔρρωσαι,
2560 4713 2655 4765 καὶ¹
2711 4710 2934 4765 δυνατόν
2971 4727 3032 4763 σε
3083 4712 3117 4782 ὴ
3156 4709 3339 4775 πίστις
3394 4711 3694 4782 ἀπέφηνεν.

428 4815 559 4854 num
593 4801 857 4870 prmbeas,
883 4807 937 4854 et
954 4815 1064 4855 non
1087 4801 1210 4854 tua‘
1234 4801 1412 4855 solum
1446 4815 1686 4871 quaeras,
1718 4801 1811 4856 sed
1840 4802 2007 4855 etiam

2130 4806 2288 4859 ’Λλλά
2333 4804 2634 4874 παρακαλῶ
2694 4819 2754 4855 σε
2802 4801 2989 4873 ὀρέξαι
3041 4805 3199 4873 χεῖρα
3247 4802 3324 4873 τῷ
3357 4803 3696 4866 ἀσθενοῦντι,

429 4889 663 4956 proximi
723 4891 1013 4943 utilitatem
1092 4905 1382 4960 procures.
1439 4890 1557 4946 Non
1624 4892 1763 4947 dixit
1822 4899 2008 4947 autem

2130 4899 2209 4952 mi
2243 4897 2318 4969 μὴ
2355 4898 2425 4949 τὰ
2482 4898 2656 4949 οἰκεῖα
2702 4894 2837 4964 μόνα
2870 4877 3074 4965 ζητεῖν,
3107 4895 3242 4947 ἀλλὰ
3282 4896 3373 4959 καὶ
3401 4895 3496 4949 τοῦ
3527 4897 3699 4960 πέλας

429 4980 778 5051 simpliciter.
802 4983 1052 5051 proximo
1076 4983 1312 5051 placere,
1341 4988 1458 5050 sed,
1497 4985 1551 5038 in
1570 4984 1789 5049 bonum,
1824 4993 1899 5047 et,
1936 4986 2004 5037 ad

2130 4991 2462 5064 ιηχανᾶσθαι
2506 4991 2603 5059 τὴν
2632 4987 2922 5056 ὠφέλειαν.
2974 4988 3086 5058 Ούχ
3131 4989 3316 5051 ἁπλῶς
3363 4989 3418 5041 δὲ
3449 4987 3571 5041 εἷπε
3616 4991 3697 5054 τῷ

426 5070 850 5139 wdiﬁcationem.
878 5073 1098 5127 Placere
1129 5073 1276 5127 enim
1306 5081 1485 5144 potest
1514 5076 1640 5144 quis
1670 5075 1720 5127 in
1745 5075 2004 5127 damuqu

2130 5083 2388 5150 πλησίον
2419 5079 2723 5148 ἀρέσκειν,
2741 5077 2876 5144 ἀλλ’,
2905 5077 3082 5142 εὶς-πὸ
3107 5078 3358 5145 ἀγαθὸν,
3393 5078 3511 5142 καὶ,
3543 5078 3696 5145 πρὸς

428 5177 587 5216 suum
621 5170 673 5216 et
696 5164 952 5232 proximi.
990 5163 1196 5218 Deinde
1230 5166 1540 5236 exemplum
1580 5184 1589 5219 :

2130 5172 2453 5239 >ὶκοδομήν.
2508 5170 2665 5222 Ἐστι
2715 5167 2824 5238 γὰρ
2871 5168 3128 5239 ἀρέσκειν
3159 5170 3253 5222 καὶ
3283 5168 3377 5220 ἐπὶ
3407 5168 3554 5239 λύμῃ
3599 5171 3696 5223 καὶ

2111 5262 2308 5317 ἑαυτοῦ
2341 5263 2438 5317 καὶ
2475 5259 2567 5313 τοῦ
2595 5258 2843 5330 πλησίον.
2874 5255 3007 5311 Εἶτα
3036 5257 3097 5311 τὸ
3128 5257 3479 5329 παράδειγμα
3499 5274 3512 5288 ·

2180 5386 2250 5447 γ’.
2286 5376 2396 5432 Καὶ
2422 5374 2532 5444 γὰρ
2563 5376 2595 5428 ὁ
2626 5372 2880 5442 Χριστὸς
2906 5373 3019 5440 οὺχ
3041 5370 3234 5437 ἐαυτῷ
3260 5371 3502 5440 ἤρεσεν,
3535 5369 3693 5423 ἀλλὰ
3761 5401 3770 5409 -

500 5381 664 5437 Vens.
694 5383 746 5435 5.
774 5381 981 5436 Etenim
998 5381 1237 5439 Christus
1257 5403 1360 5441 non
1388 5386 1489 5440 sibi
1504 5387 1727 5455 placuit,
1749 5392 1837 5439 sed
1862 5384 2001 5438 sicut
2034 5429 2040 5435 .

2110 5471 2305 5536 καθὼς
2328 5467 2669 5539 γέγραπται,
2695 5468 2762 5519 Ol
2789 5462 3118 5533 ὀνειδισμοὶ
3147 5462 3263 5517 τῶν
3289 5460 3691 5522 ὀνειδιζόντων

429 5474 680 5543 scriptum
707 5482 786 5527 est
815 5489 832 5527 :
870 5472 1197 5545 lmproperia
1230 5478 1698 5547 improperantium
1731 5476 1829 5530 tibi
1859 5477 1996 5530 ceci-

495 5592 524 5629 ε
565 5589 583 5642 ι
621 5588 764 5644 Tim.
799 5604 849 5643 τι
879 5630 894 5654 ,
932 5588 1019 5643 16.
1712 5649 1951 5706 VABUE
1994 5646 2397 5705 LECTIONES.

1672 5749 1716 5778 ‘9
1750 5749 1795 5798 Α
1809 5809 1820 5822 ⁸
1833 5741 2158 5803 Ἀπόστολος
2191 5734 2363 5803 οὗτος.

488 5751 531 5782 ’τ
556 5753 598 5804 Α
635 5750 781 5806 addit
814 5751 905 5804 καὶ
941 5753 1136 5817 πατῆρ.
1237 5750 1281 5783 ³⁸
1307 5749 1347 5801 Α
1379 5748 1554 5817 ταύτῃ
