4034 6398
344 628 349 629 γ
388 541 496 605 $69

1240 537 1854 600 INTERPRETATI’O
1892 536 2127 598 EPIST.
2167 536 2274 597 AD
2306 535 2490 597 ROM.
2523 537 2678 597 CAP.
2704 536 2826 597 XV.

3573 530 3678 597 218

390 673 460 711 σε
496 650 812 707 ἐπέπεσον
836 650 933 705 ἐπ’
962 651 1090 720 ἐμέ.
1134 652 1304 715 Αὐτὸς
1337 655 1446 723 γὰρ
1472 654 1500 705 6
1528 653 1803 723 Δεσπότης
1833 653 1894 705 οὐ
1929 652 1991 704 τὸ

2097 636 2287 704 derunt
2315 665 2472 719 super
2519 666 2619 703 me.
2684 648 2801 719 Ipse
2820 645 2965 700 cnim
2998 644 3263 700 Dominus
3293 658 3400 697 non
3430 648 3681 715 quaesivit

391 746 593 798 οἰκεῖον
623 742 921 814 ἐζήτησεν,
951 742 1071 796 ἀλλ’
1099 743 1239 814 ὑπὲρ
1285 745 1383 813 τῆς
1413 742 1688 814 ἡμετέρας
1718 742 1993 814 σωτηρίας

398 837 591 890 ἑαυτὸν
635 835 861 905 θανάτῳ
920 834 1265 906 παρέδωκεν.
1318 834 1613 904 ’Δκούομεν
1668 834 1779 906 γάρ
1827 834 1993 889 αὐτοῦ

400 929 544 999 ταρά
571 929 637 982 τὸ
671 927 848 992 πάθος
898 927 1338 999 προσευχομένου
1375 927 1472 982 καὶ
1503 926 1784 998 λώιοντος·
1833 946 1851 978 ι
1883 926 2024 984 Πάο.

401 1035 515 1090 τερ,
552 1019 607 1071 εί
636 1017 893 1080 δυνατὸν,
951 1016 1270 1090 παρελθέτω
1308 1017 1370 1071 τὸ
1408 1018 1667 1089 ποτήριον
1712 1015 1872 1070 τοῦτο
1897 1017 1992 1070 ἀπ’

396 1110 530 1180 ἐμοῦ
550 1129 567 1142 ο
602 1110 747 1182 πλὴν
771 1110 872 1180 οὐχ
896 1109 973 1173 ὡς
994 1108 1106 1177 ἐγὼ
1127 1108 1286 1172 θέλω,
1308 1108 1422 1162 ἀλλ’
1445 1109 1522 1172 ὡς
1557 1108 1641 1162 σύ.
1672 1128 1691 1159 ι
1741 1109 1995 1175 Ἐδέξατο

390 1204 449 1255 δὲ
482 1203 585 1256 καὶ
601 1202 717 1255 τῶν
760 1201 1035 1255 Ἰουδαίων
1057 1201 1158 1265 τὰς
1192 1200 1563 1271 βλασφημίας,
1600 1201 1694 1254 καὶ
1726 1199 1792 1264 ἀς
1823 1200 1989 1256 πάλαι

391 1293 469 1364 τῷ
525 1294 712 1364 Πατρὶ
755 1291 925 1346 αὑτοῦ
970 1293 1294 1364 προεξένουν
1350 1292 1686 1363 παρανόμως
1726 1291 1989 1363 βιοῦντες,

387 1383 625 1445 ταύταις
654 1384 965 1454 ἐχρήσαντο
998 1384 1117 1436 κατ’
1147 1381 1334 1436 αὐτοῦ.
1371 1374 1450 1436 OB
1487 1382 1551 1453 δὴ
1582 1382 1744 1454 χάριν
1769 1383 1865 1437 καὶ
1891 1384 1991 1454 τὴν

386 1475 751 1546 προφητικὴν
779 1474 1064 1546 παρέθηκε
1096 1475 1424 1547 μαρτυρίαν.

459 1566 527 1618 δ’.
574 1567 739 1619 Ὅσα
779 1567 892 1635 τὰρ
928 1566 1273 1636 προεγράφη
1296 1566 1364 1630 ³⁸,
1415 1568 1501 1633 είς
1540 1565 1658 1634 τὴν
1696 1565 1991 1636 ἡμετέραν

389 1652 812 1710 διδασκαλίαν
849 1654 1215 1724 προεγράφη,
1262 1655 1362 1709 ἵνα
1391 1654 1491 1710 διὰ
1534 1655 1645 1724 τῆς
1676 1656 1992 1725 ὑπομονῆς

386 1746 488 1799 καὶ
529 1745 647 1814 τῆς
694 1746 1139 1814 παρακλήσεως
1166 1745 1287 1801 τῶν
1322 1746 1582 1817 Γραφῶν
1612 1746 1741 1817 τὴν¹
1771 1748 1991 1802 ἐλπίδα

384 1832 646 1900 ἔχωμεν.
685 1833 803 1901 Τῆς
841 1832 1124 1903 ἡμετέρας
1159 1832 1425 1902 ὠφελείας
1470 1831 1924 1904 προμηθούμενος
1962 1835 1990 1887 6

384 1924 544 1989 Θεὸς,
582 1926 683 1977 καὶ
719 1924 1072 1979 διδασκαλίαν
1106 1926 1237 1996 ἡμῖν
1278 1923 1559 1994 ἔγγραφον
1599 1925 1984 1995 προσενήνοχε,

2098 742 2245 813 quod
2294 757 2456 799 suum
2511 747 2652 804 erat,
2683 740 2780 795 sed
2837 739 3080 809 seipsum
3123 752 3222 808 pro
3262 743 3455 793 nostra
3504 736 3682 793 salute

2061 850 2068 858 '
2096 832 2261 887 morti
2284 831 2524 888 tradidit.
2560 829 2831 885 Audimus
2844 830 2991 885 enim
3009 843 3134 883 eum
3164 842 3336 898 prope
3366 828 3680 897 passionem

2095 930 2342 977 orantem
2395 930 2451 979 et
2499 922 2777 978 dicentem
2822 936 2835 973 :
2882 938 2902 972 ι
2948 918 3132 984 Pater,
3165 918 3213 974 si
3271 918 3537 988 possibile
3566 926 3681 976 est.

2098 1025 2344 1071 transeat
2410 1030 2441 1068 a
2493 1028 2580 1069 me
2628 1013 2771 1068 calix
2820 1013 2976 1067 iste:
3019 1026 3208 1067 verum
3246 1027 3358 1066 non
3405 1012 3554 1067 sicut
3576 1026 3680 1081 ego

2090 1109 2241 1173 volo,
2276 1106 2373 1162 sed
2410 1107 2557 1161 sicut
2587 1113 2643 1159 tu
2667 1108 2717 1158 ιι.
2749 1122 2769 1156 ›
2798 1103 3112 1158 Judaeorum
3141 1118 3362 1172 quoque
3387 1102 3678 1156 maledicta

2095 1198 2379 1261 sustinuit,
2406 1205 2461 1252 et
2492 1211 2616 1266 quae
2640 1195 2775 1251 olim
2801 1195 2857 1248 in
2894 1192 3115 1248 Patrem
3146 1194 3272 1263 ejus
3302 1192 3679 1262 congerebant

2095 1291 2283 1360 inique
2307 1289 2577 1350 viventes,
2625 1285 2822 1341 iisdem
2858 1283 3125 1340 adversus
3178 1286 3359 1353 ipsum
3392 1284 3478 1337 usi
3524 1292 3677 1337 sunt.

2093 1379 2461 1447 Quamobrem
2515 1376 2680 1433 etiam
2750 1374 3129 1446 propheticum
3178 1373 3551 1429 testimonium
3580 1374 3679 1426 ad.

2090 1471 2245 1542 jecit.

2167 1560 2331 1617 Vens.
2361 1554 2415 1617 4.
2445 1558 2778 1630 Quaecunque
2809 1557 2946 1613 enim
2960 1557 3159 1624 scripta
3182 1564 3326 1618 sunt,
3345 1553 3413 1608 ad
3439 1563 3677 1607 nostram

2092 1654 2394 1708 doctrinam
2422 1654 2623 1721 scriptu
2660 1659 2807 1714 sunt,
2841 1659 2896 1702 ut
2918 1664 3011 1717 per
3058 1648 3372 1715 patientiam
3409 1655 3458 1699 et
3485 1662 3677 1700 tonso-

2092 1746 2341 1801 lationem
2369 1745 2770 1814 Scripturarum
2801 1758 2943 1811 spem
2973 1740 3279 1794 habeamus.
3302 1738 3444 1793 Deus
3477 1749 3677 1793 nostra)

2093 1837 2318 1893 utilitati
2355 1834 2720 1906 prospiciens,
2757 1841 2813 1888 et
2864 1832 3172 1888 doctrinam
3205 1831 3366 1886 nobis
3409 1830 3674 1899 scriptam

2092 1927 2351 1999 praebuit,
2384 1926 2546 1999 149
2592 1933 2646 1982 et
2676 1932 2992 1986 sanctorum
3054 1923 3404 1979 narrationes
3446 1921 3501 1977 in
3534 1921 3675 1978 scri-

386 2019 483 2068 καὶ
506 2018 576 2071 τά
606 2016 723 2069 τῶν
750 2016 925 2084 ἀγίων
956 2016 1274 2087 διηγήματα
1308 2018 1599 2087 συγγραφῇ
1640 2015 1983 2086 διετήρησεν.

2090 2018 2198 2089 ptis
2229 2018 2600 2073 conservavit.

458 2105 523 2162 ε’.
568 2107 635 2160 '0
664 2107 737 2160 δὲ
765 2108 910 2174 Θεὸς
934 2107 1045 2176 τῆς
1072 2106 1388 2177 ὑπομονῆς
1408 2106 1504 2160 καὶ
1535 2106 1646 2174 τῆς
1674 2106 1987 2176 παρακλή-

389 2213 545 2264 σεως
566 2196 695 2265 δῴη
730 2196 876 2267 ὑμῖν
894 2199 960 2251 τὸ
979 2197 1128 2251 αὐτὸ
1151 2197 1398 2267 φρονεῖν
1417 2196 1489 2250 ἐν
1512 2196 1810 2264 ἀλλήλοις
1839 2195 1989 2251 κατὰ

404 2288 654 2357 Ἰησοῦν
672 2289 956 2358 Χριστόν.
980 2288 1148 2342 Πάλιν
1161 2289 1407 2360 τῇ,κατὰ
1425 2287 1685 2356 Χριστὸν
1713 2288 1983 2359 Ἰησοῦν,

393 2378 685 2451 προσθήκῃ
724 2378 1000 2445 διδάσκει,
1049 2378 1127 2442 ὡς
1183 2379 1283 2431 οὐκ
1335 2378 1606 2448 ἀορίστως
1652 2379 1837 2442 αὐτοῖς
1888 2379 1988 2451 τὴν

392 2470 651 2540 ὁμόνοιαν
700 2469 963 2538 γενέσθαι
1015 2470 1399 2541 προσεύχεται,
1452 2469 1589 2524 ἀλλὰ
1637 2470 1739 2542 τὴν
1786 2471 1987 2543 εὐσεϐῆ

394 2562 721 2631 συμφωνίαν
746 2564 931 2616 .αίτεῖ.
988 2563 1067 2634 Τῇ
1101 2561 1158 2616 δὲ
1207 2563 1398 2637 μνήμῃ
1424 2565 1525 2634 τῆς
1567 2565 1847 2638 ὑπομονῆς
1893 2571 1990 2622 καὶ

390 2652 488 2722 τῆς
519 2653 932 2726 παρακλήσεως
967 2655 1062 2707 καὶ
1105 2653 1196 2708 τὸν
1257 2655 1385 2726 περὶ
1436 2656 1534 2727 τῆς
1586 2658 1806 2728 ἀγάπης
1856 2677 1987 2713 συν-

391 2747 658 2827 εισήγαγε
681 2745 869 2814 λόγον,
896 2746 985 2801 ἶνα
1004 2746 1178 2819 ταύτῃ
1206 2746 1571 2819 κοσμούμενοι
1604 2747 1674 2803 τά
1693 2749 1787 2804 τοῦ
1818 2750 1987 2815 mila;

392 2837 635 2909 φέρωσιν
684 2836 1075 2907 ἐλαττώματα,
1132 2840 1225 2893 καὶ
1249 2839 1336 2894 διά
1396 2840 1726 2913 συμϐουλῆς,
1775 2842 1871 2896 καὶ
1898 2843 1987 2898 διά

393 2928 827 3000 ⁸παρακλήσεως,
850 2930 941 2982 ἐπὶ
972 2929 1073 3001 τήν
1095 2929 1413 3000 τελειότητα
1445 2930 1775 3002 ποδηγιῖηιν.

459 3026 537 3083 ς’.
578 3021 711 3075 Ἵνα
742 3020 1130 3090 ὁμοθυμαδὸν
1164 3022 1234 3075 ἐν
1284 3021 1375 3075 ἐνὶ
1405 3024 1661 3092 στόματι
1700 3023 1987 3091 δοξάζητε

389 3113 497 3163 τὸν
528 3111 687 3167 Θεὸν
733 3112 835 3166 καί
865 3112 1100 3183 Πατέρα
1139 3114 1248 3169 τοῦ
1293 3115 1519 3184 Κυρίου
1554 3113 1725 3184 ἡμῶν
1783 3115 1986 3183 Ἰησοῦ

389 3200 673 3268 Χριστοῦ.
717 3201 783 3254 Ἥ
792 3200 912 3272 μῶν
938 3202 1072 3256 Θεὸν
1109 3202 1337 3257 ἐκάλεσε
1367 3205 1460 3258 τὸν
1484 3204 1636 3274 Θεὸν⁹
1666 3202 1759 3257 τοῦ
1786 3203 1843 3257 δὲ
1877 3206 1987 3257 Κυ-

389 3293 505 3362 ρίου
547 3291 732 3362 Ἰησοῦ
764 3292 1017 3366 Πατέρα·
1053 3297 1083 3349 6
1114 3295 1223 3367 γὰρ
1254 3295 1472 3349 πάντων
1499 3294 1660 3366 ήμῶν
1701 3294 1855 3360 Θεὸς,
1887 3296 1986 3348 αύ-

392 3384 482 3437 τοῦ
522 3385 743 3456 Πατήρ.
1101 3378 1123 3401 ’⁸
1608 3432 1616 3439 .

458 3477 523 3540 ζ’.
559 3477 664 3530 Διὸ
693 3476 1244 3546 προσλαμσάνεσθε
1284 3479 1624 3549 ἀλλήλους,
1662 3480 1856 3548 καθὼς
1885 3481 1987 3535 καί

401 3569 430 3619 ό
463 3568 717 3635 Χριστὸς
771 3568 1181 3640 προσελάϐετο
1233 3570 1393 3640 ἡμᾶς
1423 3574 1513 3637 εις
1560 3571 1753 3637 δόξαν
1810 3574 1982 3629 Θεοῦ.

406 3658 510 3710 Καὶ
535 3661 562 3711 6
592 3659 881 3731 Δεσπότης
920 3661 1179 3730 Χριστὸς,
1211 3662 1273 3715 οὐ
1297 3661 1539 3727 δικαίους
1577 3664 1734 3729 ὄντας
1763 3665 1989 3736 ήγάπη-

407 3767 513 3816 σεν,
540 3753 652 3807 ἀλλ’
705 3754 1071 3826 ἁμαρτωλοὺς
1119 3755 1299 3811 λαϐὼν
1351 3757 1659 3813 ἐδικαίωσε.
1710 3759 1988 3831 Προσήκει

395 3844 565 3899 τοίνυν
587 3844 687 3901 καὶ
722 3845 873 3916 ὑμᾶς
914 3846 1105 3920 φέρειν
1131 3847 1241 3901 τῶν
1273 3848 1517 3917 ἀδελφῶν
1542 3849 1645 3921 τὴν
1677 3850 1985 3915 ἀσθένειαν,

390 3937 481 3989 καὶ
506 3939 690 3993 πάντα
717 3938 865 4009 ὑπὲρ
890 3939 987 4009 τῆς
1019 3938 1243 3993 ἐκείνων
1274 3939 1764 4012 πραγματεύεσθαι
1808 3959 1989 4013 σωτη-

389 4029 534 4099 ρίας.
585 4032 812 4105 Ἐπειδὴ
850 4033 909 4086 δὲ
937 4035 987 4085 oi
1024 4032 1083 4099 ἐξ
1126 4034 1393 4088 Ἰουδαίων
1435 4035 1860 4099 πεπιστευκότες
1892 4037 1989 4091 καὶ

385 4120 482 4174 τοῦ
510 4122 728 4194 Κυρίου
767 4122 868 4194 τὴν
912 4125 1220 4196 περιτομὴν
1270 4123 1686 4197 προεϐάλλοντο,
1738 4125 1989 4196 λέγοντες

386 4214 484 4267 καὶ
536 4215 707 4268 αὑτὸν
734 4214 839 4286 τὴν
890 4215 1034 4270 κατά
1073 4216 1239 4287 νόμον
1286 4216 1642 4270 ἀσπάσασθαι
1685 4216 1984 4283 πολιτείαν,

387 4305 676 4379 προῦργου
721 4307 1014 4379 νενόμικεν
1062 4308 1093 4361 6
1137 4307 1280 4372 θεῖος
1333 4308 1656 4374 ’Δπόστολος
1709 4311 1807 4366 καὶ
1859 4307 1999 4383 περι

384 4402 581 4454 τούτου
611 4399 687 4453 τὰ
717 4401 1067 4472 προσήκοντα
1096 4400 1326 4471 γράψαι,
1357 4401 1452 4453 καί
1487 4416 1653 4473 φησι’

457 4497 531 4563 η’.
577 4492 645 4546 θ’.
688 4491 857 4561 Λέγω
886 4491 955 4545 δὲ
984 4495 1245 4562 Χριστὸν
1289 4484 1532 4559 Ἰησοῦν
1566 4493 1853 4549 διάκονον
1889 4511 1985 4565 γε·

388 4581 687 4652 γενῆσθαι
719 4582 1050 4653 περιτομῆς
1076 4583 1233 4653 ὑπὲρ
1261 4584 1551 4653 ἀληθείας
1590 4585 1760 4651 Θεοῦ,
1802 4589 1892 4652 εἰς
1919 4586 1985 4641 τὸ

2161 2106 2327 2165 Vens.
2361 2108 2414 2163 5.
2445 2106 2581 2162 Deus
2611 2117 2789 2160 autent
2833 2105 3105 2175 patientia:
3133 2117 3180 2159 et
3208 2105 3388 2159 solatii
3412 2103 3498 2158 det
3530 2103 3672 2158 vobis

2088 2199 2144 2255 id
2162 2200 2337 2271 ipsum
2363 2214 2550 2268 sapere
2573 2197 2625 2251 in
2645 2197 2959 2251 alterutrum
2990 2194 3275 2251 secundum
3301 2194 3485 2249 Jesum
3514 2195 3673 2250 Chri-

2087 2303 2254 2349 stum.
2288 2291 2507 2348 Rursus
2569 2291 2783 2347 addens
2837 2289 3123 2345 secundum
3168 2288 3436 2345 Christum
3460 2287 3668 2353 Iesum,

2086 2382 2332 2438 ostendit
2363 2396 2425 2438 se
2452 2396 2562 2435 non
2598 2381 2886 2435 indelinite
2915 2381 3025 2435 illis
3051 2380 3401 2435 concordiam
3434 2381 3665 2450 precari.

2089 2474 2185 2531 sed
2213 2475 2360 2545 piam
2393 2473 2817 2528 consensionem
2844 2472 3143 2542 postulare.
3176 2471 3295 2527 Una
3332 2480 3513 2527 autem
3542 2486 3671 2525 cum.

2088 2568 2367 2638 patientia:
2394 2575 2449 2622 et
2500 2565 2895 2621 consolationis
2929 2565 3206 2620 mentione
3258 2579 3568 2620 sermonem
3602 2563 3673 2619 de

2086 2658 2358 2715 charitate
2389 2657 2694 2730 conjunxit,
2737 2665 2798 2712 ut
2853 2671 2917 2713 ea
2963 2656 3163 2712 ornati'
3196 2664 3250 2712 et
3292 2657 3525 2727 proximi
3574 2656 3671 2711 de-

2090 2751 2267 2807 fectus
2294 2750 2492 2816 ferant,
2550 2758 2606 2807 et
2636 2750 2875 2807 consilio
2905 2764 2970 2805 ac
3002 2748 3391 2805 exhortatione
3440 2749 3505 2803 ad
3540 2762 3669 2817 per-

2090 2843 2383 2901 fectionem
2419 2843 2715 2899 deducant.

2162 3044 2328 3100 Vens.
2363 3045 2417 3100 6.
2458 3042 2525 3098 Ut
2548 3042 2826 3099 unanimes
2854 3058 2959 3097 uno
2996 3057 3085 3096 ore
3114 3040 3472 3111 honori/iactis
3507 3039 3671 3094 Deum

2088 3148 2138 3193 et
2170 3136 2388 3191 Patrem
2419 3135 2634 3191 Domini
2692 3136 2859 3191 nostri
2917 3134 3046 3189 Jesu
3093 3133 3315 3190 Christi.
3371 3132 3537 3187 Deum
3573 3147 3673 3187 no-

2091 3236 2266 3285 strum
2294 3228 2589 3298 appellavit
2612 3226 2803 3293 Deum,
2836 3225 3046 3281 Domini
3081 3236 3259 3280 autem
3285 3223 3411 3280 Jesu
3429 3222 3670 3281 Patrem.

2015 3350 2058 3407 δ
2090 3319 2347 3375 Omnium
2374 3319 2520 3374 enim
2557 3326 2807 3374 nostrum
2847 3316 3017 3383 Deus,
3056 3316 3230 3387 ipsius
3259 3323 3343 3372 cst
3378 3313 3559 3370 Pater.

2164 3490 2331 3545 Vens.
2366 3491 2417 3543 7.
2455 3488 2675 3557 Propter
2695 3487 2833 3559 quod
2872 3488 3123 3556 suscipite
3155 3487 3393 3551 invicem,
3454 3486 3590 3539 sicut
3622 3490 3673 3538 et

2092 3579 2338 3634 Christus
2385 3579 2611 3647 suscepit
2662 3593 2750 3632 vos
2812 3577 2871 3631 in
2928 3576 3176 3632 honorem
3233 3575 3350 3631 Dei.
3412 3573 3674 3630 Christus

2091 3688 2310 3743 quoque
2332 3672 2612 3736 Dominus,
2642 3671 3067 3741 haudquaquam
3098 3669 3670 3740 cumjustiessemus,

2092 3782 2193 3821 nos
2247 3763 2470 3829 amavit,
2503 3762 2601 3819 sed
2670 3774 2935 3832 tanquam
2990 3769 3310 3831 peccatores
3387 3760 3673 3831 accipiens

2087 3856 2429 3927 justilicavit.
2462 3855 2689 3924 Oportet
2718 3856 2904 3924 itaque
2958 3868 3054 3908 vos
3093 3868 3312 3923 quoque
3366 3852 3512 3909 ferre
3558 3853 3671 3907 fra-

2092 3958 2239 4004 trum
2271 3946 2667 4012 inﬁrmitatem,
2716 3953 2771 3999 et
2816 3944 3000 4000 omnia
3062 3959 3161 4013 pro
3207 3944 3428 3998 illorum
3494 3944 3674 3999 salute

2092 4039 2292 4096 moliri.
2337 4036 2478 4104 Quia
2530 4043 2735 4104 autem,
2787 4032 2993 4107 qui'ex
3050 4032 3255 4090 Judaeis
3293 4033 3669 4098 crediderant,

2094 4130 2306 4185 Domini
2334 4128 2810 4185 circumcisionem
2833 4126 3197 4197 'objiciebant,
3219 4126 3461 4182 dicentes
3491 4126 3670 4197 ipsum

2092 4232 2315 4289 quoque
2337 4217 2566 4288 legalem
2595 4215 2814 4271 vivendi
2849 4217 3120 4269 rationem
3173 4217 3484 4286 amplexum
3524 4231 3669 4283 esse,

2089 4323 2275 4378 operae
2332 4307 2573 4377 pretium
2619 4305 2964 4362 existimavit
3009 4304 3233 4361 divinus
3281 4307 3577 4375 Apostolus
3605 4307 3673 4363 dc

2092 4403 2199 4456 hoc
2228 4402 2393 4455 etiam
2420 4413 2665 4469 congrua
2690 4398 2959 4463 scribere,
2988 4408 3042 4453 et
3065 4398 3200 4453 dicit
3232 4415 3245 4451 :

2162 4491 2328 4549 Vens.
2350 4493 2403 4556 8,
2429 4492 2480 4548 9.
2499 4492 2629 4547 Dico
2647 4503 2820 4549 autem
2846 4492 3115 4549 Christum
3137 4491 3321 4547 Jesum
3338 4494 3502 4562 fuisse
3518 4494 3674 4547 mini-

2092 4596 2262 4639 strum
2286 4585 2705 4640 circumcisionis
2728 4601 2823 4655 pro
2853 4586 3071 4639 veritate
3099 4582 3211 4650 Dei,
3249 4583 3317 4637 ad
3347 4585 3672 4652 conﬁrmau-

383 4674 722 4740 ,βεϐαιῶσαι
778 4677 887 4743 τὰς
928 4676 1295 4747 ἐπαγγελίας
1319 4677 1443 4730 τῶν
1474 4678 1770 4745 πατέρων·
1802 4680 1875 4733 τὰ
1914 4678 1984 4732 δὲ

2088 4677 2190 4732 das
2224 4678 2599 4747 promissiones
2653 4687 2865 4745 patrum
2896 4693 2912 4729 :
2938 4686 3119 4745 yentes
3164 4684 3337 4728 autem
3377 4690 3534 4743 super
3565 4676 3671 4728 mi-

385 4765 532 4833 ἐθνη
564 4765 724 4836 ὑπὲρ
747 4765 921 4821 ἐλέου
949 4765 1205 4831 δοξάσαι
1226 4766 1335 4822 τὸν
1358 4769 1528 4823 Θεόν.
1575 4768 1876 4840 ’Υπέσχετο
1902 4770 1982 4840 τῷ

399 4855 660 4927 ’Δϐραάμ
690 4859 721 4909 6
769 4856 879 4909 τῶν
909 4857 1050 4910 ὅλων
1094 4856 1247 4922 Θεὸς,
1282 4856 1343 4911 ὲν
1380 4856 1460 4928 τῷ
1506 4858 1783 4929 σπέρματι
1814 4858 1980 4912 αὑτοῦ

385 4946 711 5020 εὐλογήσειν
743 4947 816 5001 τὰ
841 4946 973 5018 ἔθνη
989 4964 1003 4979 ’
1035 4946 1258 5015 ἐδέξατο
1274 4948 1332 5002 δὲ
1356 4948 1449 5003 καὶ
1479 4948 1641 5012 αὐτὸς
1661 4949 1690 5002 6
1715 4949 1982 5020 πατριάρ-

384 5057 513 5111 χης.
562 5039 665 5094 καὶ
707 5040 820 5093 πᾶν
856 5039 918 5093 τὸ
972 5039 1183 5093 ἐκείνου
1224 5040 1404 5107 γένος,
1452 5040 1553 5111 τῆς
1589 5042 1889 5113 περιτομῆς
1919 5044 1982 5096 τὸ

383 5134 643 5203 σημεῖον.
681 5131 829 5185 Ἔδει
856 5131 1037 5185 τοίνυν
1082 5132 1179 5185 καὶ
1221 5132 1312 5185 τὸν
1340 5132 1553 5186 ἐκείνου
1584 5132 1806 5204 σπέρμα
1840 5135 1981 5188 κατά

383 5223 572 5293 σάρκα
614 5220 1190 5292 προσαγορευόμενον,
1228 5221 1325 5275 καὶ
1352 5223 1466 5285 τοῖς
1494 5220 1673 5275 ἔθνεσι
1700 5223 1799 5293 τὴν
1826 5224 1982 5276 εὐλο-

389 5313 514 5380 γίαν
560 5310 906 5381 ﬁndimus,
951 5310 1099 5381 ἔχειν
1129 5312 1193 5365 τὸ
1222 5314 1450 5383 σημεῖον
1487 5314 1588 5383 τῆς
1641 5315 1979 5383 συγγενείας,

385 5401 476 5455 ίνα
508 5399 700 5471 δειχθῇ
727 5402 915 5469 σαφῶς
956 5403 989 5472 ή
1021 5405 1120 5473 τῆς
1165 5403 1318 5467 θείας
1354 5403 1686 5472 ἐπαγγελίας
1729 5406 1978 5477 ἀλήθεια,

385 5494 479 5545 καὶ
509 5493 618 5562 τὴν
643 5494 805 5563 χάριν
846 5493 917 5547 τά
942 5492 1069 5566 ἔθνη
1098 5495 1371 5566 δεξάμενα
1401 5496 1618 5567 ὑμνήσῃ
1650 5497 1749 5566 τῆς
1790 5498 1980 5567 φιλαν-

385 5581 641 5651 θρωπίας
679 5582 774 5635 τὸν
832 5583 1089 5653 χορηγόν.
1160 5580 1289 5637 Εἶτα
1357 5585 1395 5635 Γ
1402 5588 1660 5655 ραφικαίς
1714 5588 1979 5657 κέχρηται

447 5720 477 5757 ι
522 5716 722 5772 Matth.
756 5734 905 5786 sxw,
976 5719 1064 5773 39.

2089 4770 2379 4825 sericordia
2404 4768 2667 4823 honorare
2719 4768 2906 4823 Deum.
2948 4766 3235 4823 Pollicitus
3270 4775 3355 4822 est
3383 4767 3675 4822 universo-
3760 4840 3767 4853 λ

2046 4918 2052 4923 ,
2090 4853 2388 4917 rum'Deus
2410 4861 2745 4925 Abrahamo,
2775 4875 2835 4916 se
2862 4876 2959 4931 per
2987 4875 3173 4916 semen
3207 4859 3328 4929 eius
3350 4858 3672 4914 benedictu-

2092 4967 2211 5006 rum
2243 4951 2500 5023 gentibus
2536 4969 2549 5006 :
2588 4951 2804 5021 accepit
2848 4960 3031 5006 autem
3062 4960 3116 5005 et
3171 4950 3290 5021 ipsc
3334 4948 3668 5019 patriarcha,

2089 5052 2145 5098 et
2168 5048 2342 5097 totum
2365 5040 2514 5096 illius
2539 5055 2737 5111 genus,
2765 5039 3213 5095 circumcisionis
3246 5036 3672 5109 signum.0por-

2091 5135 2239 5190 tehat
2265 5131 2426 5202 150
2444 5146 2576 5203 ergo
2605 5131 2772 5187 etiam
2796 5145 2948 5197 eum,
2966 5129 3061 5200 qui
3088 5142 3273 5184 semen
3306 5126 3453 5181 illius
3471 5141 3671 5181 secun-

2087 5226 2219 5280 dum
2241 5237 2468 5280 carnem
2516 5222 2745 5291 dicitur,
2806 5222 3176 5292 gentibusque
3226 5216 3669 5274 benedictionem

2087 5316 2496 5381 subministrat,
2527 5314 2731 5370 habere
2747 5314 2964 5386 signum
2983 5312 3354 5385 cognationis,
3381 5320 3441 5366 ut
3470 5312 3671 5368 divinae

2088 5403 2477 5475 promissionis
2516 5403 2718 5459 veritas
2759 5409 2949 5472 aperte
3002 5402 3349 5465 ostendatur,
3381 5408 3435 5456 ct
3457 5409 3669 5471 gentes,

2086 5512 2209 5567 quae
2232 5497 2465 5568 gratiam
2497 5503 2883 5566 susceperunt,
2916 5495 3177 5551 laudibus
3206 5494 3485 5550 celebrent
3510 5493 3668 5548 bene-

2090 5589 2323 5644 ﬁcentia:
2363 5588 2697 5658 largitorem.
2736 5586 2939 5644 Deinde
2970 5588 3142 5644 utitur
3168 5585 3468 5658 Seriplurae
3510 5583 3663 5643 testi-

1725 5837 1952 5893 VAlil/E
1996 5833 2399 5895 LECTIONES.

466 5956 512 5987 “’
553 5955 931 6009 Tlmmlorclus
960 5956 1021 6009 ad
1062 5956 1193 6011 Dan.
1235 5973 1291 6021 ιι,
1331 5957 1417 6022 49,
1457 5958 1555 6011 ὃσα
1587 5956 1638 6010 δὲ
1682 5971 1925 6025 προεγρη
1956 5972 2017 6018 κ.
2051 5970 2097 6007 τ.

2133 5954 2181 6006 λ.
