4034 6430
533 443 644 510 219

1516 447 2007 508 THEODORETL
2032 444 2371 508 EPISCOPI
2408 447 2774 509 CYRENSIS
2832 510 2833 513 η

3692 436 3805 499 220

527 576 751 629 quoque
785 561 1073 617 diaconam
1100 562 1350 626 haberet,
1377 577 1611 631 eamque
1644 562 1903 633 inclytam
1941 570 1994 616 et
2024 574 2113 615 ce-

2227 562 2474 617 τοσοῦτον
2527 558 2597 633 ἦν
2652 562 2755 631 τῆς
2819 559 2927 614 τῶν
2981 553 3281 628 Κεγχρεῶν
3356 550 3685 622 Ἑκκλησίας
3737 549 3807 604 τὸ

529 649 757 707 Ιυίινοιιι.
813 650 1004 709 Tantis
1066 654 1211 709 enim
1271 653 1589 708 abundabat
1641 661 1791 708 recte
1833 652 2107 707 factorum

530 741 755 809 opibus,
782 750 840 796 ut
875 742 1011 797 tales
1041 759 1071 796 a
1095 743 1278 813 lingua
1318 742 1621 812 apostolica
1668 743 1857 797 laudes
1895 741 2110 796 obtine-

531 838 615 884 ret
644 852 656 886 :
692 826 902 886 Etenim
930 835 1043 902 ipsa
1073 850 1275 904 quoque
1303 835 1474 887 astitit
1505 834 1710 898 multis,
1740 842 1791 886 et
1820 832 1948 885 mihi
1986 832 2108 899 ipsi.

530 922 787 979 Astitisse
812 935 1021 990 autem,
1041 936 1097 979 ut
1121 933 1272 995 puto,
1287 926 1444 989 dixit,
1461 926 1607 997 quod
1638 926 1693 979 in
1715 940 1842 979 eum
1865 925 2111 993 hospita-

533 1010 600 1066 lis
633 1011 819 1074 fuerit,
858 1013 1090 1083 ejusque
1135 1029 1324 1069 curam
1372 1006 1531 1085 157
1563 1014 1817 1085 gesserit.
1850 1014 2112 1083 Multipli-

533 1103 689 1158 cibus
722 1120 853 1176 ergo
878 1122 998 1160 eam
1029 1107 1285 1161 laudibus
1320 1115 1724 1162 remuneratur.
1749 1105 1846 1160 Illa
1862 1107 2031 1173 enim,
2054 1114 2114 1161 ut

532 1203 618 1250 est
642 1196 966 1261 verisimile,
995 1214 1121 1252 eum
1156 1214 1322 1252 unam
1357 1200 1412 1253 in
1441 1200 1663 1253 domum
1700 1207 2116 1269 susceperat,et

533 1288 602 1341 ad
634 1289 894 1358 exiguum
930 1298 1170 1360 tempus,
1200 1291 1253 1345 id
1289 1291 1506 1345 scilicet
1544 1308 1655 1362 quo
1702 1291 1957 1347 Corinthi
1990 1310 2114 1348 ver-

534 1386 690 1432 satus
722 1385 826 1432 est.
868 1380 988 1448 Ipse
1030 1390 1213 1435 autem
1244 1383 1293 1437 ei
1340 1390 1614 1437 terrarum
1652 1382 1840 1438 orbem
1876 1386 2112 1454 aperuit,

536 1478 590 1522 et
619 1469 673 1523 in
701 1470 962 1526 universa
994 1481 1140 1526 terra
1175 1472 1421 1543 marique
1466 1473 1701 1529 celebris
1751 1474 1948 1529 mulier
1971 1474 2118 1529 facta

539 1569 622 1615 (-st
654 1581 666 1615 :
701 1577 801 1616 nec
846 1577 965 1617 eam
1001 1565 1102 1618 soli
1138 1563 1375 1619 Romani
1405 1575 1460 1620 et
1505 1565 1679 1621 ϐιαεεοί
1714 1576 2115 1639 cognoverunt,

541 1650 639 1706 scd
671 1654 834 1706 ctiam
892 1652 1118 1709 Barbari
1178 1671 1394 1712 omnes.
1428 1658 1524 1712 llla
1555 1666 1773 1724 autem,
1801 1659 1962 1729 cujus
1999 1671 2121 1729 post

539 1744 683 1797 hanc
714 1745 984 1811 meminit,
1008 1747 1147 1802 hanc
1169 1748 1342 1818 ipsam
1375 1750 1533 1806 valde
1561 1750 1862 1820 superavit.
1896 1751 2122 1807 Priscil-

538 1833 644 1886 lam
671 1834 951 1899 enim,seu
983 1837 1226 1898 Priscum
1256 1839 1574 1909 (utrumque
1604 1842 1658 1896 in
1686 1842 1844 1899 libris
1876 1843 2121 1899 inVenire

537 1926 664 1994 est).
693 1937 745 1981 et
781 1928 1034 1994 Aquilam
1087 1930 1372 1999 adjutores
1426 1934 1699 2003 appellat,
1738 1944 1793 1989 et
1826 1935 2020 1991 addit:
2052 1935 2121 1990 In

541 2014 753 2071 Christo
771 2016 920 2085 Jesu,
946 2037 1012 2075 ne
1043 2022 1168 2092 quis
1197 2038 1318 2077 eum
1338 2025 1616 2081 existimet
1643 2026 1779 2081 artis
1803 2028 2121 2084 societatem

542 2112 1091 2181 signiticare:erant
1153 2118 1299 2172 enim
1361 2126 1416 2173 et
1477 2119 1570 2175 isti
1630 2120 2121 2177 tabernaculorum

539 2202 782 2271 opiﬁces.
820 2202 957 2261 Dicit
987 2214 1169 2263 autem
1203 2208 1355 2264 aliud
1406 2226 1628 2285 quoque
1666 2215 1966 2269 maximum
2001 2229 2125 2270 cer-

542 2304 746 2351 tamen.

614 2467 781 2526 Vnus.
817 2473 870 2527 4.
905 2471 1010 2539 Qui
1033 2492 1128 2545 pro
1159 2476 1342 2531 anima
1374 2494 1492 2532 mea
1518 2497 1646 2533 suas
1677 2481 1902 2536 ceruices
1928 2497 2127 2551 suppo-

541 2574 781 2619 suerunt.
807 2558 873 2619 Et
902 2565 1120 2636 privato
1147 2582 1248 2623 suo
1279 2584 1572 2625 commune
1609 2569 1856 2625 adnectit
1883 2589 1897 2625 :
1924 2572 2125 2639 Quibus

543 2671 646 2709 non
675 2656 821 2710 solus
879 2673 969 2725 ego
1027 2659 1231 2728 gratias
1266 2676 1386 2730 ago,
1419 2660 1510 2715 sed
1559 2672 1611 2716 et
1641 2672 1843 2718 cuncta:
1870 2662 2126 2719 Ecclesia:

542 2748 793 2812 gentium.
851 2747 1028 2803 Aliam
1093 2764 1319 2821 quoque
1374 2751 1536 2807 laude
1594 2752 1815 2823 dignam
1861 2753 2123 2811 virtutem

543 2835 778 2906 profert.
810 2836 1026 2893 Salutat
1060 2840 1209 2896 enim
1358 2896 1373 2912 ,

615 2925 779 2985 Vens.
813 2931 866 2986 5.
894 2930 963 2985 Et
1001 2932 1344 2988 domesticam
1395 2933 1671 2989 ecclesiam
1697 2954 1898 2991 eorum.
1931 2937 2126 2993 Decla-

545 3026 630 3073 rat
659 3030 842 3075 autem
864 3023 1042 3078 oratio
1067 3023 1398 3086 eminentem
1422 3038 1612 3079 eorum
1634 3022 2124 3095 pietatem.0mnes

542 3109 713 3175 enim,
753 3117 814 3164 ut
837 3110 1154 3167 verisimile
1182 3122 1287 3181 est,
1323 3115 1658 3172 domesticos
1682 3130 1816 3171 suos
1850 3130 2121 3172 summam

540 3209 597 3256 et
635 3201 947 3257 absolutam
978 3203 1239 3263 virtutem
1294 3206 1650 3272 edocuerant,
1687 3216 1744 3264 et
1786 3208 1972 3262 divina
2003 3222 2123 3279 my-

540 3290 713 3346 steria
754 3279 904 3347 intus
943 3292 1195 3349 studiose
1230 3297 1586 3368 peragebant.
1643 3292 1849 3354 Horum
1900 3297 2123 3353 divinus

539 3378 961 3449 quoque'Lucas
984 3383 1230 3438 meminit
1255 3382 1302 3446 ῐ,
1319 3385 1587 3459 docetque
1603 3387 1880 3459 quomodo
1898 3385 2124 3458 Apollo-

542 3484 668 3525 nem
694 3469 760 3522 ad
783 3471 1071 3527 veritatem
1099 3472 1447 3531 deduxerint.

614 3558 860 3615 Salutate
883 3560 1187 3630 Epwnetum
1208 3564 1455 3622 dilectum
1485 3569 1634 3635 mihi,
1654 3575 1843 3644 quiest
1868 3576 2122 3645 primitiae

541 3649 758 3706 Achaia:
803 3652 858 3706 in
890 3646 1149 3709 'Clm'sto.
1202 3653 1443 3727 Primus,
1481 3670 1541 3714 ut
1589 3670 1856 3733 apparet,
1890 3680 1955 3719 ex
2006 3675 2120 3721 tota

540 3751 705 3813 gente
735 3745 987 3803 credidit.
1014 3746 1173 3804 Unde
1209 3756 1263 3805 et
1289 3750 1654 3821 prituitiarum
1691 3754 2120 3824 appellationem

541 3835 774 3892 sortitus
808 3845 912 3892 est.

608 4008 780 4068 Vens.
810 4010 862 4067 6.
898 4011 1145 4067 Salutate
1177 4010 1427 4085 Uarium,
1457 4033 1573 4087 qua:
1606 4019 1833 4073 multum
1862 4021 2122 4079 laboravit

537 4104 594 4157 in
630 4102 794 4174 158
845 4103 1013 4158 nobis.
1047 4103 1167 4161 Alia
1221 4123 1419 4166 rursus
1465 4111 1683 4178 mulier,
1723 4128 1848 4183 quae
1897 4127 2123 4189 prOpter

538 4209 671 4249 suos
698 4194 912 4248 labores
944 4205 1261 4254 coronatur.

609 4280 779 4336 Vnus.
806 4283 858 4336 7.
893 4282 1134 4340 Salutate
1155 4289 1512 4343 Andronicum
1543 4301 1593 4344 et
1620 4291 1840 4349 Juniam
1870 4313 2121 4368 cognatos

536 4382 588 4425 et
624 4374 956 4444 concaptivos
978 4394 1139 4442 meos,
1166 4380 1257 4448 qui
1284 4388 1407 4434 sunt
1432 4379 1631 4435 nobiles
1654 4382 1709 4437 in
1732 4388 2008 4453 apostolis,
2032 4391 2124 4459 qui

508 4474 589 4516 ιρι
624 4474 746 4520 ante
769 4483 847 4521 me
874 4467 1087 4537 fuerunt
1121 4470 1175 4525 in
1197 4470 1430 4527 Christo.
1454 4471 1620 4526 Multa
1648 4473 1811 4529 simul
1839 4482 2116 4536 encomia:

2214 652 2492 723 σύστημα,
2526 654 2601 716 ὼς
2629 653 2725 707 καὶ
2755 652 2994 719 γυναῖκα
3024 649 3275 704 διάκονον
3306 644 3476 717 ἔχειν,
3528 642 3626 697 καὶ
3670 641 3808 696 ταύ-

2212 762 2314 815 την
2343 745 2587 815 ἀοίδιμόν
2621 762 2684 799 τε
2725 744 2821 798 καὶ
2873 739 3334 811 πολυθρύλλητον.
3383 733 3650 790 Τοσοῦτον
3689 732 3808 803 γὰρ

2214 831 2330 906 εἶχε
2358 835 2589 888 πλοῦτον
2619 832 3085 905 κατορθωμάτων,
3134 828 3209 893 ὡς
3244 826 3396 899 παρὰ
3433 827 3532 897 τῆς
3568 826 3811 878 ἀποστο-

2213 925 2373 994 λικῆς
2417 922 2663 996 γλώττης
2722 923 2978 985 τοιαύτας
3039 921 3314 991 εὐφημίας
3375 915 3801 989 καρπώσασθαι·
3864 968 3874 987 ι

2215 1016 2554 1086 Προστάτις
2575 1017 2708 1084 γὰρ,
2742 1015 2899 1085 φησι,
2935 1010 3186 1067 πολλῶν
3216 1009 3493 1081 ἐγενήθη,
3526 1008 3626 1062 καὶ
3650 1005 3809 1076 ἐμοῦ

2214 1084 2423 1163 αὐτοῦ.
2469 1107 2812 1178 Προστασίαν
2833 1106 2911 1167 δὲ,
2941 1105 3016 1170 ὼς
3038 1100 3215 1175 οἶμαι,
3245 1102 3346 1173 τὴν
3375 1098 3681 1170 φιλοξενίαν
3708 1100 3812 1152 καὶ

2217 1200 2549 1270 κηδεμονίαν
2585 1199 2777 1252 καλεῖ·
2814 1201 2912 1252 καί
2936 1199 3128 1268 τιμαῖς
3158 1194 3329 1265 αὑτὴν
3368 1190 3814 1253 πολλαπλασίαις

2217 1287 2524 1357 ἀμείϐεται.
2558 1286 2707 1357 Αὑτὴ
2726 1287 2839 1358 ίμὲν
2877 1287 2987 1356 γὰρ
3008 1329 3021 1349 ,
3054 1285 3130 1349 ὡς
3153 1284 3321 1348 εἰκὸς,
3351 1285 3432 1346 εἰς
3465 1282 3595 1352 μίαν
3622 1282 3814 1335 οἰκίαν

2219 1379 2381 1433 αὑτὸν
2408 1375 2727 1443 ὑπεδέξατο,
2757 1378 2853 1431 καὶ
2879 1379 3017 1448 πρὸς
3041 1375 3221 1443 ὀλίγον
3241 1374 3432 1446 χρόνον
3454 1390 3468 1405 ·
3497 1372 3665 1442 δῆλον
3691 1371 3813 1442 γὰρ

2220 1471 2277 1524 ὃν
2306 1473 2362 1522 ὲν
2397 1469 2649 1542 Κορίνθῳ
2678 1469 2955 1540 διέτριψεν
2978 1485 2993 1499 ο
3038 1468 3201 1530 αὑτὸς
3243 1466 3299 1518 δὲ
3331 1466 3468 1537 αὑτῇ
3497 1465 3597 1535 τὴν
3624 1465 3818 1517 οἰκου-

2225 1564 2393 1632 μένην
2421 1559 2645 1631 ἀνέῳξε,
2678 1560 2773 1613 xui.
2802 1561 2860 1612 ὲν
2902 1561 3053 1629 πάσῃ
3102 1562 3172 1630 γῇ
3219 1558 3315 1612 καὶ
3363 1555 3605 1629 θαλάττῃ
3647 1571 3819 1626 περι-

2222 1656 2397 1726 φανὴς
2429 1655 2461 1724 ἡ
2491 1654 2628 1724 γυνή
2656 1668 2669 1682 ·
2711 1655 2806 1707 καὶ
2830 1654 2933 1706 οὐκ
2971 1652 3217 1721 ἔγνωσαν
3249 1650 3417 1723 αὑτὴν
3461 1650 3512 1702 οἱ
3544 1648 3820 1718 Ῥωμαῖοι

2227 1746 2379 1816 μόνοι
2406 1745 2502 1798 καὶ
2526 1744 2787 1815 Ἕλληνες
2809 1784 2826 1809 ,
2859 1743 2992 1798 ἀλλὰ
3037 1743 3132 1796 καὶ
3174 1742 3379 1804 πάντες
3416 1743 3465 1794 oi
3516 1738 3816 1811 βάρϐαροι.

2236 1836 2304 1889 Ἦ
2330 1836 2389 1889 δὲ
2424 1835 2561 1906 μετὰ
2594 1834 2798 1905 ταῦτην
2824 1833 3276 1905 μνημονευομένη
3299 1832 3392 1886 καὶ⁵
3406 1830 3611 1901 ταύτην
3639 1831 3819 1900 ὑπερ-

2222 1928 2477 2001 ηκόντισε
2536 1916 2651 1998 Τὴν
2679 1926 2788 1999 γὰρ
2815 1926 2859 1957 ἰθ
2883 1925 3232 1997 Πρίσκιλλαν,
3260 1924 3293 1994 ἦ
3319 1918 3591 1996 Πρίσκαν⁶
3605 1920 3820 1993 (ἀμφό-

2220 2039 2356 2093 τερα
2384 2021 2493 2090 γὰρ
2520 2019 2666 2073 ἐστιν
2702 2020 2881 2089 εὑρεῖν
2906 2020 2962 2071 ὲν
2990 2021 3101 2080 τοῖς
3121 2015 3392 2089 βιϐλίοις),
3422 2017 3518 2069 καί⁵
3542 2015 3632 2069 τὸν
3647 2014 3820 2068 ’Δκύ-

2223 2113 2323 2167 λαν
2353 2111 2648 2181 συνεργοὺς
2676 2109 2853 2176 καλεῖ,
2883 2110 2978 2162 καὶ
2999 2107 3324 2178 προστίθησι
3360 2108 3441 2171 τὸ,
3466 2108 3544 2159 ἐν
3574 2105 3822 2175 Χριστῷ

2234 2201 2461 2269 Ἰησοῦ,
2518 2201 2607 2253 ίνα
2647 2201 2723 2270 μή
2782 2217 2867 2264 τις
2923 2198 3169 2269 ὑπολάϐῃ
3221 2196 3319 2269 τὴν
3370 2196 3653 2252 κοινωνίαν
3705 2197 3820 2268 τῆς

2222 2294 2421 2364 τέχνης
2459 2292 2794 2346 αίνίττεσθαι
2821 2307 2834 2321 °
2870 2289 3187 2360 σκηνοποιοὶ
3213 2290 3321 2358 γὰρ
3348 2284 3489 2359 ἦσαν
3518 2289 3614 2343 καὶ
3636 2282 3816 2343 οὗτοι.

2224 2384 2389 2452 Λέγει
2418 2383 2474 2436 δὲ
2504 2383 2601 2438 καὶ
2628 2383 2824 2458 ἑτέραν
2856 2384 3100 2452 ἀγωνίαν
3129 2381 3416 2452 μεγίστην.

2295 2477 2357 2531 δ’.
2397 2477 2623 2538 Οἵτινες
2664 2476 2819 2543 ὑπὲρ
2857 2473 2968 2543 τῆς
3014 2472 3224 2542 ψυχῆς
3256 2490 3392 2551 μου.
3423 2471 3531 2526 τὸν
3577 2469 3821 2526 ἑαυτῶν

2226 2569 2533 2638 τράχηλον
2564 2567 2898 2635 ὑπέθηκαν.
2973 2566 3305 2638 Προστίθησι
3342 2564 3422 2635 τῷ
3465 2565 3580 2635 ίδίῳ
3612 2564 3709 2618 καὶ
3748 2564 3821 2617 τὸ

2226 2662 2424 2714 κοινόψ
2476 2654 2577 2726 Οἷς
2611 2662 2723 2714 οὐκ
2755 2658 2871 2728 ἐγὼ
2896 2660 3086 2729 μόνος
3117 2657 3472 2727 εὐχαριστῶ,
3511 2656 3673 2711 ἀλλὰ
3713 2655 3819 2710 καὶ

2226 2750 2419 2807 πᾶσαι
2472 2754 2535 2805 al
2585 2750 2942 2817 Ἐκκλησίαι
2972 2749 3092 2804 τῶν
3144 2749 3355 2804 ἐθνῶν.
3407 2749 3570 2818 Λέγει
3606 2748 3668 2802 δὲ
3713 2747 3819 2802 καὶ

2226 2845 2418 2916 ἑτέραν
2446 2842 2644 2915 ἀρετὴν
2678 2841 3016 2906 ἀξιέπαινον.
3064 2840 3396 2903 Ἀσπάζεται
3433 2839 3544 2911 γὰρ

2297 2933 2358 2987 ε’.
2411 2931 2521 2986 Καὶ
2573 2931 2690 2998 τὴν
2727 2929 2854 2984 κατ’
2901 2926 3069 2985 οἶκον
3116 2927 3314 2983 αὐτῶν
3344 2928 3391 2960 ⁸⁸
3446 2928 3816 2994 ἐκκλησίαν.

2225 3024 2387 3095 Δηλοῖ
2417 3023 2474 3076 δὲ
2502 3025 2531 3076 ὁ
2549 3022 2708 3090 λόγος
2738 3020 2837 3092 τὴν
2865 3021 2965 3091 τῆς
2994 3020 3281 3097 εὐσεϐείας
3316 3018 3640 3091 ὑπερϐολήν.
3666 3018 3819 3072 Πάν·

2224 3133 2315 3180 τες
2337 3116 2378 3148 ⁸¹
2420 3116 2563 3185 γὰρ,
2595 3114 2673 3177 ὡς
2714 3113 2883 3177 εἰκὸς,
2920 3114 3047 3177 τοὺς
3082 3113 3319 3175 οἰκείους
3349 3111 3448 3183 τὴν
3499 3111 3677 3181 ἄκραν
3703 3109 3819 3161 ὲδί-

2225 3209 2391 3275 δαξαν
2421 3206 2642 3278 ἀρετὴν,
2665 3207 2757 3260 καὶ
2775 3206 2875 3271 τὰς
2906 3206 3058 3270 θείας
3076 3203 3420 3276 λειτουργίας
3446 3202 3593 3256 ἔνδον
3619 3200 3819 3255 ἐπετέ-

2226 3300 2352 3354 λουν
2418 3299 2736 3371 προθύμως.
2797 3296 3015 3351 Τούτων
3083 3298 3360 3367 μέμνηται
3416 3294 3510 3348 καὶ
3575 3294 3605 3346 ὁ
3664 3293 3819 3358 θεῖος

2223 3393 2440 3454 Λουκᾶς
2465 3430 2481 3455 ,
2538 3390 2631 3444 καὶ
2677 3388 2918 3443 διδάσκει
2966 3389 3082 3452 πῶς
3115 3387 3209 3441 τὸν
3253 3384 3497 3438 Ἀπολλὼ
3524 3383 3661 3454 πρὸς
3707 3385 3819 3453 τὴν

2223 3485 2484 3555 ἀλήθειαν
2512 3483 2883 3553 ὲποδήγησαν.
3752 3492 3756 3495 ·

2307 3576 2691 3632 Ἀσπάσασθε
2750 3571 3095 3627 Ἐπαινετόν
3142 3569 3249 3624 τὸν
3293 3567 3603 3637 ἀγαπητόν
3650 3580 3814 3634 patr

2224 3670 2293 3736 ὅς
2329 3669 2504 3723 ἐστιν
2530 3664 2772 3735 ἀπαρχὴ
2804 3664 2918 3732 τῆς
2962 3664 3195 3733 Ἀχαΐας
3226 3663 3315 3727 είς
3347 3659 3618 3729 Χριστόν.
3649 3656 3818 3728 Πρῶο

2223 3779 2315 3826 τος
2343 3760 2422 3826 δὲ,
2453 3760 2529 3823 ὠς
2564 3759 2732 3825 εἰκὸς,
2772 3756 2971 3818 παντὸς
3002 3754 3093 3808 τοῦ
3129 3752 3316 3817 ἔθνους
3355 3750 3702 3802 ἐπίστευσεν·
3746 3740 3819 3801 οὗ

2222 3851 2288 3923 δὴ
2335 3851 2499 3922 χάριν
2548 3851 2641 3903 καὶ
2688 3849 2788 3918 τῆς
2839 3845 3093 3917 ἀπαρχῆς
3144 3844 3242 3914 τὴν
3280 3839 3652 3914 προσηγορίαν
3695 3838 3820 3892 ὲδέ-

2258 3960 2378 3998 ατο.

2227 3943 2378 4097 ξαῖεῗῖ
2423 4024 2805 4083 Ἀσπάσασθε
2847 4021 3103 4092 Μαριὰμ,
3153 4021 3285 4089 ἣτις
3331 4018 3533 4074 πολλὰ
3563 4014 3816 4071 ἐκοπία-

2224 4137 2340 4176 σεν
2383 4101 2470 4185 είς
2523 4117 2703 4187 ἡμᾶς.
2736 4115 2905 4185 Ἄλλη
2948 4115 3110 4168 πάλιν
3145 4112 3284 4184 γυνὴ
3318 4111 3425 4166 ὑπὸ
3449 4110 3557 4164 τῶν
3588 4105 3819 4162 οἰκείων

2225 4214 2406 4267 πόνων
2439 4207 2873 4279 στεφανουμένη.

2296 4304 2360 4368 ζ’.
2406 4300 2785 4356 Ἀσπάσασθε
2832 4296 3209 4364 Ἀνδρόνικον
3231 4294 3328 4349 καί
3367 4293 3634 4351 Ἰουνίαν
3666 4298 3818 4364 τοὺς

2226 4393 2541 4467 συγγενεῖς
2584 4410 2725 4463 μου,
2776 4390 2876 4445 καὶ
2937 4388 3480 4458 συναιχμαλώτους
3533 4407 3675 4458 μου,
3724 4394 3822 4448 οἶ-

2226 4488 2386 4555 τινές
2426 4489 2584 4541 εἰσιν
2614 4486 2900 4553 ἐπίσημοι
2946 4482 3017 4536 ἐν
3041 4481 3163 4549 τοῖς
3196 4482 3580 4549 ἀποστόλοις,
3601 4480 3657 4534 οἳ
3708 4483 3816 4537 καὶ

539 4569 593 4610 et
617 4558 852 4628 primum
883 4562 1105 4632 quidem
1137 4563 1284 4630 quod
1325 4562 1536 4618 fuerint
1566 4567 1700 4621 socii
1738 4570 2114 4638 periculorum

2227 4581 2339 4652 πρὸ
2381 4579 2531 4649 ἐμοῦ
2566 4578 2889 4647 γεγόνασιν
2918 4574 2989 4628 ἐν
3019 4571 3270 4641 Χριστῷ.
3306 4572 3483 4626 Πολλὰ
3515 4574 3657 4627 κατὰ
3682 4590 3818 4628 ταυ-

539 4647 715 4704 I’auli.
744 4650 1111 4723 Concaptiros
1139 4654 1306 4722 enim,
1338 4665 1397 4708 ut
1429 4656 1521 4725 qui
1559 4656 1761 4712 fuerint
1794 4661 2117 4730 passionum

2227 4676 2319 4729 τὸν
2347 4674 2416 4727 τὰ
2448 4670 2734 4741 ἐγκώμια·
2791 4668 2887 4721 καὶ
2922 4665 3139 4737 πρῶτον
3175 4664 3274 4736 μὲν
3302 4666 3383 4719 ὅτι
3415 4665 3669 4719 κοινωνοὶ
3701 4664 3816 4719 τῶν

538 4757 664 4796 cum
705 4741 798 4797 illo
833 4746 1157 4817 participes,
1204 4747 1515 4816 appellavit.
1554 4746 1756 4806 Deinde
1788 4753 2001 4812 nobiles
2034 4757 2121 4812 in-

539 4833 832 4904 signesque
853 4851 976 4892 esse
997 4836 1153 4903 dicit,
1175 4852 1282 4891 non
1329 4837 1382 4892 in
1430 4838 1741 4909 discipulis,
1782 4845 1877 4901 sed
1906 4846 1964 4900 in
1999 4864 2122 4902 ma-

539 4924 751 4991 gistris,
773 4941 872 4981 nec
891 4926 946 4980 in
969 4926 1285 4998 vulgaribus
1310 4930 1612 4999 magistris,
1636 4934 1730 4989 sed
1754 4935 1807 4990 in
1827 4940 2115 5008 apostolis.

539 5013 754 5070 Laudat
786 5025 966 5071 autem
997 5034 1090 5072 eos
1116 5028 1170 5071 et
1191 5033 1220 5070 a
1241 5025 1484 5090 tempore
1508 5022 1629 5079 ﬁdei
1654 5043 1666 5078 :
1690 5025 1824 5082 Ante
1842 5046 1922 5083 me
1939 5032 2110 5100 enim,

539 5104 743 5177 inquit,
775 5107 988 5176 fuerunt
1024 5109 1077 5161 in
1111 5108 1324 5164 Christo
1352 5127 1370 5166 :
1401 5125 1525 5182 post
1559 5131 1655 5172 eos
1694 5121 1842 5174 enim
1885 5132 2115 5183 vocatus

539 5212 661 5251 sum
694 5215 814 5271 ego.
848 5201 959 5270 Ego
984 5217 1116 5256 vero
1166 5203 1522 5277 undiqnaque
1564 5209 1733 5268 divini
1771 5215 1965 5288 capitis
1996 5234 2117 5276 mo-

539 5289 771 5345 destiam
796 5291 1059 5346 admiror.

612 5556 630 5600 ¹
664 5557 784 5614 Act.
820 5576 952 5616 xvm
980 5604 994 5630 ,
1031 5568 1222 5626 24—28.

2225 4765 2319 4820 τοῦ
2368 4765 2516 4818 θείου
2566 4759 2781 4815 Παύλου
2824 4757 3106 4813 κινδύνων.
3145 4756 3631 4827 Συναιχμαλὼτους
3676 4755 3813 4829 γὰρ,

2225 4859 2301 4921 ὡς
2330 4857 2437 4910 τῶν
2462 4853 2800 4925 παθημάτων
2828 4848 2978 4920 αὑτῷ
3002 4851 3503 4920 συμμετασχόντας,
3526 4849 3812 4902 ἐκάλεσεν.

2229 4951 2461 5003 Ἔπειτα
2481 4946 2788 5014 ἐπισήμους
2816 4937 2953 4994 εἶναι
2974 4939 3146 5008 λέγει,
3170 4940 3270 4993 οὐκ
3298 4942 3355 4992 ὲν
3381 4942 3494 5003 τοῖς
3514 4940 3811 5010 μαθηταῖςς

2223 5040 2337 5093 ἀλλ’
2362 5041 2421 5091 ἐν
2452 5037 2564 5098 τοῖς
2603 5030 2967 5095 διδασκάλοις,
3004 5029 3128 5082 οὐδὲ
3174 5031 3230 5083 ὲν
3263 5031 3374 5093 τοῖς
3405 5028 3629 5098 τυχοῦσι
3657 5029 3811 5083 διδιι⁴

2225 5129 2468 5191 σκάλοις,
2500 5124 2614 5178 ἀλλ’
2643 5125 2702 5176 ἐν
2732 5124 2847 5185 τοῖς
2875 5120 3218 5197 ἀποστόλοις.
3262 5123 3507 5175 Ἐπαινεῖ
3532 5121 3586 5174 δὲ
3610 5121 3812 5185 αὑτοὺς

2222 5221 2317 5277 καὶ
2352 5220 2460 5273 ἀπὸ
2508 5216 2602 5269 τοῦ
2647 5214 2836 5285 χρόνου
2881 5212 2981 5283 τῆς
3025 5212 3287 5274 πίστεως·
3342 5211 3462 5281 Πρὸ
3496 5212 3644 5282 ἐμοῦ
3674 5213 3806 5284 γὰρ,

2224 5313 2393 5383 φησι,
2452 5308 2775 5379 γεγόνασιν
2824 5305 2895 5357 ἐν
2950 5301 3213 5371 Χριστῷο
3277 5303 3394 5374 μετ’
3441 5305 3641 5368 αὐτοὺς
3696 5304 3810 5375 γὰρ

2230 5406 2467 5477 ἐκλήθην
2532 5398 2662 5468 ἐγώ.
2731 5396 2872 5465 Ἐγὼ
2930 5397 2990 5450 δὲ
3050 5396 3327 5467 πανταχοῦ
3384 5396 3651 5468 θαυμάζω
3705 5398 3809 5469 τῆς

2230 5494 2520 5554 θεσπεσίας
2553 5487 2790 5559 κεφαλῆς
2811 5486 2872 5539 τὸ
2903 5482 3120 5557 μέτριον
3150 5486 3426 5557 φρόνημα.

1807 5675 2041 5730 mum;
2074 5660 2489 5736 moriones.

544 5839 711 5912 gitur.
815 5839 859 5876 ’δ
886 5847 936 5899 Α
967 5859 1019 5902 ct
1039 5839 1089 5901 ’Β
1118 5839 1339 5917 πάνταςξ

715 5773 756 5824 Ᾱ
786 5772 963 5873 Ἧνῗὲ
989 5779 1336 5873 [defuturam
1374 5786 1466 5837 καὶ
1502 5787 1743 5857 Πρίσκαν
1772 5790 1882 5842 ἔστ.
1921 5792 2038 5863 εὑρ.
2062 5796 2105 5847 ἐ..
2143 5813 2188 5848 τ.
2310 5793 2627 5865 λεγομένην.
2707 5797 2750 5828 ⁵ο
2783 5798 2967 5851 αὐτῶν
3003 5799 3335 5856 ἀρδίιιυιειιυι
3381 5805 3432 5858 iu
3470 5805 3526 5857 Β.
3563 5806 3617 5873 lu
3650 5806 3712 5860 Α.
3746 5806 3823 5863 lc-
