4034 6402
570 431 680 500 293

1598 427 2085 488 THEODORETI
2121 427 2461 487 EPISCOPI
2501 426 2868 485 CYRENSIS

3733 417 3840 483 2’24

649 542 809 593 Vens.
854 540 937 593 Π.
969 538 1110 609 Ruga
1164 548 1338 592 autem
1370 518 1479 599 vos,
1522 536 1742 606 fratres,
1774 544 1828 588 ut
1874 535 2155 588 observetis

2337 534 2421 598 ιζ’.
2460 534 2792 602 Παρακαλῶ
2815 534 2883 587 δὲ
2908 532 3082 603 ὑμᾶς.
3109 535 3381 603 ἁδεΛροὶ,
3418 535 3673 589 σκοπεῖν
3696 538 3841 602 τοὺς

568 652 658 690 eos
693 634 779 703 qui
806 634 1156 686 dissensiones
1183 644 1231 686 et
1268 630 1611 700 oﬁ'endicula,
1646 640 1837 695 prwter
1863 629 2159 682 doctrinam

571 742 731 797 quam
789 742 875 780 vos
930 723 1190 777 didicistis
1245 724 1493 791 faciunt,
1527 731 1573 774 et
1613 719 1875 772 declinata
1926 717 1993 772 ab
2025 718 2156 771 illis.

574 818 747 873 Malos
792 818 927 889 legis
974 817 1297 871 defensores
1358 813 1669 883 signiﬁcat,
1711 826 1948 880 quorum
2001 810 2162 879 jubet

575 908 883 961 doctrinam
950 907 1161 975 fugere,
1198 902 1432 956 laudans
1476 898 1746 971 principis
1782 895 2159 965 apostolorum

583 998 1044 1066 pnedicatiouem.
1083 996 1274 1049 Dicere
1308 994 1456 1048 enim
1485 1036 1498 1058 ,
1530 994 1620 1061 qui
1646 998 1840 1059 pra'ter
1861 988 2161 1041 doctrinam

579 1108 737 1160 quam
775 1109 860 1145 eos
891 1090 1177 1153 didicistis,
1202 1089 1431 1153 faciunt,
1456 1087 1578 1156 ejus
1631 1095 1716 1140 est
1763 1084 1856 1155 qui
1912 1085 2162 1150 impense

579 1183 765 1237 laudat
804 1183 1115 1237 doctrinam
1143 1197 1310 1252 quam
1349 1187 1705 1249 acceperant.

649 1356 1083 1412 \’Ens.18.Tales
1112 1358 1251 1411 enim
1280 1355 1504 1409 Domino
1533 1354 1748 1409 Christo
1771 1371 1875 1409 non
1909 1355 2160 1416 serviunt,

576 1450 665 1504 sed
695 1467 789 1504 suo
818 1451 1002 1503 vemri.
1040 1448 1135 1502 Vel
1170 1449 1301 1501 hinc
1336 1447 1697 1501 manifestum
1730 1456 1814 1501 est
1854 1462 2159 1499 sermonem

577 1558 701 1595 esse
737 1542 804 1595 de
848 1538 1054 1595 Judzeis
1090 1558 1102 1594 :
1145 1553 1339 1594 eorum
1390 1539 1539 1593 enim
1609 1538 1904 1608 ingluviem
1946 1553 2166 1608 semper

579 1640 845 1685 accusat:
885 1639 940 1685 et
992 1630 1123 1684 alibi
1181 1630 1317 1683 dicit
1367 1647 1440 1683 ιι
1472 1627 1719 1692 Quorum
1775 1626 1922 1684 Deus
1975 1640 2166 1684 venter

581 1734 666 1777 est
696 1733 744 1776 ιι.
795 1741 814 1773 ι
878 1722 947 1775 Et
980 1738 1074 1791 per
1123 1720 1301 1774 dulces
1360 1736 1627 1774 sermones
1673 1725 1723 1773 et
1786 1720 2165 1775 benedictiones

581 1815 835 1869 seducunt
868 1813 1029 1868 corda
1081 1813 1457 1867 innocentium.
1488 1843 1556 1853 —
1591 1810 2014 1867 Benedictionem
2046 1813 2166 1866 lau-

2261 627 2368 690 τὰς
2421 624 2816 693 διχοστασίας
2870 624 2970 677 καί
3012 623 3086 677 τὰ
3128 624 3477 690 σκάνδαλα,
3518 630 3674 693 παρὰ
3726 627 3843 691 τὴν

2261 712 2539 781 διδαχὴν,
2578 711 2660 779 ἣν
2686 712 2855 782 ὑμεῖς
2886 712 3162 781 ἐμάθετε,
3222 713 3567 780 ποιοῦντας,
3602 716 3699 767 καί
3745 734 3845 768 εκ-

2262 803 2502 855 κλίνετε
2527 802 2629 856 ἀπ’
2656 802 2874 857 αὐτῶν.
2906 804 3044 867 Τοὺς
3066 806 3271 869 κακοὺς
3300 804 3394 859 τοῦ
3416 807 3582 876 νόμου
3615 809 3846 877 συνηγόο

2265 910 2390 962 ρους
2443 894 2532 946 διὰ
2568 894 2774 947 τούτων
2807 896 3122 961 αἰνίττεται,
3164 888 3239 951 ὧν
3277 895 3500 965 φεύγειν
3551 897 3649 967 τὴν
3698 898 3844 950 διδα⁴

2266 986 2495 1038 σκαλίαν
2523 985 2984 1056 παρακελεύεται,
3014 987 3255 1041 ἐπαινῶν
3284 987 3380 1041 τοῦ
3409 988 3710 1059 κορυφαίου
3734 988 3844 1042 τῶν

2261 1076 2574 1128 ἀποστόλων
2614 1076 2675 1128 τὸ
2717 1077 3001 1147 κήρυγμα.
3045 1077 3118 1130 Τὸ
3155 1078 3266 1146 γὰρ
3294 1077 3495 1147 λέγειν,
3536 1079 3695 1148 παρὰ
3731 1080 3848 1146 τὴν

2262 1166 2520 1234 διδαχὴν
2543 1165 2624 1235 ῆν
2651 1167 2821 1237 ὑμεῖς
2852 1168 3098 1237 ἐμάθετε
3153 1170 3499 1237 ποιοῦντας,
3535 1172 3680 1242 μάλα
3715 1172 3846 1225 θαυ-

2267 1259 2529 1331 μάζοντός
2562 1262 2680 1314 ἐστι
2712 1260 2811 1333 τὴν
2835 1261 3183 1317 διδασκαλίαν
3204 1257 3271 1333 ἦς
3301 1263 3533 1333 ἔτυχον.’

2336 1359 2425 1424 ιη’.
2462 1356 2527 1407 Οἱ
2550 1352 2662 1423 γὰρ
2690 1354 2946 1408 τοιοῦτοι
2978 1355 3058 1421 τῷ
3080 1357 3280 1424 Κυρίῳ
3310 1355 3479 1424 ἡμῶν
3507 1355 3743 1425 Χριστῷ
3777 1362 3846 1412 οὺ

2263 1444 2689 1511 δουλεύουσιν,
2719 1446 2881 1500 ἀλλὰ
2902 1445 2977 1514 τῇ
3002 1446 3233 1501 ἑαυτῶν
3261 1448 3488 1516 κοιλίᾳ.
3522 1447 3630 1500 Καὶ
3655 1448 3846 1522 ἐντεῦ-

2265 1534 2355 1588 θεν
2384 1535 2564 1606 δῆλον,
2596 1536 2671 1599 ὡς
2704 1537 2833 1605 περὶ
2876 1535 3148 1589 Ἰουδαίων
3172 1535 3351 1590 ταῦτά
3388 1553 3588 1608 φησιν’
3626 1539 3718 1592 ἀεὶ
3744 1538 3849 1609 γὰρ

2265 1632 2445 1687 αὐτῶν
2474 1633 2578 1699 τῆς
2612 1634 3060 1705 γαστριμαργίας
3091 1636 3421 1705 κατηγορεῖσ
3467 1634 3563 1688 καὶ
3608 1635 3850 1705 ἀλλαχοῦ

2266 1741 2431 1795 φησιν
2451 1742 2465 1756 ·
2497 1745 2515 1777 ι
2533 1718 2635 1777 Ὧν
2657 1724 2788 1788 Θεὸς
2815 1727 2846 1796 ὴ
2868 1725 3064 1778 κοιλία.
3079 1744 3097 1775 ι
3125 1726 3233 1779 Καὶ
3264 1724 3361 1779 διὰ
3382 1723 3492 1793 τῆς
3511 1729 3850 1794 χρηστολο-

2266 1817 2402 1885 γίας
2440 1815 2551 1900 καὶ.
2572 1817 2854 1886 εὐλογίας
2895 1814 3240 1880 ἐξαπατῶσι
3284 1816 3392 1882 τὰς
3438 1816 3689 1886 καρδίας
3737 1816 3854 1870 τῶν

580 1906 704 1958 dem
755 1905 995 1960 vocavit.
1029 1904 1213 1958 lnnuit
1244 1913 1426 1958 autem
1472 1903 1639 1959 etiam
1671 1903 1881 1972 aliquos
1918 1917 1987 1958 ex
2025 1902 2160 1973 ipsis

2268 1907 2605 1962 ἁκάκων.--
2631 1908 2929 1977 Εὐλογίαν
2962 1909 3054 1961 τὸν
3097 1906 3315 1962 ἔπαινον
3360 1906 3640 1961 ἐκάλεσεν.
3672 1908 3851 1961 Δίνίτ-

582 1996 752 2051 fuisse
800 1995 1082 2051 seductos.
1149 1994 1435 2051 Seducunt
1503 1995 1651 2050 enim
1682 2035 1698 2060 ,
1755 1994 1953 2065 inquit,
1995 1998 2163 2049 corda

583 2087 940 2158 simplicium.
989 2086 1111 2141 Non
1154 2087 1423 2147 malitiam
1452 2087 1674 2156 itaque,
1704 2084 1799 2141 sed
1839 2085 2164 2155 simplicita-

583 2188 692 2235 tem
736 2181 1044 2236 accusavit.
1079 2179 1287 2236 Deinde
1344 2194 1443 2235 eos
1494 2194 1686 2234 rursus
1724 2178 1982 2233 laudibus
2012 2160 2165 2232 exci-

580 2282 681 2325 tul.

657 2358 819 2415 Vens.
861 2360 948 2416 l9.
978 2360 1163 2415 Vestra
1211 2361 1349 2415 enim
1382 2361 1677 2416 obedientia
1701 2362 1755 2415 in
1784 2377 1961 2414 omnes
1994 2357 2168 2412 divul-

580 2462 706 2520 gata
727 2462 841 2507 est:
872 2453 1017 2521 quod
1050 2453 1357 2507 doctrinam
1390 2453 1748 2523 apostolicam
1781 2452 1949 2505 alacri
1984 2450 2169 2503 animo

583 2545 964 2615 susceperitis.
994 2543 1210 2599 Gaudeo
1235 2547 1415 2615 igitur,
1437 2547 1640 2614 inquit,
1659 2546 1712 2599 in
1736 2543 2165 2599 oobis.Attamen

583 2641 750 2691 etiam
778 2636 1049 2691 laudanda
1073 2638 1273 2692 docere
1302 2623 1495 2708 pergit.
1514 2636 1617 2693 Sed
1642 2637 1755 2691 volo
1783 2653 1871 2690 vos
1909 2636 2168 2703 sapientes

581 2716 697 2781 esSe
716 2728 770 2781 in
795 2727 948 2794 bono,
972 2738 1022 2783 et
1042 2730 1307 2796 simplices
1328 2731 1379 2782 in
1400 2728 1561 2783 malo.
1578 2726 1731 2781 llanc
1752 2741 1973 2797 quoque
1993 2726 2168 2796 legem

585 2816 853 2874 Dominus
909 2820 1181 2889 apostolis
1236 2820 1409 2885 dedit,
1442 2821 1685 2874 dicens:
1727 2837 1746 2871 ι
1795 2816 1985 2872 Estote
2038 2831 2170 2886 pru-

585 2908 780 2962 dentes
811 2909 954 2962 sicut
1010 2918 1298 2979 serpentes
1319 2951 1333 2975 ,
1360 2918 1416 2965 et
1449 2908 1732 2979 simplices
1766 2907 1911 2963 sicut
1959 2907 2171 2959 colum-

584 2999 668 3054 hte
693 3006 739 3053 ο.
792 3018 811 3052 ι
853 2999 977 3054 Vult
1025 3009 1211 3054 autem
1256 3002 1464 3055 dictum
1521 3013 1743 3070 quoque
1792 2997 2167 3061 Dominieum,

590 3092 745 3161 161
775 3108 875 3145 nos
933 3092 1167 3147 insidias
1201 3093 1422 3163 quidem
1452 3107 1574 3163 quae
1607 3092 1674 3146 ab
1704 3091 1944 3146 inimicis
1972 3104 2171 3160 paran-

583 3190 674 3236 tur
711 3184 991 3252 repellere,
1025 3200 1121 3241 eos
1165 3192 1346 3240 autem
1395 3185 1490 3255 qui
1535 3183 1792 3254 injuriam
1829 3182 2038 3237 faciunt
2067 3181 2171 3236 mi-

586 3270 733 3325 nime
765 3272 981 3326 ulcisci.

660 3359 825 3416 Vens.
866 3364 955 3418 20.
996 3362 1133 3418 Deus
1180 3374 1356 3420 autem
1413 3365 1562 3435 pacis
1616 3372 1847 3418 conteret
1908 3361 2170 3419 Satanam

586 3453 687 3507 sub
715 3454 934 3522 pedibus
987 3456 1175 3510 vestris
1217 3457 1487 3511 velociter.
1540 3452 1813 3521 Quoniam
1868 3456 2082 3510 monuit
2113 3462 2173 3511 ut

591 3553 660 3604 ab
692 3550 935 3607 inimicis
980 3567 1326 3617 caveremus,
1380 3560 1691 3623 opportune
1728 3551 1897 3608 Deum
1938 3554 2170 3624 rogavit,

591 3654 651 3696 ut
684 3643 1074 3698 insidiatorum
1105 3646 1432 3715 magistrum
1465 3651 1737 3700 conterat.
1769 3653 1823 3699 et
1855 3661 2046 3701 eorum
2080 3646 2172 3715 qui

590 3735 947 3789 crediderunt
1002 3736 1237 3805 pedibus
1310 3735 1621 3790 submittat.
1700 3734 1888 3792 Gratia
1962 3737 2175 3791 Domini

590 3826 759 3878 nostri
801 3824 933 3879 Jesu
974 3826 1179 3879 Christi
1227 3824 1512 3879 vobiscum.
1574 3823 1871 3897 Postquam
1932 3818 2177 3882 ostendit

591 3916 830 3983 hostem,
870 3917 1140 3971 indicavit
1180 3917 1595 3975 auxiliatorem.
1631 3922 1733 3985 Qui
1760 3922 1906 3975 enim
1933 3920 2022 3975 Dei
2050 3935 2177 3991 gra-

589 4010 721 4063 tiam
748 4009 1032 4064 consecuti
1076 4018 1240 4074 sunt,
1285 4018 1415 4062 sunt
1445 4010 1920 4082 inexpugnabiles.

2268 2010 2422 2046 τεται
2452 1992 2510 2046 δὲ
2552 1994 2646 2048 καί
2674 2011 2833 2059 τινας
2879 1995 3226 2065 ὑπαχθέντας
3257 1995 3320 2060 ἐξ
3367 1995 3565 2051 αὐτῶν.
3611 1996 3851 2063 Ἐξαπα-

2266 2084 2401 2139 τῶσι
2456 2086 2586 2156 γὰρ,
2645 2086 2801 2157 φησὶ,
2854 2085 2955 2150 τὰς
3014 2086 3244 2156 καρδίας
3296 2086 3407 2141 τῶν
3466 2086 3718 2140 ἀκάκων.
3777 2088 3850 2139 Οὐ

2268 2179 2600 2249 κακοήθειαν
2636 2179 2843 2250 μέντοι,
2885 2178 3026 2233 ἀλλὰ
3067 2178 3343 2250 ἁπλότητα
3388 2181 3671 2251 ⁴ᾐτιάσατο.
3723 2176 3852 2233 Εἶτα

2273 2270 2431 2325 πάλιν
2465 2272 2662 2335 αὐτοὺς
2687 2275 2800 2335 τοῖς
2833 2272 3073 2336 ἐπαίνοις
3095 2274 3319 2344 ἐγείρει.

2342 2358 2427 2415 ιθ’.
2471 2360 2533 2415 Ἠ
2567 2359 2680 2430 τὰρ
2707 2359 2877 2430 ὑμῶν
2910 2360 3149 2430 ὑπακοὴ
3196 2365 3283 2428 είς
3320 2363 3851 2433 πάνταςάφίκετοο

2266 2452 2349 2505 ὅτι
2392 2451 2693 2523 προθύμως
2746 2454 2846 2523 τὴν
2896 2454 3261 2525 ἀποστολικὴν
3310 2454 3661 2510 διδασκαλίαν
3741 2457 3852 2511 ἐδέ-

2271 2542 2456 2610 ξασθε.
2491 2543 2684 2612 Χαίρω
2711 2538 2846 2611 οὖν,
2883 2545 3036 2616 φησὶ,
3097 2548 3165 2599 τὸ
3194 2546 3290 2615 ἐφ’
3322 2546 3485 2616 ὑμῖν.
3533 2548 3674 2601 Ἀλλ’
3707 2548 3854 2619 ὅμως

2271 2635 2368 2688 καὶ
2422 2635 2663 2689 ἐπαινῶν
2708 2636 2961 2707 ἐπιμένει
3010 2637 3297 2693 διδάσκων.
3359 2637 3522 2693 Θέλω
3574 2638 3645 2692 δὲ
3696 2638 3854 2710 ὑμᾶς

2272 2725 2503 2794 σοφοὺς
2540 2722 2693 2780 εῖναι
2735 2729 2822 2794 είς
2852 2728 2919 2781 τὸ
2946 2728 3188 2797 ἀγαθὸν,
3220 2730 3545 2797 ἀκεραίους
3578 2729 3647 2783 δὲ
3672 2735 3769 2798 είς
3792 2733 3853 2786 τὸ

2272 2819 2481 2870 κακόν.
2535 2816 2735 2871 Τοῦτον
2786 2820 2880 2872 καὶ
2932 2821 2962 2873 ὁ
3016 2818 3219 2891 Κύριος
3265 2823 3380 2884 τοῖς
3412 2820 3745 2885 ἀποστόλοις
3770 2823 3855 2876 τὸν

2272 2907 2435 2976 νόμον
2481 2909 2859 2980 προσήνεγκε,
2900 2927 2920 2961 ι
2973 2909 3217 2976 Γίνεσθε,
3260 2908 3458 2979 λέγων,
3492 2912 3756 2983 φρόνιμοι
3786 2912 3855 2977 ὡς

2270 3000 2319 3075 οἱ
2353 2998 2523 3063 ὄφεις,
2555 3000 2650 3053 καὶ
2678 3000 2929 3071 ἀκέραιοι
2958 3001 3034 3064 ὼς
3064 3002 3120 3054 αἱ
3158 3003 3497 3073 περιστεραί.
3539 3020 3557 3054 ι
3590 3001 3856 3056 Βούλεται

2272 3089 2329 3143 δὲ
2365 3091 2459 3144 καὶ
2492 3093 2520 3145 ὁ
2548 3093 2875 3157 Δεσποτικὸς
2900 3094 2947 3125 ⁸⁸
2996 3092 3173 3162 λόγος,
3206 3094 3502 3148 ἀποθέσθαι
3523 3095 3569 3127 ⁸⁸
3615 3096 3716 3166 μὲν
3765 3094 3856 3159 τὰς

2276 3180 2429 3252 παρὰ
2483 3180 2591 3234 τῶν
2665 3182 2950 3254 δυσμενῶν
3007 3184 3460 3256 προσφερομένας
3525 3185 3854 3249 ἐπιϐουλὰς,

2198 3263 2241 3321 C
2273 3272 2474 3343 ἥκιστα
2502 3272 2559 3326 δὲ
2588 3275 2714 3337 τοὺς
2748 3274 3069 3339 ἀδικοῦντας
3100 3275 3423 3346 ἀμύνεσθαι.

2346 3367 2415 3415 κ’.
2460 3361 2523 3415 '0
2572 3362 2642 3416 δὲ
2691 3364 2834 3431 Θεὸς
2877 3362 2985 3433 τῆς
3028 3366 3275 3434 ειρήνης
3323 3366 3640 3436 συντρίψει
3663 3366 3708 3399 ⁶¹
3756 3370 3857 3422 τὸν

2272 3451 2549 3509 Σατανᾶν
2572 3453 2693 3509 ὑπὸ
2720 3454 2863 3522 τοὺς
2893 3456 3084 3523 πόδας
3122 3456 3290 3526 ὑμῶν
3316 3458 3388 3512 ἐν
3410 3457 3595 3526 τάχει.
3637 3459 3856 3530 Ἐπειδὴ

2273 3547 2635 3616 φυλάττεσθαι
2662 3548 2790 3612 τοὺς
2826 3548 3112 3618 δυσμενεῖς
3153 3548 3568 3622 παρηγγύησεν,
3605 3550 3688 3614 είς
3725 3567 3846 3605 και-

2278 3638 2369 3707 ρδν
2437 3639 2563 3707 τὸν,
2600 3638 2733 3693 Θεὸν
2819 3636 3137 3711 ἡντιὸόλησε
3220 3641 3310 3693 τὸν
3389 3640 3497 3696 τῶν
3558 3642 3858 3695 ἐπιϐουλῶν

2275 3731 2563 3804 συντρίψαι
2614 3731 2953 3799 διδάσκαλον,
2985 3734 3082 3788 καὶ
3132 3736 3246 3798 τοῖς
3277 3734 3384 3787 τῶν
3414 3734 3858 3787 πεπιστευκότων

2275 3823 2537 3890 ὑποτάξαι
2569 3823 2746 3879 ποσίν.
2788 3824 2862 3881 Ἦ
2887 3825 3059 3895 χάρις
3078 3825 3185 3880 τοῦ
3211 3826 3432 3894 Κυρίου
3461 3823 3631 3895 ήμῶν
3660 3823 3859 3892 Ἰὴσοῦ

2274 3914 2536 3982 Χριστοῦ
2574 3915 2705 3984 μεθ’
2737 3913 2918 3984 ὑμῶν.
2952 3916 3141 3980 Δείξας
3180 3914 3271 3969 τὸν
3310 3915 3589 3986 πολέμιον,
3611 3908 3861 3981 ὑπέδειξε

2276 4005 2366 4058 τὸν
2395 4004 2707 4075 ἐπίκουρον.
2744 4006 2808 4058 Ut
2856 4004 2966 4077 γὰρ
3000 4005 3103 4076 τῆς
3150 4006 3300 4071 θείας
3354 4006 3576 4079 χάριτος
3621 4005 3860 4059 ἀπολαύ-

2280 4113 2475 4162 σαντες
2511 4096 2570 4150 si)
2600 4096 2811 4167 ἄμαχον
2840 4096 3075 4168 ἔχουσιν.

664 4207 826 4263 Vens.
860 4209 950 4264 2|.
984 4208 1237 4265 Salutant
1272 4227 1360 4266 vos
1405 4211 1710 4267 Timotheus
1755 4208 1971 4277 adjutor
2009 4226 2166 4273 meus;

2353 4213 2456 4262 καί.
2518 4207 2909 4267 Ἀσπάζονται
2956 4208 3113 4279 ὑμᾶς
3172 4211 3444 4279 Τιμόθεος
3488 4214 3521 4265 ὁ
3564 4211 3861 4281 συνεργός

589 4309 639 4354 εἰ
664 4299 896 4367 Lucius,
930 4311 981 4355 et
1025 4299 1220 4367 lason,
1261 4312 1310 4358 et
1352 4304 1647 4373 Sosipater,
1665 4301 1876 4371 cogitati
1926 4302 2045 4354 mei.
2081 4301 2166 4356 lllt

2272 4317 2413 4369 μου,
2447 4297 2545 4353 καί
2582 4300 2857 4366 Λούκιος,
2903 4300 3003 4355 καὶ
3037 4297 3274 4366 Ἰάσων,
3308 4301 3407 4354 καί
3452 4301 3859 4370 Σωσίπατρος.

591 4392 813 4461 quidem
844 4394 1113 4465 insignem
1172 4395 1334 4451 habet
1385 4397 1570 4467 operis
1603 4394 1945 4460 societatem,
1970 4392 2022 4447 hi
2048 4407 2166 4448 vere

2279 4394 2333 4445 οί
2367 4389 2682 4461 συγγενεῖς
2719 4409 2858 4460 μου.
2901 4390 2961 4444 ’0
2999 4390 3097 4461 μὲν
3130 4390 3402 4463 ἐπίσημον
3430 4391 3543 4463 ἔχει
3571 4391 3665 4445 τοῦ
3696 4391 3860 4463 ἔργου
3900 4413 3906 4418 -

594 4488 1014 4555 cognationem;
1053 4489 1348 4558 coadjutor
1395 4498 1580 4568 autem
1615 4493 1851 4555 cognato
1889 4484 2063 4539 multo
2092 4493 2166 4541 est

2279 4483 2376 4554 τὴν
2412 4482 2716 4548 κοινωνίαν,
2754 4485 2816 4536 οἱ·
2830 4483 2887 4535 δὲ
2916 4483 3013 4553 τὴν
3046 4483 3363 4551 συγγένειαν
3384 4502 3398 4514 ·
3447 4482 3541 4536 τοῦ
3580 4484 3637 4536 δὲ
3668 4500 3863 4552 συγγε-

594 4577 939 4634 honoratior.
960 4579 1060 4635 llic
1081 4590 1263 4637 autem
1286 4587 1374 4638 est
1396 4578 1741 4643 Timotheus,
1769 4593 1929 4647 quem
1962 4577 2166 4649 Lystris

2280 4576 2403 4640 νοῦς
2435 4575 2463 4625 ὁ
2491 4575 2750 4645 συνεργὸς
2782 4574 2961 4644 πολλῷ
2990 4573 3439 4646 τιμαλφέστερος.
3473 4569 3639 4637 Οὗτος
3663 4574 3720 4626 δέ
3750 4578 3862 4628 ἐστι

593 4668 970 4735 circumcidit,
992 4672 1057 4726 ad
1089 4688 1253 4743 quem
1306 4672 1448 4727 duas
1488 4671 1717 4740 scripsit
1744 4670 2039 4740 Epistolas.
2082 4669 2166 4726 Ja-

2282 4667 2566 4738 Τιμόθεος,
2618 4668 2677 4720 ὃν
2726 4668 2784 4720 ἐν
2827 4667 3094 4737 Λύστροις
3141 4668 3460 4737 περιέτεμε,
3509 4667 3642 4738 πρὸς
3677 4666 3737 4719 ὃν
3767 4667 3862 4729 τὰς

595 4761 750 4812 sonis
778 4774 909 4813 vero
941 4762 1193 4815 meminit
1223 4775 1445 4832 quoque
1472 4760 1712 4813 Actnum
1742 4759 1995 4815 historia.

2280 4758 2372 4812 δύο
2427 4758 2703 4829 γέγραφεν
2743 4755 3092 4821 Ἐπιστολάς
3165 4757 3260 4811 καὶ
3329 4758 3425 4811 τοῦ
3494 4757 3744 4820 Ἰάσωνος
3811 4757 3863 4809 δὲ

2286 4849 2562 4920 μέμνηται
2592 4849 2625 4917 ἡ
2653 4847 2760 4901 τῶν
2792 4847 3051 4919 Πράξεων
3079 4848 3305 4917 ἱστορία.

674 4941 834 4994 Vens.
858 4938 948 4994 Ἡ.
995 4939 1185 4992 Saluto
1235 4955 1321 4993 vos
1351 4954 1443 5007 ego
1478 4938 1702 5005 Tertius,
1731 4939 1821 5009 qui
1845 4939 2035 5008 scripsi
2067 4941 2166 5007 cpi-

2356 4936 2460 5007 κβ’.
2508 4934 2860 5004 Ἀσπάζομαι
2910 4934 3070 5005 ὑμᾶς
3127 4935 3243 5004 ἐγὼ
3301 4937 3530 5005 Τέρτιος
3566 4938 3598 4989 ὀ
3630 4934 3864 5003 ηρὰψας

596 5033 814 5096 stolam,
867 5033 923 5086 in
949 5030 1195 5084 Domino.
1249 5029 1386 5083 Erat
1440 5045 1662 5100 quoque
1692 5047 1836 5086 imus
1862 5047 2053 5088 eorum
2085 5048 2166 5103 qu.

2283 5031 2399 5098 τὴν
2428 5026 2764 5093 ἐπιστολὴν
2786 5028 2857 5081 ἐν
2877 5027 3085 5096 Κυρίῳ.
3117 5022 3208 5091 Εἷς
3233 5023 3302 5098 ἦν
3332 5028 3425 5082 καὶ
3450 5022 3599 5091 οὗτος
3626 5014 3735 5080 τῶν
3764 5027 3864 5094 τῆς

598 5123 957 5190 apostolicam
994 5119 1305 5174 doctrinam
1339 5129 1718 5190 perceperant.
1742 5120 1943 5188 Quare,
1976 5133 2166 5178 sancta

2286 5121 2656 5191 ἀποπολικῆς
2711 5119 3061 5183 διδασκαλίας
3119 5119 3466 5190 ἠξιωμένων·
3525 5111 3587 5172 οὗ
3650 5118 3714 5189 δὴ
3769 5119 3863 5171 καὶ

598 5228 799 5267 an'mae
833 5211 979 5268 fetus
1032 5226 1130 5280 per
1174 5211 1419 5281 linguam
1460 5213 1760 5283 excipiens,
1805 5213 2009 5269 chartae
2056 5215 2166 5271 illo:

2285 5216 2464 5285 χάριν,
2496 5214 2597 5284 τῆς
2618 5213 2776 5281 ἁγίας
2808 5210 2986 5283 ψυχῆς
3012 5209 3111 5274 τὰς
3146 5211 3343 5274 ὠδῖνας
3372 5210 3459 5264 διὰ
3494 5210 3589 5282 τῆς
3619 5207 3862 5278 γλώττης

601 5323 725 5361 ιιιςιιι
748 5308 863 5362 lare
889 5305 1079 5375 jussus
1103 5314 1205 5358 est.

2287 5306 2595 5377 δεχόμενος,
2617 5303 2849 5358 ἐνθεῖναι
2880 5303 3083 5367 ταύτας
3116 5302 3456 5374 προσετάχθη
3487 5302 3564 5375 τῷ
3594 5301 3793 5374 χάρτῃ.

677 5493 703 5520 τι
736 5485 969 5556 Philipp.
1006 5500 1097 5550 Ill,
1134 5484 1215 5539 l9.
1293 5495 1314 5515 ⁸
1355 5487 1544 5543 Matth.
1578 5504 1630 5554 ιι,
1670 5488 1752 5542 lli.

1877 5640 2111 5695 VAlll/E
2155 5638 2561 5694 LECTIONES.

680 5758 724 5789 ”
760 5760 790 5808 ,Χ
824 5759 1006 5812 addit:
1031 5763 1120 5813 καὶ
1155 5761 1526 5823 ἀποστολικὸς.
1570 5760 1665 5811 “il
1693 5757 2042 5811 ἀποτίθεσθαι
2084 5755 2391 5808 -ῐδιιιιιιιιιι
2423 5758 2571 5807 abest
2601 5755 2729 5822 quin
2759 5754 3049 5809 rcsrriham
3070 5755 3425 5811 ἀπωθεῖσθαι,
3450 5756 3601 5810 lion.
3622 5753 3859 5813 “tum...

614 5827 656 5858 "
687 5830 971 5898 συντρίψω
1008 5833 1204 5884 lectum
1240 5850 1360 5887 esse
1395 5849 1421 5883 τι
1460 5839 1669 5893 nostro,
1695 5847 1756 5882 es
1790 5831 1908 5897 ejus
1948 5826 2399 5893 interpretatione
2434 5826 2633 5895 colligit
2664 5826 2868 5879 Millius
