4034 6394
629 378 732 440 227

1633 373 2114 436 TIIEODORETI
2161 373 2496 433 EPISCOPI
2537 373 2902 432 CYRENSIS

3797 362 3898 423 233

634 495 884 546 versatus
910 496 1016 551 est.
1050 503 1173 542 cum
1223 486 1490 541 Dominus
1543 487 1646 540 hoc
1692 488 1740 542 ei
1775 497 1963 556 aperte
2016 503 2216 558 prmce-

2322 493 2434 552 τοῖς
2462 490 2701 558 διέτριψε
2738 490 2948 559 χρόνον,
2982 485 3137 539 τοῦτο
3169 484 3264 537 τοῦ
3303 484 3572 559 Δεσπότου
3606 482 3899 554 διαρρήδην

635 582 840 651 pisset:
880 599 897 631 ι
935 579 1206 649 Loquere.
1259 579 1439 648 inquit
1475 579 1539 632 ad
1556 594 1703 644 eum,
1735 586 1789 632 et
1829 595 1895 632 ne
1921 580 2165 634 tacueris
2197 595 2209 629 ε

632 684 717 728 est
746 673 890 728 enim
932 673 1062 725 mihi
1106 673 1311 728 mullus
1344 672 1581 740 populus
1618 671 1673 724 in
1717 671 1819 724 hac
1849 671 2074 726 civitate
2105 685 2152 726 ⁸.
2191 692 2207 723 ι

631 764 770 816 Cum
802 778 932 833 ergo
959 777 1141 815 annus
1165 770 1218 815 et
1249 777 1344 815 sex
1375 777 1594 816 menses
1624 761 2045 830 praeteriissent,
2098 761 2216 830 ipse

631 856 854 926 quidem
879 855 1288 924 praedicationis
1311 855 1489 924 gratia
1532 855 1588 909 in
1619 855 1759 910 alias
1797 856 2058 909 civitates
2087 872 2215 926 pro-

633 947 807 1000 l‘ectus
832 953 936 999 est.
979 943 1056 996 Illi
1099 959 1230 997 vero
1257 947 1269 962 '
1297 945 1662 1014 sophisticam
1707 945 2124 1000 contentionem
2160 955 2216 1000 et

627 1038 817 1107 εισι-ὴν
842 1036 1084 1089 studium
1109 1036 1346 1090 aemulati
1373 1045 1520 1092 sunt.
1541 1035 1598 1090 ln
1625 1037 1828 1091 multas
1850 1038 1995 1092 enim
2025 1038 2215 1094 factio-

629 1147 726 1186 nes
758 1130 944 1195 divisi,
981 1144 1105 1183 cum
1163 1131 1310 1185 viros
1366 1131 1690 1200 eloquentes
1753 1131 1862 1185 sibi
1923 1133 2214 1203 magistros

629 1222 984 1284 ascivissent,
1020 1223 1221 1290 singuli
1274 1237 1436 1275 suum
1498 1207 1768 1292 perpetuo
1803 1222 2124 1287 laudabmt,
2161 1233 2214 1278 et

627 1311 696 1366 tle
728 1312 814 1365 his
849 1313 992 1366 inter
1027 1327 1086 1365 se
1117 1312 1354 1364 invicem
1384 1311 1812 1365 contendebant.
1857 1310 2009 1366 Unus
2029 1322 2211 1366 autem

627 1420 694 1456 ea
731 1404 800 1458 iis
837 1403 929 1472 qui
958 1418 1015 1457 se
1041 1415 1264 1473 propter
1289 1401 1506 1456 dicendi
1536 1401 1850 1458 facultatem
1885 1419 2214 1480 magnopere

624 1496 928 1565 jactabant,
960 1495 1262 1549 maximum
1319 1495 1502 1549 scelus
1550 1495 1844 1550 admittere
1886 1512 2060 1552 ausus
2105 1505 2208 1552 est.

628 1590 766 1641 Cum
797 1601 1034 1641 noverca
1089 1587 1235 1640 enim
1287 1595 1671 1639 consueverat.
1704 1586 1805 1652 Qui
1856 1597 2037 1640 autem
2094 1590 2213 1656 ejus

631 1682 866 1750 partium
896 1688 1074 1741 erant,
1108 1679 1212 1732 hoc
1241 1695 1341 1748 pro
1381 1678 1555 1731 nihilo
1589 1677 1887 1743 ducebant,
1929 1679 2213 1748 solamque

627 1772 996 1842 eloquentiam
1030 1771 1286 1824 laudibus
1323 1769 1832 1846 prosequebantur.
1863 1769 2213 1843 Quapropter

2323 580 2807 651 παρεγγυήσαντος
2833 593 2846 606 ·
2891 596 2909 628 ι
2937 576 3102 630 Λάλει
3142 577 3271 645 γάρ,
3302 574 3405 644 ἔφη
3433 575 3568 644 πρὸς
3594 575 3780 640 αὐτὸν,
3813 578 3903 627 καὶ

2324 671 2400 742 μὴ
2430 672 2718 742 σιωπήσῃς
2743 688 2754 700 ·
2790 669 2906 722 ἔστι
2944 668 3051 738 γάρ
3106 684 3195 736 μοι
3225 666 3351 730 λαὸς
3375 665 3540 728 πολὺς
3565 666 3622 718 ὲν
3653 669 3720 735 τῇ
3749 665 3898 718 πόλει

2321 760 2515 832 ταύτῃ.
2562 780 2580 811 ι
2625 757 2903 813 Ἐνιαυτοῦ
2953 759 3131 811 τοίνυν
3195 758 3285 810 καὶ
3331 757 3515 826 μηνῶν
3548 755 3608 821 ἓξ
3657 757 3903 828 διεληλυ-

2323 853 2513 916 θότων,
2546 852 2707 915 αὐτὸς
2739 851 2839 922 μὲν
2879 853 2958 914 είς
3009 849 3204 920 ἑτέρας
3253 850 3553 919 ὲξεδήμησε
3596 849 3784 913 πόλεις
3808 851 3900 904 τοῦ

2322 943 2674 1016 κηρύγματος
2694 943 2874 1013 χάριν.
2924 943 3151 996 Ἐκεῖνοι
3185 943 3242 995 δὲ
3293 942 3390 1012 τὴν
3428 943 3750 1012 σοφιστικὴν
3790 942 3900 1012 ἔριν

2321 1038 2417 1090 καὶ
2441 1036 2750 1106 φιλοτιμίαν
2790 1035 3088 1106 ἐζήλωσαν.
3119 1036 3212 1099 El;
3235 1036 3436 1099 πολλὰς
3461 1037 3570 1106 γάρ
3591 1037 3903 1107 συμμορίας

2319 1129 2670 1201 διῃρέθησαν,
2721 1127 3043 1198 ἐλλογίμους
3091 1127 3290 1198 ἄνδρας
3351 1129 3798 1198 προστησάμενοι
3830 1129 3903 1180 δι-

2320 1219 2643 1282 δασκάλους,
2671 1221 2764 1295 καὶ
2793 1222 3012 1273 ἕκαστοι
3045 1220 3134 1273 τὸν
3161 1222 3360 1273 οἰκεῖον
3386 1220 3659 1274 διετέλουν
3687 1220 3904 1290 θαυμὸα

2322 1309 2523 1376 ζοντες,
2565 1312 2814 1380 καὶπρὸς
2847 1312 3108 1382 ἀλλήλους
3142 1313 3268 1383 περὶ
3297 1311 3502 1369 τούτων
3534 1313 3903 1381 φιλονεικοῦν-

2320 1417 2428 1462 τες.
2469 1396 2560 1464 Εἷς
2607 1402 2661 1453 δὲ
2695 1402 2898 1456 τούτων
2958 1402 3067 1455 τῶν
3113 1405 3199 1456 ἐπ’
3235 1404 3537 1475 εὑγλωττίᾳ
3567 1407 3903 1476 σεμνυνομέ-

2320 1509 2446 1554 νων,
2507 1494 2601 1544 καὶ
2650 1494 2994 1564 παρανομίαν
3048 1495 3312 1564 μεγίστην
3352 1495 3651 1568 ἐτόλμησε·
3693 1500 3761 1568 τῇ
3799 1500 3902 1568 γάρ

2323 1586 2566 1654 μητρυιᾷ
2595 1585 2969 1650 συνευνάζετο.
3034 1588 3098 1639 Οἱ
3136 1587 3194 1640 δὲ
3237 1589 3336 1657 τῆς
3374 1588 3561 1642 τούτου
3591 1592 3902 1660 συμμορίας

2319 1675 2477 1728 τοῦτο
2509 1678 2608 1747 μὲν
2649 1676 2972 1749 παρεώρων,
3033 1679 3202 1748 μόνην
3244 1679 3298 1732 δὲ
3329 1679 3428 1748 τὴν
3455 1679 3792 1747 εύγλωττίαν
3817 1679 3901 1732 εύ-

2321 1769 2556 1837 φήμουν.
2595 1761 2669 1821 Οῦ
2725 1769 2789 1838 δὴ
2818 1770 2978 1839 χάριν
2999 1772 3028 1824 ὁ
3062 1771 3203 1833 θεῖος
3245 1770 3564 1833 ’Δπόστολος
3595 1771 3901 1842 ἀρξάμενος

627 1861 1095 1919 divinusl’aulus
1137 1862 1191 1915 in
1253 1863 1526 1931 principio
1584 1861 1871 1930 Epistolas,
1931 1878 2051 1916 eam
2095 1881 2216 1935 qua:

2322 1861 2414 1928 τῆς
2449 1859 2792 1929 Ἐπιστολῆς,
2832 1865 2930 1931 τῆς
2962 1862 3322 1932 νομιζομένης
3356 1861 3546 1931 σοφίας
3579 1866 3900 1934 κατηγορεῖ,

626 1957 980 2010 existimatur
1002 1955 1324 2024 sapientiam
1355 1957 1728 2025 reprehendit,
1765 1958 1924 2031 164
1951 1967 2005 2014 et
2031 1967 2215 2014 osten-

626 2049 706 2103 dit
725 2048 1173 2118 praedicationem
1202 2049 1292 2101 illa
1316 2047 1538 2117 quidem
1560 2064 1771 2115 carere,
1796 2052 1890 2104 sed
1918 2053 2213 2104 maximam

629 2144 830 2200 habere
860 2145 990 2198 vim.
1015 2141 1136 2197 1am
1174 2159 1307 2198 vero
1354 2159 1453 2200 eos
1485 2145 1655 2200 etiam
1701 2147 2082 2216 reprehendit,
2119 2149 2212 2217 qui

626 2236 694 2290 de
722 2237 848 2290 aliis
876 2236 1039 2290 rebus
1063 2235 1210 2290 inter
1231 2251 1291 2289 se
1316 2237 1738 2302 contendentes,
1769 2239 2072 2294 saeculares
2099 2255 2213 2291 ma-

627 2327 895 2396 gistratus
933 2326 1149 2395 judices
1202 2326 1560 2380 adhibebant.
1623 2326 1887 2384 Prohibet
1947 2329 2113 2383 etiam
2145 2345 2214 2384 ne

627 2432 822 2470 eorum
861 2431 984 2485 qua:
1027 2415 1192 2469 idolis
1237 2423 1367 2470 sunt
1399 2415 1680 2472 immolata
1726 2419 2024 2488 participes
2060 2419 2210 2482 liant,

630 2505 866 2558 innuens
903 2495 1004 2557 hoc
1033 2518 1251 2572 quoque
1282 2518 1448 2558 ausos
1482 2519 1604 2559 esse
1629 2505 1952 2559 nonnullos.
1989 2503 2210 2560 Interim

631 2602 811 2649 autem
834 2603 888 2648 et
909 2595 976 2650 de
1005 2594 1318 2662 virginitate
1341 2603 1397 2648 et
1422 2594 1490 2650 de
1525 2594 1794 2651 viduitate
1829 2595 1986 2649 utilia
2018 2611 2214 2652 consu-

629 2688 713 2740 .it.
749 2687 893 2751 Quin
924 2686 1088 2740 etiam
1118 2685 1184 2740 de
1227 2686 1612 2754 spiritualibus
1640 2687 1800 2742 donis
1850 2687 2069 2756 prolixe
2093 2687 2215 2742 dis-

561 2832 566 2836 .
630 2777 788 2842 serit,
818 2775 1029 2832 docens
1059 2792 1253 2831 eorum
1307 2776 1704 2844 differentiam,
1750 2787 1806 2833 et
1859 2779 2210 2848 praecipiens,

631 2876 692 2921 ut
719 2868 866 2922 dono
905 2867 1220 2936 linguarum
1248 2883 1356 2922 non
1385 2867 1454 2921 ad
1487 2867 1703 2923 laudem
1740 2869 2092 2938 captandam,
2117 2869 2213 2924 sed

630 2958 697 3012 ad
733 2958 1027 3012 utilitatem
1071 2965 1318 3012 utantur.
1355 2957 1529 3012 Porro
1563 2966 1746 3012 autem
1781 2959 1864 3014 eis
1886 2959 2051 3013 etiam
2081 2975 2213 3028 pro-

628 3050 736 3106 fert
757 3051 1067 3106 doctrinam
1097 3050 1164 3106 de
1195 3051 1627 3114 resurrectione.
1665 3065 1790 3106 cum
1820 3051 2014 3121 aliqui,
2049 3061 2108 3105 ut
2129 3059 2214 3107 est

628 3143 953 3204 verisimile,
985 3142 1066 3198 eis
1097 3141 1431 3209 persuadere
1461 3152 1820 3205 conarentur,
1874 3157 1942 3195 ne
1966 3141 2110 3210 quod
2148 3141 2214 3196 de

629 3233 1040 3290 resurrectione
1111 3248 1408 3301 corporum
1475 3232 1762 3290 dicebatur
1830 3233 2210 3288 admitterent.
2243 3232 2286 3254 "

630 3327 828 3396 Aliqua
862 3327 1027 3379 etiarn
1055 3326 1184 3390 alia,
1218 3341 1285 3379 ne
1318 3325 1386 3379 de
1412 3323 1649 3395 singulis
1687 3323 1924 3382 dicendo
1949 3325 2053 3379 sim
2084 3341 2212 3394 pro-

631 3418 818 3482 lixior,
850 3418 1076 3486 scriptis
1103 3418 1222 3472 suis
1245 3418 1500 3477 inseruit,
1527 3431 1649 3485 qua:
1667 3425 1720 3470 et
1754 3416 1868 3470 illis
1893 3429 2051 3471 erant
2073 3433 2210 3472 cnn-

631 3509 922 3568 ducibilia.
953 3517 1007 3562 et
1024 3509 1285 3562 omnibus
1308 3508 1629 3562 hominibus
1653 3507 1948 3561 utilitatem
1973 3511 2213 3578 pariunt.

635 3601 710 3656 De
731 3601 1048 3656 Christiano
1071 3609 1252 3656 autem
1290 3601 1546 3672 dogmate
1581 3599 1704 3655 ideo
1738 3601 1959 3670 parcius
1996 3602 2216 3657 locutus

631 3692 738 3758 est,
771 3692 919 3763 quod
953 3707 1060 3747 non
1089 3707 1256 3763 parvo
1297 3700 1544 3762 tempore
1587 3691 1733 3762 apud
1787 3707 1885 3746 eos
1938 3705 2212 3758 versatus,

632 3787 763 3855 quid
787 3785 994 3840 sentire
1016 3793 1294 3855 oporteret
1317 3800 1410 3838 eos
1436 3791 1694 3837 accurate
1721 3783 2007 3849 docuerat,
2039 3794 2090 3838 et
2120 3785 2217 3838 ad-

633 3878 904 3933 mirabilis
965 3883 1088 3946 post
1143 3891 1270 3930 eum
1325 3875 1552 3928 veniens
1618 3874 1810 3943 Apollo
1851 3875 2214 3944 apostolicam

631 3969 942 4025 doctrinam
979 3968 1423 4022 continuaverat.
1454 3965 1732 4035 Optimum
1765 3974 1898 4035 ergo
1944 3966 2216 4018 medicum

635 4062 880 4116 imitatus
907 4067 1012 4124 est,
1046 4069 1100 4114 et
1128 4057 1515 4111 aﬂectionibus
1542 4057 1860 4125 morbisque
1884 4057 2218 4110 convenien-

632 4155 708 4208 tia
737 4153 1138 4207 medicamenta
1170 4149 1426 4219 praebuit.
1462 4145 1730 4201 Ferendis
1787 4155 1968 4198 autent
2015 4146 2216 4204 litteris

634 4257 860 4312 operam
912 4248 1180 4294 navarant
1245 4238 1578 4306 Stephanas.
1635 4244 1692 4290 ct
1761 4235 2117 4300 Fortunatus,
2166 4244 2220 4290 et

636 4331 998 4394 Achaicus,ad
1033 4330 1211 4398 ipsum
1265 4328 1417 4383 missi
1449 4343 1478 4380 a
1502 4326 1810 4380 Corinthiis
1838 4366 1850 4385 .
1889 4334 1946 4378 ut
1979 4325 2094 4393 ipse
2117 4327 2218 4380 do-

637 4428 727 4472 cet
763 4423 816 4470 in
851 4419 975 4470 line.
1003 4417 1226 4470 Beatum
1257 4417 1402 4469 enim
1429 4414 1777 4467 Timotheum
1811 4415 1876 4465 arl
1911 4415 2063 4482 ipsos
2095 4415 2219 4483 qni-

2317 1955 2411 2002 καὶ
2438 1951 2678 2004 δείκνυσι
2711 1953 2771 2004 τὸ
2799 1954 3062 2024 κήρυγμα
3089 1954 3296 2024 ταύτης
3323 1955 3422 2024 μὲν
3447 1959 3895 2026 γεγυμνωμένον.

2317 2028 2580 2112 μεγίστην
2643 2043 2700 2095 δὲ
2766 2043 2996 2114 δύναμιν
3053 2045 3195 2115 ἕχον.
3260 2045 3662 2116 Ἐπιμέμφεται
3715 2047 3777 2101 δὲ
3815 2051 3898 2101 καὶ

2313 2137 2426 2196 τοῖς
2455 2134 2860 2206 ἀμφισϐητοῦσι
2885 2137 2982 2206 μὲν
3007 2138 3143 2207 πρὸς
3179 2137 3444 2208 ἀλλήλους
3475 2139 3603 2208 περὶ
3637 2143 3901 2210 πραγμά-

2315 2244 2421 2279 των
2452 2229 2676 2298 ἐτέρων,
2706 2228 2982 2298 βιωτικοῖς
3033 2229 3090 2282 δὲ
3121 2229 3348 2301 ἄρχουσι
3380 2231 3666 2295 δικασταῖς
3703 2251 3901 2304 κεχρη·

2317 2319 2520 2388 μένοις.
2581 2321 2943 2392 ’Δπαγορεύει
3003 2323 3060 2377 δὲ
3104 2323 3200 2377 καὶ
3243 2323 3342 2395 τὴν
3387 2324 3500 2378 τῶν
3535 2324 3900 2378 εἰδωλοθύτων

2317 2412 2642 2483 μετάληψιν,
2701 2416 3073 2486 αἰνιττόμενος
3099 2442 3102 2444 ν
3127 2415 3202 2478 ὡς
3242 2417 3336 2470 καὶ
3364 2415 3524 2470 τοῦτο
3548 2419 3695 2489 παρά
3749 2436 3901 2472 τινων

2315 2505 2600 2576 ἐτολμᾶτο.
2668 2507 2756 2561 Ἐν
2817 2509 2874 2561 δὲ
2913 2508 2989 2579 τῷ
3050 2509 3276 2579 μεταξὺ,
3309 2511 3403 2563 καὶ
3443 2511 3572 2581 περὶ
3602 2511 3898 2582 παρθενίας

2316 2597 2410 2652 καὶ
2435 2599 2664 2668 χηρείας
2723 2600 3082 2670 συμϐουλεύει
3123 2601 3190 2655 τὰ
3230 2601 3518 2673 πρόσφορα
3541 2619 3556 2633 ·
3592 2603 3686 2656 καὶ
3720 2604 3894 2672 μέντοι

2317 2692 2411 2744 καὶ
2470 2692 2600 2761 περὶ
2660 2691 2768 2745 τῶν
2819 2693 3206 2764 πνευματικῶν
3252 2693 3607 2763 χαρισμάτων
3655 2695 3899 2764 μακροὺς

2313 2782 2593 2836 ἀποτείνει
2632 2783 2846 2850 λόγους,
2893 2785 2993 2854 τὴν
3044 2784 3251 2838 τούτων
3289 2785 3557 2838 διδάσκων
3601 2784 3899 2854 διαφορὰν,

2317 2873 2413 2925 καὶ
2445 2875 2776 2944 παρεγγυῶν
2800 2876 2883 2946 τῷ
2908 2876 3211 2946 χαρίσματι
3235 2874 3342 2928 τῶν
3372 2874 3630 2942 γλωττῶν
3663 2876 3743 2944 μὴ
3771 2875 3901 2929 κατὰ

2317 2965 2662 3034 φιλοτιμίαν,
2717 2966 2854 3019 ἀλλὰ
2897 2967 3038 3020 κατὰ
3090 2967 3298 3036 χρείαν,
3356 2967 3680 3036 κεχρῆσθαι.
3730 2969 3903 3040 [lpos-

2317 3057 2473 3125 φέρει
2498 3057 2554 3108 δὲ
2591 3058 2772 3118 αὐτοῖς
2803 3059 2895 3111 καὶ
2939 3059 3039 3127 τὴν
3067 3057 3320 3127 περὶτῆς
3371 3059 3725 3122 ἀναστάσεως
3759 3062 3902 3114 διδα-

2319 3145 2563 3209 σκαλίαν,
2596 3147 2778 3211 τινῶν,
2826 3147 2901 3210 ὼς
2944 3147 3111 3211 είκὸς,
3150 3148 3356 3202 πείθειν
3398 3151 3593 3214 αὐτοὺς
3625 3155 3901 3224 πειρωμέ-

2318 3255 2424 3290 νων
2450 3237 2540 3291 τὸν
2559 3254 2624 3289 πε
2632 3239 2687 3307 ρτ.
2711 3239 2808 3307 τῆς
2833 3239 3182 3302 ἀναστάσεως
3209 3240 3318 3292 τῶν
3340 3241 3608 3310 σωμάτων
3631 3244 3705 3313 μὴ
3732 3261 3902 3311 προσ-

2317 3329 2566 3398 δέχεσθαι
2590 3329 2767 3397 λόγον.
2809 3331 2920 3384 Καὶ
2950 3329 3084 3385 ἄλλα
3113 3330 3170 3382 δέ
3202 3348 3341 3394 τινα,
3382 3331 3468 3387 ἵνα
3503 3331 3578 3402 μὴ
3611 3333 3738 3386 καθ’
3784 3335 3901 3387 ἓκα·

2320 3435 2445 3470 στον
2503 3417 2678 3484 λέγων
2753 3417 3000 3487 μηκύνω,
3065 3421 3180 3482 τοῖς
3233 3418 3369 3490 πρὸς
3420 3419 3620 3482 αὐτοὺς
3674 3421 3902 3492 ἐνέθηκε

2317 3509 2636 3579 γράμμασι,
2678 3509 2958 3581 κάκείνοις
3013 3511 3335 3582 ὀνησιφόρα,
3370 3511 3462 3568 καὶ
3503 3514 3668 3565 πᾶσιν
3690 3515 3901 3585 ἀνθρὼ-

2320 3617 2441 3664 ποις
2493 3600 2760 3669 ὠφέλειαν
2805 3602 3328 3672 πραγματευόμενα.
3384 3605 3517 3674 Περὶ
3574 3605 3762 3673 μέντοι
3817 3606 3900 3659 τοῦ

2317 3693 2586 3762 δόγματος
2608 3694 2667 3746 ού
2701 3693 2912 3754 πολλοῖς
2942 3695 3211 3764 ἐχρήσατο
3245 3694 3444 3763 λόγοις,
3485 3697 3794 3766 ἐπειδήπερ
3813 3701 3902 3751 οὐκ

2317 3784 2495 3852 ὀλίγον
2515 3785 2642 3854 παρ’
2671 3785 2854 3847 αὐτοῖς
2887 3785 3170 3854 διατρίψας
3200 3785 3411 3854 χρόνον,
3430 3787 3673 3858 ἀκριϐῶς
3705 3789 3903 3851 αὐτοὺς

2319 3876 2463 3945 ἆπερ
2513 3875 2593 3928 δεῖ
2631 3879 2848 3945 φρονεῖν
2909 3876 3279 3942 ἐξεπαίδευσέ,
3320 3878 3412 3930 καλ⁸
3444 3880 3471 3931 ό
3508 3879 3815 3948 θαυμάσιος
3851 3882 3902 3932 6‘:

2333 3965 2605 4028 Ἀπολλὼς
2655 3967 2982 4036 μετ”αὐτὸν
3030 3967 3364 4036 ἀφικόμενος
3401 3968 3498 4038 τὴν
3539 3970 3902 4041 ἀποστολικὴν

2320 4057 2670 4111 διδασκαλίαν
2720 4059 3036 4126 ἑκράτυνεν.
3068 4060 3327 4130 Ἀριστον
3354 4061 3532 4113 τοίνυν
3577 4061 3762 4131 ἰατρὸν
3790 4064 3904 4131 ἔμι-

2325 4151 2556 4219 μήσατο,
2598 4150 2690 4202 καὶ
2741 4153 2855 4212 τοῖς
2913 4152 3108 4204 πάθεσι
3166 4152 3477 4223 κατάλληλα
3531 4156 3900 4224 προσενήνοχε

2321 4241 2608 4309 φάρμακα.
2661 4242 2994 4311 Διηκόνησαν
3032 4243 3087 4295 δὲ
3113 4246 3223 4305 τοῖς
3263 4245 3553 4315 γράμμασι
3589 4247 3891 4315 Στεφανᾶς,

2321 4330 2416 4383 καὶ
2441 4331 2862 4400 Φουρτουνᾶτος,
2896 4335 2988 4386 καὶ
3045 4335 3314 4404 Ἀχαϊκὸς,
3354 4336 3505 4406 παρὰ
3537 4338 3643 4390 τῶν
3695 4340 3896 4410 Κοριν-

2323 4423 2453 4475 θίων
2476 4424 2612 4493 πρὸς
2634 4425 2796 4477 αὑτὸν
2838 4427 3256 4490 ἀποσταλέντες,
3297 4428 3371 4490 ὡς
3405 4431 3462 4481 ὲν
3483 4429 3559 4498 τῷ
3586 4431 3738 4482 τέλει
3759 4431 3902 4484 διδά-

641 4507 764 4562 dem
792 4507 959 4570 misit,
993 4507 1086 4560 sed
1120 4521 1229 4559 non
1266 4520 1389 4557 cum
1415 4503 1670 4572 epistola,
1705 4503 1850 4570 quod
1879 4503 1996 4572 ipse
2029 4513 2214 4557 osten-

2327 4529 2465 4566 σκει.
2488 4514 2591 4566 Τὸν
2617 4514 2723 4583 γάρ
2749 4517 3018 4585 μακάριον
3039 4517 3300 4585 Τιμόθεον
3329 4519 3617 4572 ἀπέστειλε
3643 4521 3744 4590 μὲν
3773 4522 3904 4586 πρὸς

639 4600 742 4654 dit.
773 4600 860 4652 Ait
905 4599 1049 4652 enim
1084 4615 1096 4651 :
1134 4617 1151 4647 ι
1191 4597 1247 4649 Si
1289 4595 1503 4650 venerit
1537 4593 1884 4659 Timotheus,
1943 4595 2119 4650 videte
2165 4607 2222 4650 ut

643 4692 766 4748 sine
793 4699 936 4744 metu
973 4693 1045 4744 sit
1076 4689 1220 4759 apud
1252 4703 1348 4742 vos
1372 4688 1425 4739 δ.
1468 4706 1487 4738 ι

1040 4883 1196 4955 165
1242 4887 1258 4906 ‘
1290 4882 1521 4939 CAPUT
1560 4881 1850 4938 PRIMUM.

716 4973 883 5030 Vens.
907 4975 956 5029 Ι.
986 4993 1002 5026 ι
1035 4974 1236 5028 Paulus
1251 4982 1476 5030 vocatus
1498 4973 2172 5045 apostolusJesuCltristi.
2199 4995 2217 5026 ι

652 5065 746 5122 νει
788 5067 966 5136 ipsum
1003 5065 1332 5136 prooemium
1387 5065 1612 5134 Quinam
1669 5065 1741 5118 sit
1773 5066 2226 5135 reprehensionis

642 5177 849 5232 scopus
879 5160 1106 5216 indicat.
1156 5158 1325 5214 Docet
1349 5160 1496 5214 enim
1543 5173 1640 5213 eos
1691 5173 1759 5212 ne
1789 5158 1892 5213 sibi
1928 5159 2065 5228 ipsis
2093 5174 2227 5214 con-

647 5252 840 5318 ﬁdant,
865 5249 960 5307 sed
999 5250 1053 5305 in
1087 5250 1218 5315 Deo,
1242 5249 1336 5319 qui
1371 5251 1522 5320 ipsos
1579 5249 1842 5314 servavit,
1901 5250 2226 5320 glorientur.

648 5340 944 5413 PrOpterea
977 5352 1032 5398 et
1089 5342 1432 5412 apostolatus
1469 5348 1525 5395 et
1580 5340 1890 5394 vocationis
1937 5341 2226 5406 meminit;

646 5435 809 5506 quasi
835 5435 983 5488 dicat
1015 5454 1028 5488 :
1064 5433 1176 5490 Vos
1236 5433 1458 5504 quidem
1492 5447 1586 5488 vos
1619 5433 1770 5502 ipsos
1817 5433 2116 5488 nominatis
2161 5449 2226 5487 ex

650 5527 990 5588 hominibus,
1016 5543 1117 5596 ego
1144 5541 1274 5581 vero
1301 5527 1568 5594 meipsum
1600 5541 1664 5579 ex
1696 5540 1763 5578 eo
1808 5526 1902 5594 qui
1947 5540 2032 5578 me
2063 5539 2227 5579 voca-

647 5618 806 5674 vitet
842 5618 1007 5682 misit,
1034 5616 1158 5675 Jesu
1204 5616 1448 5672 Christo.
1495 5635 1514 5668 ι
1549 5615 1653 5671 Per
1688 5616 2023 5671 voluntatem
2053 5615 2169 5671 Dei.
2201 5635 2220 5667 ι

724 5801 748 5830 ³
793 5791 913 5848 Aet.
950 5807 1122 5859 tvm,
1154 5793 1208 5860 9,
1251 5791 1334 5846 l0.
1414 5793 1440 5832 δ
1484 5791 1503 5844 ι
1540 5792 1664 5847 Cor.
1709 5809 1818 5857 va,
1860 5790 1939 5844 l0.

2332 4605 2548 4671 αὐτοὺς,
2599 4606 2658 4657 ού
2703 4606 2809 4675 μὴν
2863 4611 3002 4675 μετα
3058 4609 3369 4678 ἐπιστολῆς,
3413 4610 3506 4662 καὶ
3545 4611 3703 4663 τοῦτο
3749 4613 3906 4682 δῆλον

2333 4697 2494 4758 αὐτὸς
2561 4699 2856 4767 πεποίηκεν
2877 4717 2888 4729 ο
2919 4698 3019 4767 ἔφη
3048 4702 3156 4772 γάρ
3182 4718 3194 4734 ν
3226 4722 3244 4752 ι
3287 4703 3412 4754 Ἐὰν
3455 4702 3582 4773 ἔλθῃ
3616 4703 3902 4774 Τιμόθεος,

2335 4789 2558 4858 βλέπετε
2587 4792 2673 4844 ἴνα
2707 4792 2924 4861 ἀφόϐως
2951 4797 3175 4865 γένηται
3212 4795 3346 4865 πρὸς
3379 4796 3542 4862 ὑμᾶς.
3585 4816 3602 4846 ι

2827 4883 3076 4935 ΚΕΦΑΛ.
3112 4883 3410 4940 ΠΡΩΤΟΝ.

2406 4978 2472 5025 α’.
2508 4991 2524 5023 ι
2561 4970 2768 5034 Παῦλος
2794 4973 2990 5042 κλητὸς
3029 4975 3327 5039 ἀπόστολος
3381 4975 3553 5044 Ἰησοῦ
3586 4975 3848 5045 Χριστοῦ.
3887 4995 3902 5025 ι

2332 5064 2441 5115 Καὶ
2497 5062 2629 5114 αὐτὸ
2664 5063 2754 5118 τὸ,
2784 5063 3064 5132 προοίμιον
3095 5064 3184 5115 τὸν
3218 5068 3315 5134 τῆς
3346 5065 3681 5134 κατηγορίας
3715 5065 3906 5134 μηνύει

2334 5152 2556 5205 σκοπόν.
2611 5152 2858 5205 Διδάσκει
2914 5155 3024 5224 γὰρ
3073 5155 3269 5218 αὐτοὺς
3305 5157 3376 5226 μὴ
3423 5157 3631 5218 ἑαυτοῖς
3665 5156 3909 5226 θαρρεῖν,

2332 5244 2445 5297 ἀλλ’
2478 5245 2569 5295 ἐπὶ
2607 5244 2685 5314 τῷ
2725 5244 2986 5297 σεσωκότι
3025 5245 3145 5315 Θεῷ
3187 5247 3330 5315 μέγα
3358 5249 3603 5317 φρονεῖν.
3628 5246 3727 5298 Διὰ
3752 5246 3913 5298 τοῦτο

2335 5337 2429 5388 καὶ
2461 5335 2563 5404 τῆς
2593 5335 2894 5404 ἀποστολῆς
2940 5337 3034 5388 καὶ
3075 5337 3176 5406 τῆς
3224 5337 3467 5407 κλήσεως
3511 5337 3910 5407 ἐμνημόνευσε,

2339 5427 2619 5498 μονονουχὶ
2650 5427 2843 5495 λέγων·
2889 5427 3076 5497 Ὑμεῖς
3115 5429 3212 5497 μὲν
3249 5430 3472 5491 ἑαυτοὺς
3517 5429 3576 5492 ἐξ
3609 5428 3912 5498 ἀνθρώπων

2335 5519 2652 5590 ὀνομάζετε,
2683 5519 2792 5586 ἐγὼ
2820 5519 2877 5571 δὲ
2905 5519 3140 5588 ἐμαυτὸν
3198 5519 3305 5586 dir-1b
3339 5519 3430 5572 τοῦ
3466 5517 3795 5579 καλέσαντός
3845 5531 3914 5584 με

2338 5611 2431 5665 καὶ
2470 5611 2892 5674 ἀποστείλαντος
2929 5609 3104 5676 Ἰησοῦ
3140 5611 3397 5685 Χριστοῦ.
3437 5631 3450 5662 ι
3489 5613 3584 5664 Διὰ
3608 5610 3912 5679 θελήματος
