4034 6394
199 420 306 486 2‘29

1059 422 1680 483 INTERPRETATIO
1707 422 1945 483 EPIST.
1989 420 2018 479 Ι
2057 419 2158 478 AD
2192 419 2363 479 COR.
2395 420 2554 481 CAP.
2596 421 2645 482 Ῐ.

3393 421 3499 485 230

202 533 362 591 Θεοῦ,
399 550 421 584 ι
448 531 568 586 Καὶ
599 530 764 584 τοῦτο
816 529 1085 596 ὡσαύτως
1116 531 1216 604 τῆς
1239 531 1535 600 διαφωνίας
1569 548 1808 601 κατηγο·
1841 580 1847 592 λ

1924 526 2032 584 lloc
2057 528 2225 584 etiam
2265 542 2459 583 eorum
2496 527 2901 583 dissensionem
2937 527 3190 584 similiter
3222 540 3452 584 accusat
3483 551 3495 586 :

207 629 314 701 pei‘
337 622 561 694 Πατρδς
585 622 702 693 γὰρ
731 622 830 675 καὶ
853 620 987 676 Υἱοῦ
1041 623 1140 693 τὴν
1172 621 1493 693 συμφωνίαν
1532 620 1802 686 ὑπέδειξε.

210 718 449 774 Διδάσκει
484 716 548 769 δὲ
590 716 749 787 ἡμᾶς
795 714 943 769 κατά
994 714 1213 779 ταυτὸν,
1241 715 1318 779 ὡς
1350 714 1659 784 ἀδιαφόρως
1683 716 1806 776 ταῖς

217 810 497 882 προθέσεσι
548 807 849 879 κέχρηται.
890 807 1156 861 Ἐνταῦθα
1200 806 1309 877 γὰρ
1334 806 1434 877 τὴν
1463 805 1537 859 δι’
1599 799 1698 868 οὗ,
1742 805 1809 874 ἢν

218 903 268 955 οἰ
297 900 361 954 τά
390 896 610 971 ’Δρείου
635 900 736 953 καὶ
762 898 1035 968 Εὐνομίου
1067 898 1393 970 φρονοῦντες
1441 897 1810 966 προσνέμουσι

1910 618 2096 676 Patris
2123 619 2274 676 enim
2310 635 2375 675 ac
2395 617 2518 674 Filii
2545 620 2973 675 consensionem
3023 619 3288 677 ostendit.
3322 619 3501 675 Simul

1870 716 1877 723 '
1910 711 2078 768 etiam
2101 726 2209 767 nos
2252 710 2416 766 docet
2449 710 2595 781 quod
2631 710 3121 781 praepositionibus
3149 711 3288 766 citra
3327 713 3499 766 ullum

1912 803 2213 860 discrimen
2271 810 2483 858 utatur.
2537 802 2638 858 Hic
2688 805 2836 858 enim
2891 805 3342 874 prfepositionem
3400 803 3503 858 Per

1912 912 2087 968 quem,
2124 911 2290 966 quam
2337 896 2593 967 quicum
2647 898 2780 951 Δι’ἱο
2830 905 2885 952 et
2927 897 3197 951 Eunomio
3256 896 3504 953 sentiunt

215 991 286 1059 τῷ
307 991 437 1059 Υίῷ,
472 991 573 1043 ὲπί
602 989 703 1043 τοῦ
758 990 976 1062 Πατρὸς
1012 984 1279 1043 τέθεικεν.
1316 989 1431 1042 Οὐκ
1476 987 1542 1041 ἂν
1573 987 1629 1040 δὲ
1655 985 1812 1039 τοῦτο

208 1086 425 1144 ἔδρασεν
457 1084 503 1149 ¹,
542 1083 709 1155 εἰπερ
738 1083 849 1152 ἄρα
876 1081 1098 1137 ἔλαττόν
1117 1099 1169 1134 τι
1193 1081 1292 1152 τῆς
1304 1080 1386 1145 ’ἐξ
1416 1076 1490 1136 οὗ
1525 1079 1623 1151 τὴν
1648 1079 1722 1131 δι’
1738 1072 1811 1134 οὗ

209 1175 500 1244 σημαίνειν
563 1173 834 1228 ὑπέλαϐε.
874 1193 893 1225 ι
924 1173 1036 1227 Καὶ
1088 1170 1376 1241 Σωσθένης
1427 1173 1455 1224 ὁ
1501 1169 1746 1240 ἀδελφός.
1787 1188 1807 1222 ι

207 1266 406 1321 τοῦτον
454 1266 842 1336 ὑπολαμϐάνω
894 1264 1183 1336 Κορίνθιον
1220 1259 1381 1318 εἶναι.
1423 1262 1719 1335 Μέμνηται
1758 1262 1816 1315 δὲ

198 1354 364 1410 αὐτοῦ
397 1357 499 1409 καὶ
529 1356 565 1426 ἡ
592 1355 706 1409 τῶν
728 1354 993 1427 Πράξεων
1019 1353 1246 1424 ἱστορία,
1274 1354 1370 1407 καί
1394 1353 1638 1407 διδάσκει
1670 1355 1817 1424 ἡμᾶς

194 1449 225 1501 6
261 1449 550 1519 μακάριος
599 1449 839 1511 Λουκᾶς,
898 1447 977 1510 ὡς
1019 1448 1364 1518 ἁρπάσαντες
1399 1445 1561 1499 αὐτὸν
1602 1446 1695 1499 ἐπὶ
1719 1445 1816 1499 τοῦ

194 1540 515 1603 Γαλλίωνος
542 1542 597 1593 οἰ
632 1540 899 1611 Ἕλληνες
935 1539 1057 1593 λίαν
1087 1538 1373 1610 ᾐκίσαντο.
1601 1528 1629 1544 ’
1838 1606 1844 1612 η

272 1632 341 1705 β’.
380 1652 400 1684 ι
443 1632 532 1702 Τῇ
571 1630 877 1701 Ἐκκλησία
914 1630 1010 1685 τοῦ
1049 1629 1182 1682 Θεοῦ
1209 1631 1275 1700 τῇ
1301 1627 1436 1700 οὔσῃ
1463 1631 1520 1682 ὲν
1549 1627 1818 1699 Κορίνθῳ,

197 1720 577 1797 ἡγιασμένοις
598 1726 659 1777 ὲν
690 1721 915 1794 Χριστῷ
971 1722 1169 1792 Ἰησοῦ,
1205 1721 1429 1790 κλητοῖς
1487 1721 1688 1790 ἁγίοις,
1725 1720 1823 1772 σὺν

1926 1725 2186 1782 ctiﬂcatis
2220 1726 2274 1780 in
2294 1726 2518 1781 Christo
2549 1725 2701 1789 Jesu,
2728 1725 2938 1781 vocatis
2976 1726 3212 1790 sanctis,
3245 1741 3369 1781 cum
3392 1740 3506 1779 om-

203 1819 339 1873 πᾶσι
359 1819 483 1880 τοῖς
510 1815 977 1885 ἐπικαλουμένοις
1013 1812 1074 1867 τὸ
1105 1810 1276 1883 ὄνομα
1297 1811 1392 1864 τοῦ
1427 1811 1634 1882 Κυρίου
1663 1814 1693 1879 ἡ
1704 1809 1823 1880 μῶν

1928 1821 2093 1876 nibus
2140 1820 2261 1890 qui.
2300 1820 2562 1875 invocant
2617 1834 2818 1874 nomen
2893 1817 3103 1872 Domini
3155 1818 3330 1872 nostri
3374 1816 3505 1873 Jesu

214 1907 397 1982 Ἰησοῦ
457 1905 734 1979 Χριστοῦ,
753 1907 812 1958 ὲν
828 1905 993 1958 παντὶ
1013 1904 1163 1976 τόπῳ
1184 1903 1364 1987 αύτῶν
1382 1919 1443 1956 τε
1477 1903 1569 1956 καί
1590 1900 1768 1973 ἡμῶν.
1795 1921 1815 1953 ι

1924 1912 2161 1978 Christi,
2192 1914 2247 1967 in
2282 1913 2432 1967 omni
2466 1914 2586 1967 loco
2614 1912 2884 1982 ipsorum,
2917 1916 2972 1965 et
2994 1918 3205 1965 nostro.
3248 1928 3267 1961 ι
3309 1907 3505 1963 Omnia

205 2002 395 2058 Πάντα
426 2001 500 2055 τά
528 1998 808 2071 εἰρημένα
852 1997 949 2050 τοῦ
982 1995 1187 2059 πάθους
1229 1994 1683 2065 ἀλεξιφάρμακα⁹
1719 1993 1820 2065 τὴν

1924 2020 2045 2076 qua
2077 2004 2226 2060 dicta
2261 2013 2391 2059 sunt
2430 2004 2606 2059 morbi
2635 2010 2765 2059 sunt
2788 2002 3068 2057 remedia:
3112 2003 3253 2058 male
3296 2001 3496 2057 factam

205 2094 317 2168 γὰρ
378 2092 582 2157 κακῶς
635 2088 1018 2159 γεγενημένην
1059 2087 1322 2140 συνάπτει
1380 2085 1668 2157 διαίρεσιν.
1708 2085 1821 2138 Καὶ

1924 2097 2068 2151 enim
2114 2095 2443 2150 divisionem
2495 2093 2863 2163 coniungunt.
2912 2091 2979 2147 Et
3009 2093 3245 2161 primum
3281 2092 3505 2163 quidem

206 2185 430 2258 πρῶτον
487 2182 595 2254 μὲν
652 2177 855 2243 αὐτοὺς
897 2179 1048 2248 μίαν
1108 2177 1487 2244 Ἐκκλησίαν
1530 2176 1818 2240 ἀποκαλεῖ,

1924 2188 2076 2260 ipsos
2105 2195 2266 2241 vocat
2306 2202 2470 2240 unam
2512 2184 2831 2249 Ecclesiam,
2873 2193 2930 2238 et
2960 2182 3057 2237 Dei
3096 2181 3413 2246 Ecclesium,
3450 2190 3507 2237 et

214 2279 305 2332 καὶ
337 2273 515 2339 Θεοῦ,
539 2273 951 2336 Ἐκκλησίαν,
980 2270 1075 2325 καί
1093 2268 1472 2342 προστίθησιν,
1499 2268 1569 2322 ἐν
1588 2266 1822 2336 Χριστῷ

226 2366 448 2436 Ἰησοῦ,
486 2366 595 2419 οὐκ
631 2366 694 2418 ὲν
750 2363 829 2435 τῷ
856 2364 992 2417 δεῖνι
1040 2363 1136 2415 καὶ
1166 2361 1320 2415 δεῖνι.
1348 2362 1519 2414 Καλεῖ
1542 2360 1601 2419 δὲ
1622 2360 1824 2423 αὐτοὺς

223 2460 316 2513 καὶ
336 2460 571 2528 κλητνῦς
597 2441 695 2511 καὶ
727 2456 939 2525 ἁγίους,
968 2455 1064 2510 καὶ
1120 2453 1382 2508 συνάπτει
1407 2455 1522 2517 τοῖς
1555 2452 1700 2507 κατά
1721 2450 1822 2522 τὴν

223 2551 541 2621 οἰκουμένην
600 2546 1029 2610 πεπιστευκόσι,
1070 2545 1342 2599 διδάσκων
1383 2544 1460 2608 ὡς
1497 2543 1599 2597 οὐκ
1625 2544 1824 2606 αὐτοὺς

217 2641 660 2713 μόωνὸμονοεῖν
707 2636 1003 2710 προσήκει,
1047 2634 1181 2688 ἀλλὰ
1208 2634 1307 2686 καὶ
1349 2632 1559 2695 πάντας
1594 2633 1720 2695 τοὺς
1745 2631 1824 2701 τῷ

213 2733 470 2806 σωτηρίῳ
528 2728 978 2792 πεπιστευκότας
1026 2725 1342 2797 κηρύγματι
1392 2723 1451 2778 ἓν
1499 2723 1644 2794 ἔχειν
1694 2724 1827 2795 φρό-

213 2842 383 2896 νημα,
420 2823 520 2878 ᾰτε
550 2822 620 2892 δὴ
664 2822 748 2882 εἰς
776 2819 836 2872 ἓν
867 2808 1045 2889 σῶμῖ
1061 2815 1449 2878 συντελοῦντας
1489 2814 1584 2868 τοῦ
1621 2812 1827 2868 Δεσπό-

208 2934 304 2972 του
328 2912 603 2985 Χριστοῦ.
638 2911 718 2965 Τὸ
736 2910 816 2976 δὲ,
841 2907 1045 2965 αὐτῶν
1076 2907 1145 2961 δὲ
1175 2907 1274 2961 καί
1308 2904 1498 2975 ἡμῶν,
1523 2904 1602 2976 τῷ
1630 2904 1827 2973 Κυρίῳ

210 3006 624 3076 συνήρμοσται,
675 3001 802 3055 ἀντὶ
854 2998 976 3065 τοῦ,
1026 2999 1139 3052 Καὶ
1191 2999 1355 3070 ἡμεῖς
1403 2998 1453 3050 οἰ
1496 2997 1825 3067 γράφοντες,

213 3096 308 3151 καὶ
323 3096 488 3166 ὑμεῖς
501 3096 554 3147 οἱ
580 3091 699 3146 τῶν
715 3091 1067 3162 γραμμάτων
1087 3087 1474 3152 ἀπολαύοντες,
1495 3087 1593 3141 ἕνα
1621 3085 1828 3158 Κύριον

216 3183 974 3287 ἰοξιενΞἾσοδνῗίρέστδνκ
1063 3271 1077 3287 .
1128 3270 1142 3287 ,
1280 3269 1292 3287 ,
1351 3267 1367 3287 .
1431 3267 1471 3287 η
1537 3267 1563 3281 .
1610 3269 1658 3287 η
1769 3266 1789 3287 .
1855 3226 1900 3287 ο

282 3278 354 3346 Υ.
383 3294 403 3328 ι
446 3276 638 3345 Χάρις
693 3274 828 3344 ὑμῖν
886 3271 982 3325 καὶ
1030 3270 1220 3341 εἰρήνη
1270 3267 1379 3322 ἀπὸ
1429 3267 1567 3321 Θεοῦ
1610 3266 1828 3337 Πατρδς

2003 3267 2176 3324 Vens.
2192 3269 2247 3323 5.
2275 3285 2296 3319 ι
2324 3266 2517 3323 Gratia
2545 3267 2709 3323 vobis
2730 3274 2785 3323 et
2800 3282 2903 3337 pas
2925 3281 2957 3320 a
2984 3265 3097 3322 Deo
3116 3264 3280 3322 Patre
3297 3276 3514 3331 nostra,

221 3369 394 3441 ἡμῶν,
425 3368 528 3421 καὶ
546 3365 765 3436 Κυρίου
802 3361 979 3433 Ἰησοῦ
1008 3359 1267 3432 Χριστοῦ.
1305 3380 1324 3414 ι
1364 3360 1461 3424 Εἰς
1507 3360 1699 3432 καιρὸν
1726 3359 1831 3413 αὖ·

1930 3373 1984 3419 et
2023 3361 2258 3417 Domino
2300 3360 2434 3416 Jesu
2479 3360 2724 3415 Christo.
2774 3378 2792 3411 ι
2837 3361 2856 3380 ‘
2895 3358 3221 3428 Opportune
3268 3358 3348 3413 eis
3382 3374 3513 3429 gra-

218 3460 326 3524 τοῖς
349 3460 448 3514 καί
465 3458 575 3530 τὴν
606 3458 774 3528 χάριν
806 3453 1084 3525 ἐπηύξατο
1111 3453 1207 3507 καὶ
1234 3451 1334 3522 τὴν
1366 3453 1614 3522 εἰρήνην,
1647 3450 1742 3505 ἅτε
1764 3449 1830 3522 δὴ

1930 3455 2064 3509 tiam
2100 3459 2362 3523 precatus
2393 3459 2483 3507 est
2521 3459 2574 3507 et
2610 3466 2830 3521 pacem,
2870 3457 2935 3505 ut
2973 3450 3069 3521 qui
3101 3449 3264 3505 divisi
3299 3458 3511 3511 essent,

221 3551 579 3625 διῃρημένοις
615 3548 716 3602 ιιιαί⁸
745 3546 1104 3606 στασιάζουσι
1128 3537 1268 3616 πρδς
1290 3543 1573 3614 ἀλλήλους.
1610 3541 1830 3613 Ταύτης

1929 3553 1985 3600 et
2022 3545 2168 3599 inter
2203 3557 2266 3598 se
2304 3543 2684 3598 dissentirent.
2739 3541 2917 3611 Hujus
2960 3549 3143 3597 autem
3198 3539 3514 3611 largitorem

222 3643 281 3709 δὲ
314 3641 486 3707 ἔδειξε
532 3639 786 3713 χορηγὸν
832 3638 895 3693 οὐ
945 3637 1038 3690 τὸν
1097 3636 1321 3721 Πατέρα
1354 3636 1536 3707 μόνον,
1562 3634 1699 3688 ἀλλά
1734 3635 1831 3688 καὶ

1929 3648 2055 3691 esse
2085 3634 2329 3690 ostendit
2351 3648 2459 3688 non
2490 3634 2670 3689 solum
2696 3632 2941 3695 Patrem,
2974 3633 3070 3688 sed
3091 3632 3255 3688 etiam
3286 3630 3514 3699 Filium,

219 3733 314 3788 τὸν
335 3732 491 3798 Υίδν,
517 3731 618 3785 τοῦ
647 3730 870 3802 Πατρδς
911 3731 1008 3783 καί
1036 3727 1131 3782 τοῦ
1167 3726 1299 3781 Υἱοῦ
1334 3726 1556 3790 δεικνὺς
1584 3726 1685 3796 τὴν
1721 3724 1828 3779 ἰσό-

1931 3724 2112 3782 Patris
2138 3733 2192 3781 et
2226 3723 2349 3779 Filii
2380 3725 2757 3795 aequalitatem
2794 3723 3072 3779 indicans.

224 3843 417 3975 mgf:
470 3915 810 3991 Εὐχαριστῶ
825 3914 905 3986 τῷ
941 3913 1063 3986 Θεῷ
1092 3931 1195 3985 μου
1220 3913 1455 3967 πάντοτε
1487 3911 1619 3983 περὶ
1651 3909 1827 3982 ὑμῶν,

228 4010 409 4083 tat-t1;
441 4010 641 4081 χάριτι
667 4006 765 4061 τοῦ
788 4005 949 4071 Θεοῦ,
989 4007 1056 4077 τῇ
1106 4005 1323 4075 δοθείσῃ
1353 4004 1485 4074 ὑμῖν
1512 4007 1574 4058 ὲν
1606 4003 1831 4076 Χριστῷ

238 4100 435 4171 Ἰησοῦ.
499 4118 519 4151 ι
575 4097 813 4154 Μέλλων
882 4098 1211 4167 κατηγορεῖν
1269 4093 1676 4166 προθεραπεύει
1729 4095 1830 4165 τὴν

1913 985 2055 1041 Filio
2078 988 2411 1054 attribuunt,
2441 986 2510 1042 de
2548 976 2731 1042 Patre'
2767 987 2978 1055 posuit.
3020 986 3135 1041 Hoc
3171 997 3355 1041 autem
3390 1001 3501 1040 non

1915 1077 2164 1145 fecisset,
2199 1079 2248 1134 si
2279 1079 2732 1150 praepositionem
2767 1094 2861 1148 per
2885 1094 3037 1148 quem
3075 1078 3258 1133 minus
3294 1078 3500 1147 aliquid

1917 1171 2234 1242 significare
2258 1172 2656 1237 existimasset,
2693 1186 2855 1240 quam
2881 1187 2945 1225 ea:
2967 1187 3090 1240 quo.
3126 1190 3145 1223 ι
3176 1169 3240 1224 Ει
3275 1171 3504 1225 Sosthe-

1917 1264 2029 1320 ne!
2049 1263 2239 1319 frater.
2274 1283 2293 1316 ι
2329 1265 2604 1320 Existimo
2632 1264 2781 1318 hunc
2809 1279 2933 1319 esse
2964 1262 3337 1317 Corinthium.
3369 1262 3502 1332 Ejus

1918 1364 2103 1410 autem
2142 1356 2396 1412 meminit
2426 1373 2648 1427 quoque
2673 1361 2916 1411 Actuum‘
2943 1356 3195 1417 historia,
3251 1363 3306 1408 et
3345 1356 3505 1409 docet

1920 1462 2023 1503 nos
2052 1449 2248 1505 beatus
2274 1449 2477 1515 Lucas,
2501 1454 2646 1520 quod
2678 1451 3020 1519 arripuerint
3045 1464 3169 1505 eum
3199 1448 3374 1504 erci
3404 1450 3506 1505 sub
3545 1501 3549 1504 .

1920 1539 2196 1605 Gallione,
2223 1551 2276 1596 et
2303 1543 2447 1597 male
2472 1541 2757 1596 multarint
2785 1551 2832 1594 α.

1925 2279 2100 2345 addit,
2132 2280 2187 2333 in
2217 2277 2434 2334 Christo
2460 2275 2613 2342 Jcsu,
2653 2290 2762 2330 tuon
2803 2275 2859 2329 in
2902 2275 3007 2330 hoc
3041 2274 3129 2330 vel
3160 2274 3277 2333 illo.
3332 2272 3507 2327 Vocat

1924 2378 2106 2427 autem
2143 2371 2295 2442 ipsos
2329 2378 2383 2425 et
2413 2377 2625 2423 vocatos
2639 2375 2697 2423 et
2725 2375 2964 2431 sanctos,
2992 2373 3048 2421 et
3072 2366 3143 2422 iis
3164 2366 3391 2436 copulat
3410 2366 3504 2434 qui

1924 2475 2046 2523 toto
2085 2468 2142 2522 in
2197 2466 2332 2521 orbe
2385 2464 2661 2520 terrarum
2714 2461 3075 2517 crediderunt
3106 2476 3120 2515 :
3158 2459 3367 2515 docens
3396 2472 3508 2513 non

1926 2558 2077 2628 ipsos
2132 2558 2310 2612 solum
2356 2554 2520 2626 166
2559 2552 2868 2608 concordes
2916 2564 3042 2606 esse
3089 2556 3367 2620 Oportere,
3411 2548 3508 2604 sed

1927 2663 2124 2704 omnes
2145 2648 2314 2703 etiam
2346 2646 2442 2716 qui
2472 2642 2701 2700 salutari
2725 2641 3100 2713 praedicationi
3131 2639 3507 2703 crediderunt,

1928 2718 2099 2790 unum
2134 2734 2364 2798 sentire,
2407 2738 2468 2788 ut
2494 2730 2588 2802 qui
2630 2730 2690 2785 in
2723 2744 2835 2784 uno
2869 2728 3075 2784 Christi
3111 2726 3348 2789 ,Domlni
3379 2742 3510 2782 cor-

1927 2843 2062 2898 pore
2094 2824 2379 2894 conjuncti
2402 2824 2537 2878 sint.
2565 2820 2702 2876 Illud
2726 2827 2937 2901 autem,
2963 2820 3202 2889 ipsorum
3223 2827 3274 2873 et
3306 2830 3510 2892 castra,

1928 2931 2054 2971 cum
2085 2915 2312 2971 Domino
2338 2914 2603 2980 cohaeret,
2630 2911 2703 2967 ita
2727 2920 2789 2966 ut
2820 2925 3022 2975 sensus
3058 2910 3153 2974 sit,
3181 2907 3246 2963 Et
3278 2924 3383 2965 nos
3414 2909 3513 2979 qui

1929 3005 2251 3071 scribimus,
2293 3010 2350 3060 et
2403 3018 2504 3059 vos
2559 3002 2653 3073 qui
2694 3000 2945 3071 acceptis
2987 2999 3193 3054 litteris
3237 2997 3513 3064 fruimini,

1928 3112 2100 3152 unum
2136 3095 2426 3151 Dominum
2450 3095 2719 3150 habemus
2751 3092 3053 3148 Christum.

1999 3893 2246 3958 Vens].
2282 3919 2307 3953 ι
2340 3900 2564 3957 Gratias
2618 3912 2722 3968 ago
2777 3898 2887 3955 Deo
2926 3911 3054 3954 meo
3102 3912 3203 3967 pro
3249 3897 3408 3954 vobis
3443 3898 3511 3951 dc

1931 3996 2109 4069 gratia
2129 3994 2226 4050 Dei
2266 4007 2392 4064 qua:
2429 3989 2559 4045 data
2590 3997 2677 4045 est
2720 3987 2880 4043 vobis
2921 3988 2978 4042 in
3037 3986 3261 4043 Christo
3289 3984 3442 4044 Jesu.
3488 4008 3504 4037 ι

1929 4089 2313 4145 Accusaturus
2336 4082 2617 4139 demulcet
2639 4095 2803 4136 aures
2832 4078 3009 4150 prius,
3043 4088 3101 4133 ut
3127 4069 3406 4133 medhtina
3438 4077 3513 4131 fi-

228 4168 414 4260 ἀκοὴν,
451 4189 604 4242 ὥστε
630 4188 830 4253 δεκτὴν
865 4186 1122 4252 γενέσθαι
1169 4185 1270 4256 τὴν
1298 4184 1564 4256 ἰατρείαν.
1593 4188 1748 4256 Ἔχει
1772 4186 1831 4240 δὲ

1932 4179 2096 4234 cilius
2131 4175 2494 4247 suscipiatur.
2523 4170 2826 4227 Veritatem
2850 4184 2982 4225 vero
3004 4168 3151 4225 dicta
3178 4168 3465 4224 continent
3492 4187 3509 4223 :

227 4283 317 4335 καὶ
441 4279 683 4350 ἀψευδὲς
702 4279 779 4333 ’τά
814 4277 1082 4349 εἰρημένα
1101 4291 1117 4306 ·
1152 4277 1246 4330 ἐπὶ
1275 4278 1386 4350 γὰρ
1415 4280 1535 4340 ταῖς
1557 4276 1831 4342 δοθείσαις

1930 4276 2156 4341 prapter
2176 4267 2304 4322 data
2332 4265 2483 4321 enim
2507 4263 2591 4319 eis
2618 4262 2764 4316 dona
2798 4261 3010 4331 gratias
3047 4258 3164 4331 agit
3209 4259 3345 4315 Deo.
3386 4256 3515 4314 Haec

228 4375 411 4436 αὐτοῖς
436 4370 817 4442 εὐχαρίστησε
865 4367 947 4444 τῷ
993 4366 1112 4439 Θεῷ
1158 4368 1408 4439 δωρεαῖς.
1453 4368 1614 4437 Λέγει
1643 4367 1700 4421 δὲ
1738 4368 1832 4421 καὶ

1924 4371 2113 4416 autem
2140 4359 2258 4429 ipsa
2287 4357 2427 4413 dicit
2465 4355 2633 4412 etiam
2661 4353 2925 4426 apertius.

228 4464 401 4520 ταῦτα
436 4463 809 4533 σαφέστερον.

297 4554 358 4620 ε’,
388 4561 468 4621 ς’.
573 4525 707 4607 Ὀτι
754 4553 813 4604 ὲν
865 4549 1028 4604 παντί
1056 4547 1445 4617 ἐπλουτίσθητε
1474 4547 1534 4601 ἐν
1574 4546 1743 4617 αὐτῷ,
1771 4548 1830 4600 ὲν

2006 4540 2174 4596 Vsus.
2207 4538 2261 4605 5,
2287 4537 2339 4592 6.
2398 4555 2417 4589 ι
2458 4534 2617 4602 Quod
2664 4534 2722 4588 in
2767 4529 2918 4587 omni
2960 4528 3160 4584 divites
3203 4525 3338 4580 facti
3377 4525 3545 4579 estiS'

1995 1632 2163 1688 Vens.
2206 1636 2262 1689 2.
2315 1653 2334 1685 ι
2375 1633 2640 1689 Ecclesiae
2674 1634 2768 1689 Dei
2808 1649 2932 1704 qua:
2954 1642 3038 1688 est
3072 1608 3349 1699 Corinthi,
3374 1649 3505 1689 san-
3619 1622 3626 1630 ’

232 4649 395 4699 παντὶ
423 4645 582 4715 λόγῳ
620 4642 722 4696 καὶ
745 4643 897 4715 πάσῃ
941 4639 1163 4710 γνώσει,
1208 4638 1394 4702 καθὼς
1428 4638 1492 4693 τὸ
1528 4638 1830 4711 μαρτύριον

232 4738 321 4792 τοῦ
370 4735 626 4811 Χριστοῦ
672 4732 980 4804 ἐσεδαιιὶιθη
1020 4734 1078 4785 ὲν
1122 4732 1271 4802 ὑμῖν.
1306 4749 1325 4783 ι
1358 4729 1546 4786 Ταῦτα
1579 4731 1693 4803 εῑδη
1719 4730 1831 4787 τῶν

113 4880 131 4896 ,
232 4831 324 4884 τοῦ
371 4827 707 4898 Πνεύματος
770 4824 1145 4896 χαρισμάτων.
1179 4842 1199 4875 ι
1238 4816 1309 4894 Ὦ
1345 4824 1444 4894 μὲν
1488 4824 1619 4895 γάρ,
1673 4823 1830 4894 φησί,

233 4921 320 4976 διὰ
350 4920 453 4975 τοῦ
511 4916 839 4988 Πνεύματος
880 4915 1082 4969 δίδοται
1130 4914 1288 4983 λόγος
1330 4913 1540 4982 σοφίας,
1587 4912 1735 4984 ἄλλῳ
1772 4912 1830 4967 δὲ

233 5015 391 5083 λόγος
426 5011 696 5083 γνώσεως
721 5008 866 5063 κατά
899 5006 960 5061 τὸ
990 5008 1123 5060 αὐτὸ
1160 5005 1408 5078 Πνεῦμα.
1442 5026 1461 5057 ι
1498 5005 1744 5075 Συνεχιῖκ
1773 5004 1831 5058 δὲ

234 5107 292 5160 τδ
317 5105 416 5160 τοῦ
440 5103 659 5175 Κυρίου
695 5101 871 5172 ὄνομα
919 5098 1279 5169 παρεντίθησι
1304 5115 1319 5128 ·
1342 5097 1612 5152 διδάσκων
1635 5097 1711 5160 ὡς
1732 5097 1833 5167 οὐχ

236 5197 509 5269 ἑτέρωθεν
541 5190 912 5265 ὀνομάζεσθαι
939 5189 1066 5262 χρὴ.
1092 5188 1208 5242 ἀλλ’
1230 5191 1293 5242 ὲκ
1319 5187 1414 5241 τοῦ
1444 5188 1543 5259 τὴν
1565 5186 1839 5257 σωτηρίαν

239 5287 678 5359 mxumum.
722 5282 1064 5351 Μαρτύριον
1114 5278 1175 5332 δὲ
1222 5279 1285 5332 τὸ
1328 5277 1423 5332 τοῦ
1470 5277 1707 5349 Χριστοῦ
1736 5279 1837 5350 κή-

242 5393 424 5447 ρυγμα
454 5375 649 5431 καλεῖ·
706 5373 1172 5444 διαμαρτύρονται
1233 5368 1342 5440 γάρ
1401 5385 1518 5431 πως
1550 5370 1598 5422 οἰ
1631 5368 1836 5440 κηρύτ-

244 5484 441 5533 ’.οντες.
473 5467 637 5522 οὕτω
695 5465 794 5520 καί.
844 5461 1096 5532 Τιμοθέῳ
1149 5461 1378 5534 γράφων
1428 5459 1581 5529 ἔλεγε
1606 5476 1620 5490 ο
1650 5477 1669 5511 ι
1705 5462 1833 5513 Δια-

314 5615 340 5643 ·
383 5604 509 5657 Act.
543 5615 721 5662 xvm,
758 5597 847 5653 i7.
926 5596 954 5637 ά
996 5595 1173 5651 lCor.
1207 5610 1280 5649 xu
1306 5635 1321 5661 ,
1351 5593 1404 5648 8.

1890 4616 1993 4689 sin
2030 4634 2145 4698 ilio,
2182 4630 2238 4685 in
2267 4628 2417 4684 omni
2466 4626 2661 4690 verbo,
2706 4631 2762 4679 et
2809 4623 2865 4677 in
2894 4619 3045 4675 omni
3068 4617 3326 4681 scientia,
3365 4616 3513 4670 sicut

1937 4722 2317 4781 testimonium
2356 4718 2565 4775 Christi
2617 4714 3002 4771 conﬁrmatum
3047 4718 3135 4765 est
3169 4708 3225 4762 in
3270 4706 3446 4761 vobis.
3486 4723 3505 4753 ο

1936 4814 2030 4871 lla:
2088 4821 2219 4870 sunt
2265 4813 2478 4882 species
2522 4810 2798 4865 donorum
2851 4802 3117 4874 Spiritus.
3150 4818 3174 4852 ι
3215 4796 3511 4854 Αιίὶειιὶιιι,

1937 4910 2137 4979 inquit,
2194 4920 2295 4976 per
2331 4902 2601 4975 Spiritum
2626 4901 2790 4956 datur
2830 4910 3016 4953 sermo
3067 4891 3377 4979 sapientiae,
3419 4888 3511 4979 alii

1937 4977 2134 5063 autem,
2176 5010 2363 5052 sermo
2401 4993 2667 5055 scientiae,
2715 4987 3021 5047 secundum
3052 4983 3305 5040 eumdem
3347 4977 3515 5047 Spiri-

1939 5101 2055 5148 tum
2086 5091 2140 5145 δ.
2173 5089 2446 5160 Perpetuo
2466 5096 2650 5141 autem
2685 5081 2920 5144 Christi,
2951 5086 3008 5135 et
3038 5075 3186 5141 Filii,
3210 5079 3266 5127 et
3298 5068 3512 5124 Domini

1938 5195 2140 5237 nomen
2175 5178 2391 5244 inserit,
2424 5176 2630 5232 docens
2656 5188 2767 5228 non
2796 5186 2865 5226 ex
2908 5168 3017 5223 alio
3049 5160 3324 5220 nominari
3353 5172 3515 5228 opor-

1897 5324 1904 5331 .
1935 5282 2073 5339 tere,
2112 5287 2275 5342 quam
2314 5285 2388 5326 ex
2426 5283 2495 5324 eo
2542 5265 2635 5336 qui
2667 5264 2903 5321 salutem
2944 5256 3204 5330 praebuit.
3253 5250 3516 5342 Testitum-

1933 5366 2079 5420 nium
2132 5338 2314 5419 autem
2361 5360 2600 5433 appellat
2651 5357 2858 5414 Christi
2904 5350 3374 5424 praedicationem.
3409 5340 3513 5409 Qui
3570 5338 3579 5343 ’

1931 5459 2078 5513 enim
2112 5456 2435 5527 pradicant,
2468 5447 2876 5523 quodammodo
2899 5453 3198 5502 testantur.
3239 5439 3316 5492 lta
3345 5433 3512 5491 etiam

1561 5704 1796 5762 νΑιιιιΕ
1838 5703 2239 5762 LECTIONES.

284 5807 296 5836 '
323 5807 398 5864 ita
440 5802 803 5864 8.3imtondi
831 5808 1015 5860 textus
1035 5798 1270 5855 habebat
1299 5796 1542 5867 ἔδρακεν.
