  <div class='ocr_page' id='page_1' title='image "/cluster/home/n/w/nwhite01/storage/ocr_20150623/82:no.3/coo.31924054869833/123.png"; bbox 0 0 4034 6402; ppageno 0'>
   <div class='ocr_carea' id='block_1_1' title="bbox 436 368 652 444">
    <p class='ocr_par' dir='ltr' id='par_1_1' title="bbox 436 368 652 444">
     <span class='ocr_line' id='line_1_1' title="bbox 436 368 652 444; baseline 0 0"><span class='ocrx_word' id='word_1_1' title='bbox 436 368 441 373; x_wconf 65' lang='grc'><em>’</em></span> <span class='ocrx_word' id='word_1_2' title='bbox 549 373 652 444; x_wconf 74' lang='lat'><strong>231</strong></span> 
     </span>
    </p>
   </div>
   <div class='ocr_carea' id='block_1_2' title="bbox 1545 376 2803 440">
    <p class='ocr_par' dir='ltr' id='par_1_2' title="bbox 1545 376 2803 440">
     <span class='ocr_line' id='line_1_2' title="bbox 1545 376 2803 440; baseline 0.002 -6"><span class='ocrx_word' id='word_1_3' title='bbox 1545 376 2034 437; x_wconf 84' lang='lat' dir='ltr'><strong>THEODORETI</strong></span> <span class='ocrx_word' id='word_1_4' title='bbox 2062 378 2401 440; x_wconf 82' lang='lat' dir='ltr'><strong>EPISCOPI</strong></span> <span class='ocrx_word' id='word_1_5' title='bbox 2436 380 2803 440; x_wconf 77' lang='lat' dir='ltr'><strong>CYHENSIS</strong></span> 
     </span>
    </p>
   </div>
   <div class='ocr_carea' id='block_1_3' title="bbox 3700 381 3816 444">
    <p class='ocr_par' dir='ltr' id='par_1_3' title="bbox 3700 381 3816 444">
     <span class='ocr_line' id='line_1_3' title="bbox 3700 381 3816 444; baseline 0 0"><span class='ocrx_word' id='word_1_6' title='bbox 3700 381 3816 444; x_wconf 70' lang='lat'><strong>232</strong></span> 
     </span>
    </p>
   </div>
   <div class='ocr_carea' id='block_1_4' title="bbox 557 490 2124 566">
    <p class='ocr_par' dir='ltr' id='par_1_4' title="bbox 557 491 2124 562">
     <span class='ocr_line' id='line_1_4' title="bbox 557 491 2124 562; baseline -0.003 -12"><span class='ocrx_word' id='word_1_7' title='bbox 557 497 625 550; x_wconf 90' lang='lat' dir='ltr'><strong>ad</strong></span> <span class='ocrx_word' id='word_1_8' title='bbox 658 493 1001 548; x_wconf 76' lang='lat' dir='ltr'><strong>Timotheum</strong></span> <span class='ocrx_word' id='word_1_9' title='bbox 1040 493 1288 548; x_wconf 68' lang='lat' dir='ltr'><strong>scribens</strong></span> <span class='ocrx_word' id='word_1_10' title='bbox 1320 491 1540 547; x_wconf 80' lang='lat' dir='ltr'><strong>diccbat</strong></span> <span class='ocrx_word' id='word_1_11' title='bbox 1572 512 1585 546; x_wconf 88' lang='lat'>:</span> <span class='ocrx_word' id='word_1_12' title='bbox 1619 512 1637 542; x_wconf 80' lang='grc' dir='ltr'><strong>ι</strong></span> <span class='ocrx_word' id='word_1_13' title='bbox 1679 491 1972 547; x_wconf 82' lang='lat' dir='ltr'><strong>Testiticor</strong></span> <span class='ocrx_word' id='word_1_14' title='bbox 2024 507 2124 562; x_wconf 82' lang='lat' dir='ltr'><strong>ego</strong></span> 
     </span>
    </p>
   </div>
   <div class='ocr_carea' id='block_1_5' title="bbox 2235 490 3814 566">
    <p class='ocr_par' dir='ltr' id='par_1_5' title="bbox 2235 490 3814 566">
     <span class='ocr_line' id='line_1_5' title="bbox 2235 490 3814 566; baseline 0.001 -18"><span class='ocrx_word' id='word_1_15' title='bbox 2235 496 2585 566; x_wconf 86' lang='grc' dir='ltr'>μαρτύρομαι</span> <span class='ocrx_word' id='word_1_16' title='bbox 2638 490 2732 548; x_wconf 78' lang='grc' dir='ltr'><strong>οὖν</strong></span> <span class='ocrx_word' id='word_1_17' title='bbox 2758 492 2985 547; x_wconf 76' lang='grc' dir='ltr'>ἐνώπιον</span> <span class='ocrx_word' id='word_1_18' title='bbox 3033 493 3125 545; x_wconf 90' lang='grc' dir='ltr'><strong>τοῦ</strong></span> <span class='ocrx_word' id='word_1_19' title='bbox 3151 493 3282 545; x_wconf 79' lang='grc' dir='ltr'>Θεοῦ</span> <span class='ocrx_word' id='word_1_20' title='bbox 3301 493 3395 546; x_wconf 90' lang='grc' dir='ltr'><strong>τοῦ</strong></span> <span class='ocrx_word' id='word_1_21' title='bbox 3420 493 3814 564; x_wconf 66' lang='grc' dir='ltr'><strong>ζωογονοῦντος</strong></span> 
     </span>
    </p>
   </div>
   <div class='ocr_carea' id='block_1_6' title="bbox 544 583 2128 654">
    <p class='ocr_par' dir='ltr' id='par_1_6' title="bbox 544 583 2128 654">
     <span class='ocr_line' id='line_1_6' title="bbox 544 583 2128 654; baseline -0.002 -13"><span class='ocrx_word' id='word_1_22' title='bbox 544 601 729 642; x_wconf 85' lang='lat' dir='ltr'><strong>coram</strong></span> <span class='ocrx_word' id='word_1_23' title='bbox 755 585 863 640; x_wconf 85' lang='lat' dir='ltr'><strong>Deo</strong></span> <span class='ocrx_word' id='word_1_24' title='bbox 891 585 983 654; x_wconf 93' lang='lat' dir='ltr'><strong>qui</strong></span> <span class='ocrx_word' id='word_1_25' title='bbox 1006 594 1255 639; x_wconf 88' lang='lat' dir='ltr'><strong>mortuos</strong></span> <span class='ocrx_word' id='word_1_26' title='bbox 1286 584 1527 638; x_wconf 84' lang='lat' dir='ltr'><strong>vivilicat</strong></span> <span class='ocrx_word' id='word_1_27' title='bbox 1569 596 1614 636; x_wconf 73' lang='grc' dir='ltr'>ο.</span> <span class='ocrx_word' id='word_1_28' title='bbox 1649 604 1667 634; x_wconf 74' lang='grc' dir='ltr'><strong>ι</strong></span> <span class='ocrx_word' id='word_1_29' title='bbox 1695 583 1773 638; x_wconf 89' lang='lat' dir='ltr'><strong>lta</strong></span> <span class='ocrx_word' id='word_1_30' title='bbox 1794 586 1961 639; x_wconf 87' lang='lat' dir='ltr'><strong>etiam</strong></span> <span class='ocrx_word' id='word_1_31' title='bbox 1988 585 2128 639; x_wconf 72' lang='lat' dir='ltr'><strong>dixit</strong></span> 
     </span>
    </p>
   </div>
   <div class='ocr_carea' id='block_1_7' title="bbox 548 676 2128 748">
    <p class='ocr_par' dir='ltr' id='par_1_7' title="bbox 548 676 2128 748">
     <span class='ocr_line' id='line_1_7' title="bbox 548 676 2128 748; baseline 0 -17"><span class='ocrx_word' id='word_1_32' title='bbox 548 678 815 732; x_wconf 86' lang='lat' dir='ltr'><strong>Dominus</strong></span> <span class='ocrx_word' id='word_1_33' title='bbox 849 679 900 730; x_wconf 91' lang='lat' dir='ltr'><strong>in</strong></span> <span class='ocrx_word' id='word_1_34' title='bbox 928 678 1102 732; x_wconf 83' lang='lat' dir='ltr'><strong>sacris</strong></span> <span class='ocrx_word' id='word_1_35' title='bbox 1138 677 1451 745; x_wconf 80' lang='lat' dir='ltr'><strong>Evangeliis</strong></span> <span class='ocrx_word' id='word_1_36' title='bbox 1488 696 1499 729; x_wconf 87' lang='lat'>:</span> <span class='ocrx_word' id='word_1_37' title='bbox 1550 676 1711 748; x_wconf 73' lang='lat'><strong>167</strong></span> <span class='ocrx_word' id='word_1_38' title='bbox 1746 695 1764 727; x_wconf 76' lang='grc' dir='ltr'><strong>ι</strong></span> <span class='ocrx_word' id='word_1_39' title='bbox 1797 677 2128 731; x_wconf 63' lang='lat' dir='ltr'><strong>Praedicabi-</strong></span> 
     </span>
    </p>
   </div>
   <div class='ocr_carea' id='block_1_8' title="bbox 549 768 2129 840">
    <p class='ocr_par' dir='ltr' id='par_1_8' title="bbox 549 768 2129 840">
     <span class='ocr_line' id='line_1_8' title="bbox 549 768 2129 840; baseline 0 -16"><span class='ocrx_word' id='word_1_40' title='bbox 549 774 643 825; x_wconf 84' lang='lat' dir='ltr'><strong>tur</strong></span> <span class='ocrx_word' id='word_1_41' title='bbox 682 770 1034 840; x_wconf 78' lang='lat' dir='ltr'><strong>evangelium</strong></span> <span class='ocrx_word' id='word_1_42' title='bbox 1075 770 1179 822; x_wconf 90' lang='lat' dir='ltr'><strong>hoc</strong></span> <span class='ocrx_word' id='word_1_43' title='bbox 1235 768 1390 836; x_wconf 72' lang='lat' dir='ltr'><strong>regni</strong></span> <span class='ocrx_word' id='word_1_44' title='bbox 1444 769 1498 823; x_wconf 90' lang='lat' dir='ltr'><strong>in</strong></span> <span class='ocrx_word' id='word_1_45' title='bbox 1560 769 1825 824; x_wconf 87' lang='lat' dir='ltr'><strong>omnibus</strong></span> <span class='ocrx_word' id='word_1_46' title='bbox 1870 769 2129 839; x_wconf 74' lang='lat' dir='ltr'><strong>gentibus</strong></span> 
     </span>
    </p>
   </div>
   <div class='ocr_carea' id='block_1_9' title="bbox 546 859 2131 930">
    <p class='ocr_par' dir='ltr' id='par_1_9' title="bbox 546 859 2131 930">
     <span class='ocr_line' id='line_1_9' title="bbox 546 859 2131 930; baseline -0.001 -15"><span class='ocrx_word' id='word_1_47' title='bbox 546 863 602 917; x_wconf 90' lang='lat' dir='ltr'><strong>in</strong></span> <span class='ocrx_word' id='word_1_48' title='bbox 637 862 1014 917; x_wconf 89' lang='lat' dir='ltr'><strong>testimonium</strong></span> <span class='ocrx_word' id='word_1_49' title='bbox 1056 861 1191 930; x_wconf 85' lang='lat' dir='ltr'><strong>ipsis</strong></span> <span class='ocrx_word' id='word_1_50' title='bbox 1227 859 1268 912; x_wconf 70' lang='grc' dir='ltr'>τ.</span> <span class='ocrx_word' id='word_1_51' title='bbox 1312 878 1331 911; x_wconf 77' lang='grc' dir='ltr'><strong>ι</strong></span> <span class='ocrx_word' id='word_1_52' title='bbox 1369 859 1653 928; x_wconf 78' lang='lat' dir='ltr'><strong>Evangelii</strong></span> <span class='ocrx_word' id='word_1_53' title='bbox 1709 869 1892 915; x_wconf 89' lang='lat' dir='ltr'><strong>autem</strong></span> <span class='ocrx_word' id='word_1_54' title='bbox 1926 861 2131 914; x_wconf 77' lang='lat' dir='ltr'><strong>contir-</strong></span> 
     </span>
    </p>
   </div>
   <div class='ocr_carea' id='block_1_10' title="bbox 547 948 2128 1020">
    <p class='ocr_par' dir='ltr' id='par_1_10' title="bbox 547 948 2128 1020">
     <span class='ocr_line' id='line_1_10' title="bbox 547 948 2128 1020; baseline -0.001 -16"><span class='ocrx_word' id='word_1_55' title='bbox 547 952 843 1006; x_wconf 89' lang='lat' dir='ltr'><strong>mationem</strong></span> <span class='ocrx_word' id='word_1_56' title='bbox 876 949 1284 1003; x_wconf 79' lang='lat' dir='ltr'><strong>admirabilium</strong></span> <span class='ocrx_word' id='word_1_57' title='bbox 1314 949 1599 1017; x_wconf 83' lang='lat' dir='ltr'><strong>signorum</strong></span> <span class='ocrx_word' id='word_1_58' title='bbox 1655 948 2001 1003; x_wconf 82' lang='lat' dir='ltr'><strong>eﬂicientiam</strong></span> <span class='ocrx_word' id='word_1_59' title='bbox 2030 964 2128 1020; x_wconf 88' lang='lat' dir='ltr'><strong>ap-</strong></span> 
     </span>
    </p>
   </div>
   <div class='ocr_carea' id='block_1_11' title="bbox 545 1039 2127 1115">
    <p class='ocr_par' dir='ltr' id='par_1_11' title="bbox 545 1039 2127 1115">
     <span class='ocr_line' id='line_1_11' title="bbox 545 1039 2127 1115; baseline -0.001 -18"><span class='ocrx_word' id='word_1_60' title='bbox 545 1045 732 1115; x_wconf 78' lang='lat' dir='ltr'><strong>pellat.</strong></span> <span class='ocrx_word' id='word_1_61' title='bbox 785 1043 891 1095; x_wconf 89' lang='lat' dir='ltr'><strong>Per</strong></span> <span class='ocrx_word' id='word_1_62' title='bbox 927 1040 1018 1093; x_wconf 87' lang='lat' dir='ltr'><strong>illa</strong></span> <span class='ocrx_word' id='word_1_63' title='bbox 1053 1040 1199 1095; x_wconf 88' lang='lat' dir='ltr'><strong>enim</strong></span> <span class='ocrx_word' id='word_1_64' title='bbox 1233 1039 1649 1110; x_wconf 68' lang='lat' dir='ltr'><strong>prazdicationis</strong></span> <span class='ocrx_word' id='word_1_65' title='bbox 1687 1040 1895 1096; x_wconf 89' lang='lat' dir='ltr'><strong>veritas</strong></span> <span class='ocrx_word' id='word_1_66' title='bbox 1941 1049 2127 1096; x_wconf 80' lang='lat' dir='ltr'><strong>osten-</strong></span> 
     </span>
    </p>
   </div>
   <div class='ocr_carea' id='block_1_12' title="bbox 544 1137 801 1191">
    <p class='ocr_par' dir='ltr' id='par_1_12' title="bbox 544 1137 801 1191">
     <span class='ocr_line' id='line_1_12' title="bbox 544 1137 801 1191; baseline -0.012 -2"><span class='ocrx_word' id='word_1_67' title='bbox 544 1137 801 1191; x_wconf 79' lang='lat' dir='ltr'><strong>debatur.</strong></span> 
     </span>
    </p>
   </div>
   <div class='ocr_carea' id='block_1_13' title="bbox 616 1227 2123 1300">
    <p class='ocr_par' dir='ltr' id='par_1_13' title="bbox 616 1227 2123 1300">
     <span class='ocr_line' id='line_1_13' title="bbox 616 1227 2123 1300; baseline -0.003 -12"><span class='ocrx_word' id='word_1_68' title='bbox 616 1231 789 1289; x_wconf 75' lang='lat' dir='ltr'><strong>Vens.</strong></span> <span class='ocrx_word' id='word_1_69' title='bbox 815 1233 901 1285; x_wconf 75' lang='lat'><strong>7.«</strong></span> <span class='ocrx_word' id='word_1_70' title='bbox 934 1230 1012 1284; x_wconf 90' lang='lat' dir='ltr'><strong>Ita</strong></span> <span class='ocrx_word' id='word_1_71' title='bbox 1043 1241 1098 1284; x_wconf 90' lang='lat' dir='ltr'><strong>ut</strong></span> <span class='ocrx_word' id='word_1_72' title='bbox 1122 1229 1259 1284; x_wconf 86' lang='lat' dir='ltr'><strong>nihil</strong></span> <span class='ocrx_word' id='word_1_73' title='bbox 1291 1228 1447 1283; x_wconf 90' lang='lat' dir='ltr'><strong>vobis</strong></span> <span class='ocrx_word' id='word_1_74' title='bbox 1476 1227 1615 1283; x_wconf 84' lang='lat' dir='ltr'><strong>desit</strong></span> <span class='ocrx_word' id='word_1_75' title='bbox 1638 1228 1692 1282; x_wconf 91' lang='lat' dir='ltr'><strong>in</strong></span> <span class='ocrx_word' id='word_1_76' title='bbox 1730 1228 1838 1283; x_wconf 89' lang='lat' dir='ltr'><strong>ulla</strong></span> <span class='ocrx_word' id='word_1_77' title='bbox 1870 1231 2068 1300; x_wconf 70' lang='lat' dir='ltr'><strong>gratia.</strong></span> <span class='ocrx_word' id='word_1_78' title='bbox 2103 1249 2123 1283; x_wconf 77' lang='grc' dir='ltr'><strong>ι</strong></span> 
     </span>
    </p>
   </div>
   <div class='ocr_carea' id='block_1_14' title="bbox 544 1322 2128 1396">
    <p class='ocr_par' dir='ltr' id='par_1_14' title="bbox 544 1322 2128 1396">
     <span class='ocr_line' id='line_1_14' title="bbox 544 1322 2128 1396; baseline -0.003 -13"><span class='ocrx_word' id='word_1_79' title='bbox 544 1326 680 1383; x_wconf 87' lang='lat' dir='ltr'><strong>Nam</strong></span> <span class='ocrx_word' id='word_1_80' title='bbox 715 1336 770 1381; x_wconf 86' lang='lat' dir='ltr'><strong>et</strong></span> <span class='ocrx_word' id='word_1_81' title='bbox 820 1325 1197 1396; x_wconf 86' lang='lat' dir='ltr'><strong>propheticam</strong></span> <span class='ocrx_word' id='word_1_82' title='bbox 1248 1322 1479 1392; x_wconf 78' lang='lat' dir='ltr'><strong>gratiam</strong></span> <span class='ocrx_word' id='word_1_83' title='bbox 1522 1322 1700 1391; x_wconf 83' lang='lat' dir='ltr'><strong>adepti</strong></span> <span class='ocrx_word' id='word_1_84' title='bbox 1739 1334 1920 1389; x_wconf 88' lang='lat' dir='ltr'><strong>erant,</strong></span> <span class='ocrx_word' id='word_1_85' title='bbox 1956 1333 2011 1379; x_wconf 92' lang='lat' dir='ltr'><strong>et</strong></span> <span class='ocrx_word' id='word_1_86' title='bbox 2044 1325 2128 1379; x_wconf 89' lang='lat' dir='ltr'><strong>di-</strong></span> 
     </span>
    </p>
   </div>
   <div class='ocr_carea' id='block_1_15' title="bbox 544 1416 2128 1490">
    <p class='ocr_par' dir='ltr' id='par_1_15' title="bbox 544 1416 2128 1490">
     <span class='ocr_line' id='line_1_15' title="bbox 544 1416 2128 1490; baseline -0.003 -13"><span class='ocrx_word' id='word_1_87' title='bbox 544 1421 722 1477; x_wconf 77' lang='lat' dir='ltr'><strong>versis</strong></span> <span class='ocrx_word' id='word_1_88' title='bbox 751 1419 953 1490; x_wconf 76' lang='lat' dir='ltr'><strong>linguis</strong></span> <span class='ocrx_word' id='word_1_89' title='bbox 984 1417 1371 1486; x_wconf 81' lang='lat' dir='ltr'><strong>loquebantur,</strong></span> <span class='ocrx_word' id='word_1_90' title='bbox 1406 1425 1467 1470; x_wconf 93' lang='lat' dir='ltr'><strong>ut</strong></span> <span class='ocrx_word' id='word_1_91' title='bbox 1492 1416 1544 1468; x_wconf 91' lang='lat' dir='ltr'><strong>in</strong></span> <span class='ocrx_word' id='word_1_92' title='bbox 1572 1416 1638 1471; x_wconf 92' lang='lat' dir='ltr'><strong>iis</strong></span> <span class='ocrx_word' id='word_1_93' title='bbox 1661 1431 1783 1485; x_wconf 55' lang='lat' dir='ltr'><strong>quae</strong></span> <span class='ocrx_word' id='word_1_94' title='bbox 1818 1426 2128 1487; x_wconf 88' lang='lat' dir='ltr'><strong>sequuntur</strong></span> 
     </span>
    </p>
   </div>
   <div class='ocr_carea' id='block_1_16' title="bbox 547 1508 2126 1583">
    <p class='ocr_par' dir='ltr' id='par_1_16' title="bbox 547 1508 2126 1583">
     <span class='ocr_line' id='line_1_16' title="bbox 547 1508 2126 1583; baseline -0.001 -15"><span class='ocrx_word' id='word_1_95' title='bbox 547 1514 708 1568; x_wconf 87' lang='lat' dir='ltr'><strong>docet</strong></span> <span class='ocrx_word' id='word_1_96' title='bbox 738 1512 1002 1583; x_wconf 82' lang='lat' dir='ltr'><strong>apertius.</strong></span> <span class='ocrx_word' id='word_1_97' title='bbox 1044 1529 1062 1561; x_wconf 85' lang='grc'><strong><em>‹</em></strong></span> <span class='ocrx_word' id='word_1_98' title='bbox 1109 1508 1571 1578; x_wconf 79' lang='lat' dir='ltr'><strong>Exspectantibus</strong></span> <span class='ocrx_word' id='word_1_99' title='bbox 1603 1510 1989 1565; x_wconf 86' lang='lat' dir='ltr'><strong>revelationem</strong></span> <span class='ocrx_word' id='word_1_100' title='bbox 2018 1510 2126 1566; x_wconf 84' lang='lat' dir='ltr'><strong>Do-</strong></span> 
     </span>
    </p>
   </div>
   <div class='ocr_carea' id='block_1_17' title="bbox 548 1598 2126 1660">
    <p class='ocr_par' dir='ltr' id='par_1_17' title="bbox 548 1598 2126 1660">
     <span class='ocr_line' id='line_1_17' title="bbox 548 1598 2126 1660; baseline -0.003 0"><span class='ocrx_word' id='word_1_101' title='bbox 548 1606 681 1660; x_wconf 83' lang='lat' dir='ltr'><strong>mini</strong></span> <span class='ocrx_word' id='word_1_102' title='bbox 733 1604 903 1659; x_wconf 87' lang='lat' dir='ltr'><strong>nostri</strong></span> <span class='ocrx_word' id='word_1_103' title='bbox 959 1601 1087 1657; x_wconf 87' lang='lat' dir='ltr'><strong>Jesu</strong></span> <span class='ocrx_word' id='word_1_104' title='bbox 1146 1600 1371 1655; x_wconf 87' lang='lat' dir='ltr'><strong>Christi.</strong></span> <span class='ocrx_word' id='word_1_105' title='bbox 1423 1618 1442 1651; x_wconf 85' lang='grc'>›</span> <span class='ocrx_word' id='word_1_106' title='bbox 1492 1598 1616 1655; x_wconf 66' lang='lat' dir='ltr'><strong>llaec</strong></span> <span class='ocrx_word' id='word_1_107' title='bbox 1653 1611 1834 1655; x_wconf 91' lang='lat' dir='ltr'><strong>autem</strong></span> <span class='ocrx_word' id='word_1_108' title='bbox 1887 1601 2126 1657; x_wconf 83' lang='lat' dir='ltr'><strong>assecuti</strong></span> 
     </span>
    </p>
   </div>
   <div class='ocr_carea' id='block_1_18' title="bbox 547 1688 2127 1764">
    <p class='ocr_par' dir='ltr' id='par_1_18' title="bbox 547 1688 2127 1764">
     <span class='ocr_line' id='line_1_18' title="bbox 547 1688 2127 1764; baseline -0.004 -11"><span class='ocrx_word' id='word_1_109' title='bbox 547 1699 705 1760; x_wconf 84' lang='lat' dir='ltr'><strong>estis,</strong></span> <span class='ocrx_word' id='word_1_110' title='bbox 766 1704 824 1751; x_wconf 91' lang='lat' dir='ltr'><strong>ut</strong></span> <span class='ocrx_word' id='word_1_111' title='bbox 879 1693 1183 1751; x_wconf 85' lang='lat' dir='ltr'><strong>secundum</strong></span> <span class='ocrx_word' id='word_1_112' title='bbox 1238 1688 1550 1747; x_wconf 71' lang='lat' dir='ltr'><strong>Servator‘is</strong></span> <span class='ocrx_word' id='word_1_113' title='bbox 1585 1691 1874 1747; x_wconf 86' lang='lat' dir='ltr'><strong>adventum</strong></span> <span class='ocrx_word' id='word_1_114' title='bbox 1932 1707 2127 1764; x_wconf 82' lang='lat' dir='ltr'><strong>exspe-</strong></span> 
     </span>
    </p>
   </div>
   <div class='ocr_carea' id='block_1_19' title="bbox 542 1788 1161 1842">
    <p class='ocr_par' dir='ltr' id='par_1_19' title="bbox 542 1788 1161 1842">
     <span class='ocr_line' id='line_1_19' title="bbox 542 1788 1161 1842; baseline -0.011 0"><span class='ocrx_word' id='word_1_115' title='bbox 542 1788 728 1842; x_wconf 87' lang='lat' dir='ltr'><strong>ctetis.</strong></span> <span class='ocrx_word' id='word_1_116' title='bbox 1154 1830 1161 1835; x_wconf 89' lang='lat'><strong>.</strong></span> 
     </span>
    </p>
   </div>
   <div class='ocr_carea' id='block_1_20' title="bbox 618 1872 2127 1942">
    <p class='ocr_par' dir='ltr' id='par_1_20' title="bbox 618 1872 2127 1942">
     <span class='ocr_line' id='line_1_20' title="bbox 618 1872 2127 1942; baseline -0.002 -11"><span class='ocrx_word' id='word_1_117' title='bbox 618 1876 780 1931; x_wconf 76' lang='lat' dir='ltr'><strong>Vens.</strong></span> <span class='ocrx_word' id='word_1_118' title='bbox 819 1876 873 1931; x_wconf 89' lang='lat'><strong>8.</strong></span> <span class='ocrx_word' id='word_1_119' title='bbox 907 1895 926 1927; x_wconf 77' lang='grc' dir='ltr'><strong>ι</strong></span> <span class='ocrx_word' id='word_1_120' title='bbox 964 1874 1066 1941; x_wconf 87' lang='lat' dir='ltr'><strong>Qui</strong></span> <span class='ocrx_word' id='word_1_121' title='bbox 1098 1884 1152 1930; x_wconf 91' lang='lat' dir='ltr'><strong>et</strong></span> <span class='ocrx_word' id='word_1_122' title='bbox 1181 1872 1532 1927; x_wconf 82' lang='lat' dir='ltr'><strong>conﬁrmabit</strong></span> <span class='ocrx_word' id='word_1_123' title='bbox 1556 1888 1654 1926; x_wconf 92' lang='lat' dir='ltr'><strong>vos</strong></span> <span class='ocrx_word' id='word_1_124' title='bbox 1690 1889 1863 1942; x_wconf 85' lang='lat' dir='ltr'><strong>usque</strong></span> <span class='ocrx_word' id='word_1_125' title='bbox 1887 1874 1941 1927; x_wconf 91' lang='lat' dir='ltr'><strong>in</strong></span> <span class='ocrx_word' id='word_1_126' title='bbox 1967 1876 2127 1930; x_wconf 88' lang='lat' dir='ltr'><strong>tinem</strong></span> 
     </span>
    </p>
   </div>
   <div class='ocr_carea' id='block_1_21' title="bbox 547 1963 2122 2032">
    <p class='ocr_par' dir='ltr' id='par_1_21' title="bbox 547 1963 2122 2032">
     <span class='ocr_line' id='line_1_21' title="bbox 547 1963 2122 2032; baseline -0.004 -7"><span class='ocrx_word' id='word_1_127' title='bbox 547 1970 665 2025; x_wconf 91' lang='lat' dir='ltr'><strong>sine</strong></span> <span class='ocrx_word' id='word_1_128' title='bbox 706 1969 958 2032; x_wconf 87' lang='lat' dir='ltr'><strong>crimine,</strong></span> <span class='ocrx_word' id='word_1_129' title='bbox 1005 1969 1059 2021; x_wconf 91' lang='lat' dir='ltr'><strong>in</strong></span> <span class='ocrx_word' id='word_1_130' title='bbox 1087 1966 1174 2021; x_wconf 90' lang='lat' dir='ltr'><strong>die</strong></span> <span class='ocrx_word' id='word_1_131' title='bbox 1210 1964 1423 2018; x_wconf 89' lang='lat' dir='ltr'><strong>Domini</strong></span> <span class='ocrx_word' id='word_1_132' title='bbox 1456 1963 1627 2018; x_wconf 89' lang='lat' dir='ltr'><strong>nostri</strong></span> <span class='ocrx_word' id='word_1_133' title='bbox 1665 1963 1796 2019; x_wconf 86' lang='lat' dir='ltr'><strong>Jesu</strong></span> <span class='ocrx_word' id='word_1_134' title='bbox 1837 1964 2065 2020; x_wconf 88' lang='lat' dir='ltr'><strong>Christi.</strong></span> <span class='ocrx_word' id='word_1_135' title='bbox 2106 1985 2122 2018; x_wconf 80' lang='grc' dir='ltr'><strong>ι</strong></span> 
     </span>
    </p>
   </div>
   <div class='ocr_carea' id='block_1_22' title="bbox 550 2057 2130 2127">
    <p class='ocr_par' dir='ltr' id='par_1_22' title="bbox 550 2057 2130 2127">
     <span class='ocr_line' id='line_1_22' title="bbox 550 2057 2130 2127; baseline -0.001 -13"><span class='ocrx_word' id='word_1_136' title='bbox 550 2061 615 2115; x_wconf 75' lang='lat' dir='ltr'><strong>Et</strong></span> <span class='ocrx_word' id='word_1_137' title='bbox 655 2062 964 2115; x_wconf 82' lang='lat' dir='ltr'><strong>ﬁrmitatem</strong></span> <span class='ocrx_word' id='word_1_138' title='bbox 1015 2057 1097 2113; x_wconf 89' lang='lat' dir='ltr'><strong>eis</strong></span> <span class='ocrx_word' id='word_1_139' title='bbox 1142 2064 1398 2127; x_wconf 87' lang='lat' dir='ltr'><strong>precatus</strong></span> <span class='ocrx_word' id='word_1_140' title='bbox 1453 2064 1555 2119; x_wconf 88' lang='lat' dir='ltr'><strong>est,</strong></span> <span class='ocrx_word' id='word_1_141' title='bbox 1588 2067 1642 2110; x_wconf 91' lang='lat' dir='ltr'><strong>et</strong></span> <span class='ocrx_word' id='word_1_142' title='bbox 1670 2065 1729 2110; x_wconf 90' lang='lat' dir='ltr'><strong>ut</strong></span> <span class='ocrx_word' id='word_1_143' title='bbox 1782 2058 2015 2113; x_wconf 88' lang='lat' dir='ltr'><strong>crimine</strong></span> <span class='ocrx_word' id='word_1_144' title='bbox 2038 2073 2130 2112; x_wconf 85' lang='lat' dir='ltr'><strong>ea-</strong></span> 
     </span>
    </p>
   </div>
   <div class='ocr_carea' id='block_1_23' title="bbox 550 2147 2130 2217">
    <p class='ocr_par' dir='ltr' id='par_1_23' title="bbox 550 2147 2130 2217">
     <span class='ocr_line' id='line_1_23' title="bbox 550 2147 2130 2217; baseline -0.001 -10"><span class='ocrx_word' id='word_1_145' title='bbox 550 2162 724 2210; x_wconf 85' lang='lat' dir='ltr'><strong>reant.</strong></span> <span class='ocrx_word' id='word_1_146' title='bbox 757 2151 914 2217; x_wconf 84' lang='lat' dir='ltr'><strong>Quod</strong></span> <span class='ocrx_word' id='word_1_147' title='bbox 965 2157 1148 2204; x_wconf 87' lang='lat' dir='ltr'><strong>autem</strong></span> <span class='ocrx_word' id='word_1_148' title='bbox 1200 2148 1278 2203; x_wconf 88' lang='lat' dir='ltr'><strong>ait</strong></span> <span class='ocrx_word' id='word_1_149' title='bbox 1316 2149 1430 2203; x_wconf 75' lang='lat' dir='ltr'><strong>sine</strong></span> <span class='ocrx_word' id='word_1_150' title='bbox 1476 2147 1720 2213; x_wconf 78' lang='lat' dir='ltr'><strong>crimine,</strong></span> <span class='ocrx_word' id='word_1_151' title='bbox 1756 2149 1998 2204; x_wconf 84' lang='lat' dir='ltr'><strong>ostendit</strong></span> <span class='ocrx_word' id='word_1_152' title='bbox 2035 2165 2130 2206; x_wconf 89' lang='lat' dir='ltr'><strong>eos</strong></span> 
     </span>
    </p>
   </div>
   <div class='ocr_carea' id='block_1_24' title="bbox 543 2238 1576 2299">
    <p class='ocr_par' dir='ltr' id='par_1_24' title="bbox 543 2238 1576 2299">
     <span class='ocr_line' id='line_1_24' title="bbox 543 2238 1576 2299; baseline -0.006 0"><span class='ocrx_word' id='word_1_153' title='bbox 543 2252 681 2299; x_wconf 91' lang='lat' dir='ltr'><strong>tunc</strong></span> <span class='ocrx_word' id='word_1_154' title='bbox 713 2244 882 2298; x_wconf 78' lang='lat' dir='ltr'><strong>fuisse</strong></span> <span class='ocrx_word' id='word_1_155' title='bbox 908 2240 1234 2294; x_wconf 85' lang='lat' dir='ltr'><strong>criminibus</strong></span> <span class='ocrx_word' id='word_1_156' title='bbox 1260 2238 1576 2294; x_wconf 88' lang='lat' dir='ltr'><strong>obstrictos.</strong></span> 
     </span>
    </p>
   </div>
   <div class='ocr_carea' id='block_1_25' title="bbox 622 2329 2130 2402">
    <p class='ocr_par' dir='ltr' id='par_1_25' title="bbox 622 2329 2130 2402">
     <span class='ocr_line' id='line_1_25' title="bbox 622 2329 2130 2402; baseline -0.001 -13"><span class='ocrx_word' id='word_1_157' title='bbox 622 2332 783 2389; x_wconf 74' lang='lat' dir='ltr'><strong>Vens.</strong></span> <span class='ocrx_word' id='word_1_158' title='bbox 824 2333 878 2387; x_wconf 90' lang='lat'><strong>9.</strong></span> <span class='ocrx_word' id='word_1_159' title='bbox 919 2351 939 2383; x_wconf 76' lang='grc' dir='ltr'><strong>ι</strong></span> <span class='ocrx_word' id='word_1_160' title='bbox 978 2329 1185 2386; x_wconf 85' lang='lat' dir='ltr'><strong>Fidelis</strong></span> <span class='ocrx_word' id='word_1_161' title='bbox 1236 2329 1402 2395; x_wconf 88' lang='lat' dir='ltr'><strong>Deus,</strong></span> <span class='ocrx_word' id='word_1_162' title='bbox 1433 2346 1530 2400; x_wconf 80' lang='lat' dir='ltr'><strong>per</strong></span> <span class='ocrx_word' id='word_1_163' title='bbox 1557 2347 1717 2402; x_wconf 85' lang='lat' dir='ltr'><strong>quem</strong></span> <span class='ocrx_word' id='word_1_164' title='bbox 1763 2332 1942 2386; x_wconf 82' lang='lat' dir='ltr'><strong>vocati</strong></span> <span class='ocrx_word' id='word_1_165' title='bbox 1993 2332 2130 2388; x_wconf 86' lang='lat' dir='ltr'><strong>estis</strong></span> 
     </span>
    </p>
   </div>
   <div class='ocr_carea' id='block_1_26' title="bbox 546 2410 2132 2489">
    <p class='ocr_par' dir='ltr' id='par_1_26' title="bbox 546 2410 2132 2489">
     <span class='ocr_line' id='line_1_26' title="bbox 546 2410 2132 2489; baseline 0 -10"><span class='ocrx_word' id='word_1_166' title='bbox 546 2426 603 2479; x_wconf 91' lang='lat' dir='ltr'><strong>in</strong></span> <span class='ocrx_word' id='word_1_167' title='bbox 631 2423 947 2480; x_wconf 84' lang='lat' dir='ltr'><strong>societatem</strong></span> <span class='ocrx_word' id='word_1_168' title='bbox 989 2419 1111 2474; x_wconf 90' lang='lat' dir='ltr'><strong>Filii</strong></span> <span class='ocrx_word' id='word_1_169' title='bbox 1158 2410 1281 2489; x_wconf 78' lang='lat' dir='ltr'><strong>ejus</strong></span> <span class='ocrx_word' id='word_1_170' title='bbox 1321 2419 1454 2476; x_wconf 80' lang='lat' dir='ltr'><strong>Jesn</strong></span> <span class='ocrx_word' id='word_1_171' title='bbox 1492 2421 1710 2478; x_wconf 85' lang='lat' dir='ltr'><strong>Christi</strong></span> <span class='ocrx_word' id='word_1_172' title='bbox 1764 2423 1982 2478; x_wconf 89' lang='lat' dir='ltr'><strong>Domini</strong></span> <span class='ocrx_word' id='word_1_173' title='bbox 2028 2440 2132 2479; x_wconf 78' lang='lat' dir='ltr'><strong>no-</strong></span> 
     </span>
    </p>
   </div>
   <div class='ocr_carea' id='block_1_27' title="bbox 547 2513 2127 2585">
    <p class='ocr_par' dir='ltr' id='par_1_27' title="bbox 547 2513 2127 2585">
     <span class='ocr_line' id='line_1_27' title="bbox 547 2513 2127 2585; baseline 0 -13"><span class='ocrx_word' id='word_1_174' title='bbox 547 2516 669 2572; x_wconf 88' lang='lat' dir='ltr'><strong>stri.</strong></span> <span class='ocrx_word' id='word_1_175' title='bbox 711 2534 730 2566; x_wconf 71' lang='grc' dir='ltr'><strong>ι</strong></span> <span class='ocrx_word' id='word_1_176' title='bbox 770 2513 884 2568; x_wconf 84' lang='grc' dir='ltr'><strong>11οο</strong></span> <span class='ocrx_word' id='word_1_177' title='bbox 912 2524 1092 2567; x_wconf 89' lang='lat' dir='ltr'><strong>autem</strong></span> <span class='ocrx_word' id='word_1_178' title='bbox 1131 2513 1317 2577; x_wconf 81' lang='lat' dir='ltr'><strong>faciet,</strong></span> <span class='ocrx_word' id='word_1_179' title='bbox 1357 2522 1412 2567; x_wconf 89' lang='lat' dir='ltr'><strong>et</strong></span> <span class='ocrx_word' id='word_1_180' title='bbox 1443 2514 1536 2584; x_wconf 92' lang='lat' dir='ltr'><strong>qui</strong></span> <span class='ocrx_word' id='word_1_181' title='bbox 1568 2515 1881 2585; x_wconf 82' lang='lat' dir='ltr'><strong>adoptionis</strong></span> <span class='ocrx_word' id='word_1_182' title='bbox 1924 2517 2127 2572; x_wconf 87' lang='lat' dir='ltr'><strong>donum</strong></span> 
     </span>
    </p>
   </div>
   <div class='ocr_carea' id='block_1_28' title="bbox 549 2602 2127 2675">
    <p class='ocr_par' dir='ltr' id='par_1_28' title="bbox 549 2602 2127 2675">
     <span class='ocr_line' id='line_1_28' title="bbox 549 2602 2127 2675; baseline 0.004 -19"><span class='ocrx_word' id='word_1_183' title='bbox 549 2606 706 2660; x_wconf 81' lang='lat' dir='ltr'><strong>vobis</strong></span> <span class='ocrx_word' id='word_1_184' title='bbox 745 2605 978 2675; x_wconf 76' lang='lat' dir='ltr'><strong>largitus</strong></span> <span class='ocrx_word' id='word_1_185' title='bbox 1010 2611 1112 2659; x_wconf 86' lang='lat' dir='ltr'><strong>cst.</strong></span> <span class='ocrx_word' id='word_1_186' title='bbox 1180 2602 1497 2659; x_wconf 82' lang='lat' dir='ltr'><strong>Socielalem</strong></span> <span class='ocrx_word' id='word_1_187' title='bbox 1532 2606 1678 2661; x_wconf 88' lang='lat' dir='ltr'><strong>enim</strong></span> <span class='ocrx_word' id='word_1_188' title='bbox 1732 2605 1868 2661; x_wconf 81' lang='lat' dir='ltr'><strong>Filii</strong></span> <span class='ocrx_word' id='word_1_189' title='bbox 1917 2610 2127 2664; x_wconf 88' lang='lat' dir='ltr'><strong>vocavit</strong></span> 
     </span>
    </p>
   </div>
   <div class='ocr_carea' id='block_1_29' title="bbox 547 2695 2129 2767">
    <p class='ocr_par' dir='ltr' id='par_1_29' title="bbox 547 2695 2129 2767">
     <span class='ocr_line' id='line_1_29' title="bbox 547 2695 2129 2767; baseline 0.003 -16"><span class='ocrx_word' id='word_1_190' title='bbox 547 2695 1074 2767; x_wconf 54' lang='lat' dir='ltr'><strong>adoptionemiltlud</strong></span> <span class='ocrx_word' id='word_1_191' title='bbox 1108 2705 1315 2761; x_wconf 87' lang='lat' dir='ltr'><strong>autem,</strong></span> <span class='ocrx_word' id='word_1_192' title='bbox 1339 2695 1539 2764; x_wconf 76' lang='lat' dir='ltr'><strong>ﬁdelis,</strong></span> <span class='ocrx_word' id='word_1_193' title='bbox 1562 2695 1704 2751; x_wconf 88' lang='lat' dir='ltr'><strong>idem</strong></span> <span class='ocrx_word' id='word_1_194' title='bbox 1737 2706 1821 2753; x_wconf 90' lang='lat' dir='ltr'><strong>est</strong></span> <span class='ocrx_word' id='word_1_195' title='bbox 1852 2713 1938 2763; x_wconf 92' lang='lat' dir='ltr'><strong>ac,</strong></span> <span class='ocrx_word' id='word_1_196' title='bbox 1967 2715 2129 2755; x_wconf 89' lang='lat' dir='ltr'><strong>verus</strong></span> 
     </span>
    </p>
   </div>
   <div class='ocr_carea' id='block_1_30' title="bbox 547 2784 2126 2858">
    <p class='ocr_par' dir='ltr' id='par_1_30' title="bbox 547 2784 2126 2858">
     <span class='ocr_line' id='line_1_30' title="bbox 547 2784 2126 2858; baseline 0.003 -18"><span class='ocrx_word' id='word_1_197' title='bbox 547 2794 604 2840; x_wconf 88' lang='lat' dir='ltr'><strong>et</strong></span> <span class='ocrx_word' id='word_1_198' title='bbox 630 2800 661 2838; x_wconf 89' lang='lat' dir='ltr'><strong>a</strong></span> <span class='ocrx_word' id='word_1_199' title='bbox 691 2784 975 2838; x_wconf 86' lang='lat' dir='ltr'><strong>mendacio</strong></span> <span class='ocrx_word' id='word_1_200' title='bbox 1004 2784 1237 2838; x_wconf 90' lang='lat' dir='ltr'><strong>alienus.</strong></span> <span class='ocrx_word' id='word_1_201' title='bbox 1264 2784 1444 2853; x_wconf 87' lang='lat' dir='ltr'><strong>Atque</strong></span> <span class='ocrx_word' id='word_1_202' title='bbox 1474 2784 1564 2839; x_wconf 87' lang='lat' dir='ltr'><strong>hic</strong></span> <span class='ocrx_word' id='word_1_203' title='bbox 1591 2787 1753 2840; x_wconf 90' lang='lat' dir='ltr'><strong>etiam</strong></span> <span class='ocrx_word' id='word_1_204' title='bbox 1780 2803 1872 2856; x_wconf 83' lang='lat' dir='ltr'><strong>per</strong></span> <span class='ocrx_word' id='word_1_205' title='bbox 1893 2804 2042 2858; x_wconf 86' lang='lat' dir='ltr'><strong>quem</strong></span> <span class='ocrx_word' id='word_1_206' title='bbox 2071 2790 2126 2845; x_wconf 92' lang='lat' dir='ltr'><strong>in</strong></span> 
     </span>
    </p>
   </div>
   <div class='ocr_carea' id='block_1_31' title="bbox 547 2872 2129 2946">
    <p class='ocr_par' dir='ltr' id='par_1_31' title="bbox 547 2872 2129 2946">
     <span class='ocr_line' id='line_1_31' title="bbox 547 2872 2129 2946; baseline 0.004 -17"><span class='ocrx_word' id='word_1_207' title='bbox 547 2875 707 2931; x_wconf 84' lang='lat' dir='ltr'><strong>Patre</strong></span> <span class='ocrx_word' id='word_1_208' title='bbox 768 2875 970 2946; x_wconf 88' lang='lat' dir='ltr'><strong>posuit,</strong></span> <span class='ocrx_word' id='word_1_209' title='bbox 1034 2873 1368 2944; x_wconf 86' lang='lat' dir='ltr'><strong>impudentia</strong></span> <span class='ocrx_word' id='word_1_210' title='bbox 1434 2872 1815 2931; x_wconf 69' lang='lat' dir='ltr'><strong>haereticorum</strong></span> <span class='ocrx_word' id='word_1_211' title='bbox 1872 2894 1968 2933; x_wconf 81' lang='lat' dir='ltr'><strong>ora</strong></span> <span class='ocrx_word' id='word_1_212' title='bbox 2026 2881 2129 2936; x_wconf 88' lang='lat' dir='ltr'><strong>ob-</strong></span> 
     </span>
    </p>
   </div>
   <div class='ocr_carea' id='block_1_32' title="bbox 546 2968 2125 3041">
    <p class='ocr_par' dir='ltr' id='par_1_32' title="bbox 546 2968 2125 3041">
     <span class='ocr_line' id='line_1_32' title="bbox 546 2968 2125 3041; baseline 0.003 -18"><span class='ocrx_word' id='word_1_213' title='bbox 546 2978 788 3035; x_wconf 88' lang='lat' dir='ltr'><strong>struens,</strong></span> <span class='ocrx_word' id='word_1_214' title='bbox 819 2976 873 3023; x_wconf 88' lang='lat' dir='ltr'><strong>et</strong></span> <span class='ocrx_word' id='word_1_215' title='bbox 903 2968 1108 3023; x_wconf 88' lang='lat' dir='ltr'><strong>docens</strong></span> <span class='ocrx_word' id='word_1_216' title='bbox 1139 2968 1285 3036; x_wconf 85' lang='lat' dir='ltr'><strong>quod</strong></span> <span class='ocrx_word' id='word_1_217' title='bbox 1322 2968 1643 3037; x_wconf 78' lang='lat' dir='ltr'><strong>parvitatem</strong></span> <span class='ocrx_word' id='word_1_218' title='bbox 1692 2985 1798 3024; x_wconf 90' lang='lat' dir='ltr'><strong>non</strong></span> <span class='ocrx_word' id='word_1_219' title='bbox 1831 2972 2125 3041; x_wconf 77' lang='lat' dir='ltr'><strong>signiticet.</strong></span> 
     </span>
    </p>
   </div>
   <div class='ocr_carea' id='block_1_33' title="bbox 546 3057 2125 3130">
    <p class='ocr_par' dir='ltr' id='par_1_33' title="bbox 546 3057 2125 3130">
     <span class='ocr_line' id='line_1_33' title="bbox 546 3057 2125 3130; baseline -0.001 -14"><span class='ocrx_word' id='word_1_220' title='bbox 546 3060 839 3130; x_wconf 83' lang='lat' dir='ltr'><strong>Postquam</strong></span> <span class='ocrx_word' id='word_1_221' title='bbox 867 3059 941 3113; x_wconf 89' lang='lat' dir='ltr'><strong>ita</strong></span> <span class='ocrx_word' id='word_1_222' title='bbox 970 3058 1128 3112; x_wconf 90' lang='lat' dir='ltr'><strong>bonis</strong></span> <span class='ocrx_word' id='word_1_223' title='bbox 1160 3072 1226 3111; x_wconf 88' lang='lat' dir='ltr'><strong>ac</strong></span> <span class='ocrx_word' id='word_1_224' title='bbox 1248 3057 1503 3127; x_wconf 78' lang='lat' dir='ltr'><strong>benignis</strong></span> <span class='ocrx_word' id='word_1_225' title='bbox 1527 3060 1710 3115; x_wconf 80' lang='lat' dir='ltr'><strong>verbis</strong></span> <span class='ocrx_word' id='word_1_226' title='bbox 1741 3075 1905 3117; x_wconf 88' lang='lat' dir='ltr'><strong>aures</strong></span> <span class='ocrx_word' id='word_1_227' title='bbox 1933 3078 2125 3117; x_wconf 88' lang='lat' dir='ltr'><strong>eorum</strong></span> 
     </span>
    </p>
   </div>
   <div class='ocr_carea' id='block_1_34' title="bbox 433 3148 2196 3235">
    <p class='ocr_par' dir='ltr' id='par_1_34' title="bbox 433 3148 2196 3235">
     <span class='ocr_line' id='line_1_34' title="bbox 433 3148 2196 3235; baseline -0.001 -27"><span class='ocrx_word' id='word_1_228' title='bbox 433 3160 437 3166; x_wconf 84' lang='lat'><strong><em>&#39;</em></strong></span> <span class='ocrx_word' id='word_1_229' title='bbox 550 3152 895 3223; x_wconf 60' lang='lat' dir='ltr'><strong>praeparavit,</strong></span> <span class='ocrx_word' id='word_1_230' title='bbox 924 3149 1330 3205; x_wconf 85' lang='lat' dir='ltr'><strong>accusationem</strong></span> <span class='ocrx_word' id='word_1_231' title='bbox 1368 3148 1579 3218; x_wconf 89' lang='lat' dir='ltr'><strong>incipit,</strong></span> <span class='ocrx_word' id='word_1_232' title='bbox 1626 3167 1731 3205; x_wconf 90' lang='lat' dir='ltr'><strong>non</strong></span> <span class='ocrx_word' id='word_1_233' title='bbox 1767 3167 1887 3207; x_wconf 85' lang='lat' dir='ltr'><strong>eam</strong></span> <span class='ocrx_word' id='word_1_234' title='bbox 1921 3154 2123 3208; x_wconf 83' lang='lat' dir='ltr'><strong>nudam</strong></span> <span class='ocrx_word' id='word_1_235' title='bbox 2153 3177 2196 3235; x_wconf 70' lang='grc' dir='ltr'>ο</span> 
     </span>
    </p>
   </div>
   <div class='ocr_carea' id='block_1_35' title="bbox 548 3239 1818 3311">
    <p class='ocr_par' dir='ltr' id='par_1_35' title="bbox 548 3239 1818 3311">
     <span class='ocr_line' id='line_1_35' title="bbox 548 3239 1818 3311; baseline -0.002 -12"><span class='ocrx_word' id='word_1_236' title='bbox 548 3244 836 3309; x_wconf 80' lang='lat' dir='ltr'><strong>inducens,</strong></span> <span class='ocrx_word' id='word_1_237' title='bbox 867 3241 963 3297; x_wconf 88' lang='lat' dir='ltr'><strong>sed</strong></span> <span class='ocrx_word' id='word_1_238' title='bbox 1004 3239 1432 3296; x_wconf 87' lang='lat' dir='ltr'><strong>admonitionem</strong></span> <span class='ocrx_word' id='word_1_239' title='bbox 1464 3242 1818 3311; x_wconf 63' lang='lat' dir='ltr'><strong>praemittens.</strong></span> 
     </span>
    </p>
   </div>
   <div class='ocr_carea' id='block_1_36' title="bbox 618 3410 2123 3484">
    <p class='ocr_par' dir='ltr' id='par_1_36' title="bbox 618 3410 2123 3484">
     <span class='ocr_line' id='line_1_36' title="bbox 618 3410 2123 3484; baseline 0.001 -15"><span class='ocrx_word' id='word_1_240' title='bbox 618 3413 786 3469; x_wconf 73' lang='lat' dir='ltr'><strong>Vens.</strong></span> <span class='ocrx_word' id='word_1_241' title='bbox 828 3413 918 3469; x_wconf 80' lang='grc'>10.</span> <span class='ocrx_word' id='word_1_242' title='bbox 958 3432 977 3465; x_wconf 77' lang='grc' dir='ltr'><strong>ι</strong></span> <span class='ocrx_word' id='word_1_243' title='bbox 1014 3410 1255 3468; x_wconf 89' lang='lat' dir='ltr'><strong>Obsecro</strong></span> <span class='ocrx_word' id='word_1_244' title='bbox 1305 3427 1437 3476; x_wconf 70' lang='lat' dir='ltr'><strong>ergo</strong></span> <span class='ocrx_word' id='word_1_245' title='bbox 1472 3425 1591 3478; x_wconf 92' lang='lat' dir='ltr'><strong>vos,</strong></span> <span class='ocrx_word' id='word_1_246' title='bbox 1629 3410 1849 3480; x_wconf 72' lang='lat' dir='ltr'><strong>fratres,</strong></span> <span class='ocrx_word' id='word_1_247' title='bbox 1883 3429 1978 3484; x_wconf 89' lang='lat' dir='ltr'><strong>per</strong></span> <span class='ocrx_word' id='word_1_248' title='bbox 2021 3430 2123 3470; x_wconf 84' lang='lat' dir='ltr'><strong>no-</strong></span> 
     </span>
    </p>
   </div>
   <div class='ocr_carea' id='block_1_37' title="bbox 550 3502 2123 3575">
    <p class='ocr_par' dir='ltr' id='par_1_37' title="bbox 550 3502 2123 3575">
     <span class='ocr_line' id='line_1_37' title="bbox 550 3502 2123 3575; baseline 0 -13"><span class='ocrx_word' id='word_1_249' title='bbox 550 3523 673 3562; x_wconf 86' lang='lat' dir='ltr'><strong>men</strong></span> <span class='ocrx_word' id='word_1_250' title='bbox 707 3505 921 3560; x_wconf 85' lang='lat' dir='ltr'><strong>Domiui</strong></span> <span class='ocrx_word' id='word_1_251' title='bbox 961 3506 1135 3560; x_wconf 87' lang='lat' dir='ltr'><strong>nostri</strong></span> <span class='ocrx_word' id='word_1_252' title='bbox 1168 3502 1296 3559; x_wconf 87' lang='lat' dir='ltr'><strong>Jesu</strong></span> <span class='ocrx_word' id='word_1_253' title='bbox 1336 3504 1563 3568; x_wconf 86' lang='lat' dir='ltr'><strong>Christi,</strong></span> <span class='ocrx_word' id='word_1_254' title='bbox 1597 3512 1655 3559; x_wconf 90' lang='lat' dir='ltr'><strong>ut</strong></span> <span class='ocrx_word' id='word_1_255' title='bbox 1713 3506 1893 3575; x_wconf 87' lang='lat' dir='ltr'><strong>ipsum</strong></span> <span class='ocrx_word' id='word_1_256' title='bbox 1925 3506 2123 3563; x_wconf 90' lang='lat' dir='ltr'><strong>dicatis</strong></span> 
     </span>
    </p>
   </div>
   <div class='ocr_carea' id='block_1_38' title="bbox 551 3596 2121 3663">
    <p class='ocr_par' dir='ltr' id='par_1_38' title="bbox 551 3596 2121 3663">
     <span class='ocr_line' id='line_1_38' title="bbox 551 3596 2121 3663; baseline -0.002 -9"><span class='ocrx_word' id='word_1_257' title='bbox 551 3614 763 3663; x_wconf 88' lang='lat' dir='ltr'><strong>omnes,</strong></span> <span class='ocrx_word' id='word_1_258' title='bbox 803 3608 858 3654; x_wconf 86' lang='lat' dir='ltr'><strong>et</strong></span> <span class='ocrx_word' id='word_1_259' title='bbox 904 3613 1013 3652; x_wconf 91' lang='lat' dir='ltr'><strong>non</strong></span> <span class='ocrx_word' id='word_1_260' title='bbox 1050 3598 1161 3651; x_wconf 89' lang='lat' dir='ltr'><strong>sint</strong></span> <span class='ocrx_word' id='word_1_261' title='bbox 1189 3597 1242 3650; x_wconf 93' lang='lat' dir='ltr'><strong>in</strong></span> <span class='ocrx_word' id='word_1_262' title='bbox 1281 3596 1439 3651; x_wconf 83' lang='lat' dir='ltr'><strong>vobis</strong></span> <span class='ocrx_word' id='word_1_263' title='bbox 1486 3596 1806 3651; x_wconf 84' lang='lat' dir='ltr'><strong>schismata.</strong></span> <span class='ocrx_word' id='word_1_264' title='bbox 1851 3615 1869 3648; x_wconf 74' lang='grc' dir='ltr'><strong>ι</strong></span> <span class='ocrx_word' id='word_1_265' title='bbox 1903 3596 2121 3651; x_wconf 77' lang='lat' dir='ltr'><strong>Adhor—</strong></span> 
     </span>
    </p>
   </div>
   <div class='ocr_carea' id='block_1_39' title="bbox 549 3686 2122 3757">
    <p class='ocr_par' dir='ltr' id='par_1_39' title="bbox 549 3686 2122 3757">
     <span class='ocr_line' id='line_1_39' title="bbox 549 3686 2122 3757; baseline -0.001 -12"><span class='ocrx_word' id='word_1_266' title='bbox 549 3693 739 3746; x_wconf 86' lang='lat' dir='ltr'><strong>tationi</strong></span> <span class='ocrx_word' id='word_1_267' title='bbox 770 3705 966 3745; x_wconf 87' lang='lat' dir='ltr'><strong>nomen</strong></span> <span class='ocrx_word' id='word_1_268' title='bbox 1001 3687 1214 3744; x_wconf 89' lang='lat' dir='ltr'><strong>Domini</strong></span> <span class='ocrx_word' id='word_1_269' title='bbox 1251 3695 1398 3743; x_wconf 88' lang='lat' dir='ltr'><strong>recte</strong></span> <span class='ocrx_word' id='word_1_270' title='bbox 1430 3686 1703 3757; x_wconf 74' lang='lat' dir='ltr'><strong>adjunxit.</strong></span> <span class='ocrx_word' id='word_1_271' title='bbox 1736 3688 1794 3742; x_wconf 86' lang='lat' dir='ltr'><strong>Id</strong></span> <span class='ocrx_word' id='word_1_272' title='bbox 1828 3689 1972 3743; x_wconf 89' lang='lat' dir='ltr'><strong>enim</strong></span> <span class='ocrx_word' id='word_1_273' title='bbox 2003 3697 2122 3746; x_wconf 86' lang='lat' dir='ltr'><strong>erat</strong></span> 
     </span>
    </p>
   </div>
   <div class='ocr_carea' id='block_1_40' title="bbox 546 3780 2120 3853">
    <p class='ocr_par' dir='ltr' id='par_1_40' title="bbox 546 3780 2120 3853">
     <span class='ocr_line' id='line_1_40' title="bbox 546 3780 2120 3853; baseline -0.01 -14"><span class='ocrx_word' id='word_1_274' title='bbox 546 3784 690 3853; x_wconf 91' lang='lat' dir='ltr'><strong>quod</strong></span> <span class='ocrx_word' id='word_1_275' title='bbox 732 3784 800 3837; x_wconf 84' lang='lat' dir='ltr'><strong>ab</strong></span> <span class='ocrx_word' id='word_1_276' title='bbox 845 3782 926 3837; x_wconf 90' lang='lat' dir='ltr'><strong>eis</strong></span> <span class='ocrx_word' id='word_1_277' title='bbox 966 3780 1344 3851; x_wconf 87' lang='lat' dir='ltr'><strong>spernebatur.</strong></span> <span class='ocrx_word' id='word_1_278' title='bbox 1403 3780 1537 3835; x_wconf 90' lang='lat' dir='ltr'><strong>Cum</strong></span> <span class='ocrx_word' id='word_1_279' title='bbox 1571 3780 1716 3835; x_wconf 90' lang='lat' dir='ltr'><strong>enim</strong></span> <span class='ocrx_word' id='word_1_280' title='bbox 1755 3780 1915 3851; x_wconf 78' lang='lat'><strong>168</strong></span> <span class='ocrx_word' id='word_1_281' title='bbox 1958 3796 2120 3851; x_wconf 75' lang='grc' dir='ltr'>οροιι.</span> 
     </span>
    </p>
   </div>
   <div class='ocr_carea' id='block_1_41' title="bbox 546 3872 2120 3944">
    <p class='ocr_par' dir='ltr' id='par_1_41' title="bbox 546 3872 2120 3944">
     <span class='ocr_line' id='line_1_41' title="bbox 546 3872 2120 3944; baseline -0.001 -12"><span class='ocrx_word' id='word_1_282' title='bbox 546 3886 686 3933; x_wconf 89' lang='lat' dir='ltr'><strong>teret</strong></span> <span class='ocrx_word' id='word_1_283' title='bbox 732 3891 826 3930; x_wconf 80' lang='lat' dir='ltr'><strong>eos</strong></span> <span class='ocrx_word' id='word_1_284' title='bbox 878 3874 945 3929; x_wconf 90' lang='lat' dir='ltr'><strong>ab</strong></span> <span class='ocrx_word' id='word_1_285' title='bbox 991 3873 1109 3944; x_wconf 87' lang='lat' dir='ltr'><strong>ipso</strong></span> <span class='ocrx_word' id='word_1_286' title='bbox 1154 3873 1439 3943; x_wconf 81' lang='lat' dir='ltr'><strong>appellari,</strong></span> <span class='ocrx_word' id='word_1_287' title='bbox 1475 3888 1504 3926; x_wconf 91' lang='lat' dir='ltr'><strong>a</strong></span> <span class='ocrx_word' id='word_1_288' title='bbox 1541 3872 1960 3942; x_wconf 71' lang='lat' dir='ltr'><strong>praesidentibus</strong></span> <span class='ocrx_word' id='word_1_289' title='bbox 2001 3875 2120 3931; x_wconf 89' lang='lat' dir='ltr'><strong>suis</strong></span> 
     </span>
    </p>
   </div>
   <div class='ocr_carea' id='block_1_42' title="bbox 543 3962 2155 4032">
    <p class='ocr_par' dir='ltr' id='par_1_42' title="bbox 543 3962 2155 4032">
     <span class='ocr_line' id='line_1_42' title="bbox 543 3962 2155 4032; baseline -0.004 -9"><span class='ocrx_word' id='word_1_290' title='bbox 543 3968 1016 4024; x_wconf 83' lang='lat' dir='ltr'><strong>denominationes</strong></span> <span class='ocrx_word' id='word_1_291' title='bbox 1061 3964 1356 4019; x_wconf 88' lang='lat' dir='ltr'><strong>ducebant.</strong></span> <span class='ocrx_word' id='word_1_292' title='bbox 1419 3982 1438 4015; x_wconf 77' lang='grc' dir='ltr'><strong>ι</strong></span> <span class='ocrx_word' id='word_1_293' title='bbox 1478 3962 1613 4019; x_wconf 90' lang='lat' dir='ltr'><strong>Sitis</strong></span> <span class='ocrx_word' id='word_1_294' title='bbox 1662 3973 1844 4018; x_wconf 90' lang='lat' dir='ltr'><strong>autem</strong></span> <span class='ocrx_word' id='word_1_295' title='bbox 1891 3963 2155 4032; x_wconf 80' lang='lat' dir='ltr'><strong>perfecti</strong></span> 
     </span>
    </p>
   </div>
   <div class='ocr_carea' id='block_1_43' title="bbox 542 4051 2120 4121">
    <p class='ocr_par' dir='ltr' id='par_1_43' title="bbox 542 4051 2120 4121">
     <span class='ocr_line' id='line_1_43' title="bbox 542 4051 2120 4121; baseline -0.004 -5"><span class='ocrx_word' id='word_1_296' title='bbox 542 4062 598 4117; x_wconf 90' lang='lat' dir='ltr'><strong>in</strong></span> <span class='ocrx_word' id='word_1_297' title='bbox 627 4051 817 4116; x_wconf 72' lang='lat' dir='ltr'><strong>eod8m</strong></span> <span class='ocrx_word' id='word_1_298' title='bbox 858 4074 1045 4121; x_wconf 86' lang='lat' dir='ltr'><strong>sensu,</strong></span> <span class='ocrx_word' id='word_1_299' title='bbox 1074 4063 1131 4111; x_wconf 76' lang='lat' dir='ltr'><strong>et</strong></span> <span class='ocrx_word' id='word_1_300' title='bbox 1160 4057 1213 4110; x_wconf 91' lang='lat' dir='ltr'><strong>in</strong></span> <span class='ocrx_word' id='word_1_301' title='bbox 1245 4055 1436 4111; x_wconf 88' lang='lat' dir='ltr'><strong>eadem</strong></span> <span class='ocrx_word' id='word_1_302' title='bbox 1479 4055 1774 4110; x_wconf 88' lang='lat' dir='ltr'><strong>sententia.</strong></span> <span class='ocrx_word' id='word_1_303' title='bbox 1818 4073 1838 4106; x_wconf 73' lang='grc' dir='ltr'><strong>ι</strong></span> <span class='ocrx_word' id='word_1_304' title='bbox 1871 4053 1987 4108; x_wconf 86' lang='lat' dir='ltr'><strong>Non</strong></span> <span class='ocrx_word' id='word_1_305' title='bbox 2023 4070 2120 4110; x_wconf 82' lang='lat' dir='ltr'><strong>eos</strong></span> 
     </span>
    </p>
   </div>
   <div class='ocr_carea' id='block_1_44' title="bbox 542 4142 2119 4221">
    <p class='ocr_par' dir='ltr' id='par_1_44' title="bbox 542 4142 2119 4221">
     <span class='ocr_line' id='line_1_44' title="bbox 542 4142 2119 4221; baseline -0.006 -14"><span class='ocrx_word' id='word_1_306' title='bbox 542 4150 890 4221; x_wconf 87' lang='lat' dir='ltr'><strong>reprehendit</strong></span> <span class='ocrx_word' id='word_1_307' title='bbox 919 4147 1065 4218; x_wconf 88' lang='lat' dir='ltr'><strong>quod</strong></span> <span class='ocrx_word' id='word_1_308' title='bbox 1104 4147 1172 4201; x_wconf 89' lang='lat' dir='ltr'><strong>de</strong></span> <span class='ocrx_word' id='word_1_309' title='bbox 1211 4145 1334 4200; x_wconf 81' lang='lat' dir='ltr'><strong>ﬁdei</strong></span> <span class='ocrx_word' id='word_1_310' title='bbox 1362 4142 1715 4213; x_wconf 83' lang='lat' dir='ltr'><strong>dogmatibus</strong></span> <span class='ocrx_word' id='word_1_311' title='bbox 1744 4142 1961 4198; x_wconf 89' lang='lat' dir='ltr'><strong>diversa</strong></span> <span class='ocrx_word' id='word_1_312' title='bbox 1993 4158 2119 4198; x_wconf 90' lang='lat' dir='ltr'><strong>sen-</strong></span> 
     </span>
    </p>
   </div>
   <div class='ocr_carea' id='block_1_45' title="bbox 545 4233 2118 4312">
    <p class='ocr_par' dir='ltr' id='par_1_45' title="bbox 545 4233 2118 4312">
     <span class='ocr_line' id='line_1_45' title="bbox 545 4233 2118 4312; baseline -0.007 -14"><span class='ocrx_word' id='word_1_313' title='bbox 545 4244 730 4310; x_wconf 82' lang='lat' dir='ltr'><strong>tirent,</strong></span> <span class='ocrx_word' id='word_1_314' title='bbox 785 4241 881 4299; x_wconf 86' lang='lat' dir='ltr'><strong>sed</strong></span> <span class='ocrx_word' id='word_1_315' title='bbox 931 4238 1077 4312; x_wconf 88' lang='lat' dir='ltr'><strong>quod</strong></span> <span class='ocrx_word' id='word_1_316' title='bbox 1113 4240 1182 4293; x_wconf 90' lang='lat' dir='ltr'><strong>de</strong></span> <span class='ocrx_word' id='word_1_317' title='bbox 1225 4237 1330 4292; x_wconf 89' lang='lat' dir='ltr'><strong>sibi</strong></span> <span class='ocrx_word' id='word_1_318' title='bbox 1368 4233 1791 4307; x_wconf 73' lang='lat' dir='ltr'><strong>praesidentibus</strong></span> <span class='ocrx_word' id='word_1_319' title='bbox 1840 4234 2118 4304; x_wconf 77' lang='lat' dir='ltr'><strong>litigarcnt</strong></span> 
     </span>
    </p>
   </div>
   <div class='ocr_carea' id='block_1_46' title="bbox 541 4324 2115 4395">
    <p class='ocr_par' dir='ltr' id='par_1_46' title="bbox 541 4324 2115 4395">
     <span class='ocr_line' id='line_1_46' title="bbox 541 4324 2115 4395; baseline -0.007 -5"><span class='ocrx_word' id='word_1_320' title='bbox 541 4343 597 4390; x_wconf 86' lang='lat' dir='ltr'><strong>ct</strong></span> <span class='ocrx_word' id='word_1_321' title='bbox 649 4332 1067 4389; x_wconf 87' lang='lat' dir='ltr'><strong>contenderent.</strong></span> <span class='ocrx_word' id='word_1_322' title='bbox 1124 4326 1541 4384; x_wconf 68' lang='lat' dir='ltr'><strong>Praedicationis</strong></span> <span class='ocrx_word' id='word_1_323' title='bbox 1598 4325 1843 4395; x_wconf 86' lang='lat' dir='ltr'><strong>quidem,</strong></span> <span class='ocrx_word' id='word_1_324' title='bbox 1913 4324 2115 4395; x_wconf 83' lang='lat' dir='ltr'><strong>inquit,</strong></span> 
     </span>
    </p>
   </div>
   <div class='ocr_carea' id='block_1_47' title="bbox 542 4416 2112 4482">
    <p class='ocr_par' dir='ltr' id='par_1_47' title="bbox 542 4416 2112 4482">
     <span class='ocr_line' id='line_1_47' title="bbox 542 4416 2112 4482; baseline -0.008 0"><span class='ocrx_word' id='word_1_325' title='bbox 542 4444 687 4482; x_wconf 90' lang='lat' dir='ltr'><strong>unus</strong></span> <span class='ocrx_word' id='word_1_326' title='bbox 735 4434 819 4481; x_wconf 89' lang='lat' dir='ltr'><strong>est</strong></span> <span class='ocrx_word' id='word_1_327' title='bbox 873 4439 1071 4481; x_wconf 90' lang='lat' dir='ltr'><strong>sensus</strong></span> <span class='ocrx_word' id='word_1_328' title='bbox 1103 4437 1117 4473; x_wconf 90' lang='lat'><strong>:</strong></span> <span class='ocrx_word' id='word_1_329' title='bbox 1157 4420 1261 4475; x_wconf 89' lang='lat' dir='ltr'><strong>hoc</strong></span> <span class='ocrx_word' id='word_1_330' title='bbox 1309 4419 1453 4474; x_wconf 87' lang='lat' dir='ltr'><strong>enim</strong></span> <span class='ocrx_word' id='word_1_331' title='bbox 1485 4418 1619 4472; x_wconf 90' lang='lat' dir='ltr'><strong>dicit</strong></span> <span class='ocrx_word' id='word_1_332' title='bbox 1654 4416 1808 4480; x_wconf 87' lang='lat' dir='ltr'><strong>illud,</strong></span> <span class='ocrx_word' id='word_1_333' title='bbox 1842 4418 1896 4469; x_wconf 82' lang='lat' dir='ltr'><strong>in</strong></span> <span class='ocrx_word' id='word_1_334' title='bbox 1934 4417 2112 4470; x_wconf 83' lang='lat' dir='ltr'><strong>eodem</strong></span> 
     </span>
    </p>
   </div>
   <div class='ocr_carea' id='block_1_48' title="bbox 2228 581 3815 659">
    <p class='ocr_par' dir='ltr' id='par_1_48' title="bbox 2228 581 3815 659">
     <span class='ocr_line' id='line_1_48' title="bbox 2228 581 3815 659; baseline 0.002 -19"><span class='ocrx_word' id='word_1_335' title='bbox 2228 590 2355 650; x_wconf 80' lang='grc' dir='ltr'>τοὺς</span> <span class='ocrx_word' id='word_1_336' title='bbox 2401 588 2649 659; x_wconf 84' lang='grc' dir='ltr'>νεκρούς.</span> <span class='ocrx_word' id='word_1_337' title='bbox 2687 607 2704 637; x_wconf 74' lang='grc' dir='ltr'><strong>ι</strong></span> <span class='ocrx_word' id='word_1_338' title='bbox 2736 587 2893 641; x_wconf 77' lang='grc' dir='ltr'>Οὕτω</span> <span class='ocrx_word' id='word_1_339' title='bbox 2935 586 3028 640; x_wconf 76' lang='grc' dir='ltr'><strong>καὶ</strong></span> <span class='ocrx_word' id='word_1_340' title='bbox 3069 588 3098 640; x_wconf 84' lang='grc' dir='ltr'>ὁ</span> <span class='ocrx_word' id='word_1_341' title='bbox 3141 585 3343 655; x_wconf 79' lang='grc' dir='ltr'>Κύριος</span> <span class='ocrx_word' id='word_1_342' title='bbox 3393 581 3546 639; x_wconf 76' lang='grc' dir='ltr'>εἶπεν</span> <span class='ocrx_word' id='word_1_343' title='bbox 3600 588 3656 641; x_wconf 82' lang='grc' dir='ltr'>ἑν</span> <span class='ocrx_word' id='word_1_344' title='bbox 3694 592 3815 653; x_wconf 84' lang='grc' dir='ltr'>τοίς</span> 
     </span>
    </p>
   </div>
   <div class='ocr_carea' id='block_1_49' title="bbox 2234 675 3814 749">
    <p class='ocr_par' dir='ltr' id='par_1_49' title="bbox 2234 675 3814 749">
     <span class='ocr_line' id='line_1_49' title="bbox 2234 675 3814 749; baseline 0 -18"><span class='ocrx_word' id='word_1_345' title='bbox 2234 682 2397 749; x_wconf 78' lang='grc' dir='ltr'><strong>ἱεροῖς</strong></span> <span class='ocrx_word' id='word_1_346' title='bbox 2426 678 2778 747; x_wconf 77' lang='grc' dir='ltr'>Εὐαγγελίοις</span> <span class='ocrx_word' id='word_1_347' title='bbox 2806 695 2818 707; x_wconf 79' lang='grc'><em>’</em></span> <span class='ocrx_word' id='word_1_348' title='bbox 2855 695 2872 728; x_wconf 82' lang='grc' dir='ltr'><strong>ι</strong></span> <span class='ocrx_word' id='word_1_349' title='bbox 2925 675 3350 748; x_wconf 83' lang='grc' dir='ltr'>Κηρυχθήσεται</span> <span class='ocrx_word' id='word_1_350' title='bbox 3382 675 3455 729; x_wconf 83' lang='grc' dir='ltr'><strong>τὸ</strong></span> <span class='ocrx_word' id='word_1_351' title='bbox 3493 677 3814 746; x_wconf 81' lang='grc' dir='ltr'>εὐαγγέλιον</span> 
     </span>
    </p>
   </div>
   <div class='ocr_carea' id='block_1_50' title="bbox 2229 766 3818 842">
    <p class='ocr_par' dir='ltr' id='par_1_50' title="bbox 2229 766 3818 842">
     <span class='ocr_line' id='line_1_50' title="bbox 2229 766 3818 842; baseline -0.005 -16"><span class='ocrx_word' id='word_1_352' title='bbox 2229 773 2386 825; x_wconf 89' lang='grc' dir='ltr'>τοῦτο</span> <span class='ocrx_word' id='word_1_353' title='bbox 2413 772 2512 842; x_wconf 80' lang='grc' dir='ltr'>τῆς</span> <span class='ocrx_word' id='word_1_354' title='bbox 2540 771 2813 841; x_wconf 79' lang='grc' dir='ltr'><strong>βασιλείας</strong></span> <span class='ocrx_word' id='word_1_355' title='bbox 2845 770 2924 831; x_wconf 83' lang='grc' dir='ltr'>εἰς</span> <span class='ocrx_word' id='word_1_356' title='bbox 2961 769 3140 821; x_wconf 85' lang='grc' dir='ltr'>πάντα</span> <span class='ocrx_word' id='word_1_357' title='bbox 3179 766 3249 821; x_wconf 83' lang='grc' dir='ltr'>τὰ</span> <span class='ocrx_word' id='word_1_358' title='bbox 3293 766 3444 838; x_wconf 79' lang='grc' dir='ltr'>ἔθνη,</span> <span class='ocrx_word' id='word_1_359' title='bbox 3493 770 3573 831; x_wconf 84' lang='grc' dir='ltr'><strong>είς</strong></span> <span class='ocrx_word' id='word_1_360' title='bbox 3604 770 3786 841; x_wconf 85' lang='grc' dir='ltr'>μαρτύ</span> <span class='ocrx_word' id='word_1_361' title='bbox 3806 801 3818 811; x_wconf 75' lang='grc' dir='ltr'><strong><em>ο</em></strong></span> 
     </span>
    </p>
   </div>
   <div class='ocr_carea' id='block_1_51' title="bbox 2232 858 3817 937">
    <p class='ocr_par' dir='ltr' id='par_1_51' title="bbox 2232 858 3817 937">
     <span class='ocr_line' id='line_1_51' title="bbox 2232 858 3817 937; baseline -0.001 -20"><span class='ocrx_word' id='word_1_362' title='bbox 2232 865 2572 937; x_wconf 84' lang='grc' dir='ltr'>ριοναύτοίς.</span> <span class='ocrx_word' id='word_1_363' title='bbox 2624 882 2642 915; x_wconf 75' lang='grc' dir='ltr'><strong>ι</strong></span> <span class='ocrx_word' id='word_1_364' title='bbox 2680 861 2979 915; x_wconf 80' lang='grc' dir='ltr'>Βεόαίωσιν</span> <span class='ocrx_word' id='word_1_365' title='bbox 3029 861 3087 915; x_wconf 81' lang='grc' dir='ltr'>δὲ</span> <span class='ocrx_word' id='word_1_366' title='bbox 3130 858 3226 912; x_wconf 91' lang='grc' dir='ltr'><strong>τοῦ</strong></span> <span class='ocrx_word' id='word_1_367' title='bbox 3279 859 3610 928; x_wconf 82' lang='grc' dir='ltr'>Εύαγγελίου</span> <span class='ocrx_word' id='word_1_368' title='bbox 3656 861 3817 915; x_wconf 85' lang='grc' dir='ltr'>καλεί</span> 
     </span>
    </p>
   </div>
   <div class='ocr_carea' id='block_1_52' title="bbox 2227 952 3814 1027">
    <p class='ocr_par' dir='ltr' id='par_1_52' title="bbox 2227 952 3814 1027">
     <span class='ocr_line' id='line_1_52' title="bbox 2227 952 3814 1027; baseline -0.001 -18"><span class='ocrx_word' id='word_1_369' title='bbox 2227 957 2327 1027; x_wconf 80' lang='grc' dir='ltr'><strong>τὴν</strong></span> <span class='ocrx_word' id='word_1_370' title='bbox 2383 956 2492 1008; x_wconf 88' lang='grc' dir='ltr'><strong>τῶν</strong></span> <span class='ocrx_word' id='word_1_371' title='bbox 2539 954 2780 1025; x_wconf 82' lang='grc' dir='ltr'><strong>σημείων</strong></span> <span class='ocrx_word' id='word_1_372' title='bbox 2815 952 3283 1023; x_wconf 86' lang='grc' dir='ltr'>θαυματουργίαν.</span> <span class='ocrx_word' id='word_1_373' title='bbox 3334 953 3411 1004; x_wconf 77' lang='grc' dir='ltr'><strong>Δι’</strong></span> <span class='ocrx_word' id='word_1_374' title='bbox 3447 952 3673 1006; x_wconf 70' lang='grc' dir='ltr'>ἐκείνων</span> <span class='ocrx_word' id='word_1_375' title='bbox 3703 953 3814 1026; x_wconf 73' lang='grc' dir='ltr'><strong>γάρ</strong></span> 
     </span>
    </p>
   </div>
   <div class='ocr_carea' id='block_1_53' title="bbox 2233 1043 3357 1117">
    <p class='ocr_par' dir='ltr' id='par_1_53' title="bbox 2233 1043 3357 1117">
     <span class='ocr_line' id='line_1_53' title="bbox 2233 1043 3357 1117; baseline -0.003 -16"><span class='ocrx_word' id='word_1_376' title='bbox 2233 1048 2511 1102; x_wconf 78' lang='grc' dir='ltr'><strong>ἐδείκνυτο</strong></span> <span class='ocrx_word' id='word_1_377' title='bbox 2540 1047 2633 1100; x_wconf 89' lang='grc' dir='ltr'><strong>τοῦ</strong></span> <span class='ocrx_word' id='word_1_378' title='bbox 2669 1046 3026 1117; x_wconf 81' lang='grc' dir='ltr'><strong>κηρύγματος</strong></span> <span class='ocrx_word' id='word_1_379' title='bbox 3057 1043 3357 1115; x_wconf 79' lang='grc' dir='ltr'>ήάλήθεια.</span> 
     </span>
    </p>
   </div>
   <div class='ocr_carea' id='block_1_54' title="bbox 2301 1218 3816 1292">
    <p class='ocr_par' dir='ltr' id='par_1_54' title="bbox 2301 1218 3816 1292">
     <span class='ocr_line' id='line_1_54' title="bbox 2301 1218 3816 1292; baseline -0.002 -16"><span class='ocrx_word' id='word_1_380' title='bbox 2301 1224 2366 1289; x_wconf 80' lang='grc' dir='ltr'><strong>ζ’.</strong></span> <span class='ocrx_word' id='word_1_381' title='bbox 2406 1242 2424 1275; x_wconf 77' lang='grc' dir='ltr'><strong>ι</strong></span> <span class='ocrx_word' id='word_1_382' title='bbox 2467 1222 2629 1275; x_wconf 81' lang='grc' dir='ltr'>Ὥστε</span> <span class='ocrx_word' id='word_1_383' title='bbox 2652 1222 2797 1292; x_wconf 82' lang='grc' dir='ltr'>ὑμᾶς</span> <span class='ocrx_word' id='word_1_384' title='bbox 2859 1220 2935 1290; x_wconf 85' lang='grc' dir='ltr'>μὴ</span> <span class='ocrx_word' id='word_1_385' title='bbox 2965 1218 3309 1291; x_wconf 83' lang='grc' dir='ltr'><strong>ὑστερεῖσθαι</strong></span> <span class='ocrx_word' id='word_1_386' title='bbox 3333 1219 3617 1291; x_wconf 35' lang='grc' dir='ltr'>ὲν1μηδενὶ</span> <span class='ocrx_word' id='word_1_387' title='bbox 3650 1222 3816 1291; x_wconf 82' lang='grc' dir='ltr'>χαρί-</span> 
     </span>
    </p>
   </div>
   <div class='ocr_carea' id='block_1_55' title="bbox 2232 1310 3817 1385">
    <p class='ocr_par' dir='ltr' id='par_1_55' title="bbox 2232 1310 3817 1385">
     <span class='ocr_line' id='line_1_55' title="bbox 2232 1310 3817 1385; baseline -0.001 -18"><span class='ocrx_word' id='word_1_388' title='bbox 2232 1333 2418 1385; x_wconf 81' lang='grc' dir='ltr'>σματι.</span> <span class='ocrx_word' id='word_1_389' title='bbox 2455 1333 2474 1363; x_wconf 74' lang='grc' dir='ltr'><strong>ι</strong></span> <span class='ocrx_word' id='word_1_390' title='bbox 2510 1314 2619 1366; x_wconf 73' lang='grc' dir='ltr'>Καὶ</span> <span class='ocrx_word' id='word_1_391' title='bbox 2667 1311 2775 1383; x_wconf 88' lang='grc' dir='ltr'><strong>γὰρ</strong></span> <span class='ocrx_word' id='word_1_392' title='bbox 2832 1311 3171 1380; x_wconf 71' lang='grc' dir='ltr'>προφητικῆς</span> <span class='ocrx_word' id='word_1_393' title='bbox 3225 1310 3519 1381; x_wconf 82' lang='grc' dir='ltr'>μετέλαχον</span> <span class='ocrx_word' id='word_1_394' title='bbox 3562 1312 3817 1382; x_wconf 85' lang='grc' dir='ltr'>χάριτος,</span> 
     </span>
    </p>
   </div>
   <div class='ocr_carea' id='block_1_56' title="bbox 2231 1402 3819 1475">
    <p class='ocr_par' dir='ltr' id='par_1_56' title="bbox 2231 1402 3819 1475">
     <span class='ocr_line' id='line_1_56' title="bbox 2231 1402 3819 1475; baseline -0.003 -14"><span class='ocrx_word' id='word_1_395' title='bbox 2231 1409 2326 1462; x_wconf 74' lang='grc' dir='ltr'><strong>καὶ</strong></span> <span class='ocrx_word' id='word_1_396' title='bbox 2359 1407 2624 1475; x_wconf 83' lang='grc' dir='ltr'>γλώτταις</span> <span class='ocrx_word' id='word_1_397' title='bbox 2673 1403 2952 1473; x_wconf 73' lang='grc' dir='ltr'><strong>διαφόροις</strong></span> <span class='ocrx_word' id='word_1_398' title='bbox 2992 1402 3236 1467; x_wconf 70' lang='grc' dir='ltr'>ἐλάλουν,</span> <span class='ocrx_word' id='word_1_399' title='bbox 3296 1402 3372 1466; x_wconf 84' lang='grc' dir='ltr'>ὡς</span> <span class='ocrx_word' id='word_1_400' title='bbox 3424 1403 3482 1455; x_wconf 81' lang='grc' dir='ltr'>ὲν</span> <span class='ocrx_word' id='word_1_401' title='bbox 3527 1406 3638 1466; x_wconf 86' lang='grc' dir='ltr'>τοῖς</span> <span class='ocrx_word' id='word_1_402' title='bbox 3671 1405 3819 1475; x_wconf 81' lang='grc' dir='ltr'>μετὰ</span> 
     </span>
    </p>
   </div>
   <div class='ocr_carea' id='block_1_57' title="bbox 2228 1493 3813 1566">
    <p class='ocr_par' dir='ltr' id='par_1_57' title="bbox 2228 1493 3813 1566">
     <span class='ocr_line' id='line_1_57' title="bbox 2228 1493 3813 1566; baseline -0.001 -16"><span class='ocrx_word' id='word_1_403' title='bbox 2228 1498 2675 1552; x_wconf 76' lang='grc' dir='ltr'>ταῦτα’διδάσκει</span> <span class='ocrx_word' id='word_1_404' title='bbox 2726 1497 3079 1564; x_wconf 68' lang='grc' dir='ltr'>σαφέστερον.</span> <span class='ocrx_word' id='word_1_405' title='bbox 3111 1512 3129 1545; x_wconf 77' lang='grc' dir='ltr'><strong>ι</strong></span> <span class='ocrx_word' id='word_1_406' title='bbox 3183 1493 3679 1564; x_wconf 77' lang='grc' dir='ltr'>Ἀπεκδεχομένους</span> <span class='ocrx_word' id='word_1_407' title='bbox 3710 1493 3813 1566; x_wconf 79' lang='grc' dir='ltr'><strong>τὴν</strong></span> 
     </span>
    </p>
   </div>
   <div class='ocr_carea' id='block_1_58' title="bbox 2231 1584 3810 1659">
    <p class='ocr_par' dir='ltr' id='par_1_58' title="bbox 2231 1584 3810 1659">
     <span class='ocr_line' id='line_1_58' title="bbox 2231 1584 3810 1659; baseline -0.003 -15"><span class='ocrx_word' id='word_1_408' title='bbox 2231 1590 2572 1659; x_wconf 71' lang='grc' dir='ltr'>ἀποκάλυψιν</span> <span class='ocrx_word' id='word_1_409' title='bbox 2596 1587 2691 1642; x_wconf 87' lang='grc' dir='ltr'><strong>τοῦ</strong></span> <span class='ocrx_word' id='word_1_410' title='bbox 2715 1586 2917 1658; x_wconf 79' lang='grc' dir='ltr'>Κυρίου</span> <span class='ocrx_word' id='word_1_411' title='bbox 2938 1585 3095 1656; x_wconf 75' lang='grc' dir='ltr'>ἡμῶν</span> <span class='ocrx_word' id='word_1_412' title='bbox 3126 1584 3300 1655; x_wconf 85' lang='grc' dir='ltr'>Ἰησοῦ</span> <span class='ocrx_word' id='word_1_413' title='bbox 3327 1584 3583 1655; x_wconf 83' lang='grc' dir='ltr'>Χριστοῦ.</span> <span class='ocrx_word' id='word_1_414' title='bbox 3622 1604 3640 1636; x_wconf 77' lang='grc' dir='ltr'><strong>ι</strong></span> <span class='ocrx_word' id='word_1_415' title='bbox 3664 1587 3810 1640; x_wconf 89' lang='grc' dir='ltr'>Τού-</span> 
     </span>
    </p>
   </div>
   <div class='ocr_carea' id='block_1_59' title="bbox 2229 1660 3816 1753">
    <p class='ocr_par' dir='ltr' id='par_1_59' title="bbox 2229 1660 3816 1753">
     <span class='ocr_line' id='line_1_59' title="bbox 2229 1660 3816 1753; baseline -0.003 -16"><span class='ocrx_word' id='word_1_416' title='bbox 2229 1701 2338 1737; x_wconf 86' lang='grc' dir='ltr'>των</span> <span class='ocrx_word' id='word_1_417' title='bbox 2388 1683 2445 1736; x_wconf 60' lang='lat' dir='ltr'><strong>se</strong></span> <span class='ocrx_word' id='word_1_418' title='bbox 2501 1660 2875 1753; x_wconf 76' lang='grc' dir='ltr'>ἀπηλαύσατε,</span> <span class='ocrx_word' id='word_1_419' title='bbox 2932 1679 3018 1731; x_wconf 79' lang='grc' dir='ltr'>ἵνα</span> <span class='ocrx_word' id='word_1_420' title='bbox 3050 1678 3149 1747; x_wconf 86' lang='grc' dir='ltr'>τὴν</span> <span class='ocrx_word' id='word_1_421' title='bbox 3184 1676 3445 1751; x_wconf 78' lang='grc' dir='ltr'>δευτέραν</span> <span class='ocrx_word' id='word_1_422' title='bbox 3484 1668 3816 1748; x_wconf 71' lang='grc' dir='ltr'>ἐπιφάνειαν</span> 
     </span>
    </p>
   </div>
   <div class='ocr_carea' id='block_1_60' title="bbox 2231 1772 3028 1846">
    <p class='ocr_par' dir='ltr' id='par_1_60' title="bbox 2231 1772 3028 1846">
     <span class='ocr_line' id='line_1_60' title="bbox 2231 1772 3028 1846; baseline -0.009 -17"><span class='ocrx_word' id='word_1_423' title='bbox 2231 1776 2326 1829; x_wconf 90' lang='grc' dir='ltr'><strong>τοῦ</strong></span> <span class='ocrx_word' id='word_1_424' title='bbox 2358 1776 2609 1846; x_wconf 84' lang='grc' dir='ltr'>Σωτῆρος</span> <span class='ocrx_word' id='word_1_425' title='bbox 2638 1772 3028 1844; x_wconf 85' lang='grc' dir='ltr'>προσμείνητε.</span> 
     </span>
    </p>
   </div>
   <div class='ocr_carea' id='block_1_61' title="bbox 2303 1862 3821 1940">
    <p class='ocr_par' dir='ltr' id='par_1_61' title="bbox 2303 1862 3821 1940">
     <span class='ocr_line' id='line_1_61' title="bbox 2303 1862 3821 1940; baseline -0.007 -14"><span class='ocrx_word' id='word_1_426' title='bbox 2303 1876 2373 1940; x_wconf 82' lang='grc' dir='ltr'>η’.</span> <span class='ocrx_word' id='word_1_427' title='bbox 2403 1887 2421 1916; x_wconf 73' lang='grc' dir='ltr'><strong>ι</strong></span> <span class='ocrx_word' id='word_1_428' title='bbox 2457 1870 2553 1931; x_wconf 87' lang='grc' dir='ltr'>Ὃς</span> <span class='ocrx_word' id='word_1_429' title='bbox 2578 1869 2672 1920; x_wconf 75' lang='grc' dir='ltr'><strong>καὶ</strong></span> <span class='ocrx_word' id='word_1_430' title='bbox 2698 1864 2988 1938; x_wconf 75' lang='grc' dir='ltr'>βεϐαιώσει</span> <span class='ocrx_word' id='word_1_431' title='bbox 3014 1864 3162 1933; x_wconf 79' lang='grc' dir='ltr'>ἡμᾶς</span> <span class='ocrx_word' id='word_1_432' title='bbox 3187 1862 3291 1927; x_wconf 74' lang='grc' dir='ltr'>ἕως</span> <span class='ocrx_word' id='word_1_433' title='bbox 3334 1864 3521 1928; x_wconf 84' lang='grc' dir='ltr'>τέλους</span> <span class='ocrx_word' id='word_1_434' title='bbox 3547 1864 3821 1937; x_wconf 80' lang='grc' dir='ltr'>ἀνεγκλή-</span> 
     </span>
    </p>
   </div>
   <div class='ocr_carea' id='block_1_62' title="bbox 2231 1953 3818 2031">
    <p class='ocr_par' dir='ltr' id='par_1_62' title="bbox 2231 1953 3818 2031">
     <span class='ocr_line' id='line_1_62' title="bbox 2231 1953 3818 2031; baseline -0.004 -18"><span class='ocrx_word' id='word_1_435' title='bbox 2231 1979 2358 2023; x_wconf 83' lang='grc' dir='ltr'>τους</span> <span class='ocrx_word' id='word_1_436' title='bbox 2398 1962 2456 2013; x_wconf 84' lang='grc' dir='ltr'>ὲν</span> <span class='ocrx_word' id='word_1_437' title='bbox 2482 1962 2547 2029; x_wconf 71' lang='grc' dir='ltr'>τῇ</span> <span class='ocrx_word' id='word_1_438' title='bbox 2566 1960 2749 2030; x_wconf 80' lang='grc' dir='ltr'>ἡμέρᾳ</span> <span class='ocrx_word' id='word_1_439' title='bbox 2768 1960 2862 2012; x_wconf 91' lang='grc' dir='ltr'><strong>τοῦ</strong></span> <span class='ocrx_word' id='word_1_440' title='bbox 2885 1959 3089 2031; x_wconf 79' lang='grc' dir='ltr'>Κυρίου</span> <span class='ocrx_word' id='word_1_441' title='bbox 3117 1955 3273 2025; x_wconf 75' lang='grc' dir='ltr'>ἡμῶν</span> <span class='ocrx_word' id='word_1_442' title='bbox 3308 1954 3482 2026; x_wconf 83' lang='grc' dir='ltr'>Ἰησοῦ</span> <span class='ocrx_word' id='word_1_443' title='bbox 3516 1953 3818 2027; x_wconf 71' lang='grc' dir='ltr'>Χριστοῦ.»</span> 
     </span>
    </p>
   </div>
   <div class='ocr_carea' id='block_1_63' title="bbox 2232 2046 3824 2119">
    <p class='ocr_par' dir='ltr' id='par_1_63' title="bbox 2232 2046 3824 2119">
     <span class='ocr_line' id='line_1_63' title="bbox 2232 2046 3824 2119; baseline -0.004 -15"><span class='ocrx_word' id='word_1_444' title='bbox 2232 2051 2344 2105; x_wconf 77' lang='grc' dir='ltr'><strong>Καὶ</strong></span> <span class='ocrx_word' id='word_1_445' title='bbox 2365 2050 2426 2103; x_wconf 85' lang='grc' dir='ltr'>τὸ</span> <span class='ocrx_word' id='word_1_446' title='bbox 2458 2049 2674 2119; x_wconf 77' lang='grc' dir='ltr'>βέϐαιον</span> <span class='ocrx_word' id='word_1_447' title='bbox 2691 2050 2873 2113; x_wconf 82' lang='grc' dir='ltr'>αὐτοῖς</span> <span class='ocrx_word' id='word_1_448' title='bbox 2896 2048 3190 2118; x_wconf 73' lang='grc' dir='ltr'>ἐπηύξατο,</span> <span class='ocrx_word' id='word_1_449' title='bbox 3226 2048 3322 2102; x_wconf 73' lang='grc' dir='ltr'>καὶ</span> <span class='ocrx_word' id='word_1_450' title='bbox 3353 2046 3413 2098; x_wconf 82' lang='grc' dir='ltr'><strong>τὸ</strong></span> <span class='ocrx_word' id='word_1_451' title='bbox 3454 2046 3709 2116; x_wconf 81' lang='grc' dir='ltr'>ἄμωμον.</span> <span class='ocrx_word' id='word_1_452' title='bbox 3748 2047 3824 2099; x_wconf 71' lang='grc' dir='ltr'>Τὸ</span> 
     </span>
    </p>
   </div>
   <div class='ocr_carea' id='block_1_64' title="bbox 2233 2137 3821 2211">
    <p class='ocr_par' dir='ltr' id='par_1_64' title="bbox 2233 2137 3821 2211">
     <span class='ocr_line' id='line_1_64' title="bbox 2233 2137 3821 2211; baseline -0.003 -17"><span class='ocrx_word' id='word_1_453' title='bbox 2233 2142 2406 2194; x_wconf 77' lang='grc' dir='ltr'>εἰπεῖν</span> <span class='ocrx_word' id='word_1_454' title='bbox 2436 2139 2867 2211; x_wconf 70' lang='grc' dir='ltr'>ἀνεγκλήτους,</span> <span class='ocrx_word' id='word_1_455' title='bbox 2899 2139 3067 2205; x_wconf 69' lang='grc' dir='ltr'>ἔδειξε</span> <span class='ocrx_word' id='word_1_456' title='bbox 3112 2139 3245 2202; x_wconf 85' lang='grc' dir='ltr'>τέως</span> <span class='ocrx_word' id='word_1_457' title='bbox 3273 2138 3432 2199; x_wconf 76' lang='grc' dir='ltr'>ὄντας</span> <span class='ocrx_word' id='word_1_458' title='bbox 3469 2137 3821 2208; x_wconf 82' lang='grc' dir='ltr'>ἐγκλήμασιν</span> 
     </span>
    </p>
   </div>
   <div class='ocr_carea' id='block_1_65' title="bbox 2233 2231 2590 2296">
    <p class='ocr_par' dir='ltr' id='par_1_65' title="bbox 2233 2231 2590 2296">
     <span class='ocr_line' id='line_1_65' title="bbox 2233 2231 2590 2296; baseline 0 -9"><span class='ocrx_word' id='word_1_459' title='bbox 2233 2231 2590 2296; x_wconf 83' lang='grc' dir='ltr'>ὑπευθύνους.</span> 
     </span>
    </p>
   </div>
   <div class='ocr_carea' id='block_1_66' title="bbox 2303 2316 3822 2393">
    <p class='ocr_par' dir='ltr' id='par_1_66' title="bbox 2303 2316 3822 2393">
     <span class='ocr_line' id='line_1_66' title="bbox 2303 2316 3822 2393; baseline -0.005 -13"><span class='ocrx_word' id='word_1_460' title='bbox 2303 2327 2368 2380; x_wconf 83' lang='grc' dir='ltr'>θ’.</span> <span class='ocrx_word' id='word_1_461' title='bbox 2409 2344 2427 2377; x_wconf 80' lang='grc' dir='ltr'><strong>ι</strong></span> <span class='ocrx_word' id='word_1_462' title='bbox 2459 2324 2656 2388; x_wconf 80' lang='grc' dir='ltr'>Πιστὸς</span> <span class='ocrx_word' id='word_1_463' title='bbox 2703 2325 2732 2378; x_wconf 84' lang='grc' dir='ltr'><strong>ὁ</strong></span> <span class='ocrx_word' id='word_1_464' title='bbox 2763 2324 2915 2389; x_wconf 80' lang='grc' dir='ltr'>Θεὸς,</span> <span class='ocrx_word' id='word_1_465' title='bbox 2956 2324 3024 2377; x_wconf 84' lang='grc' dir='ltr'>δι’</span> <span class='ocrx_word' id='word_1_466' title='bbox 3075 2316 3137 2376; x_wconf 75' lang='grc' dir='ltr'><strong>οῦ</strong></span> <span class='ocrx_word' id='word_1_467' title='bbox 3196 2320 3466 2393; x_wconf 75' lang='grc' dir='ltr'>ἐκλήθητε</span> <span class='ocrx_word' id='word_1_468' title='bbox 3500 2321 3580 2384; x_wconf 89' lang='grc' dir='ltr'><strong>είς</strong></span> <span class='ocrx_word' id='word_1_469' title='bbox 3613 2337 3822 2374; x_wconf 84' lang='grc' dir='ltr'>κοινω-</span> 
     </span>
    </p>
   </div>
   <div class='ocr_carea' id='block_1_67' title="bbox 2232 2409 3822 2485">
    <p class='ocr_par' dir='ltr' id='par_1_67' title="bbox 2232 2409 3822 2485">
     <span class='ocr_line' id='line_1_67' title="bbox 2232 2409 3822 2485; baseline -0.006 -13"><span class='ocrx_word' id='word_1_470' title='bbox 2232 2417 2350 2473; x_wconf 88' lang='grc' dir='ltr'>νίαν</span> <span class='ocrx_word' id='word_1_471' title='bbox 2408 2414 2503 2470; x_wconf 86' lang='grc' dir='ltr'><strong>τοῦ</strong></span> <span class='ocrx_word' id='word_1_472' title='bbox 2554 2414 2686 2468; x_wconf 87' lang='grc' dir='ltr'>Υίοῦ</span> <span class='ocrx_word' id='word_1_473' title='bbox 2733 2412 2899 2468; x_wconf 83' lang='grc' dir='ltr'>αὐτοῦ</span> <span class='ocrx_word' id='word_1_474' title='bbox 2942 2412 3118 2485; x_wconf 83' lang='grc' dir='ltr'>Ἰησοῦ</span> <span class='ocrx_word' id='word_1_475' title='bbox 3158 2413 3179 2445; x_wconf 82' lang='grc'>²</span> <span class='ocrx_word' id='word_1_476' title='bbox 3208 2411 3444 2483; x_wconf 83' lang='grc' dir='ltr'>Χριστοῦ</span> <span class='ocrx_word' id='word_1_477' title='bbox 3482 2409 3576 2464; x_wconf 91' lang='grc' dir='ltr'><strong>τοῦ</strong></span> <span class='ocrx_word' id='word_1_478' title='bbox 3603 2410 3822 2480; x_wconf 77' lang='grc' dir='ltr'>Κυρίου</span> 
     </span>
    </p>
   </div>
   <div class='ocr_carea' id='block_1_68' title="bbox 2230 2500 3822 2581">
    <p class='ocr_par' dir='ltr' id='par_1_68' title="bbox 2230 2500 3822 2581">
     <span class='ocr_line' id='line_1_68' title="bbox 2230 2500 3822 2581; baseline -0.007 -17"><span class='ocrx_word' id='word_1_479' title='bbox 2230 2512 2263 2581; x_wconf 81' lang='grc' dir='ltr'><strong>ἡ</strong></span> <span class='ocrx_word' id='word_1_480' title='bbox 2274 2509 2411 2581; x_wconf 86' lang='grc' dir='ltr'>μῶν.</span> <span class='ocrx_word' id='word_1_481' title='bbox 2456 2527 2475 2561; x_wconf 75' lang='grc' dir='ltr'><strong>ι</strong></span> <span class='ocrx_word' id='word_1_482' title='bbox 2502 2509 2727 2578; x_wconf 85' lang='grc' dir='ltr'>Ποιήσει</span> <span class='ocrx_word' id='word_1_483' title='bbox 2775 2506 2835 2559; x_wconf 77' lang='grc' dir='ltr'>δὲ</span> <span class='ocrx_word' id='word_1_484' title='bbox 2886 2503 3045 2559; x_wconf 89' lang='grc' dir='ltr'>τοῦτο</span> <span class='ocrx_word' id='word_1_485' title='bbox 3081 2507 3109 2559; x_wconf 88' lang='grc' dir='ltr'>ὁ</span> <span class='ocrx_word' id='word_1_486' title='bbox 3137 2505 3230 2558; x_wconf 76' lang='grc' dir='ltr'><strong>καὶ</strong></span> <span class='ocrx_word' id='word_1_487' title='bbox 3257 2503 3357 2573; x_wconf 79' lang='grc' dir='ltr'>τῆς</span> <span class='ocrx_word' id='word_1_488' title='bbox 3382 2500 3655 2565; x_wconf 81' lang='grc' dir='ltr'>υἱοθεσίας</span> <span class='ocrx_word' id='word_1_489' title='bbox 3682 2502 3822 2571; x_wconf 86' lang='grc' dir='ltr'>ὑμῖν</span> 
     </span>
    </p>
   </div>
   <div class='ocr_carea' id='block_1_69' title="bbox 2231 2591 3821 2671">
    <p class='ocr_par' dir='ltr' id='par_1_69' title="bbox 2231 2591 3821 2671">
     <span class='ocr_line' id='line_1_69' title="bbox 2231 2591 3821 2671; baseline -0.008 -15"><span class='ocrx_word' id='word_1_490' title='bbox 2231 2602 2291 2656; x_wconf 82' lang='grc' dir='ltr'>τὸ</span> <span class='ocrx_word' id='word_1_491' title='bbox 2314 2602 2557 2671; x_wconf 81' lang='grc' dir='ltr'>χάρισμα</span> <span class='ocrx_word' id='word_1_492' title='bbox 2608 2596 3017 2669; x_wconf 83' lang='grc' dir='ltr'>δωρησάμενος.</span> <span class='ocrx_word' id='word_1_493' title='bbox 3049 2594 3378 2649; x_wconf 78' lang='grc' dir='ltr'>Κοινωνίαν</span> <span class='ocrx_word' id='word_1_494' title='bbox 3405 2593 3513 2664; x_wconf 83' lang='grc' dir='ltr'><strong>γὰρ</strong></span> <span class='ocrx_word' id='word_1_495' title='bbox 3550 2591 3680 2645; x_wconf 84' lang='grc' dir='ltr'>Υίοῦ</span> <span class='ocrx_word' id='word_1_496' title='bbox 3714 2592 3821 2663; x_wconf 76' lang='grc' dir='ltr'>τὴν</span> 
     </span>
    </p>
   </div>
   <div class='ocr_carea' id='block_1_70' title="bbox 2231 2684 3821 2753">
    <p class='ocr_par' dir='ltr' id='par_1_70' title="bbox 2231 2684 3821 2753">
     <span class='ocr_line' id='line_1_70' title="bbox 2231 2684 3821 2753; baseline -0.008 -5"><span class='ocrx_word' id='word_1_497' title='bbox 2231 2694 2504 2748; x_wconf 82' lang='grc' dir='ltr'>υἱοθεσίαν</span> <span class='ocrx_word' id='word_1_498' title='bbox 2544 2692 2801 2746; x_wconf 71' lang='grc' dir='ltr'>ἐκάλεσε-,ο</span> <span class='ocrx_word' id='word_1_499' title='bbox 2844 2688 2904 2742; x_wconf 76' lang='grc' dir='ltr'>τὸ</span> <span class='ocrx_word' id='word_1_500' title='bbox 2944 2689 3025 2752; x_wconf 76' lang='grc' dir='ltr'><strong>δὲ,</strong></span> <span class='ocrx_word' id='word_1_501' title='bbox 3081 2688 3317 2752; x_wconf 80' lang='grc' dir='ltr'>πιστός,</span> <span class='ocrx_word' id='word_1_502' title='bbox 3350 2685 3472 2740; x_wconf 74' lang='grc' dir='ltr'>ἀντὶ</span> <span class='ocrx_word' id='word_1_503' title='bbox 3491 2684 3609 2749; x_wconf 92' lang='grc' dir='ltr'>τοῦ,</span> <span class='ocrx_word' id='word_1_504' title='bbox 3638 2685 3821 2753; x_wconf 68' lang='grc' dir='ltr'>ἀψευ-</span> 
     </span>
    </p>
   </div>
   <div class='ocr_carea' id='block_1_71' title="bbox 2228 2772 3820 2859">
    <p class='ocr_par' dir='ltr' id='par_1_71' title="bbox 2228 2772 3820 2859">
     <span class='ocr_line' id='line_1_71' title="bbox 2228 2772 3820 2859; baseline -0.006 -17"><span class='ocrx_word' id='word_1_505' title='bbox 2228 2788 2325 2859; x_wconf 81' lang='grc' dir='ltr'>δής</span> <span class='ocrx_word' id='word_1_506' title='bbox 2357 2804 2417 2841; x_wconf 84' lang='grc' dir='ltr'><strong>τε</strong></span> <span class='ocrx_word' id='word_1_507' title='bbox 2442 2786 2539 2840; x_wconf 73' lang='grc' dir='ltr'>καὶ</span> <span class='ocrx_word' id='word_1_508' title='bbox 2567 2783 2797 2854; x_wconf 81' lang='grc' dir='ltr'>ἀληθής.</span> <span class='ocrx_word' id='word_1_509' title='bbox 2846 2782 2958 2835; x_wconf 75' lang='grc' dir='ltr'><strong>Καὶ</strong></span> <span class='ocrx_word' id='word_1_510' title='bbox 2992 2779 3227 2834; x_wconf 75' lang='grc' dir='ltr'>ἐνταῦθα</span> <span class='ocrx_word' id='word_1_511' title='bbox 3278 2779 3459 2848; x_wconf 89' lang='grc' dir='ltr'>μέντοι</span> <span class='ocrx_word' id='word_1_512' title='bbox 3500 2778 3583 2842; x_wconf 74' lang='grc' dir='ltr'>τὸ,</span> <span class='ocrx_word' id='word_1_513' title='bbox 3604 2776 3683 2829; x_wconf 80' lang='grc' dir='ltr'>δι’</span> <span class='ocrx_word' id='word_1_514' title='bbox 3713 2772 3820 2839; x_wconf 80' lang='grc' dir='ltr'>οὗ,</span> 
     </span>
    </p>
   </div>
   <div class='ocr_carea' id='block_1_72' title="bbox 2230 2868 3821 2947">
    <p class='ocr_par' dir='ltr' id='par_1_72' title="bbox 2230 2868 3821 2947">
     <span class='ocr_line' id='line_1_72' title="bbox 2230 2868 3821 2947; baseline -0.008 -15"><span class='ocrx_word' id='word_1_515' title='bbox 2230 2877 2442 2932; x_wconf 62' lang='grc' dir='ltr'>ἐπὶίτοῦ</span> <span class='ocrx_word' id='word_1_516' title='bbox 2494 2876 2708 2947; x_wconf 84' lang='grc' dir='ltr'>Πατρὸς</span> <span class='ocrx_word' id='word_1_517' title='bbox 2753 2873 2990 2939; x_wconf 80' lang='grc' dir='ltr'>τέθεικε,</span> <span class='ocrx_word' id='word_1_518' title='bbox 3025 2872 3134 2925; x_wconf 85' lang='grc' dir='ltr'><strong>τῶν</strong></span> <span class='ocrx_word' id='word_1_519' title='bbox 3165 2868 3455 2940; x_wconf 80' lang='grc' dir='ltr'>αἱρετικῶν</span> <span class='ocrx_word' id='word_1_520' title='bbox 3478 2868 3821 2939; x_wconf 80' lang='grc' dir='ltr'>ὲμιρράττων</span> 
     </span>
    </p>
   </div>
   <div class='ocr_carea' id='block_1_73' title="bbox 2230 2952 3824 3041">
    <p class='ocr_par' dir='ltr' id='par_1_73' title="bbox 2230 2952 3824 3041">
     <span class='ocr_line' id='line_1_73' title="bbox 2230 2952 3824 3041; baseline -0.009 -16"><span class='ocrx_word' id='word_1_521' title='bbox 2230 2972 2299 3025; x_wconf 85' lang='grc' dir='ltr'>τὰ</span> <span class='ocrx_word' id='word_1_522' title='bbox 2333 2970 2672 3039; x_wconf 78' lang='grc' dir='ltr'>ἀναίσχυντα</span> <span class='ocrx_word' id='word_1_523' title='bbox 2703 2966 2968 3036; x_wconf 87' lang='grc' dir='ltr'>στόματα,</span> <span class='ocrx_word' id='word_1_524' title='bbox 3000 2963 3095 3017; x_wconf 73' lang='grc' dir='ltr'><strong>καὶ</strong></span> <span class='ocrx_word' id='word_1_525' title='bbox 3122 2952 3388 3041; x_wconf 81' lang='grc' dir='ltr'>διδάσκων</span> <span class='ocrx_word' id='word_1_526' title='bbox 3422 2959 3498 3023; x_wconf 88' lang='grc' dir='ltr'><strong>ώς</strong></span> <span class='ocrx_word' id='word_1_527' title='bbox 3525 2959 3585 3012; x_wconf 84' lang='grc' dir='ltr'><strong>ού</strong></span> <span class='ocrx_word' id='word_1_528' title='bbox 3617 2959 3824 3029; x_wconf 69' lang='grc' dir='ltr'>μικρό-</span> 
     </span>
    </p>
   </div>
   <div class='ocr_carea' id='block_1_74' title="bbox 2229 3051 3824 3133">
    <p class='ocr_par' dir='ltr' id='par_1_74' title="bbox 2229 3051 3824 3133">
     <span class='ocr_line' id='line_1_74' title="bbox 2229 3051 3824 3133; baseline -0.008 -17"><span class='ocrx_word' id='word_1_529' title='bbox 2229 3078 2391 3133; x_wconf 89' lang='grc' dir='ltr'>τητος</span> <span class='ocrx_word' id='word_1_530' title='bbox 2450 3060 2589 3130; x_wconf 87' lang='grc' dir='ltr'>α’ύτη</span> <span class='ocrx_word' id='word_1_531' title='bbox 2635 3056 2969 3128; x_wconf 75' lang='grc' dir='ltr'>σημαντικὴ.</span> <span class='ocrx_word' id='word_1_532' title='bbox 3023 3053 3182 3109; x_wconf 84' lang='grc' dir='ltr'>Οῦτω</span> <span class='ocrx_word' id='word_1_533' title='bbox 3212 3055 3333 3116; x_wconf 88' lang='grc' dir='ltr'>ταῖς</span> <span class='ocrx_word' id='word_1_534' title='bbox 3375 3051 3675 3122; x_wconf 80' lang='grc' dir='ltr'>εὐφημίαις</span> <span class='ocrx_word' id='word_1_535' title='bbox 3720 3052 3824 3105; x_wconf 75' lang='grc' dir='ltr'>καὶ</span> 
     </span>
    </p>
   </div>
   <div class='ocr_carea' id='block_1_75' title="bbox 2229 3143 3822 3219">
    <p class='ocr_par' dir='ltr' id='par_1_75' title="bbox 2229 3143 3822 3219">
     <span class='ocr_line' id='line_1_75' title="bbox 2229 3143 3822 3219; baseline -0.008 -12"><span class='ocrx_word' id='word_1_536' title='bbox 2229 3156 2348 3216; x_wconf 82' lang='grc' dir='ltr'>ταῖς</span> <span class='ocrx_word' id='word_1_537' title='bbox 2396 3150 2667 3219; x_wconf 83' lang='grc' dir='ltr'>εὐλογίαις</span> <span class='ocrx_word' id='word_1_538' title='bbox 2728 3147 3030 3219; x_wconf 85' lang='grc' dir='ltr'>προλεάνας</span> <span class='ocrx_word' id='word_1_539' title='bbox 3078 3146 3176 3215; x_wconf 84' lang='grc' dir='ltr'>τὴν</span> <span class='ocrx_word' id='word_1_540' title='bbox 3228 3143 3419 3215; x_wconf 81' lang='grc' dir='ltr'>ἀκοὴν,</span> <span class='ocrx_word' id='word_1_541' title='bbox 3458 3144 3685 3213; x_wconf 75' lang='grc' dir='ltr'>ἄρχεται</span> <span class='ocrx_word' id='word_1_542' title='bbox 3711 3144 3822 3213; x_wconf 85' lang='grc' dir='ltr'>τῆς</span> 
     </span>
    </p>
   </div>
   <div class='ocr_carea' id='block_1_76' title="bbox 2230 3234 3822 3315">
    <p class='ocr_par' dir='ltr' id='par_1_76' title="bbox 2230 3234 3822 3315">
     <span class='ocr_line' id='line_1_76' title="bbox 2230 3234 3822 3315; baseline -0.008 -17"><span class='ocrx_word' id='word_1_543' title='bbox 2230 3243 2586 3315; x_wconf 84' lang='grc' dir='ltr'>κατηγορίας,</span> <span class='ocrx_word' id='word_1_544' title='bbox 2607 3241 2668 3293; x_wconf 80' lang='grc' dir='ltr'><strong>ού</strong></span> <span class='ocrx_word' id='word_1_545' title='bbox 2701 3239 2913 3310; x_wconf 86' lang='grc' dir='ltr'>γυμνὴν</span> <span class='ocrx_word' id='word_1_546' title='bbox 2939 3237 3107 3310; x_wconf 79' lang='grc' dir='ltr'>αὐτὴν</span> <span class='ocrx_word' id='word_1_547' title='bbox 3140 3236 3376 3305; x_wconf 81' lang='grc' dir='ltr'>εἰσάγων</span> <span class='ocrx_word' id='word_1_548' title='bbox 3399 3275 3415 3300; x_wconf 96' lang='grc'><strong>,</strong></span> <span class='ocrx_word' id='word_1_549' title='bbox 3447 3234 3581 3288; x_wconf 85' lang='grc' dir='ltr'>ἀλλὰ</span> <span class='ocrx_word' id='word_1_550' title='bbox 3607 3236 3822 3304; x_wconf 83' lang='grc' dir='ltr'>παραί-</span> 
     </span>
    </p>
   </div>
   <div class='ocr_carea' id='block_1_77' title="bbox 2229 3333 3165 3405">
    <p class='ocr_par' dir='ltr' id='par_1_77' title="bbox 2229 3333 3165 3405">
     <span class='ocr_line' id='line_1_77' title="bbox 2229 3333 3165 3405; baseline -0.007 -15"><span class='ocrx_word' id='word_1_551' title='bbox 2229 3353 2377 3391; x_wconf 81' lang='grc' dir='ltr'>νεσιν</span> <span class='ocrx_word' id='word_1_552' title='bbox 2400 3333 2801 3405; x_wconf 80' lang='grc' dir='ltr'>προεισφέρων.</span> <span class='ocrx_word' id='word_1_553' title='bbox 3160 3394 3165 3399; x_wconf 19' lang='grc' dir='ltr'>θ</span> 
     </span>
    </p>
   </div>
   <div class='ocr_carea' id='block_1_78' title="bbox 2301 3418 3823 3497">
    <p class='ocr_par' dir='ltr' id='par_1_78' title="bbox 2301 3418 3823 3497">
     <span class='ocr_line' id='line_1_78' title="bbox 2301 3418 3823 3497; baseline -0.005 -16"><span class='ocrx_word' id='word_1_554' title='bbox 2301 3434 2383 3482; x_wconf 87' lang='grc' dir='ltr'>ι’.‹</span> <span class='ocrx_word' id='word_1_555' title='bbox 2414 3424 2722 3497; x_wconf 86' lang='grc' dir='ltr'>Παρακαλῶ</span> <span class='ocrx_word' id='word_1_556' title='bbox 2748 3418 2841 3477; x_wconf 82' lang='grc' dir='ltr'><strong>οὖν</strong></span> <span class='ocrx_word' id='word_1_557' title='bbox 2866 3423 3031 3492; x_wconf 81' lang='grc' dir='ltr'>ὑμᾶς,</span> <span class='ocrx_word' id='word_1_558' title='bbox 3048 3421 3286 3491; x_wconf 67' lang='grc' dir='ltr'>ἀδελφοὶ,</span> <span class='ocrx_word' id='word_1_559' title='bbox 3318 3420 3406 3474; x_wconf 85' lang='grc' dir='ltr'>διὰ</span> <span class='ocrx_word' id='word_1_560' title='bbox 3427 3420 3521 3474; x_wconf 90' lang='grc' dir='ltr'><strong>τοῦ</strong></span> <span class='ocrx_word' id='word_1_561' title='bbox 3547 3420 3823 3491; x_wconf 78' lang='grc' dir='ltr'>ὀνόματος</span> 
     </span>
    </p>
   </div>
   <div class='ocr_carea' id='block_1_79' title="bbox 2227 3510 3819 3589">
    <p class='ocr_par' dir='ltr' id='par_1_79' title="bbox 2227 3510 3819 3589">
     <span class='ocr_line' id='line_1_79' title="bbox 2227 3510 3819 3589; baseline -0.007 -13"><span class='ocrx_word' id='word_1_562' title='bbox 2227 3520 2324 3576; x_wconf 88' lang='grc' dir='ltr'><strong>τοῦ</strong></span> <span class='ocrx_word' id='word_1_563' title='bbox 2349 3520 2554 3589; x_wconf 80' lang='grc' dir='ltr'>Κυρίου</span> <span class='ocrx_word' id='word_1_564' title='bbox 2586 3518 2619 3588; x_wconf 82' lang='grc' dir='ltr'>ἡ</span> <span class='ocrx_word' id='word_1_565' title='bbox 2628 3515 2745 3587; x_wconf 86' lang='grc' dir='ltr'><strong>μῶν</strong></span> <span class='ocrx_word' id='word_1_566' title='bbox 2782 3515 2955 3586; x_wconf 84' lang='grc' dir='ltr'>Ἰησοῦ</span> <span class='ocrx_word' id='word_1_567' title='bbox 2977 3513 3241 3586; x_wconf 83' lang='grc' dir='ltr'>Χριστοῦ,</span> <span class='ocrx_word' id='word_1_568' title='bbox 3270 3513 3357 3565; x_wconf 84' lang='grc' dir='ltr'>ἵνα</span> <span class='ocrx_word' id='word_1_569' title='bbox 3380 3512 3441 3565; x_wconf 85' lang='grc' dir='ltr'><strong>τὸ</strong></span> <span class='ocrx_word' id='word_1_570' title='bbox 3463 3511 3595 3566; x_wconf 83' lang='grc' dir='ltr'>αὐτὸ</span> <span class='ocrx_word' id='word_1_571' title='bbox 3611 3510 3819 3580; x_wconf 77' lang='grc' dir='ltr'>λέγητε</span> 
     </span>
    </p>
   </div>
   <div class='ocr_carea' id='block_1_80' title="bbox 2230 3602 3819 3680">
    <p class='ocr_par' dir='ltr' id='par_1_80' title="bbox 2230 3602 3819 3680">
     <span class='ocr_line' id='line_1_80' title="bbox 2230 3602 3819 3680; baseline -0.008 -11"><span class='ocrx_word' id='word_1_572' title='bbox 2230 3614 2454 3676; x_wconf 82' lang='grc' dir='ltr'>πάντες,</span> <span class='ocrx_word' id='word_1_573' title='bbox 2490 3609 2587 3665; x_wconf 75' lang='grc' dir='ltr'>καὶ</span> <span class='ocrx_word' id='word_1_574' title='bbox 2645 3609 2720 3680; x_wconf 84' lang='grc' dir='ltr'>μὴ</span> <span class='ocrx_word' id='word_1_575' title='bbox 2777 3604 2811 3680; x_wconf 78' lang='grc' dir='ltr'>ᾗ</span> <span class='ocrx_word' id='word_1_576' title='bbox 2865 3610 2924 3661; x_wconf 83' lang='grc' dir='ltr'>ἐν</span> <span class='ocrx_word' id='word_1_577' title='bbox 2985 3608 3112 3677; x_wconf 86' lang='grc' dir='ltr'>ύμῖν</span> <span class='ocrx_word' id='word_1_578' title='bbox 3154 3606 3444 3676; x_wconf 80' lang='grc' dir='ltr'>σχίσματα.</span> <span class='ocrx_word' id='word_1_579' title='bbox 3478 3623 3496 3654; x_wconf 79' lang='grc' dir='ltr'><strong>ι</strong></span> <span class='ocrx_word' id='word_1_580' title='bbox 3533 3602 3725 3664; x_wconf 80' lang='grc' dir='ltr'>Καλῶς</span> <span class='ocrx_word' id='word_1_581' title='bbox 3752 3604 3819 3657; x_wconf 82' lang='grc' dir='ltr'><strong>τὸ</strong></span> 
     </span>
    </p>
   </div>
   <div class='ocr_carea' id='block_1_81' title="bbox 2226 3687 3820 3778">
    <p class='ocr_par' dir='ltr' id='par_1_81' title="bbox 2226 3687 3820 3778">
     <span class='ocr_line' id='line_1_81' title="bbox 2226 3687 3820 3778; baseline -0.008 -17"><span class='ocrx_word' id='word_1_582' title='bbox 2226 3708 2396 3778; x_wconf 81' lang='grc' dir='ltr'>ὄνομα</span> <span class='ocrx_word' id='word_1_583' title='bbox 2455 3701 2550 3757; x_wconf 83' lang='grc' dir='ltr'><strong>τοῦ</strong></span> <span class='ocrx_word' id='word_1_584' title='bbox 2604 3700 2810 3770; x_wconf 82' lang='grc' dir='ltr'>Κυρίου</span> <span class='ocrx_word' id='word_1_585' title='bbox 2842 3702 2903 3771; x_wconf 82' lang='grc' dir='ltr'>τῇ</span> <span class='ocrx_word' id='word_1_586' title='bbox 2936 3687 3279 3770; x_wconf 79' lang='grc' dir='ltr'>παρακλήσει</span> <span class='ocrx_word' id='word_1_587' title='bbox 3320 3694 3643 3760; x_wconf 80' lang='grc' dir='ltr'>συνέταξεν·</span> <span class='ocrx_word' id='word_1_588' title='bbox 3672 3688 3820 3749; x_wconf 69' lang='grc' dir='ltr'>αὐτὸ</span> 
     </span>
    </p>
   </div>
   <div class='ocr_carea' id='block_1_82' title="bbox 2227 3785 3821 3870">
    <p class='ocr_par' dir='ltr' id='par_1_82' title="bbox 2227 3785 3821 3870">
     <span class='ocr_line' id='line_1_82' title="bbox 2227 3785 3821 3870; baseline -0.008 -17"><span class='ocrx_word' id='word_1_589' title='bbox 2227 3799 2339 3870; x_wconf 81' lang='grc' dir='ltr'>γὰρ</span> <span class='ocrx_word' id='word_1_590' title='bbox 2363 3791 2432 3868; x_wconf 80' lang='grc' dir='ltr'>ἦν</span> <span class='ocrx_word' id='word_1_591' title='bbox 2478 3794 2539 3846; x_wconf 80' lang='grc' dir='ltr'><strong>τὸ</strong></span> <span class='ocrx_word' id='word_1_592' title='bbox 2568 3792 2702 3860; x_wconf 82' lang='grc' dir='ltr'>παρ’</span> <span class='ocrx_word' id='word_1_593' title='bbox 2728 3791 2917 3845; x_wconf 82' lang='grc' dir='ltr'>αὐτῶν</span> <span class='ocrx_word' id='word_1_594' title='bbox 2965 3790 3354 3861; x_wconf 87' lang='grc' dir='ltr'>ἀθετούμενον.</span> <span class='ocrx_word' id='word_1_595' title='bbox 3388 3788 3518 3842; x_wconf 85' lang='grc' dir='ltr'>Δέον</span> <span class='ocrx_word' id='word_1_596' title='bbox 3557 3785 3669 3858; x_wconf 78' lang='grc' dir='ltr'><strong>γάρ</strong></span> <span class='ocrx_word' id='word_1_597' title='bbox 3712 3789 3821 3842; x_wconf 74' lang='grc' dir='ltr'><strong>αὒ-</strong></span> 
     </span>
    </p>
   </div>
   <div class='ocr_carea' id='block_1_83' title="bbox 2227 3879 3817 3957">
    <p class='ocr_par' dir='ltr' id='par_1_83' title="bbox 2227 3879 3817 3957">
     <span class='ocr_line' id='line_1_83' title="bbox 2227 3879 3817 3957; baseline -0.009 -10"><span class='ocrx_word' id='word_1_598' title='bbox 2227 3894 2352 3955; x_wconf 84' lang='grc' dir='ltr'>τοὺς</span> <span class='ocrx_word' id='word_1_599' title='bbox 2397 3890 2507 3944; x_wconf 78' lang='grc' dir='ltr'><strong>ἀπὸ</strong></span> <span class='ocrx_word' id='word_1_600' title='bbox 2545 3887 2738 3943; x_wconf 90' lang='grc' dir='ltr'>τούτου</span> <span class='ocrx_word' id='word_1_601' title='bbox 2795 3886 3322 3957; x_wconf 84' lang='grc' dir='ltr'>προσαγορεύεσθαι,</span> <span class='ocrx_word' id='word_1_602' title='bbox 3372 3886 3493 3947; x_wconf 86' lang='grc' dir='ltr'>ταῖς</span> <span class='ocrx_word' id='word_1_603' title='bbox 3550 3882 3659 3935; x_wconf 84' lang='grc' dir='ltr'>ἀπὸ</span> <span class='ocrx_word' id='word_1_604' title='bbox 3695 3879 3817 3933; x_wconf 79' lang='grc' dir='ltr'>τῶν</span> 
     </span>
    </p>
   </div>
   <div class='ocr_carea' id='block_1_84' title="bbox 2227 3972 3813 4054">
    <p class='ocr_par' dir='ltr' id='par_1_84' title="bbox 2227 3972 3813 4054">
     <span class='ocr_line' id='line_1_84' title="bbox 2227 3972 3813 4054; baseline -0.009 -17"><span class='ocrx_word' id='word_1_605' title='bbox 2227 3980 2586 4054; x_wconf 84' lang='grc' dir='ltr'>προεστώτων</span> <span class='ocrx_word' id='word_1_606' title='bbox 2613 3978 2952 4047; x_wconf 75' lang='grc' dir='ltr'>ἐπωνυμίαις</span> <span class='ocrx_word' id='word_1_607' title='bbox 2981 3978 3241 4048; x_wconf 73' lang='grc' dir='ltr'>ἐχρῶντο.</span> <span class='ocrx_word' id='word_1_608' title='bbox 3281 3997 3299 4027; x_wconf 75' lang='grc' dir='ltr'><strong>ι</strong></span> <span class='ocrx_word' id='word_1_609' title='bbox 3331 3972 3469 4028; x_wconf 86' lang='grc' dir='ltr'>Ἧτε</span> <span class='ocrx_word' id='word_1_610' title='bbox 3507 3973 3564 4026; x_wconf 77' lang='grc' dir='ltr'><strong>δὲ</strong></span> <span class='ocrx_word' id='word_1_611' title='bbox 3589 3988 3813 4042; x_wconf 81' lang='grc' dir='ltr'>κατηρ-</span> 
     </span>
    </p>
   </div>
   <div class='ocr_carea' id='block_1_85' title="bbox 2224 4059 3811 4142">
    <p class='ocr_par' dir='ltr' id='par_1_85' title="bbox 2224 4059 3811 4142">
     <span class='ocr_line' id='line_1_85' title="bbox 2224 4059 3811 4142; baseline -0.008 -14"><span class='ocrx_word' id='word_1_612' title='bbox 2224 4072 2470 4142; x_wconf 83' lang='grc' dir='ltr'>τισμένοι</span> <span class='ocrx_word' id='word_1_613' title='bbox 2503 4069 2561 4120; x_wconf 83' lang='grc' dir='ltr'>ὲν</span> <span class='ocrx_word' id='word_1_614' title='bbox 2596 4066 2676 4136; x_wconf 89' lang='grc' dir='ltr'>τῷ</span> <span class='ocrx_word' id='word_1_615' title='bbox 2707 4065 2854 4134; x_wconf 86' lang='grc' dir='ltr'>αὐτῷ</span> <span class='ocrx_word' id='word_1_616' title='bbox 2884 4066 2985 4132; x_wconf 86' lang='grc' dir='ltr'>νοῒ,</span> <span class='ocrx_word' id='word_1_617' title='bbox 3028 4059 3129 4120; x_wconf 70' lang='grc' dir='ltr'>’καὶ</span> <span class='ocrx_word' id='word_1_618' title='bbox 3182 4068 3241 4118; x_wconf 79' lang='grc' dir='ltr'>ὲν</span> <span class='ocrx_word' id='word_1_619' title='bbox 3272 4070 3340 4135; x_wconf 76' lang='grc' dir='ltr'>τῇ</span> <span class='ocrx_word' id='word_1_620' title='bbox 3367 4064 3505 4133; x_wconf 67' lang='grc' dir='ltr'>αὐτῇ</span> <span class='ocrx_word' id='word_1_621' title='bbox 3534 4060 3751 4132; x_wconf 83' lang='grc' dir='ltr'>γνώμῃ.</span> <span class='ocrx_word' id='word_1_622' title='bbox 3787 4081 3811 4115; x_wconf 71' lang='grc' dir='ltr'><strong>ι</strong></span> 
     </span>
    </p>
   </div>
   <div class='ocr_carea' id='block_1_86' title="bbox 2225 4150 3813 4229">
    <p class='ocr_par' dir='ltr' id='par_1_86' title="bbox 2225 4150 3813 4229">
     <span class='ocr_line' id='line_1_86' title="bbox 2225 4150 3813 4229; baseline -0.009 -11"><span class='ocrx_word' id='word_1_623' title='bbox 2225 4165 2300 4218; x_wconf 79' lang='grc' dir='ltr'><strong>Οὐ</strong></span> <span class='ocrx_word' id='word_1_624' title='bbox 2351 4159 2636 4229; x_wconf 82' lang='grc' dir='ltr'>δογμάτων</span> <span class='ocrx_word' id='word_1_625' title='bbox 2693 4156 2878 4219; x_wconf 79' lang='grc' dir='ltr'>αὐτοῖς</span> <span class='ocrx_word' id='word_1_626' title='bbox 2919 4157 3182 4227; x_wconf 82' lang='grc' dir='ltr'>διαφορὰν</span> <span class='ocrx_word' id='word_1_627' title='bbox 3227 4154 3625 4224; x_wconf 70' lang='grc' dir='ltr'>ἐπιμέμφεται,</span> <span class='ocrx_word' id='word_1_628' title='bbox 3667 4150 3813 4205; x_wconf 68' lang='grc' dir='ltr'>ἀλλὰ</span> 
     </span>
    </p>
   </div>
   <div class='ocr_carea' id='block_1_87' title="bbox 2222 4241 3808 4326">
    <p class='ocr_par' dir='ltr' id='par_1_87' title="bbox 2222 4241 3808 4326">
     <span class='ocr_line' id='line_1_87' title="bbox 2222 4241 3808 4326; baseline -0.008 -18"><span class='ocrx_word' id='word_1_629' title='bbox 2222 4255 2321 4326; x_wconf 82' lang='grc' dir='ltr'><strong>τὴν</strong></span> <span class='ocrx_word' id='word_1_630' title='bbox 2354 4251 2611 4324; x_wconf 73' lang='grc' dir='ltr'>περὶτῶν</span> <span class='ocrx_word' id='word_1_631' title='bbox 2665 4249 3026 4320; x_wconf 85' lang='grc' dir='ltr'>προεστώτων</span> <span class='ocrx_word' id='word_1_632' title='bbox 3071 4248 3188 4316; x_wconf 76' lang='grc' dir='ltr'>ἔριν</span> <span class='ocrx_word' id='word_1_633' title='bbox 3224 4263 3284 4299; x_wconf 88' lang='grc' dir='ltr'><strong>τε</strong></span> <span class='ocrx_word' id='word_1_634' title='bbox 3317 4246 3411 4299; x_wconf 77' lang='grc' dir='ltr'><strong>καὶ</strong></span> <span class='ocrx_word' id='word_1_635' title='bbox 3449 4241 3808 4313; x_wconf 84' lang='grc' dir='ltr'>φιλονεικίαν.</span> 
     </span>
    </p>
   </div>
   <div class='ocr_carea' id='block_1_88' title="bbox 2237 4332 3812 4412">
    <p class='ocr_par' dir='ltr' id='par_1_88' title="bbox 2237 4332 3812 4412">
     <span class='ocr_line' id='line_1_88' title="bbox 2237 4332 3812 4412; baseline -0.01 -12"><span class='ocrx_word' id='word_1_636' title='bbox 2237 4347 2301 4400; x_wconf 85' lang='grc' dir='ltr'><strong>Ἥ</strong></span> <span class='ocrx_word' id='word_1_637' title='bbox 2325 4345 2425 4412; x_wconf 78' lang='grc' dir='ltr'>μὲν</span> <span class='ocrx_word' id='word_1_638' title='bbox 2448 4343 2876 4410; x_wconf 70' lang='grc' dir='ltr'>διάνοια,.ι;ησὶ,</span> <span class='ocrx_word' id='word_1_639' title='bbox 2925 4339 3019 4393; x_wconf 89' lang='grc' dir='ltr'><strong>τοῦ</strong></span> <span class='ocrx_word' id='word_1_640' title='bbox 3071 4338 3425 4410; x_wconf 86' lang='grc' dir='ltr'>κηρύγματος</span> <span class='ocrx_word' id='word_1_641' title='bbox 3466 4335 3600 4406; x_wconf 81' lang='grc' dir='ltr'><strong>μία.⁹</strong></span> <span class='ocrx_word' id='word_1_642' title='bbox 3645 4332 3812 4386; x_wconf 87' lang='grc' dir='ltr'>τοῦτο</span> 
     </span>
    </p>
   </div>
   <div class='ocr_carea' id='block_1_89' title="bbox 2223 4423 3805 4508">
    <p class='ocr_par' dir='ltr' id='par_1_89' title="bbox 2223 4423 3805 4508">
     <span class='ocr_line' id='line_1_89' title="bbox 2223 4423 3805 4508; baseline -0.01 -16"><span class='ocrx_word' id='word_1_643' title='bbox 2223 4438 2332 4508; x_wconf 80' lang='grc' dir='ltr'>γὰρ</span> <span class='ocrx_word' id='word_1_644' title='bbox 2353 4437 2519 4507; x_wconf 80' lang='grc' dir='ltr'>λέγει,</span> <span class='ocrx_word' id='word_1_645' title='bbox 2544 4437 2613 4491; x_wconf 79' lang='grc' dir='ltr'><strong>ὲν</strong></span> <span class='ocrx_word' id='word_1_646' title='bbox 2628 4435 2706 4502; x_wconf 84' lang='grc' dir='ltr'>τῷ</span> <span class='ocrx_word' id='word_1_647' title='bbox 2728 4432 2887 4499; x_wconf 83' lang='grc' dir='ltr'><strong>αὐτῷ</strong></span> <span class='ocrx_word' id='word_1_648' title='bbox 2900 4432 3027 4485; x_wconf 73' lang='grc' dir='ltr'><em>ναῖ’</em></span> <span class='ocrx_word' id='word_1_649' title='bbox 3058 4432 3091 4500; x_wconf 81' lang='grc' dir='ltr'>ἡ</span> <span class='ocrx_word' id='word_1_650' title='bbox 3111 4429 3168 4482; x_wconf 83' lang='grc' dir='ltr'>δὲ</span> <span class='ocrx_word' id='word_1_651' title='bbox 3194 4429 3430 4490; x_wconf 85' lang='grc' dir='ltr'>διάθεσις</span> <span class='ocrx_word' id='word_1_652' title='bbox 3445 4425 3631 4479; x_wconf 84' lang='grc' dir='ltr'>οὐκέτι</span> <span class='ocrx_word' id='word_1_653' title='bbox 3662 4423 3765 4494; x_wconf 88' lang='grc' dir='ltr'><strong>μία</strong></span> <span class='ocrx_word' id='word_1_654' title='bbox 3791 4442 3805 4453; x_wconf 94' lang='grc'><strong>·</strong></span> 
     </span>
    </p>
   </div>
   <div class='ocr_carea' id='block_1_90' title="bbox 540 4507 2124 4599">
    <p class='ocr_par' dir='ltr' id='par_1_90' title="bbox 540 4507 2116 4583">
     <span class='ocr_line' id='line_1_90' title="bbox 540 4507 2116 4583; baseline -0.009 -8"><span class='ocrx_word' id='word_1_655' title='bbox 540 4533 734 4583; x_wconf 79' lang='lat' dir='ltr'><strong>sensu;</strong></span> <span class='ocrx_word' id='word_1_656' title='bbox 766 4516 861 4572; x_wconf 89' lang='lat' dir='ltr'><strong>sed</strong></span> <span class='ocrx_word' id='word_1_657' title='bbox 886 4531 991 4570; x_wconf 90' lang='lat' dir='ltr'><strong>non</strong></span> <span class='ocrx_word' id='word_1_658' title='bbox 1016 4523 1100 4570; x_wconf 89' lang='lat' dir='ltr'><strong>est</strong></span> <span class='ocrx_word' id='word_1_659' title='bbox 1127 4527 1232 4565; x_wconf 89' lang='lat' dir='ltr'><strong>una</strong></span> <span class='ocrx_word' id='word_1_660' title='bbox 1261 4511 1449 4579; x_wconf 87' lang='lat' dir='ltr'><strong>utique</strong></span> <span class='ocrx_word' id='word_1_661' title='bbox 1479 4507 1691 4564; x_wconf 77' lang='lat' dir='ltr'><strong>affectio</strong></span> <span class='ocrx_word' id='word_1_662' title='bbox 1720 4523 1736 4560; x_wconf 89' lang='lat'><strong>:</strong></span> <span class='ocrx_word' id='word_1_663' title='bbox 1771 4508 1821 4562; x_wconf 91' lang='lat' dir='ltr'><strong>id</strong></span> <span class='ocrx_word' id='word_1_664' title='bbox 1857 4508 2001 4563; x_wconf 91' lang='lat' dir='ltr'><strong>enim</strong></span> <span class='ocrx_word' id='word_1_665' title='bbox 2038 4507 2116 4563; x_wconf 66' lang='lat' dir='ltr'><strong>sio</strong></span> 
     </span>
    </p>
   </div>
   <div class='ocr_carea' id='block_1_91' title="bbox 2235 4507 3809 4599">
    <p class='ocr_par' dir='ltr' id='par_1_91' title="bbox 2235 4507 3809 4599">
     <span class='ocr_line' id='line_1_91' title="bbox 2235 4507 3809 4599; baseline -0.01 -17"><span class='ocrx_word' id='word_1_666' title='bbox 2235 4507 2377 4582; x_wconf 67' lang='grc' dir='ltr'>τοῦτο</span> <span class='ocrx_word' id='word_1_667' title='bbox 2401 4527 2511 4599; x_wconf 79' lang='grc' dir='ltr'>γὰρ</span> <span class='ocrx_word' id='word_1_668' title='bbox 2533 4526 2704 4597; x_wconf 87' lang='grc' dir='ltr'>δηλοῖ,</span> <span class='ocrx_word' id='word_1_669' title='bbox 2728 4524 2828 4578; x_wconf 78' lang='grc' dir='ltr'>καὶ</span> <span class='ocrx_word' id='word_1_670' title='bbox 2855 4522 2925 4575; x_wconf 78' lang='grc' dir='ltr'><strong>ἐν</strong></span> <span class='ocrx_word' id='word_1_671' title='bbox 2944 4519 3021 4588; x_wconf 78' lang='grc' dir='ltr'>τῇ</span> <span class='ocrx_word' id='word_1_672' title='bbox 3052 4516 3208 4587; x_wconf 79' lang='grc' dir='ltr'>αὐτῇ</span> <span class='ocrx_word' id='word_1_673' title='bbox 3227 4516 3449 4587; x_wconf 80' lang='grc' dir='ltr'>γνώμῃ.</span> <span class='ocrx_word' id='word_1_674' title='bbox 3482 4512 3809 4581; x_wconf 87' lang='grc' dir='ltr'>Παρακαλεί</span> 
     </span>
    </p>
   </div>
   <div class='ocr_carea' id='block_1_92' title="bbox 539 4598 2145 4682">
    <p class='ocr_par' dir='ltr' id='par_1_92' title="bbox 539 4598 2145 4682">
     <span class='ocr_line' id='line_1_92' title="bbox 539 4598 2145 4682; baseline -0.007 -17"><span class='ocrx_word' id='word_1_675' title='bbox 539 4610 765 4682; x_wconf 75' lang='lat' dir='ltr'><strong>gniﬁcat</strong></span> <span class='ocrx_word' id='word_1_676' title='bbox 798 4607 952 4669; x_wconf 85' lang='lat' dir='ltr'><strong>illud,</strong></span> <span class='ocrx_word' id='word_1_677' title='bbox 974 4614 1040 4660; x_wconf 83' lang='lat' dir='ltr'><strong>.et</strong></span> <span class='ocrx_word' id='word_1_678' title='bbox 1080 4606 1136 4657; x_wconf 80' lang='lat' dir='ltr'><strong>in</strong></span> <span class='ocrx_word' id='word_1_679' title='bbox 1166 4602 1349 4657; x_wconf 80' lang='lat' dir='ltr'><strong>eadem</strong></span> <span class='ocrx_word' id='word_1_680' title='bbox 1379 4600 1656 4655; x_wconf 78' lang='lat' dir='ltr'><strong>sententia.</strong></span> <span class='ocrx_word' id='word_1_681' title='bbox 1689 4598 1956 4653; x_wconf 84' lang='lat' dir='ltr'><strong>Hortatur</strong></span> <span class='ocrx_word' id='word_1_682' title='bbox 1984 4613 2145 4668; x_wconf 50' lang='lat' dir='ltr'><strong>ergo,</strong></span> 
     </span>
    </p>
   </div>
   <div class='ocr_carea' id='block_1_93' title="bbox 539 4690 2115 4769">
    <p class='ocr_par' dir='ltr' id='par_1_93' title="bbox 539 4690 2115 4769">
     <span class='ocr_line' id='line_1_93' title="bbox 539 4690 2115 4769; baseline -0.009 -12"><span class='ocrx_word' id='word_1_683' title='bbox 539 4714 603 4756; x_wconf 88' lang='lat' dir='ltr'><strong>ut</strong></span> <span class='ocrx_word' id='word_1_684' title='bbox 638 4700 826 4756; x_wconf 87' lang='lat' dir='ltr'><strong>eadem</strong></span> <span class='ocrx_word' id='word_1_685' title='bbox 860 4698 1164 4769; x_wconf 74' lang='lat' dir='ltr'><strong>cogitantes</strong></span> <span class='ocrx_word' id='word_1_686' title='bbox 1209 4702 1264 4748; x_wconf 92' lang='lat' dir='ltr'><strong>et</strong></span> <span class='ocrx_word' id='word_1_687' title='bbox 1298 4693 1602 4749; x_wconf 85' lang='lat' dir='ltr'><strong>sentientes</strong></span> <span class='ocrx_word' id='word_1_688' title='bbox 1638 4705 1748 4746; x_wconf 92' lang='lat' dir='ltr'><strong>non</strong></span> <span class='ocrx_word' id='word_1_689' title='bbox 1783 4690 2115 4753; x_wconf 86' lang='lat' dir='ltr'><strong>dissideant,</strong></span> 
     </span>
    </p>
   </div>
   <div class='ocr_carea' id='block_1_94' title="bbox 539 4780 1949 4858">
    <p class='ocr_par' dir='ltr' id='par_1_94' title="bbox 539 4780 1949 4858">
     <span class='ocr_line' id='line_1_94' title="bbox 539 4780 1949 4858; baseline -0.009 -13"><span class='ocrx_word' id='word_1_690' title='bbox 539 4798 596 4845; x_wconf 90' lang='lat' dir='ltr'><strong>ct</strong></span> <span class='ocrx_word' id='word_1_691' title='bbox 626 4790 693 4843; x_wconf 86' lang='lat' dir='ltr'><strong>de</strong></span> <span class='ocrx_word' id='word_1_692' title='bbox 717 4790 784 4844; x_wconf 87' lang='lat' dir='ltr'><strong>iis</strong></span> <span class='ocrx_word' id='word_1_693' title='bbox 815 4789 907 4858; x_wconf 89' lang='lat' dir='ltr'><strong>qui</strong></span> <span class='ocrx_word' id='word_1_694' title='bbox 949 4791 1193 4857; x_wconf 61' lang='lat' dir='ltr'><strong>praesunt</strong></span> <span class='ocrx_word' id='word_1_695' title='bbox 1214 4797 1323 4836; x_wconf 89' lang='lat' dir='ltr'><strong>non</strong></span> <span class='ocrx_word' id='word_1_696' title='bbox 1358 4790 1559 4836; x_wconf 88' lang='lat' dir='ltr'><strong>temere</strong></span> <span class='ocrx_word' id='word_1_697' title='bbox 1588 4780 1949 4836; x_wconf 86' lang='lat' dir='ltr'><strong>contendant.</strong></span> 
     </span>
    </p>
   </div>
   <div class='ocr_carea' id='block_1_95' title="bbox 613 4869 2114 4944">
    <p class='ocr_par' dir='ltr' id='par_1_95' title="bbox 613 4869 2114 4944">
     <span class='ocr_line' id='line_1_95' title="bbox 613 4869 2114 4944; baseline -0.009 -9"><span class='ocrx_word' id='word_1_698' title='bbox 613 4879 780 4935; x_wconf 75' lang='lat' dir='ltr'><strong>Vens.</strong></span> <span class='ocrx_word' id='word_1_699' title='bbox 814 4880 897 4933; x_wconf 80' lang='lat' dir='ltr'><strong>Il.</strong></span> <span class='ocrx_word' id='word_1_700' title='bbox 932 4897 950 4929; x_wconf 83' lang='grc'><strong>‹</strong></span> <span class='ocrx_word' id='word_1_701' title='bbox 986 4873 1364 4944; x_wconf 77' lang='lat' dir='ltr'><strong>Signilicatum</strong></span> <span class='ocrx_word' id='word_1_702' title='bbox 1393 4879 1477 4927; x_wconf 90' lang='lat' dir='ltr'><strong>est</strong></span> <span class='ocrx_word' id='word_1_703' title='bbox 1505 4873 1651 4927; x_wconf 90' lang='lat' dir='ltr'><strong>enim</strong></span> <span class='ocrx_word' id='word_1_704' title='bbox 1682 4871 1811 4924; x_wconf 88' lang='lat' dir='ltr'><strong>mihi</strong></span> <span class='ocrx_word' id='word_1_705' title='bbox 1842 4869 1910 4923; x_wconf 89' lang='lat' dir='ltr'><strong>de</strong></span> <span class='ocrx_word' id='word_1_706' title='bbox 1939 4869 2114 4935; x_wconf 84' lang='lat' dir='ltr'><strong>vobis,</strong></span> 
     </span>
    </p>
   </div>
   <div class='ocr_carea' id='block_1_96' title="bbox 542 4959 2118 5035">
    <p class='ocr_par' dir='ltr' id='par_1_96' title="bbox 542 4959 2118 5035">
     <span class='ocr_line' id='line_1_96' title="bbox 542 4959 2118 5035; baseline -0.008 -9"><span class='ocrx_word' id='word_1_707' title='bbox 542 4971 742 5026; x_wconf 80' lang='lat' dir='ltr'><strong>fratres</strong></span> <span class='ocrx_word' id='word_1_708' title='bbox 772 4969 901 5035; x_wconf 76' lang='lat' dir='ltr'><strong>mei,</strong></span> <span class='ocrx_word' id='word_1_709' title='bbox 932 4965 1091 5020; x_wconf 88' lang='lat' dir='ltr'><strong>abiis</strong></span> <span class='ocrx_word' id='word_1_710' title='bbox 1120 4959 1223 5034; x_wconf 78' lang='lat' dir='ltr'><strong>qui</strong></span> <span class='ocrx_word' id='word_1_711' title='bbox 1248 4971 1378 5018; x_wconf 90' lang='lat' dir='ltr'><strong>sunt</strong></span> <span class='ocrx_word' id='word_1_712' title='bbox 1403 4962 1623 5019; x_wconf 88' lang='lat' dir='ltr'><strong>Chloes.</strong></span> <span class='ocrx_word' id='word_1_713' title='bbox 1663 4981 1682 5013; x_wconf 77' lang='grc' dir='ltr'><strong>ι</strong></span> <span class='ocrx_word' id='word_1_714' title='bbox 1720 4960 1952 5014; x_wconf 86' lang='lat' dir='ltr'><strong>Familia</strong></span> <span class='ocrx_word' id='word_1_715' title='bbox 1977 4960 2118 5015; x_wconf 80' lang='lat' dir='ltr'><strong>forte</strong></span> 
     </span>
    </p>
   </div>
   <div class='ocr_carea' id='block_1_97' title="bbox 539 5052 2114 5133">
    <p class='ocr_par' dir='ltr' id='par_1_97' title="bbox 539 5052 2114 5133">
     <span class='ocr_line' id='line_1_97' title="bbox 539 5052 2114 5133; baseline -0.006 -17"><span class='ocrx_word' id='word_1_716' title='bbox 539 5062 789 5133; x_wconf 72' lang='lat' dir='ltr'><strong>quaedam</strong></span> <span class='ocrx_word' id='word_1_717' title='bbox 844 5060 965 5122; x_wconf 79' lang='lat' dir='ltr'><strong>fuit,</strong></span> <span class='ocrx_word' id='word_1_718' title='bbox 1012 5056 1095 5111; x_wconf 87' lang='lat' dir='ltr'><strong>sic</strong></span> <span class='ocrx_word' id='word_1_719' title='bbox 1145 5056 1437 5125; x_wconf 88' lang='lat' dir='ltr'><strong>appellata.</strong></span> <span class='ocrx_word' id='word_1_720' title='bbox 1474 5052 1709 5108; x_wconf 83' lang='lat' dir='ltr'><strong>Nomina</strong></span> <span class='ocrx_word' id='word_1_721' title='bbox 1773 5062 1955 5108; x_wconf 86' lang='lat' dir='ltr'><strong>autem</strong></span> <span class='ocrx_word' id='word_1_722' title='bbox 2008 5069 2114 5108; x_wconf 90' lang='lat' dir='ltr'><strong>non</strong></span> 
     </span>
    </p>
   </div>
   <div class='ocr_carea' id='block_1_98' title="bbox 539 5145 2116 5225">
    <p class='ocr_par' dir='ltr' id='par_1_98' title="bbox 539 5145 2116 5225">
     <span class='ocr_line' id='line_1_98' title="bbox 539 5145 2116 5225; baseline -0.006 -15"><span class='ocrx_word' id='word_1_723' title='bbox 539 5157 762 5225; x_wconf 72' lang='lat' dir='ltr'><strong>exponit</strong></span> <span class='ocrx_word' id='word_1_724' title='bbox 792 5166 980 5207; x_wconf 88' lang='lat' dir='ltr'><strong>eorum</strong></span> <span class='ocrx_word' id='word_1_725' title='bbox 1013 5148 1105 5217; x_wconf 88' lang='lat' dir='ltr'><strong>qui</strong></span> <span class='ocrx_word' id='word_1_726' title='bbox 1141 5147 1540 5218; x_wconf 75' lang='lat' dir='ltr'><strong>signiﬁcaram,</strong></span> <span class='ocrx_word' id='word_1_727' title='bbox 1581 5161 1653 5201; x_wconf 89' lang='lat' dir='ltr'><strong>ne</strong></span> <span class='ocrx_word' id='word_1_728' title='bbox 1697 5146 1839 5201; x_wconf 77' lang='lat' dir='ltr'><strong>forte</strong></span> <span class='ocrx_word' id='word_1_729' title='bbox 1878 5145 2022 5201; x_wconf 88' lang='lat' dir='ltr'><strong>inter</strong></span> <span class='ocrx_word' id='word_1_730' title='bbox 2057 5161 2116 5201; x_wconf 89' lang='lat' dir='ltr'><strong>se</strong></span> 
     </span>
    </p>
   </div>
   <div class='ocr_carea' id='block_1_99' title="bbox 543 5239 2101 5304">
    <p class='ocr_par' dir='ltr' id='par_1_99' title="bbox 543 5239 2101 5304">
     <span class='ocr_line' id='line_1_99' title="bbox 543 5239 2101 5304; baseline -0.006 -4"><span class='ocrx_word' id='word_1_731' title='bbox 543 5244 742 5302; x_wconf 82' lang='lat' dir='ltr'><strong>infensi</strong></span> <span class='ocrx_word' id='word_1_732' title='bbox 803 5239 1183 5295; x_wconf 88' lang='lat' dir='ltr'><strong>redderentur.</strong></span> <span class='ocrx_word' id='word_1_733' title='bbox 1244 5256 1262 5288; x_wconf 79' lang='grc' dir='ltr'><strong>ι</strong></span> <span class='ocrx_word' id='word_1_734' title='bbox 1328 5239 1468 5304; x_wconf 75' lang='lat' dir='ltr'><strong>Quia</strong></span> <span class='ocrx_word' id='word_1_735' title='bbox 1523 5239 1905 5293; x_wconf 86' lang='lat' dir='ltr'><strong>contentiones</strong></span> <span class='ocrx_word' id='word_1_736' title='bbox 1973 5248 2101 5291; x_wconf 91' lang='lat' dir='ltr'><strong>sunt</strong></span> 
     </span>
    </p>
   </div>
   <div class='ocr_carea' id='block_1_100' title="bbox 542 5307 2110 5399">
    <p class='ocr_par' dir='ltr' id='par_1_100' title="bbox 542 5307 2110 5399">
     <span class='ocr_line' id='line_1_100' title="bbox 542 5307 2110 5399; baseline -0.006 -10"><span class='ocrx_word' id='word_1_737' title='bbox 542 5337 685 5389; x_wconf 88' lang='lat' dir='ltr'><strong>inter</strong></span> <span class='ocrx_word' id='word_1_738' title='bbox 739 5346 857 5387; x_wconf 86' lang='lat' dir='ltr'><strong>vos.</strong></span> <span class='ocrx_word' id='word_1_739' title='bbox 900 5350 919 5384; x_wconf 75' lang='grc' dir='ltr'><strong>ι</strong></span> <span class='ocrx_word' id='word_1_740' title='bbox 979 5328 1144 5387; x_wconf 88' lang='lat' dir='ltr'><strong>Docet</strong></span> <span class='ocrx_word' id='word_1_741' title='bbox 1194 5336 1375 5384; x_wconf 90' lang='lat' dir='ltr'><strong>autem</strong></span> <span class='ocrx_word' id='word_1_742' title='bbox 1440 5330 1604 5383; x_wconf 90' lang='lat' dir='ltr'><strong>etiam</strong></span> <span class='ocrx_word' id='word_1_743' title='bbox 1643 5307 1818 5399; x_wconf 66' lang='lat' dir='ltr'><strong>genus</strong></span> <span class='ocrx_word' id='word_1_744' title='bbox 1878 5336 2110 5384; x_wconf 84' lang='lat' dir='ltr'><strong>conten-</strong></span> 
     </span>
    </p>
   </div>
   <div class='ocr_carea' id='block_1_101' title="bbox 543 5425 731 5482">
    <p class='ocr_par' dir='ltr' id='par_1_101' title="bbox 543 5425 731 5482">
     <span class='ocr_line' id='line_1_101' title="bbox 543 5425 731 5482; baseline -0.016 -1"><span class='ocrx_word' id='word_1_745' title='bbox 543 5425 731 5482; x_wconf 88' lang='lat' dir='ltr'><strong>tionis.</strong></span> 
     </span>
    </p>
   </div>
   <div class='ocr_carea' id='block_1_102' title="bbox 615 5510 1764 5580">
    <p class='ocr_par' dir='ltr' id='par_1_102' title="bbox 615 5510 1764 5580">
     <span class='ocr_line' id='line_1_102' title="bbox 615 5510 1764 5580; baseline -0.004 -10"><span class='ocrx_word' id='word_1_746' title='bbox 615 5525 641 5555; x_wconf 75' lang='grc' dir='ltr'><strong>ο</strong></span> <span class='ocrx_word' id='word_1_747' title='bbox 680 5513 876 5570; x_wconf 82' lang='lat' dir='ltr'><strong>l&#39;l‘im.</strong></span> <span class='ocrx_word' id='word_1_748' title='bbox 914 5528 995 5580; x_wconf 88' lang='lat' dir='ltr'><strong>vt,</strong></span> <span class='ocrx_word' id='word_1_749' title='bbox 1034 5514 1118 5568; x_wconf 77' lang='grc'><strong>15.</strong></span> <span class='ocrx_word' id='word_1_750' title='bbox 1202 5511 1221 5551; x_wconf 69' lang='grc' dir='ltr'><em>τ</em></span> <span class='ocrx_word' id='word_1_751' title='bbox 1267 5510 1455 5565; x_wconf 83' lang='lat' dir='ltr'><strong>Matth.</strong></span> <span class='ocrx_word' id='word_1_752' title='bbox 1491 5525 1644 5575; x_wconf 76' lang='lat' dir='ltr'><strong>xxtv,</strong></span> <span class='ocrx_word' id='word_1_753' title='bbox 1677 5511 1764 5565; x_wconf 75' lang='lat' dir='ltr'><strong>H.</strong></span> 
     </span>
    </p>
   </div>
   <div class='ocr_carea' id='block_1_103' title="bbox 2221 4603 3805 4680">
    <p class='ocr_par' dir='ltr' id='par_1_103' title="bbox 2221 4603 3805 4680">
     <span class='ocr_line' id='line_1_103' title="bbox 2221 4603 3805 4680; baseline -0.011 -9"><span class='ocrx_word' id='word_1_754' title='bbox 2221 4617 2400 4671; x_wconf 85' lang='grc' dir='ltr'>τοίνυν</span> <span class='ocrx_word' id='word_1_755' title='bbox 2429 4616 2624 4680; x_wconf 77' lang='grc' dir='ltr'>αὐτοὺς</span> <span class='ocrx_word' id='word_1_756' title='bbox 2651 4614 2723 4668; x_wconf 78' lang='grc' dir='ltr'><strong>τά</strong></span> <span class='ocrx_word' id='word_1_757' title='bbox 2748 4613 2888 4667; x_wconf 79' lang='grc' dir='ltr'>αὐτὰ</span> <span class='ocrx_word' id='word_1_758' title='bbox 2922 4608 3175 4672; x_wconf 76' lang='grc' dir='ltr'>νοοῦντας</span> <span class='ocrx_word' id='word_1_759' title='bbox 3221 4624 3280 4660; x_wconf 89' lang='grc' dir='ltr'><strong>τε</strong></span> <span class='ocrx_word' id='word_1_760' title='bbox 3311 4605 3407 4659; x_wconf 81' lang='grc' dir='ltr'>καὶ</span> <span class='ocrx_word' id='word_1_761' title='bbox 3448 4603 3805 4675; x_wconf 84' lang='grc' dir='ltr'>φρονοῦντας,</span> 
     </span>
    </p>
   </div>
   <div class='ocr_carea' id='block_1_104' title="bbox 2227 4694 3808 4780">
    <p class='ocr_par' dir='ltr' id='par_1_104' title="bbox 2227 4694 3808 4780">
     <span class='ocr_line' id='line_1_104' title="bbox 2227 4694 3808 4780; baseline -0.011 -17"><span class='ocrx_word' id='word_1_762' title='bbox 2227 4709 2301 4780; x_wconf 83' lang='grc' dir='ltr'>μὴ</span> <span class='ocrx_word' id='word_1_763' title='bbox 2335 4707 2629 4773; x_wconf 80' lang='grc' dir='ltr'>διεστάναι,</span> <span class='ocrx_word' id='word_1_764' title='bbox 2655 4707 2750 4761; x_wconf 75' lang='grc' dir='ltr'>καὶ</span> <span class='ocrx_word' id='word_1_765' title='bbox 2783 4705 2912 4774; x_wconf 75' lang='grc' dir='ltr'>περὶ</span> <span class='ocrx_word' id='word_1_766' title='bbox 2955 4702 3063 4755; x_wconf 85' lang='grc' dir='ltr'><strong>τῶν</strong></span> <span class='ocrx_word' id='word_1_767' title='bbox 3083 4699 3404 4771; x_wconf 75' lang='grc' dir='ltr'>ἡγουμένων</span> <span class='ocrx_word' id='word_1_768' title='bbox 3435 4697 3617 4768; x_wconf 83' lang='grc' dir='ltr'>μάτην</span> <span class='ocrx_word' id='word_1_769' title='bbox 3649 4694 3808 4763; x_wconf 81' lang='grc' dir='ltr'>φιλο-</span> 
     </span>
    </p>
   </div>
   <div class='ocr_carea' id='block_1_105' title="bbox 2222 4802 2440 4853">
    <p class='ocr_par' dir='ltr' id='par_1_105' title="bbox 2222 4802 2440 4853">
     <span class='ocr_line' id='line_1_105' title="bbox 2222 4802 2440 4853; baseline -0.009 0"><span class='ocrx_word' id='word_1_770' title='bbox 2222 4802 2440 4853; x_wconf 87' lang='grc' dir='ltr'>νεικεῖν.</span> 
     </span>
    </p>
   </div>
   <div class='ocr_carea' id='block_1_106' title="bbox 2296 4874 3803 4957">
    <p class='ocr_par' dir='ltr' id='par_1_106' title="bbox 2296 4874 3803 4957">
     <span class='ocr_line' id='line_1_106' title="bbox 2296 4874 3803 4957; baseline -0.009 -14"><span class='ocrx_word' id='word_1_771' title='bbox 2296 4890 2384 4943; x_wconf 87' lang='grc' dir='ltr'>ια’.</span> <span class='ocrx_word' id='word_1_772' title='bbox 2418 4908 2437 4940; x_wconf 73' lang='grc' dir='ltr'><strong>ι</strong></span> <span class='ocrx_word' id='word_1_773' title='bbox 2484 4886 2754 4957; x_wconf 86' lang='grc' dir='ltr'>Ἐδηλώθη</span> <span class='ocrx_word' id='word_1_774' title='bbox 2783 4886 2800 4916; x_wconf 86' lang='grc'>³</span> <span class='ocrx_word' id='word_1_775' title='bbox 2823 4886 2932 4955; x_wconf 83' lang='grc' dir='ltr'><strong>γάρ</strong></span> <span class='ocrx_word' id='word_1_776' title='bbox 2954 4900 3044 4952; x_wconf 88' lang='grc' dir='ltr'><strong>μοι</strong></span> <span class='ocrx_word' id='word_1_777' title='bbox 3074 4882 3204 4953; x_wconf 75' lang='grc' dir='ltr'>περὶ</span> <span class='ocrx_word' id='word_1_778' title='bbox 3226 4879 3400 4951; x_wconf 83' lang='grc' dir='ltr'>ὑμῶν,</span> <span class='ocrx_word' id='word_1_779' title='bbox 3418 4874 3635 4945; x_wconf 82' lang='grc' dir='ltr'>ἀδελφοί</span> <span class='ocrx_word' id='word_1_780' title='bbox 3670 4894 3803 4946; x_wconf 86' lang='grc' dir='ltr'>μου,</span> 
     </span>
    </p>
   </div>
   <div class='ocr_carea' id='block_1_107' title="bbox 2224 4970 3802 5048">
    <p class='ocr_par' dir='ltr' id='par_1_107' title="bbox 2224 4970 3802 5048">
     <span class='ocr_line' id='line_1_107' title="bbox 2224 4970 3802 5048; baseline -0.008 -13"><span class='ocrx_word' id='word_1_781' title='bbox 2224 4982 2329 5035; x_wconf 80' lang='grc' dir='ltr'>ὑπὸ</span> <span class='ocrx_word' id='word_1_782' title='bbox 2357 4980 2467 5033; x_wconf 84' lang='grc' dir='ltr'><strong>τῶν</strong></span> <span class='ocrx_word' id='word_1_783' title='bbox 2502 4979 2734 5048; x_wconf 80' lang='grc' dir='ltr'>Χλόης.»</span> <span class='ocrx_word' id='word_1_784' title='bbox 2765 4978 2925 5030; x_wconf 86' lang='grc' dir='ltr'>Οἰκία</span> <span class='ocrx_word' id='word_1_785' title='bbox 2953 4992 3035 5039; x_wconf 83' lang='grc' dir='ltr'><strong>τις</strong></span> <span class='ocrx_word' id='word_1_786' title='bbox 3064 4970 3133 5045; x_wconf 80' lang='grc' dir='ltr'>ἦν</span> <span class='ocrx_word' id='word_1_787' title='bbox 3158 4973 3329 5036; x_wconf 72' lang='grc' dir='ltr'>οὕτως</span> <span class='ocrx_word' id='word_1_788' title='bbox 3354 4970 3802 5042; x_wconf 76' lang='grc' dir='ltr'>ἐπονομαζομένη</span> 
     </span>
    </p>
   </div>
   <div class='ocr_carea' id='block_1_108' title="bbox 2225 5062 3802 5138">
    <p class='ocr_par' dir='ltr' id='par_1_108' title="bbox 2225 5062 3802 5138">
     <span class='ocr_line' id='line_1_108' title="bbox 2225 5062 3802 5138; baseline -0.007 -12"><span class='ocrx_word' id='word_1_789' title='bbox 2225 5075 2375 5136; x_wconf 80' lang='grc' dir='ltr'>ἴσως.</span> <span class='ocrx_word' id='word_1_790' title='bbox 2403 5072 2517 5124; x_wconf 80' lang='grc' dir='ltr'><strong>οὐκ</strong></span> <span class='ocrx_word' id='word_1_791' title='bbox 2542 5068 2660 5123; x_wconf 74' lang='grc' dir='ltr'>εἶπε</span> <span class='ocrx_word' id='word_1_792' title='bbox 2680 5070 2737 5122; x_wconf 79' lang='grc' dir='ltr'>δὲ</span> <span class='ocrx_word' id='word_1_793' title='bbox 2759 5067 3021 5138; x_wconf 77' lang='grc' dir='ltr'>ὀνομαστὶ</span> <span class='ocrx_word' id='word_1_794' title='bbox 3049 5068 3174 5130; x_wconf 78' lang='grc' dir='ltr'>τοὺς</span> <span class='ocrx_word' id='word_1_795' title='bbox 3201 5063 3568 5137; x_wconf 86' lang='grc' dir='ltr'>δηλώσαντας,</span> <span class='ocrx_word' id='word_1_796' title='bbox 3593 5062 3682 5117; x_wconf 66' lang='grc' dir='ltr'>ἵνα</span> <span class='ocrx_word' id='word_1_797' title='bbox 3723 5062 3802 5133; x_wconf 83' lang='grc' dir='ltr'>μὴ</span> 
     </span>
    </p>
   </div>
   <div class='ocr_carea' id='block_1_109' title="bbox 2224 5155 3801 5240">
    <p class='ocr_par' dir='ltr' id='par_1_109' title="bbox 2224 5155 3801 5240">
     <span class='ocr_line' id='line_1_109' title="bbox 2224 5155 3801 5240; baseline -0.01 -17"><span class='ocrx_word' id='word_1_798' title='bbox 2224 5171 2361 5240; x_wconf 76' lang='grc' dir='ltr'>πρὸς</span> <span class='ocrx_word' id='word_1_799' title='bbox 2411 5167 2639 5231; x_wconf 77' lang='grc' dir='ltr'>ἑαυτοὺς</span> <span class='ocrx_word' id='word_1_800' title='bbox 2696 5163 3079 5236; x_wconf 81' lang='grc' dir='ltr'>ὲκπολεμώσῃ.</span> <span class='ocrx_word' id='word_1_801' title='bbox 3133 5181 3153 5215; x_wconf 74' lang='grc' dir='ltr'><strong>ι</strong></span> <span class='ocrx_word' id='word_1_802' title='bbox 3201 5161 3325 5214; x_wconf 82' lang='grc' dir='ltr'>’Ότι</span> <span class='ocrx_word' id='word_1_803' title='bbox 3361 5158 3537 5229; x_wconf 79' lang='grc' dir='ltr'>ἔριδες</span> <span class='ocrx_word' id='word_1_804' title='bbox 3571 5158 3630 5210; x_wconf 77' lang='grc' dir='ltr'>ὲν</span> <span class='ocrx_word' id='word_1_805' title='bbox 3667 5155 3801 5227; x_wconf 77' lang='grc' dir='ltr'>ὑμῖν</span> 
     </span>
    </p>
   </div>
   <div class='ocr_carea' id='block_1_110' title="bbox 2221 5244 3650 5324">
    <p class='ocr_par' dir='ltr' id='par_1_110' title="bbox 2221 5244 3650 5324">
     <span class='ocr_line' id='line_1_110' title="bbox 2221 5244 3650 5324; baseline -0.01 -9"><span class='ocrx_word' id='word_1_806' title='bbox 2221 5263 2349 5315; x_wconf 80' lang='grc' dir='ltr'>εἱσι.</span> <span class='ocrx_word' id='word_1_807' title='bbox 2397 5279 2415 5311; x_wconf 81' lang='grc' dir='ltr'><strong>ι</strong></span> <span class='ocrx_word' id='word_1_808' title='bbox 2444 5258 2695 5311; x_wconf 84' lang='grc' dir='ltr'>Διδάσκει</span> <span class='ocrx_word' id='word_1_809' title='bbox 2723 5257 2779 5310; x_wconf 87' lang='grc' dir='ltr'>δὲ</span> <span class='ocrx_word' id='word_1_810' title='bbox 2808 5255 2900 5308; x_wconf 53' lang='grc' dir='ltr'><strong>καί⁹</strong></span> <span class='ocrx_word' id='word_1_811' title='bbox 2923 5253 3021 5324; x_wconf 84' lang='grc' dir='ltr'><strong>τῆς</strong></span> <span class='ocrx_word' id='word_1_812' title='bbox 3044 5251 3371 5321; x_wconf 87' lang='grc' dir='ltr'>φιλονεικίας</span> <span class='ocrx_word' id='word_1_813' title='bbox 3404 5249 3466 5303; x_wconf 89' lang='grc' dir='ltr'><strong>τδ</strong></span> <span class='ocrx_word' id='word_1_814' title='bbox 3487 5244 3650 5313; x_wconf 76' lang='grc' dir='ltr'>εἶδος.</span> 
     </span>
    </p>
   </div>
   <div class='ocr_carea' id='block_1_111' title="bbox 1811 5596 2491 5658">
    <p class='ocr_par' dir='ltr' id='par_1_111' title="bbox 1811 5596 2491 5658">
     <span class='ocr_line' id='line_1_111' title="bbox 1811 5596 2491 5658; baseline -0.012 0"><span class='ocrx_word' id='word_1_815' title='bbox 1811 5599 2045 5658; x_wconf 68' lang='lat' dir='ltr'><strong>VARIIE</strong></span> <span class='ocrx_word' id='word_1_816' title='bbox 2088 5596 2491 5653; x_wconf 66' lang='lat' dir='ltr'><strong>LECTIONES.</strong></span> 
     </span>
    </p>
   </div>
   <div class='ocr_carea' id='block_1_112' title="bbox 617 5688 3795 5791">
    <p class='ocr_par' dir='ltr' id='par_1_112' title="bbox 617 5688 3795 5791">
     <span class='ocr_line' id='line_1_112' title="bbox 617 5688 3795 5791; baseline -0.009 -11"><span class='ocrx_word' id='word_1_817' title='bbox 617 5727 641 5759; x_wconf 82' lang='grc'>¹</span> <span class='ocrx_word' id='word_1_818' title='bbox 673 5724 752 5780; x_wconf 81' lang='lat' dir='ltr'><strong>Ad</strong></span> <span class='ocrx_word' id='word_1_819' title='bbox 781 5722 945 5778; x_wconf 74' lang='lat' dir='ltr'><strong>Hebr.</strong></span> <span class='ocrx_word' id='word_1_820' title='bbox 1001 5739 1082 5787; x_wconf 86' lang='grc' dir='ltr'>ιιι,</span> <span class='ocrx_word' id='word_1_821' title='bbox 1119 5723 1171 5784; x_wconf 71' lang='lat'><strong>5,</strong></span> <span class='ocrx_word' id='word_1_822' title='bbox 1204 5733 1253 5776; x_wconf 87' lang='lat' dir='ltr'><strong>et</strong></span> <span class='ocrx_word' id='word_1_823' title='bbox 1279 5722 1415 5791; x_wconf 87' lang='lat' dir='ltr'><strong>psal.</strong></span> <span class='ocrx_word' id='word_1_824' title='bbox 1448 5737 1485 5781; x_wconf 82' lang='grc' dir='ltr'><strong>ι,</strong></span> <span class='ocrx_word' id='word_1_825' title='bbox 1520 5721 1568 5784; x_wconf 83' lang='grc'><strong>1,</strong></span> <span class='ocrx_word' id='word_1_826' title='bbox 1598 5721 1837 5791; x_wconf 84' lang='lat' dir='ltr'><strong>itemque</strong></span> <span class='ocrx_word' id='word_1_827' title='bbox 1863 5716 2148 5791; x_wconf 14' lang='lat' dir='ltr'><strong>dialog.‘5,</strong></span> <span class='ocrx_word' id='word_1_828' title='bbox 2182 5731 2303 5791; x_wconf 63' lang='lat' dir='ltr'><strong>pag.</strong></span> <span class='ocrx_word' id='word_1_829' title='bbox 2341 5716 2447 5791; x_wconf 51' lang='lat'><strong>552:3</strong></span> <span class='ocrx_word' id='word_1_830' title='bbox 2493 5688 2689 5771; x_wconf 73' lang='lat' dir='ltr'><strong>Carm,</strong></span> <span class='ocrx_word' id='word_1_831' title='bbox 2725 5718 2777 5791; x_wconf 81' lang='lat' dir='ltr'><strong>ct</strong></span> <span class='ocrx_word' id='word_1_832' title='bbox 2806 5707 3003 5791; x_wconf 70' lang='lat' dir='ltr'><strong>dialog.</strong></span> <span class='ocrx_word' id='word_1_833' title='bbox 3036 5705 3088 5772; x_wconf 73' lang='grc'>4,</span> <span class='ocrx_word' id='word_1_834' title='bbox 3118 5718 3239 5775; x_wconf 79' lang='lat' dir='ltr'><strong>pag.</strong></span> <span class='ocrx_word' id='word_1_835' title='bbox 3270 5701 3396 5767; x_wconf 76' lang='lat'><strong>558,</strong></span> <span class='ocrx_word' id='word_1_836' title='bbox 3429 5713 3535 5755; x_wconf 90' lang='lat' dir='ltr'><strong>non</strong></span> <span class='ocrx_word' id='word_1_837' title='bbox 3577 5697 3743 5753; x_wconf 82' lang='lat' dir='ltr'><strong>habet</strong></span> <span class='ocrx_word' id='word_1_838' title='bbox 3779 5712 3795 5750; x_wconf 92' lang='lat'><strong>:</strong></span> 
     </span>
    </p>
   </div>
   <div class='ocr_carea' id='block_1_113' title="bbox 554 5779 3057 5869">
    <p class='ocr_par' dir='ltr' id='par_1_113' title="bbox 554 5779 3057 5869">
     <span class='ocr_line' id='line_1_113' title="bbox 554 5779 3057 5869; baseline -0.008 -17"><span class='ocrx_word' id='word_1_839' title='bbox 554 5779 724 5869; x_wconf 80' lang='grc' dir='ltr'>Ἰησοῦ</span> <span class='ocrx_word' id='word_1_840' title='bbox 747 5824 812 5835; x_wconf 89' lang='grc'><strong><em>-</em></strong></span> <span class='ocrx_word' id='word_1_841' title='bbox 842 5794 1014 5865; x_wconf 79' lang='grc' dir='ltr'>ἡμῶν.</span> <span class='ocrx_word' id='word_1_842' title='bbox 1072 5779 1113 5825; x_wconf 60' lang='grc'><em>’³</em></span> <span class='ocrx_word' id='word_1_843' title='bbox 1143 5779 1375 5847; x_wconf 62' lang='grc' dir='ltr'>Ιιιίιετιύιί</span> <span class='ocrx_word' id='word_1_844' title='bbox 1402 5779 1598 5861; x_wconf 75' lang='lat' dir='ltr'><strong>Ephcs.</strong></span> <span class='ocrx_word' id='word_1_845' title='bbox 1633 5806 1670 5853; x_wconf 88' lang='grc' dir='ltr'><strong>ι,</strong></span> <span class='ocrx_word' id='word_1_846' title='bbox 1713 5779 1797 5855; x_wconf 66' lang='lat' dir='ltr'><strong>lli,</strong></span> <span class='ocrx_word' id='word_1_847' title='bbox 1822 5789 1987 5843; x_wconf 87' lang='lat' dir='ltr'><strong>habet</strong></span> <span class='ocrx_word' id='word_1_848' title='bbox 2017 5779 2043 5839; x_wconf 71' lang='grc' dir='ltr'><strong>ἶ</strong></span> <span class='ocrx_word' id='word_1_849' title='bbox 2068 5779 2342 5857; x_wconf 60' lang='grc' dir='ltr'>ἀνηγγέλη</span> <span class='ocrx_word' id='word_1_850' title='bbox 2374 5785 2481 5854; x_wconf 79' lang='grc' dir='ltr'><strong>γάρ</strong></span> <span class='ocrx_word' id='word_1_851' title='bbox 2516 5800 2605 5853; x_wconf 85' lang='grc' dir='ltr'><strong>μοι</strong></span> <span class='ocrx_word' id='word_1_852' title='bbox 2637 5781 2834 5852; x_wconf 58' lang='grc' dir='ltr'>περὶ-</span> <span class='ocrx_word' id='word_1_853' title='bbox 2862 5779 3019 5832; x_wconf 86' lang='grc' dir='ltr'>είσίν.</span> <span class='ocrx_word' id='word_1_854' title='bbox 3052 5812 3057 5821; x_wconf 70' lang='grc' dir='ltr'><em>ς</em></span> 
     </span>
    </p>
   </div>
  </div>
