4034 6446
557 425 661 486 ἓξρ

624 538 787 593 Vnus.
822 537 909 601 18,
945 537 1029 593 19.
1061 557 1081 590 ι
1117 535 1357 593 Verbum
1387 536 1533 593 enim
1563 539 1747 593 crucis
1775 536 2129 608 pereuntibus
2161 538 2202 593 A

549 628 767 699 quidem
793 629 1027 683 stultitia
1050 634 1153 694 est,
1183 628 1250 683 iis
1284 634 1465 682 autem
1492 628 1586 697 qui
1611 629 1747 683 salvi
1775 629 1933 689 tiunt,
1963 626 2013 680 id
2042 634 2124 681 est

549 719 733 783 nobis,
762 718 861 775 Dei
893 720 1069 774 virtus
1097 728 1199 774 est.
1235 719 1512 788 Scriptum
1546 729 1631 774 est
1660 720 1805 774 enim
1844 739 1854 773 :
1887 718 2121 772 Perdam

547 811 871 882 sapientiam
914 810 1269 878 sapientium,
1299 818 1355 864 et
1395 809 1743 879 prudentiam
1770 811 2120 879 prudentium

547 903 869 972 reprobabo.
909 920 928 953 ι
963 899 1286 955 Sermonem
1307 901 1493 955 crucis
1527 900 2119 970 dicitprzedicationcm

544 991 613 1049 de
660 1005 848 1049 cruce.
905 988 1192 1043 Pereuntes
1248 996 1431 1042 autem
1470 1001 1565 1043 eos
1607 986 1843 1055 appellat
1885 986 1977 1056 qui
2012 1000 2120 1039 non

546 1081 780 1136 credunt
815 1098 828 1133 :
860 1081 950 1149 qui
973 1080 1109 1132 salvi
1141 1080 1297 1143 ﬁunt,
1332 1094 1428 1133 eos
1462 1078 1556 1148 qui
1590 1078 1843 1142 credunt,
1876 1093 1942 1131 ex
1972 1078 2118 1130 exitu

544 1171 942 1242 appellationes
984 1171 1300 1238 imponens.
1365 1168 1664 1238 Scriptura:
1720 1177 1900 1222 autem
1938 1168 2121 1237 posuit

542 1262 940 1325 testimonium,
973 1261 1179 1316 docens
1211 1262 1357 1331 quod
1394 1262 1775 1315 universorum
1830 1259 1975 1314 Deus
2007 1260 2120 1313 huic

534 1353 647 1423 jam
691 1353 821 1408 olim
874 1353 1211 1423 praedixerit.
1274 1352 1480 1407 Deinde
1524 1352 1763 1407 ostendit
1793 1367 1954 1421 quam
1990 1365 2121 1406 vera

539 1455 591 1499 et
622 1460 651 1497 a
683 1445 972 1499 mendacio
1006 1446 1185 1499 aliena
1212 1445 1283 1500 sit
1314 1443 1619 1513 praedictio.

610 1534 779 1594 Vens.
818 1537 942 1591 20¢
972 1535 1076 1593 Ubi
1106 1536 1367 1607 sapiens?
1393 1535 1482 1591 ubi
1510 1534 1727 1589 scriba?
1750 1534 1840 1589 ubi
1878 1535 2111 1604 conqui-

538 1630 676 1684 sitor
707 1630 873 1699 hujus
902 1630 1130 1686 saeculi?
1165 1648 1182 1680 ›
1218 1628 1332 1684 llos
1373 1643 1565 1683 omnes
1598 1628 1726 1705 vicit
1759 1629 1943 1682 crucis
1978 1642 2114 1697 prae-

536 1719 757 1775 dicatio.
810 1719 1111 1789 Sapientem
1162 1726 1344 1774 autem
1390 1729 1569 1784 vocat,
1604 1734 1730 1773 cum
1785 1720 1878 1788 qui
1927 1718 2113 1773 Graeca

1543 422 2032 483 THEODORETI
2076 418 2416 481 EPISCOPI
2456 421 2821 485 CYRENSIS

3700 417 3802 478 9.36

2308 545 2397 607 ιη’,
2432 537 2519 592 ιϐ’.
2553 556 2571 588 ι
2622 536 2680 590 '0
2740 536 2896 603 λόγος
2941 533 3050 604 γὰρ
3082 535 3109 586 ὁ
3157 530 3249 587 τοῦ
3296 529 3533 603 σταυροῦ
3566 532 3678 594 τοῖς
3707 534 3801 601 μὲν

2226 628 2625 701 ἀπολλυμένοις
2660 627 2838 698 μωρία
2866 626 3002 688 ἐστὶ,
3036 627 3147 686 τοῖς
3177 623 3234 676 δὲ
3273 622 3599 690 σωζομένοις
3631 624 3759 692 ἡμῖν
3780 625 3805 657 ⁸

2223 718 2452 789 δύναμις
2516 718 2650 773 Θεοῦ
2701 720 2838 772 ἐστι.
2886 716 3203 784 Γέγραπται
3261 714 3403 782 γάρ·
3447 711 3658 765 Ἀπολῶ
3706 712 3804 784 τὴν

2225 811 2417 879 σοφίαν
2473 810 2581 863 τῶν
2635 809 2833 878 σοφῶν,
2885 809 2979 861 καὶ
3031 807 3127 877 τὴν
3175 805 3386 860 σύνεσιν
3422 805 3530 858 τῶν
3571 805 3803 857 συνετῶν

2222 901 2492 971 ἀθετήσω.
2527 922 2545 952 ›
2578 902 2748 969 Λόγον
2785 900 2879 953 τοῦ
2924 897 3160 967 σταυροῦ
3185 897 3246 950 τὸ
3280 898 3409 967 περὶ
3447 896 3542 949 τοῦ
3573 897 3804 967 σταυροῦ

2221 992 2484 1061 κήρυγμα
2508 990 2676 1057 λέγει.
2719 986 3203 1055 Ἀπολλυμένους
3224 986 3281 1038 δὲ
3297 987 3423 1049 τοὺς
3443 986 3806 1049 ἀπιστοῦντας

2221 1079 2804 1149 κα).εί’σωζομένους
2857 1080 2915 1133 δὲ
2970 1079 3096 1140 τοὺς
3141 1077 3517 1140 πιστεύοντας,
3562 1076 3669 1129 ἀπὸ
3710 1076 3805 1129 τοῦ

2218 1170 2405 1234 τέλους
2435 1171 2530 1233 τὰς
2553 1170 2924 1240 προσηγορίας
2948 1169 3137 1232 τιθείς.
3172 1168 3283 1238 Τὴν
3312 1168 3369 1220 δὲ
3409 1167 3692 1238 Γραφικὴν
3714 1168 3804 1220 τέ-

2221 1259 2368 1314 θεικε
2417 1263 2742 1333 μαρτυρίαν,
2797 1262 3063 1315 διδάσκων
3112 1260 3187 1322 ὡς
3223 1257 3426 1312 ἄνωθεν
3474 1258 3643 1312 ταῦτα
3677 1275 3810 1327 προ-

2218 1355 2517 1424 ηγόρευσεν
2550 1355 2578 1407 ὁ
2624 1353 2745 1411 ,τῶν
2803 1354 2939 1407 ὅλων
3010 1351 3163 1415 Θεὸς.
3205 1346 3338 1405 Εἶτα
3359 1350 3598 1403 δείκνυσι
3627 1348 3810 1421 τὸτῆς

2219 1447 2575 1516 προρρήσεως
2604 1444 2855 1513 ἀψευδές.

2286 1542 2356 1589 κ’.
2396 1556 2414 1587 ι
2452 1536 2560 1590 Ποῦ
2591 1536 2792 1605 σοςρός;
2831 1533 2933 1588 ποῦ
2962 1532 3361 1605 γραμματεύς;
3412 1529 3516 1585 ποῦ
3565 1533 3807 1602 συζητη-

2216 1628 2313 1699 τὴς
2338 1628 2432 1682 τοῦ
2460 1629 2654 1690 αἰῶνος
2682 1628 2907 1693 τούτου;
2945 1644 2963 1677 ι
3014 1626 3232 1688 Πάντας
3277 1623 3503 1687 τούτους
3550 1626 3807 1696 νενίκηκε

2228 1721 2321 1774 τοῦ
2347 1719 2581 1791 σταυροῦ
2621 1720 2687 1773 τά
2723 1719 3071 1790 κηρύγματα.
3122 1717 3293 1773 Καλεῖ
3339 1717 3437 1787 μὲν
3467 1717 3683 1785 σοφὸν,
3712 1717 3807 1771 τὸν

537 1810 791 1871 facundia
821 1820 1049 1866 ornatus
1081 1820 1262 1876 esset;
1297 1810 1524 1865 scribam
1570 1820 1776 1875 autem,
1801 1808 2112 1865 Judaaorum

2216 1814 2281 1882 τῇ
2319 1811 2602 1883 Ἑλληνικῇ
2675 1811 2954 1881 στωμυλίᾳ
3003 1809 3412 1881 κοσμούμενον·
3462 1808 3808 1877 γραμματέα

535 1903 875 1974 magistrum,
914 1903 1007 1972 qui
1054 1902 1121 1956 de
1166 1871 1303 1972 legis
1355 1901 1671 1971 cognitione
1722 1871 2112 1970 gloriabatur;

2328 1903 2418 1956 τὸν
2455 1871 2872 1957 τῶνηἸουδαίων
2901 1871 3241 1965 διδάσκαλον,
3268 1902 3359 1954 τὸν
3390 1871 3580 1969 ἐπ’ίντῗί
3598 1871 3804 1970 νομικῇ

530 1997 937 2066 conquisitorem
970 2010 1099 2050 vero
1139 2009 1289 2058 eum,
1341 1993 1433 2062 qui
1464 2009 1531 2047 ex
1584 1993 1669 2047 his
1699 2000 1753 2046 et
1803 1992 1912 2047 illis
1939 1990 2115 2046 disse-

531 2087 685 2143 rendi
713 2096 884 2142 artem
903 2096 1244 2142 exercuerat.
1276 2083 1480 2139 Deinde
1516 2083 1798 2153 subjungit
1829 2103 1841 2136 :
1876 2103 1894 2135 ι
1925 2082 2116 2139 Nonne

530 2179 752 2235 stultam
785 2175 910 2235 fecit
943 2175 1087 2232 Deus
1118 2174 1447 2244 sapientiam
1479 2173 1644 2243 hujus
1680 2172 1917 2227 mundi?
1954 2192 1973 2223 ι
2014 2172 2116 2227 Sa-

531 2267 790 2336 pientiam
848 2266 1038 2321 mundi
1095 2265 1261 2333 hujus
1314 2272 1495 2327 vocat,
1554 2278 1663 2319 non
1717 2262 2109 2333 eloquentiam,

526 2358 672 2411 hanc
712 2357 858 2412 enim
908 2354 1053 2410 Deus
1089 2368 1309 2425 quoque
1353 2354 1686 2424 suppeditat.
1731 2350 1868 2406 Nam
1907 2353 2027 2422 ipse
2058 2359 2113 2406 et

528 2449 743 2519 linguas
783 2447 989 2511 divisit,
1032 2456 1085 2501 et
1120 2446 1415 2515 unicuique
1456 2446 1707 2514 proprios
1753 2445 2106 2499 characteres

527 2541 739 2596 tribuit.
768 2538 954 2610 Itaque
977 2540 1173 2610 linguae
1197 2539 1363 2595 etiam
1396 2537 1603 2593 Graeca:
1628 2537 1973 2607 splendorem
1998 2538 2114 2605 ipse

526 2632 776 2686 donavit.
806 2631 911 2687 Sed
936 2632 1028 2700 qui
1060 2646 1123 2687 ea
1151 2646 1260 2691 non
1289 2636 1441 2683 recte
1467 2629 1552 2685 usi
1584 2636 1734 2692 sunt,
1757 2643 1875 2683 eam
1904 2627 2113 2682 fraudis

525 2738 714 2779 escam
776 2722 1097 2788 cﬁ‘eccrunt,
1165 2731 1220 2778 et
1272 2721 1583 2791 probabiles
1650 2720 1858 2776 erroris
1897 2719 2111 2775 tabulas

531 2815 686 2885 17],
745 2815 1041 2869 commenti
1078 2824 1225 2869 sunt.
1260 2814 1501 2867 Accusat
1529 2828 1680 2882 ergo,
1710 2828 1816 2866 non
1843 2814 2108 2881 eloquett-

524 2908 676 2970 liatlt,
709 2906 802 2961 sed
826 2904 971 2975 quod
1002 2906 1058 2959 in
1083 2904 1186 2958 hac
1218 2904 1347 2959 latet
1385 2903 1792 2973 falsiloquium.
1832 2902 1949 2957 Hoc
1977 2919 2107 2960 con-

523 2997 726 3059 victum
755 3005 809 3052 et
835 2998 1069 3057 stultum
1094 3006 1376 3050 ostensum
1409 3009 1535 3050 esse
1561 2995 1716 3051 dicit.

598 3181 762 3241 Vens.
797 3182 889 3237 21.
926 3202 947 3243 ι
982 3180 1120 3243 Nam
1154 3183 1287 3253 quia
1321 3181 1375 3235 in
1413 3180 1508 3235 Dei
1559 3180 1829 3249 sapientia
1876 3196 1984 3237 non
2011 3197 2104 3235 ρο·
2132 3206 2175 3265 c

521 3274 711 3346 gnovit
742 3273 985 3331 mundus
1025 3289 1124 3343 per
1153 3273 1479 3343 sapientiam
1511 3271 1704 3335 Deum,
1744 3273 1959 3341 placuit
1994 3274 2107 3337 Dco

526 3381 627 3436 per
652 3366 944 3425 stultitiam
976 3364 1395 3435 praedicationis
1431 3364 1615 3420 salvos
1663 3364 1846 3420 facere
1875 3352 2110 3420 creden-

518 3467 631 3515 tes.
682 3477 700 3510 ι
750 3457 897 3514 Duas
942 3458 1080 3515 dicit
1115 3458 1424 3527 sapientias
1467 3453 1585 3520 Dei,
1628 3458 1710 3510 vel
1743 3466 1857 3513 tres
1900 3459 2108 3527 potius.

522 3551 744 3611 Etenim
782 3565 902 3605 eam
944 3563 1067 3619 quae
1112 3548 1343 3605 stultitia
1371 3548 1742 3614 existimatur,
1777 3550 2106 3617 sapientiam

522 3661 648 3702 esse
671 3643 948 3707 ostendit,
985 3650 1039 3699 et
1082 3642 1206 3697 aliis
1243 3643 1705 3711 praestantiorem.
1752 3642 1892 3697 Dicit
1924 3654 2105 3698 autem

526 3752 694 3795 unam
751 3734 976 3805 quidem
1032 3734 1388 3804 sapientiam,
1436 3750 1559 3803 qua:
1614 3734 1932 3792 hominibus
1978 3734 2108 3791 data

523 3838 630 3893 est,
678 3844 775 3898 per
808 3835 1057 3897 quam'et
1083 3827 1297 3879 ratione
1326 3825 1540 3895 pra'diti
1561 3840 1777 3891 stunus,
1805 3838 1859 3880 et
1886 3842 1951 3880 ea
1985 3843 2107 3896 qua:

523 3931 655 3978 sunt
685 3920 893 3990 agenda
933 3918 1330 3983 discernimus,
1380 3930 1434 3973 et
1477 3928 1625 3973 artes
1665 3919 2107 3989 disciplinasque

522 4011 854 4073 invenimus,
891 4022 946 4067 et
983 4010 1153 4066 Demn
1200 4026 1542 4081 cognoscere
1588 4026 1908 4081 possumus.
1951 4012 2105 4067 Alte-

519 4116 638 4156 ram
688 4108 895 4163 autem,
930 4116 1054 4171 quae
1089 4102 1140 4156 in
1178 4116 1367 4157 rerum
1413 4110 1727 4155 crcatarum
1763 4104 2107 4171 contempla-

521 4193 673 4255 tione
702 4200 976 4246 versatur.
1022 4190 1287 4257 Videmus
1319 4191 1464 4251 enim
1484 4191 1611 4245 coeli
1644 4191 2101 4257 magnitudinem,

522 4283 659 4341 solis
688 4283 1190 4353 pulchritudinem,
1222 4292 1502 4339 astrorum
1532 4282 1820 4345 choream,
1862 4294 2021 4339 terrae
2052 4292 2105 4339 et

521 4372 693 4427 maris
735 4373 1102 4442 latitudinem,
1149 4375 1461 4446 plantarqu
1501 4382 1555 4429 ct
1582 4373 1598 4391 ¹
1639 4372 1966 4435 animalium
1997 4375 2103 4429 dif-

511 4464 833 4545 .l‘erentiam,
865 4477 919 4522 et
942 4474 1167 4533 caetera,
1192 4483 1264 4520 ne
1288 4466 1504 4536 singula
1530 4465 1830 4535 proferam.
1860 4468 2101 4524 Tertiam

2217 1994 2417 2062 γνώσει
2480 1994 3029 2065 μεγαλαυχούμενον’
3085 1993 3434 2060 συζητητὴν
3488 1992 3566 2057 δὲ,
3616 1994 3710 2046 τὸν
3741 1994 3808 2045 ἐκ

2214 2085 2419 2138 τούτων
2475 2086 2743 2138 κάκείνων
2811 2085 3159 2155 διαλεκτικὴν
3206 2082 3522 2155 ἠσκημένον
3575 2085 3802 2155 τέχνην.

2215 2172 2348 2229 Εἶτα
2387 2177 2581 2244 ἐπάγει
2606 2194 2619 2206 ο
2663 2195 2679 2226 ι
2723 2176 2859 2246 Οὐχὶ
2910 2174 3192 2246 ἐμώρανεν
3234 2178 3263 2228 ὁ
3320 2176 3452 2238 Θεὸς
3482 2175 3580 2246 τὴν
3606 2176 3807 2243 σοφίαν

2213 2269 2307 2323 τοῦ
2333 2268 2540 2338 κόσμου
2572 2268 2802 2335 τούτου;
2834 2287 2851 2319 ι
2896 2269 3096 2338 Σοφίαν
3128 2269 3223 2321 τοῦ
3247 2267 3452 2338 κόσμου
3485 2267 3704 2331 τούτου,
3743 2267 3805 2320 ού

2212 2360 2310 2431 τὴν
2344 2360 2675 2430 εὐγλωττίαν
2714 2361 2900 2416 καλεῖ·
2957 2362 3053 2414 καὶ
3100 2361 3211 2431 γὰρ
3257 2361 3461 2429 ταύτης
3507 2361 3752 2430 χορηγὸς
3780 2360 3809 2411 ὁ

2168 2500 2171 2503 .
2213 2452 2366 2517 Θεός,
2406 2452 2578 2515 Αὐτὸς
2602 2452 2711 2523 γὰρ
2745 2452 2957 2514 καὶτὰς
2983 2449 3228 2521 γλώττας
3251 2450 3434 2509 διεῖλε.
3470 2452 3564 2503 καὶ
3589 2451 3808 2522 ἑκάστῃ

2211 2547 2568 2617 χαρακτῆρας
2617 2545 2782 2607 ίδίους
2803 2545 3086 2613 ἀπένειμε.
3120 2544 3231 2603 Καὶ
3260 2546 3326 2613 τῇ
3363 2542 3572 2595 Ἐλλάδι
3617 2545 3808 2596 τοίνυν

2213 2640 2364 2707 φωνῇ
2386 2636 2549 2699 αὐτὸς
2578 2634 2747 2688 ἔδωκε
2776 2635 2879 2704 τὴν
2917 2633 3304 2703 λαμπρότητα.
3337 2635 3401 2686 Οἱ
3427 2633 3484 2685 δέ
3506 2649 3570 2700 γε
3593 2635 3695 2687 οὐκ
3726 2636 3808 2696 είς

2210 2728 2326 2783 δέον
2354 2727 2528 2798 ταύτῃ
2567 2725 2926 2797 χρησάμενοι,
2982 2726 3175 2796 δέλεαρ
3223 2725 3388 2795 αὐτὴν
3443 2726 3541 2795 τῆς
3581 2726 3811 2796 ἀπάτης

2210 2819 2518 2887 ἀπέφηναν,
2557 2819 2652 2871 καὶ
2681 2816 2915 2888 πιθανὴν
2952 2820 3052 2888 τὴν
3104 2816 3430 2889 μυθολογίαν
3467 2820 3565 2887 τῆς
3587 2818 3811 2889 πλάνης

2209 2910 2561 2979 εἰργάσαντο.
2593 2909 2909 2979 Κατηγορεῖ
2955 2909 3155 2974 τοίνυν,
3198 2910 3261 2961 οὐ
3306 2907 3411 2978 τῆς
3441 2908 3807 2976 εὐγλωττίας,

2209 2999 2348 3053 ἀλλά
2399 3000 2499 3067 τῆς
2562 3001 2620 3052 ἐν
2674 2999 2888 3072 ταύτῃτ
2961 2999 3349 3070 κρυπτομένης
3413 2999 3809 3068 ψευδολογίας.

2211 3091 2427 3159 Ταύτην
2449 3089 2774 3160 ἐλεγχθῆναι
2816 3091 2986 3159 λέγει,
3022 3092 3119 3145 καὶ
3176 3090 3366 3162 μωρὰν
3395 3092 3807 3161 ἀποφανθῆναι.

2280 3188 2386 3235 κα’.
2424 3201 2443 3233 ι
2482 3184 2697 3254 Ἐπειδὴ
2728 3183 2836 3252 γὰρ
2868 3185 2928 3236 ἐν
2955 3184 3021 3252 τῇ
3057 3184 3219 3253 σοφία
3244 3184 3340 3236 τοῦ
3367 3182 3502 3236 Θεοῦ
3527 3185 3630 3236 οὐκ
3649 3184 3810 3252 ἔγνω

2215 3274 2243 3325 ό
2271 3273 2473 3341 κόσμος
2501 3272 2590 3329 διὰ
2622 3274 2716 3342 τῆς
2752 3273 2949 3343 σοφίας
2970 3274 3061 3327 τὸν
3092 3272 3246 3339 Θεὸν,
3284 3274 3573 3344 εὐδόκησεν
3602 3276 3632 3328 ό
3661 3275 3809 3339 Θεὸς

2213 3363 2302 3416 διὰ
2326 3364 2421 3432 τῆς
2453 3363 2667 3433 μωρίας
2696 3363 2789 3419 τοῦ
2835 3362 3192 3434 κηρύγματος
3222 3364 3391 3418 σῶσαι
3420 3367 3546 3428 τοὺς
3571 3368 3813 3421 πιστεύ-

2213 3472 2390 3518 οντας.
2424 3474 2442 3506 ι
2476 3455 2580 3509 Δύο
2607 3457 2797 3524 σοφίας
2816 3456 2965 3524 λέγει
2993 3456 3152 3519 Θεοῦ,
3182 3457 3382 3527 μᾶλλον
3409 3458 3464 3512 δὲ
3490 3461 3657 3530 τρεῖς.
3682 3462 3811 3517 Καὶ

2212 3547 2321 3617 γὰρ
2346 3546 2445 3618 τὴν
2478 3549 2826 3618 νομισθεῖσαν
2863 3550 3096 3620 μωρίαν,
3148 3551 3337 3618 σοφίαν
3376 3551 3574 3617 ἔδειξεν
3603 3546 3809 3619 οὖσαν,

2213 3639 2308 3693 καὶ
2336 3639 2445 3693 τῶν
2488 3641 2665 3696 ἄλλων
2699 3642 2977 3712 ἀμείνονα.
3011 3642 3176 3710 Λέγει
3200 3643 3256 3695 δὲ
3290 3644 3419 3713 μίαν
3450 3646 3547 3715 μὲν
3576 3645 3806 3714 σοφίαν,

2209 3732 2307 3803 τὴν
2355 3736 2466 3796 τοῖς
2521 3733 2830 3804 ἀνθρώποις
2879 3734 3202 3806 δεδομένην,
3251 3736 3316 3789 δι’
3367 3738 3433 3808 ἢν
3481 3737 3689 3805 λογικοί
3745 3741 3810 3793 τέ

2209 3825 2396 3893 ἐσμεν,
2428 3824 2655 3878 καὶτῶν
2685 3825 2975 3895 πρακτέων
3001 3826 3100 3897 τὴν
3129 3827 3421 3895 διάγνωσιν
3454 3828 3669 3899 ἔχομεν,
3698 3833 3811 3885 καὶ

2208 3914 2403 3985 τέχνας
2438 3916 2533 3968 καὶ
2562 3916 2874 3986 ἐπιστήμας
2907 3917 3244 3988 εὑρήκαμεν,
3284 3920 3378 3972 καὶ
3413 3920 3544 3973 Θεὸν
3587 3921 3812 3989 γνῶναι

2207 4004 2483 4074 δυνάμεθα
2508 4021 2523 4034 ·
2554 4005 2814 4075 δευτέραν
2839 4007 2915 4069 ὢ,
2952 4007 3051 4076 τὴν
3080 4008 3148 4061 τὰ
3184 4010 3241 4060 ἐν
3269 4012 3334 4079 τῇ
3361 4010 3534 4064 κτίσει
3564 4011 3808 4083 θεωρου-

2211 4098 2379 4167 μένην
2400 4113 2413 4125 '
2458 4097 2676 4167 ὁρῶμεν
2708 4099 2818 4169 γὰρ
2846 4100 3078 4168 ούρανοῦ
3115 4102 3362 4171 μέγεθος,
3384 4104 3537 4173 ἡλίου
3570 4105 3807 4174 κάλλος,

2207 4186 2454 4255 ἀστέρων
2501 4186 2740 4254 χορείαν,
2789 4188 2894 4256 γῆς
2929 4191 3021 4241 καὶ
3067 4188 3336 4260 θαλάττης
3377 4188 3554 4261 εὖρος,
3603 4195 3807 4261 φυτῶν

2207 4275 2301 4328 καὶ
2328 4275 2482 4339 ζώων
2513 4275 2798 4347 διαφοράν,
2844 4280 2937 4332 καὶ
2966 4280 3034 4333 τὰ
3061 4281 3217 4345 ἄλλα,
3255 4283 3342 4335 ἵνα
3385 4284 3458 4353 μὴ
3499 4284 3619 4337 καθ’
3657 4285 3807 4342 ἐκα-

2209 4383 2333 4419 στον
2356 4366 2529 4434 λέγον
2564 4370 2753 4440 τρίτην
2779 4369 2857 4433 δὲ,
2886 4371 2981 4441 τὴν
3015 4372 3101 4425 διὰ
3125 4374 3220 4442 τῆς
3242 4373 3336 4427 τοῦ
3362 4374 3608 4445 Σωτῆρος
3629 4379 3805 4448 ἡμῶν

2206 4458 2584 4530 δεικνυμένην,
2636 4462 2701 4531 ἣν
2750 4464 2797 4514 oi
2844 4462 3200 4527 ἀπιστοῦντες
3250 4466 3462 4534 μωρίαν
3511 4484 3808 4538 προσαγο-

522 4562 724 4616 autem.
759 4571 878 4611 eam
910 4572 1034 4627 qua:
1061 4572 1156 4626 per
1194 4554 1535 4610 Salvatorem
1565 4563 1820 4611 nostrum
1855 4559 2101 4614 ostendi-

2216 4549 2480 4621 ρεύουσιν.
2527 4553 2690 4619 Λέγει
2716 4553 2774 4605 δὲ
2816 4553 2994 4614 τοῦτο,
3027 4556 3108 4608 ὅτι
3144 4555 3252 4608 ἔδει
3285 4556 3384 4626 μὲν
3416 4558 3545 4620 τοὺς
3574 4560 3806 4631 ἀνθρώ·

522 4655 629 4710 tur,
662 4661 850 4714 quam,
876 4648 972 4718 qui
1001 4663 1109 4702 non
1134 4645 1451 4712 admittunt,
1487 4647 1762 4716 appellant
1787 4650 2098 4707 stultitiam.

522 4735 638 4803 lloc
668 4745 853 4791 autem
891 4736 1045 4801 dicit,
1078 4736 1226 4805 quod
1250 4736 1538 4804 oportebat
1569 4738 1791 4807 quidem
1824 4739 2098 4810 homines,

510 4826 615 4900 qui
652 4827 1019 4893 naturalema
1049 4825 1163 4887 Deo
1200 4826 1575 4896 cognitionem
1611 4839 1962 4899 acceperant,
2006 4849 2099 4903 per

519 4927 803 4985 creaturas
833 4926 1095 4988 tanquam
1135 4933 1302 4973 manu
1338 4918 1488 4984 duci,
1528 4929 1584 4979 et
1615 4936 1802 4981 earum
1836 4922 2099 4992 Opiﬁcem

523 5011 809 5067 adorare:
845 5009 943 5066 sed
1000 5009 1260 5078 quoniam
1286 5009 1494 5063 nullam
1546 5027 1612 5067 ex
1664 5012 1751 5068 his
1803 5014 2100 5071 utilitatem

521 5101 771 5170 accipere
805 5098 1123 5162 voluerunt,
1152 5096 1423 5168 benignus
1453 5114 1518 5152 ac
1549 5098 1792 5155 clemens
1828 5099 1969 5155 Deus
1992 5103 2099 5157 alia

519 5195 602 5249 eis
639 5192 855 5247 ratione
894 5188 1131 5255 salutem
1171 5190 1511 5258 procuravit,
1546 5199 1601 5246 ct
1632 5207 1730 5261 per
1759 5207 1879 5247 eam
1916 5211 2036 5263 qua:
2068 5213 2098 5251 a

521 5265 708 5337 stultis
764 5279 1004 5336 stultitia
1059 5290 1288 5349 vocatur
1339 5280 1465 5337 illos
1521 5283 1588 5337 ab
1656 5299 1847 5339 errore
1899 5285 2100 5342 libera-

521 5374 617 5428 vit.

592 5462 759 5519 Vens.
786 5463 986 5531 22,25.
1015 5484 1033 5517 ι
1056 5464 1331 5532 Quoniam
1357 5465 1597 5522 etJudazi
1619 5468 1773 5539 signa
1805 5477 2016 5539 petunt,
2047 5480 2101 5525 et

523 5552 692 5610 Graeci
726 5557 1063 5626 sapientiam
1117 5569 1368 5630 qurerunt
1402 5574 1417 5614 :
1452 5575 1552 5615 nos
1597 5568 1779 5615 autem
1834 5563 2097 5632 pra-dica-

2209 4657 2343 4701 πους
2377 4640 2610 4710 φυσικὴν
2643 4641 2791 4711 παρὰ
2824 4642 2918 4694 τοῦ
2956 4642 3091 4697 Θεοῦ
3124 4643 3325 4710 γνῶσιν
3372 4644 3661 4716 εἰληφότας
3695 4667 3804 4703 πο.

2205 4730 2512 4802 δηγηθῆναι
2542 4732 2628 4785 διὰ
2656 4733 2754 4802 τῆς
2800 4733 3051 4799 κτίσεως,
3096 4735 3193 4790 καὶ
3236 4735 3328 4789 τὸν
3359 4736 3562 4805 ταύτης
3611 4756 3801 4809 προσ-

2208 4823 2436 4891 κυνῆσαι
2465 4823 2808 4893 Δημιουργόν
2833 4839 2846 4852 ·
2883 4824 3071 4895 ἐπειδὴ
3108 4824 3165 4879 δὲ
3196 4827 3379 4897 ὄνησιν
3406 4828 3657 4884 ἐντεῦθεν
3691 4832 3804 4886 λα-

2206 4913 2320 4966 ϐεῖν
2348 4914 2448 4966 οὐκ
2479 4913 2771 4984 ἠθέλησαν,
2800 4913 3001 4984 ἑτέρως
3026 4914 3205 4969 αὐτῶν
3231 4918 3258 4969 ό
3285 4917 3665 4991 φιλάνθρωπος
3688 4922 3804 4993 τὴν

2207 5007 2482 5077 σωτηρίαν
2519 5005 3030 5077 ἐπραγματεύσατο,
3073 5008 3167 5061 καὶ
3201 5009 3288 5062 διὰ
3313 5009 3410 5080 τῆς
3444 5011 3805 5085 καλουμένης

2205 5099 2357 5169 παρά
2380 5102 2492 5160 τοῖς
2524 5099 2769 5169 ἀνοήτοις
2802 5097 3013 5169 μωρίας
3039 5099 3140 5170 τῆς
3173 5100 3382 5174 πλάνης
3415 5102 3611 5167 αὐτοὺς
3631 5105 3808 5176 ἠλευ-

2203 5191 2461 5262 θέρωσεν.

2278 5472 2382 5542 κβ’,
2414 5478 2515 5539 κγ’.
2572 5491 2591 5523 ι
2632 5472 2848 5542 Ἐπειδὴ
2889 5472 2983 5525 καὶ
3032 5474 3274 5529 Ἰουδαῖοι
3308 5480 3506 5548 σημεῖα
3549 5481 3803 5547 αίτοῦσι,

2207 5566 2301 5619 καὶ
2326 5565 2587 5633 Ἕλληνες
2616 5563 2807 5632 σοφίαν
2840 5564 3095 5633 ζητοῦσιν
3117 5581 3130 5595 ’
3164 5569 3326 5639 ἡμεῖς
3350 5570 3405 5625 δὲ
3433 5569 3805 5645 κηρύσσομεν

1834 5716 2071 5772 VARle
2113 5720 2519 5778 LEGTIONES.

581 5823 749 5897 ⁴ἠμϊν
776 5827 974 5883 omittit
996 5827 1051 5885 in
1075 5840 1398 5900 argumento
1427 5831 1601 5899 Epist.
1641 5830 1707 5885 ad
1739 5829 2018 5889 Romanos
2043 5834 2165 5890 init.
2244 5838 2263 5869 ⁷
2291 5836 2524 5893 (Eoum.
2555 5839 2718 5912 αὐτῇ.
