4034 6414
317 400 428 463 237
1192 413 1806 481 ῘΝΤΕΒΡΒΕΤΛΤῙΟ
1843 424 1878 482 Ε

1984 425 2078 486 ΞΤ.
2117 428 2149 487 Ι
2185 429 2286 488 AD
2323 430 2488 492 COB.
2511 433 2670 496 CAP.
2708 435 2758 496 Ι.
3498 452 3603 515 238

321 510 564 580 Χριστὸν
617 512 1044 586 ἐσταυρωμένον
1064 559 1080 584 ,
1143 521 1417 588 Ἰουδαίοις
1468 528 1567 598 μὲν
1610 530 1878 586 σκάνδαλα

1984 551 2002 596 ι
2030 552 2151 594 nius
2175 539 2456 597 Christum
2491 546 2839 615 cruciﬁxum,
2882 549 3088 610 Iudaeis
3120 557 3338 626 quidem
3367 565 3600 619 scanda-

321 601 598 672 Ἕλλησι⁶
623 605 681 662 δὲ
707 607 945 678 μωρίαν.
977 629 998 662 ι
1029 611 1134 665 Τὸν
1162 614 1367 684 Κύριον
1411 617 1652 674 Ἰουδαῖοι
1682 621 1878 694 θαυμαπ

2706 601 2712 602 ,
2886 601 3087 610 -__..--
3121 601 3338 626 νην...
3367 601 3600 619 ..ναυπ-

2025 628 2160 696 lum,
2195 633 2451 700 gentibus
2484 647 2664 692 autem
2703 642 3018 699 stultitiam.
3061 665 3080 698 ι
3111 645 3283 705 Judaei
3312 665 3342 705 a
3368 652 3600 711 Domino

318 693 549 762 θ’δρΥί-τις
593 695 866 768 ἀπῄτουν,
937 702 1036 756 καὶ
1079 701 1237 758 τοῦτο
1270 707 1419 777 ἡμᾶς
1449 711 1499 762 oi
1536 712 1878 782 εύαγγελιστι

326 783 633 806 ἓ-ιέ..------
698 789 803 806 ἰν..
902 793 924 806 ο
987 793 1001 806 ο
1168 796 1201 806 ι.
1331 799 1371 806 λ-
1451 802 1463 806 _
1573 805 1578 806 ,

2021 693 2298 777 miraciila
2331 727 2612 795 petebant,
2645 729 2811 802 idque
2857 735 3016 806 172
3058 753 3164 795 nos
3199 740 3401 798 docent
3437 761 3601 802 evan-

323 783 660 842 διδάσκουσι.
697 789 813 843 Καὶ
838 793 953 855 τοῖς
977 793 1296 862 ἀποστόλοις
1326 799 1406 862 δὲ,
1434 802 1510 866 ὡς
1535 805 1684 870 εἰκός
1704 823 1718 837 ⁸
1761 809 1878 862 τοῦτ

327 875 430 919 γὰο
459 877 492 919 ὁ
515 875 672 919 Θρῖσν
716 879 1043 919 ’Ᾱπῆιτφῆὶηρ
1069 885 1170 919 ἕνα...
1194 904 1211 919 .
1245 893 1444 919 -..η-τ..
1477 893 1743 919 λυμπημ-
1783 917 1810 919 __
1871 914 1878 919 .

2334 783 2346 794 ,
2598 783 2611 795 ,
2646 783 2684 786 ν-
2720 783 2808 802 ,η
2857 783 3016 806 ⁵,
3058 783 3163 795 ..η
3200 783 3401 798 νην...
3437 783 3598 802 ...ε-..-

2021 813 2248 879 gelistte.
2274 815 2586 882 Quinetiam
2619 827 2926 894 apostolos,
2961 837 3022 884 ut
3049 843 3276 903 apparet
3308 837 3432 907 (hoc
3453 840 3598 919 enim

327 875 430 946 γὰρ
459 877 492 927 δ
515 875 672 942 Θεῖος
716 879 1043 948 Ἀπόστολος
1068 885 1173 956 ἔφη
1194 904 1211 920 ⁸
1244 893 1447 960 σημεῖα
1476 893 1746 952 δεικνῦναι
1777 914 1878 972 παρ

327 966 638 998 ενεἹροτλικι-ιι
725 971 988 998 'l'.‘\\_..--
1043 977 1095 998 ea.
1150 979 1244 998 _s,,,
1300 982 1312 998 ε
1432 983 1455 998 ι.
1563 986 1576 998 .
1699 992 1710 998 -
1774 991 1803 998 .-

2019 875 2247 961 divinus
2268 875 2407 963 dixit
2446 875 2786 986 Apostolus),
2811 919 2966 988 signa
2989 875 3284 982 ostendere
3307 875 3596 998 iubebant.

322 966 660 1023 εκελεύοντο.
725 971 988 1042 Ἕλληνες
1038 977 1097 1030 δὲ
1147 979 1245 1049 τὴν
1289 982 1644 1041 ἀπαιδευσίαν
1694 991 1915 1060 ἐγέλων,

315 1055 505 1128 ὥσπερ
533 1060 734 1130 ἀμέλει
766 1065 860 1116 καὶ
887 1068 946 1118 ἐν
985 1066 1242 1138 Ἀθήναις
1273 1071 1458 1142 ἔλεγον
1486 1092 1501 1106 ⁸
1541 1095 1560 1130 ι
1588 1079 1654 1132 Τί
1685 1055 1757 1135 ἂν
1774 1055 1916 1139 θέλει

311 1147 342 1198 6
369 1151 761 1220 σπερμολόγος
810 1149 967 1220 οὗτος
1007 1157 1224 1226 λέγειν;
1259 1179 1278 1214 ι
1343 1164 1484 1219 Ἀλλ’
1531 1169 1710 1239 ἡμεῖς,
1757 1177 1912 1246 φησὶ,

309 1240 412 1310 τῆς
463 1241 683 1296 τούτων
731 1247 1006 1302 κάκείνων
1051 1251 1236 1316 ἀνοίας
1285 1261 1793 1331 καταφρονοῦντες,
1851 1269 1913 1322 τὸ

307 1333 648 1386 Δεσποτικὸν
680 1335 1026 1408 κηρύττομεν
1055 1339 1246 1405 πάθος,
1277 1345 1455 1402 καίτοι
1490 1351 1678 1420 σαφῶς
1709 1354 1912 1420 ειδότες

303 1421 400 1474 καὶ
443 1423 680 1489 τούτους
725 1428 1014 1492 κάκείνους
1059 1431 1319 1506 ἄντικρυς
1351 1439 1753 1509 ἀντιλέγοντας.
1799 1449 1909 1504 Καὶ

299 1515 387 1577 τίς
413 1515 610 1586 ὄνησις
635 1518 734 1571 τοῦ
763 1520 1152 1592 κηρύγματος;

369 1605 476 1660 κδ’.
535 1625 556 1657 ι
603 1609 802 1672 Afr-toi;
847 1611 905 1664 δὲ
953 1614 1070 1676 τοῖς
1115 1615 1332 1685 κλητοῖς
1375 1621 1648 1690 Ἰουδαίοις
1697 1645 1756 1681 τε
1809 1632 1906 1686 καὶ

299 1696 538 1766 Ἕλλησι
586 1700 848 1770 Χριστὸν,
884 1703 1022 1756 Θεοῦ
1049 1705 1279 1778 δύναμιν
1324 1713 1416 1764 καὶ
1451 1713 1585 1768 Θεοῦ
1621 1721 1834 1787 σοφίαν.
1881 1741 1898 1774 ι

299 1787 371 1838 T6
397 1787 538 1841 αὐτὸ
569 1791 668 1843 καὶ
696 1791 858 1860 σοφία
890 1796 984 1848 καὶ
1016 1799 1218 1868 μωρία,
1239 1804 1333 1855 καὶ
1363 1803 1592 1876 δύναμις
1617 1811 1710 1863 καὶ
1735 1811 1900 1865 ἀσθέ-

2018 993 2192 1052 Graeci
2227 1007 2411 1056 autem
2449 1004 2781 1075 imperitiam
2813 1012 3087 1081 ridebant,
3129 1023 3595 1090 quemadmodum

2018 1088 2268 1146 videlicet
2313 1093 2544 1151 Athenis
2594 1099 2900 1158 dicebant:
2943 1123 2964 1157 ι
3005 1088 3159 1174 Quid
3197 1114 3315 1167 νιιιι
3369 1117 3596 1172 semini-

2014 1176 2240 1232 verbius
2273 1179 2362 1235 hic
2391 1181 2575 1240 dicere
2601 1186 2670 1240 h?
2705 1207 2724 1240 ι
2762 1189 2868 1246 Sed
2912 1210 3033 1260 nos,
3074 1198 3274 1268 inquit,
3309 1211 3362 1258 et
3394 1205 3590 1261 horum

2015 1273 2071 1320 et
2102 1267 2322 1324 illorum
2355 1275 2647 1332 stultitiam
2678 1279 3066 1354 despicientes,
3091 1289 3431 1350 Dominicam
3461 1315 3590 1368 pas-

2013 1355 2231 1412 sionem
2265 1363 2652 1430 praadicamus,
2693 1375 2946 1438 quamvis
2987 1377 3170 1434 ethos
3198 1390 3252 1435 et
3285 1385 3412 1440 illos
3437 1400 3590 1444 certo

2009 1447 2254 1504 sciamus
2307 1453 2597 1510 manifeste
2647 1450 3051 1523 Contradicere.
3102 1467 3167 1523 Et
3209 1488 3458 1542 quamam
3506 1491 3590 1536 cst

2009 1537 2220 1595 utilitas
2253 1543 2708 1610 priedicationis?

2076 1630 2238 1686 Vens.
2286 1634 2376 1689 24.
2434 1655 2454 1688 ι
2493 1637 2638 1708 Ipsis
2681 1651 2862 1700 autem
2906 1653 3124 1708 vocatis
3171 1653 3378 1714 Iudaeis
3423 1670 3588 1733 atque

2005 1719 2210 1778 Graecis
2277 1725 2581 1786 Christum.
2644 1732 2739 1788 Dei
2793 1738 3051 1798 virtutem
3104 1757 3160 1801 et
3215 1747 3312 1804 Dei
3361 1719 3584 1822 sapien-

2011 1811 2164 1866 tiam.
2221 1815 2250 1864 i'
2305 1813 2450 1872 Idem
2510 1831 2598 1875 est
2661 1834 2714 1879 et
2781 1829 3052 1898 sapientia
3116 1844 3172 1890 et
3227 1811 3463 1896 stultitia
3529 1856 3586 1899 et

297 1894 416 1930 νεια
437 1895 453 1908 ⁸
493 1882 684 1952 μωρία
717 1883 818 1952 μὲν
847 1887 940 1938 καὶ
970 1886 1227 1943 ἀσθένεια
1251 1896 1363 1956 τοῖς
1391 1896 1701 1964 ἀπιστοῦσι,
1738 1903 1878 1970 σοφία

297 1967 348 1996 ἢ
379 1970 472 1996 .._\
509 1970 745 1996 §-'_.._._-_
768 1979 877 1996 __-_
956 1995 999 1996 γέ
1085 1979 1096 1992 ι
1279 1985 1320 1996 ε.
1367 1985 1380 1996 ι
1462 1987 1472 1996 .
1563 1990 1576 1996 -
1610 1990 1656 1996 ---
1832 1993 1855 1996 ..

2009 1905 2256 1968 potentia
2287 1917 2341 1962 ct
2370 1908 2753 1972 imbecillitas:
2791 1922 3022 1978 stultitia
3045 1928 3263 1996 quidem
3311 1941 3364 1986 et
3405 1935 3581 1990 imbe-

289 1967 349 2020 δὲ
379 1970 478 2022 καὶ
505 1970 746 2044 δύναμις
765 1979 880 2040 τοῖς
907 1979 1241 2037 πιστεύουσι.
1279 1985 1390 2039 Καὶ
1413 1987 1523 2059 γὰρ
1553 1990 1582 2041 6
1605 1990 1752 2061 ἣλιος
1780 1967 1894 2062 φῶς

294 2059 397 2128 μέν
434 2063 557 2115 ἐστι
587 2066 705 2126 τοῖς
728 2065 1008 2136 βλέπουσι,
1035 2071 1226 2137 σκότος
1245 2073 1301 2128 δέ
1321 2079 1432 2140 τοῖς
1458 2079 1857 2148 τυφλώττουσιν
1875 2101 1888 2114 ⁸

289 2149 392 2203 ούκ
413 2152 586 2216 αὐτὸς
617 2155 805 2223 μέντοι
830 2161 1132 2231 προσφέρει
1159 2166 1220 2219 τὸ
1243 2167 1454 2233 σκότος,
1478 2170 1612 2224 ἀλλά
1637 2173 1698 2226 τὺ
1721 2175 1892 2240 πάθος
1993 2149 2028 2225 i

288 2241 480 2311 ἐπέχει
511 2243 618 2314 τῆς
647 2246 870 2312 ἀκτῖνος
915 2251 1016 2322 τὴν
1049 2253 1266 2326 αἴγλην.
1311 2257 1468 2312 Οὕτω
1499 2261 1597 2333 τῆς
1631 2265 1890 2330 ἀπιστίας

289 2334 327 2404 ἠ
367 2333 516 2406 λήμη
555 2337 765 2390 κωλύει
793 2341 894 2410 τῆς
936 2341 1270 2412 θεογνωσίας
1317 2349 1380 2403 τὸ
1425 2351 1542 2419 φῶς
1585 2352 1685 2426 τὴν
1709 2355 1889 2427 ψυχὴν

296 2427 665 2494 καταυγᾶσαι.
730 2431 948 2486 Είδὲναι
1006 2435 1191 2505 μέντοι
1241 2439 1380 2511 χρὴ,
1430 2441 1506 2505 ὡς
1551 2446 1742 2512 σοφίαν
1792 2448 1888 2501 καὶ

296 2514 514 2586 δύναμιν
567 2519 631 2570 οὐ
679 2520 783 2590 τὴν
831 2520 1062 2593 θεότητα
1097 2527 1192 2580 τοῦ
1223 2530 1564 2599 Μονογενοῦς
1609 2537 1884 2607 προσηγό-

287 2624 478 2676 ρευσεν
505 2610 536 2662 6
567 2608 716 2675 θεῖος
771 2613 1115 2680 Ἀπόστολος,
1157 2619 1292 2674 ἀλλὰ
1329 2623 1391 2674 τὸ
1425 2626 1553 2693 περὶ
1591 2628 1684 2678 τοῦ
1717 2645 1884 2682 σταυ-

279 2693 378 2770 ροῦ
403 2700 678 2770 κήρυγμα
705 2718 719 2730 ⁸
762 2703 857 2756 καὶ
882 2704 1151 2777 διελέγχει
1181 2710 1310 2774 τοὺς
1347 2713 1558 2783 Ἀρείου
1590 2718 1682 2770 καὶ
1715 2720 1881 2774 Εὐνο-

278 2788 428 2858 μίου,
458 2793 654 2856 κακῶς
671 2794 928 2850 ἐντεῦθεν
947 2801 1321 2870 πειρωμένους
1351 2803 1625 2862 δεικνῦναι
1655 2813 1883 2882 σοφίαν

268 2881 362 2932 τὸν
409 2881 552 2934 Θεὸν
589 2884 769 2952 Λόγον
817 2887 1240 2960 ὀνομαζόμενον.
1302 2894 1584 2950 Ἐντεῦθεν
1629 2881 1743 2974 γὰρ
1783 2904 1880 2957 καὶ

267 2969 370 3038 τὴν
398 2971 466 3023 ἐκ
505 2973 611 3042 τῆς
645 2973 1035 3049 Παροιμιακῆς
1077 2982 1262 3054 φωνῆς
1311 2983 1665 3059 βλασφημίαν
1705 2969 1878 3049 κατα-

267 3061 663 3126 σκευάζουσιν.

335 3161 438 3207 κέ.
485 3174 507 3207 ι
533 3156 664 3211 Ὅτι
692 3157 759 3211 τὸ
784 3161 970 3233 μωρὸν
1008 3162 1104 3218 τοῦ
1133 3164 1268 3220 Θεοῦ
1301 3170 1610 3238 σοφώτερον
1636 3175 1746 3230 τῶν
1773 3179 1870 3231 ἀν-

265 3246 504 3317 θρώπων
537 3250 664 3303 ἐστί
690 3266 704 3278 ⁸
760 3254 942 3307 καὶτὸ
978 3256 1201 3322 ἀσθενὲς
1227 3259 1323 3314 τοῦ
1354 3263 1490 3318 Θεοῦ
1523 3267 1870 3342 ἰσχυρότερον
1900 3239 1942 3296 C

267 3339 370 3392 τῶν
394 3341 718 3412 ἀνθρώπων
745 3345 880 3400 ἐστί.
925 3364 947 3396 ι
999 3349 1200 3420 Μωρδν
1235 3351 1330 3404 τοῦ
1355 3353 1491 3407 Θεοῦ
1520 3359 1614 3410 καὶ
1645 3339 1870 3424 ἀσθενὲς

267 3431 358 3485 τοῦ
407 3434 654 3504 σταυροῦ
719 3436 881 3490 καλεῖ
922 3439 987 3492 τὸ
1038 3443 1374 3514 μυστήριον,
1427 3447 1569 3501 κατά
1619 3451 1718 3522 τὴν
1762 3453 1870 3506 τῶν

275 3525 509 3596 ἀνοήτων
529 3528 724 3593 δόξαν.
757 3531 1012 3584 Δείκνυσι
1039 3533 1096 3586 δὲ
1124 3533 1283 3588 τοῦτο
1307 3537 1402 3590 καὶ
1428 3539 1538 3593 τῶν
1567 3542 1750 3612 σοφῶν
1774 3547 1869 3600 καὶ

279 3617 505 3688 ἰσχυρῶν
533 3639 603 3674 πε
613 3623 1072 3694 ριγεγενημένον.
1127 3670 1136 3676 .

348 3715 460 3772 κςθ.
502 3730 520 3763 ι
545 3711 790 3766 Βλέπετε
819 3714 930 3785 γὰρ
957 3715 1055 3786 τὴν
1085 3717 1279 3788 κλῆσιν
1305 3721 1480 3790 ὑμῶν,
1510 3723 1752 3794 ἀδελφοὶ,
1785 3728 1866 3781 ὅτι

279 3799 337 3853 οὐ
365 3801 540 3856 πολλοὶ
588 3805 757 3874 σοφοὶ
786 3805 932 3858 κατά
962 3807 1162 3878 σάρκα,
1214 3811 1274 3864 οὐ
1301 3811 1490 3866 πολλοὶ
1531 3815 1770 3884 δυνατοὶ,
1803 3820 1864 3873 οὗ

272 3889 446 3944 πολλοὶ
476 3893 757 3962 εὐγενεῖς.
803 3913 823 3946 ι
873 3897 987 3950 Οὐκ
1033 3894 1208 3964 εἶπεν,
1251 3901 1424 3966 οὐδεὶς
1457 3905 1640 3973 σοφὸς,
1686 3909 1866 3974 οὐδεὶς

264 3977 504 4047 δυνατὸς,
555 3984 745 4048 οὐδεὶς
789 3985 1019 4058 εὐγενής
1048 4003 1063 4017 ⁸
1112 3989 1208 4042 καὶ
1233 3990 1344 4064 γάρ
1379 3993 1443 4046 ἐκ
1476 3993 1682 4049 τούτων
1721 3993 1863 4070 ἦσαν

262 4074 705 4138 πεπιστευκότες
727 4091 741 4104 ⁸
774 4075 892 4129 ἀλλ’
921 4079 983 4130 οὐ
1017 4079 1203 4134 πολλοί
1225 4097 1239 4112 ⁸
1281 4083 1330 4136 οί
1359 4083 1577 4150 πλείους
1607 4090 1716 4160 γὰρ
1751 4090 1862 4146 τῶν

262 4167 615 4238 πενεστέρων
645 4167 949 4239 ἐτύγχανον
971 4171 1141 4236 ὄντες.

321 4256 426 4320 κζ’,
449 4263 564 4326 κη’,
611 4275 634 4308 ι
675 4257 839 4310 Ἀλλὰ
862 4259 931 4312 τὰ
961 4263 1122 4332 μωρά
1159 4263 1254 4316 τοῦ
1289 4265 1496 4337 κόσμου
1525 4267 1807 4337 ἐξελέξατο
1831 4273 1862 4326 6

254 4344 402 4408 Θεὸς,
454 4347 547 4400 ἵνα
602 4349 945 4420 καταισχύνῃ
975 4353 1104 4414 τοὺς
1137 4354 1367 4423 σοφούς⁸
1418 4357 1512 4411 καὶ
1556 4357 1627 4412 τά
1659 4360 1860 4433 ἀσθενῆ

251 4435 342 4488 τοῦ
385 4437 610 4507 κόσμου
666 4438 954 4506 ἐξελέξατο
984 4441 1014 4494 ὁ
1061 4441 1215 4508 Θεὸς,
1266 4446 1355 4500 ἵνα
1405 4451 1742 4524 καταισχύνῃ
1790 4453 1860 4508 τὰ

1998 1993 2197 2049 cillitas
2227 1997 2293 2053 iis
2345 2002 2436 2070 qui
2499 2020 2608 2060 non
2665 2011 2936 2076 credunt,
2987 2019 3260 2088 sapientia
3307 2034 3488 2080 autem
3521 2041 3580 2082 et

1993 2267 2111 2335 ipse
2139 2280 2318 2325 tamen
2353 2289 2463 2328 non
2506 2277 2663 2334 ali‘ert
2714 2285 2992 2352 tenebras.
3029 2267 3127 2346 sed
3173 2297 3400 2354 morbus
3435 2303 3576 2359 radii

1990 2358 2337 2427 splendorem
2364 2381 2474 2420 non
2498 2368 2763 2428 admittit.
2821 2376 2902 2432 lta
2927 2381 3091 2436 etiam
3117 2384 3256 2439 lema
3281 2388 3576 2448 inﬁdelita-

1989 2449 2062 2503 tis
2117 2451 2392 2520 prohibet,
2429 2461 2730 2528 quominus
2770 2466 2956 2522 anima
3009 2475 3188 2540 possit
3241 2481 3571 2548 cognitionis

1988 2539 2193 2598 lumine
2223 2544 2512 2603 illustrari.
2553 2551 2847 2610 Sciendum
2883 2567 2969 2613 est
3000 2571 3207 2632 autem,
3242 2571 3568 2638 sapientiam

1985 2639 2040 2684 et
2073 2636 2379 2702 potentiam
2428 2644 2736 2711 appellasse
2779 2649 3025 2706 divinum
3073 2636 3425 2729 Apostolum,
3458 2681 3568 2720 non

1987 2721 2259 2794 Unigeniti
2293 2730 2657 2800 divinitatem,
2684 2739 2779 2792 sed
2803 2721 3248 2809 prasdicatiunem
3274 2751 3342 2806 de
3362 2767 3566 2809 cruce:

1981 2821 2037 2868 ct
2056 2815 2306 2874 refellere
2328 2821 2563 2880 Arianos
2593 2835 2648 2880 ct
2669 2827 3060 2903 Eunomianos,
3084 2841 3176 2907 qui
3203 2845 3344 2898 male
3363 2861 3430 2898 ex
3463 2847 3566 2902 hoc

1979 2904 2102 2960 loco
2133 2922 2404 2966 conantur
2434 2919 2728 2974 ostendere
2769 2925 3086 2991 sapientiam
3118 2930 3287 2988 Deum
3323 2935 3560 2994 Verbum

1980 2993 2278 3051 nominari.
2302 2998 2380 3054 Ex
2403 3002 2509 3058 hoc
2538 3008 2682 3061 enim
2703 3011 2864 3067 etiam
2894 3015 3016 3072 loco
3038 3029 3292 3078 astruunt
3309 3025 3563 3098 blasphe-

1978 3089 2166 3151 miam.
2187 3107 2351 3162 quam
2364 3112 2429 3151 ex
2444 3097 2868 3161 Proverbiorum
2883 3113 3068 3168 verbis
3082 3128 3330 3176 sumunt.
3362 3125 3382 3144 '

2047 3178 2220 3238 Vens.
2259 3184 2354 3240 25.
2399 3207 2420 3240 ι
2470 3190 2609 3256 Quia
2636 3199 2780 3266 quod
2814 3201 3046 3256 stultum
3089 3215 3172 3260 est
3200 3208 3316 3274 Dei,
3347 3207 3578 3283 sapicn?

1977 3271 2088 3328 tius
2139 3282 2226 3330 est
2277 3277 2637 3351 hominibus,
2699 3295 2754 3342 et
2791 3292 2938 3360 quod
2988 3295 3266 3354 inﬁrmum
3313 3271 3555 3373 est.Dei,

1973 3359 2174 3420 fortius
2199 3373 2286 3422 est
2319 3367 2658 3430 hominibus.
2694 3395 2714 3429 ι
2764 3359 3006 3438 Stultum
3039 3384 3150 3441 Deo
3192 3399 3246 3444 et
3274 3359 3554 3452 inﬁrmum

1973 3464 2128 3508 vocat
2167 3457 2351 3514 crucis
2396 3467 2718 3532 mysterium
2771 3485 2839 3525 ex
2885 3476 3210 3534 stolidorum
3251 3489 3552 3544 sententia.

1969 3541 2225 3599 Ostendit
2256 3556 2436 3604 autem
2478 3552 2584 3610 hoc
2630 3567 2686 3612 et
2727 3563 3006 3631 sapientes
3054 3578 3108 3623 et
3152 3569 3328 3632 fortes
3385 3595 3553 3650 supe-

1969 3647 2144 3689 T2330.

2038 3723 2206 3782 Vens.
2255 3729 2348 3787 26.
2402 3752 2422 3786 ι
2463 3733 2658 3795 Videte
2691 3743 2840 3798 enim
2877 3752 3223 3810 vocationem
3263 3757 3422 3830 1'73
3457 3779 3553 3816 ve-

1965 3822 2160 3883 stram,
2199 3818 2424 3889 fratres,
2449 3828 2578 3894 quia
2608 3846 2718 3886 non
2747 3839 2912 3891 multi
2936 3843 3212 3912 sapientes
3244 3818 3548 3908 sec-uadum

1966 3919 2211 3975 carnem,
2238 3925 2344 3964 non
2367 3917 2522 3968 multi
2539 3929 2816 3990 potentes,
2841 3943 2945 3982 non
2962 3934 3118 3987 multi
3141 3938 3404 3995 nobiles.»
3425 3943 3546 4000 Non

1965 3993 2123 4062 dixit,
2143 4000 2329 4056 nullus
2347 4004 2587 4072 sapiens,
2627 4013 2812 4070 nullus
2852 4027 3071 4085 potens,
3102 4026 3292 4083 nullus
3317 4031 3541 4090 nobilis.

1969 4084 2100 4141 Nam
2153 4105 2218 4144 ex
2275 4092 2358 4148 liis
2394 4097 2560 4152 etiam
2595 4113 2756 4158 erant
2783 4108 2876 4176 qui
2910 4111 3281 4185 crediderant,
3313 4121 3409 4176 sed
3434 4139 3544 4179 non

1963 4178 2120 4230 multi
2151 4193 2167 4232 :
2201 4193 2357 4236 erant
2389 4187 2536 4240 enim
2563 4191 2748 4256 plures
2783 4211 2846 4250 ex
2881 4205 3335 4272 pauperioribus.

2035 4265 2203 4326 Vens.
2235 4273 2326 4339 27,
2351 4275 2442 4330 28.
2465 4296 2482 4328 ι
2512 4278 2618 4336 Sed
2641 4300 2762 4352 qua:
2793 4265 2966 4346 stulta
2995 4265 3130 4351 sunt
3161 4303 3353 4356 mundi
3379 4305 3543 4376 elegit

3385 4354 3541 4376 ---οη

1962 4354 2130 4422 Deus,
2168 4373 2228 4414 ut
2274 4364 2577 4422 confundat
2630 4375 2938 4445 sapientes;
2990 4393 3044 4436 et
3100 4385 3314 4442 infirma
3353 4395 3541 4448 mundi

1963 4448 2126 4520 elegit
2159 4451 2324 4518 Dens,
2351 4465 2410 4510 ut
2433 4457 2734 4517 confundat
2759 4467 2944 4526 fortia.
2972 4471 3040 4527 Et
3063 4475 3323 4545 ignobilia
3349 4489 3538 4539 mundi

255 4529 470 4598 ἰσχυρά.
523 4529 643 4582 Καὶ
666 4531 741 4584 τὰ
770 4530 940 4598 ἀγενῆ
979 4531 1074 4586 τοῦ
1112 4535 1316 4606 κόσμου
1350 4535 1446 4592 κά).
1475 4540 1545 4594 τά
1578 4544 1858 4618 ἐξουθενη-

256 4618 610 4638 ηεηνηλ...
757 4622 896 4638 η..
1065 4625 1080 4638 .
1157 4620 1180 4638 π
1275 4627 1286 4638 .
1333 4629 1356 4638 ..
1512 4631 1534 4638 _
1676 4634 1755 4638 _,_

1984 4550 2018 4594 :t
2047 4548 2486 4615 contemptibilia
2518 4553 2682 4626 elegit
2725 4557 2889 4626 Deus,
2920 4575 2972 4618 et
3006 4581 3068 4620 ea
3097 4583 3218 4637 qua:
3247 4587 3356 4626 non
3389 4589 3537 4638 sunt,

251 4618 386 4687 μένα
411 4619 718 4688 ἐξελέξατο
747 4623 776 4674 6
805 4622 960 4686 Θεὸς,
995 4625 1090 4677 καὶ
1127 4620 1194 4680 τὰ
1228 4627 1304 4700 μὴ
1331 4629 1480 4695 ὄντα,
1511 4631 1598 4685 ἵνα
1631 4634 1699 4687 τὰ
1729 4635 1858 4690 ὄντα

247 4713 610 4783 καταργήσῃ.
657 4730 677 4762 ι
737 4713 915 4783 Μωρά
960 4717 1055 4768 καὶ
1094 4717 1318 4788 ἀσθενῆ,
1368 4722 1464 4777 καὶ
1495 4723 1685 4796 ἀγενῆ,
1715 4727 1858 4782 κατά

245 4799 346 4871 τὴν
370 4801 490 4855 τῶν
513 4801 831 4872 ἀνθρώπων
868 4805 1096 4860 ἐκάλεσε
1131 4809 1312 4874 δόξαν.
1347 4811 1548 4884 Μωρία
1573 4815 1682 4886 γὰρ
1721 4815 1855 4887 ἀλη-

243 4892 366 4964 θὴς,
413 4895 522 4966 οὐχ
559 4897 596 4964 ή
643 4895 756 4948 τῶν
786 4895 963 4966 λόγων
989 4898 1256 4970 ἀπειρία,
1283 4901 1397 4956 ἀλλ’
1428 4905 1460 4974 ἡ
1487 4905 1589 4976 τῆς
1619 4908 1854 4973 πίστεως

237 4983 455 5054 ἐρημία
474 5001 492 5016 ⁸
531 4985 632 5037 καὶ
660 4985 918 5040 ἀσθένεια
952 4989 1048 5042 καί⁵
1074 4989 1315 5058 ἀγένεια,
1348 4993 1448 5063 οὐχ
1471 4997 1503 5064 ἡ
1527 4997 1707 5062 πενία,
1737 5001 1852 5053 ἀλλ’

235 5076 268 5144 ἡ
303 5074 566 5138 ἀσέϐεια,
597 5076 696 5128 καὶ
727 5075 838 5128 τῶν
865 5077 1085 5148 τρόπων
1111 5081 1144 5150 ἡ
1169 5082 1424 5153 πονηρία.
1468 5083 1530 5136 ὐ
1559 5086 1618 5138 δέ
1652 5104 1716 5156 γε
1745 5090 1853 5145 τῶν

233 5165 382 5219 ὅλων
414 5165 557 5229 Θεὸς
583 5166 658 5218 δι’
687 5167 1035 5222 ἀπαιδεύτων
1078 5171 1206 5236 τοὺς
1238 5174 1726 5245 πεπαιδευμένους,
1759 5183 1852 5234 καὶ

231 5256 328 5310 διὰ
361 5258 627 5328 πενήτων
667 5259 797 5322 τοὺς
827 5260 1118 5324 πλουσίους
1147 5263 1387 5335 ἐνίκησε,
1439 5267 1530 5319 καὶ
1555 5267 1626 5322 δι’
1656 5270 1850 5324 ἀλιέων

230 5348 338 5420 τὴν
362 5351 706 5421 οἰκουμένην
734 5349 1008 5422 ήλίευσεν.

308 5485 343 5526 ιι
384 5486 513 5541 Act.
545 5502 702 5554 nm,
737 5488 826 5544 i8.

1959 4641 2020 4684 ut
2047 4647 2110 4686 ea
2133 4649 2254 4702 quae
2285 4645 2417 4691 sunt
2459 4640 2788 4702 destrueret.
2836 4667 2854 4700 ι
2891 4648 3068 4706 Stulta
3099 4663 3153 4708 et
3185 4657 3456 4716 imbecilla
3485 4677 3539 4718 et

1955 4721 2218 4793 ignobilia
2238 4731 2456 4782 vocavit
2493 4747 2560 4786 ex
2603 4735 2888 4794 hominum
2914 4743 3198 4813 opinione.
3228 4747 3370 4805 Vera
3388 4757 3534 4809 enim

1956 4814 2190 4869 stultitia
2220 4827 2326 4882 est,
2351 4835 2461 4874 non
2483 4823 2701 4880 dicendi
2727 4829 3022 4901 imperitia,
3047 4839 3143 4892 sed
3174 4839 3278 4897 ﬁde
3307 4859 3494 4901 carere
3521 4867 3532 4900 :

1953 4913 2008 4961 et
2050 4907 2402 4967 imbecillitas
2440 4923 2608 4986 atque.
2657 4921 2999 4993 ignobilitas,
3055 4946 3164 4986 non
3216 4948 3532 5005 paupertas.

1953 4997 2048 5073 sed
2079 4999 2354 5068 impietas,
2384 5012 2440 5058 et
2473 5021 2688 5064 morum
2735 5011 3086 5084 improbitas.
3136 5021 3530 5081 Universorum

1953 5099 2136 5143 autem
2173 5088 2316 5146 Deus
2346 5093 2542 5154 doctos
2590 5116 2688 5170 per
2723 5103 2997 5172 indoctos,
3041 5119 3095 5165 et
3133 5129 3230 5182 per
3266 5133 3533 5188 pauperes

1947 5179 2145 5236 divites
2196 5184 2348 5251 vicit,
2402 5195 2456 5243 et
2501 5205 2598 5261 per
2655 5194 2962 5263 piscatores
3019 5179 3211 5258 orbem
3260 5179 3532 5264 terrarum

1945 5271 2190 5339 piscatus
2223 5283 2326 5329 est.

1580 5618 1820 5676 VARUE
1860 5622 2273 5684 LECTIONES.

305 5701 334 5731 ⁸
366 5697 461 5753 Sic
485 5705 529 5752 Α
556 5701 780 5778 etint'ra
815 5706 881 5778 ad
918 5703 1093 5760 Galat.
1123 5723 1185 5778 κν,
1214 5709 1304 5764 il.
1338 5709 1444 5768 Sed
1473 5712 1650 5768 ἔθνεσι
1683 5716 1846 5773 habet
1879 5701 2256 5778 Tlieodorctus

234 5765 445 5835 εἰναι,
477 5781 534 5824 et
580 5771 788 5844 dialog.
825 5775 881 5841 2,
915 5792 1041 5847 pag.
1073 5765 1198 5846 507',
1235 5765 1406 5835 Garn.

2307 5726 2373 5779 ad
2430 5727 2532 5780 lsa.
2573 5745 2718 5798 thx,
2754 5732 2806 5798 7,
2839 5736 3002 5805 epist.
3041 5738 3163 5804 H6,
3213 5756 3332 5813 pag.
3365 5742 3530 5800 1054.
