4034 6420
507 442 615 507 239

1476 434 1968 501 THEODORETI
1998 435 2340 498 EPISCOPI
2369 439 2735 502 CYRENSIS

3671 444 3773 510 240

585 554 749 609 Vens.
783 553 876 612 29.
916 572 934 605 ι
973 551 1043 609 Ut
1074 567 1181 608 non
1210 550 1476 623 glorietur
1496 549 1678 605 omnis
1705 564 1837 605 caro
1871 549 1925 603 in
1952 562 2086 603 con-

2260 549 2363 605 κθ’.
2405 570 2425 603 ι
2451 552 2642 616 Ὅπως
2678 552 2755 625 μὴ
2794 552 3139 625 καυχήσηται
3177 555 3324 608 πᾶσα
3362 552 3501 626 σάρξ
3545 555 3780 612 ἐνώπιον

508 656 703 718 spec-tu
738 648 875 717 ejus.
916 666 934 699 ι
973 645 1031 701 Si
1059 646 1203 701 enim
1231 643 1417 700 statim
1447 641 1513 697 ah
1557 641 1716 697 initio
1750 641 2093 696 abundantes

512 740 743 805 divitiis,
780 747 834 793 et
861 737 1192 809 eloquentiae
1233 734 1379 790 fama
1411 733 1594 789 claros
1634 732 1909 803 elegisset,
1958 746 2095 801 prae-

512 830 901 900 dicatoresque
931 829 1284 893 instituisset,
1322 841 1432 882 non
1467 825 1645 881 solum
1677 824 1711 878 ii
1744 824 1836 895 qui
1869 832 2089 877 contra-

512 923 793 987 diccbant,
837 922 933 977 sed
966 922 1070 992 ipsi
1116 922 1283 977 etiam
1330 920 1423 989 qui
1458 918 1855 990 praedicabant,
1893 918 2095 971 damno

512 1014 689 1069 aﬂ‘ecti
744 1020 954 1078 essent,
1009 1012 1125 1068 suis
1173 1027 1233 1067 se
1263 1011 1479 1067 viribus
1528 1025 1769 1066 errorem
1806 1024 2096 1079 superasse

512 1108 868 1161 arbitrantes.

581 1195 746 1253 Vens.
785 1197 875 1261 '50,
909 1197 999 1252 51.
1043 1215 1060 1247 ε
1090 1195 1169 1250 Ex
1205 1196 1325 1268 ipso
1357 1204 1537 1253 autem
1573 1211 1670 1251 vos
1697 1197 1830 1252 estis
1862 1196 1914 1250 in
1941 1194 2099 1251 Chri-

511 1299 596 1347 sto
655 1288 809 1357 Iesu,
864 1291 957 1361 qui
1016 1290 1198 1346 factus
1250 1298 1335 1347 est
1384 1291 1543 1346 nobis
1595 1290 1866 1360 sapientia
1908 1288 2094 1354 aDeo,

507 1384 750 1451 jnstitia,
778 1392 833 1436 et
863 1381 1252 1447 sanctiﬁcatio,
1286 1392 1340 1437 et
1372 1383 1692 1451 redemptio.
1729 1379 1803 1435 Ut
1834 1380 2099 1450 quemad-

515 1473 736 1527 modum
785 1474 1051 1543 scriptum
1105 1481 1238 1528 est:
1274 1472 1377 1539 Qui
1427 1473 1720 1543 gloriatur,
1767 1471 1821 1525 in
1866 1471 2100 1525 Domino

514 1564 795 1632 glorietur.
834 1583 854 1617 ι
896 1564 981 1619 Ex
1010 1566 1120 1635 ipso
1157 1565 1311 1643 dixit
1360 1580 1469 1618 non
1530 1564 1743 1618 ratione
1778 1562 2098 1627 creationis,

514 1654 610 1709 sed
644 1657 856 1711 ratione
883 1657 1024 1711 data:
1051 1656 1269 1711 salutis.
1307 1656 1467 1728 174
1503 1676 1521 1707 ι
1554 1655 1884 1725 Quicunque
1915 1654 2059 1709 enim
2083 1695 2098 1721 ,

514 1748 716 1816 inquit,
758 1763 883 1802 eum
918 1756 1267 1817 receperunt,
1301 1749 1453 1803 dedit
1482 1749 1564 1803 eis
1595 1756 1925 1819 potestatem
1961 1746 2102 1802 tilios

516 1840 609 1895 Dei
655 1840 796 1905 lieri,
838 1842 908 1896 iis
933 1842 1024 1911 qui
1059 1842 1295 1897 credunt
1326 1842 1382 1897 in
1416 1843 1643 1898 nomine
1680 1843 1824 1911 ejus.
1865 1841 1967 1907 Qui
1993 1855 2099 1894 non

512 1946 577 1985 ex
616 1931 1001 2001 sanguinibus.
1035 1946 1219 2001 neque
1254 1947 1320 1985 ex
1358 1932 1645 1985 voluntate
1676 1930 1884 1993 carnis,
1924 1944 2101 1999 neque

513 2039 580 2077 ex
610 2023 895 2078 voluntate
940 2023 1066 2088 viri,
1113 2023 1209 2078 sed
1256 2038 1321 2077 ex
1370 2022 1477 2076 Deo
1512 2024 1625 2076 nati
1670 2029 1801 2077 sunt
1831 2021 1874 2075 ί.
1910 2039 1928 2071 ι
1964 2019 2103 2085 Quia

513 2113 659 2168 enim
691 2114 849 2181 dixit,
884 2114 1029 2183 quod
1073 2128 1195 2182 qua:
1243 2121 1373 2167 sunt
1408 2112 1573 2165 stulta
1604 2110 1819 2173 mundi,
1854 2118 1907 2164 et
1934 2109 2102 2163 imbe-

516 2205 665 2270 cilla,
700 2212 755 2259 et
798 2203 1088 2275 ignobilia,
1129 2202 1274 2258 Deus
1320 2202 1565 2272 elegerit,
1602 2210 1727 2272 apte
1770 2200 2099 2270 subjunxit:

515 2296 737 2365 Emipso
778 2305 953 2349 autem
982 2312 1075 2349 vos
1109 2292 1259 2359 estis,
1303 2294 1604 2349 collatam‘
1657 2293 1864 2349 docens
1906 2294 2105 2349 nobili-

517 2397 707 2442 tatem.
742 2386 1133 2442 Generationis
1168 2394 1350 2440 autem
1381 2384 1605 2439 modum
1639 2386 1802 2440 etiam
1840 2385 2102 2445 ostendit.

516 2493 644 2533 eum
688 2476 849 2543 dixit,
879 2479 934 2532 in
970 2477 1186 2532 Christo
1227 2473 1380 2529 Iesu.
1427 2474 1549 2530 Non
1594 2476 1742 2530 enim
1776 2476 1846 2530 ab
1880 2475 1988 2529 hoc
2018 2474 2107 2529 vel

519 2571 613 2625 illo
661 2568 1003 2625 denominati
1046 2568 1203 2634 estis,
1240 2567 1334 2623 sed
1375 2581 1472 2637 per
1495 2564 1783 2622 Christum
1814 2580 2106 2635 regenera-

519 2665 672 2717 tione
708 2662 860 2734 digni
889 2661 1026 2717 estis
1054 2659 1252 2715 habiti.
1288 2657 1410 2729 Ipse
1430 2658 1589 2714 vobis
1623 2672 1807 2712 veram
1843 2656 1994 2712 dedit
2015 2672 2106 2713 sa-

521 2755 806 2827 pientiam,
858 2753 978 2825 ipse
1019 2751 1178 2808 vobis
1223 2750 1377 2806 dedit
1419 2750 1805 2806 remissionem
1848 2756 2106 2819 peccato-

519 2864 666 2914 rum,
695 2856 749 2903 et
772 2846 1053 2917 justitiam
1086 2845 1323 2914 largitus
1350 2852 1455 2908 est,
1485 2851 1543 2897 et
1576 2852 1801 2897 sanctos
1867 2841 2048 2896 eﬂ‘ecit
2077 2856 2107 2897 a

518 2939 724 2994 diaboli
759 2936 1057 3011 tyrannide
1082 2936 1368 2997 liberatos.
1404 2933 1677 2990 Convenit
1701 2949 1833 3003 ergo
1864 2949 1961 2990 vos
1993 2935 2109 3004 glo-

520 3032 676 3095 riari,
709 3045 819 3084 non
852 3037 1078 3100 propter
1107 3026 1381 3090 homines,
1420 3025 1516 3081 sed
1555 3033 1778 3096 propter
1810 3025 1977 3081 Deum
2012 3025 2104 3096 qui

523 3122 709 3179 salvos
736 3121 887 3178 fecit.

1122 3209 1352 3268 CAPUT
1390 3208 1456 3265 ll.

591 3305 761 3362 Vens.
793 3305 844 3358 l.
883 3323 903 3357 ι
942 3302 1008 3357 Ει
1035 3317 1137 3374 ego
1171 3317 1295 3357 cum
1323 3301 1597 3356 venissem
1616 3298 1684 3354 ad
1710 3315 1841 3367 vos,
1872 3298 2121 3366 fratres,

522 3401 646 3455 veni
696 3413 806 3453 non
857 3397 913 3452 in
950 3395 1286 3451 sublimitate
1335 3395 1605 3450 sermonis
1652 3402 1745 3447 aut
1800 3393 2104 3463 sapientia‘.

523 3491 862 3549 annuntians
901 3489 1057 3545 vobis
1085 3486 1433 3558 Evangelinm
1466 3484 1581 3540 Dei.
1613 3503 1632 3536 ι
1658 3482 1979 3540 Sermonem
2010 3500 2108 3553 ap-

525 3585 693 3655 pellat
725 3581 1121 3652 eloquentiam,
1163 3577 1487 3648 sapientiam
1517 3590 1669 3641 vero,
1700 3583 1866 3631 artes.
1901 3573 2107 3630 Neutro

525 3680 743 3742 horum,
776 3674 977 3745 inquit,
1003 3688 1143 3728 usus
1166 3686 1312 3732 sum,
1343 3683 1468 3724 cum
1505 3668 1574 3723 ad
1605 3682 1702 3723 vos
1734 3667 2032 3722 venissem.

597 3767 763 3836 Vens.
797 3766 852 3823 2.
898 3783 918 3818 ι
959 3763 1080 3820 Non
1120 3764 1267 3818 enim
1307 3759 1554 3830 judicavi
1590 3775 1675 3814 me
1723 3759 1933 3830 aliquid
1963 3759 2108 3815 scire

522 3860 667 3915 inter
711 3873 829 3921 vos,
880 3855 989 3911 nisi
1046 3852 1237 3910 Jesum
1288 3851 1615 3916 Christum,
1665 3860 1718 3905 et
1748 3850 1894 3905 hunc
1924 3852 2107 3905 cruci-

523 3950 713 4006 ﬁxum.
752 3968 771 4001 ι
804 3947 1077 4003 Praeclare
1122 3945 1310 4016 posuit
1339 3943 1618 4014 judicavi,
1669 3942 1876 3998 docens
1920 3958 1982 3997 se
2011 3959 2109 4014 po-

524 4044 700 4098 tuisse
758 4040 826 4096 de
882 4039 1176 4095 divinitate
1223 4037 1363 4106 apud
1410 4050 1507 4091 eos
1552 4034 1717 4088 verba
1764 4033 1963 4099 facere,
2012 4034 2106 4090 sed

523 4136 696 4190 solam
728 4140 911 4189 tamen
954 4132 1022 4186 de
1065 4130 1450 4186 incarnatione
1479 4127 1790 4182 doctrinam
1828 4126 2103 4192 attulisse,

527 4238 811 4300 propterea
866 4226 1012 4298 quod
1061 4226 1129 4281 tle
1188 4223 1473 4279 Dominiea
1521 4220 1789 4291 passione
1836 4220 2106 4291 gloriare-

527 4330 636 4376 tur.

598 4414 768 4472 Vsus.
809 4417 863 4473 ’5.
907 4434 927 4467 ι
961 4414 1026 4469 Ει
1057 4429 1162 4485 ego
1194 4413 1252 4469 in
1301 4409 1650 4472 infirmitate,
1679 4414 1733 4462 et
1780 4406 2005 4470 timore,
2054 4412 2109 4460 et

536 4522 767 4565 tremore
797 4509 972 4565 multo
1004 4506 1080 4563 fni
1104 4505 1248 4577 apud
1276 4520 1399 4561 vos.
1436 4522 1456 4555 ι
1487 4500 1588 4555 Fui
1617 4498 1759 4570 apud
1790 4514 1885 4554 vos
1915 4513 2108 4569 perpe-

2195 643 2382 699 αὺτοῦ.
2417 665 2434 698 ι
2472 646 2533 699 Ei
2561 646 2669 714 τάο
2691 645 2850 711 εὐθὺς
2881 645 2940 712 ἐξ
2970 646 3144 717 ἀρχῆς
3170 649 3295 711 τοὺς
3328 646 3541 719 πλούτῳ
3566 649 3782 720 κομῶν-

2193 751 2328 799 τας,
2379 737 2474 789 καὶ
2526 739 2813 807 σοφιστικῇ
2861 736 3026 809 τέχνῃ
3069 739 3503 809 σεμνυνομένους
3557 740 3776 804 ἐκλεεά-

2201 844 2359 897 μενος
2392 827 2638 899 ἀπέφηνε
2681 832 2947 899 κήρυκας,
2980 830 3040 881 οὐ
3087 830 3244 899 μόνον
3291 830 3340 882 οἱ
3387 830 3775 898 ἀντιλέγοντες,

2198 919 2335 972 ἀλλά
2356 921 2451 974 καὶ
2481 922 2634 974 αὐτοὶ
2663 920 2728 974 ἂν
2758 920 3065 991 ἐϐλάϐησαν
3097 922 3145 974 οί
3168 921 3547 992 κηρύττοντες,
3570 923 3658 977 διὰ
3682 924 3778 995 τὴν

2199 1013 2470 1084 σφετέραν
2501 1012 2730 1082 δύναμιν
2770 1012 3227 1084 περιγεγενῆσθαι
3266 1014 3364 1082 τῆς
3394 1014 3601 1085 πλάνης
3629 1017 3777 1086 νομί-

2199 1103 2401 1168 ζοντες.

2270 1196 2333 1263 λ’,
2368 1196 2467 1249 λα’.
2516 1215 2534 1247 ι
2572 1196 2660 1260 Ἐξ
2693 1195 2856 1249 αὐτοῦ
2883 1196 2939 1249 δέ
2982 1195 3139 1266 ὑμεῖς
3173 1196 3294 1249 ἐστε
3338 1198 3394 1249 ἐν
3423 1198 3643 1269 Χριστῷ
3674 1198 3781 1268 Ἰη-

2201 1285 2318 1352 σοῦ,
2367 1287 2424 1350 ὃς
2458 1287 2729 1359 ἐγενήθη⁹
2768 1289 2897 1358 ἡμῖν
2934 1287 3095 1354 σοφία
3139 1286 3248 1340 ἀπὸ
3278 1284 3434 1350 Θεοῦ,
3467 1287 3779 1360 δικαιοσύνη

2199 1399 2257 1435 τε
2296 1383 2390 1435 καὶ
2426 1382 2716 1452 ἁγιασμὸς,
2760 1383 2854 1435 καὶ
2901 1380 3297 1450 ἀπολύτρωσις.
3333 1379 3531 1443 Καθὼς
3572 1381 3780 1451 γέγρα-

2201 1495 2334 1530 πται
2361 1493 2376 1506 ·
2414 1477 2473 1531 '0
2502 1475 2859 1547 καυχώμενος
2887 1477 2944 1528 ἐν
2973 1474 3162 1545 Κυρίῳ
3187 1474 3505 1544 καυχάσθω.
3544 1493 3561 1525 ι
3607 1474 3682 1527 Τὸ
3714 1474 3784 1539 ἐξ

2203 1567 2389 1622 αὐτοῦ
2439 1569 2500 1620 οὐ
2547 1566 2689 1621 κατά
2720 1567 2811 1620 τὸν
2852 1566 3210 1637 δημιουργίας
3256 1566 3360 1636 ἔφη
3408 1563 3599 1633 λόγον,
3649 1565 3791 1619 ἀλλά

2202 1662 2343 1716 κατά
2370 1661 2460 1715 τὸν
2492 1660 2591 1730 τῆς
2636 1659 2928 1731 σωτηρίας.
2978 1678 2995 1710 ι
3021 1660 3171 1712 Ὅσοι
3201 1658 3331 1729 γὰρ,
3364 1658 3547 1728 φησιν,
3593 1658 3793 1712 ἔλαϐον

2203 1752 2387 1816 αὐτὸν,
2434 1752 2632 1807 ἔδωκεν
2663 1753 2845 1816 αὐτοῖς
2879 1749 3126 1818 ἐξουσίαν
3154 1750 3319 1803 τέκνα
3347 1749 3481 1803 Θεοῦ
3512 1749 3790 1825 γενέσθαι,

2202 1850 2314 1911 τοῖς
2346 1847 2695 1900 πιστεύουσιν
2746 1846 2826 1909 είς
2854 1844 2916 1898 τὸ
2942 1844 3112 1912 ὄνομα
3148 1841 3313 1897 αὑτοῦ
3340 1859 3353 1873 ·
3401 1841 3452 1894 οἳ
3481 1842 3581 1894 οὐκ
3611 1840 3671 1906 ἐξ
3703 1842 3794 1896 αἰ-

2209 1940 2412 2010 μάτων,
2438 1938 2557 1992 οὐδέ
2584 1939 2646 1991 ἐκ
2673 1936 2974 2007 θελήματος
3000 1936 3223 2007 σαρκὸς,
3249 1934 3369 1988 οὐδὲ
3394 1936 3458 1988 ἐκ
3480 1935 3796 2005 θελήματος

2204 2031 2414 2102 ἀνδρὸς,
2455 2029 2569 2085 ἀλλ’
2614 2027 2678 2084 ἐκ
2728 2028 2864 2083 Θεοῦ
2904 2029 3292 2101 ἐγεννήθησαν,
3342 2047 3360 2080 ι
3421 2027 3637 2099 Ἐπειδὴ
3684 2027 3801 2099 γὰρ

2206 2120 2378 2190 εἶπεν,
2411 2124 2493 2177 ὅτι
2522 2122 2589 2177 τά
2623 2121 2778 2193 μωρά
2809 2120 2903 2174 τοῦ
2950 2121 3179 2191 κόσμου,
3212 2121 3307 2174 καὶ
3334 2119 3403 2174 τά
3444 2119 3666 2191 ἀσθενῆ,
3702 2120 3802 2173 καὶ

2204 2218 2273 2271 τὰ
2306 2217 2475 2286 ἀγενῆ
2527 2215 2811 2281 ἐξελέξατο
2851 2214 2879 2266 ό
2912 2213 3065 2278 Θεὸς,
3110 2213 3426 2282 ἀναγκαίως
3468 2212 3758 2282 ἐπήγαγεν
3784 2224 3799 2239 ’

2219 2311 2322 2374 Ἐξ
2344 2309 2529 2364 αὑτοῦ
2559 2307 2627 2362 δὲ
2652 2310 2822 2378 ὑμεῖς
2849 2309 3012 2371 ἐστε,
3042 2307 3139 2379 τὴν
3166 2304 3501 2377 δωρηθεῖσαν
3526 2303 3805 2357 διδάσκων

2207 2401 2508 2470 εὐγένειαν.
2547 2399 2829 2466 ’Υπέδειξε
2864 2399 2922 2453 δέ
2956 2397 3171 2452 καὶτὸν
3203 2397 3300 2468 τῆς
3329 2396 3633 2466 γεννήσεως
3667 2394 3805 2464 τρό-

2207 2510 2309 2548 πον
2343 2492 2511 2545 εἰπὼν
2552 2492 2649 2545 Ἐν
2686 2490 2919 2561 Χριστῷ
2957 2489 3181 2558 Ἰησοῦ.
3224 2488 3299 2541 Οὐ
3327 2487 3438 2557 γὰρ
3468 2490 3525 2542 ἐν
3553 2484 3633 2557 τῷ
3663 2485 3804 2540 δεῖνι

2207 2584 2299 2636 καὶ
2334 2583 2468 2637 δεῖνι
2498 2580 2924 2652 ἐπονομάζεσθε,
2965 2580 3079 2634 ἀλλ’
3122 2581 3179 2632 ἐν
3209 2578 3287 2649 τῷ
3320 2577 3542 2649 Χριστῷ
3570 2578 3807 2645 ἀναγεν-

2207 2675 2415 2748 νήσεως
2442 2674 2731 2746 ἡξιώθητε.
2762 2672 2932 2736 Αὐτὸς
2962 2674 3089 2743 ὑμῖν
3114 2671 3208 2743 τὴν
3236 2669 3412 2741 ἀληθῆ
3448 2671 3640 2739 σοφίαν
3666 2669 3808 2726 ἔρδω-

2213 2767 2437 2838 ρήσατο,
2487 2765 2649 2829 αὐτὸς
2697 2765 2825 2836 ὑμῖν
2869 2763 2979 2817 τῶν
3025 2761 3441 2834 ἁμαρτημάτων
3468 2760 3568 2831 τὴν
3600 2759 3809 2829 ἄφεσιν

2208 2858 2520 2930 ἐχαρίσατο,
2572 2857 2666 2911 καὶ
2694 2856 2795 2925 τῆς
2825 2853 3171 2924 δικαιοσύνης
3210 2851 3431 2923 ἠξίωσε,
3484 2852 3576 2906 καὶ
3607 2852 3809 2920 ἀγίους

2209 2951 2490 3020 ἀπέφηνεν
2518 2951 2581 3002 ἐκ
2614 2949 2712 3020 τῆς
2745 2947 2838 3002 τοῦ
2867 2947 3117 3002 διαΰόλου
3141 2944 3561 3017 λυτρωσάμενος
3588 2962 3806 3016 τυραν-

2210 3042 2370 3107 νίδος.
2416 3042 2691 3113 Προσήκει
2725 3039 2904 3094 τοίνυν
2938 3040 3080 3110 ὑμᾶς
3114 3037 3189 3109 μὴ
3234 3037 3321 3090 ἐπ’
3349 3036 3658 3108 ἀνθρώποις
3692 3037 3807 3090 αὖ·

2211 3139 2345 3208 χεῖν,
2378 3134 2492 3189 ἀλλ’
2521 3135 2615 3188 ἐπὶ
2641 3132 2719 3204 τῷ
2761 3130 3022 3187 σεσωκότι
3050 3129 3189 3201 Θεῷ.

2754 3222 3153 3279 ΚΕΦΔΛΔΙΟΝ
3189 3221 3265 3274 B'.

2286 3328 2354 3376 α’.
2403 3339 2421 3373 ι
2454 3318 2623 3388 Κάγὼ
2667 3315 2835 3371 ἐλθὼν
2876 3316 3011 3387 πρὸς
3061 3314 3228 3384 ὑμᾶς,
3278 3312 3515 3382 ἀδελφοὶ,
3545 3307 3712 3382 ἦλθον
3749 3313 3812 3366 οὐ

2216 3413 2339 3466 καθ’
2370 3410 2644 3482 ὑπεροχὴν
2693 3409 2876 3477 λόγου,
2916 3407 2949 3479 ἢ
2986 3406 3201 3475 σοφίας,
3248 3403 3628 3473 καταγγέλλων
3670 3404 3814 3474 ὑμῖν

2214 3502 2275 3556 τὸ
2301 3502 2632 3571 Εὑαγγέλιον
2660 3500 2754 3554 τοῦ
2781 3498 2939 3553 Θεοῦ.
2972 3517 2990 3550 ι
3024 3498 3194 3566 Λόγον
3219 3495 3316 3568 τὴν
3346 3495 3676 3564 εὐγλωττίαν
3709 3494 3812 3548 λέ-

2214 3608 2339 3663 γει⁶
2393 3593 2583 3662 σοφίαν
2616 3591 2673 3645 δὲ
2704 3592 2812 3645 τῶν
2860 3589 3052 3658 λόγων,
3105 3587 3203 3660 τὴν
3258 3588 3471 3658 τέχνην.
3520 3586 3815 3659 Οὐδετέρῳ

2214 3686 2442 3752 τούτων,
2491 3686 2675 3757 φησιν,
2726 3682 3047 3754 ἐχρησάμην
3088 3680 3227 3751 πρὸς
3257 3681 3399 3751 ὑμᾶς
3448 3678 3811 3750 ἀφικόμενος.

2288 3779 2351 3849 β’.
2399 3796 2418 3830 ι
2448 3778 2521 3831 Οὐ
2564 3775 2672 3846 γὰρ
2703 3775 2891 3846 ἔκρινα
2915 3773 3007 3827 τοῦ
3043 3773 3239 3826 εἰδέναι
3272 3789 3324 3825 τι
3355 3773 3412 3824 ἐν
3450 3772 3598 3841 ὑμῖν,
3631 3772 3679 3823 εἰ
3726 3772 3812 3843 μὴ

2228 3870 2432 3943 Ἰησοῦν
2454 3869 2709 3940 Χριστὸν,
2743 3868 2835 3921 καὶ
2860 3865 3047 3920 τοῦτον
3073 3862 3511 3936 ἐσταυρωμένον.
3542 3882 3560 3916 ι
3599 3862 3814 3928 Καλῶς

2215 3961 2274 4016 τὸ
2323 3960 2534 4027 ἔκρινα
2590 3956 2822 4020 τέθεικε,
2870 3955 3136 4008 διδάσκων
3188 3954 3262 4017 ὡς
3302 3953 3534 4025 ἠδύνατο
3574 3949 3813 4009 καὶτὸν

2218 4054 2348 4122 περὶ
2380 4052 2478 4121 τῆς
2509 4049 2789 4117 θεολογίας
2828 4047 3010 4111 αὐτοῖς
3044 4045 3202 4114 λόγον
3241 4047 3648 4118 προσενεγκεῖν·
3681 4044 3813 4098 ἀλλ’

2213 4145 2362 4213 ὅμως
2398 4142 2567 4212 μόνην
2604 4138 2704 4209 τήν
2748 4138 2877 4209 περὶ
2910 4138 3010 4208 τῆς
3049 4137 3361 4208 οἰκονομίας
3398 4138 3694 4207 ἐποιήσατο
3723 4137 3814 4191 δι-

2213 4233 2529 4299 δασκαλίαν,
2565 4234 2659 4287 ἐπὶ
2701 4232 2779 4305 τῷ
2821 4230 3134 4303 Δεσποτικῷ
3176 4230 3571 4304 σεμνυνόμενος
3612 4230 3808 4286 πάθει.

2278 4418 2347 4481 γ’.
2394 4429 2413 4462 ι
2442 4410 2552 4464 Καὶ
2593 4407 2704 4477 ἐγὼ
2744 4407 2802 4463 ἐν
2852 4406 3129 4479 ἀσθενείᾳ,
3167 4408 3262 4462 καὶ
3305 4409 3363 4462 ἐν
3404 4407 3575 4477 φόϐῳ,
3610 4408 3707 4463 κειιὶ¹
3744 4412 3809 4465 ἐν

2214 4505 2402 4577 τρόμῳ
2446 4500 2625 4571 πολλῷ
2657 4502 2924 4572 ἐγενόμην
2966 4499 3105 4571 πρὸς
3153 4500 3317 4571 ὑμᾶς.
3358 4518 3377 4552 ι
3419 4499 3807 4570 Αίκιζόμενος,

530 4616 625 4659 tuo
659 4602 901 4673 injuriis.
933 4597 1339 4668 tormentisque
1390 4592 1641 4655 allectus,
1697 4599 1753 4646 et
1802 4589 1859 4643 in
1887 4604 2103 4646 carcere

2215 4600 2310 4653 καὶ.
2344 4594 2793 4668 στρεϐλούμενος,
2833 4594 2928 4647 καὶ
2962 4592 3393 4664 καθειργόμενος
3428 4590 3727 4647 διετέλεσα.

532 4694 692 4768 175
722 4694 994 4749 inclusus.

602 4784 768 4841 Vens.
800 4786 853 4840 4.
896 4803 913 4836 ι
952 4768 1233 4837 Etsermo
1265 4791 1457 4839 meus,
1504 4784 1559 4827 et
1610 4773 1927 4843 praedicatio
1967 4785 2110 4836 mea,

531 4894 641 4934 non
692 4878 747 4933 in
779 4872 1242 4948 persuasibilibus
1297 4868 1553 4922 humanm
1584 4865 1870 4935 sapientia:
1900 4863 2110 4928 verbis,

531 4970 626 5027 sed
680 4972 735 5025 in
779 4967 1100 5025 ostensione
1154 4961 1386 5031 spiritus
1423 4966 1477 5013 et
1506 4957 1732 5013 virtutis
1762 4958 1806 5010 ί.
1849 4976 1867 5009 ι
1900 4956 2111 5011 Praedi-

530 5060 735 5119 catiOni
775 5059 924 5116 enim
961 5051 1339 5111 testimonium
1372 5048 1584 5104 ferebat
1612 5046 1914 5102 multitudo
1942 5045 2113 5100 mira-

531 5156 779 5210 culorum
840 5164 962 5222 quze
1000 5145 1205 5202 ﬁebant
1254 5157 1283 5197 a
1330 5142 1560 5213 Spiritu.
1600 5137 1766 5194 Valde
1795 5147 1976 5192 autem
2014 5153 2114 5208 ap-

533 5247 713 5316 posite
779 5257 902 5297 cum
978 5236 1300 5309 passionum
1365 5231 1748 5289 imbecillitate
1805 5230 2109 5301 potentiam

534 5337 777 5410 Spiritus
800 5330 1109 5401 conjunxit.

612 5523 627 5563 ἱ
666 5518 827 5573 Joan.
867 5531 912 5577 ι,
950 5511 1037 5574 ιε,
1073 5510 1157 5563 15.

2279 4777 2339 4831 δ’.
2386 4795 2404 4828 ι
2436 4777 2546 4830 Καὶ
2585 4776 2613 4828 ὁ
2650 4774 2808 4842 λόγος
2848 4789 2971 4842 μου,
3008 4771 3100 4824 καὶ
3128 4769 3189 4824 τὸ
3221 4769 3485 4842 κήρυγμά
3527 4787 3651 4839 μου,
3696 4772 3807 4828 οὐκ

2211 4869 2268 4920 ἐν
2294 4866 2500 4930 πειθοῖς
2528 4864 2875 4938 ἀνθρωπίνης
2897 4863 2939 4895 ¹⁰
2976 4862 3168 4930 σοφίας
3198 4861 3396 4929 λόγοις,
3429 4861 3543 4914 ἀλλ’
3578 4864 3635 4915 ἐν
3662 4863 3808 4916 ἀπο-

2211 4960 2373 5027 δείξει
2406 4957 2724 5026 Πνεύματος
2764 4955 2858 5007 καὶ
2904 4953 3200 5024 δυνάμεως.
3241 4970 3259 5005 ι
3328 4951 3657 5023 Ἐμαρτύρει
3688 4954 3806 5025 γὰρ

2211 5053 2289 5121 τῷ
2315 5051 2630 5123 κηρύγματι
2654 5049 2687 5117 ἡ
2709 5045 3119 5116 θαυματουργία
3139 5044 3230 5098 τοῦ
3260 5043 3576 5115 Πνεύματος
3600 5060 3616 5076 ⁸
3650 5044 3808 5115 μάλα

2212 5143 2269 5196 δὲ
2299 5140 2570 5213 ἁρμοδίως
2603 5135 2860 5202 συνέταξε
2904 5137 2973 5207 τῇ
3006 5134 3259 5206 ἀσθενείᾳ
3305 5133 3414 5189 τῶν
3451 5134 3807 5206 παθημάτων

2211 5228 2307 5303 τὴν
2342 5229 2435 5282 τοῦ
2473 5227 2785 5299 Πνεῦμα-τος
2818 5224 3061 5293 δύναμιν.
3470 5240 3475 5244 ·

1937 5658 2171 5716 VARIzE
2200 5657 2595 5715 LECTIONES.

602 5786 621 5812 '
656 5786 811 5858 ἐδόθη
862 5782 1071 5858 'l‘lieod.
1114 5780 1206 5858 _ad
1260 5782 1398 5858 psal.
1433 5775 1723 5843 xcnl,15;
1781 5774 1889 5846 [εει.
1950 5790 2058 5841 xu,
2091 5775 2146 5840 2,
2172 5783 2224 5830 et
2251 5773 2385 5830 Dan.
2423 5788 2498 5839 Ix,
2527 5772 2615 5826 24.
2665 5772 2914 5841 Ἐγένετο
2956 5770 3119 5826 habet
3167 5769 3367 5841 dialog.
3400 5770 3451 5837 7,
3489 5783 3610 5840 pag.
3665 5767 3801 5831 tos.

538 5857 555 5883 '
579 5858 748 5915 Garn.
801 5848 870 5889 ’⁸ο
896 5853 1050 5926 ἀνθρ.
1080 5850 1231 5906 abest
1266 5863 1295 5901 a
1323 5848 1381 5901 Β.
