4034 6388
252 375 361 442 261

1124 384 1734 447 INTERPRETATIO
1762 387 1999 449 EPIST.
2032 389 2061 448 Ι
2097 390 2195 450 AD
2231 390 2397 452 COR.
2440 392 2597 453 CAP.
2634 393 2714 452 II.

3428 391 3536 456 2&2

325 499 388 547 ε’.
421 510 444 544 ι
468 491 589 546 Ἵνα
616 493 653 563 ἡ
681 494 872 556 πίστις
897 494 1055 565 ὑμῶν
1089 495 1164 565 μὴ
1260 500 1318 550 ὲν
1346 498 1508 568 σοφίᾳ
1538 499 1860 569 ἀνθρώπων,
1897 508 1913 560 Α

2040 500 2208 557 Vens.
2247 504 2298 557 5.
2341 521 2359 552 ι
2399 503 2464 558 Ut
2504 504 2637 558 fides
2678 511 2859 557 vestra
2899 518 3008 558 non
3062 503 3136 559 sit
3176 504 3233 558 in
3266 506 3539 574 sapientia

256 584 375 639 ἀλλ’
396 587 455 638 ὲν
480 584 717 655 δυνάμει
738 586 901 640 Θεοῦ.
939 606 958 638 ι
998 587 1202 640 Τούτου
1231 589 1340 661 γὰρ
1369 591 1528 660 χάριν
1560 593 1659 644 οὐκ
1681 592 1862 645 εἴασεν

258 677 408 746 ἡμᾶς
454 676 772 749 εὐγλωττίᾳ
814 679 1128 749 χρήσασθαι
1176 682 1205 732 ὁ
1240 681 1540 747 Δεσπότης,
1591 683 1678 735 ἵνα
1713 684 1865 752 ὑμῶν

266 767 304 836 ἡ
340 765 524 827 πίστις
572 766 897 831 ἀνύποπτος
943 769 1221 839 φαίνηται,
1269 772 1330 823 οὐ
1380 772 1643 841 δεινότητι
1688 772 1866 841 λόγων

276 855 609 927 ὑπαχθεῖσα,
639 858 780 913 ἀλλὰ
812 861 881 930 τῇ
916 859 1145 932 δυνάμει
1178 861 1549 934 ποδηγηθεῖσα
1578 863 1672 917 τοῦ
1706 863 1869 917 Πνεῦ-

279 967 461 1022 ματος.

341 1046 414 1106 ς’.
462 1060 482 1093 ι
514 1041 728 1110 Σοφίαν
758 1042 815 1095 δὲ
839 1039 1109 1114 λαλοῦμεν
1139 1045 1198 1097 ὲν
1230 1046 1341 1109 τοῖς
1379 1044 1605 1110 τελείοις
1625 1062 1638 1075 ·
1677 1046 1870 1116 σοφίαν

270 1132 347 1198 δὲ,
398 1133 464 1187 οὐ
499 1132 600 1187 τοῦ
653 1134 851 1197 αίῶνος
885 1134 1099 1201 τούτου,
1144 1136 1266 1189 οὐδὲ
1313 1136 1424 1190 τῶν
1456 1139 1729 1208 ἀρχόντων
1776 1139 1871 1192 τοῦ

271 1222 468 1287 αἰῶνος
510 1224 713 1277 τούτου
757 1224 870 1278 τῶν
904 1228 1392 1300 καταργουμένων.
1439 1249 1458 1282 ι
1509 1231 1729 1303 Ἐπειδὴ
1761 1249 1873 1302 μω-

273 1314 395 1384 ρίαν
426 1315 488 1367 ὲν
521 1319 645 1380 τοῖς
674 1317 913 1387 πρόσθεν
940 1318 1001 1373 τὸ
1043 1320 1306 1390 κήρυγμα
1343 1322 1774 1393 προσηγόρευσε,
1806 1325 1872 1395 τῇ

270 1403 428 1475 παρὰ
465 1405 584 1459 τῶν
617 1408 869 1461 ἀπίστων
900 1410 1318 1483 προσφερομένῃ
1366 1414 1706 1485 προσηγορίᾳ
1737 1432 1875 1486 χρη-

270 1496 539 1566 σάμενος,
572 1499 892 1568 ἀναγκαίως
916 1502 1159 1557 δείκνυσι
1180 1501 1341 1558 τοῦτο
1371 1506 1562 1575 σοφίαν
1587 1506 1680 1560 καὶ
1699 1506 1757 1560 δν
1780 1506 1877 1560 καὶ

269 1587 624 1659 καλούμενον
673 1592 826 1663 παρὰ
868 1596 981 1657 τοῖς
1030 1594 1297 1666 εἰλικρινῆ
1328 1597 1423 1651 καὶ
1467 1596 1681 1651 τελείαν
1724 1597 1877 1663 δεξα-

276 1681 466 1749 μένοις
502 1681 716 1737 πίστιν.
767 1685 1068 1755 ’Δρχοντας
1110 1686 1168 1740 δὲ
1207 1686 1300 1740 τοῦ
1348 1688 1562 1754 αίῶνος,
1619 1689 1878 1759 σοφιστὰς

1968 589 2279 658 hominum,
2310 594 2402 648 sed
2432 594 2497 647 irr
2514 594 2722 649 virtute
2754 594 2868 647 Dei.
2909 612 2926 645 ι
2960 592 3071 648 Hac
3100 594 3245 648 enim
3276 594 3342 649 de
3370 610 3539 649 causa

1966 693 2077 733 non
2113 681 2364 749 permisit
2393 680 2658 736 Dominus
2691 698 2792 737 nos
2826 683 2901 735 uti
2933 683 3248 752 eloquentia
3275 725 3289 749 ,
3320 692 3377 737 ut
3409 683 3543 737 fides

1967 780 2152 824 vestra
2198 773 2350 825 omni
2412 773 2734 842 suspicione
2778 784 2998 838 careat,
3042 782 3102 828 ut
3148 790 3271 844 (piae
3329 791 3436 828 non
3490 772 3590 829 vi-

1969 862 2262 916 verborum
2321 864 2588 934 abrepta,
2652 863 2748 918 sed
2821 862 3065 934 Spiritus
3122 865 3326 919 virtute
3381 854 3586 919 indu..‘

1970 957 2056 1004 cta
2081 951 2174 1007 sit.

2041 1041 2205 1098 Vens.
2242 1044 2295 1099 6.
2347 1063 2365 1096 ι
2426 1043 2766 1115 Sapientiam
2825 1054 3005 1099 autem
3065 1044 3345 1114 loquimur
3404 1044 3549 1099 inter

1973 1133 2253 1203 perfectos
2300 1152 2313 1186 :
2363 1135 2691 1205 sapientiam
2754 1151 2882 1191 vero
2940 1151 3053 1189 non
3110 1135 3277 1204 hujus
3335 1135 3546 1195 saeculi,

1974 1241 2151 1295 neque
2180 1227 2492 1297 principum
2529 1226 2698 1296 hujus
2726 1225 2934 1292 saeculi,
2982 1226 3076 1295 qui
3114 1226 3502 1281 destruuntur.
3525 1243 3544 1276 ι

1975 1320 1995 1340 ⁹
2020 1315 2293 1383 Quoniam
2333 1305 2780 1386 praedicationem
2824 1322 2983 1371 antea
3028 1315 3325 1370 stultitiam
3363 1313 3552 1385 appel-

1977 1407 2137 1472 lavit,
2168 1422 2232 1462 ea
2265 1423 2402 1463 usus
2429 1407 2817 1477 appellatione,
2856 1421 3020 1476 quam
3049 1406 3298 1460 inlideles
3332 1406 3554 1476 excogi-

1979 1506 2183 1563 tarant,
2213 1497 2338 1568 jure
2367 1497 2612 1553 ostendit
2642 1498 2792 1551 illam
2826 1512 2952 1553 esse
2986 1508 3043 1553 et
3084 1497 3192 1551 dici
3228 1496 3555 1565 sapientiam

1979 1585 2047 1640 ab
2073 1587 2143 1643 iis
2169 1587 2262 1656 qui
2288 1589 2562 1643 sinceram
2589 1598 2642 1641 et
2664 1585 2967 1658 perfectam
2987 1585 3150 1640 tidem
3170 1595 3557 1656 susceperunt.

1974 1674 2270 1748 Principes
2306 1685 2490 1733 autem
2518 1677 2710 1734 saeculi
2743 1677 2985 1748 appellat
3011 1677 3316 1747 sophistas,
3347 1684 3560 1747 poetas.

271 1770 451 1839 λέγει.
484 1774 585 1826 καὶ
610 1775 865 1845 ποιητὰς,
897 1777 992 1830 καὶ
1021 1777 1366 1848 φιλοσόφους,
1403 1780 1497 1833 καὶ
1527 1780 1782 1851 ῥήτορας,
1804 1781 1881 1846 ὡς

1996 1769 2347 1841 philosophos
2394 1778 2449 1825 et
2502 1777 2776 1836 oratores,
2815 1777 2876 1824 ut
2916 1769 3009 1839 qui
3052 1769 3124 1824 ob
3165 1769 3304 1824 bene
3338 1766 3564 1823 dicendi

278 1862 344 1914 ὲκ
381 1865 487 1932 τῆς
518 1862 864 1932 εὐγλωττίας
892 1868 1034 1923 κατὰ
1063 1870 1156 1924 τὸν
1188 1871 1432 1943 παρόντα
1461 1848 1704 1942 βίονήτην
1736 1891 1882 1947 περι·
1913 1848 1955 1903 Β
1982 1863 2091 1918 Vim
2135 1863 2190 1934 ἱη
2220 1864 2322 1920 hac
2348 1863 2461 1919 νίῑὲ
2490 1864 2626 1918 01³ΐὶ
2660 1864 2791 1919 δίπη-

279 1952 517 2020 φάνειαν
547 1953 795 2024 ἔχοντας.

346 2042 415 2106 ς’.
463 2061 485 2094 ι
539 2044 708 2099 Ἀλλὰ
756 2047 1024 2119 λαλοῦμεν
1074 2050 1265 2120 σοφίαν
1319 2052 1453 2107 Θεοῦ
1492 2055 1551 2108 ἐν
1598 2053 1883 2126 μυστηρίῳ

278 2132 377 2201 τὴν
408 2134 449 2165 ¹¹
503 2132 1038 2211 ἀποκεκρυμμένην,
1086 2140 1155 2211 ἥν
1184 2142 1503 2213 ¹προώρισεν
1541 2146 1569 2197 6
1612 2144 1744 2208 Θεὸς
1778 2145 1886 2216 πρὸ

278 2224 392 2277 τῶν
419 2226 642 2280 αἰώνων
676 2230 757 2291 είς
783 2229 941 2294 δόξαν
964 2232 1144 2303 ἡμῶν.
1175 2252 1195 2286 ι
1228 2235 1301 2288 Οὐ
1336 2236 1495 2289 τοῦτο
1520 2236 1686 2306 λέγει,
1716 2238 1798 2291 ὅτι
1829 2239 1887 2292 ὲν

289 2317 579 2388 μυστηρίῳ
629 2318 925 2390 λαλοῦμεν,
975 2323 1114 2377 ἀλλά
1145 2324 1243 2397 τὴν
1285 2327 1787 2399 ἀποκεκρυμμένην
1826 2329 1890 2383 ὲν

296 2409 582 2481 μυστηρίῳ
617 2410 815 2479 σοφίαν
855 2415 968 2477 τοῖς
1007 2414 1317 2486 ἀνθρώποις
1349 2420 1733 2490 προσφέρομεν
1758 2437 1771 2451 ⁸
1821 2421 1887 2492 ἢν

295 2501 393 2553 οὐκ
419 2500 658 2565 ἑκτινος
707 2505 1072 2573 μεταμελείας
1120 2506 1216 2561 νῦν
1267 2510 1296 2562 6
1337 2509 1468 2572 Θεὸς
1516 2509 1885 2583 ᾠκονόμησεν,

293 2590 407 2644 ἀλλ’
440 2591 658 2646 ἄνωθεν
694 2594 790 2647 καὶ
842 2595 904 2660 ἐξ
949 2584 1129 2668 ἀρχῆς
1179 2597 1454 2671 προώρισε
1499 2602 1599 2673 τὴν
1642 2604 1890 2660 ἐντεῦθεν

292 2684 421 2754 ἡμῖν
478 2686 1014 2757 πραγματευόμενος
1052 2688 1230 2756 δόξαν.
1278 2692 1353 2745 Οὐ
1404 2692 1515 2764 γὰρ
1568 2694 1734 2764 μόνην
1792 2714 1892 2750 σω-

283 2773 508 2845 τηρίαν,
542 2774 688 2829 ἀλλά
713 2777 807 2831 καὶ
836 2777 994 2844 δόξαν
1017 2784 1246 2852 χορηγεῖ
1271 2785 1381 2846 τοῖς
1416 2786 1783 2841 πιστεύουσιν.

356 2959 430 3026 η’.
479 2974 501 3007 ι
535 2956 642 3009 Ἦν
663 2958 707 2989 ¹²
740 2958 916 3023 οὐδεὶς
947 2959 1059 3016 τῶν
1090 2963 1369 3034 ἀρχόντων
1414 2965 1511 3019 τοῦ
1542 2965 1738 3031 αἰῶνος
1772 2967 1894 3022 τού·
1974 2956 1979 2961 ’

282 3059 381 3096 του
413 3043 667 3111 ἔγνωκεν
694 3062 708 3075 ·
763 3049 814 3100 εί
858 3048 968 3119 γὰρ
1006 3049 1270 3119 ἔγνωσαν,
1312 3053 1413 3108 οὐκ
1445 3054 1512 3109 ἂν
1553 3057 1645 3110 τὸν
1691 3056 1894 3129 Κύριον

284 3136 387 3206 τῆς
419 3135 590 3207 δόξης
619 3136 1005 3211 ἐσταύρωσαν.
1037 3161 1058 3194 ι
1094 3144 1396 3215 Ἀρχοντας
1426 3146 1520 3201 τοῦ
1547 3149 1742 3212 αἰῶνος
1772 3149 1895 3203 τού-

283 3201 381 3281 του
425 3201 877 3300 προσηγόρευσε,
924 3231 1018 3287 τὸν
1070 3201 1322 3300 [Iul-620v,
1369 3201 1460 3291 τὸν
1502 3201 1896 3310 mosque»;
1923 3201 1966 3257 c

291 3319 520 3384 Ἄνναν,
547 3321 646 3374 τὸν
675 3322 960 3393 Καϊάφαν,
991 3325 1087 3378 καὶ
1113 3326 1238 3391 τοὺς
1261 3328 1454 3394 ἄλλους
1481 3330 1591 3385 τῶν
1627 3332 1897 3403 Ἰουδαίων

289 3407 590 3481 ἄρχοντας.
637 3410 880 3477 Τούτους
910 3412 971 3467 δὲ
1005 3413 1154 3483 λέγει
1180 3416 1241 3469 τὸ
1274 3416 1413 3471 θεῖον
1437 3419 1763 3490 ἠγνοηκέναι
1800 3439 1901 3493 μυ-

299 3499 553 3571 στήριον,
593 3501 693 3554 καὶ
722 3499 814 3555 διὰ
843 3501 1007 3557 τοῦτο
1031 3503 1125 3557 τὸν
1154 3506 1432 3577 Δεσπότην
1462 3509 1895 3576 ὲσταυρωκὲναι.

308 3584 381 3645 Οἵ)
432 3592 496 3664 δὴ
541 3592 715 3664 χάριν
769 3593 866 3647 καὶ
915 3596 944 3648 6
1001 3595 1207 3665 Κύριος
1258 3597 1658 3670 σταυρούμενος
1705 3601 1897 3668 ἔλεγε⁸

323 3682 551 3753 ιῐιίιτερ,
586 3683 731 3753 ἄφες
780 3685 987 3751 αὐτοῖς,
1026 3686 1087 3740 οὐ
1117 3687 1227 3760 γὰρ
1268 3688 1439 3743 οἴδασι
1472 3690 1526 3743 τί
1573 3692 1834 3745 ποιοῦσιν.
1878 3711 1897 3744 ι

316 3770 376 3825 Ei
406 3774 509 3845 γὰρ
532 3776 792 3845 ἔγνωσαν
832 3776 909 3842 ὠς
953 3779 1016 3831 τὸ
1043 3781 1310 3851 σωτήριον
1344 3782 1535 3848 πάθος,
1576 3785 1771 3847 αὐτοὺς
1804 3784 1904 3853 μὲν

309 3866 386 3926 είς
432 3866 530 3936 τὴν
577 3866 918 3938 οἰκουμένην
959 3868 1335 3936 διασκεδάσει,
1382 3872 1482 3940 τῆς
1527 3872 1583 3924 δὲ
1630 3874 1904 3945 σωτηρίας

302 3954 610 4023 μεταδώσει
635 3958 755 4020 τοῖς
785 3955 1019 4023 ἔθνεσιν,
1063 3958 1164 4010 οὐκ
1196 3958 1262 4021 ἂν
1288 3960 1349 4013 τὸ
1373 3960 1542 4025 πάθος
1573 3962 1902 4033 ἐτόλμησαν.

297 4047 394 4099 Διὶ
440 4047 610 4102 τοῦτο
664 4046 1002 4119 συγγνώμης
1038 4050 1232 4115 αὐτοὺς
1280 4051 1309 4103 6
1352 4052 1635 4123 Δεσπότης
1681 4053 1902 4122 ἠξίωσε.

295 4138 453 4192 Μετά
486 4141 684 4210 μέντοι
712 4140 814 4211 τὴν
858 4142 923 4194 ὲκ
959 4143 1168 4213 νεκρῶν
1216 4143 1531 4207 ἀνάστασιν,
1572 4144 1668 4198 καὶ
1700 4145 1797 4211 τὴν
1827 4147 1908 4211 είς

297 4232 567 4301 οὐρανοὺς
596 4230 894 4302 ἀνάληψιν,
921 4234 1016 4286 καὶ
1044 4233 1142 4305 τὴν
1173 4234 1266 4287 τοῦ
1298 4235 1562 4303 παναγίου
1596 4235 1908 4305 Πνεύματος

297 4324 696 4393 ἑπιφοίτησιν,
757 4324 853 4376 καὶ
898 4323 999 4385 τὰς
1050 4325 1395 4388 παντοδαπὰς
1444 4325 1551 4379 τῶν
1597 4325 1909 4379 ἀποστόλων

301 4413 788 4484 θαυματουργίας,
821 4414 1211 4485 ἐπιμείναντας
1242 4418 1307 4486 τῇ
1335 4416 1562 4487 ἀπιστίᾳ
1590 4420 1655 4488 τῇ
1693 4417 1910 4486 πολιορ-

300 4505 396 4577 κία
438 4505 768 4577 παρέδωκε.
816 4505 1018 4574 Κύριον
1061 4506 1117 4559 δὲ
1158 4505 1315 4577 δόξης
1364 4506 1455 4561 τὸν
1499 4507 1911 4578 ἐσταυρωμένον

303 4597 595 4660 ἐκάλεσεν,
642 4598 705 4649 οὗ
736 4599 805 4667 τῇ
842 4597 1060 4667 θεότητι
1100 4598 1417 4670 περιάπτων
1455 4599 1515 4652 τὸ
1547 4599 1737 4664 πάθος,
1778 4598 1913 4652 ἀλλὰ

304 4693 402 4759 τῆς
427 4690 545 4742 τῶν
573 4690 983 4761 ἡμαρτηκότων
1013 4691 1355 4763 παρανομίας
1381 4692 1591 4756 δεικνὺς
1622 4693 1719 4765 τὴν
1748 4692 1915 4765 ὑπερ-

306 4779 499 4849 ϐολήν.

375 4871 449 4926 θ’.
500 4892 520 4923 ι
566 4872 733 4925 Ἀλλὰ
776 4872 956 4937 καθὼς
998 4873 1348 4945 γέγραπται·
1399 4877 1467 4929 "A’
1497 4875 1773 4945 ὀφθαλμὸς
1815 4877 1915 4931 οὐκ

306 4958 442 5027 οἶδε,
480 4965 579 5016 καὶ
613 4959 709 5027 οῦς
735 4964 836 5017 οὐκ
865 4965 1090 5035 ἤκουσε,
1127 4969 1220 5020 καὶ
1249 4968 1339 5020 ἐπὶ
1370 4967 1597 5036 καρδίαν
1624 4966 1913 5036 ἀνθρώπου

307 5057 411 5108 οὐκ
433 5053 636 5125 ἀνέϐη,
660 5053 697 5107 ἆ
720 5054 1021 5124 ἡτοίμασεν
1043 5058 1071 5109 6
1090 5056 1221 5121 Θεὸς
1242 5060 1352 5121 τοῖς
1375 5059 1663 5126 ἀγαπῶσιν
1684 5056 1866 5112 αὐτόν.
1895 5078 1914 5111 ι

324 5144 553 5215 Ἐπειδὴ
585 5145 687 5214 τῆς
724 5145 833 5198 τῶν
874 5146 1141 5201 Ἰουδαίων
1172 5149 1392 5217 ἀγνοίας
1421 5148 1689 5219 ἐμνήσθη,
1736 5149 1830 5201 καὶ
1860 5149 1921 5201 τὸ

314 5240 415 5306 τῆς
468 5236 792 5307 οἰκονομίας
845 5240 1147 5309 μυστήριον
1204 5240 1619 5311 ἀποκεκρύφθαι
1677 5241 1917 5310 εἴρηκεν,

315 5329 646 5397 ἀναγκαίως
676 5328 1088 5399 προστέθεικεν,
1131 5331 1206 5394 ὡς
1240 5331 1274 5385 ἃ
1312 5330 1497 5403 μηδεὶς
1533 5332 1668 5401 μήτε
1698 5333 1916 5402 ἤκουσε.

400 5502 418 5556 i
468 5504 607 5559 Luc.
644 5518 784 5559 mn
810 5545 826 5567 ,
856 5504 949 5562 3'5.

2056 2035 2225 2093 Vsus.
2276 2037 2330 2092 7.
2390 2056 2409 2090 ι
2466 2036 2574 2092 Sed
2628 2037 2908 2107 loquimur
2964 2033 3057 2092 Dei
3122 2031 3456 2103 sapientiam
3507 2030 3563 2083 iu

1985 2130 2272 2202 mysterio,
2301 2144 2423 2198 quae
2455 2128 2783 2183 abscondita
2820 2135 2924 2193 est,
2951 2141 3113 2197 quam
3150 2122 3560 2195 prredestinavit

1988 2221 2131 2276 Deus
2175 2231 2302 2275 ante
2351 2221 2548 2275 saecula
2587 2221 2640 2273 in
2693 2219 2926 2290 gloriam
2975 2226 3247 2273 nostram.
3294 2238 3311 2268 ι
3349 2214 3563 2270 Sensus

1987 2330 2097 2369 non
2136 2324 2221 2367 est
2256 2331 2270 2366 :
2312 2311 2371 2366 In
2408 2311 2674 2381 mysterio
2720 2311 3036 2380 loquimur,
3085 2308 3181 2363 sed
3213 2307 3565 2376 sapientiam,

1988 2418 2111 2474 quae
2158 2410 2243 2457 est
2279 2401 2335 2455 in
2388 2400 2655 2472 mysterio
2706 2400 3015 2461 absconsa,
3066 2395 3388 2450 hominibus
3435 2408 3565 2462 pro-

1992 2493 2265 2559 ferimus;
2308 2506 2471 2560 quam
2517 2505 2664 2544 nunc
2696 2488 2843 2544 Deus
2874 2504 2984 2541 non
3026 2503 3090 2541 ex
3128 2486 3313 2555 aliqua
3342 2483 3566 2538 consilii

1991 2585 2299 2641 mutatione
2326 2583 2693 2654 dispensavit,
2728 2579 2820 2636 sed
2845 2580 2957 2651 jam
2993 2578 3122 2633 olim
3149 2585 3203 2632 et
3236 2593 3264 2630 a
3298 2575 3569 2647 principio

1991 2676 2276 2747 prmliuiit,
2326 2674 2569 2728 futuram
2612 2672 2743 2726 inde
2784 2671 2945 2726 nobis
2992 2668 3222 2740 gloriam
3257 2668 3417 2739 176
3443 2682 3573 2735 pro-

1993 2786 2214 2826 curans.
2248 2767 2366 2822 Non
2399 2767 2573 2822 solam
2609 2765 2757 2821 enim
2793 2764 3062 2827 salutem,
3108 2761 3201 2817 sed
3241 2761 3406 2816 etiam
3449 2759 3564 2830 glo—

1995 2859 2131 2916 riam
2160 2864 2387 2929 praestat
2426 2856 2803 2912 credentibus.

2068 2951 2233 3007 Vsus.
2267 2952 2319 3007 8.
2363 2969 2382 3003 ι
2422 2949 2599 3016 Quam
2641 2962 2803 3002 nemo
2841 2946 3152 3016 principum
3187 2945 3351 3014 hujus
3383 2943 3572 3000 δίρρυιί

1996 3043 2256 3112 cognovit
2285 3058 2302 3095 :
2336 3041 2380 3097 si
2413 3040 2560 3096 enim
2597 3037 3025 3106 cognovissent,
3063 3048 3347 3102 nunquam
3386 3031 3579 3094 Domi-~

1999 3150 2130 3188 num
2186 3133 2375 3202 gloria:
2424 3130 2855 3185 crucifixisseut.
2895 3146 2915 3178 ι
2956 3125 3238 3194 Principes
3274 3123 3439 3192 hnjus
3470 3137 3576 3177 sai-

2000 3226 2110 3280 culi
2161 3222 2496 3294 appellavit,
2529 3218 2764 3274 Pilatum
2791 3258 2806 3279 ,
2838 3216 3146 3277 Herodem,
3182 3213 3418 3278 Annam,
3453 3211 3579 3267 Cai-

2001 3317 2163 3388 pham
2193 3354 2208 3381 ,
2244 3322 2298 3370 et
2329 3315 2468 3368 alios
2516 3311 2833 3367 Iudaeorum
2887 3307 3192 3379 principes.
3238 3306 3350 3361 Eos
3393 3313 3576 3359 autem

2000 3408 2136 3463 dicit
2177 3407 2465 3476 ignorasse
2497 3403 2747 3457 divinum
2790 3398 3113 3471 mysterium
3139 3438 3153 3460 ,
3186 3404 3239 3452 et
3284 3402 3575 3467 propterea

2004 3494 2295 3549 Dominum
2319 3491 2687 3547 cruciﬁxisse.
2723 3488 2839 3555 Qua
2886 3488 2953 3544 de
3002 3502 3171 3542 causa
3201 3488 3364 3540 etiam
3394 3484 3581 3539 Domi-

2005 3601 2108 3641 nus
2144 3585 2297 3640 cruci
2350 3583 2544 3638 allixus
2591 3582 2853 3637 dicebat:
2901 3600 2919 3632 ι
2979 3580 3157 3644 Pater,
3185 3578 3401 3633 dimitte
3443 3577 3579 3636 illis.

2005 3692 2115 3732 non
2148 3677 2294 3731 enim
2328 3675 2511 3729 sciunt
2543 3674 2674 3744 quid
2728 3672 2941 3727 faciunt
2966 3670 3011 3723 i.
3050 3691 3069 3724 ι
3114 3670 3171 3724 Si
3197 3670 3343 3724 enim
3379 3684 3586 3739 cogno-

2007 3769 2214 3825 vissent
2257 3769 2561 3822 salutarem
2616 3765 2927 3836 passionem
2958 3802 2971 3827 ,
3023 3765 3172 3833 ipsos
3224 3763 3448 3833 quidem
3488 3777 3586 3831 per

2008 3857 2325 3912 universum
2360 3865 2647 3910 terrarum
2668 3856 2857 3908 orb’eni
2894 3854 3298 3922 dispersuram,
3329 3852 3586 3922 gentibus

2007 3965 2137 4005 vero
2173 3949 2403 4002 salutem
2438 3962 2563 4002 esse
2607 3947 2907 3999 aliatnram
2929 3984 2943 4009 ,
2992 3945 3304 4013 passionem
3335 3943 3583 4013 aggressi

2008 4056 2117 4095 non
2148 4046 2377 4094 essent:
2418 4046 2471 4092 et
2506 4050 2795 4106 propterea
2843 4033 3108 4089 Dominus
3159 4044 3254 4088 eos
3302 4032 3462 4085 venia
3503 4030 3586 4084 di-

2010 4148 2147 4204 gnos
2178 4131 2419 4186 censuit.
2452 4129 2556 4185 Sed
2592 4145 2749 4193 eum,
2799 4137 3092 4197 postquam
3123 4139 3154 4178 a
3193 4123 3431 4178 mortuis
3463 4138 3588 4177 sur-

2012 4223 2172 4289 rexit,
2210 4233 2263 4276 et
2304 4222 2357 4276 in
2397 4220 2569 4274 caelos
2601 4217 2893 4279 ascendit,
2945 4223 3001 4269 et
3030 4213 3423 4270 sanctissimus
3465 4204 3590 4282 Spi-

2013 4317 2157 4370 ritus
2198 4313 2382 4378 venit,
2423 4319 2479 4367 et
2523 4310 2756 4381 apostoli
2811 4308 2993 4363 omnis
3044 4306 3262 4376 generis
3320 4303 3588 4358 miracula

2016 4406 2303 4469 fecerunt,
2356 4405 2410 4457 in
2450 4402 2775 4457 inﬁdelitate
2834 4399 3318 4469 peruiausisseut,
3368 4411 3466 4451 eos
3495 4396 3592 4449 ob-

2014 4498 2215 4554 sidioni
2239 4496 2485 4551 tradidit.
2513 4494 2802 4547 Dominum
2828 4502 3009 4545 autem
3036 4489 3228 4559 gloriae
3260 4486 3589 4542 cruciﬁxum

2014 4588 2335 4661 appellavit.
2379 4598 2729 4657 nequaquam
2783 4581 3063 4635 divinitati
3118 4578 3433 4649 passionem
3493 4575 3593 4628 tri-

2015 4683 2212 4746 buens,
2243 4680 2338 4735 sed
2369 4695 2648 4735 summum
2696 4690 2886 4730 eorum
2939 4672 3031 4743 qui
3067 4676 3370 4742 peccarunt
3409 4666 3591 4724 scelus

2014 4774 2328 4831 ostendens.

2086 4868 2251 4921 VERS.
2287 4864 2340 4920 9.
2377 4882 2394 4916 ι
2431 4862 2535 4918 Sed
2582 4863 2729 4917 sicut
2758 4861 3025 4930 scriptum
3071 4864 3196 4910 est:
3229 4852 3362 4920 Quae
3395 4851 3593 4906 oculus

2019 4976 2125 5013 non
2169 4958 2326 5020 vidit,
2366 4971 2467 5011 nec
2505 4956 2656 5009 auris
2690 4953 2940 5014 audivit,
2982 4965 3082 5003 nec
3119 4948 3171 5000 ia
3204 4960 3303 5000 cor
3351 4941 3594 4996 hominis

2021 5052 2412 5114 ascenderunt,
2436 5064 2556 5119 quae
2588 5045 2931 5117 praeparavit
2954 5042 3097 5097 Deus
3129 5041 3197 5094 iis
3230 5037 3323 5107 qui
3356 5035 3596 5105 diligunt

2021 5151 2195 5204 illum.
2241 5167 2260 5202 ι
2303 5145 2575 5213 Quoniam
2616 5142 2933 5197 Judazorum
2994 5134 3366 5207 ignorationis
3401 5128 3597 5184 momi-

2020 5242 2122 5303 uit,
2155 5247 2208 5295 et
2238 5237 2639 5294 incarnationis
2683 5231 3008 5304 mysterium
3045 5229 3384 5282 absconsum
3424 5221 3602 5277 fuisse

2020 5333 2181 5396 dixit,
2207 5328 2601 5386 convenienter
2626 5324 2847 5393 adjecit,
2871 5320 3019 5392 quod
3047 5334 3166 5391 quae
3199 5330 3375 5386 neque
3408 5318 3423 5337 ⁶
3458 5314 3600 5366 ullus

1640 5572 1872 5627 νηιιῶ
1898 5569 2323 5627 LECTlO‘SESn-

400 5732 450 5816 ’ξ
467 5736 569 5816 τήν
604 5733 951 5816 ἀπείπῃ)ιέ
989 5735 1056 5816 ad_
1080 5733 1241 5816 Fam.
1275 5749 1312 5801 ι,
1339 5734 1429 5788 l7.
1454 5732 1558 5789 Sed
1584 5732 1746 5816 habet
1772 5731 1871 5816 τήν
1892 5745 1913 5785 a

1996 5730 2137 5816 1³³εῇ
2160 5728 2424 5816 [κρηνὶξὶ
2454 5736 2639 5816 tamen
2661 5721 3177 5783 desideranturilla:
3204 5721 3268 5792 ἣν
3298 5714 3638 5790 προώριαινις

425 5797 609 5874 ἡμῶν,
653 5813 705 5861 et
734 5797 920 5861 statim
975 5797 1343 5876 subjiciuntur
1374 5818 1562 5860 versus
1608 5797 2018 5860 octavi.'verba.
2096 5799 2217 5853 ι’ὃν
2244 5799 2405 5855 habet
2452 5797 2527 5852 Bs
