4034 6390
498 394 602 457 243

1452 386 1944 450 THEODORETI'
2016 385 2354 445 EPISCOPI
2416 384 2784 445 CYRENSIS

3647 375 3755 440 94$

496 506 744 565 audivit,
778 519 956 572 neque
985 518 1228 573 unquam
1264 502 1439 565 vidit,
1483 517 1661 574 neque
1707 517 1866 557 mens
1918 501 2060 554 ine»

2179 498 2318 568 μήτε
2350 494 2457 550 εἶδε
2494 498 2736 561 πώποτε,
2776 495 2912 565 μήτε
2956 495 2985 545 ὁ
3018 488 3422 560 ἀπληστότατος
3469 488 3752 557 ἐνενόησεν

495 598 715 669 plcbilis
746 596 1033 668 cogitavit,
1065 595 1183 650 haec
1223 595 1611 651 universorum
1652 592 1795 647 Deus
1836 593 1902 645 iis
1929 605 2070 660 pra:-

500 688 778 757 paraverit
808 690 901 759 qui
929 703 1051 742 eum
1093 688 1354 742 ardenter
1388 687 1648 758 diligunt.
1683 685 1855 739 Porro
1884 693 2067 736 autem

500 776 659 848 177
703 778 773 833 de
816 777 1136 834 testimonio
1190 775 1345 832 nel‘as
1400 783 1486 831 est
1535 775 1810 829 dubitare.
1860 772 2071 827 Sullicit

494 867 643 921 enim
673 868 832 922 beata
868 867 1057 937 lingua
1092 882 1214 936 quae
1244 866 1386 921 dixit
1419 885 1431 919 :
1490 866 1641 921 Sicut
1668 865 1923 933 scriptum
1969 873 2066 917 est.

494 958 661 1013 Docet
690 967 873 1014 autem
902 973 1003 1014 nos
1027 959 1196 1012 etiam
1223 958 1361 1013 liber
1391 957 1883 1028 Paralipomenon,
1925 956 2069 1009 mul-

497 1061 579 1105 tas
606 1051 771 1105 etiam
814 1051 952 1106 alias
981 1051 1222 1121 scriptas
1256 1051 1431 1107 fuisse
1474 1051 1817 1123 prophetias.

563 1138 728 1196 Vsus.
775 1142 861 1197 10.
914 1161 935 1194 ι
987 1140 1159 1199 Nobis
1211 1151 1392 1198 autem
1455 1144 1721 1199 revelavit
1784 1143 1932 1199 Deus
1972 1159 2070 1212 per

492 1232 757 1302 Spiritum
794 1248 977 1289 suum.
1016 1255 1035 1286 ι
1073 1232 1285 1288 Sufficit
1316 1236 1421 1289 hoc
1464 1236 1633 1289 etiam
1670 1235 1737 1289 ad
1768 1234 2068 1290 ostenden-

491 1322 613 1376 dam
656 1323 961 1378 testimonii
990 1325 1306 1379 veritatem.
1335 1324 1443 1391 Qui
1474 1327 1620 1381 enim
1655 1327 1867 1396 accepit
1897 1327 2067 1381 divini

494 1413 735 1483 Spiritus
782 1417 1201 1483 revelationem,
1234 1417 1305 1472 ab
1328 1434 1393 1473 eo
1420 1433 1641 1488 quoque
1668 1419 1890 1489 accepit
1920 1420 2068 1475 illius

492 1506 886 1575 cognitionem.
938 1525 957 1560 ι
1013 1507 1256 1579 Spiritus
1310 1510 1458 1564 enim
1514 1512 1699 1565 omnia
1758 1519 2066 1573 scrutatur,

493 1596 656 1650 etiam
688 1597 960 1667 profunda
997 1600 1117 1655 Dei.
1159 1620 1177 1651 ο
1220 1598 1509 1654 Scrutatur
1544 1616 1649 1655 non
1703 1617 1801 1671 pro
1852 1602 2069 1673 ignora-

496 1691 682 1753 tione,
729 1690 823 1744 sed
868 1705 967 1759 pro
1015 1690 1256 1760 perfecta
1314 1694 1633 1761 cognitione
1694 1694 1901 1763 posuit.
1953 1692 2069 1750 Hoc

498 1780 637 1833 enim
670 1780 831 1835 etiam
860 1781 927 1835 de
962 1781 1071 1836 Deo
1102 1782 1267 1852 paulo
1307 1792 1430 1853 post
1458 1784 1630 1838 dicit:
1676 1804 1695 1835 ι
1740 1784 1847 1850 Qui
1879 1793 2063 1841 autem

2175 591 2319 655 νοῦς,
2348 589 2520 643 ταῦτα
2546 592 2573 641 ὀ
2593 590 2701 640 τῶν
2724 588 2860 640 ὅλων
2883 584 3013 647 Θεὸς
3039 585 3152 644 τοῖς
3184 581 3312 650 περὶ
3341 579 3501 633 αὑτὸν
3531 579 3752 649 θερμῶς

2172 681 2535 751 διακειμένοις
2563 680 2870 749 εὐτρέπισε.
2905 676 3041 747 Περὶ
3087 673 3269 744 μέντοι
3310 670 3412 741 τῆς
3443 670 3752 740 μαρτυρίας

2173 772 2536 841 ἀμφιϐάλλειν
2567 772 2628 824 οὐ
2658 771 2740 823 δεῖ
2764 786 2778 799 υ
2828 769 2989 839 ἀρκεῖ
3017 764 3125 835 γὰρ
3153 765 3185 834 ἡ
3238 759 3485 832 μακαρία
3509 760 3751 827 γλῶττα,

2174 868 2393 934 φήσασα
2426 880 2441 894 ο
2491 862 2696 927 Καθὼς
2729 860 3066 930 γέγραπται.
3106 854 3355 909 Διδάσκει
3391 851 3448 904 δὲ
3478 852 3624 920 ἡμᾶς
3657 851 3765 903 καὶ

2171 956 2279 1011 τῶν
2307 953 2806 1026 Παραλειπομένων
2834 954 2865 1021 ή
2898 949 3097 1019 βίϐλος,
3144 947 3220 1009 ὡς
3251 944 3344 998 καὶ
3372 942 3526 998 ἄλλαι
3554 940 3767 995 πολλαὶ.

2175 1047 2594 1117 συνεγράφησαν
2623 1046 2972 1115 προφητεῖαι.

2246 1136 2298 1193 ι’.
2336 1155 2355 1188 ι
2408 1136 2570 1206 Ἡμῖν
2596 1134 2652 1187 δὲ
2683 1136 2712 1186 ὁ
2746 1132 2877 1196 Θεὸς
2901 1126 3220 1196 ἀπεκάλυψε
3244 1125 3336 1178 διὰ
3364 1122 3460 1177 τοῦ
3499 1120 3756 1190 Πνεῦμα-

2170 1245 2261 1290 τος
2284 1226 2470 1280 αὐτοῦ.
2510 1244 2529 1277 ο
2568 1226 2808 1294 Ἀπάχρη
2843 1221 2940 1275 καὶ
2970 1219 3129 1273 τοῦτο
3154 1217 3326 1281 δεῖξαι
3351 1215 3449 1283 τὴν
3477 1214 3577 1283 τῆς
3612 1228 3759 1282 μαρ-

2170 1318 2363 1390 τυρίας
2391 1315 2667 1386 ἀλήθειαν.
2702 1315 2760 1368 Ὀ
2789 1314 2898 1383 γὰρ
2929 1311 3022 1364 τοῦ
3063 1309 3209 1364 θείου
3258 1304 3575 1375 Πνεῦματος
3605 1302 3759 1365 δεξά-

2175 1426 2333 1481 μενος
2386 1407 2750 1476 ἀποκάλυψιν,
2786 1403 3037 1458 ἐντεῦθεν
3095 1400 3353 1470 κάκείνης
3395 1399 3494 1467 τὴν
3549 1395 3761 1464 γνῶσιν

2171 1502 2407 1568 ἐδέξατο.
2438 1519 2457 1551 ι
2477 1500 2550 1553 Τὸ
2574 1500 2681 1570 γὰρ
2703 1496 2924 1567 Πνεῦμα
2952 1495 3129 1547 πάντα
3157 1492 3369 1563 ἐρευνᾷ,
3395 1490 3490 1542 καὶ
3515 1489 3582 1541 τά
3612 1486 3757 1555 βάθη

2170 1594 2264 1648 τοῦ
2306 1593 2461 1647 Θεοῦ.
2508 1612 2526 1644 ι
2566 1591 2643 1645 Τὸ
2679 1587 2896 1659 ἐρευνᾷ
2933 1588 3034 1641 οὐκ
3084 1587 3176 1639 ἐπὶ
3232 1584 3451 1654 ἀγνοίας
3483 1581 3757 1643 τέθεικεν,

2170 1685 2284 1740 ἀλλ’
2313 1685 2405 1738 ἐπὶ
2434 1683 2688 1753 γνώσεως
2713 1679 2993 1752 ἀκριϐοῦς.
3024 1679 3195 1731 Τοῦτο
3221 1676 3328 1748 γὰρ
3352 1675 3444 1727 καὶ
3472 1690 3536 1726 πε
3548 1673 3598 1743 pi
3616 1670 3765 1724 Θεοῦ

2174 1779 2313 1848 μετά
2348 1776 2557 1847 βραχέα
2582 1775 2776 1846 φησίν·
2817 1792 2835 1824 ι
2879 1773 2935 1824 ὐ
2964 1772 3023 1824 δὲ
3050 1769 3288 1842 ἐρευνῶν
3312 1767 3411 1830 τὰς
3447 1764 3696 1835 καρδίας.
3734 1781 3754 1813 ι

490 1879 775 1927 scrutatur
797 1873 963 1927 corda
986 1873 1035 1928 ιι.
1076 1894 1095 1926 ι
1124 1874 1277 1941 Quod
1309 1876 1355 1930 si
1384 1875 1521 1930 illud
1557 1884 1641 1931 est
1676 1878 2060 1948 ignorationis,

2172 1870 2236 1922 Εἰ
2266 1869 2323 1921 δὲ
2350 1869 2526 1920 έκεῖνο
2556 1866 2799 1934 ἀγνοίας,
2827 1864 2920 1917 καὶ
2948 1860 3109 1915 τοῦτο
3129 1857 3391 1921 ὡσαύτως
3415 1875 3426 1887 ’
3465 1855 3591 1909 εἰδὲ
3612 1853 3760 1922 γνὼ-

492 1965 597 2018 hoc
624 1964 790 2018 etiam
838 1964 1141 2022 similiter:
1179 1968 1268 2022 sin
1303 1976 1483 2023 autem
1532 1967 1665 2021 illud
1708 1968 2067 2039 cognitionis,

487 2063 544 2111 et
608 2055 713 2112 hoc
780 2057 993 2114 itidem.
1074 2057 1331 2129 Cognitio
1406 2060 1629 2130 quidem
1693 2061 2065 2129 mqualitatem

488 2147 750 2216 ostendit,
792 2149 1221 2221 inaequalitatem
1251 2167 1381 2206 vero
1415 2152 1710 2222 ignoratio.
1753 2153 2068 2207 Invenietur

486 2240 631 2294 enim
700 2241 847 2297 Deus
909 2242 1128 2312 quidem
1182 2245 1438 2315 ignorare
1519 2245 1687 2299 corda
1753 2245 2063 2309 hominum,

489 2327 728 2400 Spiritus
772 2341 953 2387 autem
1007 2332 1096 2387 Dei
1135 2332 1434 2403 profunda.
1470 2333 1682 2389 Rursus
1720 2334 1763 2390 si
1826 2335 2063 2389 scrutari

484 2421 888 2491 ignorationem
938 2424 1233 2495 signiﬁcat,
1292 2436 1576 2480 scrutatur
1631 2436 1814 2480 autem
1854 2428 2062 2491 omnia,

486 2513 706 2578 omnia,
759 2522 818 2567 ut
850 2527 932 2570 est
966 2526 1405 2573 consentaneum
1432 2557 1446 2581 ,
1506 2534 1614 2573 non
1658 2518 1894 2588 ignorat.
1957 2518 2064 2573 Sed

486 2605 599 2659 haac
645 2606 894 2675 pluribus
940 2608 1069 2663 alibi
1104 2611 1459 2666 ostendimus
1497 2629 1510 2665 ε
1549 2611 2063 2680 interpretationem

481 2710 614 2766 ergo
650 2714 1067 2770 persequamur.

559 2788 720 2847 νεεδ.
757 2793 842 2847 Η.
884 2813 903 2844 ι
941 2795 1076 2862 Quis
1104 2796 1253 2852 enim
1284 2798 1572 2852 hominum
1615 2798 1720 2853 scit
1766 2814 1888 2868 qua:
1933 2809 2063 2854 sunt

482 2877 768 2949 hominis,
814 2883 922 2938 nisi
970 2886 1204 2955 spiritus
1255 2887 1503 2942 hominis
1543 2886 1636 2958 qui
1689 2888 1743 2942 in
1792 2889 1910 2958 ipso
1940 2888 2062 2943 est?

481 2967 558 3023 ita
594 2978 648 3026 et
680 2988 802 3042 quae
836 2973 927 3030 Dei
962 2982 1092 3031 sunt
1132 2992 1295 3031 nemo
1332 2980 1629 3049 cognovit,
1674 2980 1781 3034 nisi
1820 2981 2058 3051 Spiritus

481 3062 600 3119 Dei.
644 3083 662 3115 ι
696 3063 952 3120 Ostendit
991 3066 1392 3121 scrutationem
1440 3068 1667 3123 minime
1718 3086 1842 3126 esse
1898 3072 2059 3142 igno—

480 3157 735 3212 rationis.
769 3157 1068 3225 Subjunxit
1097 3158 1243 3213 enim
1271 3197 1287 3221 ,
1323 3159 1469 3228 quod
1506 3161 1579 3214 ita
1639 3162 1787 3215 norit
1841 3178 1903 3216 ea
1936 3179 2060 3233 qua:

479 3246 575 3301 Dei
608 3256 772 3311 sunt,
815 3247 961 3302 sicut
1009 3263 1113 3303 nos
1158 3259 1379 3305 nostras
1419 3252 1628 3306 scimus
1677 3253 2055 3323 cogitationes.

549 3335 716 3394 Vens.
770 3337 857 3391 l2.
909 3356 928 3389 ι
968 3336 1079 3392 Nos
1133 3348 1316 3394 autem
1379 3356 1490 3395 non
1542 3343 1802 3412 spiritum
1869 3347 2059 3400 mundi

478 3430 817 3498 accepimus,
862 3430 955 3482 sed
997 3428 1263 3499 Spiritum
1300 3433 1392 3501 qui
1425 3448 1490 3486 ex
1535 3431 1645 3488 Deo
1677 3441 1782 3499 est,
1821 3445 1881 3488 ut
1912 3437 2059 3490 scia-

478 3536 604 3575 mus
637 3535 760 3589 quae
800 3520 963 3573 nobis
995 3536 1023 3574 a
1055 3521 1164 3576 Deo
1190 3522 1392 3577 donata
1430 3535 1577 3579 sunt.
1614 3543 1632 3575 ›
1666 3526 1827 3596 178
1864 3524 2060 3581 Osten—

476 3610 581 3673 dit,
613 3609 882 3679 Spiritum
916 3620 1167 3666 sanctum
1208 3629 1316 3667 non
1346 3630 1472 3670 esse
1513 3632 1697 3672 rerum
1740 3626 2053 3673 creatarum

478 3710 714 3773 partem,
770 3703 863 3759 sed
912 3720 1067 3760 suam
1114 3706 1319 3763 habere
1355 3724 1383 3761 a
1444 3708 1555 3765 Deo
1605 3719 1886 3765 naturam.
1946 3711 2059 3766 lloc

477 3793 622 3847 enini
656 3795 829 3851 dicit:
869 3794 985 3850 Nos
1028 3808 1205 3853 autent
1242 3817 1346 3855 non
1387 3802 1633 3870 spiritum
1682 3803 1867 3856 mundi
1909 3820 2058 3857 acce-

475 3887 669 3954 pimus,
704 3904 804 3957 pro
835 3904 900 3945 eo
930 3890 1077 3961 quod
1127 3901 1212 3948 est
1259 3912 1273 3947 :
1322 3893 1580 3949 Creatum
1638 3896 1894 3966 spiritum
1946 3912 2054 3950 non

476 3979 832 4049 accepimus,
894 3998 996 4038 nec
1049 3999 1144 4053 per
1202 3986 1458 4055 angelum
1516 4002 1699 4042 rerum
1743 3987 2053 4041 divinarum

478 4069 868 4126 revelationem
924 4075 1322 4143 suscepimus:
1365 4078 1462 4132 sed
1503 4080 1621 4149 ipse
1673 4078 1768 4147 qui
1805 4093 1833 4131 a
1894 4076 2057 4131 Patre

476 4160 725 4226 procedit
765 4161 1030 4232 Spiritus,
1068 4169 1289 4220 occulta
1328 4169 1591 4240 mysteria
1629 4185 1731 4223 nos
1767 4168 1979 4223 docuit.

546 4248 709 4307 Vens.
746 4252 834 4307 l5.
871 4271 892 4304 ‹
929 4254 1065 4321 Quae
1112 4266 1166 4311 et
1217 4260 1536 4329 loquimur,
1593 4275 1699 4313 non
1760 4260 1813 4312 in
1874 4258 2054 4313 doctis

473 4339 725 4397 humanae
760 4342 1049 4411 sapient-ire
1076 4348 1282 4411 verbis,
1327 4349 1421 4404 sed
1452 4350 1507 4402 in
1532 4347 1786 4401 doctrina
1814 4346 2055 4416 Spiritus

473 4430 671 4486 sancti.
714 4451 733 4483 ι
763 4431 1095 4504 ‘Propterea
1137 4452 1244 4491 non
1282 4452 1506 4507 egemus
1552 4437 1792 4491 humana
1834 4437 2055 4508 sapien-

2173 1976 2312 2023 σεως
2344 1961 2522 2013 ἐκεῖνο
2542 2000 2557 2023 ,
2588 1958 2683 2011 καὶ
2731 1955 2890 2010 τοῦτο
2917 1954 3137 2025 ὁμοίως.
3178 1952 3243 2004 Ἤ
3291 1950 3392 2020 μὲν
3422 1947 3625 2017 γνῶσις
3653 1944 3767 2016 τὴν

2173 2054 2394 2124 ἰσότητα
2424 2052 2694 2114 δείκνυσι,
2722 2049 2820 2120 τὴν
2848 2048 3141 2116 ἀνισότητα
3166 2044 3222 2097 δὲ
3262 2045 3297 2115 ἡ
3339 2043 3549 2110 ἄγνοια.
3582 2040 3764 2109 Εὑρε-

2169 2146 2391 2217 θήσεται
2421 2144 2530 2215 γὰρ
2560 2147 2588 2197 ὁ
2620 2142 2718 2213 μὲν
2748 2140 2883 2204 Θεὸς
2924 2139 3032 2192 τῶν
3068 2134 3374 2207 ἀνθρώπιον
3403 2130 3611 2200 ἀγνοῶν
3650 2129 3763 2189 τὰς

2167 2237 2411 2309 καρδίας,
2444 2235 2504 2288 τὸ
2534 2234 2590 2287 δὲ
2626 2234 2853 2303 Πνεῦμα
2884 2230 2978 2284 τοῦ
3028 2228 3163 2283 Θεοῦ
3201 2228 3360 2298 βάθη.
3402 2223 3573 2278 Πάλιν
3605 2222 3655 2273 εί
3689 2220 3762 2273 τὸ

2167 2330 2393 2400 ὲρευνᾷν
2415 2327 2633 2396 ἀγνοίας
2662 2323 3011 2395 σημαντικὸν,
3030 2320 3207 2373 πάντα
3235 2318 3288 2371 δὲ
3314 2315 3529 2387 ἐρευνᾷ,
3549 2312 3759 2373 πάντα,

2166 2422 2241 2485 ὡς
2269 2420 2463 2484 ἔοικεν,
2500 2420 2601 2472 οὐκ
2628 2419 2831 2487 ἀγνοεῖ.
2875 2415 3035 2469 Ἀλλά
3078 2412 3251 2467 ταῦτα
3284 2409 3374 2464 διὰ
3402 2407 3663 2460 πλειόνων
3693 2407 3760 2457 ἐν

2167 2511 2373 2582 ἑτέροις
2406 2507 2687 2579 ἐδείξαμεν
2708 2525 2720 2537 ’
2752 2510 2854 2578 τῆς
2882 2505 3183 2576 ἑρμηνείας
3223 2500 3402 2555 τοίνυν
3435 2495 3711 2569 ἐχώμεθα.

2240 2803 2326 2850 ια’.
2368 2815 2386 2846 ι
2415 2795 2512 2857 Τίς
2540 2792 2648 2864 γὰρ
2665 2788 2805 2845 οίδεν
2824 2788 3188 2861 ¹⁸ἁνθρώπων
3210 2787 3278 2840 τά
3305 2784 3400 2838 τοῦ
3433 2780 3756 2853 ἀνθρώπου,

2163 2891 2212 2943 εί
2253 2888 2328 2960 μὴ
2354 2887 2415 2942 τὸ
2437 2885 2653 2955 πνεῦμα
2678 2883 2772 2937 τοῦ
2800 2870 3084 2953 ἀνθρώπου
3106 2880 3166 2932 τὸ
3186 2881 3243 2931 ὲν
3273 2874 3421 2946 αὐτῷ
3441 2892 3454 2933 ;
3475 2874 3631 2927 υῦτω
3652 2873 3761 2925 καί

2160 2982 2231 3036 τὰ
2251 2981 2345 3035 τοῦ
2379 2977 2515 3033 Θεοῦ
2542 2977 2715 3040 οὐδεὶς
2744 2973 2904 3036 οἶδεν,
2932 2975 2977 3026 εί
3004 2971 3077 3043 μὴ
3100 2972 3159 3024 τὸ
3186 2968 3410 3036 Πνεῦμα
3437 2966 3529 3019 τοῦ
3550 2964 3705 3017 Θεοῦ.
3730 2985 3761 3016 ν

2167 3072 2406 3137 Ἔδειξεν
2437 3069 2511 3131 ὡς
2549 3068 2649 3121 οὐκ
2704 3064 2925 3134 ἀγνοίας
2955 3063 2988 3130 ἡ
3042 3062 3261 3132 ἔρευνα.
3293 3057 3571 3126 Ἑπήγαγε
3611 3053 3757 3123 γὰρ,

2088 3196 2132 3257 C
2164 3165 2245 3218 ὅτι
2281 3166 2455 3225 οὕτως
2483 3158 2586 3213 οἶδε
2636 3158 2703 3211 τὰ
2732 3157 2826 3211 τοῦ
2859 3154 3016 3217 Θεοῦ,
3058 3152 3134 3217 ὡς
3168 3152 3327 3222 ἡμεῖς
3357 3148 3484 3211 τοὺς
3514 3146 3767 3208 οἰκείους

2163 3253 2457 3324 λογισμοὺς
2492 3248 2857 3318 ἐπιστάμεθα.

2236 3343 2321 3415 ιβ’.
2364 3363 2382 3395 ι
2422 3343 2612 3414 Ἡμεῖς
2639 3340 2694 3393 δὲ
2724 3341 2782 3392 οὐ
2829 3338 2891 3391 τὸ
2941 3334 3159 3406 πνεῦμα
3188 3333 3281 3387 τοῦ
3318 3332 3526 3402 κόσμου
3558 3327 3760 3383 ἐλάϐο-

2166 3454 2284 3507 μεν,
2321 3434 2458 3489 ἀλλά
2512 3433 2575 3485 τὸ
2627 3432 2849 3502 Πνεῦμα
2909 3428 2969 3482 τὸ
3028 3431 3091 3480 ἐκ
3130 3426 3225 3479 τοῦ
3279 3422 3436 3483 Θεοῦ,
3466 3424 3555 3475 ἴνα
3594 3420 3763 3474 εἱδῶ-

2164 3544 2264 3598 μεν
2296 3526 2364 3579 τὰ
2393 3525 2497 3578 ὑπὸ
2526 3522 2615 3576 τοῦ
2639 3522 2772 3574 Θεοῦ
2809 3517 3136 3590 χαρισθέντα
3166 3517 3320 3585 ἡμῖν.
3357 3533 3375 3566 ι
3410 3509 3654 3575 Ἐδειξεν
3685 3510 3758 3564 οὐ

2165 3620 2328 3690 μέρος
2361 3618 2419 3672 ὃν
2453 3618 2552 3687 τῆς
2594 3616 2822 3677 κτίσεως
2860 3613 2920 3665 τὸ
2963 3611 3224 3677 πανάγιον
3255 3606 3501 3674 Πνεῦμα,
3537 3602 3652 3656 ἀλλ’
3681 3604 3757 3655 ἐκ

2159 3710 2251 3763 τοῦ
2281 3709 2417 3763 Θεοῦ
2448 3708 2544 3778 τὴν
2580 3705 2813 3778 ὓπαρξιν
2835 3703 2973 3774 ἔχον.
2998 3702 3168 3754 Τοῦτο
3200 3700 3309 3767 γὰρ
3342 3697 3488 3765 λέγει
3507 3713 3521 3726 ’
3550 3694 3756 3763 Ἡμεῖς

2158 3802 2227 3854 δὲ
2252 3804 2323 3856 οὐ
2348 3803 2415 3854 τὸ
2445 3799 2683 3868 πνεῦμα
2716 3796 2820 3850 τοῦ
2861 3795 3092 3861 κόσμου
3118 3790 3414 3855 ἐλάϐομεν
3432 3829 3445 3844 .
3477 3786 3597 3839 ἀντί
3623 3784 3750 3847 τοῦ,

2160 3896 2236 3948 Οὐ
2268 3891 2484 3947 κτιστὸν
2519 3890 2782 3958 ἐλάϐομεν
2831 3885 3070 3955 πνεῦμα,
3103 3882 3221 3936 οὐδὲ
3275 3882 3342 3934 δι’
3383 3878 3615 3947 ἀγγέλου
3645 3876 3755 3946 τὴν

2158 3986 2266 4040 τῶν
2314 3985 2474 4037 θείων
2524 3978 2863 4047 ἀποκάλυψιν
2897 3974 3231 4042 ἐδεξάμεθα·
3259 3972 3374 4026 ἀλλ’
3404 3968 3534 4023 αὐτὸ
3573 3968 3632 4021 τὸ
3680 3968 3754 4020 ἐκ

2158 4075 2253 4128 τοῦ
2301 4074 2514 4145 Πατρὸς
2571 4071 2999 4142 ἐκπορευόμενον
3055 4067 3279 4138 Πνεῦμα
3318 4061 3555 4127 ἐδίδαξεν
3595 4062 3752 4131 ἡμᾶς

2158 4166 2227 4219 τὰ
2270 4163 2627 4236 κεκρυμμένα
2679 4163 2972 4231 μυστήρια.

2241 4256 2328 4327 ιγ’.
2353 4277 2369 4307 ι
2394 4257 2458 4308 Ἃ
2492 4254 2583 4307 καὶ
2603 4250 2869 4322 λαλοῦμεν
2893 4252 2993 4304 οῦκ
3018 4251 3076 4301 ἐν
3104 4248 3371 4309 διδακτοῖς
3398 4244 3751 4315 ἀνθρωπίνης

2160 4351 2352 4420 σοφίας
2385 4340 2584 4415 λόγοις,
2623 4345 2737 4398 ἀλλ’
2780 4346 2836 4396 ἐν
2882 4345 3147 4404 διδακτοῖς
3176 4340 3492 4409 ιινεῦματος
3528 4336 3745 4405 ἁγίου.»

2158 4436 2256 4496 Διά
2286 4440 2441 4495 τοῦτο
2474 4439 2533 4492 οὐ
2560 4435 2794 4505 δεόμεθα
2819 4436 2920 4502 τῆς
2953 4432 3300 4505 ἀνθρωπίνης
3337 4429 3527 4497 σοφίας
3548 4444 3561 4457 ⁸
3580 4429 3755 4497 ἀρκεῖ

471 4524 586 4576 tia:
626 4521 824 4578 suliicit
854 4526 998 4580 enim
1041 4528 1202 4583 nobis
1250 4528 1507 4583 doctrina
1565 4526 1831 4597 Spiritus.
1874 4547 1893 4580 ι
1930 4528 2051 4599 Spi-

2167 4535 2264 4605 γὰρ
2330 4534 2459 4603 ἡμῖν
2515 4532 2547 4601 ἡ
2591 4529 2907 4583 διδασκαλία
2961 4525 3052 4579 τοῦ
3106 4524 3439 4594 [Ινεῦματος.
3507 4539 3525 4573 ι
3573 4521 3748 4573 Πνευο

470 4614 764 4671 ritualibus
835 4616 1144 4687 spiritualia
1216 4625 1627 4688 comparantes.
1689 4637 1709 4670 ι
1773 4617 2054 4676 Habemus

467 4707 613 4762 enim
643 4716 697 4763 ct
728 4707 944 4765 Veteris
971 4709 1308 4765 Testamenti
1334 4710 1734 4768 testimonium,
1763 4721 1815 4764 et
1842 4709 2051 4766 Novum

471 4815 569 4867 per
609 4800 748 4854 illud
778 4801 1212 4868 conﬁrmamus;
1251 4815 1377 4854 nam
1409 4798 1541 4852 illud
1573 4800 1737 4854 etiam
1771 4812 1849 4858 εει
1886 4803 2053 4872 spiri-

468 4893 597 4948 tale.
653 4892 980 4949 Nostrorum
1056 4894 1205 4948 enim
1290 4903 1774 4948 sacramentorum
1847 4897 2053 4966 ﬁguras

465 4984 759 5041 ostendere
783 4987 1054 5049 volentes,
1079 4999 1282 5054 agnum
1310 4981 1363 5036 in
1399 4983 1637 5037 medium
1667 4986 2051 5054 producimus,

466 5086 521 5132 et
548 5078 874 5149 sanguinem
901 5078 1102 5131 illitum
1128 5075 1408 5147 postibus,
1444 5084 1499 5130 et
1530 5078 1702 5132 maris
1736 5080 2047 5145 transitum,

465 5177 521 5222 et
547 5177 718 5241 petra
751 5170 957 5225 ﬂuenta
980 5208 997 5235 ,
1049 5175 1105 5221 et
1147 5183 1364 5223 manna:
1398 5170 1900 5240 suppeditationem
1928 5213 1942 5237 ,
1996 5182 2050 5226 et

465 5261 909 5319 innumerabilia’
935 5258 1237 5330 ejusmodi,
1288 5271 1344 5315 et
1377 5278 1476 5331 per
1512 5261 1721 5334 ﬁguras
1761 5264 2042 5318 veritatem

465 5358 830 5415 ostendimus.

540 5472 566 5510 ¹ι
598 5471 617 5525 l
645 5469 771 5524 Cor.
827 5482 901 5533 Iv,
945 5465 997 5519 5.

2157 4627 2407 4696 ματικοῖς
2474 4619 2822 4690 πνευματικά
2903 4617 3305 4687 συγκρίνοντες.
3390 4636 3408 4664 ι
3505 4613 3749 4681 Ἔχομεν

2151 4720 2259 4789 γὰρ
2303 4718 2400 4786 τῆς
2455 4715 2699 4770 Παλαιᾶς
2754 4710 3032 4783 Διαθήκης
3088 4708 3186 4778 τὴν
3233 4705 3579 4778 μαρτυρίαν,
3646 4705 3746 4757 καὶ

2149 4809 2216 4862 δι’
2263 4807 2476 4877 ἐκείνης
2538 4806 2637 4875 τὴν
2700 4801 2914 4874 Καινὴν
2965 4798 3335 4870 βεϐαιοῦμεν·
3394 4796 3742 4864 πνευματικὴ

2152 4902 2261 4972 γὰρ
2323 4899 2575 4969 κάκείνη.
2644 4896 2756 4950 Καὶ
2824 4894 2933 4965 γὰρ
2999 4893 3170 4956 δεῖξαι
3254 4889 3564 4960 βουλόμενοι
3628 4886 3743 4938 τῶν

2153 4993 2435 5064 ἡμετέρων
2503 4988 2820 5059 μυστηρίων
2878 4987 3006 5047 τοὺς
3065 4984 3293 5046 τύπους,
3324 4982 3416 5035 τὸν
3461 4978 3631 5048 ἀμνὸν
3660 4980 3743 5041 είς

2153 5083 2319 5154 μέσον
2351 5080 2611 5151 φέρομεν,
2639 5077 2733 5131 καὶ
2767 5076 2828 5128 τὸ
2857 5072 2997 5145 αἷμα
3036 5075 3096 5127 τὸ
3142 5074 3263 5135 ταῖς
3295 5071 3471 5140 φλιαῖς
3494 5068 3746 5137 ἐπιχρώ-

2150 5190 2328 5244 μενον,
2363 5172 2456 5224 καὶ
2474 5171 2574 5240 τὴν
2598 5169 2694 5238 τῆς
2717 5167 2982 5233 θαλάττης
3005 5166 3274 5229 διάϐασιν,
3295 5162 3387 5216 καὶ
3403 5162 3501 5231 τῆς
3530 5160 3740 5228 πέτρας

2151 5263 2219 5315 τὰ
2241 5260 2495 5331 νάματα,
2520 5258 2615 5310 καὶ
2643 5257 2738 5309 τοῦ
2770 5256 2944 5325 μάννα
2989 5254 3084 5323 τὴν
3126 5252 3410 5324 χορηγίαν,
3437 5248 3529 5301 καὶ
3565 5246 3736 5316 μυρία

2149 5351 2394 5414 τοιαῦτα,
2431 5347 2526 5401 καὶ
2554 5346 2639 5399 διά
2663 5345 2771 5399 τῶν
2798 5345 2987 5397 τύπων
3015 5344 3302 5412 δείκνυμεν
3328 5341 3426 5411 τὴν
3449 5336 3731 5409 ἀλήθειαν.

1662 5558 1899 5615 VARIE
1936 5558 2340 5615 LECTIONES.

532 5711 768 5776 ¹³οι⁹ιδεὶς
795 5706 1031 5784 γαρ-οἶδ.
1064 5742 1134 5752 -—
1162 5711 1330 5784 αὐτῷ.
1361 5713 1535 5777 οὕτως
1562 5714 1653 5768 καὶ
1677 5714 1766 5778 τά,
1795 5725 1930 5777 ete.,
1972 5715 2135 5769 habet
2164 5711 2399 5784 Theod.,
2432 5711 2635 5784 dialog.
2660 5710 2711 5772 l,
2751 5725 2871 5784 pag.
2902 5708 3030 5784 εδδ,
3065 5707 3233 5784 Garu.
3267 5708 3372 5784 Sed
3406 5708 3537 5784 ibid.
3566 5708 3737 5784 paulo

464 5792 586 5872 post
621 5784 701 5846 τίς
730 5777 840 5851 γὰρ
876 5777 975 5837 οἶδ.
1013 5810 1080 5823 -—-—
1108 5800 1197 5837 πν.
1227 5777 1322 5837 τοῦ
1349 5784 1502 5855 ἀνθρ.
1541 5786 1785 5852 (omissis
1821 5786 1926 5841 illis
1963 5803 1974 5837 :
2014 5785 2074 5837 τὸ
2099 5786 2158 5836 ἐν
2190 5782 2360 5853 αὐτῷ)
2395 5798 2409 5849 ;
2442 5777 2682 5834 02310.n—
2715 5777 2888 5843 οὐδεὶς
2940 5779 3101 5849 ἔγνω,
3137 5781 3184 5832 εί
3219 5777 3296 5847 μὴ
3324 5806 3393 5818 --
3422 5777 3516 5829 τοῦ
3564 5777 3727 5830 θεοῦ.
