4034 6404
1163 269 1181 331 ἰ

502 339 609 406 247

505 541 621 605 ttat,
654 542 882 614 impium
921 552 1008 602 est
1044 561 1108 602 ac
1146 548 1439 608 nefarium.

577 631 745 690 Vens.
783 635 834 690 5.
871 652 891 687 ι
935 635 1072 703 Quis
1124 639 1291 711 igitur
1345 652 1430 699 est
1494 644 1726 712 Paulus,
1754 650 1885 719 quis
1943 664 2077 705 vero

501 724 719 794 Apollo,
756 727 866 782 nisi
903 728 1139 784 ministri
1177 746 1274 798 per
1303 748 1444 802 quos
1469 735 1830 793 credidistis?
1874 759 1893 793 ι
1921 741 2075 796 Alius

503 826 589 870 est
625 814 913 881 Dominus,
949 834 1053 874 nos
1109 820 1260 876 illius
1316 825 1461 877 servi
1496 841 1711 891 sumus,
1763 837 1819 884 et
1879 840 2076 887 vestrae

498 908 698 965 salutis
740 909 999 964 ministri.
1052 930 1072 963 ι
1122 912 1188 966 Et
1241 914 1543 987 unicuique
1598 920 1745 975 sicut
1807 920 2075 981 Dominus

497 996 666 1051 dedit.
700 1016 719 1049 ι
757 997 851 1052 Est
879 1000 1024 1053 enim
1084 1001 1139 1055 in
1188 1002 1347 1059 nobis
1405 1005 1746 1075 dill‘erentia;
1789 1012 1890 1066 etsi
1924 1013 2072 1068 enim

498 1101 689 1141 omnes
713 1089 915 1156 pariter
942 1091 1346 1161 ministramus,
1375 1103 1616 1154 attamen
1645 1116 1903 1157 mensura
1933 1119 2071 1175 qua-

494 1176 619 1230 dam
652 1179 881 1248 gratiam
907 1183 1241 1252 accepimus.

563 1268 732 1326 Vens.
765 1270 819 1326 6.
860 1290 880 1324 ι
920 1273 1033 1343 Ego
1068 1276 1346 1346 plantavi;
1377 1298 1397 1332 ι
1431 1281 1650 1351 primus
1713 1287 1857 1341 enim
1918 1290 2071 1347 vobis

494 1361 810 1430 praedicavi.
843 1382 862 1415 ι
893 1365 1089 1434 Apollo
1140 1368 1366 1439 rigavit,
1406 1391 1426 1423 ι
1466 1381 1590 1442 post
1635 1390 1721 1431 me
1759 1376 2069 1435 doctrinam

493 1452 859 1509 conﬁrmavit.
902 1474 921 1507 ι
959 1454 1064 1511 Sed
1107 1457 1253 1515 Deus
1286 1462 1685 1519 incrementum
1716 1468 1886 1523 dedit.
1918 1489 1937 1521 ι
1974 1470 2071 1526 Est

491 1546 637 1602 enim
658 1546 781 1615 ejus
801 1549 991 1619 gratiae
1016 1551 1163 1620 quod
1202 1568 1290 1610 res
1322 1555 1557 1612 feliciter
1594 1563 1886 1617 successit.

563 1637 730 1693 Vens.
760 1640 813 1694 7.
859 1658 879 1692 ι
922 1642 1108 1712 Itaque
1138 1659 1318 1714 neque
1347 1647 1442 1716 qui
1482 1649 1693 1717 plantat
1723 1661 1808 1707 est
1834 1653 2064 1724 aliquid,

492 1742 670 1797 neque
691 1731 785 1801 qui
818 1732 978 1801 rigat,
1014 1735 1110 1789 sed
1141 1737 1234 1805 qui
1281 1736 1679 1795 incrementum
1719 1741 1809 1796 dat
1836 1743 2000 1801 Deus.
2038 1765 2060 1800 ι

487 1816 602 1874 Nisi
618 1821 764 1874 enim
791 1820 933 1879 Deus
953 1834 1299 1895 cooperetur,
1336 1837 1523 1885 noster
1551 1831 1702 1887 labor
1737 1837 2056 1894 est'inanis.
2094 1814 2137 1872 Β

562 1910 724 1968 Vens.
756 1913 812 1970 8.
842 1934 861 1966 ι
888 1914 991 1981 Qui
1026 1917 1233 1987 plantat
1262 1922 1525 1976 autemet
1570 1925 1663 1993 qui
1695 1926 1856 1996 rigat,
1892 1945 2061 1985 unum

487 2014 617 2062 sunt
654 2025 669 2062 :
710 2026 729 2059 ι
764 2008 1067 2064 secundum
1119 2011 1509 2068 ministerium.
1544 2016 1720 2072 Ambo
1764 2019 1906 2073 enim
1943 2037 2061 2076 ser-

1412 351 1902 416 THEODORETI
1935 359 2275 425 EPISCOPI
2309 367 2673 439 CYRENSIS

504 458 590 505 est
620 448 1114 521 absurdissimum,
1167 459 1342 514 multo
1405 464 1581 534 magis
1617 463 1665 519 si
1724 463 1826 519 hoc
1866 463 1924 519 in
1958 465 2050 521 alii

2152 511 2155 524 .
2184 476 2340 531 τοῦτο
2377 482 2621 549 γίνεσθαι
2647 489 2755 541 τῶν
2804 491 3180 556 ἀτοποτάτων,

3641 382 3755 455 248
3790 432 3797 437 -

3207 493 3384 566 πολλῷ
3424 498 3625 567 μᾶλλο]
3657 496 3751 570 ἐφ’

2179 572 2382 643 ἑτέρων
2407 575 2567 630 τοῦτο
2589 580 2871 651 γινόμενον
2897 584 3154 650 δυσσεὸἐς
3179 589 3294 641 ἐστι
3322 590 3417 642 καὶ
3439 591 3669 649 ἀνόσιον.

2247 670 2309 719 ε’.
2356 686 2375 718 ι
2414 668 2509 732 Τίς
2540 667 2635 724 οὖν
2663 676 2780 726 ἐστι
2809 676 3019 741 Παῦλος
3038 719 3053 740 ,
3081 680 3164 743 τίς
3204 680 3260 733 δὲ
3306 681 3596 747 Ἀπολλὼς,
3629 687 3759 738 ἀλλ’

2176 754 2208 825 ἦ
2241 756 2473 811 διάκονοι
2500 760 2567 812 δι’
2595 755 2671 815 ὧν
2701 764 3083 835 ὲπιστεύσατες
3122 789 3142 822 ι
3182 771 3371 835 ’Ἄλλος
3410 773 3560 827 ἐστὶν
3588 776 3616 828 6
3648 778 3753 829 Δε-

2177 848 2400 916 σπότης,
2427 852 2587 920 ἡμεῖς
2616 854 2823 907 ἐκείνου
2849 856 3046 921 δοῦλοι,
3075 861 3167 913 καὶ¹
3208 862 3307 932 τῆς
3332 862 3602 934 ὑμετέρας
3635 883 3751 920 σω-

2174 940 2369 1010 τηρίας
2392 942 2651 997 διάκονοι.
2688 964 2706 997 ι
2738 948 2846 1001 Καὶ
2884 950 3098 1021 ἑκάστῳ
3129 952 3204 1016 ὡς
3225 955 3253 1006 6
3281 955 3484 1025 Κύριος
3506 956 3692 1013 ἔδωκε.
3718 977 3745 1011 ο

2172 1031 2284 1082 Καὶ
2313 1031 2420 1102 γὰρ
2449 1034 2508 1086 ὲν
2544 1036 2679 1103 ἡμῖν
2710 1036 2961 1109 διαφορά.
2988 1042 3052 1092 Εί
3081 1043 3190 1112 γὰρ
3223 1044 3316 1097 καὶ
3341 1045 3441 1114 τῆς
3467 1046 3754 1112 διακονίας

2173 1123 2539 1194 κοινωνοῦμεν
2587 1127 2858 1198 ἀλλήλοις,
2890 1131 3026 1185 ἀλλὰ
3076 1134 3259 1206 μέτρῳ
3290 1137 3398 1190 τινὶ
3440 1136 3540 1208 τὴν
3584 1138 3752 1209 χάριν

2173 1211 2568 1282 ὲκομισάμεθα.

2242 1310 2316 1367 ς’.
2339 1324 2357 1355 ο
2402 1304 2541 1374 Ἐγὼ
2564 1308 2855 1376 ἐφύτευσα.
2876 1330 2895 1363 ι
2926 1315 3146 1384 Πρῶτος
3178 1315 3288 1386 γὰρ
3316 1318 3442 1388 ὑμῖν
3476 1319 3747 1389 ὲκήρυξα.

2177 1413 2196 1446 ι
2246 1397 2517 1463 Ἀπολλὼς
2568 1401 2835 1457 ἐπότισεν.
2890 1422 2907 1454 ι
2952 1407 3085 1459 Μετ’
3126 1409 3225 1477 ἐμὲ
3278 1408 3376 1480 τὴν
3415 1410 3552 1481 ἐμὴν
3595 1411 3753 1466 διδα-

2171 1488 2397 1542 σκαλίαν
2428 1491 2742 1560 ὲκράτυνεν.
2771 1514 2791 1545 ‹
2814 1495 2951 1548 Ἀλλ’
2981 1498 3009 1549 6
3038 1497 3169 1562 Θεὸς
3198 1498 3418 1569 ηὔξανε.
3451 1520 3470 1553 ι
3492 1502 3604 1571 Τῆς
3631 1519 3653 1571 1
3679 1502 3757 1575 Ξιρ

2168 1578 2331 1630 αὐτοῦ
2359 1580 2581 1650 χάριτος
2610 1584 2671 1637 τὸ
2694 1587 3043 1658 κατόρθωμα.

2239 1667 2302 1732 ζ’.
2337 1688 2353 1719 ι
2391 1670 2553 1723 Ὥστε
2573 1671 2697 1726 οὑτε
2715 1675 2756 1727 6-
2773 1676 3016 1744 φυτεύων
3041 1678 3158 1731 ἐστί
3186 1696 3259 1740 τι,
3278 1679 3400 1733 οὑτε
3420 1682 3448 1734 6
3481 1683 3749 1747 ποτίζων,

2166 1758 2280 1811 ἀλλ’
2312 1760 2340 1811 6
2373 1760 2616 1825 αὐξάνων
2666 1763 2816 1829 Θεός.
2850 1784 2870 1817 ι
2908 1766 3041 1820 Θεοῦ
3087 1767 3196 1839 γάρ
3233 1770 3306 1841 μὴ
3333 1773 3747 1842 συνεργοῦντος,

2167 1850 2398 1919 μάταιος
2420 1855 2446 1904 ό
2471 1853 2736 1924 ἡμέτερος
2761 1856 2938 1920 πόνος.

2235 1949 2303 2010 η’.
2339 1961 2358 1994 ι
2413 1944 2469 1997 '0
2520 1946 2766 2012 φυτεύων
2808 1947 2865 2001 δὲ
2904 1949 2997 2001 καὶ
3034 1951 3063 2001 ὁ
3118 1950 3350 2015 ποτίζων
3383 1953 3442 2005 ’ἐν
3493 1956 3626 2007 εἰσιν
3663 1971 3679 1984 ο
3722 1975 3741 2006 ι

2163 2032 2302 2084 κατὰ
2345 2032 2441 2103 τὴν
2485 2033 2809 2104 ὑπουργίαν.
2856 2037 3177 2109 Ἀμφότεροι
3201 2040 3308 2111 γὰρ
3350 2041 3430 2112 τῷ
3468 2042 3595 2114 θείῳ
3622 2044 3749 2097 δια-

487 2099 640 2155 viunt
684 2098 884 2154 divinae
938 2099 1207 2154 voluntati
1242 2120 1255 2156 :
1291 2102 1388 2157 sed
1438 2119 1547 2158 non
1587 2108 1893 2163 secundum
1923 2125 2051 2179 opus

2162 2122 2375 2176 κονοῦσι
2400 2098 2409 2103 ”
2432 2098 2730 2195 βουλήματι
2752 2143 2764 2155 ·
2799 2127 2860 2180 οὐ
3038 2098 3179 2182 χοὶτά
3212 2098 3486 2200 τοέργον,
3514 2098 3750 2205 {mea

484 2190 567 2245 vel
594 2189 758 2243 animi
789 2190 1295 2260 promptitudinem.
1344 2192 1411 2248 ‘ln
1440 2194 1524 2250 his
1548 2197 1717 2259 eninL
1746 2213 1941 2270 magna
1966 2208 2051 2256 est

2159 2209 2257 2280 τὴν
2315 2189 2664 2283 προθυμίαν·
2704 2217 2760 2269 ὲν
2800 2189 2909 2287 γὰρ
2957 2189 3176 2283 τούτοις
3222 2189 3393 2293 πολλή
3421 2189 3596 2294 ὴ-τιῦν
3623 2225 3748 2280 δια·

483 2278 790 2335 diﬂerentia
841 2294 1041 2334 eorum
1086 2282 1178 2350 qui
1227 2282 1564 2340 ministrant.
1614 2285 1729 2342 Hoc
1758 2290 1905 2343 enim
1942 2290 2051 2360 ipse

2159 2278 2456 2356 κονούντων
2494 2278 2744 2377 διαφορά.
2807 2278 2974 2361 Τοῦτο
3023 2314 3131 2381 γὰρ
3155 2278 3275 2366 ’καὶ
3329 2278 3491 2378 αὐτός
3532 2334 3741 2387 φησιν’

482 2384 702 2441 quoque
742 2369 877 2426 dicit
924 2387 996 2425 τι
1063 2372 1454 2444 Unusquisque
1516 2385 1700 2432 autem
1777 2382 2051 2450 propriam

2164 2413 2183 2445 ι
2227 2394 2498 2461 Ἕκαστος
2519 2369 2627 2469 γὰρ
2656 2369 2765 2453 ’τὸν
2818 2400 2947 2455 ίδιον
2982 2369 3173 2473 μίσθδν
3203 2405 3433 2476 λήψεται
3467 2369 3609 2463 κατά
3640 2411 3743 2465 τὸν

481 2459 784 2515 mercedem
844 2461 1077 2531 accipiet
1128 2465 1422 2521 secundum
1510 2482 1670 2521 suum
1723 2468 1987 2527 laborem.
2030 2490 2050 2524 ι

480 2549 502 2571 "
531 2548 651 2606 Non
690 2551 1013 2621 simpliciter
1042 2553 1348 2608 secundum
1390 2569 1551 2626 opus,
1591 2558 1686 2613 sed
1747 2563 2053 2618 secundum

479 2643 663 2713 Operis
692 2644 956 2699 laborem.
1004 2642 1113 2698 'llic
1169 2646 1315 2700 enim
1351 2661 1494 2716 saepe
1541 2648 1812 2706 ducentos
1864 2652 2056 2708 Serva-

478 2735 582 2789 tori
619 2732 775 2788 oll‘ert
808 2748 934 2787 cum
968 2748 1164 2804 magna
1196 2734 1460 2790 facilitate
1495 2755 1508 2791 :
1540 2737 1630 2791 ille
1655 2746 1837 2794 autem
1883 2758 2050 2797 unum

479 2824 634 2895 181
674 2825 757 2879 vel
779 2824 919 2879 duos
949 2825 1187 2903 plurimo
1216 2841 1342 2879 cum
1375 2827 1564 2882 labore
1595 2829 1664 2882 ab
1689 2844 1876 2886 errore
1917 2832 2053 2888 libe-

475 2925 581 2971 rat.
597 2914 711 2971 Hoc
736 2923 916 2971 autem
940 2915 1105 2971 etiam
1126 2917 1181 2971 in
1199 2916 1410 2986 jejunio
1435 2926 1483 2973 et
1513 2918 1566 2973 in
1588 2908 1951 2990 temperantia
1967 2926 2052 2979 vi-

472 3007 605 3069 dere
624 3016 728 3062 est.
766 3005 865 3062 llic
897 3007 1042 3061 enim
1072 3007 1370 3077 adiuvante
1409 3015 1601 3064 natura
1626 3015 2048 3081 temperantiam

2158 2486 2288 2540 ἴδιον
2322 2490 2507 2544 κόπον.
2550 2509 2569 2541 ι
2594 2492 2706 2561 Οὐχ
2736 2493 2921 2556 ἁπλῶς
2950 2497 3088 2548 κατὰ
3120 2496 3180 2549 τὸ
3212 2496 3392 2568 ἔργον,
3426 2499 3559 2553 ἀλλὰ
3588 2503 3745 2556 κατὰ

2155 2578 2250 2631 τὸν
2273 2580 2366 2632 τοῦ
2413 2580 2587 2651 ἔργου
2621 2582 2809 2638 κόπον.
2842 2577 3012 2648 Οὗτος
3040 2586 3140 2656 μὲν
3172 2588 3281 2658 γὰρ
3316 2589 3575 2655 πολλάκις
3614 2592 3745 2646 δια-

2155 2669 2369 2734 κοσίους
2397 2671 2471 2741 τῷ
2508 2672 2718 2743 Σωτῆρι
2756 2674 2894 2745 μετὰ
2946 2677 3148 2748 πολλῆς
3187 2679 3438 2745 εὐκολίας
3483 2684 3739 2752 προσφέ-

2156 2779 2238 2831 ρει
2263 2778 2275 2790 ·
2314 2765 2524 2827 ἐκεῖνος
2552 2764 2608 2817 δὲ
2638 2766 2789 2838 ἕναῆ
2819 2767 2913 2821 δύο
2941 2770 3192 2825 πλεῖστον
3225 2772 3526 2843 ὑπομείνας
3564 2776 3743 2831 πόνον

2151 2855 2251 2924 τῆς
2282 2854 2490 2927 πλάνης
2523 2857 2811 2929 ἐλευθεροῖ.
2862 2861 3031 2915 Τοῦτο
3074 2863 3130 2916 δὲ
3184 2865 3279 2918 καὶ
3328 2866 3420 2918 ἐπὶ
3473 2868 3738 2936 νηστείας

2152 2946 2245 2999 καὶ
2303 2948 2655 3018 σωφροσύνης
2710 2950 2856 3005 ἔστιν
2901 2953 3046 3006 ἰδεῖν.
3100 2956 3158 3007 ὐ
3206 2955 3304 3026 μὲν
3342 2956 3449 3026 γὰρ
3478 2958 3583 3010 ὑπὸ
3624 2959 3737 3028 τῆς

2151 3033 2366 3100 φύσεως
2421 3035 2783 3107 βοηθούμενος
2832 3040 3085 3111 κατορθοῖ
3114 3042 3237 3112 δίχα
3274 3043 3450 3096 πόνων
3477 3045 3576 3115 τὴν
3620 3062 3740 3099 σω-

470 3103 695 3152 exercet
731 3095 852 3151 sine
889 3095 998 3150 ulla
1038 3094 1362 3150 difﬁcultate
1407 3104 1461 3150 et
1509 3097 1692 3154 labore
1723 3117 1737 3153 :
1774 3100 1865 3154 ille
1894 3119 2044 3170 vero,

2152 3094 2453 3194 ιρροσύνην’·
2555 3094 2751 3179 δὲ’ὐπὺ
2777 3128 2877 3196 τῆς
2910 3094 3123 3198 φύσεως
3154 3094 3552 3201 ⁸,ξολεμούμενοιξ
3582 3135 3738 3203 μετὰ

470 3195 667 3241 natura
723 3194 1084 3256 repugnante,
1118 3187 1306 3242 multis
1343 3187 1624 3245 laboribus
1649 3190 1703 3244 id
1729 3191 1873 3260 quod
1897 3194 2042 3249 desi-

467 3279 623 3334 derat
655 3279 994 3348 asscquitur.
1028 3276 1092 3331 Et
1124 3277 1213 3331 hic
1250 3278 1469 3347 quidem
1503 3280 1598 3348 qui
1634 3292 1719 3336 est
1761 3284 2042 3342 calidioris

467 3376 873 3440 temperaturae,
908 3382 1034 3422 cum
1099 3366 1337 3422 maxima
1397 3369 1646 3425 molestia
1688 3373 1913 3443 jejunus
1944 3392 2040 3433 ex-

466 3464 682 3532 spectat
730 3459 1179 3528 vesperamzille
1241 3466 1423 3514 autem
1470 3462 1634 3516 etiam
1688 3464 1922 3521 duorum
1982 3476 2040 3523 et

466 3552 637 3609 trium
670 3551 883 3606 dierum
916 3550 1154 3607 inediam
1171 3549 1319 3604 haud
1354 3565 1556 3622 magno
1597 3554 1786 3613 labore
1807 3559 2034 3627 patitur.

462 3643 834 3710 Quamobrem
868 3642 1054 3714 justus
1092 3640 1260 3714 judex
1312 3656 1421 3696 non
1472 3658 1635 3717 Opus,
1660 3648 1756 3703 sed
1796 3650 2036 3706 laborem

463 3735 705 3804 respicit.

539 3826 703 3884 Vens.
731 3828 787 3885 9.
826 3848 846 3881 ι
878 3827 972 3885 Dei
1027 3831 1173 3885 enim
1238 3849 1432 3889 sumus
1478 3831 1781 3903 adjutores.
1849 3854 1866 3887 ι
1930 3835 2035 3903 Qui
2088 3822 2097 3830 ”

458 3934 586 3976 cum
617 3919 747 3976 Ario
796 3930 849 3976 et
896 3920 1166 3979 Eunomia
1191 3926 1460 3989 sentiunt,
1502 3942 1573 3981 ne
1628 3925 1770 3982 Filio
1811 3927 2033 3997 quidem

461 4012 602 4066 hanc
635 4012 1056 4082 appellationem
1116 4016 1393 4082 tribuunt,
1436 4017 1531 4072 sed
1586 4017 1768 4087 ipsum
1801 4005 2036 4072 admini-

458 4112 633 4161 strum
660 4104 963 4161 nominant.
1032 4106 1260 4165 Divinus
1314 4118 1498 4167 autem
1543 4112 1840 4181 Apostolus
1865 4112 2032 4167 etiam

458 4197 705 4253 veritatis
737 4196 1122 4265 praedicatores
1153 4198 1246 4255 Dei
1275 4202 1555 4271 adjutores
1576 4209 1630 4256 et
1650 4211 2035 4270 cooperatores

458 4289 719 4357 appellat.
768 4288 971 4344 Verum
1036 4305 1229 4360 magna
1281 4301 1366 4347 est
1407 4292 1858 4346 dilIerentia.l|le
1885 4292 2031 4346 enim

455 4387 781 4448 cooperatur
835 4388 1095 4451 tanquam
1163 4381 1337 4437 Filius
1391 4401 1404 4437 :
1460 4383 1515 4436 bi
1573 4397 1705 4436 vero
1772 4390 2031 4451 tanquam

2148 3208 2419 3265 πλείστων
2466 3212 2645 3265 πόνων
2676 3215 2938 3270 ἀπολαύει
2997 3217 3087 3270 τοῦ
3142 3219 3500 3289 ποθουμένου.
3538 3222 3649 3276 Καὶ
3698 3227 3739 3277 ὁ

2149 3303 2247 3374 μὲν
2270 3304 2604 3376 θερμοτέραν
2636 3305 2773 3375 ἔχων
2794 3308 2893 3376 τὴν
2917 3310 3110 3379 κρᾶσιν
3135 3309 3272 3379 μετὰ
3300 3312 3500 3381 πολλῆς
3528 3312 3735 3384 ὀδύνης

2145 3397 2329 3461 ἄσιτος
2363 3398 2461 3467 τὴν
2506 3398 2745 3471 ἑσπέραν
2803 3402 3142 3471 προσμένει·
3172 3403 3200 3454 6
3247 3402 3304 3456 δὲ
3357 3404 3453 3456 καὶ
3495 3405 3586 3459 δύο
3626 3406 3735 3460 καὶ⁵

2143 3492 2291 3558 τρεῖς
2321 3490 2531 3559 ἡμέρας
2550 3490 2802 3554 διατελεῖ,
2822 3494 3027 3562 τροφῆς
3057 3493 3155 3563 μὲν
3182 3496 3241 3547 οὐ
3272 3495 3727 3567 μεταλαγχάνων.

2144 3580 2305 3633 πόνον
2336 3580 2393 3633 δὲ
2425 3579 2672 3633 πλεῖστον
2717 3583 2815 3653 οὐχ
2861 3584 3165 3654 ὑπομένων.
3201 3581 3275 3641 Οὐ
3305 3587 3367 3659 δὴ
3398 3589 3557 3659 χάριν
3584 3591 3613 3643 6
3638 3591 3731 3644 δίου

2143 3689 2299 3736 καιος
2328 3674 2522 3745 κριτὴς
2549 3675 2610 3727 οὐ
2644 3674 2702 3727 τὸ
2730 3675 2909 3747 ἔργον,
2942 3677 3077 3731 ἀλλὰ
3109 3677 3211 3745 τὸν,
3229 3682 3388 3734 πόνον
3415 3683 3529 3753 ὁρᾷ.

2215 3848 2281 3905 θ’.
2317 3870 2336 3901 ι
2367 3851 2500 3905 Θεοῦ
2542 3853 2651 3924 γάρ
2698 3855 2865 3922 ἐσμεν
2922 3855 3191 3927 συνεργοί.
3234 3876 3253 3909 ι
3289 3857 3352 3910 υί
3395 3859 3461 3913 τὰ
3503 3859 3717 3929 ’Δρείου

2142 3945 2237 3997 καὶ
2287 3943 2550 4013 Εὐνομίου
2589 3944 2911 4016 φρονοῦντες
2957 3948 3076 3999 οὐδὲ
3120 3948 3196 4019 τῷ
3231 3949 3342 4019 Υίῷ
3378 3949 3581 4020 ταύτης
3614 3953 3720 4022 τῆς

2143 4035 2514 4105 προσηγορίας
2547 4035 2878 4103 μετέδωκαν,
2930 4037 3044 4091 ἀλλ’
3091 4040 3360 4109 ὑπουργὸν
3395 4039 3554 4095 αὐτὸν
3594 4040 3717 4095 ὀνο-

2145 4121 2424 4193 μάζουσιν.
2470 4122 2526 4177 Ὀ
2556 4124 2612 4176 δὲ
2661 4126 2802 4188 θεῖος
2842 4128 3159 4193 Ἀπόστολος
3188 4132 3281 4183 καὶ
3315 4133 3438 4195 τοὺς
3467 4132 3716 4203 κήρυκας

2140 4208 2238 4277 τῆς
2282 4206 2540 4276 ἀληθείας
2574 4210 2869 4279 συνεργοὺς
2921 4214 3316 4285 προσαγορεύει
3359 4216 3516 4270 Θεοῦ.
3552 4217 3715 4273 Ἀλλὰ

2140 4298 2276 4352 πολύ
2315 4301 2373 4352 τὸ
2400 4299 2671 4368 διάφορον.
2716 4301 2773 4355 Ὀ
2815 4301 2914 4372 μὲν
2942 4302 3051 4373 γὰρ
3098 4303 3173 4368 ὡς
3203 4305 3330 4370 Υἱὸς
3360 4309 3629 4378 συνεργεῖ,
3662 4313 3712 4363 οί

2139 4386 2196 4440 δὲ
2221 4387 2295 4450 ὡς
2323 4387 2665 4442 εὐνούστατοι
2694 4389 2869 4443 δοῦλοι
2894 4391 2986 4444 τοῦ
3017 4392 3154 4446 Θεοῦ
3196 4394 3461 4466 πληροῦσι
3495 4397 3552 4450 τὸ
3588 4398 3713 4468 βού-

456 4470 820 4527 atnantissimi
878 4472 1021 4526 servi
1073 4472 1300 4542 implent
1342 4473 1439 4527 Dei
1490 4471 1848 4525 voluntatem.
1883 4490 1901 4522 ι
1938 4472 2031 4526 Dei

2152 4484 2306 4547 lquor.
2347 4498 2366 4529 ‹
2405 4478 2540 4531 Θεοῦ
2578 4478 2878 4551 γεώργιον,
2912 4481 3049 4535 Θεοῦ
3101 4485 3352 4556 οἰκοδομή
3394 4489 3535 4539 ἐστε.
3577 4506 3596 4538 ι
3631 4489 3710 4541 Οὐ

454 4562 810 4630 agricultura,
848 4559 936 4615 Dei
975 4561 1271 4616 azdillcatio
1325 4561 1480 4614 estis.
1519 4577 1538 4610 ι
1574 4557 1692 4611 Non
1730 4559 1895 4628 hujus
1939 4570 2033 4614 aut

2152 4566 2227 4621 :05
2258 4568 2426 4632 δεῖνος
2463 4570 2555 4623 καὶ
2588 4569 2682 4623 τοῦ
2732 4571 2922 4637 δεῖνος,
2958 4573 3093 4626 ἀλλὰ
3117 4574 3209 4627 τοῦ
3241 4575 3349 4629 τῶν
3378 4576 3515 4630 ὅλων
3548 4579 3712 4633 Θεοῦ.

454 4655 625 4717 illius.
650 4654 744 4710 sed
776 4652 868 4708 Dei
906 4656 1315 4711 universorum.

530 4746 689 4800 Vens.
721 4746 805 4800 10.
840 4766 857 4797 ι
884 4746 1199 4801 Secundum
1238 4744 1470 4814 gratiam
1500 4741 1593 4796 Dei
1626 4758 1747 4812 quae
1781 4742 1909 4798 data
1948 4753 2035 4800 est

2201 4753 2253 4801 ι’.
2284 4764 2303 4797 ι
2343 4747 2499 4800 Κατὰ
2525 4747 2622 4819 τὴν
2651 4749 2810 4822 χάριν
2841 4748 2934 4805 τοῦ
2965 4750 3099 4806 Θεοῦ
3127 4755 3168 4786 ’⁷
3201 4754 3297 4826 τὴν
3321 4755 3564 4812 δοθεῖσάν
3592 4776 3705 4828 μοι,

453 4837 611 4900 mihi,
639 4846 700 4891 ut
720 4839 941 4908 sapiens
975 4837 1313 4892 architectus
1360 4832 1774 4888 fundamentum
1815 4838 2026 4906 posui.»

2152 4840 2205 4900 ἶις
2232 4839 2392 4906 σοφὸς
2421 4839 2463 4871 ⁸⁸
2487 4841 2823 4910 ἀρχιτέκτων
2857 4843 3101 4914 θεμέλιον
3121 4847 3389 4903 τέθεικα.»
3418 4851 3527 4920 Τὴν
3557 4853 3711 4908 θείαν

450 4927 589 4983 Cum
621 4927 864 4983 divinam
895 4930 1052 4998 prius
1106 4925 1342 4997 gratiam
1385 4921 1740 4986 ostendisset,
1780 4933 1893 4980 tum
1936 4942 2028 4983 se-

452 5022 629 5088 ipsum
653 5019 957 5090 sapientem
1023 5016 1384 5071 architectum
1434 5014 1742 5083 appellavit.
1769 5014 1881 5085 Ego
1913 5016 2027 5086 pri-

452 5125 595 5177 mus,
627 5109 827 5181 inquit,
854 5109 908 5163 in
936 5109 1090 5163 vobis
1118 5106 1224 5175 jeci
1261 5104 1614 5160 fundamenta
1646 5107 1883 5176 pietatis.

528 5217 550 5253 ι
587 5201 744 5257 Alius
758 5208 940 5255 autem
961 5195 1380 5267 supermdillcat.
1410 5193 1806 5266 Unusquisque
1835 5206 2017 5252 autem

451 5290 633 5347 videat
655 5290 931 5362 quomodo
961 5287 1380 5357 superaediﬁcet.
1413 5285 1605 5356 (Vens.
1635 5287 1744 5358 ll.)
1795 5287 2014 5342 Funda-

452 5390 696 5438 mentum
727 5381 871 5437 enim
904 5380 1049 5434 aliud
1084 5395 1244 5435 nemo
1280 5389 1458 5450 potest
1496 5394 1697 5450 ponere
1732 5387 1929 5449 praeter
1957 5379 2008 5433 id

2131 4924 2347 4996 πρῶτον
2369 4927 2649 4993 ὑποδείξας
2694 4931 2876 5002 χάριν,
2915 4932 3087 4998 οὕτως
3135 4936 3325 4989 ἑαυτὸν
3361 4939 3521 5008 σοφὸν
3549 4943 3712 5013 άρχι-

2128 5016 2353 5073 τέκτονα
2388 5021 2848 5093 προσηγόρευσεν.
2891 5023 3050 5092 Ἐγὼ,
3070 5027 3226 5097 φησὶ,
3252 5027 3465 5098 πρῶτος
3489 5032 3546 5084 ὲν
3575 5032 3710 5104 ὑμῖν

2127 5108 2227 5178 τῆς
2251 5109 2531 5173 εὐσεϐείας
2561 5112 2847 5182 κατέπηξα
2870 5114 2936 5168 τὰ
2959 5114 3205 5185 θεμέλια.

2202 5219 2221 5250 ‹
2263 5200 2456 5263 Ἀλλος
2487 5201 2545 5255 δὲ
2563 5203 2906 5273 ἐποικοδομεῖ
2929 5222 2941 5236 ·
2972 5206 3203 5272 ἕκαστος
3223 5209 3279 5262 δὲ
3304 5208 3552 5280 βλεπέτω
3583 5212 3705 5276 πῶς

2127 5290 2485 5360 ἐποικοδομεῖ,
2522 5290 2660 5364 (ια’.)
2691 5294 2951 5365 Θεμέλιον
2998 5296 3106 5367 γὰρ
3139 5298 3294 5354 ἄλλον
3336 5301 3509 5366 οὐδεὶς
3537 5302 3702 5358 δύνα-

2124 5396 2215 5433 ται
2258 5382 2428 5434 θεῖναι
2460 5382 2610 5452 παρὰ
2657 5384 2750 5437 τὸν
2802 5384 3052 5456 κείμενον
3077 5388 3153 5456 ⁸⁸,
3183 5390 3243 5453 ὃς
3298 5391 3445 5444 ἐστιν
3495 5391 3699 5456 Ἰησοῦς

1729 5531 1961 5587 νΑιηΑε
2001 5531 2406 5589 LECTIONES.

523 5674 562 5701 ¹τ
594 5670 700 5757 τοῦ.
720 5670 855 5755 Θεοῦ
890 5672 1129 5757 deest_in
1164 5673 1221 5725 Β.
1298 5674 1341 5705 ⁸⁸
1370 5672 1516 5727 lnl‘ra
1540 5673 1700 5742 epist.
1737 5672 2017 5757 146,‘pag.
2046 5673 2216 5757 1035,
2236 5672 2710 5757 Sir.m._et_quaest.
2744 5678 2779 5732 2
2806 5678 2858 5732 in
2889 5678 3274 5757 Josuani_._t‘.ytb
3307 5684 3415 5757 γὰρ
3443 5685 3540 5751 ὡς,
3588 5696 3696 5742 etc.

450 5737 499 5783 ⁸⁸
535 5740 778 5796 Habebat
808 5738 973 5797 Sirm.
1005 5743 1169 5799 editio
1203 5751 1261 5797 ut
1295 5752 1426 5814 puto
1459 5757 1554 5813 per
1576 5737 1818 5797 errorem
1837 5737 2065 5811 τὸ’κείμ.
2094 5743 2255 5798 Certe
2299 5743 2431 5798 illud
2464 5737 2552 5798 τόν
2583 5762 2797 5818 semper
2825 5757 2908 5805 est
2939 5754 3078 5821 apud
3110 5737 3404 5822 Nostrum:
3432 5737 3688 5828 al'épiéi;
