4098 6400
513 355 617 421 955
1503 358 1995 420 THEODORETI
2038 357 2160 418 EPI
2169 357 2382 419 SCOPI
2419 355 2787 416 CYRENSIS
3682 347 3792 415 956

502 460 747 539 acuerit,
789 475 1151 547 benignitatis
1178 485 1381 533 nostra:
1417 476 1850 532 munilicentiam
1881 474 2101 546 experi-

2209 472 2300 527 τοῦ
2362 473 2691 543 γράμματος
2735 468 2892 541 ήμῶν
2942 468 3130 522 τούτου
3165 465 3351 520 λαϐεῖν
3396 480 3456 518 σε
3498 466 3787 535 προσήκει.

488 556 659 622 υτιιτ.
692 567 839 624 Deus
872 579 926 629 te
947 576 1258 632 conservet,
1289 568 1457 624 frater
1478 569 1826 625 charissime.

2209 563 2365 618 Οὕτω
2413 561 2520 633 γὰρ
2575 563 2642 615 ἂν
2704 560 2939 631 μάλιστα
2991 558 3060 612 τὰ
3090 558 3137 590 ²²
3167 555 3351 621 καλῶς
3389 556 3669 628 γραφέντα
3699 556 3795 609 καὶ

520 664 684 734 μέχρι
731 662 839 715 τῶν
895 664 1181 734 ἡμετέρων
1253 661 1436 733 ὄψεων
1496 665 1676 735 ῥᾷστα
1738 662 2147 734 διακομισθείη’
2213 660 2329 721 ἐνὸς
2385 657 2585 729 δηλαδὴ
2650 655 2809 710 τοῦτο
2871 653 3210 725 πληροῦντος
3265 652 3374 706 τῶν
3420 655 3485 705 ἐκ
3535 651 3635 722 τῆς
3692 653 3796 717 σῆς

515 748 846 822 Ἐκκλησίας
890 752 1191 806 διακόνων·
1225 752 1284 817 ὃς
1332 754 1501 807 ἐπειδ’
1540 753 1607 807 ἂν
1663 753 1931 824 ἀφίκηται
1981 752 2118 823 πρὸς
2144 751 2315 824 ἡμᾶς,
2345 750 2442 821 τῆς
2493 746 2767 820 ἡμετέρας
2815 746 3205 819 πειραθήσεται
3253 742 3682 814 φιλανθρωπίας.
3735 740 3795 795 '0

517 842 651 907 Θεὸς
695 861 756 897 σε
805 844 1123 913 διαφυλάξει
1166 844 1234 911 ’⁸,
1288 845 1486 915 ἀδελφέ
1515 847 1787 917 ἀγαπητέ.

586 939 733 993 Satis
766 940 987 1009 quidem
1025 953 1183 1000 erant
1206 947 1332 1013 ista,
1368 958 1428 1004 ut
1458 949 1788 1016 indicarent,
1808 950 1894 1005 vel
1918 955 2108 1021 aperte

517 1030 700 1099 potius
741 1034 1021 1100 docerent,
1046 1037 1511 1105 quemadmodum
1544 1042 1696 1097 omni
1732 1041 1893 1097 laude
1908 1040 2108 1112 dignus

519 1122 816 1190 imperator
843 1139 1005 1180 suum
1036 1142 1199 1186 omne
1230 1131 1473 1188 studium
1494 1132 1563 1190 ad
1584 1149 1674 1190 res
1693 1134 1908 1189 divinas
1929 1141 2111 1189 trans-

518 1210 726 1266 tulerit.
755 1212 1027 1283 Adjiciam
1075 1226 1260 1274 tamen
1311 1237 1435 1292 quae
1488 1224 1558 1280 ab
1604 1225 1796 1281 eodem
1847 1224 2108 1295 praeclare

517 1299 664 1353 circa
714 1301 955 1359 salutare
1004 1309 1317 1377 sepulcrum
1358 1320 1513 1382 gesta
1560 1322 1713 1370 sunt.
1770 1313 1908 1369 Cum
1957 1313 2106 1367 enim

519 1394 727 1447 certior
753 1392 930 1451 laetus
958 1405 1127 1462 esset,
1174 1403 1531 1475 corybantum
1582 1420 1736 1462 more
1766 1406 2106 1461 insanientes

520 1480 964 1557 bacchantesque
1007 1492 1027 1510 ’
1101 1489 1373 1547 idolorum
1450 1494 1693 1550 cultores
1788 1495 2104 1564 sepulcrum

521 1571 891 1640 Douiiuicum,
915 1576 1044 1633 dum
1086 1581 1281 1636 salutis
1308 1591 1511 1640 nostrae
1540 1584 1857 1640 memoriam
1888 1582 2109 1638 abolere

525 1664 766 1730 student,
808 1677 1028 1738 aggesta
1058 1678 1203 1726 terra
1239 1673 1512 1736 obruisse,
1544 1690 1608 1731 ac
1630 1675 1865 1744 desuper
1892 1675 2109 1730 lascivae

522 1754 788 1812 dmmonis
816 1757 1022 1828 fanum,
1062 1763 1309 1834 virgineo
1344 1766 1525 1835 partui
1558 1766 1910 1830 insultantes,
1945 1765 2103 1837 791

521 1850 907 1907 cxstruxisse:
961 1854 1140 1922 primo
1200 1857 1598 1912 exsecrandum
1648 1857 1779 1912 illud
1816 1856 2105 1912 aedilicium

521 1938 689 2002 dirui,
726 1949 888 2010 atque
918 1943 1145 2000 hmnum
1178 1947 1327 2002 illam
1358 1947 1591 2018 impuris
1625 1948 1862 2004 victimis
1916 1955 2107 2003 conta-

522 2028 783 2084 minatam
846 2034 1171 2102 exportari,
1227 2036 1530 2106 proculque
1597 2036 1665 2092 ab
1721 2036 1855 2093 urbe
1910 2036 2108 2107 projiei

516 2117 685 2189 jussit
716 2136 731 2174 :
765 2120 965 2180 deinde
988 2127 1262 2196 templum
1304 2127 1705 2198 amplissimum
1732 2128 2106 2198 ‘etpuleberri-

520 2227 671 2266 mum
701 2214 1036 2272 inwdiﬁcari.
1068 2215 1173 2274 Sed
1192 2219 1306 2275 haec
1338 2222 1652 2279 evidentius
1673 2223 1904 2293 epistola
1924 2222 2106 2282 docet.

410 2385 415 2389 η
521 2318 686 2374 quam
727 2307 792 2359 ad
822 2306 1079 2362 Ecclesia:
1119 2310 1268 2366 illius
1297 2313 1600 2369 antistitem
1631 2314 1800 2370 misit.
1835 2311 2110 2368 Macarius

520 2394 571 2450 is
598 2402 737 2457 erat.
769 2398 927 2467 cujus
949 2411 1109 2455 antea
1141 2404 1513 2469 meminimus,
1544 2408 1638 2476 qui
1660 2414 1715 2461 et
1748 2419 1949 2476 magno
1977 2419 2109 2459 con-

521 2487 651 2542 cilio
707 2488 975 2558 interluit,
1031 2501 1085 2547 et
1147 2494 1261 2549 Arii
1326 2497 1665 2566 impietatem
1724 2512 1850 2553 cum
1896 2497 2111 2552 caeteris

522 2575 837 2637 debellavit.
859 2583 1099 2652 Epistula
1128 2593 1309 2641 autem
1340 2589 1453 2643 haec
1480 2598 1563 2645 est
1587 2607 1603 2643 :

805 2872 958 2927 CAP.
997 2871 1140 2928 xvn.
1193 2872 1278 2946 [Β.
1337 2873 1421 2930 St.
1452 2872 1554 2929 cu.
1591 2873 1658 2931 v.
1685 2873 1819 2947 ιλ]

523 2963 651 3021 Alia
696 2962 932 3033 ejusdem
972 2965 1200 3032 epistola
1253 2964 1325 3036 ad
1372 2963 1671 3036 Hacarium
1726 2965 2112 3036 Hierosolymi-

631 3045 813 3089 tunum
840 3036 1164 3105 episcopum,
1193 3037 1258 3091 de
1299 3034 1393 3091 Dei
1424 3035 1615 3106 templo
1655 3034 2004 3091 exstruendo.

486 3202 492 3207 ‘
580 3190 782 3250 ~Victor
830 3193 1256 3263 Constantinus,
1303 3196 1601 3264 maximus,
1641 3197 1949 3271 Augustus,
1997 3166 2182 3256 Ma-C

524 3303 698 3342 cano.

599 3378 775 3433 Tanta
820 3388 907 3441 est
934 3378 1248 3436 Scrvatoris
1277 3381 1458 3436 nostri
1488 3380 1825 3452 benignitas,
1854 3392 1915 3439 ut
1964 3386 2111 3441 nulla

527 3469 745 3524 dicendi
783 3471 866 3523 vis
911 3485 1154 3538 praesens
1206 3470 1530 3525 miraculum
1563 3487 1786 3543 aequare
1835 3490 1998 3544 posse
2030 3476 2114 3531 vi-

528 3562 743 3617 deatur.
783 3560 1063 3617 Passionis
1109 3562 1254 3617 cnim
1302 3563 1449 3617 illius
1489 3567 1858 3622 sanctissima:
1885 3568 2105 3639 signant

530 3650 635 3705 sub
668 3661 810 3705 terra
848 3651 978 3704 olim
1017 3651 1258 3705 abditum
1312 3662 1393 3707 tot
1427 3668 1697 3710 annorum
1732 3658 2113 3713 conversioni-

528 3744 643 3821 bus
686 3743 992 3807 delituisse,
1046 3743 1219 3799 donec
1259 3746 1434 3801 servis
1486 3746 1608 3816 ejus
1658 3763 1755 3817 per
1804 3750 2115 3806 communis

529 3834 708 3890 hostis
758 3835 1039 3889 interitum
1097 3836 1150 3890 in
1221 3837 1525 3893 libertatem
1572 3839 1871 3896 vindicatis
1924 3841 2115 3897 illuce-

531 3936 730 3988 sceret.
760 3943 978 3983 omnem
1018 3927 1270 3999 profecto
1308 3929 1523 3985 excedit
1570 3930 2012 3989 admirationem.
2051 3931 2119 3987 Et

526 4023 784 4092 quamvis
819 4017 1036 4083 omnes,
1077 4023 1172 4089 qui
1205 4027 1322 4077 toto
1365 4031 1636 4078 terrarum
1671 4024 1803 4079 orbe
1842 4028 2117 4093 sapientes

526 4112 944 4175 existimantur,
994 4127 1163 4165 ttnttm
1218 4113 1272 4166 in
1323 4113 1501 4167 locum
1548 4115 1867 4183 congregati
1909 4115 2116 4186 aliquid

531 4216 633 4271 pro
659 4202 738 4257 rei
764 4202 1031 4271 dignitate
1054 4202 1241 4259 dicere
1264 4204 1531 4267 nitantur,
1557 4218 1659 4258 nec
1690 4205 1972 4259 minimam
1998 4207 2118 4274 ejus

2289 942 2473 997 Ἱκανὰ
2522 942 2623 1012 μὲν
2681 935 2777 996 οῦν
2808 939 2907 995 καὶ
2947 937 3127 992 ταῦτα
3151 935 3556 1008 τεκμηριῶσαι,
3591 934 3796 1005 μᾶλλον

2203 1033 2261 1088 δέ
2319 1033 2526 1100 διδάξαι
2576 1032 2787 1103 σαφῶς,
2838 1033 2987 1094 ὅπως
3042 1032 3072 1083 ὁ
3131 1028 3490 1098 πανεύφημος
3539 1025 3798 1097 βασιλεὺς

2203 1128 2384 1180 πᾶσαν
2442 1126 2522 1188 εἰς
2577 1124 2651 1177 τὰ
2711 1123 2831 1177 θεῖα
2875 1123 3146 1194 μετέθηκε
3179 1121 3277 1193 τὴν
3330 1119 3589 1188 σπουδήν.
3619 1119 3798 1190 Προσ-

2202 1219 2354 1289 θήσω
2396 1218 2454 1271 δὲ
2512 1219 2663 1287 ὅμως
2723 1218 2835 1280 τοῖς
2892 1215 3205 1287 εἰρημένοις
3248 1213 3318 1266 τὰ
3362 1212 3489 1282 περί
3542 1211 3633 1264 τὸν
3688 1226 3800 1263 σω-

2201 1312 2392 1383 τήριον
2439 1309 2589 1380 αὑτῷ
2634 1308 2804 1377 τάφον
2849 1306 3277 1378 κατωρθωμένα.
3320 1303 3525 1358 Μαθὼν
3565 1303 3676 1372 γάρ
3720 1303 3799 1366 ὡς

2209 1404 2260 1457 οἱ
2309 1401 2815 1475 κορυϐαντιῶντες,
2868 1401 2965 1454 καὶ
3020 1399 3151 1469 περὶ
3190 1397 3298 1451 τῶν
3346 1393 3581 1449 εἰδώλων
3633 1393 3795 1464 θερα-

2210 1496 2370 1549 πείαν
2403 1492 2849 1565 βεϐακχευμένοι,
2904 1490 2996 1544 τὸν
3048 1490 3148 1561 μὲν
3196 1484 3527 1541 Δεσποτικὸν
3560 1484 3798 1554 κατέχω-

2212 1601 2310 1637 σαν
2353 1583 2545 1653 τάφον,
2609 1580 2751 1653 λήθῃ
2812 1578 3151 1648 παραδοῦναι
3205 1573 3638 1646 φιλονεικοῦντες
3695 1572 3800 1641 τῆς

2212 1674 2487 1746 σωτηρίας
2529 1672 2629 1743 τήν
2681 1672 2921 1742 μνήμην.
2968 1669 3092 1723 Ἐπὶ
3121 1666 3300 1737 τούτῳ
3333 1665 3381 1698 ’⁸
3412 1664 3468 1719 δὲ
3499 1661 3637 1718 νεὼν
3697 1663 3800 1732 τῆς

2211 1765 2515 1821 ἀκολάστου
2572 1763 2824 1835 δαίμονος
2880 1761 3239 1832 ἐδομήσαντο,
3271 1760 3392 1822 ταῖς
3437 1755 3800 1826 παρθενικαῖς

2140 1837 2183 1893 Β
2209 1858 2365 1911 ὠδῖσι
2405 1855 2857 1921 ἐπιτωθάζοντεςο
2899 1851 3018 1927 [46]
3064 1849 3436 1919 καταλυθῆναι
3472 1848 3572 1919 μέν
3626 1863 3799 1917 προσ-

2210 1946 2367 2014 ἐταξε
2396 1948 2456 2002 τὸ
2509 1947 2754 2019 μυσαρὸν
2807 1945 3168 2014 οἰκοδόμημα·
3198 1941 3290 1996 τὸν
3330 1940 3388 1994 δέ
3436 1938 3566 2010 χοῦν
3591 1940 3801 1992 ἐκεῖνον

2207 2041 2301 2095 τὸν
2325 2041 2545 2108 ἐναγέσι
2591 2036 2925 2111 μολυνθέντα
2953 2034 3166 2098 θυσίαις
3197 2030 3571 2105 ἐκφορηθῆναι
3597 2030 3666 2095 ’⁸,
3701 2029 3804 2083 καὶ

2209 2128 2400 2200 πόρρω
2428 2145 2531 2181 που
2562 2126 2787 2199 ῥιφῆναι
2820 2123 2915 2179 τοῦ
2959 2125 3171 2187 ἄστεος·
3228 2117 3350 2176 εἶτα
3410 2117 3547 2174 νεὼν
3589 2118 3801 2172 οἰκοδο-

2213 2220 2452 2292 μηθῆναι
2488 2218 2745 2290 μέγιστόν
2768 2234 2828 2272 τε
2858 2218 2957 2271 καὶ
2997 2215 3305 2270 κάλλιστον.
3345 2211 3508 2283 Δηλοῖ
3537 2210 3595 2263 δέ
3623 2208 3802 2263 ταῦτα

2213 2313 2547 2384 σαφέστερον
2590 2314 2625 2383 ἡ
2668 2310 2947 2381 ἐπιστολὴ,
3003 2308 3070 2381 ἢν
3117 2307 3255 2380 πρὸς
3290 2305 3381 2360 τὸν
3408 2304 3672 2376 πρόεδρον
3694 2306 3802 2373 τῆς

2211 2405 2541 2475 Ἐκκλησίας
2581 2402 2799 2474 ἐκείνης
2852 2401 3140 2455 ἀπέστειλε
3180 2400 3257 2454 ’δέ
3277 2397 3563 2468 Μακάριος
3624 2396 3680 2449 δέ
3727 2391 3801 2469 ἦν

2210 2490 2394 2559 οὗτος,
2461 2486 2523 2547 οὗ
2585 2493 2680 2546 καὶ
2732 2490 2971 2563 πρόσθεν
3013 2487 3391 2561 ἐμνήσθημεν,
3439 2486 3500 2550 δς
3555 2487 3653 2540 καὶ
3700 2484 3807 2554 τῆς

2215 2586 2462 2656 μεγάλης
2505 2585 2897 2653 κεκοινωνήκει
2928 2580 3171 2646 συνόδου,
3198 2581 3293 2633 καὶ
3322 2579 3422 2651 τὴν
3461 2577 3671 2649 Ἀρείου
3703 2576 3807 2631 σὺν

2191 2663 2326 2740 ’τοῖς
2382 2674 2563 2741 ἄλλοις
2616 2674 3031 2744 κατηγωνίσατο
3106 2670 3478 2742 βλασφημίαν.
3530 2670 3689 2723 Ἔστι
3744 2664 3807 2720 δὲ

2212 2768 2352 2836 αῦτη
2377 2768 2421 2800 ³⁷
2443 2783 2459 2800 ·
3037 2809 3045 2817 .

2804 2879 3054 2932 ΚΕΦΑΛ.
3096 2880 3216 2946 ις’.

2226 2968 2553 3036 Ἐπιστολὴ
2581 2969 2689 3023 τοῦ
2707 2968 2895 3022 αὑτοῦ
2929 2967 3080 3036 πρὸς
3128 2964 3436 3036 Μακάριόν
3464 2964 3808 3036 ἐπίσκοπον

2297 3035 2744 3122 Ἰεροσολύμων,
2797 3038 2932 3106 περί
2972 3035 3311 3107 οἰκοδομῆς
3376 3035 3422 3069 ³⁸
3485 3035 3591 3090 τοῦ
3639 3035 3806 3090 θείου

2288 3126 2456 3163 ναου.

2284 3201 2529 3270 Νικητης
2578 3200 2989 3261 Κωνσταντῖνος
3012 3239 3025 3263 ,
3072 3197 3352 3268 μέγιστος,
3405 3194 3676 3258 Σεϐαστὸς
3717 3196 3801 3258 ",

2213 3290 2503 3363 Μακαρίῳ.

2287 3382 2539 3451 Τοσαύτη
2570 3381 2666 3436 τοῦ
2711 3380 2964 3452 Σωτῆρος
3023 3379 3182 3451 ἡμῶν
3231 3381 3380 3433 ἐστιν
3424 3380 3459 3449 ὴ
3518 3378 3699 3449 χάρις,
3731 3376 3808 3440 ὡς

2221 3473 2492 3547 μηδεμίαν
2549 3474 2724 3544 λόγων
2760 3471 3028 3544 χορηγίαν
3073 3470 3167 3525 τοῦ
3219 3471 3485 3543 παρόντος
3526 3468 3811 3540 θαύματος

2216 3567 2375 3633 ἀξίαν
2420 3563 2561 3621 εἶναι
2613 3567 2813 3621 δοκεῖν.
2863 3565 2937 3618 Τὸ
3002 3564 3111 3636 γὰρ
3159 3563 3448 3634 γνώρισμα
3497 3561 3593 3616 τοῦ
3645 3562 3813 3630 ἀγιω·

2215 3660 2382 3714 τάτου
2430 3659 2477 3690 ³⁸
2526 3658 2754 3721 πάθους,
2807 3656 2912 3708 ὑπὸ
2951 3659 3018 3726 τῇ
3055 3658 3126 3727 γῇ
3185 3655 3352 3709 πάλαι
3407 3652 3808 3725 κρυπτόμενον,

2215 3751 2510 3814 τοσαύταις
2573 3749 2714 3803 ἐτῶν
2783 3748 3054 3818 περιόδοις
3115 3747 3299 3800 λαθεῖν
3379 3744 3542 3817 ἄχρις
3607 3736 3668 3797 οὗ
3719 3739 3815 3796 διὰ

2216 3842 2317 3914 τῆς
2370 3841 2465 3896 τοῦ
2514 3839 2696 3895 κοινοῦ
2749 3843 2969 3894 πάντων
3019 3838 3215 3909 ἐχθροῦ
3275 3836 3608 3908 ἀναιρέσεως
3657 3833 3816 3886 ἐλευ-

2219 3933 2511 4004 θερωθεῖσι
2583 3934 2696 3996 τοῖς
2764 3930 2960 3984 ἑαυτοῦ
3040 3928 3373 3999 θεράπουσιν
3460 3923 3812 3995 ἀναλάμπειν

2218 4027 2476 4097 ἔμελλεν,
2529 4027 2709 4080 πᾶσαν
2761 4022 3022 4094 ἔκπληξιν
3072 4023 3146 4085 ὡς
3197 4019 3412 4091 ἀληθῶς
3459 4016 3809 4084 ὑπερϐαίνει.

2224 4119 2287 4172 Εἰ
2322 4118 2430 4191 γὰρ
2466 4120 2669 4182 πάντες
2709 4118 2758 4170 οἰ
2793 4117 2884 4171 διὰ
2934 4117 3115 4185 πάσης
3157 4115 3257 4183 τῆς
3304 4111 3630 4182 οἰκουμένης
3669 4104 3816 4163 εἶναι

2217 4210 2505 4276 δοκοῦντες
2569 4210 2727 4280 σοφοὶ
2772 4211 2852 4273 εἰς
2916 4208 2975 4262 ἐν
3035 4207 3129 4262 καὶ
3176 4206 3238 4260 τὸ
3288 4206 3422 4261 αὐτὸ
3464 4202 3815 4265 συνελθόντες

531 4291 695 4363 792
720 4302 924 4363 partem
951 4295 1171 4364 assequi
1205 4296 1420 4365 possint
1453 4314 1467 4350 :
1499 4302 1763 4364 tantoque
1796 4296 2112 4353 universum

2220 4301 2371 4368 ἄξιόν
2422 4320 2478 4355 τι
2526 4302 2622 4357 τοῦ
2671 4302 2997 4372 πράγματος
3029 4301 3074 4334 ³⁸
3106 4298 3363 4353 ἐθέλωσιν
3397 4298 3440 4330 ³³
3463 4297 3661 4356 εἰπεῖν,
3699 4291 3813 4346 οὐδ’

530 4384 786 4437 humanm
812 4384 1047 4439 rationis
1075 4393 1129 4440 et
1159 4394 1371 4439 naturae
1387 4394 1607 4454 captum
1628 4393 1874 4456 superat,
1907 4396 2112 4456 quanto

2222 4396 2290 4450 ἃν
2341 4394 2479 4466 πρὸς
2540 4394 2882 4467 βραχύτατον
2938 4393 2984 4426 ⁸⁸
3041 4390 3409 4463 ἀμιλληθῆναι
3466 4390 3812 4459 δυνήσονται·

528 4480 779 4536 cmlestia
823 4480 1080 4536 humanis
1112 4490 1243 4537 sunt
1281 4480 1680 4547 praestantiora.
1718 4480 1988 4546 Quocirca
2017 4483 2112 4540 hoc

2223 4485 2317 4539 ἐπὶ
2358 4483 2615 4538 τοσοῦτον
2665 4485 2847 4537 πᾶσαν
2900 4481 3247 4552 ἀνθρωπίνου
3309 4477 3572 4550 λογισμοῦ
3624 4492 3813 4546 χωρη-

534 4570 663 4624 mihi
695 4571 914 4627 assidue
931 4588 1101 4627 unum
1128 4579 1211 4626 est
1229 4572 1546 4634 consilium,
1573 4580 1629 4625 ut
1654 4573 2112 4641 quemadmodum

2219 4574 2381 4648 τικὴν
2439 4577 2603 4646 φύσιν
2631 4577 2665 4647 ὴ
2698 4574 2793 4627 τοῦ
2844 4572 3127 4643 θαύματος
3186 4572 3377 4626 τούτου
3415 4571 3602 4632 πίστις
3639 4569 3815 4638 ὑπερ-

536 4678 666 4716 vera
706 4662 840 4718 ﬁdes
880 4678 941 4718 se
968 4663 1145 4734 ipsam
1177 4662 1422 4732 quotidie
1451 4662 1610 4718 novis
1643 4663 1927 4721 miraculis
1957 4675 2112 4736 pate-

2221 4666 2432 4732 6αίνει,
2476 4654 2588 4739 aut};
2636 4667 2682 4698 “
2731 4666 2840 4720 τῶν
2882 4664 3244 4736 ἀνθρωπίνων
3305 4663 3374 4717 τὰ
3418 4661 3644 4733 οὐράνια
3684 4675 3814 4713 συν-

533 4750 692 4818 facit,
718 4754 799 4808 sic
829 4754 1003 4809 nostri
1022 4756 1268 4806 omnium
1294 4752 1461 4806 animi
1488 4766 1620 4823 erga
1651 4763 1900 4807 sanetam
1938 4755 2112 4826 legem

2222 4760 2455 4831 έστηκεν
2507 4755 2646 4813 εἶναι
2696 4757 3065 4827 δυνατώτερα.
3121 4756 3221 4810 Διὰ
3281 4754 3441 4809 τοῦτο
3489 4751 3620 4821 γοῦν
3653 4743 3817 4817 οὗτος

535 4845 803 4901 modestia
849 4854 903 4900 et
952 4843 1215 4901 concordi
1277 4843 1563 4899 alacritate
1609 4846 1936 4902 attentiores
1988 4847 2112 4902 red-

2219 4848 2309 4902 ἀεὶ
2361 4851 2454 4902 καὶ
2505 4850 2725 4922 πρῶτος
2769 4850 2865 4903 καὶ
2919 4848 3080 4918 μόνος
3134 4845 3250 4901 ἐστί
3308 4863 3399 4917 μοι
3460 4844 3684 4907 σκοπὸς,
3744 4844 3816 4896 ἵν’

533 4932 757 4995 dantur.
790 4936 948 5004 Quod
983 4951 1110 4992 cum
1149 4936 1410 4990 omnibus
1443 4935 1794 4992 manifestum
1832 4954 1954 5001 esse
1982 4955 2112 4995 con-

2219 4941 2410 5015 ὥσπερ
2449 4942 2651 5014 ἐαυτὴν
2694 4941 2984 5014 ,ὁσημέραι
3057 4940 3396 5012 καινοτέροις
3447 4937 3725 5009 θαύμασιν
3776 4937 3814 5007 ή
3864 4955 3869 4959 ·

1831 5097 1999 5154 VARI
2015 5098 2082 5155 ΔΕ
2122 5098 2539 5157 LECTIONES.

608 5214 654 5244 “
684 5213 754 5267 τά
783 5210 939 5282 abest
979 5225 1008 5265 a
1041 5210 1167 5282 Bas.
1203 5208 1377 5282 Gneo.
1406 5218 1456 5267 et
1506 5209 1715 5282 Steph.
1768 5210 1821 5282 ξ’
1864 5210 2200 5282 διαφυλάξοι.
2248 5210 2375 5267 Bas.
2420 5211 2568 5274 Lat..
2609 5212 2811 5267 Euseb.
2843 5221 2898 5267 et
2918 5225 3219 5282 sequaces.
3273 5208 3377 5282 ﬂ"
3412 5208 3644 5272 τούτοις.
3668 5208 3811 5282 Bas.

533 5279 712 5337 firme.
788 5281 835 5313 "
867 5278 979 5334 lloc
1006 5279 1229 5351 verbum
1263 5279 1424 5335 habet
1457 5278 1626 5337 codei
1658 5280 1805 5342 Pini,
1836 5278 2014 5335 Allatii
2046 5293 2101 5334 et
2123 5281 2313 5351 Steph.
2350 5282 2404 5347 2,
2433 5282 2598 5351 idque
2622 5278 2980 5351 conﬁrmatur
3010 5278 3137 5351 loco
3162 5278 3327 5333 simili
3359 5294 3480 5348 cap.
3516 5281 3815 5351 [Vll‘lllllq

539 5353 632 5407 tibi
670 5353 812 5406 idem
828 5348 1122 5423 deeadem
1148 5365 1235 5423 re
1265 5352 1528 5423 verbum;
1556 5351 1657 5423 sed
1695 5351 1859 5423 Basil.
1892 5351 2071 5423 Graec1
2108 5361 2163 5406 et
2193 5348 2385 5423 Steph.
2420 5353 2445 5406 1
2486 5348 2917 5423 ἐ-κπεπορθῆναι.
2950 5349 3143 5423 δπνίιίί
3175 5351 3312 5423 liber
3338 5348 3815 5423 ἐκπεφορηθῇναι,

542 5423 802 5493 probante
828 5418 1104 5493 Valesio:
1144 5421 1189 5452 “
1223 5421 1518 5493 ἐπέστειλε.
1553 5422 1682 5478 Bas.
1717 5419 1892 5493 Graec.
1969 5422 2013 5453 "'
2049 5419 2165 5493 ἐστι
2192 5422 2249 5493 δὲ
2288 5418 2449 5493 αὕτη.
2491 5421 2615 5477 llaec
2646 5418 2853 5493 omissa
2890 5421 3096 5493 suntin
3123 5420 3317 5493 eodem
3351 5418 3563 5474 codice.
3610 5418 3684 5493 [⁸
3709 5420 3819 5493 τῆς

500 5498 505 5503 ’
537 5490 873 5561 οἰκοδομίας.
907 5490 1029 5561 Bas.
1065 5489 1236 5561 Graec.
1267 5500 1319 5547 et
1348 5491 1537 5561 Steph.
1614 5494 1661 5524 “
1705 5489 1820 5545 σεδ.
1846 5492 2001 5561 abest
2030 5490 2098 5561 ab
2123 5489 2641 5561 iisdctucodicibtts.
2700 5492 2765 5561 7”
2799 5489 3008 5544 ἐκείνου
3034 5491 3596 5561 interponit‘uterque
3636 5489 3811 5561 l_3asil.

544 5576 669 5632 cum
692 5554 895 5616 Euseb.
928 5560 1004 5614 De
1040 5560 1164 5615 Vita
1194 5559 1379 5617 Const.
1405 5554 1488 5624 111,
1519 5561 1633 5628 '50.;
1665 5561 1819 5616 Socr.
1850 5560 1897 5628 l,
1926 5561 1960 5614 9
1983 5559 2425 5632 ;_Niceph._Vlll,
2450 5561 2544 5617 28.
2621 5560 2772 5632 'A‘rlta
2802 5573 2855 5616 et
2881 5562 3048 5632 codex
3076 5554 3225 5632 Pini1
3240 5568 3306 5632 et
3323 5559 3453 5632 Chr.
3480 5554 3815 5632 c'nm_Ens_e-

492 5690 499 5695 ὓ
544 5629 718 5704 hio_et
747 5632 1097 5704 sequacibus.
1128 5632 1235 5688 Sed
1273 5633 1691 5704 apes-mxumo;
1724 5627 1956 5704 uterque
1991 5630 2111 5704 Bas.
2154 5627 2210 5704 ei
2250 5629 2441 5704 Steph.
2519 5632 2564 5663 ⁸²
2598 5630 2897 5704 ἐθέλουσιν.
2936 5629 3142 5704 Step_li.__
3173 5629 3553 5704 Ἐθελήσρυσιν
3601 5627 3808 5704 Euseb.

540 5699 778 5827 2:3:ch
815 5698 998 5827 5'”er
1030 5701 1186 5773 βραχ.
1224 5698 1387 5759 Bas-il.
1424 5698 1598 5757 om.
1631 5710 1685 5758 et
1733 5698 1880 5765 Lat,
1914 5701 2125 5771 Stcph.,
2171 5699 2369 5757 Euseb.
2403 5718 2526 5757 cum
2578 5703 2927 5773 sequacibus.
3042 5700 3084 5731 "‘
3117 5700 3193 5764 ὃς.
3233 5698 3360 5755 Bas.
3383 5700 3556 5757 Grazc.
3592 5701 3808 5755 vitiose.

577 5818 583 5827 .
781 5792 806 5825 2|
847 5815 859 5827 .
944 5790 969 5823 il
1004 5812 1016 5824 .

572 5779 710 5828 113ον
739 5779 859 5828 ltus.
894 5779 1016 5827 Lat.
