4098 6398
440 352 550 420 961

1444 338 1926 401 IilEODORETI
1963 336 2309 397 EPISCOPI
2337 336 2705 397 CYRENSIS

3629 341 3740 405 968

446 458 639 516 eadem
676 472 738 513 ac.
774 455 877 525 ipsi
917 452 1219 509 sentientes
1256 450 1511 505 viderunt
1564 449 1863 504 Eusebium
1900 446 2024 501 ϐα·-

2141 448 2262 511 τοὺς
2311 448 2491 517 ἱεροὺς
2537 444 2838 499 κατέλαύον
2866 444 3087 513 τόπους,
3116 448 3211 500 καὶ
3252 446 3377 513 τοὺς
3420 415 3739 522 ὁμόφρονᾷ

448 564 646 612 sarem,
677 556 732 601 ct
765 543 1279 617 Scythopolitanum
1314 539 1719 610 l’atrophilum,
1755 547 1810 592 et
1835 536 2037 609 Lycidas

448 640 692 704 Aetium,
749 648 803 693 et
860 636 1143 690 Laodicea:
1187 631 1558 688 Theodotum.
1609 632 1860 700 aliosque
1897 644 2038 700 quos

449 729 605 787 labes
652 729 858 782 Ariana
921 723 1210 783 infecerat.
1262 722 1393 791 quid
1438 720 1766 775 molirentur
1821 719 2039 774 iudica-

449 830 603 881 runt,
645 831 699 874 et
741 834 847 872 una
891 832 1017 870 cum
1057 816 1168 869 illis
1211 813 1426 868 rediere
1454 813 1618 884 802
1660 812 2035 866 Antiochiam.

449 912 518 968 Et
573 912 804 964 aliorum
866 908 1085 978 quidem
1139 906 1399 960 adventui
1455 905 1809 960 deductiouis
1861 906 2040 960 honor

450 1003 942 1077 przetemlehatur:
989 1000 1132 1054 clam
1178 1008 1362 1053 autem
1415 998 1568 1054 fraus
1609 998 1677 1053 ad
1722 1012 2041 1069 oppugnan-

448 1096 573 1149 dam
611 1095 868 1165 pietatem
914 1090 1235 1162 parabatur.
1288 1089 1573 1145 Couducta
1603 1089 1749 1144 enim
1789 1088 2041 1145 meretri-

448 1187 599 1247 cula,
636 1198 757 1254 qua:
808 1182 1042 1237 formam
1105 1180 1341 1235 habebat
1400 1181 1675 1242 venalem,
1728 1196 1853 1235 cum
1889 1179 1938 1235 ei
1980 1187 2042 1234 ut

449 1278 651 1348 lingua:
681 1290 796 1330 sua}
822 1289 1046 1345 operam
1096 1274 1234 1344 ipsis
1263 1273 1473 1327 locaret
1505 1273 1943 1342 persuasissent,
1972 1273 2037 1329 ad

449 1370 751 1426 concilium
789 1382 912 1421 mox
949 1366 1174 1420 veniunt
1205 1384 1217 1419 :
1252 1374 1369 1419 tum
1419 1364 1544 1418 aliis
1586 1365 1844 1420 omnibus
1886 1366 2041 1418 exire

448 1463 645 1536 jussis,
720 1459 979 1514 miseram
1061 1457 1446 1512 mulierculam
1505 1456 1884 1511 introducunt.
1942 1455 2038 1510 illa

449 1553 716 1611 infantem
773 1550 956 1605 adimo
1015 1549 1307 1604 lactentem
1377 1557 1700 1608 ostentans.
1767 1547 1940 1603 hunc‘
1980 1562 2041 1605 se

456 1645 677 1701 dicebat
709 1659 772 1697 ex
803 1641 1088 1709 ,Eustathii
1132 1640 1434 1695 concubitu
1483 1644 1797 1710 suscepisse
1836 1654 1901 1694 ac
1938 1654 2037 1710 pe-

453 1737 687 1809 perisse,
739 1743 793 1789 et
841 1733 1196 1805 impudenter
1241 1731 1674 1788 voeiferabatur.
1709 1731 2037 1788 Eustathius

451 1844 607 1891 vero,
633 1827 727 1897 qui
761 1825 1053 1879 calumnia:
1085 1823 1388 1880 falsitatem
1418 1831 1756 1893 compertam
1792 1824 2038 1887 haberet,

448 1922 790 1993 postulabat,
841 1925 901 1971 ut
934 1918 979 1973 si
1018 1932 1181 1987 quem
1220 1916 1339 1986 ejus
1383 1916 1457 1971 rei
1505 1916 1792 1972 conscium
1829 1924 2039 1982 nosset,

448 2014 506 2068 in
563 2011 804 2068 medium
860 2010 1211 2081 produceret.
1279 2007 1413 2074 Quae
1483 2022 1611 2062 cum
1669 2007 2041 2062 accusationis

449 2111 644 2160 testem
696 2103 907 2158 nullmn
958 2100 1163 2157 habere
1235 2116 1294 2157 se
1344 2100 1583 2166 diceret,
1640 2098 2034 2169 jusjurandum

450 2195 792 2266 iniquissimi
843 2194 1066 2265 judices
1096 2197 1111 2213 ‘
1145 2192 1464 2248 detulerunt
1494 2207 1510 2247 :
1550 2192 1804 2263 quamvis
1834 2190 2040 2246 diserte

449 2280 536 2345 lex
591 2288 812 2353 clamet,
861 2286 1097 2342 duorum
1157 2299 1222 2340 ac
1291 2284 1456 2340 trium
1518 2283 1840 2338 testimonio
1890 2284 2037 2338 dicta

448 2379 819 2437 conﬁrmari:
864 2388 918 2434 et
957 2378 1268 2449 Apostolus
1313 2375 1607 2432 manifeste
1658 2375 1943 2447 praecipiat
1965 2377 2035 2438 ι’,

449 2489 557 2529 nec
587 2483 780 2529 contra
807 2471 1191 2542 presbyterum
1226 2470 1636 2524 accusationem
1669 2470 1790 2521 sine
1821 2467 2039 2521 duolms

452 2572 545 2618 aut
601 2563 784 2617 tribus
849 2561 1085 2616 testibus
1133 2560 1327 2630 recipi.
1395 2557 1599 2614 Verum
1660 2559 1779 2621 isti,
1838 2560 2041 2628 spretis

450 2652 669 2723 legibus
691 2650 917 2713 divinis,
939 2650 1360 2705 accusationem
1382 2658 1577 2704 contra
1603 2656 1817 2702 tantum
1857 2649 2037 2702 virum

452 2742 577 2799 sine
624 2749 762 2797 teste
814 2740 1160 2797 admiserunt
1195 2749 1442 2795 :etcum
1481 2738 1575 2792 illa
1624 2739 1771 2810 quod
1824 2738 2040 2793 dixerat

448 2833 819 2907 jurejurando
905 2833 1198 2888 clamitans
1286 2830 1696 2896 confirmasset,
1769 2831 2038 2887 Eustathii

451 2941 644 2982 revera
704 2926 872 2980 lilium
918 2940 1066 2986 esse,
1121 2923 1450 2980 sententiam
1504 2922 1559 2977 in
1614 2938 1738 2977 eum
1777 2930 2039 2994 tanquam

453 3020 768 3075 adulterum
825 3017 939 3073 veri
993 3023 1269 3071 amatores
1338 3015 1790 3085 pronuntiarunt.
1845 3013 2040 3070 Beira-

452 3113 717 3184 gantibus
762 3122 944 3167 autem
990 3109 1115 3164 aliis
1160 3108 1436 3179 episcopis
1486 3108 1668 3178 (erant
1707 3107 1764 3163 hi
1808 3123 2040 3164 numero
2066 3146 2110 3205 ο

454 3218 563 3259 non
604 3203 789 3272 pauci,
820 3200 1141 3270 apostolica:
1188 3199 1460 3254 doctrinae
1504 3198 1739 3255 studiosi
1781 3197 2040 3256 defenso-

454 3310 565 3359 res,
592 3302 646 3349 et
681 3301 907 3349 structa:
952 3291 1166 3347 fraudis
1207 3305 1438 3361 prorsus
1470 3289 1667 3362 ignari)
1696 3291 2040 3362 prohibenti-

454 3386 671 3455 busque
710 3385 974 3456 injustam
1027 3382 1359 3438 sententiam
1393 3397 1460 3437 ne
1492 3383 1704 3438 subiret
1739 3383 1904 3456 803
1930 3382 2039 3438 Eu-

454 3473 719 3536 stathius,
774 3471 840 3527 ad
903 3473 1294 3543 imperatorem
1353 3471 1646 3529 celerrime
1695 3473 2042 3530 contendunt

454 3561 551 3632 qui
608 3560 846 3616 fabulam
904 3561 1325 3625 concinnarant,
1388 3576 1688 3634 verumque
1739 3564 1948 3619 crimen
1989 3572 2044 3620 et

452 3652 662 3723 justam
703 3651 1077 3722 depositionis
1121 3653 1454 3708 sententiam
1489 3652 1664 3710 fuisse
1700 3654 2040 3726 persuaden-

461 3756 566 3811 Ies,
599 3744 953 3815 perlecerunt
1016 3751 1074 3798 ut
1122 3751 1385 3816 tanquam
1435 3746 1654 3802 adulter
1686 3756 1739 3801 et
1770 3754 2040 3819 tyrannus

456 3834 513 3891 in
543 3836 794 3892 exsilium
840 3836 1059 3907 pietatis
1104 3845 1159 3891 et
1207 3838 1562 3895 continentia:
1611 3839 1817 3895 athleta
1867 3839 2041 3910 pelle-

455 3940 630 3987 retur.

525 4141 596 4197 At
644 4141 735 4197 ille
777 4140 997 4213 quidem
1029 4155 1125 4213 per
1164 4140 1248 4214 [Β.
1277 4141 1397 4213 22.]
1428 4140 1720 4198 Thraciam
1753 4138 1806 4193 in
1836 4137 2038 4211 lllyrici

458 4234 651 4292 urbem
681 4234 976 4305 quamdam
1016 4234 1292 4290 abductus
1316 4242 1421 4290 est.

826 4345 978 4402 car.
1003 4346 1153 4403 χχι.
1183 4347 1292 4421 [ει.
1324 4348 1426 4403 cu.
1455 4344 1521 4401 ν.
1548 4345 1669 4419 22.]

2142 536 2458 602 ἐθεάσαντο,
2519 536 2779 591 Εὑσέὸιόν
2844 553 2902 589 τε
2947 538 3038 590 τὸν
3081 538 3444 608 Καισαρείας,
3498 546 3595 596 καὶ
3644 541 3740 597 τὸν

2139 629 2543 699 Σκυθοπολίτην
2574 627 2954 700 Πατρόφιλον,
2990 627 3201 683 καὶτὸν
3247 629 3460 701 Δύδδης
3503 630 3737 699 Ἀέτιον,

2094 740 2097 745 π
2141 724 2235 777 καὶ
2262 724 2354 776 τὸν
2382 722 2703 785 Λαοδικείας
2744 722 3002 776 Θεόδοτον
3023 765 3039 789 ,
3087 725 3185 776 καὶ
3219 724 3346 788 τοὺς
3388 724 3583 787 ἀλλους
3619 727 3739 779 ὅσοι

2138 818 2240 885 τὴν
2280 816 2462 888 λώϐην
2500 815 2749 882 ἐδέξαντο
2796 816 2897 886 τὴν
2938 816 3172 887 Ἀρείου,
3209 817 3485 887 ἐμήνυσαν
3526 817 3631 871 te"
3676 818 3744 872 τὸ

2141 906 2526 976 τυρευόμενον,
2568 906 2665 959 καὶ
2696 906 2793 959 σὺν
2826 906 3013 971 αὐτοῖς
3048 906 3147 976 τὴν
3192 906 3468 978 Ἀντιόχου
3500 908 3738 962 κατέλα-

2140 999 2255 1052 ϐον.
2290 999 2399 1052 Καὶ
2430 997 2489 1052 τι
2519 998 2618 1067 μὲν
2652 997 2956 1069 πρόσχημα
2979 998 3076 1067 τῆς
3102 998 3211 1051 τῶν
3242 998 3421 1054 ἄλλων
3442 999 3742 1073 ἐπιδημίας

2142 1096 2493 1167 προπομπιος
2523 1091 2591 1165 ἦν
2619 1093 2782 1164 τιμή·
2815 1092 2877 1146 τὸ
2896 1092 2953 1146 δὲ
2981 1094 3369 1164 καττυόμενον,
3399 1094 3428 1147 ὁ
3461 1095 3605 1149 κατά
3634 1096 3740 1165 τῆς

2141 1189 2423 1252 εύσεεείας
2448 1187 2705 1258 πόλεμος.
2752 1186 2981 1239 Γύναιον
3007 1185 3118 1258 γάρ
3145 1185 3422 1258 ἑταιρικὸν
3454 1186 3554 1258 τὴν
3583 1185 3740 1256 ὥραν

2140 1281 2496 1353 ἀπεμπολοῦν
2540 1279 2969 1352 μισθωσάμενοι,
3003 1280 3099 1333 καὶ
3126 1279 3226 1350 τὴν
3259 1279 3507 1348 γλῶτταν
3545 1281 3737 1343 αὐτοῖς

2143 1373 2439 1431 ἀποδόσθαι
2464 1371 2487 1403 ⁸
2538 1373 2858 1436 πείσαντες,
2905 1371 3170 1441 συνῆλθον
3207 1372 3286 1435 είς
3328 1371 3390 1424 τ’)
3432 1371 3727 1444 συνέδριον.

2142 1466 2276 1525 Εἶτα
2302 1469 2424 1531 τοὺς
2448 1465 2641 1529 ἄλλους
2670 1464 2918 1528 ἅπαντας
2949 1463 3055 1529 ἔξω
3079 1462 3333 1532 γενέσθαι
3352 1461 3732 1529 κελεύσαντες,

2140 1560 2202 1613 τὸ
2252 1557 2564 1629 τρισάθλιον
2623 1556 2920 1625 εἰσήγαγον
2975 1553 3218 1624 γύναιον.
3280 1553 3347 1608 Ἡ
3409 1553 3468 1606 δὲ
3521 1553 3735 1608 παιδίον

2143 1646 2430 1703 ύπότιτθον
2477 1644 2873 1705 ύπώεικνῦσα,
2924 1645 2989 1699 ὲκ
3044 1644 3143 1714 τῆς
3196 1642 3495 1697 Εὑσταθίου
3544 1659 3737 1698 συνουο

2145 1742 2265 1805 σίας
2305 1739 2459 1808 ἔλεγε
2500 1737 2658 1791 τοῦτο
2703 1738 2799 1791 καὶ
2850 1735 3235 1807 συνειληφέναι
3282 1735 3375 1788 καὶ
3425 1734 3732 1797 τετοκέναι,

2145 1835 2240 1889 καὶ
2272 1834 2504 1902 ἀνέδην⁹
2535 1831 2684 1888 ἐϐόα.
2732 1831 2787 1884 ’0
2812 1830 2868 1883 δὲ
2897 1829 2996 1899 τῆς
3027 1828 3395 1897 συκοφαντίας
3426 1828 3488 1880 τὸ
3521 1844 3738 1899 προφα-

2144 1926 2231 1991 νὲς
2259 1925 2642 1994 ἐπιστάμενος,
2673 1923 2727 1975 εί
2744 1939 2867 1975 τινα
2888 1920 2998 1990 ἔχοι
3021 1919 3212 1973 τούτου
3241 1919 3550 1991 συνίστορα,
3577 1920 3736 1988 ἀγειν

2143 2014 2222 2077 εἰς
2282 2015 2445 2083 μέσον
2496 2012 2804 2065 ἐκέλευσεν.
2849 2011 3099 2081 Ἐκείνης
3143 2008 3200 2063 δὲ
3263 2010 3466 2080 μηδένα
3516 2013 3666 2080 σχεῖν
3690 2009 3737 2042 ¹⁰

2146 2105 2402 2174 μάρτυρα
2425 2105 2525 2175 τῆς
2564 2101 2900 2174 κατηγορίας
2940 2100 3226 2172 λεγούσης,
3273 2101 3437 2171 ὅρκον
3482 2099 3738 2171 προύτει-

2142 2211 2240 2248 ναν
2270 2195 2317 2246 οί
2346 2193 2675 2246 δικαιότατοι
2705 2191 2991 2245 δικασταί·
3031 2191 3211 2245 καίτοι
3242 2190 3335 2243 τοῦ
3369 2190 3535 2260 νόμου
3577 2191 3736 2263 διαρ-

2143 2285 2313 2356 ρήδην
2362 2284 2614 2356 βοῶντος,
2659 2284 2751 2336 ἐπὶ
2785 2284 2878 2337 δύο
2920 2282 3015 2338 καὶ
3049 2283 3215 2355 τριῶν
3254 2283 3549 2354 μαρτύρων
3590 2277 3734 2336 εἶναι

2144 2376 2437 2451 βέϐαιατά
2488 2375 2788 2447 λεγόμενα·
2822 2376 2919 2430 καὶ
2950 2379 3212 2447 ἄντικρυς
3256 2374 3352 2429 τοῦ
3399 2374 3731 2429 ’Δποστόλου

2142 2469 2480 2536 κελεύοντος,
2514 2469 2650 2540 μηδὲ
2689 2469 2828 2521 κατὰ
2863 2468 3237 2539 πρεσϐυτέρου
3265 2465 3560 2538 γινομένην
3591 2483 3735 2538 γρα-

2143 2562 2249 2635 φὴν
2276 2560 2398 2631 δίχα
2444 2561 2538 2615 δύο
2590 2560 2690 2631 ἢ¹¹
2744 2560 2914 2631 τριῶν
2959 2559 3253 2631 μαρτύρων
3309 2558 3731 2631 προσδέχεσθαι.

2154 2655 2316 2709 ’Δλλά
2371 2653 2482 2707 τῶν
2535 2652 2697 2707 θείων
2744 2649 2889 2708 οὗτοι
2951 2652 3132 2723 νόμων
3186 2653 3727 2721 καταφρονήσαντες,

2142 2750 2462 2821 ἀμάρτυρον
2509 2746 2628 2801 κατ’
2689 2746 2884 2815 ἀνδρὸς
2930 2743 3185 2798 τοσούτου
3231 2740 3567 2811 κατηγορίαν
3612 2739 3729 2793 ἐδέ-

2143 2839 2324 2905 ξαντο.
2369 2837 2588 2909 Ἐπειδὴ
2610 2837 2651 2867 ¹²
2679 2834 2738 2889 δὲ
2763 2831 2842 2899 οἷς
2874 2830 3027 2887 εἶπεν
3056 2831 3235 2902 ἐκείνη
3256 2831 3347 2884 τὸν
3374 2832 3536 2900 ὅρκον
3560 2846 3731 2900 προσ-

2141 2931 2355 2986 τέθεικε
2390 2929 2590 3001 βοῶσα,
2637 2923 2674 3000 ἦ
2716 2927 2823 2998 μὴν
2864 2923 3165 2979 Εὐσταθίου
3207 2923 3267 2976 τὸ
3321 2922 3521 2994 βρέφος
3564 2919 3729 2990 εἶναι,

2144 3023 2221 3088 ὡς
2273 3023 2416 3078 κατά
2471 3020 2663 3093 μοιχοῦ
2696 3018 2882 3072 λοιπὸν
2934 3018 2985 3068 οί
3031 3014 3350 3086 φιλαλήθεις
3396 3013 3497 3086 τὴν
3550 3014 3731 3085 ψῆφον

2144 3115 2465 3186 ἐξήνεγκαν.
2506 3113 2630 3167 Τῶν
2651 3111 2734 3168 ,δὲ
2773 3109 2947 3164 ἀλλων
2978 3109 3300 3180 ἀρχιερέων,
3334 3108 3589 3179 παρῆσαν
3621 3107 3733 3179 γάρ

2143 3206 2245 3261 ούκ
2291 3205 2484 3275 ὀλίγοι,
2552 3204 2648 3257 καὶ¹
2698 3201 2806 3255 τῶν
2859 3199 3232 3255 ἀποστολικῶν
3287 3198 3733 3271 ὑπερμαχοῦντες

2144 3298 2452 3368 δογμάτων,
2493 3296 2587 3348 καὶ
2619 3293 2689 3347 τά
2731 3292 3064 3365 τυρευθέντα
3108 3292 3459 3346 παντάπασιν
3485 3292 3529 3325 ¹³
3578 3280 3736 3360 ἀγνοέ-

2143 3390 2354 3458 οὖντες,
2387 3386 2680 3460 προφανῶς
2707 3385 3126 3453 ἀντιλεγόντων,
3166 3386 3261 3439 καὶ
3288 3385 3380 3438 τὸν
3414 3384 3592 3457 μέγαν
3623 3385 3732 3439 Εὑ-

2147 3483 2367 3538 στάθιον
2390 3480 2489 3553 τὴν
2517 3479 2701 3550 ψῆφον
2731 3479 2947 3550 εκείνην
2990 3479 3089 3549 τὴν
3128 3478 3446 3549 παράνομον
3490 3475 3606 3549 [55]
3640 3476 3731 3531 δὲ-

2146 3573 2340 3640 ξασθαι
2372 3571 2715 3636 κωλυόντων,
2749 3570 2884 3642 πρὸς
2907 3571 3000 3624 τὸν
3023 3571 3065 3603 ⁸⁸
3098 3570 3324 3641 βασιλέα
3346 3571 3446 3642 τὴν
3465 3571 3730 3641 ταχίστην

2142 3668 2195 3721 οἱ
2233 3665 2294 3719 τὸ
2322 3665 2507 3737 δρᾶμα
2551 3663 2955 3727 συντεθεικότες
3004 3662 3268 3733 ἀπῆλθον,
3305 3663 3400 3716 καὶ
3440 3663 3730 3726 πείσαντες

2147 3758 2332 3821 αὑτὸν,
2362 3757 2438 3821 ὡς
2468 3755 2676 3828 ἀληθὴς
2710 3758 2744 3827 ἡ
2773 3756 2960 3827 γραφὴ
3000 3755 3096 3808 καὶ
3127 3754 3313 3809 δικαία
3338 3754 3436 3823 τῆς
3467 3754 3730 3824 καθαιρέ-

2145 3870 2285 3916 σεως
2317 3853 2350 3924 ὴ
2379 3851 2580 3922 ψῆφος,
2605 3848 2793 3922 μοιχὸν
2825 3848 2962 3919 ὁμοῦ
3000 3848 3095 3903 καὶ
3118 3848 3381 3920 τύραννον
3405 3848 3732 3919 ἐξελαθῆναι

2142 3942 2630 4016 παρασκευάζουσι
2661 3942 2754 3995 τὸν
2791 3942 2892 4012 τῆς
2916 3940 2960 3974 ’⁸
2991 3940 3274 4004 εὐσεϐείας
3301 3942 3398 3994 καὶ
3446 3940 3729 4014 σωφροσύ-

2142 4056 2240 4110 νης
2269 4036 2601 4107 ἀγωνιστήν.

2212 4130 2324 4185 Καὶ
2372 4131 2580 4192 ἐκεῖνος
2629 4126 2731 4199 μὲν
2774 4125 2865 4180 διά
2907 4127 3005 4198 τῆς
3054 4125 3278 4198 Θρᾴκης
3302 4126 3384 4189 είς
3425 4124 3728 4198 Ἰλλυρικὴν

2142 4224 2298 4279 πόλιν
2325 4222 2571 4293 ἀπήχθη.

2733 4336 2971 4392 ΚΕΦΔΛ
3003 4336 3099 4389 ΚΔ
3120 4374 3135 4390 .

458 4462 533 4520 De
556 4462 808 4532 episcopis
860 4461 1143 4547 Ιιιειςςιίρίε.
1174 4460 1468 4516 Antiochia:
1524 4469 1642 4547 post
1688 4460 1865 4515 sancti
1918 4457 2034 4513 Eu-

2142 4451 2281 4547 Hsfi
2320 4446 2442 4506 τῶν
2477 4450 2631 4520 μετὰ
2659 4449 2792 4537 ⁹τὴν
2835 4448 3056 4547 iliades:
3102 4449 3208 4503 τοῦ
3264 4448 3441 4547 ξίν-(ου
3488 4450 3728 4547 Εὐρω-

863 4533 1054 4586 stathii
1087 4532 1380 4587 discessum
1410 4532 1624 4587 creatis.

525 4689 593 4743 Hi
650 4704 783 4743 vero
815 4686 871 4741 in
916 4686 1037 4756 ejus
1075 4685 1255 4741 locum
1294 4684 1475 4755 primo
1511 4685 1731 4756 quidem
1776 4683 2038 4740 ordinant

2215 4523 2349 4644 ϐίον
2402 4520 2833 4602 καταστάντων
2875 4521 2945 4573 ἐν
2994 4520 3327 4588 Ἀντιοχείᾳ
3370 4520 3729 4574 ἐπισκόπων

2216 4610 2254 4644 a
2280 4608 2550 4644 οετικων.

2216 4608 2550 4661 αιρετικων.

2218 4677 2380 4736 Οὗτοι
2411 4682 2468 4736 δὲ
2512 4682 2729 4755 πρῶτον
2779 4681 2879 4753 μὲν
2929 4681 3046 4736 ἀντ’
3105 4679 3272 4736 αὑτοῦ
3324 4679 3728 4752 χειροτονοῦσιν

457 4778 733 4836 Enlaliutn
767 4795 782 4833 :
816 4777 1016 4834 deinde
1050 4777 1155 4832 hoc
1205 4776 1360 4833 brevi
1408 4778 1698 4845 defuncto,
1733 4776 2035 4834 Eusebium

2146 4772 2405 4828 Εὺλά).ιον
2449 4790 2463 4803 ·
2495 4772 2685 4827 τούτου
2741 4772 2799 4825 δὲ
2845 4772 3025 4840 ὀλίγον
3079 4770 3471 4835 ὲπιϐιώσαντος
3514 4771 3727 4841 χρόνον,

452 4870 808 4930 Palmstinum
843 4888 871 4925 a
904 4872 1153 4929 Caesarea
1183 4874 1491 4931 transferre
1516 4876 1703 4931 conati
1735 4879 1866 4931 sunt
1892 4889 1906 4926 :
1940 4873 2037 4928 sed

2145 4865 2407 4920 Εύσέϐιον
2482 4864 2801 4935 μεταθεῖναι
2855 4864 2945 4917 τὸν
3020 4863 3377 4917 Παλαιστῖνον
3428 4862 3728 4933 ἠθέλησαν.

455 4968 585 5038 quia
607 4968 698 5022 ille
739 4963 1158 5022 translationem
1189 4969 1494 5035 recusavit,
1528 4968 1888 5036 eamdemque
1920 4965 2037 5021 fieri

2160 4959 2316 5012 Ἐπεὶ
2339 4959 2396 5012 δὲ
2454 4959 2550 5011 καὶ
2597 4958 2756 5021 αὐτὸς
2799 4957 3029 5027 ἐξέφυγε
3053 4958 3098 4988 ¹⁶
3136 4957 3236 5027 τὴν
3296 4956 3605 5024 μετάθεσιν,
3638 4957 3733 5011 καὶ

451 5063 629 5118 vetuit
676 5062 1000 5130 imperator,
1059 5062 1441 5135 Euphronium
1496 5062 1885 5134 designarunt.
1916 5059 2040 5124 Quo

2149 5051 2401 5124 βασιλεὺς
2448 5049 2796 5115 διεκώλυσεν,
2855 5049 3153 5119 Εύφρόνιον
3203 5048 3585 5119 προεϐάλοντο.
3619 5048 3733 5104 Καὶ

455 5154 584 5210 item
617 5159 838 5208 mortuo
871 5150 1105 5225 (annum
1155 5156 1303 5213 enim
1351 5164 1408 5213 et
1436 5170 1645 5229 paucos
1667 5165 1890 5207 menses
1915 5155 2041 5221 post

2148 5143 2337 5198 τούτου
2381 5141 2438 5197 δὲ
2484 5141 2927 5209 τελευτήσαντος,
2965 5140 3213 5195 ἱνιαυτὸν
3250 5139 3361 5212 γὰρ
3413 5140 3510 5196 καὶ
3555 5140 3731 5212 μῆνας

530 5313 574 5352 ι’
604 5311 626 5367 1
662 5312 808 5370 Tim.
835 5331 889 5383 ν,
914 5314 1000 5372 l9.

1768 5456 2011 5516 VARIIE
2050 5454 2458 5512 LECTIONES.

531 5581 555 5614 "
593 5599 654 5636 τε
685 5582 838 5638 abest
858 5585 927 5639 ab
955 5586 1169 5642 eodem.
1243 5586 1266 5619 ³
1288 5574 1881 5646 ἀποδεδόσθαι,ειερ1ι.
1945 5574 1979 5646 ξ
2000 5572 2246 5646 ἀναίδην.
2284 5572 2451 5646 Basil.
2482 5570 2602 5646 ϐικ,
2630 5568 2910 5646 _Stephan._
2974 5572 3018 5604 ¹⁰
3048 5570 3194 5646 ἔχειν
3221 5571 3347 5646 Bas.
3379 5572 3476 5646 Gr.
3562 5571 3600 5601 “
3636 5570 3728 5625 καί

461 5664 565 5723 pro
587 5652 645 5725 ἦ.
678 5662 735 5705 ιιι
765 5656 927 5727 paulo
953 5640 1085 5711 ante
1109 5640 1233 5712 Bas.
1264 5654 1391 5727 Gr._
1442 5653 1486 5687 “
1511 5640 1665 5727 ζπεί.
1691 5640 1877 5727 ldein._
1941 5643 1985 5676 ⁸³
2021 5644 2098 5727 μὴ
2124 5640 2368 5727 παντάπ.
2403 5640 2601 5727 διερῇ.
2625 5640 2681 5695 2.
2713 5641 2975 5723 Casaub.,
2996 5640 3146 5727 5.qu
3174 5643 3356 5727 ηιξοείξῖ
3378 5645 3729 5727 ριτιιξυξρῄιιιιξη

458 5711 623 5795 ξιιιῇ
652 5711 1125 5792 contradicerent,
1180 5711 1492 5795 oportebat_
1525 5723 1663 5795 istos
1719 5711 2382 5795 fraudemjntglieﬁssg
2414 5781 2437 5795 _
2464 5711 2512 5744 “
2543 5712 2947 5795 «iv-omissum
2995 5714 3048 5767 in
3098 5711 3262 5767 Basil.
3316 5711 3410 5768 Cr.
3447 5724 3496 5767 et
3534 5711 3730 5781 Steph.

466 5792 511 5824 “
539 5792 627 5847 τὸν
667 5795 1015 5866 σωφροσύνης
1044 5781 1143 5849 καὶ
1171 5781 1271 5869 τῆς
1303 5792 1562 5865 ἀληθείας
1602 5785 1933 5856 ἀγωνιστήν.
1981 5782 2169 5855 Steph.
2200 5784 2256 5838 2.
2336 5782 2378 5814 “
2412 5781 2601 5852 ἔφυγε.
2640 5782 2767 5838 Bas.
2803 5782 2898 5837 Gr.
