  <div class='ocr_page' id='page_1' title='image "/cluster/home/n/w/nwhite01/storage/ocr_20150623/82:no.3/coo.31924054869833/493.png"; bbox 0 0 4098 6398; ppageno 0'>
   <div class='ocr_carea' id='block_1_1' title="bbox 446 391 542 456">
    <p class='ocr_par' dir='ltr' id='par_1_1' title="bbox 446 391 542 456">
     <span class='ocr_line' id='line_1_1' title="bbox 446 391 542 456; baseline -0.01 0"><span class='ocrx_word' id='word_1_1' title='bbox 446 391 542 456; x_wconf 83' lang='grc'><strong>971</strong></span> 
     </span>
    </p>
   </div>
   <div class='ocr_carea' id='block_1_2' title="bbox 1438 388 2687 453">
    <p class='ocr_par' dir='ltr' id='par_1_2' title="bbox 1438 388 2687 453">
     <span class='ocr_line' id='line_1_2' title="bbox 1438 388 2687 453; baseline 0.002 -3"><span class='ocrx_word' id='word_1_2' title='bbox 1438 388 1929 451; x_wconf 80' lang='lat' dir='ltr'><strong>THEODORETI</strong></span> <span class='ocrx_word' id='word_1_3' title='bbox 1955 389 2298 452; x_wconf 87' lang='lat' dir='ltr'><strong>EPISCOPI</strong></span> <span class='ocrx_word' id='word_1_4' title='bbox 2319 391 2687 453; x_wconf 83' lang='lat' dir='ltr'><strong>CYRENSIS</strong></span> 
     </span>
    </p>
   </div>
   <div class='ocr_carea' id='block_1_3' title="bbox 3612 391 3720 454">
    <p class='ocr_par' dir='ltr' id='par_1_3' title="bbox 3612 391 3720 454">
     <span class='ocr_line' id='line_1_3' title="bbox 3612 391 3720 454; baseline 0.019 -2"><span class='ocrx_word' id='word_1_5' title='bbox 3612 391 3720 454; x_wconf 65' lang='lat'><strong>97%</strong></span> 
     </span>
    </p>
   </div>
   <div class='ocr_carea' id='block_1_4' title="bbox 445 500 2046 576">
    <p class='ocr_par' dir='ltr' id='par_1_4' title="bbox 445 505 2034 575">
     <span class='ocr_line' id='line_1_4' title="bbox 445 505 2034 575; baseline -0.003 -13"><span class='ocrx_word' id='word_1_6' title='bbox 445 522 600 574; x_wconf 74' lang='lat' dir='ltr'><strong>vero,</strong></span> <span class='ocrx_word' id='word_1_7' title='bbox 630 521 813 564; x_wconf 86' lang='lat' dir='ltr'><strong>rerum</strong></span> <span class='ocrx_word' id='word_1_8' title='bbox 846 505 1159 563; x_wconf 84' lang='lat' dir='ltr'><strong>divinarum</strong></span> <span class='ocrx_word' id='word_1_9' title='bbox 1212 517 1402 559; x_wconf 88' lang='lat' dir='ltr'><strong>curam</strong></span> <span class='ocrx_word' id='word_1_10' title='bbox 1455 513 1747 575; x_wconf 89' lang='lat' dir='ltr'><strong>parentum</strong></span> <span class='ocrx_word' id='word_1_11' title='bbox 1805 518 2034 575; x_wconf 86' lang='lat' dir='ltr'><strong>conspe-</strong></span> 
     </span>
    </p>
   </div>
   <div class='ocr_carea' id='block_1_5' title="bbox 2148 500 3719 576">
    <p class='ocr_par' dir='ltr' id='par_1_5' title="bbox 2148 500 3719 576">
     <span class='ocr_line' id='line_1_5' title="bbox 2148 500 3719 576; baseline -0.001 -19"><span class='ocrx_word' id='word_1_12' title='bbox 2148 505 2231 559; x_wconf 71' lang='grc' dir='ltr'>καὶ</span> <span class='ocrx_word' id='word_1_13' title='bbox 2258 505 2287 558; x_wconf 86' lang='grc' dir='ltr'><strong>ό</strong></span> <span class='ocrx_word' id='word_1_14' title='bbox 2315 504 2414 575; x_wconf 78' lang='grc' dir='ltr'>μὲν</span> <span class='ocrx_word' id='word_1_15' title='bbox 2443 504 2688 568; x_wconf 80' lang='grc' dir='ltr'>Δὶδέσιος</span> <span class='ocrx_word' id='word_1_16' title='bbox 2709 502 2807 575; x_wconf 76' lang='grc' dir='ltr'><strong>τὴν</strong></span> <span class='ocrx_word' id='word_1_17' title='bbox 2837 501 3013 575; x_wconf 77' lang='grc' dir='ltr'>Τύρον</span> <span class='ocrx_word' id='word_1_18' title='bbox 3037 500 3331 556; x_wconf 75' lang='grc' dir='ltr'>κατέλαϐεν</span> <span class='ocrx_word' id='word_1_19' title='bbox 3361 517 3376 533; x_wconf 78' lang='grc'><strong><em>⁸</em></strong></span> <span class='ocrx_word' id='word_1_20' title='bbox 3400 501 3429 556; x_wconf 87' lang='grc' dir='ltr'><strong>ό</strong></span> <span class='ocrx_word' id='word_1_21' title='bbox 3456 500 3513 555; x_wconf 78' lang='grc' dir='ltr'>δὲ</span> <span class='ocrx_word' id='word_1_22' title='bbox 3542 503 3719 576; x_wconf 79' lang='grc' dir='ltr'>Φρου-</span> 
     </span>
    </p>
   </div>
   <div class='ocr_carea' id='block_1_6' title="bbox 445 590 2026 670">
    <p class='ocr_par' dir='ltr' id='par_1_6' title="bbox 445 590 2026 670">
     <span class='ocr_line' id='line_1_6' title="bbox 445 590 2026 670; baseline -0.005 -15"><span class='ocrx_word' id='word_1_23' title='bbox 445 600 558 655; x_wconf 89' lang='lat' dir='ltr'><strong>ctui</strong></span> <span class='ocrx_word' id='word_1_24' title='bbox 589 607 951 670; x_wconf 85' lang='lat' dir='ltr'><strong>anteponens,</strong></span> <span class='ocrx_word' id='word_1_25' title='bbox 989 593 1375 651; x_wconf 80' lang='lat' dir='ltr'><strong>Alexandriam</strong></span> <span class='ocrx_word' id='word_1_26' title='bbox 1400 593 1705 658; x_wconf 91' lang='lat' dir='ltr'><strong>contendit,</strong></span> <span class='ocrx_word' id='word_1_27' title='bbox 1736 590 2026 647; x_wconf 68' lang='lat' dir='ltr'><strong>Ecclesiae-</strong></span> 
     </span>
    </p>
   </div>
   <div class='ocr_carea' id='block_1_7' title="bbox 451 685 2030 763">
    <p class='ocr_par' dir='ltr' id='par_1_7' title="bbox 451 685 2030 763">
     <span class='ocr_line' id='line_1_7' title="bbox 451 685 2030 763; baseline -0.004 -16"><span class='ocrx_word' id='word_1_28' title='bbox 451 707 560 763; x_wconf 88' lang='lat' dir='ltr'><strong>que</strong></span> <span class='ocrx_word' id='word_1_29' title='bbox 589 691 894 746; x_wconf 74' lang='lat' dir='ltr'><strong>antistitem</strong></span> <span class='ocrx_word' id='word_1_30' title='bbox 950 688 1110 743; x_wconf 91' lang='lat' dir='ltr'><strong>docet</strong></span> <span class='ocrx_word' id='word_1_31' title='bbox 1158 685 1322 741; x_wconf 86' lang='lat' dir='ltr'><strong>Indos</strong></span> <span class='ocrx_word' id='word_1_32' title='bbox 1378 700 1579 757; x_wconf 88' lang='lat' dir='ltr'><strong>magno</strong></span> <span class='ocrx_word' id='word_1_33' title='bbox 1638 685 2030 741; x_wconf 80' lang='lat' dir='ltr'><strong>intellectualis</strong></span> 
     </span>
    </p>
   </div>
   <div class='ocr_carea' id='block_1_8' title="bbox 448 778 2030 849">
    <p class='ocr_par' dir='ltr' id='par_1_8' title="bbox 448 778 2030 849">
     <span class='ocr_line' id='line_1_8' title="bbox 448 778 2030 849; baseline -0.004 -9"><span class='ocrx_word' id='word_1_34' title='bbox 448 784 675 840; x_wconf 91' lang='lat' dir='ltr'><strong>luminis</strong></span> <span class='ocrx_word' id='word_1_35' title='bbox 705 781 978 839; x_wconf 82' lang='lat' dir='ltr'><strong>desiderio</strong></span> <span class='ocrx_word' id='word_1_36' title='bbox 1013 779 1209 835; x_wconf 86' lang='lat' dir='ltr'><strong>teneri.</strong></span> <span class='ocrx_word' id='word_1_37' title='bbox 1247 778 1507 834; x_wconf 77' lang='lat' dir='ltr'><strong>Ecclesiae</strong></span> <span class='ocrx_word' id='word_1_38' title='bbox 1538 793 1704 849; x_wconf 90' lang='lat' dir='ltr'><strong>porro</strong></span> <span class='ocrx_word' id='word_1_39' title='bbox 1750 779 1898 835; x_wconf 87' lang='lat' dir='ltr'><strong>illius</strong></span> <span class='ocrx_word' id='word_1_40' title='bbox 1929 793 2030 849; x_wconf 81' lang='lat' dir='ltr'><strong>gu-</strong></span> 
     </span>
    </p>
   </div>
   <div class='ocr_carea' id='block_1_9' title="bbox 447 869 2031 941">
    <p class='ocr_par' dir='ltr' id='par_1_9' title="bbox 447 869 2031 941">
     <span class='ocr_line' id='line_1_9' title="bbox 447 869 2031 941; baseline -0.007 -7"><span class='ocrx_word' id='word_1_41' title='bbox 447 876 742 935; x_wconf 89' lang='lat' dir='ltr'><strong>bernacula</strong></span> <span class='ocrx_word' id='word_1_42' title='bbox 778 883 892 930; x_wconf 92' lang='lat' dir='ltr'><strong>tum</strong></span> <span class='ocrx_word' id='word_1_43' title='bbox 923 871 1520 929; x_wconf 86' lang='lat' dir='ltr'><strong>tenebatAthanasius.</strong></span> <span class='ocrx_word' id='word_1_44' title='bbox 1549 870 1673 938; x_wconf 87' lang='lat' dir='ltr'><strong>Qui,</strong></span> <span class='ocrx_word' id='word_1_45' title='bbox 1699 871 1821 941; x_wconf 91' lang='lat' dir='ltr'><strong>ejus</strong></span> <span class='ocrx_word' id='word_1_46' title='bbox 1843 869 2031 925; x_wconf 86' lang='lat' dir='ltr'><strong>audita</strong></span> 
     </span>
    </p>
   </div>
   <div class='ocr_carea' id='block_1_10' title="bbox 447 960 2030 1036">
    <p class='ocr_par' dir='ltr' id='par_1_10' title="bbox 447 960 2030 1036">
     <span class='ocr_line' id='line_1_10' title="bbox 447 960 2030 1036; baseline -0.006 -11"><span class='ocrx_word' id='word_1_47' title='bbox 447 968 804 1026; x_wconf 84' lang='lat' dir='ltr'><strong>narratione:</strong></span> <span class='ocrx_word' id='word_1_48' title='bbox 841 964 905 1020; x_wconf 85' lang='lat' dir='ltr'><strong>Et</strong></span> <span class='ocrx_word' id='word_1_49' title='bbox 938 965 1063 1036; x_wconf 83' lang='lat' dir='ltr'><strong>quis</strong></span> <span class='ocrx_word' id='word_1_50' title='bbox 1096 964 1315 1029; x_wconf 88' lang='lat' dir='ltr'><strong>melius,</strong></span> <span class='ocrx_word' id='word_1_51' title='bbox 1349 963 1548 1035; x_wconf 81' lang='lat' dir='ltr'><strong>inquit,</strong></span> <span class='ocrx_word' id='word_1_52' title='bbox 1582 978 1746 1033; x_wconf 88' lang='lat' dir='ltr'><strong>quam</strong></span> <span class='ocrx_word' id='word_1_53' title='bbox 1805 970 1888 1027; x_wconf 88' lang='lat' dir='ltr'><strong>tu,</strong></span> <span class='ocrx_word' id='word_1_54' title='bbox 1944 960 2030 1017; x_wconf 87' lang='lat' dir='ltr'><strong>vel</strong></span> 
     </span>
    </p>
   </div>
   <div class='ocr_carea' id='block_1_11' title="bbox 448 1051 2031 1132">
    <p class='ocr_par' dir='ltr' id='par_1_11' title="bbox 448 1051 2031 1132">
     <span class='ocr_line' id='line_1_11' title="bbox 448 1051 2031 1132; baseline -0.006 -17"><span class='ocrx_word' id='word_1_55' title='bbox 448 1058 776 1132; x_wconf 79' lang='lat' dir='ltr'><strong>ignorantiae</strong></span> <span class='ocrx_word' id='word_1_56' title='bbox 807 1057 1097 1132; x_wconf 81' lang='lat' dir='ltr'><strong>caliginem</strong></span> <span class='ocrx_word' id='word_1_57' title='bbox 1153 1055 1224 1111; x_wconf 84' lang='lat' dir='ltr'><strong>ab</strong></span> <span class='ocrx_word' id='word_1_58' title='bbox 1260 1056 1368 1111; x_wconf 83' lang='lat' dir='ltr'><strong>hac</strong></span> <span class='ocrx_word' id='word_1_59' title='bbox 1404 1062 1566 1126; x_wconf 89' lang='lat' dir='ltr'><strong>gente</strong></span> <span class='ocrx_word' id='word_1_60' title='bbox 1610 1052 1891 1117; x_wconf 88' lang='lat' dir='ltr'><strong>discutiet,</strong></span> <span class='ocrx_word' id='word_1_61' title='bbox 1947 1051 2031 1107; x_wconf 90' lang='lat' dir='ltr'><strong>vel</strong></span> 
     </span>
    </p>
   </div>
   <div class='ocr_carea' id='block_1_12' title="bbox 446 1145 2031 1221">
    <p class='ocr_par' dir='ltr' id='par_1_12' title="bbox 446 1145 2031 1221">
     <span class='ocr_line' id='line_1_12' title="bbox 446 1145 2031 1221; baseline -0.004 -14"><span class='ocrx_word' id='word_1_62' title='bbox 446 1152 625 1207; x_wconf 85' lang='lat' dir='ltr'><strong>lucem</strong></span> <span class='ocrx_word' id='word_1_63' title='bbox 656 1150 736 1205; x_wconf 89' lang='lat' dir='ltr'><strong>illi</strong></span> <span class='ocrx_word' id='word_1_64' title='bbox 770 1149 974 1205; x_wconf 73' lang='lat' dir='ltr'><strong>divinae</strong></span> <span class='ocrx_word' id='word_1_65' title='bbox 997 1148 1412 1221; x_wconf 81' lang='lat' dir='ltr'><strong>praedicationis</strong></span> <span class='ocrx_word' id='word_1_66' title='bbox 1446 1145 1692 1202; x_wconf 78' lang='lat' dir='ltr'><strong>inferet?</strong></span> <span class='ocrx_word' id='word_1_67' title='bbox 1721 1146 1900 1217; x_wconf 80' lang='lat' dir='ltr'><strong>Atque</strong></span> <span class='ocrx_word' id='word_1_68' title='bbox 1944 1145 2031 1201; x_wconf 88' lang='lat' dir='ltr'><strong>bis</strong></span> 
     </span>
    </p>
   </div>
   <div class='ocr_carea' id='block_1_13' title="bbox 445 1237 2022 1316">
    <p class='ocr_par' dir='ltr' id='par_1_13' title="bbox 445 1237 2022 1316">
     <span class='ocr_line' id='line_1_13' title="bbox 445 1237 2022 1316; baseline -0.004 -16"><span class='ocrx_word' id='word_1_69' title='bbox 445 1244 632 1310; x_wconf 88' lang='lat' dir='ltr'><strong>dictis,</strong></span> <span class='ocrx_word' id='word_1_70' title='bbox 656 1242 959 1316; x_wconf 86' lang='lat' dir='ltr'><strong>episcopali</strong></span> <span class='ocrx_word' id='word_1_71' title='bbox 991 1256 1118 1297; x_wconf 90' lang='lat' dir='ltr'><strong>eum</strong></span> <span class='ocrx_word' id='word_1_72' title='bbox 1151 1241 1327 1311; x_wconf 81' lang='lat' dir='ltr'><strong>gratia</strong></span> <span class='ocrx_word' id='word_1_73' title='bbox 1364 1239 1703 1310; x_wconf 87' lang='lat' dir='ltr'><strong>impertit,et</strong></span> <span class='ocrx_word' id='word_1_74' title='bbox 1735 1237 1802 1292; x_wconf 92' lang='lat' dir='ltr'><strong>ad</strong></span> <span class='ocrx_word' id='word_1_75' title='bbox 1840 1237 2022 1311; x_wconf 89' lang='lat' dir='ltr'><strong>gentis</strong></span> 
     </span>
    </p>
   </div>
   <div class='ocr_carea' id='block_1_14' title="bbox 446 1331 2029 1403">
    <p class='ocr_par' dir='ltr' id='par_1_14' title="bbox 446 1331 2029 1403">
     <span class='ocr_line' id='line_1_14' title="bbox 446 1331 2029 1403; baseline -0.006 -11"><span class='ocrx_word' id='word_1_76' title='bbox 446 1337 597 1393; x_wconf 89' lang='lat' dir='ltr'><strong>illius</strong></span> <span class='ocrx_word' id='word_1_77' title='bbox 641 1339 915 1392; x_wconf 86' lang='lat' dir='ltr'><strong>culturam</strong></span> <span class='ocrx_word' id='word_1_78' title='bbox 956 1334 1209 1391; x_wconf 86' lang='lat' dir='ltr'><strong>dimittit.</strong></span> <span class='ocrx_word' id='word_1_79' title='bbox 1248 1334 1345 1389; x_wconf 85' lang='lat' dir='ltr'><strong>Ille</strong></span> <span class='ocrx_word' id='word_1_80' title='bbox 1377 1347 1530 1399; x_wconf 82' lang='lat' dir='ltr'><strong>vero,</strong></span> <span class='ocrx_word' id='word_1_81' title='bbox 1590 1331 1768 1403; x_wconf 88' lang='lat' dir='ltr'><strong>patria</strong></span> <span class='ocrx_word' id='word_1_82' title='bbox 1819 1332 2029 1395; x_wconf 88' lang='lat' dir='ltr'><strong>relicta,</strong></span> 
     </span>
    </p>
   </div>
   <div class='ocr_carea' id='block_1_15' title="bbox 447 1422 2030 1500">
    <p class='ocr_par' dir='ltr' id='par_1_15' title="bbox 447 1422 2030 1500">
     <span class='ocr_line' id='line_1_15' title="bbox 447 1422 2030 1500; baseline -0.006 -17"><span class='ocrx_word' id='word_1_83' title='bbox 447 1427 741 1500; x_wconf 75' lang='lat' dir='ltr'><strong>pelagique</strong></span> <span class='ocrx_word' id='word_1_84' title='bbox 770 1427 1140 1482; x_wconf 81' lang='lat' dir='ltr'><strong>immensitate</strong></span> <span class='ocrx_word' id='word_1_85' title='bbox 1162 1422 1782 1493; x_wconf 88' lang='lat' dir='ltr'><strong>contempta,incultam</strong></span> <span class='ocrx_word' id='word_1_86' title='bbox 1811 1429 2030 1491; x_wconf 80' lang='lat' dir='ltr'><strong>gentem</strong></span> 
     </span>
    </p>
   </div>
   <div class='ocr_carea' id='block_1_16' title="bbox 447 1512 2032 1589">
    <p class='ocr_par' dir='ltr' id='par_1_16' title="bbox 447 1512 2032 1589">
     <span class='ocr_line' id='line_1_16' title="bbox 447 1512 2032 1589; baseline -0.004 -17"><span class='ocrx_word' id='word_1_87' title='bbox 447 1519 605 1583; x_wconf 90' lang='lat' dir='ltr'><strong>adiit,</strong></span> <span class='ocrx_word' id='word_1_88' title='bbox 647 1519 1049 1589; x_wconf 79' lang='lat' dir='ltr'><strong>diligenterque</strong></span> <span class='ocrx_word' id='word_1_89' title='bbox 1082 1516 1283 1571; x_wconf 70' lang='lat' dir='ltr'><strong>divina:</strong></span> <span class='ocrx_word' id='word_1_90' title='bbox 1308 1516 1503 1586; x_wconf 69' lang='lat' dir='ltr'><strong>gratia:</strong></span> <span class='ocrx_word' id='word_1_91' title='bbox 1531 1529 1634 1585; x_wconf 90' lang='lat' dir='ltr'><strong>ope</strong></span> <span class='ocrx_word' id='word_1_92' title='bbox 1669 1512 1834 1568; x_wconf 80' lang='lat' dir='ltr'><strong>nixus</strong></span> <span class='ocrx_word' id='word_1_93' title='bbox 1865 1526 2032 1567; x_wconf 88' lang='lat' dir='ltr'><strong>exco-</strong></span> 
     </span>
    </p>
   </div>
   <div class='ocr_carea' id='block_1_17' title="bbox 451 1603 2036 1681">
    <p class='ocr_par' dir='ltr' id='par_1_17' title="bbox 451 1603 2036 1681">
     <span class='ocr_line' id='line_1_17' title="bbox 451 1603 2036 1681; baseline -0.005 -16"><span class='ocrx_word' id='word_1_94' title='bbox 451 1612 574 1665; x_wconf 91' lang='lat' dir='ltr'><strong>luit.</strong></span> <span class='ocrx_word' id='word_1_95' title='bbox 608 1611 945 1681; x_wconf 79' lang='lat' dir='ltr'><strong>Apostolicis</strong></span> <span class='ocrx_word' id='word_1_96' title='bbox 980 1609 1126 1665; x_wconf 90' lang='lat' dir='ltr'><strong>enim</strong></span> <span class='ocrx_word' id='word_1_97' title='bbox 1184 1607 1493 1672; x_wconf 88' lang='lat' dir='ltr'><strong>miraculis,</strong></span> <span class='ocrx_word' id='word_1_98' title='bbox 1550 1606 1595 1662; x_wconf 90' lang='lat' dir='ltr'><strong>si</strong></span> <span class='ocrx_word' id='word_1_99' title='bbox 1642 1606 1736 1676; x_wconf 88' lang='lat' dir='ltr'><strong>qui</strong></span> <span class='ocrx_word' id='word_1_100' title='bbox 1763 1603 2036 1660; x_wconf 88' lang='lat' dir='ltr'><strong>contradi-</strong></span> 
     </span>
    </p>
   </div>
   <div class='ocr_carea' id='block_1_18' title="bbox 450 1694 2034 1769">
    <p class='ocr_par' dir='ltr' id='par_1_18' title="bbox 450 1694 2034 1769">
     <span class='ocr_line' id='line_1_18' title="bbox 450 1694 2034 1769; baseline -0.006 -12"><span class='ocrx_word' id='word_1_101' title='bbox 450 1719 579 1759; x_wconf 88' lang='lat' dir='ltr'><strong>cere</strong></span> <span class='ocrx_word' id='word_1_102' title='bbox 618 1709 977 1768; x_wconf 90' lang='lat' dir='ltr'><strong>conarentur,</strong></span> <span class='ocrx_word' id='word_1_103' title='bbox 1018 1699 1306 1769; x_wconf 87' lang='lat' dir='ltr'><strong>capiebat:</strong></span> <span class='ocrx_word' id='word_1_104' title='bbox 1346 1700 1744 1767; x_wconf 87' lang='lat' dir='ltr'><strong>signorumque</strong></span> <span class='ocrx_word' id='word_1_105' title='bbox 1793 1694 2034 1750; x_wconf 81' lang='lat' dir='ltr'><strong>efﬁcacia</strong></span> 
     </span>
    </p>
   </div>
   <div class='ocr_carea' id='block_1_19' title="bbox 450 1785 2033 1865">
    <p class='ocr_par' dir='ltr' id='par_1_19' title="bbox 450 1785 2033 1865">
     <span class='ocr_line' id='line_1_19' title="bbox 450 1785 2033 1865; baseline -0.006 -16"><span class='ocrx_word' id='word_1_106' title='bbox 450 1794 615 1850; x_wconf 91' lang='lat' dir='ltr'><strong>dictis</strong></span> <span class='ocrx_word' id='word_1_107' title='bbox 643 1794 764 1865; x_wconf 90' lang='lat' dir='ltr'><strong>ejus</strong></span> <span class='ocrx_word' id='word_1_108' title='bbox 801 1793 959 1848; x_wconf 77' lang='lat' dir='ltr'><strong>[idem</strong></span> <span class='ocrx_word' id='word_1_109' title='bbox 994 1798 1276 1858; x_wconf 88' lang='lat' dir='ltr'><strong>astruens,</strong></span> <span class='ocrx_word' id='word_1_110' title='bbox 1326 1789 1599 1860; x_wconf 87' lang='lat' dir='ltr'><strong>plurimos</strong></span> <span class='ocrx_word' id='word_1_111' title='bbox 1645 1786 1894 1859; x_wconf 86' lang='lat' dir='ltr'><strong>quotidie</strong></span> <span class='ocrx_word' id='word_1_112' title='bbox 1926 1785 2033 1842; x_wconf 87' lang='lat' dir='ltr'><strong>sibi</strong></span> 
     </span>
    </p>
   </div>
   <div class='ocr_carea' id='block_1_20' title="bbox 453 1886 815 1957">
    <p class='ocr_par' dir='ltr' id='par_1_20' title="bbox 453 1886 815 1957">
     <span class='ocr_line' id='line_1_20' title="bbox 453 1886 815 1957; baseline -0.006 -17"><span class='ocrx_word' id='word_1_113' title='bbox 453 1886 815 1957; x_wconf 80' lang='lat' dir='ltr'><strong>adjungebat.</strong></span> 
     </span>
    </p>
   </div>
   <div class='ocr_carea' id='block_1_21' title="bbox 2134 592 3723 668">
    <p class='ocr_par' dir='ltr' id='par_1_21' title="bbox 2134 592 3723 668">
     <span class='ocr_line' id='line_1_21' title="bbox 2134 592 3723 668; baseline -0.001 -17"><span class='ocrx_word' id='word_1_114' title='bbox 2134 597 2350 668; x_wconf 81' lang='grc' dir='ltr'>μέντιος</span> <span class='ocrx_word' id='word_1_115' title='bbox 2386 597 2485 668; x_wconf 80' lang='grc' dir='ltr'><strong>τὴν</strong></span> <span class='ocrx_word' id='word_1_116' title='bbox 2515 597 2642 668; x_wconf 60' lang='grc' dir='ltr'>περὶ</span> <span class='ocrx_word' id='word_1_117' title='bbox 2671 595 2741 650; x_wconf 81' lang='grc' dir='ltr'><strong>τά</strong></span> <span class='ocrx_word' id='word_1_118' title='bbox 2768 596 2888 650; x_wconf 89' lang='grc' dir='ltr'>θεῖα</span> <span class='ocrx_word' id='word_1_119' title='bbox 2915 594 3154 667; x_wconf 83' lang='grc' dir='ltr'>σπουδὴν</span> <span class='ocrx_word' id='word_1_120' title='bbox 3182 595 3282 665; x_wconf 86' lang='grc' dir='ltr'><strong>τῆς</strong></span> <span class='ocrx_word' id='word_1_121' title='bbox 3319 592 3428 647; x_wconf 83' lang='grc' dir='ltr'>τῶν</span> <span class='ocrx_word' id='word_1_122' title='bbox 3457 610 3723 665; x_wconf 85' lang='grc' dir='ltr'>γεγεννη-</span> 
     </span>
    </p>
   </div>
   <div class='ocr_carea' id='block_1_22' title="bbox 2131 684 3722 760">
    <p class='ocr_par' dir='ltr' id='par_1_22' title="bbox 2131 684 3722 760">
     <span class='ocr_line' id='line_1_22' title="bbox 2131 684 3722 760; baseline -0.001 -19"><span class='ocrx_word' id='word_1_123' title='bbox 2131 688 2305 742; x_wconf 88' lang='grc' dir='ltr'>κότων</span> <span class='ocrx_word' id='word_1_124' title='bbox 2380 688 2752 760; x_wconf 84' lang='grc' dir='ltr'>προτετίμηκε</span> <span class='ocrx_word' id='word_1_125' title='bbox 2804 686 2932 750; x_wconf 85' lang='grc' dir='ltr'>θέας</span> <span class='ocrx_word' id='word_1_126' title='bbox 2970 701 2986 719; x_wconf 78' lang='grc' dir='ltr'><strong><em>ο</em></strong></span> <span class='ocrx_word' id='word_1_127' title='bbox 3043 686 3141 739; x_wconf 72' lang='grc' dir='ltr'><strong>καὶ</strong></span> <span class='ocrx_word' id='word_1_128' title='bbox 3199 684 3302 756; x_wconf 81' lang='grc' dir='ltr'>τὴν</span> <span class='ocrx_word' id='word_1_129' title='bbox 3366 685 3722 756; x_wconf 79' lang='grc' dir='ltr'><strong>Ἀλεξάνδρου</strong></span> 
     </span>
    </p>
   </div>
   <div class='ocr_carea' id='block_1_23' title="bbox 2132 777 3722 848">
    <p class='ocr_par' dir='ltr' id='par_1_23' title="bbox 2132 777 3722 848">
     <span class='ocr_line' id='line_1_23' title="bbox 2132 777 3722 848; baseline -0.001 -14"><span class='ocrx_word' id='word_1_130' title='bbox 2132 778 2456 834; x_wconf 77' lang='grc' dir='ltr'>καταλαϐὼν</span> <span class='ocrx_word' id='word_1_131' title='bbox 2489 779 2663 841; x_wconf 87' lang='grc' dir='ltr'>πόλιν.</span> <span class='ocrx_word' id='word_1_132' title='bbox 2698 779 2791 832; x_wconf 80' lang='grc' dir='ltr'><strong>τὸν</strong></span> <span class='ocrx_word' id='word_1_133' title='bbox 2817 779 2922 848; x_wconf 72' lang='grc' dir='ltr'>τῆς</span> <span class='ocrx_word' id='word_1_134' title='bbox 2966 777 3297 848; x_wconf 84' lang='grc' dir='ltr'>Ἐκκλησίας</span> <span class='ocrx_word' id='word_1_135' title='bbox 3349 778 3557 845; x_wconf 75' lang='grc' dir='ltr'><strong>ἐδίδαξε</strong></span> <span class='ocrx_word' id='word_1_136' title='bbox 3588 778 3722 848; x_wconf 87' lang='grc' dir='ltr'>πρό-</span> 
     </span>
    </p>
   </div>
   <div class='ocr_carea' id='block_1_24' title="bbox 2132 868 3717 941">
    <p class='ocr_par' dir='ltr' id='par_1_24' title="bbox 2132 868 3717 941">
     <span class='ocr_line' id='line_1_24' title="bbox 2132 868 3717 941; baseline -0.001 -17"><span class='ocrx_word' id='word_1_137' title='bbox 2132 871 2303 941; x_wconf 90' lang='grc' dir='ltr'>εδρον,</span> <span class='ocrx_word' id='word_1_138' title='bbox 2341 872 2419 936; x_wconf 84' lang='grc' dir='ltr'>ὡς</span> <span class='ocrx_word' id='word_1_139' title='bbox 2477 871 2631 925; x_wconf 74' lang='grc' dir='ltr'>Ἰνδοὶ</span> <span class='ocrx_word' id='word_1_140' title='bbox 2684 871 2806 925; x_wconf 84' lang='grc' dir='ltr'><strong>λίαν</strong></span> <span class='ocrx_word' id='word_1_141' title='bbox 2863 869 3091 923; x_wconf 82' lang='grc' dir='ltr'><strong>ποθοῦσι</strong></span> <span class='ocrx_word' id='word_1_142' title='bbox 3142 869 3200 923; x_wconf 82' lang='grc' dir='ltr'><strong>τὸ</strong></span> <span class='ocrx_word' id='word_1_143' title='bbox 3247 870 3433 938; x_wconf 80' lang='grc' dir='ltr'>νοερὸν</span> <span class='ocrx_word' id='word_1_144' title='bbox 3477 868 3717 935; x_wconf 79' lang='grc' dir='ltr'>εἰσδέξα-</span> 
     </span>
    </p>
   </div>
   <div class='ocr_carea' id='block_1_25' title="bbox 2134 960 3724 1034">
    <p class='ocr_par' dir='ltr' id='par_1_25' title="bbox 2134 960 3724 1034">
     <span class='ocr_line' id='line_1_25' title="bbox 2134 960 3724 1034; baseline -0.002 -17"><span class='ocrx_word' id='word_1_145' title='bbox 2134 963 2258 1018; x_wconf 90' lang='grc' dir='ltr'>σθαι</span> <span class='ocrx_word' id='word_1_146' title='bbox 2297 963 2433 1034; x_wconf 81' lang='grc' dir='ltr'>φῶς.</span> <span class='ocrx_word' id='word_1_147' title='bbox 2477 962 2795 1027; x_wconf 74' lang='grc' dir='ltr'>’Δθανάσιος</span> <span class='ocrx_word' id='word_1_148' title='bbox 2838 962 2896 1016; x_wconf 79' lang='grc' dir='ltr'>δὲ</span> <span class='ocrx_word' id='word_1_149' title='bbox 2926 960 3228 1033; x_wconf 85' lang='grc' dir='ltr'>τηνικαῦτα</span> <span class='ocrx_word' id='word_1_150' title='bbox 3253 960 3354 1030; x_wconf 79' lang='grc' dir='ltr'>τῆς</span> <span class='ocrx_word' id='word_1_151' title='bbox 3395 960 3724 1032; x_wconf 81' lang='grc' dir='ltr'>Ἐκκλησίας</span> 
     </span>
    </p>
   </div>
   <div class='ocr_carea' id='block_1_26' title="bbox 2135 1053 3728 1129">
    <p class='ocr_par' dir='ltr' id='par_1_26' title="bbox 2135 1053 3728 1129">
     <span class='ocr_line' id='line_1_26' title="bbox 2135 1053 3728 1129; baseline -0.002 -19"><span class='ocrx_word' id='word_1_152' title='bbox 2135 1056 2352 1129; x_wconf 76' lang='grc' dir='ltr'><strong>ἐκείνης</strong></span> <span class='ocrx_word' id='word_1_153' title='bbox 2411 1057 2630 1126; x_wconf 79' lang='grc' dir='ltr'>κατεῖχε</span> <span class='ocrx_word' id='word_1_154' title='bbox 2664 1057 2793 1120; x_wconf 83' lang='grc' dir='ltr'>τοὺς</span> <span class='ocrx_word' id='word_1_155' title='bbox 2831 1056 3024 1119; x_wconf 73' lang='grc' dir='ltr'>οἴακας</span> <span class='ocrx_word' id='word_1_156' title='bbox 3050 1073 3064 1086; x_wconf 85' lang='grc'>·</span> <span class='ocrx_word' id='word_1_157' title='bbox 3107 1053 3167 1117; x_wconf 75' lang='grc' dir='ltr'>ὃς</span> <span class='ocrx_word' id='word_1_158' title='bbox 3211 1053 3320 1108; x_wconf 81' lang='grc' dir='ltr'><strong>τῶν</strong></span> <span class='ocrx_word' id='word_1_159' title='bbox 3366 1053 3728 1124; x_wconf 80' lang='grc' dir='ltr'><strong>διηγημάτων</strong></span> 
     </span>
    </p>
   </div>
   <div class='ocr_carea' id='block_1_27' title="bbox 2129 1145 3728 1216">
    <p class='ocr_par' dir='ltr' id='par_1_27' title="bbox 2129 1145 3728 1216">
     <span class='ocr_line' id='line_1_27' title="bbox 2129 1145 3728 1216; baseline -0.001 -14"><span class='ocrx_word' id='word_1_160' title='bbox 2129 1148 2361 1202; x_wconf 74' lang='grc' dir='ltr'>ἐκείνων</span> <span class='ocrx_word' id='word_1_161' title='bbox 2401 1149 2642 1212; x_wconf 84' lang='grc' dir='ltr'>ἀκούσας</span> <span class='ocrx_word' id='word_1_162' title='bbox 2666 1164 2678 1176; x_wconf 89' lang='grc'><strong>·</strong></span> <span class='ocrx_word' id='word_1_163' title='bbox 2717 1148 2829 1202; x_wconf 78' lang='grc' dir='ltr'><strong>Καὶ</strong></span> <span class='ocrx_word' id='word_1_164' title='bbox 2890 1146 2974 1210; x_wconf 88' lang='grc' dir='ltr'><strong>τίς</strong></span> <span class='ocrx_word' id='word_1_165' title='bbox 3018 1163 3136 1212; x_wconf 91' lang='grc' dir='ltr'>σου,</span> <span class='ocrx_word' id='word_1_166' title='bbox 3185 1145 3313 1216; x_wconf 75' lang='grc' dir='ltr'>ἔφη,</span> <span class='ocrx_word' id='word_1_167' title='bbox 3371 1145 3598 1216; x_wconf 81' lang='grc' dir='ltr'>ἄμεινον</span> <span class='ocrx_word' id='word_1_168' title='bbox 3630 1146 3728 1200; x_wconf 79' lang='grc' dir='ltr'>καὶ</span> 
     </span>
    </p>
   </div>
   <div class='ocr_carea' id='block_1_28' title="bbox 2131 1233 3725 1312">
    <p class='ocr_par' dir='ltr' id='par_1_28' title="bbox 2131 1233 3725 1312">
     <span class='ocr_line' id='line_1_28' title="bbox 2131 1233 3725 1312; baseline -0.003 -19"><span class='ocrx_word' id='word_1_169' title='bbox 2131 1239 2231 1312; x_wconf 86' lang='grc' dir='ltr'><strong>τὴν</strong></span> <span class='ocrx_word' id='word_1_170' title='bbox 2260 1240 2357 1310; x_wconf 81' lang='grc' dir='ltr'><strong>τῆς</strong></span> <span class='ocrx_word' id='word_1_171' title='bbox 2376 1239 2600 1307; x_wconf 82' lang='grc' dir='ltr'>ἀγνοίας</span> <span class='ocrx_word' id='word_1_172' title='bbox 2626 1238 2723 1310; x_wconf 84' lang='grc' dir='ltr'><strong>τὴν</strong></span> <span class='ocrx_word' id='word_1_173' title='bbox 2742 1239 2789 1271; x_wconf 73' lang='grc'><strong>’⁷</strong></span> <span class='ocrx_word' id='word_1_174' title='bbox 2812 1237 2979 1309; x_wconf 83' lang='grc' dir='ltr'>ἀχλὺν</span> <span class='ocrx_word' id='word_1_175' title='bbox 3005 1236 3369 1290; x_wconf 86' lang='grc' dir='ltr'>ἀποσκεδάσει</span> <span class='ocrx_word' id='word_1_176' title='bbox 3392 1233 3487 1289; x_wconf 87' lang='grc' dir='ltr'><strong>τοῦ</strong></span> <span class='ocrx_word' id='word_1_177' title='bbox 3512 1234 3725 1302; x_wconf 77' lang='grc' dir='ltr'>ἔθνους,</span> 
     </span>
    </p>
   </div>
   <div class='ocr_carea' id='block_1_29' title="bbox 2134 1326 3720 1401">
    <p class='ocr_par' dir='ltr' id='par_1_29' title="bbox 2134 1326 3720 1401">
     <span class='ocr_line' id='line_1_29' title="bbox 2134 1326 3720 1401; baseline -0.003 -18"><span class='ocrx_word' id='word_1_178' title='bbox 2134 1329 2228 1383; x_wconf 80' lang='grc' dir='ltr'>καὶ</span> <span class='ocrx_word' id='word_1_179' title='bbox 2252 1328 2345 1381; x_wconf 88' lang='grc' dir='ltr'><strong>τοῦ</strong></span> <span class='ocrx_word' id='word_1_180' title='bbox 2373 1329 2519 1382; x_wconf 80' lang='grc' dir='ltr'>θείου</span> <span class='ocrx_word' id='word_1_181' title='bbox 2542 1327 2900 1401; x_wconf 79' lang='grc' dir='ltr'>κηρύγματος</span> <span class='ocrx_word' id='word_1_182' title='bbox 2928 1328 3113 1391; x_wconf 76' lang='grc' dir='ltr'>αὐτοῖς</span> <span class='ocrx_word' id='word_1_183' title='bbox 3136 1326 3356 1380; x_wconf 84' lang='grc' dir='ltr'>ἀποίσει</span> <span class='ocrx_word' id='word_1_184' title='bbox 3371 1326 3470 1397; x_wconf 80' lang='grc' dir='ltr'><strong>τὴν</strong></span> <span class='ocrx_word' id='word_1_185' title='bbox 3493 1326 3720 1398; x_wconf 82' lang='grc' dir='ltr'>αῖγλην;</span> 
     </span>
    </p>
   </div>
   <div class='ocr_carea' id='block_1_30' title="bbox 2134 1418 3721 1493">
    <p class='ocr_par' dir='ltr' id='par_1_30' title="bbox 2134 1418 3721 1493">
     <span class='ocr_line' id='line_1_30' title="bbox 2134 1418 3721 1493; baseline -0.001 -20"><span class='ocrx_word' id='word_1_186' title='bbox 2134 1420 2320 1475; x_wconf 89' lang='grc' dir='ltr'>Ταῦτα</span> <span class='ocrx_word' id='word_1_187' title='bbox 2353 1418 2544 1487; x_wconf 88' lang='grc' dir='ltr'>εἰπὼν,</span> <span class='ocrx_word' id='word_1_188' title='bbox 2582 1422 2677 1475; x_wconf 72' lang='grc' dir='ltr'><strong>καὶ</strong></span> <span class='ocrx_word' id='word_1_189' title='bbox 2709 1422 2809 1491; x_wconf 84' lang='grc' dir='ltr'>τῆς</span> <span class='ocrx_word' id='word_1_190' title='bbox 2835 1421 3232 1493; x_wconf 80' lang='grc' dir='ltr'>ἀρχιερατικῆς</span> <span class='ocrx_word' id='word_1_191' title='bbox 3291 1419 3441 1491; x_wconf 76' lang='grc' dir='ltr'>αὐτῷ</span> <span class='ocrx_word' id='word_1_192' title='bbox 3500 1419 3721 1492; x_wconf 87' lang='grc' dir='ltr'>χάριτος</span> 
     </span>
    </p>
   </div>
   <div class='ocr_carea' id='block_1_31' title="bbox 2138 1503 3726 1585">
    <p class='ocr_par' dir='ltr' id='par_1_31' title="bbox 2138 1503 3726 1585">
     <span class='ocr_line' id='line_1_31' title="bbox 2138 1503 3726 1585; baseline -0.001 -18"><span class='ocrx_word' id='word_1_193' title='bbox 2138 1513 2420 1584; x_wconf 73' lang='grc' dir='ltr'>μεταδοὺς,</span> <span class='ocrx_word' id='word_1_194' title='bbox 2452 1514 2534 1577; x_wconf 86' lang='grc' dir='ltr'><strong>είς</strong></span> <span class='ocrx_word' id='word_1_195' title='bbox 2589 1512 2687 1585; x_wconf 84' lang='grc' dir='ltr'><strong>τὴν</strong></span> <span class='ocrx_word' id='word_1_196' title='bbox 2716 1510 2811 1567; x_wconf 90' lang='grc' dir='ltr'><strong>τοῦ</strong></span> <span class='ocrx_word' id='word_1_197' title='bbox 2854 1503 3039 1576; x_wconf 76' lang='grc' dir='ltr'>ἔθνους</span> <span class='ocrx_word' id='word_1_198' title='bbox 3106 1510 3382 1582; x_wconf 74' lang='grc' dir='ltr'>ἐξέπεμψε</span> <span class='ocrx_word' id='word_1_199' title='bbox 3430 1510 3726 1580; x_wconf 78' lang='grc' dir='ltr'>γεωργίαν.</span> 
     </span>
    </p>
   </div>
   <div class='ocr_carea' id='block_1_32' title="bbox 2147 1599 3727 1675">
    <p class='ocr_par' dir='ltr' id='par_1_32' title="bbox 2147 1599 3727 1675">
     <span class='ocr_line' id='line_1_32' title="bbox 2147 1599 3727 1675; baseline -0.003 -18"><span class='ocrx_word' id='word_1_200' title='bbox 2147 1603 2206 1657; x_wconf 85' lang='grc' dir='ltr'>Ὀ</span> <span class='ocrx_word' id='word_1_201' title='bbox 2244 1605 2321 1671; x_wconf 82' lang='grc' dir='ltr'><strong>δὲ,</strong></span> <span class='ocrx_word' id='word_1_202' title='bbox 2352 1604 2448 1657; x_wconf 75' lang='grc' dir='ltr'><strong>καὶ</strong></span> <span class='ocrx_word' id='word_1_203' title='bbox 2514 1604 2617 1675; x_wconf 84' lang='grc' dir='ltr'>τὴν</span> <span class='ocrx_word' id='word_1_204' title='bbox 2654 1603 2889 1674; x_wconf 82' lang='grc' dir='ltr'>πατρίδα</span> <span class='ocrx_word' id='word_1_205' title='bbox 2944 1601 3287 1664; x_wconf 85' lang='grc' dir='ltr'>καταλιπὼν,</span> <span class='ocrx_word' id='word_1_206' title='bbox 3320 1600 3414 1654; x_wconf 74' lang='grc' dir='ltr'><strong>καὶ</strong></span> <span class='ocrx_word' id='word_1_207' title='bbox 3442 1600 3537 1654; x_wconf 91' lang='grc' dir='ltr'><strong>τοῦ</strong></span> <span class='ocrx_word' id='word_1_208' title='bbox 3567 1599 3727 1670; x_wconf 79' lang='grc' dir='ltr'>μεγί-</span> 
     </span>
    </p>
   </div>
   <div class='ocr_carea' id='block_1_33' title="bbox 2139 1689 3723 1765">
    <p class='ocr_par' dir='ltr' id='par_1_33' title="bbox 2139 1689 3723 1765">
     <span class='ocr_line' id='line_1_33' title="bbox 2139 1689 3723 1765; baseline -0.004 -17"><span class='ocrx_word' id='word_1_209' title='bbox 2139 1712 2265 1748; x_wconf 89' lang='grc' dir='ltr'>στου</span> <span class='ocrx_word' id='word_1_210' title='bbox 2323 1693 2596 1761; x_wconf 82' lang='grc' dir='ltr'>πελάγους</span> <span class='ocrx_word' id='word_1_211' title='bbox 2662 1695 3110 1765; x_wconf 81' lang='grc' dir='ltr'>καταφρονήσας,</span> <span class='ocrx_word' id='word_1_212' title='bbox 3174 1690 3448 1746; x_wconf 82' lang='grc' dir='ltr'>κατέλαϐε</span> <span class='ocrx_word' id='word_1_213' title='bbox 3515 1689 3613 1761; x_wconf 82' lang='grc' dir='ltr'>μὲν</span> <span class='ocrx_word' id='word_1_214' title='bbox 3662 1690 3723 1743; x_wconf 84' lang='grc' dir='ltr'><strong>τὸ</strong></span> 
     </span>
    </p>
   </div>
   <div class='ocr_carea' id='block_1_34' title="bbox 2137 1785 3730 1860">
    <p class='ocr_par' dir='ltr' id='par_1_34' title="bbox 2137 1785 3730 1860">
     <span class='ocr_line' id='line_1_34' title="bbox 2137 1785 3730 1860; baseline -0.003 -19"><span class='ocrx_word' id='word_1_215' title='bbox 2137 1787 2493 1860; x_wconf 81' lang='grc' dir='ltr'>ἀγεώργητον</span> <span class='ocrx_word' id='word_1_216' title='bbox 2538 1786 2713 1852; x_wconf 77' lang='grc' dir='ltr'>ἔθνος·</span> <span class='ocrx_word' id='word_1_217' title='bbox 2765 1785 3083 1859; x_wconf 86' lang='grc' dir='ltr'>έγεώργησε</span> <span class='ocrx_word' id='word_1_218' title='bbox 3126 1786 3183 1841; x_wconf 80' lang='grc' dir='ltr'>δὲ</span> <span class='ocrx_word' id='word_1_219' title='bbox 3235 1785 3554 1857; x_wconf 83' lang='grc' dir='ltr'>προθύμως,</span> <span class='ocrx_word' id='word_1_220' title='bbox 3607 1799 3730 1837; x_wconf 86' lang='grc' dir='ltr'>συν-</span> 
     </span>
    </p>
   </div>
   <div class='ocr_carea' id='block_1_35' title="bbox 2068 1871 3730 1950">
    <p class='ocr_par' dir='ltr' id='par_1_35' title="bbox 2068 1871 3730 1950">
     <span class='ocr_line' id='line_1_35' title="bbox 2068 1871 3730 1950; baseline -0.004 -20"><span class='ocrx_word' id='word_1_221' title='bbox 2068 1871 2114 1930; x_wconf 84' lang='grc' dir='ltr'><strong><em>Β</em></strong></span> <span class='ocrx_word' id='word_1_222' title='bbox 2142 1879 2302 1950; x_wconf 77' lang='grc' dir='ltr'>εργὸν</span> <span class='ocrx_word' id='word_1_223' title='bbox 2342 1877 2482 1950; x_wconf 75' lang='grc' dir='ltr'>ἔχων</span> <span class='ocrx_word' id='word_1_224' title='bbox 2515 1877 2614 1950; x_wconf 78' lang='grc' dir='ltr'>τὴν</span> <span class='ocrx_word' id='word_1_225' title='bbox 2660 1876 2940 1931; x_wconf 85' lang='grc' dir='ltr'>θεόσδοτον</span> <span class='ocrx_word' id='word_1_226' title='bbox 2968 1875 3086 1950; x_wconf 80' lang='lat'><strong>[55]</strong></span> <span class='ocrx_word' id='word_1_227' title='bbox 3115 1876 3277 1948; x_wconf 81' lang='grc' dir='ltr'>χάριν</span> <span class='ocrx_word' id='word_1_228' title='bbox 3303 1892 3316 1906; x_wconf 80' lang='lat'>&#39;</span> <span class='ocrx_word' id='word_1_229' title='bbox 3345 1873 3730 1935; x_wconf 89' lang='grc' dir='ltr'>ἀποστολικαῖς</span> 
     </span>
    </p>
   </div>
   <div class='ocr_carea' id='block_1_36' title="bbox 451 1965 3731 2052">
    <p class='ocr_par' dir='ltr' id='par_1_36' title="bbox 451 1965 3731 2052">
     <span class='ocr_line' id='line_1_36' title="bbox 451 1965 3731 2052; baseline -0.005 -18"><span class='ocrx_word' id='word_1_230' title='bbox 451 1978 560 2052; x_wconf 81' lang='grc' dir='ltr'>γὰρ</span> <span class='ocrx_word' id='word_1_231' title='bbox 599 1976 937 2049; x_wconf 81' lang='grc' dir='ltr'>κεχρημένος</span> <span class='ocrx_word' id='word_1_232' title='bbox 980 1972 1470 2046; x_wconf 86' lang='grc' dir='ltr'>θαυματουργίαις,</span> <span class='ocrx_word' id='word_1_233' title='bbox 1499 1973 1626 2036; x_wconf 78' lang='grc' dir='ltr'>τοὺς</span> <span class='ocrx_word' id='word_1_234' title='bbox 1655 1972 1958 2042; x_wconf 83' lang='grc' dir='ltr'>ἀντιλέγειν</span> <span class='ocrx_word' id='word_1_235' title='bbox 2006 1973 2119 2035; x_wconf 87' lang='grc' dir='ltr'>τοῖς</span> <span class='ocrx_word' id='word_1_236' title='bbox 2174 1972 2354 2041; x_wconf 85' lang='grc' dir='ltr'>λόγοις</span> <span class='ocrx_word' id='word_1_237' title='bbox 2404 1971 2782 2043; x_wconf 82' lang='grc' dir='ltr'>πειρωμένους</span> <span class='ocrx_word' id='word_1_238' title='bbox 2818 1971 3083 2043; x_wconf 72' lang='grc' dir='ltr'>ἐθήρευε,</span> <span class='ocrx_word' id='word_1_239' title='bbox 3129 1969 3226 2023; x_wconf 74' lang='grc' dir='ltr'><strong>καὶ</strong></span> <span class='ocrx_word' id='word_1_240' title='bbox 3276 1969 3311 2040; x_wconf 84' lang='grc' dir='ltr'>ἡ</span> <span class='ocrx_word' id='word_1_241' title='bbox 3359 1965 3731 2041; x_wconf 72' lang='grc' dir='ltr'>τερατουργίαι</span> 
     </span>
    </p>
   </div>
   <div class='ocr_carea' id='block_1_37' title="bbox 454 2063 2821 2145">
    <p class='ocr_par' dir='ltr' id='par_1_37' title="bbox 454 2063 2821 2145">
     <span class='ocr_line' id='line_1_37' title="bbox 454 2063 2821 2145; baseline -0.005 -17"><span class='ocrx_word' id='word_1_242' title='bbox 454 2069 809 2145; x_wconf 88' lang='grc' dir='ltr'>μαρτυροῦσα</span> <span class='ocrx_word' id='word_1_243' title='bbox 882 2070 999 2131; x_wconf 87' lang='grc' dir='ltr'>τοῖς</span> <span class='ocrx_word' id='word_1_244' title='bbox 1053 2065 1370 2136; x_wconf 85' lang='grc' dir='ltr'>λεγομένοις</span> <span class='ocrx_word' id='word_1_245' title='bbox 1394 2105 1410 2131; x_wconf 90' lang='grc'><strong>,</strong></span> <span class='ocrx_word' id='word_1_246' title='bbox 1481 2065 1839 2137; x_wconf 83' lang='grc' dir='ltr'>παμπόλλους</span> <span class='ocrx_word' id='word_1_247' title='bbox 1903 2064 2025 2120; x_wconf 83' lang='grc' dir='ltr'>καθ’</span> <span class='ocrx_word' id='word_1_248' title='bbox 2052 2064 2291 2135; x_wconf 78' lang='grc' dir='ltr'>ἑκάστην</span> <span class='ocrx_word' id='word_1_249' title='bbox 2319 2063 2535 2136; x_wconf 76' lang='grc' dir='ltr'>ἡμέραν</span> <span class='ocrx_word' id='word_1_250' title='bbox 2562 2064 2821 2135; x_wconf 75' lang='grc' dir='ltr'>ἐζώγρει.</span> 
     </span>
    </p>
   </div>
   <div class='ocr_carea' id='block_1_38' title="bbox 697 2178 1784 2255">
    <p class='ocr_par' dir='ltr' id='par_1_38' title="bbox 697 2178 1784 2255">
     <span class='ocr_line' id='line_1_38' title="bbox 697 2178 1784 2255; baseline -0.001 -19"><span class='ocrx_word' id='word_1_251' title='bbox 697 2183 864 2255; x_wconf 71' lang='lat'><strong>806</strong></span> <span class='ocrx_word' id='word_1_252' title='bbox 885 2181 1037 2237; x_wconf 81' lang='lat' dir='ltr'><strong>CAP.</strong></span> <span class='ocrx_word' id='word_1_253' title='bbox 1064 2178 1254 2234; x_wconf 74' lang='lat' dir='ltr'><strong>XXIII.</strong></span> <span class='ocrx_word' id='word_1_254' title='bbox 1284 2178 1392 2253; x_wconf 88' lang='lat' dir='ltr'><strong>[St.</strong></span> <span class='ocrx_word' id='word_1_255' title='bbox 1424 2180 1556 2236; x_wconf 87' lang='lat' dir='ltr'><strong>Chr.</strong></span> <span class='ocrx_word' id='word_1_256' title='bbox 1586 2179 1646 2235; x_wconf 65' lang='grc' dir='ltr'>ιτ.</span> <span class='ocrx_word' id='word_1_257' title='bbox 1667 2179 1784 2252; x_wconf 57' lang='grc' dir='ltr'>ειη]</span> 
     </span>
    </p>
   </div>
   <div class='ocr_carea' id='block_1_39' title="bbox 701 2293 1782 2362">
    <p class='ocr_par' dir='ltr' id='par_1_39' title="bbox 701 2293 1782 2362">
     <span class='ocr_line' id='line_1_39' title="bbox 701 2293 1782 2362; baseline -0.004 -11"><span class='ocrx_word' id='word_1_258' title='bbox 701 2297 779 2352; x_wconf 86' lang='lat' dir='ltr'><strong>De</strong></span> <span class='ocrx_word' id='word_1_259' title='bbox 808 2296 1088 2352; x_wconf 79' lang='lat' dir='ltr'><strong>[berorum</strong></span> <span class='ocrx_word' id='word_1_260' title='bbox 1114 2294 1184 2349; x_wconf 82' lang='lat' dir='ltr'><strong>ad</strong></span> <span class='ocrx_word' id='word_1_261' title='bbox 1212 2293 1373 2362; x_wconf 81' lang='lat' dir='ltr'><strong>ﬁdem</strong></span> <span class='ocrx_word' id='word_1_262' title='bbox 1415 2295 1782 2349; x_wconf 79' lang='lat' dir='ltr'><strong>traductione.</strong></span> 
     </span>
    </p>
   </div>
   <div class='ocr_carea' id='block_1_40' title="bbox 525 2451 2041 2524">
    <p class='ocr_par' dir='ltr' id='par_1_40' title="bbox 525 2451 2041 2524">
     <span class='ocr_line' id='line_1_40' title="bbox 525 2451 2041 2524; baseline -0.003 -11"><span class='ocrx_word' id='word_1_263' title='bbox 525 2456 674 2513; x_wconf 89' lang='lat' dir='ltr'><strong>Indis</strong></span> <span class='ocrx_word' id='word_1_264' title='bbox 719 2468 852 2524; x_wconf 82' lang='lat' dir='ltr'><strong>ergo</strong></span> <span class='ocrx_word' id='word_1_265' title='bbox 884 2453 951 2509; x_wconf 90' lang='lat' dir='ltr'><strong>ad</strong></span> <span class='ocrx_word' id='word_1_266' title='bbox 1011 2451 1105 2509; x_wconf 88' lang='lat' dir='ltr'><strong>Dei</strong></span> <span class='ocrx_word' id='word_1_267' title='bbox 1172 2451 1544 2523; x_wconf 80' lang='lat' dir='ltr'><strong>cognitionem</strong></span> <span class='ocrx_word' id='word_1_268' title='bbox 1593 2453 2041 2523; x_wconf 86' lang='lat' dir='ltr'><strong>consequendam</strong></span> 
     </span>
    </p>
   </div>
   <div class='ocr_carea' id='block_1_41' title="bbox 457 2543 2049 2617">
    <p class='ocr_par' dir='ltr' id='par_1_41' title="bbox 457 2543 2049 2617">
     <span class='ocr_line' id='line_1_41' title="bbox 457 2543 2049 2617; baseline -0.005 -9"><span class='ocrx_word' id='word_1_269' title='bbox 457 2553 568 2608; x_wconf 84' lang='lat' dir='ltr'><strong>dux</strong></span> <span class='ocrx_word' id='word_1_270' title='bbox 599 2548 703 2605; x_wconf 82' lang='lat' dir='ltr'><strong>fuit</strong></span> <span class='ocrx_word' id='word_1_271' title='bbox 754 2546 1132 2602; x_wconf 84' lang='lat' dir='ltr'><strong>Frumentius.</strong></span> <span class='ocrx_word' id='word_1_272' title='bbox 1191 2544 1261 2599; x_wconf 77' lang='lat' dir='ltr'><strong>At</strong></span> <span class='ocrx_word' id='word_1_273' title='bbox 1322 2543 1507 2600; x_wconf 89' lang='lat' dir='ltr'><strong>Iberos</strong></span> <span class='ocrx_word' id='word_1_274' title='bbox 1560 2545 1752 2600; x_wconf 90' lang='lat' dir='ltr'><strong>eodem</strong></span> <span class='ocrx_word' id='word_1_275' title='bbox 1800 2555 2049 2617; x_wconf 86' lang='lat' dir='ltr'><strong>tempore</strong></span> 
     </span>
    </p>
   </div>
   <div class='ocr_carea' id='block_1_42' title="bbox 458 2631 2045 2712">
    <p class='ocr_par' dir='ltr' id='par_1_42' title="bbox 458 2631 2045 2712">
     <span class='ocr_line' id='line_1_42' title="bbox 458 2631 2045 2712; baseline -0.006 -15"><span class='ocrx_word' id='word_1_276' title='bbox 458 2639 673 2712; x_wconf 80' lang='lat' dir='ltr'><strong>captiva</strong></span> <span class='ocrx_word' id='word_1_277' title='bbox 717 2636 912 2691; x_wconf 89' lang='lat' dir='ltr'><strong>mulier</strong></span> <span class='ocrx_word' id='word_1_278' title='bbox 939 2634 1007 2688; x_wconf 89' lang='lat' dir='ltr'><strong>ad</strong></span> <span class='ocrx_word' id='word_1_279' title='bbox 1051 2632 1338 2688; x_wconf 81' lang='lat' dir='ltr'><strong>veritatem</strong></span> <span class='ocrx_word' id='word_1_280' title='bbox 1393 2632 1670 2703; x_wconf 88' lang='lat' dir='ltr'><strong>perduxit.</strong></span> <span class='ocrx_word' id='word_1_281' title='bbox 1723 2631 1863 2688; x_wconf 88' lang='lat' dir='ltr'><strong>Huic</strong></span> <span class='ocrx_word' id='word_1_282' title='bbox 1898 2636 2045 2688; x_wconf 90' lang='lat' dir='ltr'><strong>enim</strong></span> 
     </span>
    </p>
   </div>
   <div class='ocr_carea' id='block_1_43' title="bbox 459 2718 2050 2800">
    <p class='ocr_par' dir='ltr' id='par_1_43' title="bbox 459 2718 2050 2800">
     <span class='ocr_line' id='line_1_43' title="bbox 459 2718 2050 2800; baseline -0.007 -9"><span class='ocrx_word' id='word_1_283' title='bbox 459 2733 695 2790; x_wconf 72' lang='lat' dir='ltr'><strong>assiduae</strong></span> <span class='ocrx_word' id='word_1_284' title='bbox 724 2744 912 2800; x_wconf 84' lang='lat' dir='ltr'><strong>preces</strong></span> <span class='ocrx_word' id='word_1_285' title='bbox 938 2718 1135 2791; x_wconf 85' lang='lat' dir='ltr'><strong>erant,</strong></span> <span class='ocrx_word' id='word_1_286' title='bbox 1187 2740 1289 2795; x_wconf 89' lang='lat' dir='ltr'><strong>pro</strong></span> <span class='ocrx_word' id='word_1_287' title='bbox 1326 2725 1468 2779; x_wconf 91' lang='lat' dir='ltr'><strong>lecto</strong></span> <span class='ocrx_word' id='word_1_288' title='bbox 1495 2725 1759 2795; x_wconf 90' lang='lat' dir='ltr'><strong>mollique</strong></span> <span class='ocrx_word' id='word_1_289' title='bbox 1803 2727 2050 2797; x_wconf 87' lang='lat' dir='ltr'><strong>stragulo</strong></span> 
     </span>
    </p>
   </div>
   <div class='ocr_carea' id='block_1_44' title="bbox 459 2817 2051 2891">
    <p class='ocr_par' dir='ltr' id='par_1_44' title="bbox 459 2817 2051 2891">
     <span class='ocr_line' id='line_1_44' title="bbox 459 2817 2051 2891; baseline -0.006 -7"><span class='ocrx_word' id='word_1_290' title='bbox 459 2841 660 2884; x_wconf 83' lang='lat' dir='ltr'><strong>saccus</strong></span> <span class='ocrx_word' id='word_1_291' title='bbox 706 2823 858 2878; x_wconf 90' lang='lat' dir='ltr'><strong>bumi</strong></span> <span class='ocrx_word' id='word_1_292' title='bbox 907 2834 1220 2891; x_wconf 79' lang='lat' dir='ltr'><strong>expansus,</strong></span> <span class='ocrx_word' id='word_1_293' title='bbox 1257 2832 1359 2889; x_wconf 87' lang='lat' dir='ltr'><strong>pro</strong></span> <span class='ocrx_word' id='word_1_294' title='bbox 1400 2817 1633 2872; x_wconf 77' lang='lat' dir='ltr'><strong>summis</strong></span> <span class='ocrx_word' id='word_1_295' title='bbox 1662 2818 1878 2875; x_wconf 87' lang='lat' dir='ltr'><strong>deliciis</strong></span> <span class='ocrx_word' id='word_1_296' title='bbox 1901 2819 2051 2890; x_wconf 87' lang='lat' dir='ltr'><strong>jeju-</strong></span> 
     </span>
    </p>
   </div>
   <div class='ocr_carea' id='block_1_45' title="bbox 460 2911 2053 2983">
    <p class='ocr_par' dir='ltr' id='par_1_45' title="bbox 460 2911 2053 2983">
     <span class='ocr_line' id='line_1_45' title="bbox 460 2911 2053 2983; baseline -0.007 -8"><span class='ocrx_word' id='word_1_297' title='bbox 460 2920 635 2975; x_wconf 88' lang='lat' dir='ltr'><strong>nium.</strong></span> <span class='ocrx_word' id='word_1_298' title='bbox 667 2914 867 2973; x_wconf 78' lang='lat' dir='ltr'><strong>Verum</strong></span> <span class='ocrx_word' id='word_1_299' title='bbox 898 2915 989 2970; x_wconf 87' lang='lat' dir='ltr'><strong>hic</strong></span> <span class='ocrx_word' id='word_1_300' title='bbox 1022 2914 1177 2968; x_wconf 90' lang='lat' dir='ltr'><strong>labor</strong></span> <span class='ocrx_word' id='word_1_301' title='bbox 1211 2912 1513 2983; x_wconf 87' lang='lat' dir='ltr'><strong>apostolica</strong></span> <span class='ocrx_word' id='word_1_302' title='bbox 1552 2911 1631 2965; x_wconf 94' lang='lat' dir='ltr'><strong>illi</strong></span> <span class='ocrx_word' id='word_1_303' title='bbox 1672 2912 1816 2967; x_wconf 87' lang='lat' dir='ltr'><strong>dona</strong></span> <span class='ocrx_word' id='word_1_304' title='bbox 1861 2912 2053 2967; x_wconf 89' lang='lat' dir='ltr'><strong>conci-</strong></span> 
     </span>
    </p>
   </div>
   <div class='ocr_carea' id='block_1_46' title="bbox 462 3002 2054 3076">
    <p class='ocr_par' dir='ltr' id='par_1_46' title="bbox 462 3002 2054 3076">
     <span class='ocr_line' id='line_1_46' title="bbox 462 3002 2054 3076; baseline -0.006 -9"><span class='ocrx_word' id='word_1_305' title='bbox 462 3011 633 3067; x_wconf 86' lang='lat' dir='ltr'><strong>liavit.</strong></span> <span class='ocrx_word' id='word_1_306' title='bbox 673 3006 808 3063; x_wconf 89' lang='lat' dir='ltr'><strong>Nam</strong></span> <span class='ocrx_word' id='word_1_307' title='bbox 844 3021 969 3061; x_wconf 89' lang='lat' dir='ltr'><strong>cum</strong></span> <span class='ocrx_word' id='word_1_308' title='bbox 1016 3004 1271 3061; x_wconf 89' lang='lat' dir='ltr'><strong>barbaris</strong></span> <span class='ocrx_word' id='word_1_309' title='bbox 1315 3003 1385 3058; x_wconf 88' lang='lat' dir='ltr'><strong>ob</strong></span> <span class='ocrx_word' id='word_1_310' title='bbox 1430 3002 1658 3059; x_wconf 69' lang='lat' dir='ltr'><strong>medica:</strong></span> <span class='ocrx_word' id='word_1_311' title='bbox 1704 3004 1841 3060; x_wconf 87' lang='lat' dir='ltr'><strong>artis</strong></span> <span class='ocrx_word' id='word_1_312' title='bbox 1885 3020 2054 3076; x_wconf 91' lang='lat' dir='ltr'><strong>penu-</strong></span> 
     </span>
    </p>
   </div>
   <div class='ocr_carea' id='block_1_47' title="bbox 404 3097 2045 3175">
    <p class='ocr_par' dir='ltr' id='par_1_47' title="bbox 404 3097 2045 3175">
     <span class='ocr_line' id='line_1_47' title="bbox 404 3097 2045 3175; baseline -0.004 -17"><span class='ocrx_word' id='word_1_313' title='bbox 404 3146 438 3175; x_wconf 61' lang='lat'><strong>.</strong></span> <span class='ocrx_word' id='word_1_314' title='bbox 462 3104 602 3159; x_wconf 85' lang='lat' dir='ltr'><strong>riam</strong></span> <span class='ocrx_word' id='word_1_315' title='bbox 630 3117 749 3156; x_wconf 91' lang='lat' dir='ltr'><strong>mos</strong></span> <span class='ocrx_word' id='word_1_316' title='bbox 774 3100 958 3162; x_wconf 75' lang='lat' dir='ltr'><strong>esset,</strong></span> <span class='ocrx_word' id='word_1_317' title='bbox 990 3098 1119 3153; x_wconf 89' lang='lat' dir='ltr'><strong>dum</strong></span> <span class='ocrx_word' id='word_1_318' title='bbox 1156 3104 1486 3167; x_wconf 72' lang='lat' dir='ltr'><strong>eegrotarent</strong></span> <span class='ocrx_word' id='word_1_319' title='bbox 1510 3135 1525 3161; x_wconf 95' lang='lat'><strong>,</strong></span> <span class='ocrx_word' id='word_1_320' title='bbox 1557 3105 1617 3151; x_wconf 92' lang='lat' dir='ltr'><strong>ut</strong></span> <span class='ocrx_word' id='word_1_321' title='bbox 1647 3097 1739 3151; x_wconf 85' lang='lat' dir='ltr'><strong>alii</strong></span> <span class='ocrx_word' id='word_1_322' title='bbox 1771 3098 1911 3153; x_wconf 89' lang='lat' dir='ltr'><strong>alios</strong></span> <span class='ocrx_word' id='word_1_323' title='bbox 1942 3098 2045 3152; x_wconf 89' lang='lat' dir='ltr'><strong>ad-</strong></span> 
     </span>
    </p>
   </div>
   <div class='ocr_carea' id='block_1_48' title="bbox 464 3190 2047 3261">
    <p class='ocr_par' dir='ltr' id='par_1_48' title="bbox 464 3190 2047 3261">
     <span class='ocr_line' id='line_1_48' title="bbox 464 3190 2047 3261; baseline -0.004 -10"><span class='ocrx_word' id='word_1_324' title='bbox 464 3199 643 3259; x_wconf 87' lang='lat' dir='ltr'><strong>irent,</strong></span> <span class='ocrx_word' id='word_1_325' title='bbox 700 3202 755 3249; x_wconf 90' lang='lat' dir='ltr'><strong>ct</strong></span> <span class='ocrx_word' id='word_1_326' title='bbox 785 3193 853 3248; x_wconf 87' lang='lat' dir='ltr'><strong>ab</strong></span> <span class='ocrx_word' id='word_1_327' title='bbox 899 3193 967 3247; x_wconf 88' lang='lat' dir='ltr'><strong>iis</strong></span> <span class='ocrx_word' id='word_1_328' title='bbox 1002 3190 1092 3261; x_wconf 90' lang='lat' dir='ltr'><strong>qui</strong></span> <span class='ocrx_word' id='word_1_329' title='bbox 1124 3192 1318 3244; x_wconf 87' lang='lat' dir='ltr'><strong>morbo</strong></span> <span class='ocrx_word' id='word_1_330' title='bbox 1348 3200 1510 3245; x_wconf 88' lang='lat' dir='ltr'><strong>antea</strong></span> <span class='ocrx_word' id='word_1_331' title='bbox 1539 3190 1787 3261; x_wconf 87' lang='lat' dir='ltr'><strong>correpti</strong></span> <span class='ocrx_word' id='word_1_332' title='bbox 1832 3191 2047 3245; x_wconf 82' lang='lat' dir='ltr'><strong>sanita-</strong></span> 
     </span>
    </p>
   </div>
   <div class='ocr_carea' id='block_1_49' title="bbox 2707 2159 3122 2238">
    <p class='ocr_par' dir='ltr' id='par_1_49' title="bbox 2707 2159 3122 2238">
     <span class='ocr_line' id='line_1_49' title="bbox 2707 2159 3122 2238; baseline -0.002 -1"><span class='ocrx_word' id='word_1_333' title='bbox 2707 2159 2961 2238; x_wconf 60' lang='lat' dir='ltr'><strong>KE‘MA.</strong></span> <span class='ocrx_word' id='word_1_334' title='bbox 2991 2181 3122 2237; x_wconf 64' lang='grc' dir='ltr'>κεν.</span> 
     </span>
    </p>
   </div>
   <div class='ocr_carea' id='block_1_50' title="bbox 2299 2293 3575 2367">
    <p class='ocr_par' dir='ltr' id='par_1_50' title="bbox 2299 2293 3575 2367">
     <span class='ocr_line' id='line_1_50' title="bbox 2299 2293 3575 2367; baseline -0.002 -16"><span class='ocrx_word' id='word_1_335' title='bbox 2299 2297 2439 2366; x_wconf 73' lang='grc' dir='ltr'>Περὶ</span> <span class='ocrx_word' id='word_1_336' title='bbox 2484 2297 2595 2367; x_wconf 83' lang='grc' dir='ltr'>τῆς</span> <span class='ocrx_word' id='word_1_337' title='bbox 2625 2296 2871 2367; x_wconf 78' lang='grc' dir='ltr'><strong>Ἰϐήρων</strong></span> <span class='ocrx_word' id='word_1_338' title='bbox 2899 2297 3050 2365; x_wconf 81' lang='grc' dir='ltr'>πρὸς</span> <span class='ocrx_word' id='word_1_339' title='bbox 3092 2294 3211 2365; x_wconf 80' lang='grc' dir='ltr'><strong>τὴν</strong></span> <span class='ocrx_word' id='word_1_340' title='bbox 3256 2293 3575 2349; x_wconf 78' lang='grc' dir='ltr'>εὐσέϐειαν</span> 
     </span>
    </p>
   </div>
   <div class='ocr_carea' id='block_1_51' title="bbox 2784 2368 3099 2438">
    <p class='ocr_par' dir='ltr' id='par_1_51' title="bbox 2784 2368 3099 2438">
     <span class='ocr_line' id='line_1_51' title="bbox 2784 2368 3099 2438; baseline -0.006 -16"><span class='ocrx_word' id='word_1_341' title='bbox 2784 2368 3099 2438; x_wconf 80' lang='grc' dir='ltr'>ποδηγίας.</span> 
     </span>
    </p>
   </div>
   <div class='ocr_carea' id='block_1_52' title="bbox 2233 2456 3738 2532">
    <p class='ocr_par' dir='ltr' id='par_1_52' title="bbox 2233 2456 3738 2532">
     <span class='ocr_line' id='line_1_52' title="bbox 2233 2456 3738 2532; baseline -0.003 -16"><span class='ocrx_word' id='word_1_342' title='bbox 2233 2460 2413 2516; x_wconf 81' lang='grc' dir='ltr'>Ἰνδῶν</span> <span class='ocrx_word' id='word_1_343' title='bbox 2466 2462 2567 2532; x_wconf 81' lang='grc' dir='ltr'>μὲν</span> <span class='ocrx_word' id='word_1_344' title='bbox 2603 2456 2696 2516; x_wconf 82' lang='grc' dir='ltr'>οὗν</span> <span class='ocrx_word' id='word_1_345' title='bbox 2727 2464 2755 2515; x_wconf 88' lang='grc' dir='ltr'>ὁ</span> <span class='ocrx_word' id='word_1_346' title='bbox 2783 2460 3149 2531; x_wconf 80' lang='grc' dir='ltr'>Φρουμέντιος</span> <span class='ocrx_word' id='word_1_347' title='bbox 3202 2462 3339 2532; x_wconf 71' lang='grc' dir='ltr'>πρδς</span> <span class='ocrx_word' id='word_1_348' title='bbox 3397 2458 3738 2528; x_wconf 83' lang='grc' dir='ltr'>θεογνωσίαν</span> 
     </span>
    </p>
   </div>
   <div class='ocr_carea' id='block_1_53' title="bbox 2152 2550 3739 2627">
    <p class='ocr_par' dir='ltr' id='par_1_53' title="bbox 2152 2550 3739 2627">
     <span class='ocr_line' id='line_1_53' title="bbox 2152 2550 3739 2627; baseline -0.003 -19"><span class='ocrx_word' id='word_1_349' title='bbox 2152 2554 2371 2624; x_wconf 76' lang='grc' dir='ltr'>ἐγένετο</span> <span class='ocrx_word' id='word_1_350' title='bbox 2395 2554 2650 2625; x_wconf 78' lang='grc' dir='ltr'>ποδηγός.</span> <span class='ocrx_word' id='word_1_351' title='bbox 2684 2554 2913 2627; x_wconf 74' lang='grc' dir='ltr'>Ἴϐηρας</span> <span class='ocrx_word' id='word_1_352' title='bbox 2958 2554 3016 2607; x_wconf 81' lang='grc' dir='ltr'>δὲ</span> <span class='ocrx_word' id='word_1_353' title='bbox 3046 2552 3190 2607; x_wconf 79' lang='grc' dir='ltr'>κατὰ</span> <span class='ocrx_word' id='word_1_354' title='bbox 3221 2552 3316 2606; x_wconf 75' lang='grc' dir='ltr'><strong>τὸν</strong></span> <span class='ocrx_word' id='word_1_355' title='bbox 3348 2552 3513 2605; x_wconf 81' lang='grc' dir='ltr'>αὑτὸν</span> <span class='ocrx_word' id='word_1_356' title='bbox 3545 2550 3739 2622; x_wconf 84' lang='grc' dir='ltr'>χρόνον</span> 
     </span>
    </p>
   </div>
   <div class='ocr_carea' id='block_1_54' title="bbox 2149 2642 3738 2719">
    <p class='ocr_par' dir='ltr' id='par_1_54' title="bbox 2149 2642 3738 2719">
     <span class='ocr_line' id='line_1_54' title="bbox 2149 2642 3738 2719; baseline -0.001 -19"><span class='ocrx_word' id='word_1_357' title='bbox 2149 2646 2289 2719; x_wconf 87' lang='grc' dir='ltr'>γυνὴ</span> <span class='ocrx_word' id='word_1_358' title='bbox 2321 2646 2721 2719; x_wconf 77' lang='grc' dir='ltr'>δορυάλωτος²⁸</span> <span class='ocrx_word' id='word_1_359' title='bbox 2765 2646 2905 2719; x_wconf 85' lang='grc' dir='ltr'>πρὸς</span> <span class='ocrx_word' id='word_1_360' title='bbox 2933 2646 3034 2715; x_wconf 81' lang='grc' dir='ltr'>τὴν</span> <span class='ocrx_word' id='word_1_361' title='bbox 3084 2643 3345 2715; x_wconf 82' lang='grc' dir='ltr'>ἀλήθειαν</span> <span class='ocrx_word' id='word_1_362' title='bbox 3389 2642 3738 2711; x_wconf 79' lang='grc' dir='ltr'>ὲξενάγησεν.</span> 
     </span>
    </p>
   </div>
   <div class='ocr_carea' id='block_1_55' title="bbox 2148 2732 3741 2811">
    <p class='ocr_par' dir='ltr' id='par_1_55' title="bbox 2148 2732 3741 2811">
     <span class='ocr_line' id='line_1_55' title="bbox 2148 2732 3741 2811; baseline -0.006 -18"><span class='ocrx_word' id='word_1_363' title='bbox 2148 2738 2299 2810; x_wconf 81' lang='grc' dir='ltr'>Δῦτη</span> <span class='ocrx_word' id='word_1_364' title='bbox 2350 2738 2455 2810; x_wconf 83' lang='grc' dir='ltr'><strong>γάρ</strong></span> <span class='ocrx_word' id='word_1_365' title='bbox 2505 2740 2785 2811; x_wconf 76' lang='grc' dir='ltr'>προσευχῇ</span> <span class='ocrx_word' id='word_1_366' title='bbox 2829 2736 2928 2809; x_wconf 83' lang='grc' dir='ltr'>μὲν</span> <span class='ocrx_word' id='word_1_367' title='bbox 2958 2736 3158 2806; x_wconf 75' lang='grc' dir='ltr'>ἐχρῆτο</span> <span class='ocrx_word' id='word_1_368' title='bbox 3213 2734 3491 2803; x_wconf 82' lang='grc' dir='ltr'>διηνεκεῖ·</span> <span class='ocrx_word' id='word_1_369' title='bbox 3523 2732 3652 2803; x_wconf 80' lang='grc' dir='ltr'>εὐνὴ</span> <span class='ocrx_word' id='word_1_370' title='bbox 3682 2732 3741 2785; x_wconf 77' lang='grc' dir='ltr'>δὲ</span> 
     </span>
    </p>
   </div>
   <div class='ocr_carea' id='block_1_56' title="bbox 2146 2820 3741 2903">
    <p class='ocr_par' dir='ltr' id='par_1_56' title="bbox 2146 2820 3741 2903">
     <span class='ocr_line' id='line_1_56' title="bbox 2146 2820 3741 2903; baseline -0.007 -19"><span class='ocrx_word' id='word_1_371' title='bbox 2146 2826 2215 2902; x_wconf 77' lang='grc' dir='ltr'>ἦν</span> <span class='ocrx_word' id='word_1_372' title='bbox 2274 2831 2412 2903; x_wconf 75' lang='grc' dir='ltr'>αὐτῇ</span> <span class='ocrx_word' id='word_1_373' title='bbox 2474 2831 2567 2885; x_wconf 74' lang='grc' dir='ltr'>καὶ</span> <span class='ocrx_word' id='word_1_374' title='bbox 2628 2827 2888 2900; x_wconf 82' lang='grc' dir='ltr'>στρωμνὴ</span> <span class='ocrx_word' id='word_1_375' title='bbox 2942 2824 3184 2897; x_wconf 76' lang='grc' dir='ltr'>μαλακὴ,</span> <span class='ocrx_word' id='word_1_376' title='bbox 3235 2824 3437 2884; x_wconf 77' lang='grc' dir='ltr'>σάκκος</span> <span class='ocrx_word' id='word_1_377' title='bbox 3487 2823 3580 2875; x_wconf 76' lang='grc' dir='ltr'><strong>ἐπὶ</strong></span> <span class='ocrx_word' id='word_1_378' title='bbox 3644 2820 3741 2874; x_wconf 85' lang='grc' dir='ltr'><strong>τοῦ</strong></span> 
     </span>
    </p>
   </div>
   <div class='ocr_carea' id='block_1_57' title="bbox 2149 2914 3738 2993">
    <p class='ocr_par' dir='ltr' id='par_1_57' title="bbox 2149 2914 3738 2993">
     <span class='ocr_line' id='line_1_57' title="bbox 2149 2914 3738 2993; baseline -0.008 -17"><span class='ocrx_word' id='word_1_379' title='bbox 2149 2922 2385 2976; x_wconf 87' lang='grc' dir='ltr'>δαπέδου</span> <span class='ocrx_word' id='word_1_380' title='bbox 2445 2920 2880 2993; x_wconf 85' lang='grc' dir='ltr'>καθηπλωμένος</span> <span class='ocrx_word' id='word_1_381' title='bbox 2902 2934 2915 2945; x_wconf 89' lang='grc'><strong>·</strong></span> <span class='ocrx_word' id='word_1_382' title='bbox 2945 2915 3157 2987; x_wconf 79' lang='grc' dir='ltr'>τρυφὴν</span> <span class='ocrx_word' id='word_1_383' title='bbox 3183 2915 3240 2968; x_wconf 83' lang='grc' dir='ltr'>δὲ</span> <span class='ocrx_word' id='word_1_384' title='bbox 3287 2914 3465 2985; x_wconf 77' lang='grc' dir='ltr'>ἄκραν</span> <span class='ocrx_word' id='word_1_385' title='bbox 3516 2914 3616 2985; x_wconf 74' lang='grc' dir='ltr'><strong>τὴν</strong></span> <span class='ocrx_word' id='word_1_386' title='bbox 3638 2929 3738 2982; x_wconf 86' lang='grc' dir='ltr'>νη-</span> 
     </span>
    </p>
   </div>
   <div class='ocr_carea' id='block_1_58' title="bbox 2152 3003 3738 3085">
    <p class='ocr_par' dir='ltr' id='par_1_58' title="bbox 2152 3003 3738 3085">
     <span class='ocr_line' id='line_1_58' title="bbox 2152 3003 3738 3085; baseline -0.008 -17"><span class='ocrx_word' id='word_1_387' title='bbox 2152 3013 2339 3068; x_wconf 90' lang='grc' dir='ltr'>στείαν</span> <span class='ocrx_word' id='word_1_388' title='bbox 2381 3012 2649 3085; x_wconf 77' lang='grc' dir='ltr'>ἐνόμιζεν.</span> <span class='ocrx_word' id='word_1_389' title='bbox 2707 3006 2877 3074; x_wconf 78' lang='grc' dir='ltr'>Οὗτος</span> <span class='ocrx_word' id='word_1_390' title='bbox 2914 3011 2943 3062; x_wconf 87' lang='grc' dir='ltr'><strong>ό</strong></span> <span class='ocrx_word' id='word_1_391' title='bbox 2974 3009 3137 3072; x_wconf 84' lang='grc' dir='ltr'>πόνος</span> <span class='ocrx_word' id='word_1_392' title='bbox 3188 3006 3298 3060; x_wconf 85' lang='grc' dir='ltr'><strong>τῶν</strong></span> <span class='ocrx_word' id='word_1_393' title='bbox 3350 3003 3738 3060; x_wconf 82' lang='grc' dir='ltr'>ἀποστολικῶν</span> 
     </span>
    </p>
   </div>
   <div class='ocr_carea' id='block_1_59' title="bbox 2155 3095 3742 3177">
    <p class='ocr_par' dir='ltr' id='par_1_59' title="bbox 2155 3095 3742 3177">
     <span class='ocr_line' id='line_1_59' title="bbox 2155 3095 3742 3177; baseline -0.006 -19"><span class='ocrx_word' id='word_1_394' title='bbox 2155 3105 2294 3177; x_wconf 83' lang='grc' dir='ltr'>αὐτῇ</span> <span class='ocrx_word' id='word_1_395' title='bbox 2330 3105 2670 3177; x_wconf 85' lang='grc' dir='ltr'>μεταδέδωκε</span> <span class='ocrx_word' id='word_1_396' title='bbox 2709 3100 3088 3173; x_wconf 85' lang='grc' dir='ltr'>χαρισμάτων.</span> <span class='ocrx_word' id='word_1_397' title='bbox 3134 3097 3354 3169; x_wconf 81' lang='grc' dir='ltr'>Ἐπειδὴ</span> <span class='ocrx_word' id='word_1_398' title='bbox 3381 3096 3489 3167; x_wconf 77' lang='grc' dir='ltr'>γὰρ</span> <span class='ocrx_word' id='word_1_399' title='bbox 3523 3098 3574 3149; x_wconf 86' lang='grc' dir='ltr'><strong>οί</strong></span> <span class='ocrx_word' id='word_1_400' title='bbox 3609 3095 3742 3167; x_wconf 86' lang='grc' dir='ltr'>βάρ-</span> 
     </span>
    </p>
   </div>
   <div class='ocr_carea' id='block_1_60' title="bbox 2156 3188 3732 3269">
    <p class='ocr_par' dir='ltr' id='par_1_60' title="bbox 2156 3188 3732 3269">
     <span class='ocr_line' id='line_1_60' title="bbox 2156 3188 3732 3269; baseline -0.006 -19"><span class='ocrx_word' id='word_1_401' title='bbox 2156 3196 2337 3269; x_wconf 78' lang='grc' dir='ltr'>ϐαροι,</span> <span class='ocrx_word' id='word_1_402' title='bbox 2373 3198 2474 3267; x_wconf 84' lang='grc' dir='ltr'><strong>τῆς</strong></span> <span class='ocrx_word' id='word_1_403' title='bbox 2505 3196 2752 3266; x_wconf 73' lang='grc' dir='ltr'>ἰατρικῆς</span> <span class='ocrx_word' id='word_1_404' title='bbox 2780 3190 3134 3256; x_wconf 76' lang='grc' dir='ltr'>σπανίζοντες</span> <span class='ocrx_word' id='word_1_405' title='bbox 3166 3192 3499 3261; x_wconf 76' lang='grc' dir='ltr'>ἐπιστήμης,</span> <span class='ocrx_word' id='word_1_406' title='bbox 3533 3188 3732 3243; x_wconf 79' lang='grc' dir='ltr'>εἰώθα-</span> 
     </span>
    </p>
   </div>
   <div class='ocr_carea' id='block_1_61' title="bbox 464 3279 2046 3361">
    <p class='ocr_par' dir='ltr' id='par_1_61' title="bbox 464 3282 2043 3354">
     <span class='ocr_line' id='line_1_61' title="bbox 464 3282 2043 3354; baseline -0.003 -13"><span class='ocrx_word' id='word_1_407' title='bbox 464 3297 574 3343; x_wconf 91' lang='lat' dir='ltr'><strong>tem</strong></span> <span class='ocrx_word' id='word_1_408' title='bbox 620 3291 980 3354; x_wconf 84' lang='lat' dir='ltr'><strong>receperant,</strong></span> <span class='ocrx_word' id='word_1_409' title='bbox 1043 3291 1383 3353; x_wconf 83' lang='lat' dir='ltr'><strong>recuperatae</strong></span> <span class='ocrx_word' id='word_1_410' title='bbox 1430 3282 1765 3339; x_wconf 86' lang='lat' dir='ltr'><strong>valetudinis</strong></span> <span class='ocrx_word' id='word_1_411' title='bbox 1819 3283 2043 3338; x_wconf 87' lang='lat' dir='ltr'><strong>modum</strong></span> 
     </span>
    </p>
   </div>
   <div class='ocr_carea' id='block_1_62' title="bbox 2148 3279 3744 3361">
    <p class='ocr_par' dir='ltr' id='par_1_62' title="bbox 2161 3279 3744 3361">
     <span class='ocr_line' id='line_1_62' title="bbox 2161 3279 3744 3361; baseline -0.007 -18"><span class='ocrx_word' id='word_1_412' title='bbox 2161 3306 2245 3343; x_wconf 89' lang='grc' dir='ltr'><strong>σιν</strong></span> <span class='ocrx_word' id='word_1_413' title='bbox 2281 3285 2688 3361; x_wconf 72' lang='grc' dir='ltr'>ἀρρωστοῦντες</span> <span class='ocrx_word' id='word_1_414' title='bbox 2734 3283 2869 3355; x_wconf 79' lang='grc' dir='ltr'>πρὸς</span> <span class='ocrx_word' id='word_1_415' title='bbox 2898 3283 3160 3352; x_wconf 83' lang='grc' dir='ltr'>ἀλλήλους</span> <span class='ocrx_word' id='word_1_416' title='bbox 3202 3283 3413 3352; x_wconf 81' lang='grc' dir='ltr'>φοιτᾷν.</span> <span class='ocrx_word' id='word_1_417' title='bbox 3446 3279 3541 3333; x_wconf 67' lang='grc' dir='ltr'><strong>καὶ</strong></span> <span class='ocrx_word' id='word_1_418' title='bbox 3589 3280 3744 3351; x_wconf 60' lang='grc' dir='ltr'>παρὰ</span> 
     </span>
    </p>
   </div>
   <div class='ocr_carea' id='block_1_63' title="bbox 465 3374 2047 3449">
    <p class='ocr_par' dir='ltr' id='par_1_63' title="bbox 465 3374 2047 3449">
     <span class='ocr_line' id='line_1_63' title="bbox 465 3374 2047 3449; baseline -0.004 -13"><span class='ocrx_word' id='word_1_419' title='bbox 465 3378 859 3449; x_wconf 84' lang='lat' dir='ltr'><strong>exquirerent,</strong></span> <span class='ocrx_word' id='word_1_420' title='bbox 887 3375 954 3430; x_wconf 91' lang='lat' dir='ltr'><strong>ad</strong></span> <span class='ocrx_word' id='word_1_421' title='bbox 985 3375 1316 3429; x_wconf 89' lang='lat' dir='ltr'><strong>laudabilem</strong></span> <span class='ocrx_word' id='word_1_422' title='bbox 1360 3375 1645 3430; x_wconf 88' lang='lat' dir='ltr'><strong>mulierem</strong></span> <span class='ocrx_word' id='word_1_423' title='bbox 1688 3376 1930 3432; x_wconf 84' lang='lat' dir='ltr'><strong>accessit</strong></span> <span class='ocrx_word' id='word_1_424' title='bbox 1968 3374 2047 3430; x_wconf 82' lang='lat' dir='ltr'><strong>fe-</strong></span> 
     </span>
    </p>
   </div>
   <div class='ocr_carea' id='block_1_64' title="bbox 468 3465 2046 3539">
    <p class='ocr_par' dir='ltr' id='par_1_64' title="bbox 468 3465 2046 3539">
     <span class='ocr_line' id='line_1_64' title="bbox 468 3465 2046 3539; baseline -0.004 -13"><span class='ocrx_word' id='word_1_425' title='bbox 468 3472 617 3527; x_wconf 86' lang='lat' dir='ltr'><strong>mina</strong></span> <span class='ocrx_word' id='word_1_426' title='bbox 647 3468 895 3539; x_wconf 69' lang='lat' dir='ltr'><strong>quaedam</strong></span> <span class='ocrx_word' id='word_1_427' title='bbox 922 3481 1045 3521; x_wconf 92' lang='lat' dir='ltr'><strong>cum</strong></span> <span class='ocrx_word' id='word_1_428' title='bbox 1068 3465 1284 3520; x_wconf 85' lang='lat' dir='ltr'><strong>iulirmo</strong></span> <span class='ocrx_word' id='word_1_429' title='bbox 1318 3466 1569 3537; x_wconf 91' lang='lat' dir='ltr'><strong>puerulo,</strong></span> <span class='ocrx_word' id='word_1_430' title='bbox 1598 3469 1830 3538; x_wconf 82' lang='lat' dir='ltr'><strong>supplex</strong></span> <span class='ocrx_word' id='word_1_431' title='bbox 1856 3481 2046 3533; x_wconf 89' lang='lat' dir='ltr'><strong>orans,</strong></span> 
     </span>
    </p>
   </div>
   <div class='ocr_carea' id='block_1_65' title="bbox 472 3559 2048 3643">
    <p class='ocr_par' dir='ltr' id='par_1_65' title="bbox 472 3559 2048 3643">
     <span class='ocr_line' id='line_1_65' title="bbox 472 3559 2048 3643; baseline -0.001 -27"><span class='ocrx_word' id='word_1_432' title='bbox 472 3571 531 3616; x_wconf 93' lang='lat' dir='ltr'><strong>ut</strong></span> <span class='ocrx_word' id='word_1_433' title='bbox 566 3562 695 3633; x_wconf 89' lang='lat' dir='ltr'><strong>quid</strong></span> <span class='ocrx_word' id='word_1_434' title='bbox 745 3559 891 3615; x_wconf 75' lang='lat' dir='ltr'><strong>iacto</strong></span> <span class='ocrx_word' id='word_1_435' title='bbox 922 3567 1068 3616; x_wconf 82' lang='lat' dir='ltr'><strong>esset</strong></span> <span class='ocrx_word' id='word_1_436' title='bbox 1120 3574 1259 3631; x_wconf 83' lang='lat' dir='ltr'><strong>Opus</strong></span> <span class='ocrx_word' id='word_1_437' title='bbox 1310 3564 1591 3616; x_wconf 88' lang='lat' dir='ltr'><strong>edoceret.</strong></span> <span class='ocrx_word' id='word_1_438' title='bbox 1625 3562 1723 3643; x_wconf 72' lang='lat' dir='ltr'><strong>Illa</strong></span> <span class='ocrx_word' id='word_1_439' title='bbox 1760 3570 2048 3631; x_wconf 90' lang='lat' dir='ltr'><strong>acceptum</strong></span> 
     </span>
    </p>
   </div>
   <div class='ocr_carea' id='block_1_66' title="bbox 471 3651 2052 3724">
    <p class='ocr_par' dir='ltr' id='par_1_66' title="bbox 471 3651 2052 3724">
     <span class='ocr_line' id='line_1_66' title="bbox 471 3651 2052 3724; baseline -0.001 -17"><span class='ocrx_word' id='word_1_440' title='bbox 471 3668 703 3724; x_wconf 90' lang='lat' dir='ltr'><strong>puerum</strong></span> <span class='ocrx_word' id='word_1_441' title='bbox 738 3652 792 3707; x_wconf 89' lang='lat' dir='ltr'><strong>in</strong></span> <span class='ocrx_word' id='word_1_442' title='bbox 828 3652 972 3707; x_wconf 81' lang='lat' dir='ltr'><strong>lecto</strong></span> <span class='ocrx_word' id='word_1_443' title='bbox 1000 3651 1265 3717; x_wconf 88' lang='lat' dir='ltr'><strong>collocat,</strong></span> <span class='ocrx_word' id='word_1_444' title='bbox 1301 3668 1593 3724; x_wconf 79' lang='lat' dir='ltr'><strong>rerumque</strong></span> <span class='ocrx_word' id='word_1_445' title='bbox 1623 3654 1869 3708; x_wconf 89' lang='lat' dir='ltr'><strong>omnium</strong></span> <span class='ocrx_word' id='word_1_446' title='bbox 1904 3651 2052 3707; x_wconf 83' lang='lat' dir='ltr'><strong>Con-</strong></span> 
     </span>
    </p>
   </div>
   <div class='ocr_carea' id='block_1_67' title="bbox 471 3743 2049 3815">
    <p class='ocr_par' dir='ltr' id='par_1_67' title="bbox 471 3743 2049 3815">
     <span class='ocr_line' id='line_1_67' title="bbox 471 3743 2049 3815; baseline -0.001 -16"><span class='ocrx_word' id='word_1_447' title='bbox 471 3747 702 3801; x_wconf 83' lang='lat' dir='ltr'><strong>ditorem</strong></span> <span class='ocrx_word' id='word_1_448' title='bbox 734 3756 1006 3815; x_wconf 90' lang='lat' dir='ltr'><strong>precatur,</strong></span> <span class='ocrx_word' id='word_1_449' title='bbox 1045 3753 1104 3798; x_wconf 94' lang='lat' dir='ltr'><strong>ut</strong></span> <span class='ocrx_word' id='word_1_450' title='bbox 1142 3754 1351 3799; x_wconf 90' lang='lat' dir='ltr'><strong>annuat</strong></span> <span class='ocrx_word' id='word_1_451' title='bbox 1396 3752 1451 3800; x_wconf 88' lang='lat' dir='ltr'><strong>et</strong></span> <span class='ocrx_word' id='word_1_452' title='bbox 1502 3744 1753 3800; x_wconf 91' lang='lat' dir='ltr'><strong>morbum</strong></span> <span class='ocrx_word' id='word_1_453' title='bbox 1790 3743 2049 3815; x_wconf 89' lang='lat' dir='ltr'><strong>depellat.</strong></span> 
     </span>
    </p>
   </div>
   <div class='ocr_carea' id='block_1_68' title="bbox 471 3833 2053 3909">
    <p class='ocr_par' dir='ltr' id='par_1_68' title="bbox 471 3833 2053 3909">
     <span class='ocr_line' id='line_1_68' title="bbox 471 3833 2053 3909; baseline -0.003 -18"><span class='ocrx_word' id='word_1_454' title='bbox 471 3837 575 3905; x_wconf 89' lang='lat' dir='ltr'><strong>Qui</strong></span> <span class='ocrx_word' id='word_1_455' title='bbox 605 3847 860 3909; x_wconf 73' lang='lat' dir='ltr'><strong>suscepta</strong></span> <span class='ocrx_word' id='word_1_456' title='bbox 893 3852 1052 3908; x_wconf 85' lang='lat' dir='ltr'><strong>prece</strong></span> <span class='ocrx_word' id='word_1_457' title='bbox 1082 3838 1377 3893; x_wconf 88' lang='lat' dir='ltr'><strong>sanitatem</strong></span> <span class='ocrx_word' id='word_1_458' title='bbox 1406 3836 1672 3891; x_wconf 88' lang='lat' dir='ltr'><strong>restituit.</strong></span> <span class='ocrx_word' id='word_1_459' title='bbox 1711 3835 1923 3890; x_wconf 85' lang='lat' dir='ltr'><strong>Exinde</strong></span> <span class='ocrx_word' id='word_1_460' title='bbox 1952 3833 2053 3888; x_wconf 89' lang='lat' dir='ltr'><strong>ad-</strong></span> 
     </span>
    </p>
   </div>
   <div class='ocr_carea' id='block_1_69' title="bbox 470 3925 2053 3996">
    <p class='ocr_par' dir='ltr' id='par_1_69' title="bbox 470 3925 2053 3996">
     <span class='ocr_line' id='line_1_69' title="bbox 470 3925 2053 3996; baseline -0.003 -13"><span class='ocrx_word' id='word_1_461' title='bbox 470 3929 745 3986; x_wconf 84' lang='lat' dir='ltr'><strong>mirabilis</strong></span> <span class='ocrx_word' id='word_1_462' title='bbox 791 3929 988 3983; x_wconf 87' lang='lat' dir='ltr'><strong>mulier</strong></span> <span class='ocrx_word' id='word_1_463' title='bbox 1039 3928 1094 3982; x_wconf 89' lang='lat' dir='ltr'><strong>in</strong></span> <span class='ocrx_word' id='word_1_464' title='bbox 1143 3927 1388 3980; x_wconf 89' lang='lat' dir='ltr'><strong>omnium</strong></span> <span class='ocrx_word' id='word_1_465' title='bbox 1425 3942 1521 3981; x_wconf 88' lang='lat' dir='ltr'><strong>ore</strong></span> <span class='ocrx_word' id='word_1_466' title='bbox 1569 3925 1718 3980; x_wconf 81' lang='lat' dir='ltr'><strong>fuit:</strong></span> <span class='ocrx_word' id='word_1_467' title='bbox 1759 3941 1861 3981; x_wconf 89' lang='lat' dir='ltr'><strong>nec</strong></span> <span class='ocrx_word' id='word_1_468' title='bbox 1908 3925 2053 3996; x_wconf 82' lang='lat' dir='ltr'><strong>regis</strong></span> 
     </span>
    </p>
   </div>
   <div class='ocr_carea' id='block_1_70' title="bbox 470 4016 2052 4092">
    <p class='ocr_par' dir='ltr' id='par_1_70' title="bbox 470 4016 2052 4092">
     <span class='ocr_line' id='line_1_70' title="bbox 470 4016 2052 4092; baseline -0.004 -17"><span class='ocrx_word' id='word_1_469' title='bbox 470 4020 758 4092; x_wconf 84' lang='lat' dir='ltr'><strong>conjugem</strong></span> <span class='ocrx_word' id='word_1_470' title='bbox 783 4023 800 4041; x_wconf 84' lang='grc'>⁶</span> <span class='ocrx_word' id='word_1_471' title='bbox 833 4019 959 4075; x_wconf 80' lang='lat' dir='ltr'><strong>facti</strong></span> <span class='ocrx_word' id='word_1_472' title='bbox 989 4020 1154 4089; x_wconf 87' lang='lat' dir='ltr'><strong>hujus</strong></span> <span class='ocrx_word' id='word_1_473' title='bbox 1183 4017 1324 4074; x_wconf 80' lang='lat' dir='ltr'><strong>fama</strong></span> <span class='ocrx_word' id='word_1_474' title='bbox 1353 4018 1531 4072; x_wconf 87' lang='lat' dir='ltr'><strong>latuit.</strong></span> <span class='ocrx_word' id='word_1_475' title='bbox 1570 4016 1703 4084; x_wconf 68' lang='lat' dir='ltr'><strong>Quae</strong></span> <span class='ocrx_word' id='word_1_476' title='bbox 1740 4017 1856 4086; x_wconf 90' lang='lat' dir='ltr'><strong>ipsa</strong></span> <span class='ocrx_word' id='word_1_477' title='bbox 1879 4058 1893 4080; x_wconf 96' lang='lat'><strong>,</strong></span> <span class='ocrx_word' id='word_1_478' title='bbox 1929 4031 2052 4069; x_wconf 86' lang='lat' dir='ltr'><strong>cum</strong></span> 
     </span>
    </p>
   </div>
   <div class='ocr_carea' id='block_1_71' title="bbox 472 4106 2053 4183">
    <p class='ocr_par' dir='ltr' id='par_1_71' title="bbox 472 4106 2053 4183">
     <span class='ocr_line' id='line_1_71' title="bbox 472 4106 2053 4183; baseline -0.003 -19"><span class='ocrx_word' id='word_1_479' title='bbox 472 4114 625 4183; x_wconf 87' lang='lat' dir='ltr'><strong>gravi</strong></span> <span class='ocrx_word' id='word_1_480' title='bbox 668 4111 860 4167; x_wconf 90' lang='lat' dir='ltr'><strong>morbo</strong></span> <span class='ocrx_word' id='word_1_481' title='bbox 906 4113 1269 4177; x_wconf 88' lang='lat' dir='ltr'><strong>detineretur,</strong></span> <span class='ocrx_word' id='word_1_482' title='bbox 1331 4124 1452 4164; x_wconf 89' lang='lat' dir='ltr'><strong>eam</strong></span> <span class='ocrx_word' id='word_1_483' title='bbox 1503 4123 1629 4162; x_wconf 90' lang='lat' dir='ltr'><strong>mox</strong></span> <span class='ocrx_word' id='word_1_484' title='bbox 1677 4106 2053 4162; x_wconf 79' lang='lat' dir='ltr'><strong>advocandam</strong></span> 
     </span>
    </p>
   </div>
   <div class='ocr_carea' id='block_1_72' title="bbox 473 4198 2053 4270">
    <p class='ocr_par' dir='ltr' id='par_1_72' title="bbox 473 4198 2053 4270">
     <span class='ocr_line' id='line_1_72' title="bbox 473 4198 2053 4270; baseline -0.004 -12"><span class='ocrx_word' id='word_1_485' title='bbox 473 4204 712 4259; x_wconf 73' lang='lat' dir='ltr'><strong>curavit.</strong></span> <span class='ocrx_word' id='word_1_486' title='bbox 752 4201 954 4258; x_wconf 84' lang='lat' dir='ltr'><strong>Verum</strong></span> <span class='ocrx_word' id='word_1_487' title='bbox 988 4203 1080 4257; x_wconf 91' lang='lat' dir='ltr'><strong>illa</strong></span> <span class='ocrx_word' id='word_1_488' title='bbox 1110 4202 1334 4257; x_wconf 87' lang='lat' dir='ltr'><strong>minime</strong></span> <span class='ocrx_word' id='word_1_489' title='bbox 1364 4199 1539 4255; x_wconf 90' lang='lat' dir='ltr'><strong>elatos</strong></span> <span class='ocrx_word' id='word_1_490' title='bbox 1572 4198 1801 4269; x_wconf 89' lang='lat' dir='ltr'><strong>spiritus</strong></span> <span class='ocrx_word' id='word_1_491' title='bbox 1831 4211 2053 4270; x_wconf 88' lang='lat' dir='ltr'><strong>gerens,</strong></span> 
     </span>
    </p>
   </div>
   <div class='ocr_carea' id='block_1_73' title="bbox 474 4287 2056 4363">
    <p class='ocr_par' dir='ltr' id='par_1_73' title="bbox 474 4287 2056 4363">
     <span class='ocr_line' id='line_1_73' title="bbox 474 4287 2056 4363; baseline -0.003 -17"><span class='ocrx_word' id='word_1_492' title='bbox 474 4292 675 4363; x_wconf 80' lang='lat' dir='ltr'><strong>reginae</strong></span> <span class='ocrx_word' id='word_1_493' title='bbox 704 4292 998 4362; x_wconf 87' lang='lat' dir='ltr'><strong>postulatis</strong></span> <span class='ocrx_word' id='word_1_494' title='bbox 1025 4306 1133 4345; x_wconf 88' lang='lat' dir='ltr'><strong>non</strong></span> <span class='ocrx_word' id='word_1_495' title='bbox 1170 4290 1373 4360; x_wconf 79' lang='lat' dir='ltr'><strong>paruit.</strong></span> <span class='ocrx_word' id='word_1_496' title='bbox 1406 4287 1475 4340; x_wconf 81' lang='lat' dir='ltr'><strong>At</strong></span> <span class='ocrx_word' id='word_1_497' title='bbox 1505 4290 1694 4357; x_wconf 86' lang='lat' dir='ltr'><strong>regina</strong></span> <span class='ocrx_word' id='word_1_498' title='bbox 1727 4287 1873 4341; x_wconf 90' lang='lat' dir='ltr'><strong>malo</strong></span> <span class='ocrx_word' id='word_1_499' title='bbox 1902 4301 2056 4341; x_wconf 89' lang='lat' dir='ltr'><strong>com-</strong></span> 
     </span>
    </p>
   </div>
   <div class='ocr_carea' id='block_1_74' title="bbox 476 4378 2053 4458">
    <p class='ocr_par' dir='ltr' id='par_1_74' title="bbox 476 4378 2053 4458">
     <span class='ocr_line' id='line_1_74' title="bbox 476 4378 2053 4458; baseline -0.005 -17"><span class='ocrx_word' id='word_1_500' title='bbox 476 4386 871 4458; x_wconf 87' lang='lat' dir='ltr'><strong>pulsa,rcgiam</strong></span> <span class='ocrx_word' id='word_1_501' title='bbox 892 4383 1213 4453; x_wconf 84' lang='lat' dir='ltr'><strong>dignitatem</strong></span> <span class='ocrx_word' id='word_1_502' title='bbox 1232 4380 1362 4449; x_wconf 89' lang='lat' dir='ltr'><strong>quid</strong></span> <span class='ocrx_word' id='word_1_503' title='bbox 1380 4389 1526 4434; x_wconf 89' lang='lat' dir='ltr'><strong>esset</strong></span> <span class='ocrx_word' id='word_1_504' title='bbox 1543 4395 1652 4433; x_wconf 88' lang='lat' dir='ltr'><strong>non</strong></span> <span class='ocrx_word' id='word_1_505' title='bbox 1673 4378 2053 4444; x_wconf 82' lang='lat' dir='ltr'><strong>considerans,</strong></span> 
     </span>
    </p>
   </div>
   <div class='ocr_carea' id='block_1_75' title="bbox 476 4467 2054 4546">
    <p class='ocr_par' dir='ltr' id='par_1_75' title="bbox 476 4467 2054 4546">
     <span class='ocr_line' id='line_1_75' title="bbox 476 4467 2054 4546; baseline -0.005 -15"><span class='ocrx_word' id='word_1_506' title='bbox 476 4490 705 4546; x_wconf 88' lang='lat' dir='ltr'><strong>propere</strong></span> <span class='ocrx_word' id='word_1_507' title='bbox 754 4473 823 4530; x_wconf 86' lang='lat' dir='ltr'><strong>ad</strong></span> <span class='ocrx_word' id='word_1_508' title='bbox 843 4476 1112 4544; x_wconf 85' lang='lat' dir='ltr'><strong>captivam</strong></span> <span class='ocrx_word' id='word_1_509' title='bbox 1172 4474 1290 4542; x_wconf 89' lang='lat' dir='ltr'><strong>ipsa</strong></span> <span class='ocrx_word' id='word_1_510' title='bbox 1344 4470 1651 4525; x_wconf 88' lang='lat' dir='ltr'><strong>contendit.</strong></span> <span class='ocrx_word' id='word_1_511' title='bbox 1679 4467 1803 4524; x_wconf 81' lang='lat' dir='ltr'><strong>Haec</strong></span> <span class='ocrx_word' id='word_1_512' title='bbox 1857 4471 2054 4527; x_wconf 88' lang='lat' dir='ltr'><strong>iterum</strong></span> 
     </span>
    </p>
   </div>
   <div class='ocr_carea' id='block_1_76' title="bbox 477 4561 2057 4624">
    <p class='ocr_par' dir='ltr' id='par_1_76' title="bbox 477 4561 2057 4624">
     <span class='ocr_line' id='line_1_76' title="bbox 477 4561 2057 4624; baseline -0.004 -3"><span class='ocrx_word' id='word_1_513' title='bbox 477 4581 596 4621; x_wconf 89' lang='lat' dir='ltr'><strong>eam</strong></span> <span class='ocrx_word' id='word_1_514' title='bbox 645 4565 835 4621; x_wconf 88' lang='lat' dir='ltr'><strong>humi!i</strong></span> <span class='ocrx_word' id='word_1_515' title='bbox 890 4565 945 4618; x_wconf 92' lang='lat' dir='ltr'><strong>in</strong></span> <span class='ocrx_word' id='word_1_516' title='bbox 1008 4564 1151 4617; x_wconf 80' lang='lat' dir='ltr'><strong>lecto</strong></span> <span class='ocrx_word' id='word_1_517' title='bbox 1204 4561 1526 4624; x_wconf 74' lang='lat' dir='ltr'><strong>collocatis,</strong></span> <span class='ocrx_word' id='word_1_518' title='bbox 1580 4561 1824 4616; x_wconf 86' lang='lat' dir='ltr'><strong>salutare</strong></span> <span class='ocrx_word' id='word_1_519' title='bbox 1859 4562 2057 4615; x_wconf 84' lang='lat' dir='ltr'><strong>morbo</strong></span> 
     </span>
    </p>
   </div>
   <div class='ocr_carea' id='block_1_77' title="bbox 2148 3370 3743 3451">
    <p class='ocr_par' dir='ltr' id='par_1_77' title="bbox 2148 3370 3743 3451">
     <span class='ocr_line' id='line_1_77' title="bbox 2148 3370 3743 3451; baseline -0.006 -17"><span class='ocrx_word' id='word_1_520' title='bbox 2148 3380 2255 3434; x_wconf 87' lang='grc' dir='ltr'><strong>τῶν</strong></span> <span class='ocrx_word' id='word_1_521' title='bbox 2286 3379 2385 3451; x_wconf 72' lang='grc' dir='ltr'>ήδη</span> <span class='ocrx_word' id='word_1_522' title='bbox 2417 3375 2815 3447; x_wconf 86' lang='grc' dir='ltr'>νενοσηκότων,</span> <span class='ocrx_word' id='word_1_523' title='bbox 2857 3376 2951 3429; x_wconf 75' lang='grc' dir='ltr'>καὶ</span> <span class='ocrx_word' id='word_1_524' title='bbox 2995 3376 3096 3445; x_wconf 85' lang='grc' dir='ltr'>τῆς</span> <span class='ocrx_word' id='word_1_525' title='bbox 3128 3373 3446 3446; x_wconf 77' lang='grc' dir='ltr'>ἀρρωστίας</span> <span class='ocrx_word' id='word_1_526' title='bbox 3495 3370 3743 3425; x_wconf 85' lang='grc' dir='ltr'>ἀπαλλα-</span> 
     </span>
    </p>
   </div>
   <div class='ocr_carea' id='block_1_78' title="bbox 2148 3460 3745 3540">
    <p class='ocr_par' dir='ltr' id='par_1_78' title="bbox 2148 3460 3745 3540">
     <span class='ocr_line' id='line_1_78' title="bbox 2148 3460 3745 3540; baseline -0.007 -16"><span class='ocrx_word' id='word_1_527' title='bbox 2148 3471 2380 3539; x_wconf 88' lang='grc' dir='ltr'>γέντων,</span> <span class='ocrx_word' id='word_1_528' title='bbox 2427 3468 2723 3540; x_wconf 79' lang='grc' dir='ltr'>μανθάνειν</span> <span class='ocrx_word' id='word_1_529' title='bbox 2758 3467 2858 3537; x_wconf 81' lang='grc' dir='ltr'><strong>τῆς</strong></span> <span class='ocrx_word' id='word_1_530' title='bbox 2892 3466 3084 3536; x_wconf 81' lang='grc' dir='ltr'>ὑγείας</span> <span class='ocrx_word' id='word_1_531' title='bbox 3116 3466 3208 3518; x_wconf 83' lang='grc' dir='ltr'><strong>τὸν</strong></span> <span class='ocrx_word' id='word_1_532' title='bbox 3260 3465 3483 3534; x_wconf 87' lang='grc' dir='ltr'>τρόπον,</span> <span class='ocrx_word' id='word_1_533' title='bbox 3515 3460 3745 3531; x_wconf 81' lang='grc' dir='ltr'>ἀφίκετό</span> 
     </span>
    </p>
   </div>
   <div class='ocr_carea' id='block_1_79' title="bbox 2147 3554 3743 3632">
    <p class='ocr_par' dir='ltr' id='par_1_79' title="bbox 2147 3554 3743 3632">
     <span class='ocr_line' id='line_1_79' title="bbox 2147 3554 3743 3632; baseline -0.006 -16"><span class='ocrx_word' id='word_1_534' title='bbox 2147 3580 2235 3626; x_wconf 89' lang='grc' dir='ltr'><strong>τις</strong></span> <span class='ocrx_word' id='word_1_535' title='bbox 2283 3561 2422 3632; x_wconf 80' lang='grc' dir='ltr'>γυνὴ</span> <span class='ocrx_word' id='word_1_536' title='bbox 2469 3560 2605 3631; x_wconf 75' lang='grc' dir='ltr'>πρὸς</span> <span class='ocrx_word' id='word_1_537' title='bbox 2649 3560 2746 3631; x_wconf 77' lang='grc' dir='ltr'><strong>τὴν</strong></span> <span class='ocrx_word' id='word_1_538' title='bbox 2792 3560 3107 3626; x_wconf 78' lang='grc' dir='ltr'>ἀξιέπαινον</span> <span class='ocrx_word' id='word_1_539' title='bbox 3153 3557 3482 3630; x_wconf 79' lang='grc' dir='ltr'>ἄνθρωπον,</span> <span class='ocrx_word' id='word_1_540' title='bbox 3529 3554 3743 3610; x_wconf 85' lang='grc' dir='ltr'>παιδίον</span> 
     </span>
    </p>
   </div>
   <div class='ocr_carea' id='block_1_80' title="bbox 2150 3650 3743 3729">
    <p class='ocr_par' dir='ltr' id='par_1_80' title="bbox 2150 3650 3743 3729">
     <span class='ocr_line' id='line_1_80' title="bbox 2150 3650 3743 3729; baseline -0.007 -17"><span class='ocrx_word' id='word_1_541' title='bbox 2150 3657 2431 3729; x_wconf 70' lang='grc' dir='ltr'>ἄρρωστον</span> <span class='ocrx_word' id='word_1_542' title='bbox 2459 3654 2503 3685; x_wconf 73' lang='grc'><strong>’³</strong></span> <span class='ocrx_word' id='word_1_543' title='bbox 2532 3652 2752 3724; x_wconf 79' lang='grc' dir='ltr'>ἔχουσα,</span> <span class='ocrx_word' id='word_1_544' title='bbox 2787 3653 2882 3706; x_wconf 71' lang='grc' dir='ltr'>καὶ</span> <span class='ocrx_word' id='word_1_545' title='bbox 2918 3651 3111 3723; x_wconf 87' lang='grc' dir='ltr'>μαθεῖν</span> <span class='ocrx_word' id='word_1_546' title='bbox 3158 3651 3222 3704; x_wconf 81' lang='grc' dir='ltr'><strong>τδ</strong></span> <span class='ocrx_word' id='word_1_547' title='bbox 3278 3650 3554 3721; x_wconf 81' lang='grc' dir='ltr'>πρακτέον</span> <span class='ocrx_word' id='word_1_548' title='bbox 3589 3651 3743 3704; x_wconf 81' lang='grc' dir='ltr'>ἀντι-</span> 
     </span>
    </p>
   </div>
   <div class='ocr_carea' id='block_1_81' title="bbox 2152 3739 3746 3812">
    <p class='ocr_par' dir='ltr' id='par_1_81' title="bbox 2152 3739 3746 3812">
     <span class='ocr_line' id='line_1_81' title="bbox 2152 3739 3746 3812; baseline -0.006 -11"><span class='ocrx_word' id='word_1_549' title='bbox 2152 3744 2405 3801; x_wconf 76' lang='grc' dir='ltr'>ϐολοῦσα.</span> <span class='ocrx_word' id='word_1_550' title='bbox 2446 3745 2516 3799; x_wconf 83' lang='grc' dir='ltr'><strong>Ἥ</strong></span> <span class='ocrx_word' id='word_1_551' title='bbox 2562 3743 2619 3798; x_wconf 76' lang='grc' dir='ltr'>δὲ</span> <span class='ocrx_word' id='word_1_552' title='bbox 2671 3742 2833 3797; x_wconf 88' lang='grc' dir='ltr'>τοῦτο</span> <span class='ocrx_word' id='word_1_553' title='bbox 2875 3742 3117 3797; x_wconf 76' lang='grc' dir='ltr'>λαϐοῦσα</span> <span class='ocrx_word' id='word_1_554' title='bbox 3171 3743 3269 3797; x_wconf 81' lang='grc' dir='ltr'>καὶ</span> <span class='ocrx_word' id='word_1_555' title='bbox 3300 3743 3381 3805; x_wconf 88' lang='grc' dir='ltr'><strong>είς</strong></span> <span class='ocrx_word' id='word_1_556' title='bbox 3435 3739 3534 3812; x_wconf 84' lang='grc' dir='ltr'><strong>τὴν</strong></span> <span class='ocrx_word' id='word_1_557' title='bbox 3582 3739 3746 3811; x_wconf 80' lang='grc' dir='ltr'>εὐνὴν</span> 
     </span>
    </p>
   </div>
   <div class='ocr_carea' id='block_1_82' title="bbox 2152 3833 3739 3905">
    <p class='ocr_par' dir='ltr' id='par_1_82' title="bbox 2152 3833 3739 3905">
     <span class='ocr_line' id='line_1_82' title="bbox 2152 3833 3739 3905; baseline -0.004 -13"><span class='ocrx_word' id='word_1_558' title='bbox 2152 3837 2487 3892; x_wconf 89' lang='grc' dir='ltr'>ἀνακλίνασα</span> <span class='ocrx_word' id='word_1_559' title='bbox 2512 3836 2576 3901; x_wconf 77' lang='grc'>⁸⁸,</span> <span class='ocrx_word' id='word_1_560' title='bbox 2638 3837 2853 3890; x_wconf 80' lang='grc' dir='ltr'>ἱκέτευε</span> <span class='ocrx_word' id='word_1_561' title='bbox 2884 3835 2978 3889; x_wconf 80' lang='grc' dir='ltr'><strong>τὸν</strong></span> <span class='ocrx_word' id='word_1_562' title='bbox 3018 3836 3130 3889; x_wconf 82' lang='grc' dir='ltr'>τῶν</span> <span class='ocrx_word' id='word_1_563' title='bbox 3162 3834 3299 3888; x_wconf 85' lang='grc' dir='ltr'>ὅλων</span> <span class='ocrx_word' id='word_1_564' title='bbox 3334 3834 3677 3905; x_wconf 82' lang='grc' dir='ltr'>Δημιουργὸν</span> <span class='ocrx_word' id='word_1_565' title='bbox 3695 3833 3739 3864; x_wconf 76' lang='grc'><strong>⁸⁸</strong></span> 
     </span>
    </p>
   </div>
   <div class='ocr_carea' id='block_1_83' title="bbox 2153 3923 3749 3999">
    <p class='ocr_par' dir='ltr' id='par_1_83' title="bbox 2153 3923 3749 3999">
     <span class='ocr_line' id='line_1_83' title="bbox 2153 3923 3749 3999; baseline -0.003 -16"><span class='ocrx_word' id='word_1_566' title='bbox 2153 3929 2343 3985; x_wconf 89' lang='grc' dir='ltr'>νεῦσαι</span> <span class='ocrx_word' id='word_1_567' title='bbox 2376 3929 2470 3983; x_wconf 79' lang='grc' dir='ltr'>καὶ</span> <span class='ocrx_word' id='word_1_568' title='bbox 2491 3928 2653 3982; x_wconf 86' lang='grc' dir='ltr'>λῦσαι</span> <span class='ocrx_word' id='word_1_569' title='bbox 2678 3928 2779 3999; x_wconf 84' lang='grc' dir='ltr'><strong>τὴν</strong></span> <span class='ocrx_word' id='word_1_570' title='bbox 2811 3929 2987 3981; x_wconf 87' lang='grc' dir='ltr'>νόσον.</span> <span class='ocrx_word' id='word_1_571' title='bbox 3020 3927 3081 3981; x_wconf 89' lang='lat'><strong>&#39;0</strong></span> <span class='ocrx_word' id='word_1_572' title='bbox 3116 3926 3295 3997; x_wconf 80' lang='grc' dir='ltr'>δὲτὴν</span> <span class='ocrx_word' id='word_1_573' title='bbox 3327 3926 3563 3980; x_wconf 76' lang='grc' dir='ltr'>ἱκετείαν</span> <span class='ocrx_word' id='word_1_574' title='bbox 3592 3923 3749 3991; x_wconf 67' lang='grc' dir='ltr'>δεξάμ-</span> 
     </span>
    </p>
   </div>
   <div class='ocr_carea' id='block_1_84' title="bbox 2158 4018 3745 4095">
    <p class='ocr_par' dir='ltr' id='par_1_84' title="bbox 2158 4018 3745 4095">
     <span class='ocr_line' id='line_1_84' title="bbox 2158 4018 3745 4095; baseline -0.004 -19"><span class='ocrx_word' id='word_1_575' title='bbox 2158 4040 2349 4094; x_wconf 86' lang='grc' dir='ltr'>μενος,</span> <span class='ocrx_word' id='word_1_576' title='bbox 2391 4022 2635 4095; x_wconf 86' lang='grc' dir='ltr'>παρέσχε</span> <span class='ocrx_word' id='word_1_577' title='bbox 2684 4021 2784 4092; x_wconf 78' lang='grc' dir='ltr'><strong>τὴν</strong></span> <span class='ocrx_word' id='word_1_578' title='bbox 2820 4019 3030 4089; x_wconf 83' lang='grc' dir='ltr'>ὑγείαν.</span> <span class='ocrx_word' id='word_1_579' title='bbox 3079 4018 3361 4073; x_wconf 86' lang='grc' dir='ltr'>Ἐντεῦθεν</span> <span class='ocrx_word' id='word_1_580' title='bbox 3397 4019 3431 4088; x_wconf 80' lang='grc' dir='ltr'><strong>ἡ</strong></span> <span class='ocrx_word' id='word_1_581' title='bbox 3459 4018 3745 4087; x_wconf 87' lang='grc' dir='ltr'>θαυμασία</span> 
     </span>
    </p>
   </div>
   <div class='ocr_carea' id='block_1_85' title="bbox 2154 4107 3746 4187">
    <p class='ocr_par' dir='ltr' id='par_1_85' title="bbox 2154 4107 3746 4187">
     <span class='ocr_line' id='line_1_85' title="bbox 2154 4107 3746 4187; baseline -0.004 -19"><span class='ocrx_word' id='word_1_582' title='bbox 2154 4114 2292 4187; x_wconf 83' lang='grc' dir='ltr'>γυνὴ</span> <span class='ocrx_word' id='word_1_583' title='bbox 2326 4112 2764 4183; x_wconf 81' lang='grc' dir='ltr'>πολυθρύλλητος</span> <span class='ocrx_word' id='word_1_584' title='bbox 2796 4112 3019 4182; x_wconf 87' lang='grc' dir='ltr'>γέγονεν</span> <span class='ocrx_word' id='word_1_585' title='bbox 3051 4127 3065 4139; x_wconf 90' lang='grc'><strong>·</strong></span> <span class='ocrx_word' id='word_1_586' title='bbox 3111 4111 3232 4166; x_wconf 80' lang='grc' dir='ltr'>οὐδὲ</span> <span class='ocrx_word' id='word_1_587' title='bbox 3263 4111 3374 4181; x_wconf 84' lang='grc' dir='ltr'><strong>γάρ</strong></span> <span class='ocrx_word' id='word_1_588' title='bbox 3402 4110 3500 4182; x_wconf 82' lang='grc' dir='ltr'>τὴν</span> <span class='ocrx_word' id='word_1_589' title='bbox 3528 4108 3625 4163; x_wconf 90' lang='grc' dir='ltr'><strong>τοῦ</strong></span> <span class='ocrx_word' id='word_1_590' title='bbox 3652 4107 3746 4179; x_wconf 85' lang='grc' dir='ltr'>βα-</span> 
     </span>
    </p>
   </div>
   <div class='ocr_carea' id='block_1_86' title="bbox 2158 4200 3745 4275">
    <p class='ocr_par' dir='ltr' id='par_1_86' title="bbox 2158 4200 3745 4275">
     <span class='ocr_line' id='line_1_86' title="bbox 2158 4200 3745 4275; baseline -0.003 -17"><span class='ocrx_word' id='word_1_591' title='bbox 2158 4203 2350 4267; x_wconf 84' lang='grc' dir='ltr'>σιλέως</span> <span class='ocrx_word' id='word_1_592' title='bbox 2378 4203 2625 4273; x_wconf 74' lang='grc' dir='ltr'>ὁμόζυγα</span> <span class='ocrx_word' id='word_1_593' title='bbox 2652 4202 2712 4256; x_wconf 84' lang='grc' dir='ltr'><strong>τὸ</strong></span> <span class='ocrx_word' id='word_1_594' title='bbox 2733 4200 3104 4275; x_wconf 85' lang='grc' dir='ltr'>γεγενημένον</span> <span class='ocrx_word' id='word_1_595' title='bbox 3128 4200 3366 4258; x_wconf 84' lang='grc' dir='ltr'>διέλαθε.</span> <span class='ocrx_word' id='word_1_596' title='bbox 3418 4200 3745 4273; x_wconf 84' lang='grc' dir='ltr'>Παραυτίκα</span> 
     </span>
    </p>
   </div>
   <div class='ocr_carea' id='block_1_87' title="bbox 2153 4291 3737 4368">
    <p class='ocr_par' dir='ltr' id='par_1_87' title="bbox 2153 4291 3737 4368">
     <span class='ocr_line' id='line_1_87' title="bbox 2153 4291 3737 4368; baseline -0.002 -18"><span class='ocrx_word' id='word_1_597' title='bbox 2153 4295 2211 4350; x_wconf 75' lang='grc' dir='ltr'>δὲ</span> <span class='ocrx_word' id='word_1_598' title='bbox 2240 4297 2408 4368; x_wconf 80' lang='grc' dir='ltr'>αὐτὴν</span> <span class='ocrx_word' id='word_1_599' title='bbox 2443 4293 2830 4367; x_wconf 77' lang='grc' dir='ltr'>μετεπέμψατο</span> <span class='ocrx_word' id='word_1_600' title='bbox 2854 4311 2868 4326; x_wconf 90' lang='grc'><strong>·</strong></span> <span class='ocrx_word' id='word_1_601' title='bbox 2902 4295 3007 4348; x_wconf 83' lang='grc' dir='ltr'><strong>ὑπό</strong></span> <span class='ocrx_word' id='word_1_602' title='bbox 3035 4311 3180 4358; x_wconf 87' lang='grc' dir='ltr'>τινος</span> <span class='ocrx_word' id='word_1_603' title='bbox 3218 4293 3330 4365; x_wconf 81' lang='grc' dir='ltr'>γὰρ</span> <span class='ocrx_word' id='word_1_604' title='bbox 3356 4294 3451 4347; x_wconf 75' lang='grc' dir='ltr'><strong>καὶ</strong></span> <span class='ocrx_word' id='word_1_605' title='bbox 3474 4291 3613 4364; x_wconf 81' lang='grc' dir='ltr'>αὑτὴ</span> <span class='ocrx_word' id='word_1_606' title='bbox 3635 4311 3737 4363; x_wconf 79' lang='grc' dir='ltr'>χαο</span> 
     </span>
    </p>
   </div>
   <div class='ocr_carea' id='block_1_88' title="bbox 2156 4382 3741 4458">
    <p class='ocr_par' dir='ltr' id='par_1_88' title="bbox 2156 4382 3741 4458">
     <span class='ocr_line' id='line_1_88' title="bbox 2156 4382 3741 4458; baseline -0.004 -16"><span class='ocrx_word' id='word_1_607' title='bbox 2156 4388 2321 4442; x_wconf 89' lang='grc' dir='ltr'>λεποῦ</span> <span class='ocrx_word' id='word_1_608' title='bbox 2340 4387 2623 4458; x_wconf 88' lang='grc' dir='ltr'>κατείχετο</span> <span class='ocrx_word' id='word_1_609' title='bbox 2644 4386 2870 4450; x_wconf 80' lang='grc' dir='ltr'>πάθους.</span> <span class='ocrx_word' id='word_1_610' title='bbox 2906 4387 2971 4440; x_wconf 86' lang='grc' dir='ltr'><strong>Ἡ</strong></span> <span class='ocrx_word' id='word_1_611' title='bbox 2999 4386 3055 4439; x_wconf 81' lang='grc' dir='ltr'>δὲ</span> <span class='ocrx_word' id='word_1_612' title='bbox 3081 4385 3289 4456; x_wconf 85' lang='grc' dir='ltr'>μετρίῳ</span> <span class='ocrx_word' id='word_1_613' title='bbox 3320 4383 3637 4455; x_wconf 86' lang='grc' dir='ltr'>κεχρημένη</span> <span class='ocrx_word' id='word_1_614' title='bbox 3661 4382 3741 4454; x_wconf 82' lang='grc' dir='ltr'>τῷ</span> 
     </span>
    </p>
   </div>
   <div class='ocr_carea' id='block_1_89' title="bbox 2159 4476 3742 4551">
    <p class='ocr_par' dir='ltr' id='par_1_89' title="bbox 2159 4476 3742 4551">
     <span class='ocr_line' id='line_1_89' title="bbox 2159 4476 3742 4551; baseline -0.001 -18"><span class='ocrx_word' id='word_1_615' title='bbox 2159 4481 2488 4551; x_wconf 83' lang='grc' dir='ltr'>φρονήματι,</span> <span class='ocrx_word' id='word_1_616' title='bbox 2517 4478 2618 4548; x_wconf 78' lang='grc' dir='ltr'>τῆς</span> <span class='ocrx_word' id='word_1_617' title='bbox 2662 4477 2931 4547; x_wconf 85' lang='grc' dir='ltr'>βασιλίδος</span> <span class='ocrx_word' id='word_1_618' title='bbox 2954 4477 3054 4547; x_wconf 81' lang='grc' dir='ltr'><strong>τὴν</strong></span> <span class='ocrx_word' id='word_1_619' title='bbox 3109 4477 3328 4547; x_wconf 75' lang='grc' dir='ltr'>αἴτησιν</span> <span class='ocrx_word' id='word_1_620' title='bbox 3359 4477 3459 4531; x_wconf 80' lang='grc' dir='ltr'><strong>οὐκ</strong></span> <span class='ocrx_word' id='word_1_621' title='bbox 3504 4476 3742 4543; x_wconf 71' lang='grc' dir='ltr'>ἐδέξατο.</span> 
     </span>
    </p>
   </div>
   <div class='ocr_carea' id='block_1_90' title="bbox 2170 4563 3737 4636">
    <p class='ocr_par' dir='ltr' id='par_1_90' title="bbox 2170 4563 3737 4636">
     <span class='ocr_line' id='line_1_90' title="bbox 2170 4563 3737 4636; baseline -0.003 -15"><span class='ocrx_word' id='word_1_622' title='bbox 2170 4568 2308 4622; x_wconf 78' lang='grc' dir='ltr'>Ἀλλ’</span> <span class='ocrx_word' id='word_1_623' title='bbox 2341 4567 2444 4620; x_wconf 73' lang='grc' dir='ltr'><strong>ὑπὸ</strong></span> <span class='ocrx_word' id='word_1_624' title='bbox 2473 4567 2571 4636; x_wconf 85' lang='grc' dir='ltr'>τῆς</span> <span class='ocrx_word' id='word_1_625' title='bbox 2602 4564 2794 4636; x_wconf 85' lang='grc' dir='ltr'>χρείας</span> <span class='ocrx_word' id='word_1_626' title='bbox 2822 4565 3006 4635; x_wconf 74' lang='grc' dir='ltr'>εκείνη</span> <span class='ocrx_word' id='word_1_627' title='bbox 3042 4564 3362 4635; x_wconf 75' lang='grc' dir='ltr'>βιαζομένη,</span> <span class='ocrx_word' id='word_1_628' title='bbox 3405 4563 3505 4636; x_wconf 85' lang='grc' dir='ltr'>τὴν</span> <span class='ocrx_word' id='word_1_629' title='bbox 3533 4565 3737 4633; x_wconf 89' lang='grc' dir='ltr'>βασιλι-</span> 
     </span>
    </p>
   </div>
   <div class='ocr_carea' id='block_1_91' title="bbox 479 4650 2046 4730">
    <p class='ocr_par' dir='ltr' id='par_1_91' title="bbox 479 4650 2046 4723">
     <span class='ocr_line' id='line_1_91' title="bbox 479 4650 2046 4723; baseline -0.002 -12"><span class='ocrx_word' id='word_1_630' title='bbox 479 4657 779 4712; x_wconf 88' lang='lat' dir='ltr'><strong>remedium</strong></span> <span class='ocrx_word' id='word_1_631' title='bbox 832 4655 1138 4710; x_wconf 89' lang='lat' dir='ltr'><strong>orationem</strong></span> <span class='ocrx_word' id='word_1_632' title='bbox 1189 4651 1461 4706; x_wconf 87' lang='lat' dir='ltr'><strong>adhibuit.</strong></span> <span class='ocrx_word' id='word_1_633' title='bbox 1516 4650 1725 4723; x_wconf 80' lang='lat' dir='ltr'><strong>Regina</strong></span> <span class='ocrx_word' id='word_1_634' title='bbox 1755 4653 2046 4708; x_wconf 76' lang='lat' dir='ltr'><strong>curationis</strong></span> 
     </span>
    </p>
   </div>
   <div class='ocr_carea' id='block_1_92' title="bbox 2148 4650 3746 4730">
    <p class='ocr_par' dir='ltr' id='par_1_92' title="bbox 2166 4652 3746 4730">
     <span class='ocr_line' id='line_1_92' title="bbox 2166 4652 3746 4730; baseline -0.002 -19"><span class='ocrx_word' id='word_1_635' title='bbox 2166 4658 2267 4730; x_wconf 75' lang='grc' dir='ltr'>κὴν</span> <span class='ocrx_word' id='word_1_636' title='bbox 2302 4658 2459 4725; x_wconf 77' lang='grc' dir='ltr'>ἀξίαν</span> <span class='ocrx_word' id='word_1_637' title='bbox 2482 4652 2561 4720; x_wconf 80' lang='grc' dir='ltr'><strong>είς</strong></span> <span class='ocrx_word' id='word_1_638' title='bbox 2588 4655 2714 4709; x_wconf 88' lang='grc' dir='ltr'>νοῦν</span> <span class='ocrx_word' id='word_1_639' title='bbox 2759 4655 2944 4710; x_wconf 75' lang='grc' dir='ltr'>λαϐεῖν</span> <span class='ocrx_word' id='word_1_640' title='bbox 2974 4655 3072 4710; x_wconf 75' lang='grc' dir='ltr'><strong>οὐκ</strong></span> <span class='ocrx_word' id='word_1_641' title='bbox 3117 4656 3404 4725; x_wconf 78' lang='grc' dir='ltr'>ἠθέλησεν,</span> <span class='ocrx_word' id='word_1_642' title='bbox 3460 4655 3575 4709; x_wconf 78' lang='grc' dir='ltr'>ἀλλ’</span> <span class='ocrx_word' id='word_1_643' title='bbox 3604 4656 3746 4727; x_wconf 84' lang='grc' dir='ltr'>αὐτὴ</span> 
     </span>
    </p>
   </div>
   <div class='ocr_carea' id='block_1_93' title="bbox 477 4744 2056 4821">
    <p class='ocr_par' dir='ltr' id='par_1_93' title="bbox 477 4744 2056 4821">
     <span class='ocr_line' id='line_1_93' title="bbox 477 4744 2056 4821; baseline -0.004 -17"><span class='ocrx_word' id='word_1_644' title='bbox 477 4749 640 4821; x_wconf 76' lang='lat'><strong>807</strong></span> <span class='ocrx_word' id='word_1_645' title='bbox 678 4748 980 4805; x_wconf 84' lang='lat' dir='ltr'><strong>mercedem</strong></span> <span class='ocrx_word' id='word_1_646' title='bbox 1031 4759 1194 4814; x_wconf 88' lang='lat' dir='ltr'><strong>quam</strong></span> <span class='ocrx_word' id='word_1_647' title='bbox 1242 4744 1496 4798; x_wconf 83' lang='lat' dir='ltr'><strong>eximiam</strong></span> <span class='ocrx_word' id='word_1_648' title='bbox 1549 4746 1775 4815; x_wconf 81' lang='lat' dir='ltr'><strong>putabat</strong></span> <span class='ocrx_word' id='word_1_649' title='bbox 1814 4746 2056 4809; x_wconf 91' lang='lat' dir='ltr'><strong>obtulit,</strong></span> 
     </span>
    </p>
   </div>
   <div class='ocr_carea' id='block_1_94' title="bbox 481 4835 2060 4909">
    <p class='ocr_par' dir='ltr' id='par_1_94' title="bbox 481 4835 2060 4909">
     <span class='ocr_line' id='line_1_94' title="bbox 481 4835 2060 4909; baseline -0.001 -15"><span class='ocrx_word' id='word_1_650' title='bbox 481 4856 677 4895; x_wconf 87' lang='lat' dir='ltr'><strong>aurum</strong></span> <span class='ocrx_word' id='word_1_651' title='bbox 706 4848 760 4896; x_wconf 93' lang='lat' dir='ltr'><strong>et</strong></span> <span class='ocrx_word' id='word_1_652' title='bbox 789 4846 1073 4908; x_wconf 84' lang='lat' dir='ltr'><strong>argentum</strong></span> <span class='ocrx_word' id='word_1_653' title='bbox 1099 4874 1113 4899; x_wconf 94' lang='lat'><strong>,</strong></span> <span class='ocrx_word' id='word_1_654' title='bbox 1142 4835 1359 4892; x_wconf 87' lang='lat' dir='ltr'><strong>tunicas</strong></span> <span class='ocrx_word' id='word_1_655' title='bbox 1385 4844 1439 4891; x_wconf 91' lang='lat' dir='ltr'><strong>et</strong></span> <span class='ocrx_word' id='word_1_656' title='bbox 1470 4838 1642 4907; x_wconf 88' lang='lat' dir='ltr'><strong>pallas</strong></span> <span class='ocrx_word' id='word_1_657' title='bbox 1663 4877 1680 4899; x_wconf 89' lang='lat'><strong>,</strong></span> <span class='ocrx_word' id='word_1_658' title='bbox 1721 4846 1776 4893; x_wconf 90' lang='lat' dir='ltr'><strong>et</strong></span> <span class='ocrx_word' id='word_1_659' title='bbox 1802 4838 1908 4892; x_wconf 91' lang='lat' dir='ltr'><strong>alia</strong></span> <span class='ocrx_word' id='word_1_660' title='bbox 1937 4851 2060 4909; x_wconf 62' lang='lat' dir='ltr'><strong>quae</strong></span> 
     </span>
    </p>
   </div>
   <div class='ocr_carea' id='block_1_95' title="bbox 481 4925 2059 4999">
    <p class='ocr_par' dir='ltr' id='par_1_95' title="bbox 481 4925 2059 4999">
     <span class='ocr_line' id='line_1_95' title="bbox 481 4925 2059 4999; baseline -0.003 -14"><span class='ocrx_word' id='word_1_661' title='bbox 481 4931 680 4999; x_wconf 86' lang='lat' dir='ltr'><strong>regalis</strong></span> <span class='ocrx_word' id='word_1_662' title='bbox 706 4926 1113 4999; x_wconf 81' lang='lat' dir='ltr'><strong>magniﬁcentia</strong></span> <span class='ocrx_word' id='word_1_663' title='bbox 1146 4927 1305 4981; x_wconf 82' lang='lat' dir='ltr'><strong>solet.</strong></span> <span class='ocrx_word' id='word_1_664' title='bbox 1356 4925 1546 4982; x_wconf 89' lang='lat' dir='ltr'><strong>Divina</strong></span> <span class='ocrx_word' id='word_1_665' title='bbox 1579 4943 1709 4983; x_wconf 88' lang='lat' dir='ltr'><strong>vero</strong></span> <span class='ocrx_word' id='word_1_666' title='bbox 1741 4929 1940 4983; x_wconf 91' lang='lat' dir='ltr'><strong>mulier</strong></span> <span class='ocrx_word' id='word_1_667' title='bbox 1972 4929 2059 4982; x_wconf 89' lang='lat' dir='ltr'><strong>his</strong></span> 
     </span>
    </p>
   </div>
   <div class='ocr_carea' id='block_1_96' title="bbox 484 5018 2061 5091">
    <p class='ocr_par' dir='ltr' id='par_1_96' title="bbox 484 5018 2061 5091">
     <span class='ocr_line' id='line_1_96' title="bbox 484 5018 2061 5091; baseline -0.002 -14"><span class='ocrx_word' id='word_1_668' title='bbox 484 5021 589 5077; x_wconf 85' lang='lat' dir='ltr'><strong>sibi</strong></span> <span class='ocrx_word' id='word_1_669' title='bbox 639 5036 780 5091; x_wconf 89' lang='lat' dir='ltr'><strong>opus</strong></span> <span class='ocrx_word' id='word_1_670' title='bbox 833 5034 946 5074; x_wconf 89' lang='lat' dir='ltr'><strong>non</strong></span> <span class='ocrx_word' id='word_1_671' title='bbox 992 5033 1117 5075; x_wconf 85' lang='lat' dir='ltr'><strong>esse</strong></span> <span class='ocrx_word' id='word_1_672' title='bbox 1156 5018 1316 5084; x_wconf 81' lang='lat' dir='ltr'><strong>dixit,</strong></span> <span class='ocrx_word' id='word_1_673' title='bbox 1371 5019 1468 5075; x_wconf 91' lang='lat' dir='ltr'><strong>sed</strong></span> <span class='ocrx_word' id='word_1_674' title='bbox 1528 5035 1735 5089; x_wconf 85' lang='lat' dir='ltr'><strong>magnae</strong></span> <span class='ocrx_word' id='word_1_675' title='bbox 1792 5018 2061 5074; x_wconf 88' lang='lat' dir='ltr'><strong>mercedis</strong></span> 
     </span>
    </p>
   </div>
   <div class='ocr_carea' id='block_1_97' title="bbox 489 5110 2057 5182">
    <p class='ocr_par' dir='ltr' id='par_1_97' title="bbox 489 5110 2057 5182">
     <span class='ocr_line' id='line_1_97' title="bbox 489 5110 2057 5182; baseline -0.003 -16"><span class='ocrx_word' id='word_1_676' title='bbox 489 5112 804 5169; x_wconf 83' lang='lat' dir='ltr'><strong>habituram</strong></span> <span class='ocrx_word' id='word_1_677' title='bbox 853 5126 913 5168; x_wconf 90' lang='lat' dir='ltr'><strong>se</strong></span> <span class='ocrx_word' id='word_1_678' title='bbox 941 5111 1100 5176; x_wconf 82' lang='lat' dir='ltr'><strong>loco,</strong></span> <span class='ocrx_word' id='word_1_679' title='bbox 1152 5112 1197 5166; x_wconf 88' lang='lat' dir='ltr'><strong>si</strong></span> <span class='ocrx_word' id='word_1_680' title='bbox 1246 5110 1302 5165; x_wconf 89' lang='lat' dir='ltr'><strong>in</strong></span> <span class='ocrx_word' id='word_1_681' title='bbox 1362 5111 1645 5182; x_wconf 87' lang='lat' dir='ltr'><strong>religionis</strong></span> <span class='ocrx_word' id='word_1_682' title='bbox 1690 5111 2057 5182; x_wconf 89' lang='lat' dir='ltr'><strong>cognitionem</strong></span> 
     </span>
    </p>
   </div>
   <div class='ocr_carea' id='block_1_98' title="bbox 487 5200 2062 5275">
    <p class='ocr_par' dir='ltr' id='par_1_98' title="bbox 487 5200 2062 5275">
     <span class='ocr_line' id='line_1_98' title="bbox 487 5200 2062 5275; baseline -0.004 -16"><span class='ocrx_word' id='word_1_683' title='bbox 487 5207 701 5262; x_wconf 89' lang='lat' dir='ltr'><strong>veniret</strong></span> <span class='ocrx_word' id='word_1_684' title='bbox 751 5225 766 5262; x_wconf 88' lang='lat'><strong>:</strong></span> <span class='ocrx_word' id='word_1_685' title='bbox 816 5204 1091 5275; x_wconf 84' lang='lat' dir='ltr'><strong>simulque</strong></span> <span class='ocrx_word' id='word_1_686' title='bbox 1123 5203 1325 5259; x_wconf 79' lang='lat' dir='ltr'><strong>divinis</strong></span> <span class='ocrx_word' id='word_1_687' title='bbox 1355 5202 1501 5257; x_wconf 91' lang='lat' dir='ltr'><strong>illam</strong></span> <span class='ocrx_word' id='word_1_688' title='bbox 1529 5242 1544 5267; x_wconf 93' lang='lat'><strong>,</strong></span> <span class='ocrx_word' id='word_1_689' title='bbox 1596 5210 1655 5256; x_wconf 93' lang='lat' dir='ltr'><strong>ut</strong></span> <span class='ocrx_word' id='word_1_690' title='bbox 1689 5208 1936 5271; x_wconf 89' lang='lat' dir='ltr'><strong>poterat,</strong></span> <span class='ocrx_word' id='word_1_691' title='bbox 1978 5200 2062 5253; x_wconf 91' lang='lat' dir='ltr'><strong>in-</strong></span> 
     </span>
    </p>
   </div>
   <div class='ocr_carea' id='block_1_99' title="bbox 488 5291 2059 5365">
    <p class='ocr_par' dir='ltr' id='par_1_99' title="bbox 488 5291 2059 5365">
     <span class='ocr_line' id='line_1_99' title="bbox 488 5291 2059 5365; baseline -0.003 -16"><span class='ocrx_word' id='word_1_692' title='bbox 488 5296 695 5352; x_wconf 83' lang='lat' dir='ltr'><strong>stitutis</strong></span> <span class='ocrx_word' id='word_1_693' title='bbox 719 5296 979 5360; x_wconf 82' lang='lat' dir='ltr'><strong>erudivit,</strong></span> <span class='ocrx_word' id='word_1_694' title='bbox 1013 5306 1175 5365; x_wconf 87' lang='lat' dir='ltr'><strong>atque</strong></span> <span class='ocrx_word' id='word_1_695' title='bbox 1205 5302 1264 5348; x_wconf 88' lang='lat' dir='ltr'><strong>ut</strong></span> <span class='ocrx_word' id='word_1_696' title='bbox 1289 5294 1549 5365; x_wconf 88' lang='lat' dir='ltr'><strong>templum</strong></span> <span class='ocrx_word' id='word_1_697' title='bbox 1578 5292 1801 5347; x_wconf 88' lang='lat' dir='ltr'><strong>Christo</strong></span> <span class='ocrx_word' id='word_1_698' title='bbox 1827 5291 2059 5361; x_wconf 87' lang='lat' dir='ltr'><strong>sospita-</strong></span> 
     </span>
    </p>
   </div>
   <div class='ocr_carea' id='block_1_100' title="bbox 490 5382 2057 5449">
    <p class='ocr_par' dir='ltr' id='par_1_100' title="bbox 490 5382 2057 5449">
     <span class='ocr_line' id='line_1_100' title="bbox 490 5382 2057 5449; baseline -0.001 -11"><span class='ocrx_word' id='word_1_699' title='bbox 490 5386 593 5439; x_wconf 90' lang='lat' dir='ltr'><strong>tori</strong></span> <span class='ocrx_word' id='word_1_700' title='bbox 628 5400 730 5441; x_wconf 92' lang='lat' dir='ltr'><strong>suo</strong></span> <span class='ocrx_word' id='word_1_701' title='bbox 773 5393 1083 5441; x_wconf 80' lang='lat' dir='ltr'><strong>exstrueret</strong></span> <span class='ocrx_word' id='word_1_702' title='bbox 1126 5385 1344 5439; x_wconf 84' lang='lat' dir='ltr'><strong>hortata</strong></span> <span class='ocrx_word' id='word_1_703' title='bbox 1395 5393 1499 5439; x_wconf 90' lang='lat' dir='ltr'><strong>est.</strong></span> <span class='ocrx_word' id='word_1_704' title='bbox 1548 5383 1760 5449; x_wconf 85' lang='lat' dir='ltr'><strong>Quibus</strong></span> <span class='ocrx_word' id='word_1_705' title='bbox 1814 5382 2057 5446; x_wconf 85' lang='lat' dir='ltr'><strong>auditis,</strong></span> 
     </span>
    </p>
   </div>
   <div class='ocr_carea' id='block_1_101' title="bbox 493 5475 2064 5548">
    <p class='ocr_par' dir='ltr' id='par_1_101' title="bbox 493 5475 2064 5548">
     <span class='ocr_line' id='line_1_101' title="bbox 493 5475 2064 5548; baseline 0.002 -19"><span class='ocrx_word' id='word_1_706' title='bbox 493 5477 654 5529; x_wconf 84' lang='lat' dir='ltr'><strong>rediit</strong></span> <span class='ocrx_word' id='word_1_707' title='bbox 708 5476 801 5530; x_wconf 89' lang='lat' dir='ltr'><strong>illa</strong></span> <span class='ocrx_word' id='word_1_708' title='bbox 854 5477 908 5531; x_wconf 92' lang='lat' dir='ltr'><strong>in</strong></span> <span class='ocrx_word' id='word_1_709' title='bbox 949 5478 1252 5548; x_wconf 88' lang='lat' dir='ltr'><strong>palatium,</strong></span> <span class='ocrx_word' id='word_1_710' title='bbox 1300 5485 1354 5531; x_wconf 92' lang='lat' dir='ltr'><strong>et</strong></span> <span class='ocrx_word' id='word_1_711' title='bbox 1402 5478 1662 5531; x_wconf 80' lang='lat' dir='ltr'><strong>maritum</strong></span> <span class='ocrx_word' id='word_1_712' title='bbox 1713 5487 1822 5531; x_wconf 87' lang='lat' dir='ltr'><strong>tam</strong></span> <span class='ocrx_word' id='word_1_713' title='bbox 1865 5475 2064 5533; x_wconf 72' lang='lat' dir='ltr'><strong>subitae</strong></span> 
     </span>
    </p>
   </div>
   <div class='ocr_carea' id='block_1_102' title="bbox 2164 4746 3748 4821">
    <p class='ocr_par' dir='ltr' id='par_1_102' title="bbox 2164 4746 3748 4821">
     <span class='ocr_line' id='line_1_102' title="bbox 2164 4746 3748 4821; baseline -0.001 -17"><span class='ocrx_word' id='word_1_714' title='bbox 2164 4751 2302 4821; x_wconf 71' lang='grc' dir='ltr'>πρὸς</span> <span class='ocrx_word' id='word_1_715' title='bbox 2343 4750 2439 4821; x_wconf 79' lang='grc' dir='ltr'>τὴν</span> <span class='ocrx_word' id='word_1_716' title='bbox 2482 4748 2821 4820; x_wconf 88' lang='grc' dir='ltr'>δορυάλωτον</span> <span class='ocrx_word' id='word_1_717' title='bbox 2844 4748 2887 4779; x_wconf 81' lang='grc'><strong>³⁸</strong></span> <span class='ocrx_word' id='word_1_718' title='bbox 2937 4746 3196 4820; x_wconf 74' lang='grc' dir='ltr'>ἔδραμεν.</span> <span class='ocrx_word' id='word_1_719' title='bbox 3229 4749 3296 4802; x_wconf 83' lang='grc' dir='ltr'>Ἡ</span> <span class='ocrx_word' id='word_1_720' title='bbox 3324 4749 3380 4802; x_wconf 82' lang='grc' dir='ltr'><strong>δὲ</strong></span> <span class='ocrx_word' id='word_1_721' title='bbox 3419 4749 3603 4811; x_wconf 88' lang='grc' dir='ltr'>πάλιν,</span> <span class='ocrx_word' id='word_1_722' title='bbox 3655 4749 3748 4802; x_wconf 75' lang='grc' dir='ltr'>ἐπὶ</span> 
     </span>
    </p>
   </div>
   <div class='ocr_carea' id='block_1_103' title="bbox 2162 4837 3749 4911">
    <p class='ocr_par' dir='ltr' id='par_1_103' title="bbox 2162 4837 3749 4911">
     <span class='ocr_line' id='line_1_103' title="bbox 2162 4837 3749 4911; baseline -0.002 -16"><span class='ocrx_word' id='word_1_723' title='bbox 2162 4843 2258 4911; x_wconf 83' lang='grc' dir='ltr'>τῆς</span> <span class='ocrx_word' id='word_1_724' title='bbox 2285 4839 2534 4903; x_wconf 86' lang='grc' dir='ltr'>εὐτελοῦς</span> <span class='ocrx_word' id='word_1_725' title='bbox 2572 4839 2733 4910; x_wconf 80' lang='grc' dir='ltr'>εὐνῆς</span> <span class='ocrx_word' id='word_1_726' title='bbox 2780 4838 2951 4903; x_wconf 76' lang='grc' dir='ltr'>αὐτὴν</span> <span class='ocrx_word' id='word_1_727' title='bbox 2987 4837 3384 4901; x_wconf 80' lang='grc' dir='ltr'>κατακλίνασα,</span> <span class='ocrx_word' id='word_1_728' title='bbox 3452 4839 3749 4910; x_wconf 78' lang='grc' dir='ltr'>φάρμακον</span> 
     </span>
    </p>
   </div>
   <div class='ocr_carea' id='block_1_104' title="bbox 2165 4929 3745 5002">
    <p class='ocr_par' dir='ltr' id='par_1_104' title="bbox 2165 4929 3745 5002">
     <span class='ocr_line' id='line_1_104' title="bbox 2165 4929 3745 5002; baseline -0.002 -17"><span class='ocrx_word' id='word_1_729' title='bbox 2165 4931 2485 4996; x_wconf 83' lang='grc' dir='ltr'>ἀλεξίκακον</span> <span class='ocrx_word' id='word_1_730' title='bbox 2544 4931 2908 5002; x_wconf 85' lang='grc' dir='ltr'>προσενήνοχε</span> <span class='ocrx_word' id='word_1_731' title='bbox 2939 4929 3016 4999; x_wconf 87' lang='grc' dir='ltr'>τῷ</span> <span class='ocrx_word' id='word_1_732' title='bbox 3055 4929 3217 4981; x_wconf 84' lang='grc' dir='ltr'>πάθει</span> <span class='ocrx_word' id='word_1_733' title='bbox 3275 4930 3376 5000; x_wconf 80' lang='grc' dir='ltr'>τὴν</span> <span class='ocrx_word' id='word_1_734' title='bbox 3417 4931 3745 5001; x_wconf 76' lang='grc' dir='ltr'>προσευχήν.</span> 
     </span>
    </p>
   </div>
   <div class='ocr_carea' id='block_1_105' title="bbox 2177 5020 3753 5093">
    <p class='ocr_par' dir='ltr' id='par_1_105' title="bbox 2177 5020 3753 5093">
     <span class='ocr_line' id='line_1_105' title="bbox 2177 5020 3753 5093; baseline -0.001 -17"><span class='ocrx_word' id='word_1_735' title='bbox 2177 5022 2241 5076; x_wconf 85' lang='grc' dir='ltr'><strong><em>Ἥ</em></strong></span> <span class='ocrx_word' id='word_1_736' title='bbox 2270 5022 2327 5075; x_wconf 80' lang='grc' dir='ltr'>δὲ</span> <span class='ocrx_word' id='word_1_737' title='bbox 2359 5021 2569 5093; x_wconf 74' lang='grc' dir='ltr'>βασιλὶς</span> <span class='ocrx_word' id='word_1_738' title='bbox 2606 5021 2705 5090; x_wconf 82' lang='grc' dir='ltr'><strong>τῆς</strong></span> <span class='ocrx_word' id='word_1_739' title='bbox 2757 5021 3055 5091; x_wconf 83' lang='grc' dir='ltr'>θεραπείας</span> <span class='ocrx_word' id='word_1_740' title='bbox 3090 5020 3280 5091; x_wconf 84' lang='grc' dir='ltr'>μισθὸν</span> <span class='ocrx_word' id='word_1_741' title='bbox 3353 5021 3753 5092; x_wconf 75' lang='grc' dir='ltr'>προσεκόμιξεν</span> 
     </span>
    </p>
   </div>
   <div class='ocr_carea' id='block_1_106' title="bbox 2167 5111 3752 5185">
    <p class='ocr_par' dir='ltr' id='par_1_106' title="bbox 2167 5111 3752 5185">
     <span class='ocr_line' id='line_1_106' title="bbox 2167 5111 3752 5185; baseline 0.001 -18"><span class='ocrx_word' id='word_1_742' title='bbox 2167 5114 2227 5168; x_wconf 80' lang='grc' dir='ltr'>ὃν</span> <span class='ocrx_word' id='word_1_743' title='bbox 2259 5111 2513 5183; x_wconf 74' lang='grc' dir='ltr'>ἐνόμιζεν</span> <span class='ocrx_word' id='word_1_744' title='bbox 2572 5112 2915 5182; x_wconf 80' lang='grc' dir='ltr'>ἀξιόκτητον,</span> <span class='ocrx_word' id='word_1_745' title='bbox 2953 5111 3155 5183; x_wconf 80' lang='grc' dir='ltr'>χρυσὸν</span> <span class='ocrx_word' id='word_1_746' title='bbox 3214 5113 3310 5166; x_wconf 72' lang='grc' dir='ltr'><strong>καὶ</strong></span> <span class='ocrx_word' id='word_1_747' title='bbox 3362 5115 3624 5185; x_wconf 82' lang='grc' dir='ltr'>ἄργυρον,</span> <span class='ocrx_word' id='word_1_748' title='bbox 3655 5116 3752 5169; x_wconf 78' lang='grc' dir='ltr'>καὶ</span> 
     </span>
    </p>
   </div>
   <div class='ocr_carea' id='block_1_107' title="bbox 2170 5201 3751 5274">
    <p class='ocr_par' dir='ltr' id='par_1_107' title="bbox 2170 5201 3751 5274">
     <span class='ocr_line' id='line_1_107' title="bbox 2170 5201 3751 5274; baseline 0.001 -19"><span class='ocrx_word' id='word_1_749' title='bbox 2170 5202 2424 5274; x_wconf 80' lang='grc' dir='ltr'>χιτῶνας,</span> <span class='ocrx_word' id='word_1_750' title='bbox 2453 5201 2547 5254; x_wconf 78' lang='grc' dir='ltr'>καὶ</span> <span class='ocrx_word' id='word_1_751' title='bbox 2578 5202 2913 5272; x_wconf 83' lang='grc' dir='ltr'>ἀμπεχόνας,</span> <span class='ocrx_word' id='word_1_752' title='bbox 2944 5202 3040 5254; x_wconf 75' lang='grc' dir='ltr'><strong>καὶ</strong></span> <span class='ocrx_word' id='word_1_753' title='bbox 3068 5203 3167 5255; x_wconf 86' lang='grc' dir='ltr'>ὅσα</span> <span class='ocrx_word' id='word_1_754' title='bbox 3193 5201 3293 5273; x_wconf 80' lang='grc' dir='ltr'>τῆς</span> <span class='ocrx_word' id='word_1_755' title='bbox 3327 5202 3610 5274; x_wconf 79' lang='grc' dir='ltr'>βασιλικῆς</span> <span class='ocrx_word' id='word_1_756' title='bbox 3634 5207 3751 5257; x_wconf 70' lang='grc' dir='ltr'>ἐστι</span> 
     </span>
    </p>
   </div>
   <div class='ocr_carea' id='block_1_108' title="bbox 2166 5293 3743 5367">
    <p class='ocr_par' dir='ltr' id='par_1_108' title="bbox 2166 5293 3743 5367">
     <span class='ocr_line' id='line_1_108' title="bbox 2166 5293 3743 5367; baseline 0.003 -19"><span class='ocrx_word' id='word_1_757' title='bbox 2166 5294 2316 5366; x_wconf 82' lang='grc' dir='ltr'>δῶρα</span> <span class='ocrx_word' id='word_1_758' title='bbox 2341 5293 2672 5365; x_wconf 82' lang='grc' dir='ltr'>φιλοτιμίας.</span> <span class='ocrx_word' id='word_1_759' title='bbox 2721 5295 2787 5347; x_wconf 86' lang='grc' dir='ltr'>Ἢ</span> <span class='ocrx_word' id='word_1_760' title='bbox 2810 5295 2867 5347; x_wconf 66' lang='grc' dir='ltr'>δὲ</span> <span class='ocrx_word' id='word_1_761' title='bbox 2922 5294 3040 5347; x_wconf 84' lang='grc' dir='ltr'>θεία</span> <span class='ocrx_word' id='word_1_762' title='bbox 3077 5296 3215 5366; x_wconf 85' lang='grc' dir='ltr'>γυνὴ</span> <span class='ocrx_word' id='word_1_763' title='bbox 3267 5296 3474 5350; x_wconf 80' lang='grc' dir='ltr'>τούτων</span> <span class='ocrx_word' id='word_1_764' title='bbox 3528 5298 3633 5367; x_wconf 81' lang='grc' dir='ltr'>ἔφη</span> <span class='ocrx_word' id='word_1_765' title='bbox 3667 5297 3743 5367; x_wconf 77' lang='grc' dir='ltr'>μὴ</span> 
     </span>
    </p>
   </div>
   <div class='ocr_carea' id='block_1_109' title="bbox 2167 5387 3755 5459">
    <p class='ocr_par' dir='ltr' id='par_1_109' title="bbox 2167 5387 3755 5459">
     <span class='ocr_line' id='line_1_109' title="bbox 2167 5387 3755 5459; baseline -0.001 -17"><span class='ocrx_word' id='word_1_766' title='bbox 2167 5388 2374 5442; x_wconf 87' lang='grc' dir='ltr'>δεῖσθαι</span> <span class='ocrx_word' id='word_1_767' title='bbox 2404 5403 2420 5418; x_wconf 76' lang='grc' dir='ltr'><strong>ο</strong></span> <span class='ocrx_word' id='word_1_768' title='bbox 2451 5388 2624 5458; x_wconf 88' lang='grc' dir='ltr'>μέγαν</span> <span class='ocrx_word' id='word_1_769' title='bbox 2680 5387 2735 5439; x_wconf 73' lang='grc' dir='ltr'>δὲ</span> <span class='ocrx_word' id='word_1_770' title='bbox 2775 5387 3025 5456; x_wconf 76' lang='grc' dir='ltr'>ἡγεῖσθαι</span> <span class='ocrx_word' id='word_1_771' title='bbox 3079 5387 3287 5457; x_wconf 84' lang='grc' dir='ltr'>μισθὸν,</span> <span class='ocrx_word' id='word_1_772' title='bbox 3336 5388 3433 5459; x_wconf 83' lang='grc' dir='ltr'>τὴν</span> <span class='ocrx_word' id='word_1_773' title='bbox 3467 5389 3564 5459; x_wconf 83' lang='grc' dir='ltr'><strong>τῆς</strong></span> <span class='ocrx_word' id='word_1_774' title='bbox 3598 5390 3755 5441; x_wconf 69' lang='grc' dir='ltr'>εὐσε-</span> 
     </span>
    </p>
   </div>
   <div class='ocr_carea' id='block_1_110' title="bbox 2173 5479 3753 5553">
    <p class='ocr_par' dir='ltr' id='par_1_110' title="bbox 2173 5479 3753 5553">
     <span class='ocr_line' id='line_1_110' title="bbox 2173 5479 3753 5553; baseline 0.001 -20"><span class='ocrx_word' id='word_1_775' title='bbox 2173 5479 2322 5544; x_wconf 78' lang='grc' dir='ltr'>ϐείας</span> <span class='ocrx_word' id='word_1_776' title='bbox 2369 5481 2686 5549; x_wconf 79' lang='grc' dir='ltr'>ἐπίγνωσιν.</span> <span class='ocrx_word' id='word_1_777' title='bbox 2721 5479 2831 5531; x_wconf 76' lang='grc' dir='ltr'>Καὶ</span> <span class='ocrx_word' id='word_1_778' title='bbox 2891 5480 3231 5551; x_wconf 89' lang='grc' dir='ltr'>προσέφερεν</span> <span class='ocrx_word' id='word_1_779' title='bbox 3271 5481 3348 5545; x_wconf 82' lang='grc' dir='ltr'><strong>ὡς</strong></span> <span class='ocrx_word' id='word_1_780' title='bbox 3379 5485 3507 5553; x_wconf 79' lang='grc' dir='ltr'>ἐνῆν</span> <span class='ocrx_word' id='word_1_781' title='bbox 3536 5482 3604 5536; x_wconf 77' lang='grc' dir='ltr'><strong>τά</strong></span> <span class='ocrx_word' id='word_1_782' title='bbox 3634 5482 3753 5535; x_wconf 87' lang='grc' dir='ltr'>θεῖα</span> 
     </span>
    </p>
   </div>
   <div class='ocr_carea' id='block_1_111' title="bbox 1765 5657 2441 5719">
    <p class='ocr_par' dir='ltr' id='par_1_111' title="bbox 1765 5657 2441 5719">
     <span class='ocr_line' id='line_1_111' title="bbox 1765 5657 2441 5719; baseline 0.001 -5"><span class='ocrx_word' id='word_1_783' title='bbox 1765 5657 2001 5714; x_wconf 67' lang='grc' dir='ltr'><strong>ἾΑΒΙᾹΞ</strong></span> <span class='ocrx_word' id='word_1_784' title='bbox 2032 5659 2328 5719; x_wconf 84' lang='lat' dir='ltr'><strong>LECTION</strong></span> <span class='ocrx_word' id='word_1_785' title='bbox 2337 5660 2441 5716; x_wconf 87' lang='lat' dir='ltr'><strong>ES.</strong></span> 
     </span>
    </p>
   </div>
   <div class='ocr_carea' id='block_1_112' title="bbox 564 5751 1354 5825">
    <p class='ocr_par' dir='ltr' id='par_1_112' title="bbox 564 5751 1354 5825">
     <span class='ocr_line' id='line_1_112' title="bbox 564 5751 1354 5825; baseline -0.005 -17"><span class='ocrx_word' id='word_1_786' title='bbox 564 5756 610 5825; x_wconf 50' lang='lat' dir='ltr'><strong>T’</strong></span> <span class='ocrx_word' id='word_1_787' title='bbox 644 5753 763 5825; x_wconf 75' lang='grc' dir='ltr'>τὴν</span> <span class='ocrx_word' id='word_1_788' title='bbox 807 5752 962 5807; x_wconf 89' lang='lat' dir='ltr'><strong>abest</strong></span> <span class='ocrx_word' id='word_1_789' title='bbox 990 5768 1033 5825; x_wconf 74' lang='lat' dir='ltr'><strong>_a</strong></span> <span class='ocrx_word' id='word_1_790' title='bbox 1064 5751 1225 5825; x_wconf 83' lang='lat' dir='ltr'><strong>_Bas_._</strong></span> <span class='ocrx_word' id='word_1_791' title='bbox 1260 5751 1354 5825; x_wconf 68' lang='lat' dir='ltr'><strong>Gr.</strong></span> 
     </span>
    </p>
   </div>
   <div class='ocr_carea' id='block_1_113' title="bbox 494 5820 1491 5894">
    <p class='ocr_par' dir='ltr' id='par_1_113' title="bbox 494 5820 1491 5894">
     <span class='ocr_line' id='line_1_113' title="bbox 494 5820 1491 5894; baseline -0.001 -18"><span class='ocrx_word' id='word_1_792' title='bbox 494 5820 534 5852; x_wconf 64' lang='grc' dir='ltr'><strong>ἰ</strong></span> <span class='ocrx_word' id='word_1_793' title='bbox 560 5820 711 5878; x_wconf 74' lang='grc' dir='ltr'>θεόνξ</span> <span class='ocrx_word' id='word_1_794' title='bbox 744 5824 910 5878; x_wconf 83' lang='lat' dir='ltr'><strong>Idem.</strong></span> <span class='ocrx_word' id='word_1_795' title='bbox 986 5823 1030 5854; x_wconf 81' lang='grc'><em>³³</em></span> <span class='ocrx_word' id='word_1_796' title='bbox 1059 5821 1263 5890; x_wconf 79' lang='grc' dir='ltr'>δοριάλ.</span> <span class='ocrx_word' id='word_1_797' title='bbox 1302 5821 1491 5894; x_wconf 87' lang='lat' dir='ltr'><strong>Steph.</strong></span> 
     </span>
    </p>
   </div>
   <div class='ocr_carea' id='block_1_114' title="bbox 1976 5991 2012 6049">
    <p class='ocr_par' dir='ltr' id='par_1_114' title="bbox 1976 5991 2012 6049">
     <span class='ocr_line' id='line_1_114' title="bbox 1976 5991 2012 6049; baseline 0 0"><span class='ocrx_word' id='word_1_798' title='bbox 1976 5991 2012 6049; x_wconf 92' lang='lat'>\</span> 
     </span>
    </p>
   </div>
   <div class='ocr_carea' id='block_1_115' title="bbox 1468 5752 2958 5833">
    <p class='ocr_par' dir='ltr' id='par_1_115' title="bbox 1468 5752 2958 5833">
     <span class='ocr_line' id='line_1_115' title="bbox 1468 5752 2958 5833; baseline 0.004 -25"><span class='ocrx_word' id='word_1_799' title='bbox 1468 5754 1514 5787; x_wconf 75' lang='grc'><strong>’⁸</strong></span> <span class='ocrx_word' id='word_1_800' title='bbox 1542 5753 1886 5826; x_wconf 81' lang='grc' dir='ltr'>δοριάλωτος.</span> <span class='ocrx_word' id='word_1_801' title='bbox 1924 5756 2126 5830; x_wconf 45' lang='grc' dir='ltr'>διερῇ..</span> <span class='ocrx_word' id='word_1_802' title='bbox 2194 5762 2263 5829; x_wconf 16' lang='grc' dir='ltr'><strong>Δι’</strong></span> <span class='ocrx_word' id='word_1_803' title='bbox 2289 5752 2630 5833; x_wconf 75' lang='grc' dir='ltr'>ἀρῤωστοῦν.</span> <span class='ocrx_word' id='word_1_804' title='bbox 2657 5754 2825 5814; x_wconf 86' lang='lat' dir='ltr'><strong>Basil.</strong></span> <span class='ocrx_word' id='word_1_805' title='bbox 2864 5756 2958 5814; x_wconf 88' lang='lat' dir='ltr'><strong>Gr.</strong></span> 
     </span>
    </p>
   </div>
   <div class='ocr_carea' id='block_1_116' title="bbox 3065 5759 3747 5818">
    <p class='ocr_par' dir='ltr' id='par_1_116' title="bbox 3065 5759 3747 5818">
     <span class='ocr_line' id='line_1_116' title="bbox 3065 5759 3747 5818; baseline 0.004 -4"><span class='ocrx_word' id='word_1_806' title='bbox 3065 5759 3109 5792; x_wconf 79' lang='grc' dir='ltr'><strong>³ο</strong></span> <span class='ocrx_word' id='word_1_807' title='bbox 3141 5760 3533 5818; x_wconf 79' lang='grc' dir='ltr'>κατακλίνασα.</span> <span class='ocrx_word' id='word_1_808' title='bbox 3584 5759 3747 5817; x_wconf 75' lang='lat' dir='ltr'><strong>Idem.</strong></span> 
     </span>
    </p>
   </div>
  </div>
