4098 6412
393 463 506 527 973

1413 463 2005 527 ECCLESIASTICE
2040 463 2424 524 HISTORIzE
2454 465 2601 525 LIB.
2636 465 2683 523 Ι.

3559 466 3669 530 οτι

400 575 769 647 παιδεύματα,
805 578 898 632 καὶ
930 576 1072 632 θεῖον
1099 580 1379 650 ἀνεγεῖραι
1414 583 1702 652 παρεγγυᾷ
1728 579 1862 635 νεὼν
1895 579 1973 650 τῷ

2085 577 2382 635 curationis
2418 578 2788 633 allmiratione
2829 576 3097 647 perculit;
3160 583 3274 631 tum
3327 577 3455 641 Dei,
3496 595 3661 650 quem

390 666 921 740 σεσωκότιΧριστῷ.
945 666 1059 742 [56]
1085 668 1300 724 Τούτων
1327 671 1512 743 ἐκείνη
1538 671 1984 736 ἀκούσασα,κατ-

398 757 561 815 ἔλαϐε
592 757 663 810 τὰ
703 757 966 827 βασίλεια,
1001 760 1097 815 καὶ
1128 761 1442 833 παραυτίκα
1483 761 1581 833 μὲν
1605 760 1865 832 ἐξέπληξε
1890 760 1981 815 τὸν

388 846 647 920 ὁμόζυγα
661 849 739 920 τῷ
755 851 1003 923 συντόμῳ
1023 853 1121 924 τῆς
1141 853 1455 924 θεραπείας·
1478 850 1600 909 εἶτα
1615 854 1709 907 τοῦ
1734 852 1867 907 Θεοῦ
1884 853 1983 924 τῆς

399 940 750 1012 αἰχμαλώτου
784 943 884 1014 τὴν
910 944 1140 1015 δύναμιν
1171 946 1385 1017 ἐδήλου,
1412 946 1509 999 καὶ
1540 945 1841 1017 παρεκάλει
1864 943 1983 996 τοῦ·

398 1049 488 1085 τον
518 1032 677 1102 μόνον
699 1032 897 1087 εἰδέναι
925 1034 1079 1102 Θεὸν,
1103 1036 1196 1089 κα)⁸
1217 1035 1354 1091 νεὼν
1372 1037 1521 1109 αύτῷ
1542 1035 1978 1109 παρασκευάσαι,

397 1124 495 1176 καὶ
534 1122 683 1178 ἅπαν
716 1125 796 1187 είς
825 1124 921 1191 τὴν
946 1126 1140 1180 τούτου
1152 1129 1205 1161 ³³
1230 1128 1531 1200 θεραπείαν
1574 1126 1889 1198 μεταθεῖναι
1918 1126 1981 1179 τὸ

396 1215 572 1280 ἔθνος.
614 1216 674 1269 '0
694 1217 753 1270 δὲ
782 1217 842 1270 τὸ
874 1219 972 1288 μὲν
998 1219 1080 1283 είς
1116 1220 1216 1290 τὴν
1258 1220 1503 1292 ὁμόζυγα
1533 1221 1722 1291 θαῦμα
1751 1233 1980 1288 γεγενη-

393 1305 563 1377 μένον
615 1307 857 1378 εὐφήμει
885 1327 896 1339 ·
928 1309 1018 1363 τὸν
1050 1311 1110 1364 δὲ
1150 1310 1285 1365 νεὼν
1325 1313 1425 1366 ούκ
1452 1312 1615 1384 ἤθελε
1660 1309 1973 1381 δείμασθαι.

409 1399 625 1468 Ὀλίγου
653 1400 710 1453 δὲ
743 1399 1040 1465 διελθόντος
1067 1403 1283 1475 χρόνου,
1335 1405 1499 1467 αὐτὸς
1557 1404 1654 1474 μὲν
1682 1405 1762 1467 εἰς
1804 1402 1976 1471 θήραν

398 1488 641 1558 ἐξῆλθεν.
677 1489 736 1543 Ὁ
773 1490 831 1543 δὲ
879 1490 1260 1563 φιλάνθρωπος
1304 1493 1467 1547 αὐτὸν
1504 1494 1782 1565 Δεσπότης
1833 1493 1977 1548 κατά

394 1582 489 1637 τὴν
541 1580 754 1636 Παῦλον
798 1583 1082 1653 ὲθήρευσε.
1115 1587 1284 1657 Ζόφος
1331 1589 1439 1658 γὰρ
1472 1586 1622 1658 αὐτῷ
1640 1588 1685 1621 ³⁵
1717 1588 1977 1659 ἐξαπίνης

409 1672 746 1743 προσπεσὼν,
781 1673 882 1727 ούκ
920 1673 1007 1728 εία
1054 1676 1387 1748 πορρωτέρω
1405 1678 1450 1710 ³⁵
1481 1677 1817 1749 προϐαίνειν.
1865 1677 1977 1731 Καὶ

395 1767 448 1817 οἰ
478 1765 577 1836 μὲν
607 1764 930 1836 θηρεύοντες
946 1767 995 1799 ³⁸
1016 1766 1118 1837 τῆς
1142 1769 1358 1832 ἀκτῖνος
1385 1768 1631 1840 συνήθως
1654 1769 1933 1838 ἀπήλαυον
1957 1784 1973 1800 ο

398 1848 552 1922 οὗτος
586 1858 643 1911 δὲ
677 1859 835 1928 μόνος
866 1858 1282 1930 nomen",
1313 1863 1427 1924 τοῖς
1455 1860 1557 1931 τῆς
1584 1861 1850 1933 ἁορασίας
1873 1863 1973 1915 e7:-

398 1947 555 2020 εδὲθη
609 1949 851 2020 δεσμοῖς.
896 1951 984 2003 Ἐν
1009 1950 1213 2022 ἀπορίᾳ
1236 1950 1295 2005 δὲ
1344 1950 1442 2017 ὢν,
1489 1952 1655 2024 πόρον
1705 1947 1832 2024 εὗρε
1880 1955 1980 2023 τῆς

394 2039 675 2111 σωτηρίας
699 2057 713 2071 ·
752 2041 913 2105 εὐθὺς
936 2042 1045 2111 γὰρ
1067 2045 1146 2106 εἰς
1173 2042 1298 2095 νοῦν
1327 2043 1427 2116 τὴν
1456 2043 1742 2099 ἀπείθειαν
1774 2043 1982 2111 λαϐὼν,

391 2131 613 2191 καὶτὸν
641 2130 745 2201 τῆς
801 2132 1152 2203 αἰχμαλώτου
1198 2134 1333 2189 Θεὸν
1390 2136 1626 2201 καλέσας
1667 2136 1978 2210 ἐπίκουρον,

396 2223 692 2294 ἀπηλλάγη
741 2224 836 2278 τοῦ
888 2225 1076 2296 ζόφου,
1119 2227 1214 2281 καὶ
1243 2227 1342 2298 τὴν
1388 2227 1714 2299 ἀξιάγαστον
1767 2230 1982 2302 ἐκείνην

396 2316 729 2371 καταλαϐὼν
765 2318 1102 2391 δορυάλωτον
1125 2320 1193 2384 ³⁸,
1229 2322 1530 2392 παρεκάλει
1563 2323 1732 2388 δεῖξαι
1772 2323 1870 2396 τῆς
1899 2326 1980 2378 οἰ-

399 2407 657 2478 κοδομίας
684 2408 747 2462 τὸ
781 2410 988 2480 σχῆμα.
1034 2410 1093 2465 '0
1122 2412 1179 2465 δὲ
1203 2411 1292 2467 τὸν
1332 2414 1597 2486 Βεσελεὴλ
1634 2414 1736 2486 τῆς
1762 2416 1981 2488 ἀρχιτε-

395 2504 655 2573 κτονικῆς
679 2498 869 2571 σοφίας
893 2503 1182 2575 ἐμπλήσας
1204 2507 1270 2571 ⁸³,
1304 2507 1397 2560 καὶ
1419 2508 1625 2578 ταύτην
1660 2507 1861 2578 ἠξίωσε
1885 2509 1983 2580 χά-

392 2611 572 2665 ριτος,
626 2594 703 2658 ὡς
749 2596 845 2649 τὸν
901 2595 1046 2651 θεῖον
1100 2597 1397 2669 διαγράψαι
1444 2597 1604 2654 νεών.
1655 2602 1768 2655 Καὶ
1807 2603 1841 2674 ἠ
1883 2602 1982 2673 μὲν

394 2687 692 2760 διέγραφεν
711 2706 726 2722 ο
749 2690 799 2742 οἱ
828 2689 883 2743 δὲ
914 2688 1156 2761 ὢρυττόν
1178 2708 1238 2745 τε
1264 2694 1359 2746 καὶ
1385 2692 1719 2764 ᾠκοδόμουν,
1760 2695 1984 2767 Ἐπειδὴ

390 2780 456 2834 δὲ
484 2780 740 2850 ἐτελέσθη
769 2781 830 2834 τὸ
848 2781 1207 2855 οἰκοδόμημα,
1241 2785 1335 2838 καὶ
1364 2785 1561 2857 δροφος
1588 2786 1844 2859 ἐπετέθη,
1889 2788 1985 2842 καὶ

401 2876 578 2945 μόνων
610 2875 780 2928 ἐδεῖτο
815 2874 925 2929 τῶν
962 2875 1171 2948 ἱερέων,
1218 2869 1347 2949 εὗρε
1386 2879 1484 2932 καὶ
1507 2878 1699 2934 τούτου
1750 2879 1920 2953 πόρον
1949 2881 1982 2953 ἡ

394 2968 678 3038 θαυμασία
698 2969 858 3039 γυνή.
880 2966 1109 3021 Ἐπεισε
1140 2968 1251 3041 γὰρ
1278 2969 1373 3024 τοῦ
1401 2970 1590 3036 ἔθνους
1612 2973 1705 3025 τὸν
1742 2972 1985 3043 ἡγούμε-

392 3062 549 3115 νον⁸⁰
584 3061 720 3133 πρὸς
767 3061 859 3114 τὸν
903 3061 1193 3133 Ῥωμαίων
1232 3064 1675 3135 πρεσϐεύσασθαι
1717 3064 1983 3135 βασιλέα,

397 3154 495 3208 καὶ
530 3149 923 3221 αἰτήσασθαι⁸¹
956 3152 1277 3224 πεμφθῆναι
1307 3153 1458 3223 σφίσι
1485 3154 1808 3209 διδάσκαλον
1841 3156 1986 3211 εύσεο

2084 669 2298 740 captiva
2355 670 2601 735 colebat,
2658 668 2959 739 potentiam
3014 669 3263 739 aperuit,
3318 670 3559 727 suadens
3607 681 3667 727 ut

2084 760 2230 817 hunc
2257 763 2430 817 solum
2471 760 2639 816 Deum
2672 769 2965 831 agnoscat,
3006 763 3383 834 templumque
3417 763 3495 818 illi
3532 763 3667 819 sedi-

2082 852 2205 907 ﬁert
2231 894 2243 913 .
2276 868 2340 906 ac
2372 864 2591 924 gentem
2624 853 2941 909 universam
2967 853 3033 907 ad
3068 853 3189 925 ejus
3225 855 3431 909 cultum
3471 855 3665 911 tradu-

2077 954 2189 1000 cat.
2220 946 2289 999 At
2321 946 2411 1000 illc
2452 953 2721 1016 patratum
2757 945 2809 1000 in
2840 962 3011 1002 uxore
3039 947 3367 1002 miraculum
3400 948 3667 1004 laudabat

2081 1034 2303 1105 quidem
2352 1036 2727 1103 vehementer,
2759 1044 3021 1091 ca-terum
3075 1037 3351 1093 aediﬁcare
3400 1039 3663 1110 templum

2082 1138 2192 1179 non
2221 1124 2451 1194 placuit.
2482 1123 2699 1179 Modico
2736 1133 2982 1195 tempore
3022 1126 3309 1196 interjecto
3330 1168 3344 1192 ,
3387 1129 3453 1183 ad
3486 1144 3657 1184 vena-

2081 1217 2289 1271 tionem
2325 1216 2603 1271 conccssit
2643 1234 2657 1271 :
2708 1216 2803 1272 sed
2836 1217 2990 1272 illum
3038 1219 3309 1289 benignus
3354 1218 3622 1278 Dominus
3646 1262 3663 1286 ,

2080 1309 2226 1366 sicut
2255 1308 2385 1363 olim
2432 1306 2662 1363 Paulum
2687 1349 2702 1374 ,
2740 1309 2858 1379 ipse
2888 1318 3119 1365 venatus
3151 1318 3255 1367 est.
3304 1310 3440 1366 Nam
3484 1314 3666 1386 caligo

2079 1410 2302 1472 repente
2357 1402 2531 1460 oﬂ‘usa
2584 1402 2801 1471 longius
2836 1418 2960 1458 eum
2999 1402 3256 1473 progredi
3303 1405 3477 1460 vetuit
3534 1424 3548 1459 :
3607 1416 3664 1463 et

2077 1509 2205 1550 cum
2238 1493 2438 1565 reliqui
2467 1502 2765 1551 venatores
2799 1494 2963 1551 solita
2991 1495 3114 1550 lucc
3139 1493 3481 1562 fruerentur,
3513 1497 3667 1552 solus

2078 1588 2198 1660 ipse
2233 1588 2575 1659 interceptus
2610 1587 2880 1643 cmcitatis
2911 1587 3153 1643 vinculis
3185 1587 3525 1643 constrictus
3558 1600 3660 1643 cst.

2077 1680 2137 1736 in
2185 1681 2288 1737 has
2338 1681 2599 1737 redactus
2658 1680 2945 1752 angustias
2998 1680 3143 1734 viam
3188 1681 3385 1735 salutis
3429 1680 3664 1736 invenit.

2077 1771 2273 1826 Statim
2302 1772 2447 1826 enim
2497 1770 2824 1826 recordatus
2857 1768 3258 1825 incredulitatis
3291 1784 3431 1836 sum,
3468 1767 3671 1825 Deum-

2081 1881 2189 1936 que
2215 1865 2444 1935 captivae
2467 1863 2776 1933 adjutorem
2806 1863 3072 1918 invocans
3090 1902 3103 1928 ,
3132 1862 3310 1918 lucem
3336 1863 3580 1934 recepit,
3611 1872 3667 1919 et

2088 1956 2153 2011 ad
2203 1957 2478 2027 captivam
2512 1954 2658 2010 illam
2694 1954 3075 2009 admirabilem
3104 1953 3421 2025 profectus,
3457 1956 3670 2026 rogarit

2087 2056 2149 2104 ut
2191 2047 2515 2104 exstruendi
2547 2047 2734 2117 templi
2769 2045 3004 2102 formam
3038 2046 3377 2102 ostenderet.
3410 2045 3461 2103 ls
3480 2057 3665 2102 autem

2084 2143 2180 2215 qui
2211 2141 2548 2197 Beseleelem
2602 2139 3035 2195 architectonica
3088 2140 3319 2195 scientia
3360 2139 3668 2197 imbuerat.

2088 2235 2216 2289 huic
2243 2247 2465 2304 quoque
2490 2231 2721 2303 gratiam
2746 2230 3011 2296 indulsit,
3038 2239 3098 2285 ut
3126 2230 3376 2286 divinum
3407 2230 3669 2301 templum

2086 2331 2213 2395 apte
2257 2321 2621 2377 describeret.
2662 2318 2999 2391 Designabat
3053 2334 3186 2389 ergo
3219 2319 3370 2389 ipsa,
3424 2318 3505 2374 illi
3539 2334 3671 2375 vero

2084 2414 2369 2470 fodiebant
2401 2419 2457 2467 et
2499 2410 2865 2467 aediﬁcabant.
2918 2410 3088 2482 808
3140 2409 3440 2483 Postquam
3490 2411 3673 2484 perfe-

2084 2515 2236 2561 ctum
2263 2513 2346 2560 est
2375 2502 2666 2559 tediﬁcium
2693 2543 2708 2565 ,
2732 2509 3050 2573 tectumque
3085 2503 3402 2573 impositum
3423 2543 3439 2569 ,
3475 2511 3533 2560 et
3564 2507 3667 2560 soli

2087 2596 2403 2654 sacerdotes
2435 2594 2917 2659 desiderabantur,
2964 2595 3070 2649 hoc
3097 2596 3261 2649 etiam
3284 2594 3445 2652 facile
3472 2596 3659 2651 divina

2085 2689 2286 2745 mulier
2318 2686 2618 2758 expedivit.
2660 2684 2799 2739 Nam
2834 2686 2947 2755 regi
3005 2688 3326 2757 persuasit,
3380 2695 3438 2742 ut
3465 2688 3673 2760 legatos

2086 2783 2154 2837 ad
2202 2780 2580 2836 Romanorum
2633 2782 3020 2850 imperatorem
3056 2779 3335 2845 mitteret,
3390 2780 3460 2835 ab
3500 2794 3675 2851 eoque

2086 2874 2313 2946 pietatis
2337 2873 2619 2930 doctorem
2648 2870 2719 2928 ad
2749 2887 2809 2927 se
2833 2871 2974 2925 mitti
3007 2869 3332 2940 postularet.
3356 2864 3515 2938 Quod
3537 2887 3676 2928 con-

2088 2964 2277 3023 silium
2309 2980 2405 3020 rex
2428 2968 2445 2987 '
2476 2963 2858 3033 amplexatus,
2896 2960 3106 3033 legatos
3136 2961 3451 3018 destinavit.
3480 2964 3662 3035 Impe-

2089 3067 2241 3115 rator
2264 3074 2396 3116 vero
2421 3055 2704 3129 petitionis
2742 3069 2912 3111 causa
2940 3055 3225 3111 intellecta
3251 3056 3675 3126 (Constantinus

2088 3160 2270 3208 autem
2297 3151 2388 3206 hic
2412 3157 2553 3213 erat,
2575 3146 3003 3204 ardentissimus
3032 3147 3124 3203 ille
3148 3156 3364 3203 amator
3387 3149 3680 3220 pietatis”

324 3286 327 3289 .
392 3244 572 3308 ϐείας.
624 3245 684 3297 Ὀ
740 3244 839 3315 μὲν
886 3239 978 3298 οὖν
1041 3243 1333 3316 δεξάμενος
1382 3247 1483 3317 τὴν
1529 3248 1815 3319 εἰσήγησιν
1862 3249 1981 3313 τοὺς

2095 3259 2309 3302 summa
2341 3241 2686 3297 humanitate
2703 3238 2913 3310 legatos
2935 3240 3188 3308 excepit,
3218 3238 3509 3303 virumque
3532 3238 3637 3295 fide
3655 3278 3673 3305 ,

397 3335 905 3409 πρεσϐευσομένους
965 3336 1294 3408 ἐξέπεμψεν.
1352 3337 1412 3390 '0
1463 3338 1518 3392 δὲ
1572 3337 1828 3409 βασιλεὺς
1880 3340 1981 3412 τῆς

393 3430 670 3501 αἰτήσεως
708 3429 809 3500 τὴν
843 3427 1023 3482 αἰτίαν
1057 3427 1265 3499 μαθὼν,
1296 3430 1708 3495 Κωνσταντίνος
1741 3432 1800 3486 δὲ
1832 3427 1926 3503 ἦν,
1954 3433 1983 3485 ὁ

390 3521 495 3591 τῆς
554 3519 840 3585 εὐσεϐείας
887 3519 1223 3592 θερμότατος
1265 3520 1523 3592 ἐραστὴς,
1578 3523 1985 3596 φιλοφροσύνης

396 3610 503 3681 μὲν
549 3610 887 3680 παμπόλλης
948 3612 1074 3674 τοὺς
1126 3610 1390 3682 πρέσϐεις
1435 3613 1700 3681 ἠξίωσεν·
1727 3615 1896 3684 ἄνδρα
1922 3614 1987 3669 δὲ

397 3703 604 3767 πίστει,
638 3705 734 3756 καὶ
772 3702 1013 3767 συνέσει,
1048 3705 1144 3757 καὶ
1173 3703 1274 3775 βίῳ
1307 3702 1706 3775 κοσμούμενον,
1754 3706 1851 3760 καὶ
1883 3707 1984 3777 τῆς

396 3789 814 3862 ἀρχιερωσύνης
845 3791 1171 3862 ἠξιωμένον,
1206 3791 1428 3863 κήρυκα
1460 3792 1540 3863 τῷ
1569 3792 1715 3846 ἔθνει
1741 3794 1842 3863 τῆς
1868 3792 1985 3847 θεον

395 3885 640 3953 γνωσίας
697 3883 996 3954 ἐξέπεμψε,
1041 3883 1183 3954 μετά
1226 3882 1414 3955 δώρων
1444 3884 1526 3937 ὅτι
1564 3883 1801 3954 μάλιστα
1835 3883 1987 3938 πλεί-

401 3991 566 4029 στων.
590 3974 807 4045 Ταύτης
833 3975 929 4044 μὲν
951 3970 1046 4027 οῦν
1074 3974 1175 4045 τῆς
1204 3973 1546 4045 προμηθείας
1565 3974 1690 4039 τοὺς
1712 3975 1987 4047 ᾐτηκότας

390 4067 621 4138 ἠξίωσε.
659 4067 779 4120 Τῶν
809 4068 867 4122 ὲν
897 4067 1119 4137 Περσίδι
1146 4067 1204 4121 δὲ
1228 4069 1329 4138 τῆς
1374 4066 1661 4132 εὐσεϐείας
1700 4069 1985 4141 τροφίμων

400 4157 725 4230 αὐτομάτως
751 4157 1082 4230 προύνοήθη.
1124 4158 1330 4213 Μαθὼν
1371 4158 1477 4231 γὰρ
1507 4160 1705 4225 αὐτοὺς
1729 4161 1837 4215 ὑπὸ
1876 4161 1987 4216 τῶν

398 4250 679 4304 δυσσεϐὧν
697 4249 1099 4318 ἐξελαύνεσθαι,
1124 4248 1354 4324 [571x11
1377 4250 1468 4304 τὸν
1498 4251 1721 4306 ἐκείνων
1738 4234 1985 4325 βασιλέα,

2086 3337 2339 3395 doctrina
2398 3341 2454 3391 et
2528 3333 2640 3389 vita
2709 3331 3172 3399 ornatissimum,
3263 3333 3677 3405 episcopalique

2088 3431 2304 3487 honore
2334 3426 2660 3497 insignitum
2684 3466 2703 3493 ,
2745 3423 2950 3481 divinae
2988 3424 3324 3497 cognitionis
3360 3438 3672 3495 praeconem

2091 3521 2336 3578 futurum
2363 3533 2488 3575 cum
2520 3517 2681 3574 donis
2704 3516 3135 3589 quamplurimis
3161 3515 3332 3573 misit.
3355 3513 3517 3572 Hunc
3546 3530 3677 3587 ergo

2091 3609 2147 3664 in
2215 3605 2436 3663 modum
2492 3604 2617 3661 istis
2681 3619 2808 3660 cum
2871 3604 3221 3677 postularent
3266 3604 3570 3676 prospexit.
3612 3607 3680 3659 At

2088 3699 2373 3771 religionis
2396 3697 2748 3753 alumnarum
2775 3736 2791 3761 ,
2829 3697 2924 3767 qui
2952 3696 3008 3752 in
3032 3697 3264 3754 Perside
3286 3697 3678 3760 versabantur,

2089 3809 2191 3850 sua
2240 3793 2358 3863 ipse
2392 3797 2589 3860 sponte
2615 3802 2807 3844 curam
2856 3789 3049 3860 gessit.
3104 3788 3241 3845 Cum
3268 3789 3421 3845 enim
3474 3789 3682 3844 certior

2091 3885 2269 3942 factus
2304 3891 2451 3941 esset
2499 3883 2624 3938 illos
2673 3882 2741 3937 ab
2790 3882 2974 3953 impiis
3024 3881 3270 3938 divexari
3301 3921 3316 3947 ,
3377 3895 3680 3953 regemque

2088 3977 2266 4034 errori
2312 3975 2558 4031 deditum
2582 3973 2817 4030 occultis
2845 3988 2943 4030 eos
2973 3972 3191 4029 insidiis
3230 3972 3631 4029 circumvenire
3658 4013 3674 4035 .

2090 4072 2308 4126 litteras
2346 4067 2411 4122 ad
2445 4082 2568 4123 eum
2623 4065 2891 4136 scripsit,
2946 4066 3152 4136 quibus
3202 4073 3262 4121 ct
3300 4065 3366 4120 ad
3418 4065 3675 4136 pietatem

2101 4157 2538 4231 amplectendam
2594 4155 2940 4220 hortabatur,
2991 4163 3048 4210 et
3091 4162 3154 4208 ut
3203 4152 3328 4224 ejus
3369 4154 3675 4211 cultoribus

2097 4254 2364 4308 honorem
2420 4247 2650 4304 haberet
2696 4247 3034 4318 postulabat.
3085 4245 3192 4301 Sed
3225 4246 3525 4302 scribentis
3554 4254 3678 4302 stu-

401 4346 468 4415 τῇ
499 4343 679 4415 πλάνῃ
696 4341 1113 4413 δεδουλωμένον,
1140 4343 1493 4408 παντοδαπὰς
1515 4345 1698 4409 αύτοίς
1732 4345 1981 4401 καττύειν

2099 4343 2250 4400 dium
2283 4340 2481 4396 melius
2510 4338 2744 4410 epistola
2771 4339 2889 4409 ipsa
2921 4337 3248 4393 declarabit.

398 4437 715 4503 ἐπιϐουλὰς,
748 4436 1034 4493 ἀπέστειλε
1054 4436 1124 4504 δ’,
1155 4440 1250 4493 καὶ
1305 4438 1590 4511 παραινῶν
1638 4441 1905 4511 εὐσεϐεῖν,
1940 4443 2036 4498 xui.
2089 4441 2214 4504 τοὺς
2256 4434 2618 4500 εὐσεϐοῦντας
2651 4434 2816 4505 τιμῆς
2860 4433 3154 4488 ἀπολαύειν
3186 4433 3375 4488 αἰτῶν.
3418 4433 3679 4503 Ἄμεινον

400 4531 584 4605 δὲτὴν
606 4532 703 4587 τοῦ
753 4533 1095 4605 γεγραφότος
1146 4535 1384 4607 σπουδὴν
1442 4536 1699 4602 ἐπιδείξει
1732 4538 1777 4570 ⁵³
1836 4541 1907 4593 τὰ
1962 4541 2287 4611 γράμματα.

981 4627 1236 4683 ΚΕΦΔΛ.
1275 4629 1401 4684 KA'.

398 4718 726 4788 Ἐπιστολὴ
761 4720 1218 4774 Κωνσταντινου
1256 4718 1564 4787 ,βασιλέως
1605 4721 1754 4787 πρὸς
1786 4721 1991 4776 Σακὼ-

452 4788 658 4861 ,ρηνξδ
707 4787 831 4861 ter,
863 4787 1112 4861 Περσῶν
1141 4789 1431 4861 βασιλέα,
1480 4791 1612 4858 περί
1648 4790 1761 4861 τῆς
1785 4792 1830 4825 ⁸⁸
1881 4792 1987 4847 τοῦ

474 4858 630 4914 λαοῦ
654 4859 762 4915 τοῦ
803 4858 952 4913 Θεοῦ
984 4860 1293 4926 προνοίας.

483 4970 504 5003 ι
530 4950 640 5022 Τὴν
657 4950 806 5005 θείαν
829 4950 1012 5004 πίστιν
1031 4949 1341 5019 φυλάσσων,
1357 4949 1451 5007 τοῦ
1465 4951 1566 5023 τῆς
1591 4951 1849 5025 ἀληθείας
1872 4970 1987 5023 φω-

402 5039 499 5102 τὸς
531 5039 952 5110 μεταλαγχάνωο
988 5039 1067 5111 τῷ
1113 5039 1372 5109 ἀληθείας
1412 5040 1552 5111 φωτὶ
1588 5040 1982 5113 όδηγούμενος,

403 5132 504 5204 τὴν
537 5132 688 5187 θείαν
721 5132 902 5187 πίστιν
936 5133 1302 5204 ἑπιγινώσκω.
1334 5133 1626 5206 Τοιγάρτοι
1642 5133 1877 5202 τούτοις,
1905 5134 1982 5198 ὡς

405 5224 474 5280 τὰ
490 5224 792 5297 πράγματα
812 5224 1042 5295 βεϐαιοί,
1064 5227 1163 5299 τὴν
1189 5225 1500 5298 ἀγιωτάτην
1522 5225 1821 5299 θρησκείαν
1841 5242 1985 5295 γνω-

2695 4622 2848 4680 CAP.
2890 4620 3080 4677 XXIV.

2168 4716 2509 4775 Cooistantini
2544 4715 2884 4784 imperatoris
2912 4713 2982 4767 ad
3009 4711 3585 4784 SaporemgPersarum

2333 4802 2505 4858 regem
2532 4782 2877 4858 epiétolaLJe
2908 4784 3074 4858 ipsius
3099 4782 3428 4853 providentia

2614 4871 2742 4926 erga
2774 4853 2876 4910 Dei
2899 4852 3172 4924 populum.

2168 4968 2192 5003 ι
2214 4949 2465 5005 Divinam
2491 4945 2650 5003 ﬁdem
2678 4958 3041 5010 conservans,
3073 4944 3326 5001 veritatis
3349 4945 3526 5001 lucem
3556 4945 3675 5000 adi-

2091 5041 2312 5112 piscor;
2351 5039 2602 5095 veritatis
2632 5037 2808 5092 lucem
2841 5042 3064 5092 secutus
3098 5033 3293 5089 ducem
3321 5078 3335 5102 ,
3373 5034 3441 5093 ad
3471 5032 3678 5091 divinae

2090 5132 2257 5205 809
2288 5131 2412 5188 ﬁdei
2465 5128 2836 5201 cognitionem
2869 5126 3150 5199 pervenio.
3203 5124 3347 5182 illnc
3379 5139 3511 5198 ergo
3534 5165 3550 5190 ,
3610 5133 3671 5179 ut

2095 5238 2184 5281 res
2201 5223 2364 5280 docet
2388 5261 2405 5289 ,
2428 5220 2838 5281 sanctissimam
2863 5219 3182 5291 religionem
3210 5217 3548 5276 sanctissimi
3574 5214 3668 5271 Dei

1697 5359 1935 5419 VARIE
1988 5355 2392 5416 LECTIONES.

478 5522 526 5554 "
556 5517 743 5575 αὑτοῦ.
788 5517 951 5573 Basil.
976 5514 1070 5571 Gr.
1147 5517 1192 5548 ³⁸
1221 5517 1402 5571 αὐτόν.
1436 5515 1602 5571 Basil.
1635 5515 1753 5579 Gr.,
1815 5515 2004 5587 Steph.
2096 5514 2141 5547 ³³
2178 5514 2511 5585 περαιτέρω.
2572 5514 2696 5568 Bas.
2754 5514 2850 5566 Gr.
2928 5530 2930 5539 ε

484 5588 848 5656 ἀπολειφθείς.
897 5586 1215 5656 Christoph.
1322 5586 1368 5619 ³⁸
1399 5585 1605 5656 δοριαλ.
1663 5585 1856 5656 Steph.
1942 5586 2008 5656 7"
2035 5586 2340 5656 exuitque.
2394 5585 2522 5638 Bas.
2562 5580 2705 5656 _Gr..
2764 5580 2930 5656 Steph

2323 5624 2336 5638 ο
2394 5618 2522 5638 uua.
2586 5618 2705 5645 υιιο
2765 5618 2954 5645 υιυμυο

404 5593 454 5625 ³⁷
484 5588 848 5658 ἀπολειφθείςῗ
897 5586 1215 5658 (ἰὴιύειοριῃ
1322 5586 1368 5658 ιε
1399 5585 1605 5658 δοριαλ.
1644 5585 1856 5658 Steph.

412 5660 600 5716 iidem.
678 5655 987 5727 δίαίτῆσαι.
1019 5655 1144 5712 Bas.
1172 5655 1267 5712 Gr.
1344 5657 1388 5689 δ’
1422 5655 1724 5710 ἐπέστειλε.

410 5729 534 5795 Gr.,
564 5728 788 5798 Steph,
859 5727 906 5760 “
939 5724 1228 5798 Σαπώρην.
1266 5725 1431 5798 Basil.
1461 5724 1637 5798 Graec.
1668 5734 1723 5781 et

2096 5514 2141 5547 ³³
2178 5512 2511 5585 περαιτέρω.
2572 5511 2696 5568 Bas.
2754 5509 2850 5566 Gr.
2928 5511 2973 5543 "
3005 5508 3444 5633 συνθηρεύοντις.
3495 5507 3667 5563 Idem.

2096 5586 2336 5648 ιπλήσας.
2394 5585 2522 5638 Bas.
2584 5580 2705 5645 ατ..
2764 5580 2954 5648 Steph.
3051 5580 3097 5613 ⁵⁸
3125 5596 3156 5633 τ
3187 5597 3217 5631 ν
3265 5578 3360 5633 τοῦ
3421 5577 3532 5648 ὲθνζ
3575 5578 3667 5648 ήγ.

1813 5672 1893 5711 as.
1925 5655 2021 5710 Gr.
2081 5655 2127 5687 "
2147 5646 2675 5734 ἔπιδε-ἰξαιηοηιίεεο
2704 5646 2973 5706 vocabulo
2998 5666 3013 5705 :
3052 5649 3121 5732 τά
3146 5649 3470 5775 γριάμματα.
3500 5646 3668 5702 Basil.

1813 5734 1876 5775 ιι.
1969 5725 2015 5759 ⁸³
2039 5725 2167 5775 Haec
2203 5742 2217 5775 :
2252 5726 2381 5775 accol.
2405 5738 2525 5775 της.
2565 5732 2670 5775 etc.
2705 5721 2905 5775 absunt
2939 5735 2966 5773 a
2989 5718 3152 5774 Bastl.
3236 5735 3305 5775 r..
3356 5731 3453 5774 nec
3509 5715 3668 5771 habet

859 5718 906 5760 λι
939 5724 1228 5797 Σαπώρην.
1266 5725 1429 5797 Basil.
1461 5724 1637 5782 Graec.
1668 5725 1876 5797 etLat.
1969 5725 2015 5759 "
2039 5725 2167 5780 Haec
2203 5718 2525 5797 auspiciis,
2565 5721 2905 5797 etc.__absu_nt
2939 5735 2970 5797 a_
2989 5718 3152 5797 Basi|_.

3236 5715 3317 5782 νζ,
3356 5731 3453 5774 nec
3509 5715 3672 5771 habet

410 5785 533 5856 haec
554 5785 742 5860 verba,
778 5796 906 5853 huic
936 5785 1177 5867 sectio'nf
1200 5796 1252 5849 in
1287 5796 1657 5865 Stephaniana
1687 5796 1926 5854 editione
1968 5785 2363 5867 superscripta,
2397 5785 2558 5848 index
2587 5789 2790 5849 codicis
2824 5789 3086 5863 Stephan.
3122 5789 3173 5855 l,
3199 5789 3254 5844 in
3290 5803 3399 5859 quo
3427 5785 3666 5858 legitur:

412 5872 541 5943 περὶ
577 5868 686 5923 τῶν
737 5865 1076 5937 Χριστιανῶν
1120 5869 1412 5937 γραφεῖσα.
