4098 6402
297 472 400 537 977

1327 457 1922 555 ΕΟΟΕΕΞΙΑΞΤΤΟΑῈ
1953 454 2340 517 ΗῙΞΤΟΒΗΕ
2364 455 2508 515 LIB.
2538 453 2590 513 Ι.

3495 453 3598 515 978

299 585 528 642 ἐκείνων
571 580 667 634 ἕνα
730 577 974 650 ἠγοῦμαι
1042 575 1355 646 γεγονέναι,
1411 565 1772 644 ὃνκαθάπερ
1822 588 1900 635 τις

2011 565 2319 633 famosum,
2365 565 2512 638 quod
2545 563 2689 637 apud
2724 578 2821 620 vos
2851 570 3067 645 exstat,
3117 577 3220 620 suo
3247 551 3395 644 cum,
3424 562 3597 616 dedc-

299 674 544 749 σκηπτδς
579 676 610 744 ἡ
647 671 766 726 θεία
817 672 974 742 μῆνις
1000 669 1044 701 ⁶¹⁵
1081 668 1191 722 τῶν
1239 667 1365 739 τῇδε
1399 667 1743 729 ἀπελάσασα,
1767 653 1892 738 τοῖς

299 770 591 840 ὑμετέροις
631 765 691 830 ⁸⁵,
733 763 939 838 μέρεσι,
983 760 1372 835 παραδέδωκε,
1440 759 1542 829 τῆς
1597 759 1683 810 ἐπ’
1745 755 1893 828 αὐτῷ

297 859 567 930 αἰσχύνης
585 849 590 852 ’
607 855 776 908 πολυο
785 853 1139 937 ρύλλητον-τὺ
1157 847 1296 927 ’παρ’
1321 852 1450 921 ὑμῖν
1473 849 1733 926 τρόπαιον
1761 849 1894 903 ἀπο-

297 953 570 1022 φήναντα.
622 946 786 1019 Ἀλλά
835 933 950 1020 γὰρ
988 933 1291 1022 ἔοικεν-είς
1328 937 1492 1018 καλὸν
1532 958 1893 1012 προκεχωρη-

299 1031 686 1116 κέναι,’τὸλκα“ι
716 1043 774 1094 ὲν
813 1040 890 1112 τῷ
923 1041 1045 1115 καθ’
1086 1043 1236 1112 ἡμᾶς
1265 1040 1424 1113 αίῷνι
1447 1037 1544 1110 τὴν
1574 1038 1682 1113 τῶν
1714 1037 1914 1106 τοιούο,

297 1155 408 1193 των
445 1135 723 1207 τιμωρίαν
747 1128 1020 1207 περιφανῆ
1051 1133 1358 1204 δειχθῆναι.
1397 1131 1639 1204 Ἐπεῖδον
1666 1129 1773 1201 γὰρ
1801 1129 1896 1184 καὶ

299 1232 464 1295 αὐτὸς
524 1229 750 1283 ἐκείνων
811 1226 881 1281 τά
933 1226 1101 1298 τέλη,
1156 1226 1262 1279 τῶν
1323 1226 1550 1294 ἔναγχος
1609 1223 1895 1294 ἀθεμίτοις

300 1322 694 1395 προστάγμασι
727 1321 819 1374 τὸν
865 1319 945 1391 τῷ
987 1321 1032 1352 ⁸⁸
1072 1317 1192 1390 Θεῷ
1238 1318 1596 1387 ἀνακείμενον
1637 1316 1764 1370 λαὸν
1811 1318 1898 1370 ὲκ-

301 1413 680 1486 ταραξάντων.
719 1411 816 1485 Διὸ
849 1411 914 1484 δὴ
963 1411 1058 1464 καὶ
1093 1409 1262 1481 πολλὴ
1310 1409 1467 1484 χάρις
1511 1409 1590 1485 τῷ
1632 1409 1896 1482 Gazae-tt

303 1504 486 1574 τελεία
517 1501 748 1573 προνοίᾳ
778 1501 886 1554 πᾶν
907 1500 966 1554 τὸ
989 1497 1352 1571 ἀνθρώπινον,
1385 1498 1446 1552 τὸ
1475 1492 1778 1570 θεραπεῦον
1806 1499 1896 1552 τὸν

315 1597 448 1650 θεῖον
468 1593 656 1665 νόμον,
688 1592 1046 1663 ἀποδοθείσης
1091 1592 1241 1661 αὐτῷ
1277 1592 1375 1663 τῆς
1421 1590 1570 1655 θείας
1592 1592 1634 1622 σιι
1675 1591 1898 1663 εἰρήνης

318 1689 603 1757 ἀγάλλεται
660 1686 757 1739 καὶ
806 1686 1029 1756 γαυριᾷ.
1079 1682 1360 1758 Ἐντεῦθεν
1390 1685 1485 1736 καὶ
1528 1685 1660 1754 ἡμῖν
1712 1685 1897 1748 αὐτοῖς

313 1779 669 1832 πεπίστευται
717 1777 784 1840 ⁸⁸,
846 1777 928 1830 ὅτι
965 1775 1251 1830 ’κάλλιστα
1281 1777 1325 1810 ⁸³
1366 1777 1460 1830 καὶ
1512 1775 1899 1844 ἀσφαλέστατα

309 1872 420 1940 ἔχει
445 1870 683 1931 ἅπαντα,
719 1869 882 1922 ὁπότε
918 1854 1143 1940 διὲθτῆς
1172 1870 1395 1924 ἐκείνων
1430 1869 1678 1939 καθαρᾶς
1714 1887 1774 1923 τε
1804 1873 1898 1924 καὶ

306 1959 532 2030 δοκίμου
565 1958 886 2030 θρησκείας,
943 1960 1007 2012 ἐκ
1051 1959 1151 2030 τῆς

306 2052 447 2115 νίας,
483 2051 662 2104 πάντα
690 2051 772 2112 εἰς
817 2049 978 2103 αὐτὸν
1007 2049 1248 2122 ἀγείρειν
1279 2050 1438 2115 ἀξιοῖ.
1476 2051 1662 2122 Τούτῳ
1687 2051 1766 2121 τῷ
1801 2070 1902 2106 κα-

302 2131 521 2215 ταλόγῳ
541 2144 586 2175 ⁷⁰
622 2143 732 2198 τῶν
758 2141 1085 2214 ἀνθρώπων,
1123 2142 1267 2211 λέγω
1295 2142 1360 2214 δὴ
1386 2142 1496 2198 τῶν
1531 2143 1898 2215 Χριστιανῶν,

305 2235 454 2306 ὑπὲρ
497 2234 609 2306 γὰρ
651 2232 858 2286 τούτων
902 2234 930 2286 ὁ
973 2233 1082 2296 πᾶς
1139 2249 1229 2302 μοι
1256 2230 1451 2307 λόγος,
1485 2231 1603 2296 πῶς
1628 2233 1793 2302 οἴειῖ¹
1832 2250 1900 2304 με

303 2325 536 2398 ἥδεσθαι
573 2323 844 2379 ἀκούοντα
879 2324 1029 2378 ὃτι⁷²
1073 2323 1169 2376 καὶ
1209 2321 1312 2390 τῆς
1363 2321 1627 2393 Περσίδος
1667 2323 1738 2377 τὰ
1767 2325 1900 2396 κρά-

302 2435 470 2472 τιστα
515 2415 609 2470 ἐπὶ
657 2415 912 2469 πλεῖστον
965 2414 1156 2485 ὥσπερ
1193 2413 1240 2444 ⁷³
1283 2413 1400 2466 ἐστί
1449 2431 1542 2482 μοι
1593 2413 1902 2487 βουλομένῳ

302 2511 596 2580 κοσμεῖται
617 2509 685 2574 ⁷⁸,
716 2507 800 2561 σοί
836 2525 896 2560 τε
929 2501 1021 2560 οὖν
1047 2505 1124 2568 ὡς
1148 2507 1230 2559 ὅτι
1261 2505 1546 2571 κάλλιστα,
1580 2506 1810 2572 ἐκείνοις
1841 2527 1901 2562 τε

301 2599 574 2663 ὡσαύτως
613 2598 851 2670 ὑπάρχει
875 2597 946 2651 τὰ
983 2597 1275 2652 κάλλιστα·
1329 2599 1411 2652 ὅτι
1451 2599 1565 2651 ὲστί
1604 2615 1685 2653 σοι
1713 2599 1757 2630 ⁷⁸
1799 2602 1901 2654 κά-

303 2695 534 2759 κείνοις.
577 2693 766 2758 Οὖτως
799 2692 994 2762 γοῦν⁷⁶
1039 2692 1182 2758 ἕξεις
1225 2693 1316 2746 τὸν
1385 2693 1493 2746 τῶν
1526 2693 1662 2747 ὅλων
1700 2695 1904 2748 Δεσπό-

303 2805 412 2858 την
441 2789 680 2860 πρᾶονττ
715 2787 844 2840 ἶλεώ
877 2803 936 2840 τε
963 2785 1008 2818 ⁷⁸
1047 2787 1141 2840 καὶ
1173 2787 1398 2856 εὐμενῆ.
1431 2786 1668 2850 Τούτους
1691 2791 1912 2859 τοι’γαρ·’

302 2880 428 2944 οὖν,
482 2879 670 2950 ἐπειδὴ
727 2878 981 2943 τοσοῦτος
1052 2873 1122 2942 εἴ,
1193 2880 1277 2932 σοὶ
1335 2879 1725 2951 παρατίθεμαι,
1780 2881 1906 2944 τοὺς

303 2971 512 3034 αὐτοὺς
549 2971 796 3034 τούτους,
848 2973 930 3024 ὅτι
972 2972 1064 3024 καὶ
1099 2969 1353 3041 εὐσεϐείᾳ
1385 2971 1660 3040 ἐπίσημος
1698 2965 1769 3036 εἴ,
1807 2973 1900 3039 ὲγ-

303 3061 536 3132 χειρίζω
557 3063 624 3114 τ’.
658 3061 772 3134 [59]
803 3061 1036 3126 Τούτους
1065 3063 1254 3130 ἀγάπα
1309 3062 1584 3132 ἁρμοδίως
1613 3062 1711 3132 τῆς
1738 3061 1903 3116 αὐτοῦ

302 3154 726 3226 φιλανθρωπίας
748 3156 814 3210 ⁸ο.
849 3155 1040 3226 Σαυτῷ
1070 3157 1111 3186 ⁸³
1177 3173 1235 3208 τε
1271 3155 1398 3227 ’γὰρ
1439 3155 1686 3226 καϊὴμῖν
1713 3156 1908 3226 ἀπερί-

1993 681 2122 720 core
2160 664 2518 734 conjunetum
2545 671 2810 738 tropaaum
2844 659 3040 738 erexit.
3095 656 3204 736 sed
3253 654 3598 738 etpraeclare

1994 754 2213 809 videtur
2267 752 2569 817 cecidisse,
2619 757 2680 804 ut
2728 755 2924 804 nostra
2957 745 3125 803 etiam
3156 750 3318 800 aetate
3357 740 3598 797 manifeo

1995 852 2138 897 stum
2166 840 2234 894 de
2267 828 2930 909 liujusmodihominibus
2961 830 3298 905 supplicium
3332 828 3599 902 prodere-

1996 939 2108 984 tur.
2137 926 2262 982 Vidi
2285 927 2434 983 enim
2458 935 2512 981 et
2539 926 2656 996 ipse
2682 913 2890 980 funera
2910 923 3134 978 illorum
3163 962 3179 988 ,
3211 917 3599 991 qui‘populum

1995 1011 2105 1077 Deo
2126 1011 2383 1076 devOtum
2410 1017 2636 1074 nefariis
2659 1031 2835 1088 nuper
2855 1015 3054 1071 edictis
3077 1013 3451 1084 exagitarunt.
3477 1009 3598 1078 Quo

1996 1111 2219 1169 nomine
2251 1111 2360 1166 Deo
2388 1124 2642 1180 magnam
2684 1109 2862 1164 habeo
2894 1107 3167 1178 gratiam,
3191 1104 3339 1176 quod
3373 1108 3598 1160 summa

1997 1202 2120 1272 ejus
2156 1199 2506 1272 providentia
2544 1199 2866 1254 universum
2895 1198 3179 1252 hominum
3209 1211 3412 1267 genus,
3443 1196 3595 1265 quod

2000 1293 2110 1364 legi
2144 1291 2345 1347 divinae
2369 1306 2428 1346 se
2455 1291 2696 1351 addixit,
2730 1288 2984 1345 restituta
3013 1287 3116 1342 sibi
3143 1302 3276 1357 pace
3304 1287 3520 1341 laetatur
3544 1294 3598 1339 et

1997 1385 2264 1442 exsultat.
2295 1369 2430 1438 Inde
2454 1393 2506 1438 et
2535 1392 2862 1453 persuasum
2905 1380 3010 1435 hoc
3037 1379 3217 1434 habeo
3238 1418 3252 1438 .
3289 1379 3502 1449 Optimo
3536 1393 3600 1431 ac

2002 1478 2295 1534 tutissimo
2346 1478 2471 1532 loco
2505 1492 2629 1532 esse
2666 1490 2813 1530 nunc
2848 1474 3071 1538 omnia,
3125 1487 3249 1527 cuin
3285 1487 3380 1542 per
3421 1471 3602 1527 since-

1998 1587 2117 1627 ram
2152 1570 2553 1642 probatamque
2590 1569 2948 1638 religionem,
2985 1582 3048 1620 ex
3093 1564 3342 1620 unanimi
3385 1564 3452 1618 de
3487 1562 3604 1617 Nu-

2004 1665 2155 1720 mine
2186 1659 2492 1738 concordia
2540 1661 2801 1732 colligere
2831 1660 2897 1714 ad
2938 1675 2997 1714 se
3025 1662 3041 1681 ‘
3084 1657 3271 1712 omnia
3317 1657 3597 1728 dignatur.

2000 1756 2240 1814 Istorum
2279 1755 2570 1812 hominum
2617 1743 2851 1810 numero
2878 1795 2893 1819 ,
2933 1751 3381 1806 Christianorum
3436 1750 3598 1811 dico.

2001 1851 2068 1907 de
2090 1850 2292 1922 quibus
2321 1849 2501 1904 omnis
2521 1847 2655 1902 mihi
2682 1861 2888 1910 sermo,
2913 1860 3038 1900 cum
3064 1843 3326 1914 primaria
3354 1841 3598 1898 Persidis

1197 1961 1329 2032 περὶ
1380 1960 1440 2032 τὸ
1485 1959 1641 2014 Θεῖον
1672 1977 1900 2031 συμφω-

2003 1944 2124 1998 loca
2159 1943 2455 2015 plurimum
2485 1981 2498 2006 ,
2534 1948 2596 1995 ut
2625 1939 2880 2011 optabam
2903 1978 2917 2001 ,
2937 1939 3128 1992 ornari
3159 1936 3353 2003 audio,
3391 1942 3600 2006 quanta

2005 2052 2091 2093 me
2155 2037 2436 2106 voluptate
2518 2033 2654 2088 allici
2735 2031 3062 2088 existimas?
3142 2028 3348 2085 Tecum
3435 2028 3600 2098 igitur

2003 2128 2211 2199 Optime
2241 2135 2295 2183 et
2324 2143 2450 2183 cum
2488 2127 2602 2182 illis
2627 2125 2886 2181 similiter
2943 2123 3152 2194 optime
3183 2126 3365 2194 agitur
3396 2140 3409 2176 :
3451 2119 3600 2190 quod

2005 2221 2104 2276 tibi
2155 2222 2296 2276 bene
2349 2227 2464 2284 est,
2503 2218 2670 2289 812
2699 2216 2864 2272 etiam
2906 2216 3040 2271 illis.
3095 2214 3188 2269 Slc
3234 2215 3380 2270 enim
3415 2227 3598 2269 rerum

2004 2297 2250 2368 omnium
2280 2311 2576 2366 Dominum
2608 2310 2974 2374 clementem,
3009 2307 3311 2379 prepitium
3343 2316 3398 2362 et
3431 2305 3602 2374 bene-
3648 2355 3652 2360 .

2003 2407 2188 2460 votum
2237 2404 2528 2460 habiturus
2577 2418 2661 2460 es.
2724 2400 2846 2456 Tibi
2881 2415 3018 2472 ego,
3081 2399 3212 2472 quia
3277 2407 3466 2453 tantus
3503 2411 3596 2460 es,

2005 2499 2105 2554 hos
2135 2497 2419 2553 committo
2442 2537 2457 2562 ,
2501 2495 2723 2552 eosdem
2757 2495 2937 2564 ipsos,
2969 2494 3098 2564 quia
3154 2494 3356 2564 pietate
3417 2491 3603 2546 clarus

2004 2607 2097 2656 es,
2156 2591 2211 2646 in
2260 2604 2458 2645 manus
2515 2588 2692 2643 trado.
2749 2586 2862 2642 Hos
2916 2586 3247 2641 humanitati
3303 2593 3412 2639 tua:
3462 2597 3600 2638 (on-

2008 2691 2272 2754 gruenter
2305 2697 2452 2738 ama.
2487 2683 2825 2736 Immensum
2861 2679 3009 2734 enini
3042 2679 3142 2733 tibi
3196 2677 3472 2747 nobisque
3506 2690 3604 2746 per

2006 2778 2169 2832 fidem
2203 2775 2531 2832 beneficium
2557 2773 2872 2844 praestabis.
2895 2791 2912 2824 ι
2941 2771 3178 2826 Tantam
3202 2771 3474 2834 omnium,
3505 2768 3600 2838 qui

2007 2870 2212 2942 pietate
2261 2869 2446 2935 ornati
2480 2873 2669 2923 essent
2695 2907 2708 2929 ,
2745 2880 2938 2922 curam
2976 2864 3203 2935 gerebat
3253 2864 3601 2934 praestantis-

2005 2963 2180 3018 simus
2211 2964 2533 3033 imperator,
2572 2970 2630 3015 ut
2664 2976 2774 3015 non
2808 2959 2926 3015 suis
2954 2967 3164 3013 tantum
3196 2957 3431 3013 subditis
3461 2972 3598 3011 cor.-

2007 3056 2214 3112 suleret
2240 3095 2254 3118 ,
2292 3054 2387 3111 sed
2418 3055 2527 3109 illis
2549 3053 2714 3108 etiam
2743 3052 2837 3120 qui
2867 3052 3046 3106 alieno
3075 3049 3600 3121 parebantimperio

2008 3163 2111 3219 pro
2155 3147 2370 3203 viribus
2412 3146 2746 3217 provideret.
2793 3144 2947 3198 Hanc
2991 3145 3062 3198 ob
3115 3157 3339 3198 causam
3399 3143 3600 3198 etDco

301 3263 554 3316 γραπτον
569 3231 762 3310 δώσεις
783 3246 871 3299 διὰ
897 3246 996 3315 τῆς
1017 3245 1252 3309 πίστεως
1269 3245 1365 3316 τὴν
1388 3245 1566 3315 χάριν.
1583 3267 1600 3298 ›
1617 3246 1900 3316 Τοσαύτην

2009 3241 2129 3312 ipse
2157 3255 2309 3296 cura:
2344 3239 2449 3295 fuit
2477 3281 2492 3307 ,
2521 3249 2577 3295 et
2604 3253 2730 3294 cum
2765 3237 2995 3307 Europat
3021 3236 3192 3292 totius
3220 3277 3234 3300 ,
3265 3244 3321 3292 et
3353 3235 3553 3290 Africa:
3582 3274 3598 3296 ,

299 3335 341 3387 ὁ
361 3334 541 3388 πάντα
569 3335 792 3406 ἀριστος
816 3334 1072 3406 βασιλεὺς
1095 3335 1202 3388 τῶν
1224 3335 1477 3406 εὐσεϐείᾳ
1503 3337 1902 3408 κοσμουμένων

302 3426 552 3481 ἐποιεῖτο
587 3428 867 3499 φροντίδα,
900 3428 960 3481 ού
988 3427 1164 3499 μόνων
1185 3427 1293 3480 τῶν
1319 3427 1578 3498 ὑπηκόων
1612 3429 1902 3500 ἐπιμελού-

306 3537 498 3592 μενος,
529 3520 666 3575 ἀλλά
705 3521 800 3574 καὶ¹
837 3520 944 3574 τῶν
977 3521 1067 3589 ὑφ’
1095 3520 1258 3592 ἔτερα
1299 3520 1560 3591 σκῆπτρα
1598 3520 1900 3577 τελούντων

303 3612 396 3672 είς
421 3609 654 3680 δύναμιν
686 3609 1165 3682 προμηθούμενος.
1207 3610 1306 3664 Διά
1334 3627 1417 3662 τοι
1441 3610 1600 3663 τοῦτο
1620 3611 1709 3664 καὶ
1739 3613 1903 3676 αὐτὸς

303 3700 410 3769 τῆς
440 3699 588 3765 θείας
615 3703 948 3772 κηδεμονίας
973 3702 1244 3772 ἀπήλαυε,
1277 3703 1371 3755 καὶ
1400 3701 1500 3770 τῆς
1536 3719 1592 3754 τε
1631 3703 1901 3774 Εὐρώπης

304 3794 554 3866 ἀπάσης,
579 3797 673 3848 καὶ
699 3795 800 3862 τῆς
824 3794 1054 3865 Λιϐύης,
1096 3795 1234 3866 πρὸς
1283 3793 1339 3847 δὲ
1392 3793 1619 3856 ταύταις
1669 3795 1766 3848 καὶ
1807 3795 1900 3848 τοῦ

304 3885 569 3938 πλείστου
601 3887 702 3957 τῆς
744 3887 931 3950 Ἀσίας
968 3887 1216 3956 κατέχων
1243 3885 1288 3916 ⁸²
1334 3885 1431 3948 τάς
1481 3885 1657 3956 ἡνίας,
1711 3884 1902 3951 εὔνους

305 3972 462 4048 εἶχεν
492 3978 619 4042 τοὺς
649 3978 1006 4052 ἀρχομένους,
1039 3979 1134 4033 καὶ
1166 3978 1243 4050 τῷ
1288 3977 1494 4048 χαλινῷ
1538 3976 1656 4048 μεθ’
1708 3977 1904 4048 ἡδονῆς

307 4069 695 4140 πειθομένους.
725 4071 835 4124 Καὶ
873 4069 1060 4145 μὲν
1096 4071 1192 4124 καὶ
1231 4069 1342 4124 τῶν
1376 4069 1691 4141 βαρϐάρων,
1725 4070 1775 4123 οἱ
1805 4070 1903 4140 μὲν

309 4161 536 4224 ἑκόντες
567 4161 868 4227 ἐδούλευον,
898 4164 947 4216 οί
1001 4161 1057 4214 δὲ
1100 4161 1321 4232 πολέμῳ
1363 4161 1748 4233 κρατούμενοι.
1793 4162 1903 4218 Καὶ

309 4251 596 4323 πανταχοῦ
627 4253 867 4325 τρόπαια
897 4253 1101 4316 ἵστατο,
1126 4252 1221 4306 καὶ
1255 4255 1550 4324 νικηφόρος
1575 4254 1602 4305 ὁ
1643 4235 1901 4324 βασιλεὺς

309 4343 684 4398 ἀνεδείκνυτο.
728 4343 890 4397 Ἀλλά
919 4344 1090 4397 ταῦτα
1133 4343 1230 4413 μὲν
1261 4345 1354 4398 καὶ
1394 4344 1574 4418 ἕτεροι
1602 4345 1690 4401 διὰ
1723 4347 1905 4402 πλειό-

311 4452 426 4488 νων
455 4435 785 4506 εὐφήμησαν
807 4451 822 4466 ο
851 4435 1009 4505 ἡμεῖς
1036 4433 1092 4487 δὲ
1121 4434 1218 4505 τῆς
1243 4436 1620 4507 προκειμένης
1661 4437 1906 4508 ἱστορίας

313 4524 600 4596 ἐχώμεθα.
663 4527 722 4580 '0
775 4527 874 4597 μὲν
931 4522 1024 4581 οὖν
1085 4527 1439 4597 πανεύφημος
1499 4528 1753 4598 βασιλεὺς
1804 4531 1904 4596 τὰς

2010 3334 2374 3404 maximaeque
2406 3333 2551 3388 Asia:
2585 3331 2757 3402 partis
2788 3329 3034 3386 habenas
3069 3338 3318 3400 regeret,
3362 3329 3601 3383 benevo-

2009 3427 2090 3481 los
2130 3427 2320 3480 habuit
2349 3425 2633 3490 subditos,
2671 3423 2942 3494 frenoque
2964 3437 3090 3478 cum
3125 3423 3409 3493 voluptate
3438 3422 3602 3478 obse-

2007 3529 2259 3588 quentes.
2293 3518 2435 3584 Quin
2469 3519 2635 3574 etiam
2674 3517 2939 3590 barbari,
2980 3516 3179 3587 partim
3227 3531 3323 3571 sua
3359 3522 3557 3586 sponte
3583 3553 3601 3580 ,

2006 3611 2207 3679 partim
2251 3611 2421 3665 armis
2477 3611 2693 3666 subacti
2745 3609 3087 3665 serviebant;
3137 3608 3353 3678 Ubique
3391 3607 3602 3663 excita-

2007 3704 2209 3758 bantur
2238 3710 2478 3772 tropma,
2528 3710 2583 3756 et
2632 3702 2809 3756 victor
2871 3702 3177 3771 imperator
3235 3702 3599 3755 renuntiaba-

2005 3802 2114 3848 tur.
2153 3793 2353 3848 V'erum
2400 3794 2516 3848 lizec
2570 3793 2662 3846 alii
2716 3792 2972 3863 pluribus
3026 3793 3380 3848 celebrarunt
3429 3811 3442 3846 :
3497 3809 3594 3848 nos

2008 3887 2321 3941 institutam
2351 3885 2640 3940 historiam
2672 3900 3096 3956 prosequamur.
3147 3882 3596 3940 Landatissimus

2005 3994 2134 4051 ergo
2157 3980 2460 4048 imperator
2476 3978 2814 4048 apostolicas
2843 3991 3040 4032 revera
3073 3991 3238 4032 curas
3265 3977 3448 4031 animo
3473 3993 3596 4032 ver-

2007 4072 2182 4127 sabat.
2203 4070 2274 4125 At
2295 4070 2626 4126 sacerdotali
2659 4085 2888 4125 munere
2921 4070 3016 4139 qui
3049 4069 3444 4139 fungebantur,
3484 4086 3593 4124 non

2008 4164 2170 4219 modo
2197 4163 2470 4220 aedificare
2499 4163 2837 4227 abnuebant,
2875 4163 2968 4218 sed
3002 4163 3119 4232 ipsa
3149 4162 3311 4217 etiam
3341 4161 3598 4216 Ecclesiae

2011 4257 2371 4312 fundamenta
2411 4259 2671 4312 evertere
2716 4255 3082 4310 conabantur.
3117 4254 3224 4310 Eos
3254 4256 3456 4325 quippe
3501 4257 3594 4325 qui

2008 4365 2132 4406 cum
2146 4349 2448 4421 apostolica
2461 4349 2628 4420 813
2648 4348 2903 4402 doctrina
2921 4347 3007 4402 his
3030 4355 3322 4416 pra-erant,
3344 4348 3597 4403 diversas

2009 4450 2258 4498 texentes
2287 4441 2599 4497 calumnias
2628 4447 2955 4510 exegerunt,
2980 4439 3146 4508 etqui
3173 4441 3593 4494 memorandum

2011 4533 2146 4588 illud
2197 4533 2413 4589 facinus
2447 4531 2717 4588 adversus
2748 4544 3006 4601 magnum
3067 4528 3417 4585 Eustathium
3463 4546 3598 4585 con-

1629 4709 1864 4765 VARIAE
1905 4710 2309 4767 LECTIONES.

393 4799 438 4832 ⁸³
476 4801 729 4871 μήνησις.
791 4800 954 4858 Basil.
1016 4800 1136 4871 Lat.
1241 4801 1284 4834 ⁶⁸

314 4873 431 4926 τῶν
462 4871 563 4939 τῷ,
589 4870 689 4926 etc.
724 4871 890 4926 Basil.
914 4871 1007 4927 Gr.
1038 4882 1092 4926 et
1117 4870 1235 4925 Lat.
1261 4886 1326 4926 ac
1345 4870 1533 4940 Steph.

315 4941 673 5012 Christqph,
720 4941 920 5012 Scalig.
959 4949 1014 4996 et
1045 4940 1284 4996 Casaub.

321 5150 722 5221 Theodoretus
743 5153 905 5205 etiam
919 5150 1104 5221 paulo
1124 5159 1265 5221 post.

322 5221 416 5277 38.
490 5222 534 5253 ⁷¹
563 5222 670 5291 οἵη.
701 5219 867 5276 Basil.
899 5219 1013 5276 Lat.

321 5291 708 5362 κεκόσμηταιῖ
730 5292 873 5360 quod
904 5292 1065 5362 habet
1098 5291 1388 5347 Eusebius.

1319 4800 1624 4871 ἡμετέροις.
1669 4802 1814 4858 Idem
1848 4804 2063 4861 vitiose.

2165 4807 2209 4837 ⁸⁸
2242 4805 2319 4859 Ita
2347 4803 2554 4874 Sgalig.
2589 4813 2642 4874 et
2675 4803 3141 4874 Casaubon.ﬂcum
3166 4873 3172 4874 ί
3194 4801 3451 4874 Eusebio.
3485 4802 3590 4859 Sed

1613 4871 1657 4904 ⁸⁷
1691 4873 1842 4937 θείας
1863 4875 2018 4930 abest
2049 4875 2119 4930 ab
2147 4885 2380 4944 utroque
2401 4871 2595 4944 Basi|.,
2615 4873 2876 4942 Stephan.
2904 4883 2958 4928 et
2976 4873 3235 4930 Eusebio.
3259 4873 3363 4928 Sed
3393 4875 3594 4930 habent

398 4941 673 5024 iristgplt.,
720 4940 1323 5024 Scalig._et_C_asaub._
1394 4940 1439 5024 δέ
1476 4940 1590 4996 lloc
1619 4943 2009 5024 substituimus
2047 4961 2078 5000 ο
2104 4940 2420 5024 PasiICGr.
2451 4952 2506 5024 et
2551 4943 2669 5024 L_at.
2699 4940 2945 5024 itemque
2987 4943 3175 5024 sani-lii
3212 4945 3593 5024 c_odic_e._Q_uis

317 5014 470 5067 enim
519 5010 744 5082 G_ra1.cus‘
772 5010 1134 5082 (ίὶχρι-ἱιὴμίν
1168 5012 1352 5076 αὐτοῖς
1371 5011 1675 5082 πέπεισμαι
1705 5013 1780 5076 ὡς
1817 5014 1919 5080 ὅτι,
1955 5023 2062 5070 etc.

322 5089 511 5155 textus
551 5080 857 5155 Sirmondi;
900 5080 1213 5155 quanqimm
1249 5083 1432 5155 Allatii
1462 5080 1631 5155 codex
1660 5083 1821 5155 habet
1846 5080 2209 5155 πεπείσμεθα.

2099 5014 2255 5081 Quod
2285 5029 2408 5068 cum
2453 5012 2712 5083 Stephani
2741 5013 2979 5068 editione
3006 5022 3059 5069 et
3082 5013 3318 5070 Eusebio
3356 5014 3592 5068 habebat

2315 5085 2359 5117 ⁶⁹
2385 5082 2641 5152 μάλιστα,
2670 5082 2956 5152 Stephan.,
2994 5085 3152 5138 male.
3193 5083 3281 5146 Ὠς
3311 5084 3392 5136 ὅτι
3434 5085 3587 5143 κάλλ,

1341 5153 1386 5224 ’_°
1412 5152 1604 5224 τούτου
1634 5151 1724 5206 τοῦ
1760 5151 2082 5224 καταλόγου.
2114 5154 2352 5224 Uterque
2375 5151 2567 5224 BasiI.,
2592 5151 2865 5209 Eusebius
2888 5161 2941 5224 et
2964 5152 3190 5222 Niceplt.
3238 5153 3302 5224 Il.
3451 5153 3588 5219 VIII,

1092 5223 1137 5294 ρ
1163 5223 1314 5294 ὅταν.
1347 5221 1469 5278 Bas.
1503 5223 1597 5294 Gr.
1627 5235 1682 5278 et
1705 5224 1847 5288 Lat.,
1871 5221 2098 5294 Nicepli.

2174 5225 2220 5256 τι
2252 5223 2388 5295 ὅπερ
2402 5223 2546 5295 _Pini
2569 5224 2763 5279 codex.
2865 5223 3217 5295 "_xoop.ﬁrat
3239 5223 3362 5278 Bas.
3393 5223 3486 5277 Gr.
3507 5226 3587 5279 An

1467 5295 1513 5330 ⁷⁸
1540 5292 1729 5364 Magna
1757 5292 2048 5350 diversitas
2077 5292 2366 5350 libroruin.
2394 5293 2671 5348 Sirmondi
2693 5303 2871 5364 tenus
2903 5292 3462 5364 ChriStophorsonum
3508 5310 3589 5350 se-

322 5363 516 5432 quitur
549 5361 613 5434 et
639 5361 1095 5434 Scaligerunt._ln
1121 5363 1378 5434 eumdem
1425 5361 1650 5434 sensuui
1683 5364 1943 5434 Stephan.
1979 5374 2032 5419 et
2060 5365 2400 5434 Nicephorus
2431 5365 2691 5432 probante
2725 5363 2935 5418 Valesio
2977 5364 3041 5418 ad
3081 5361 3372 5418 Eusebium
3404 5365 3439 5418 I.
3484 5381 3533 5419 ο.
3573 5386 3585 5420 :

323 5430 359 5486 ὅ
387 5433 504 5505 ἐστι
542 5431 628 5505 σοὶ
666 5430 1177 5505 κάκείνοις-(Βοείι.
1213 5430 1607 5505 Latinhvitiose
1639 5433 1746 5505 σύ),
1782 5430 1937 5503 quod
1975 5430 2353 5505 Camerarius
2399 5430 2564 5505 vertit
2597 5434 2762 5505 :quia
2811 5435 3158 5505 communiter
3201 5451 3320 5488 cum
3353 5436 3590 5505 utrisque

327 5503 450 5574 scil.
482 5502 688 5574 Optime
709 5503 908 5574 agitur.
944 5501 1212 5574 Eusebius
1235 5504 1270 5556 Ι.
1303 5502 1462 5574 οεὸτι
1491 5504 1572 5556 σοὶ
1602 5501 1860 5572 κάκείνω,
1891 5504 2024 5574 vitio
2043 5505 2318 5559 scribendi
2351 5512 2409 5574 ut
2437 5501 2656 5572 opinor.
2686 5503 2871 5558 Allatii
2909 5504 3145 5574 denique
3165 5505 3357 5569 codex,
3387 5501 3589 5574 optiine

330 5572 468 5624 forte
495 5588 516 5643 _:
553 5573 638 5624 ὅτι
663 5575 754 5643 σοὶ
778 5573 1020 5626 κάκεῖνοι
1045 5572 1189 5642 (nam
1230 5582 1278 5626 et
1312 5572 1394 5625 illi
1424 5575 1501 5625 tui
1524 5574 1688 5642 smn).
1714 5575 1858 5642 quod
1883 5581 1935 5628 et
1965 5573 2180 5643 Valesio
2213 5573 2416 5643 placuit
2455 5575 2522 5627 ad
2563 5575 2741 5627 locum
2777 5583 3048 5628 nostrum.

331 5643 455 5714 lion.
480 5641 592 5714 Sed
619 5641 791 5714 οὕτως
823 5644 933 5713 γάρ
982 5641 1412 5714 uterque_Basil.
1447 5652 1500 5714 et
1541 5641 1799 5711 Stephan.
1836 5659 1959 5698 cum
2013 5641 2339 5714 Niceph‘oro.

335 5710 622 5777 Eusebius,
658 5713 752 5780 qui
803 5710 980 5767 tamen
1012 5713 1160 5765 addit
1200 5712 1352 5766 Θεόν.

1432 5713 1475 5743 ⁷⁸
1499 5728 1559 5765 τε
1599 5715 1861 5768 omissum
1900 5714 1954 5767 in
2001 5712 2235 5783 utroque
2271 5712 2434 5768 Basil.
2492 5720 2546 5766 et
2579 5712 2852 5783 Eusebio.

3126 5575 3172 5607 ⁷⁸
3198 5577 3273 5628 Ita
3305 5586 3356 5629 et
3379 5574 3585 5629 Casau-

2449 5644 2492 5674 "
2527 5644 2762 5713 Πατέρα.
2795 5643 3136 5713 Christoph.,
3167 5644 3478 5700 Casaubon.
3534 5655 3589 5698 et

2927 5714 2972 5784 ’_'
3002 5714 3339 5784 ἐγχειρίζων.
3357 5782 3398 5784 μ
3417 5714 3584 5767 Basil.

331 5781 600 5854 {irrumet
666 5783 1246 5854 Stephan.;Sirmondi
1281 5783 1569 5854 lectionem
1599 5783 1802 5854 habent
1842 5783 2007 5839 Basil.
2058 5781 2202 5845 I.at.,
2261 5783 2537 5854 Casaub.,i
2564 5782 2904 5854 Christoph.,
2930 5781 3174 5854 Scaliger
3201 5799 3320 5838 cuin
3355 5782 3584 5854 Niceph,

334 5851 379 5926 Ὺ
408 5851 726 5926 Mallemftﬁ
773 5851 972 5926 σαυτορ
1013 5867 1236 5926 cp._cnm
1280 5852 1478 5908 Euseb.
1516 5861 1568 5910 ct
1607 5851 1854 5925 Niceph.,
1884 5857 2108 5926 quodet
2155 5854 2396 5911 Valesius
2424 5853 2638 5922 probat.

337 5918 521 5993 Steph.
599 5923 642 5955 “
677 5918 876 5994 λαχών.
927 5918 1049 5979 Bas.
1074 5921 1167 5977 Gr.

2715 5853 2755 5885 ⁸⁸
2784 5853 2929 5925 αὐτῴ
2957 5869 3052 5924 per
3087 5853 3274 5908 vitium
3310 5853 3579 5906 scribendi
