4098 6412
347 402 450 468 981

1377 412 1968 472 ECCLESIASTIC/E
1994 414 2376 475 HISTORI/E
2407 419 2552 478 LIB.
2587 419 2637 478 I.

3519 424 3622 486 982

343 527 492 574 νους,
538 511 807 582 μηδεμίαν
837 511 1021 586 χώραν
1067 517 1124 569 ὲν
1159 519 1224 588 τῇ
1267 517 1378 587 ζωῇ
1417 518 1591 591 ταύτῃ
1613 519 1660 550 ⁸³
1692 536 1925 589 μεταμε-

2041 523 2149 576 lum
2181 523 2416 579 habeant
2457 527 2511 580 in
2555 526 2656 581 hac
2691 527 2800 581 vita
2830 528 3168 598 poenitentiae
3201 530 3404 586 locum.
3441 531 3625 598 Quare

349 601 504 664 λείας
560 600 779 671 ἔχωσιν.
827 603 1257 677 Ἐπικουρήσατε
1291 607 1470 662 τοίνυν
1541 610 1668 679 ὑμῖν
1728 610 1930 673 αὐτοῖς,

345 692 679 763 παρακαλῶ,
747 694 809 748 τὸ
884 695 1108 768 φίλτρον
1183 699 1244 752 τὸ
1318 699 1586 771 ὑμέτερον
1607 699 1652 732 ⁸⁸
1716 702 1936 772 ἀγαπή-

345 799 502 846 σατε,
538 784 635 836 καὶ
704 787 869 838 παντὶ
925 787 1103 841 σθένει
1155 789 1386 858 διώξατε
1445 792 1574 856 τοὺς
1625 792 1792 864 rip)“
1830 793 1932 862 τῆς

344 876 622 947 ὑμετέρας
665 879 920 948 ὁμονοίας
971 881 1132 952 χάριν
1185 882 1470 953 ἀφανίζειν
1500 885 1929 956 ἐπιθυμοῦντας

341 969 438 1022 καὶ
469 968 607 1039 πρὸς
659 971 753 1022 τὸν
805 971 936 1024 Θεὸν
984 973 1289 1039 ἀπιδόντες,
1348 977 1492 1047 ὑμᾶς
1546 978 1745 1042 αὐτοὺς
1795 981 1933 1048 άγα-

341 1062 486 1114 nam
508 1061 578 1116 ⁸⁷.
629 1061 772 1130 Ἐγὼ
797 1063 905 1135 γὰρ
940 1065 1032 1118 τὸν
1055 1067 1323 1137 ὑμέτερον
1354 1069 1660 1124 ἐπίσκοπον
1703 1073 1932 1128 Ἀθανόι⁴

343 1169 460 1205 σιον
480 1153 733 1222 ἀσμένως
756 1158 1147 1230 προσηκάμην,
1170 1158 1313 1214 οὑτω
1335 1178 1392 1214 τε
1415 1163 1926 1237 προσεφθεγξάμην,

339 1245 420 1309 ὡς
441 1245 728 1316 ἄνθρωπον
754 1249 920 1302 αὑτὸν
950 1247 1088 1304 εἶναι
1117 1252 1254 1305 Θεοῦ
1281 1255 1668 1326 πεπεισμένος.

914 1342 1166 1395 ΚΕΦΑΛ.
1208 1345 1354 1412 κεῖν.

596 1433 782 1500 Ἄλλη
812 1434 962 1489 κατὰ
990 1436 1341 1492 Ἀθανασίου
1369 1439 1682 1509 ἐπιϐουλή.

426 1521 565 1574 Ἀλλ’
601 1523 721 1577 οὑδὲ
757 1524 927 1589 οὕτως
954 1529 1004 1580 οἱ
1052 1527 1335 1594 δυσσεϐεῖς
1367 1532 1769 1604 ἐνετράπησαν,
1815 1533 1930 1587 ἀλλ’

351 1612 528 1683 ἕτερον
583 1613 857 1686 ἐξύφηναν
911 1618 1116 1689 δρᾶμα,
1150 1613 1195 1688 ᾧ
1240 1623 1569 1694 προσόμοιον
1603 1627 1779 1688 οὐδεὶς
1825 1629 1932 1681 τῶν

355 1702 511 1756 πάλαι
575 1707 961 1778 γεγενημένων
1023 1711 1445 1781 τραγῳδοποιῶν
1507 1714 1649 1788 [61]
1723 1717 1756 1787 ἢ
1821 1735 1931 1772 κω-

349 1793 664 1863 μῳδοποιῶν
693 1798 951 1853 διέπλασε
1003 1803 1244 1858 πώποτε.
1291 1807 1653 1878 Κατηγόρους
1682 1815 1792 1879 γάρ
1824 1809 1930 1863 πά-

343 1883 426 1936 λιν
463 1887 527 1938 ὲκ
558 1888 658 1957 τῆς
700 1889 872 1960 αὐτῆς
914 1895 1225 1967 συμμορίας
1263 1897 1704 1970 μισθωσάμενοι,
1759 1920 1929 1973 προσ-

341 1975 478 2044 άγου
489 1995 537 2030 σι
561 1979 639 2050 τῷ
660 1981 707 2013 ⁸⁸
729 1982 942 2051 βασιλεῖ
972 1984 1211 2055 βοῶντας
1235 1989 1620 2062 ἀνοσιουργίας
1659 1993 1931 2063 ἀρρήτους

339 2072 742 2142 τετολμηκέναι
816 2077 1018 2143 πολλάς
1071 2081 1162 2134 τὸν
1237 2083 1336 2152 τῆς
1393 2084 1596 2155 ἀρετῆς
1665 2085 1926 2158 ἀθλητήν.

350 2163 571 2231 Ἠγεῖτο
599 2166 655 2219 δὲ
686 2169 894 2223 τούτων
921 2170 1182 2236 Εὑσέὸιός
1203 2190 1283 2239 τε,
1311 2174 1404 2228 καὶ
1433 2175 1714 2244 Θεογόνιος
1737 2179 1802 2239 ’³,
1835 2179 1929 2231 καὶ

336 2255 619 2328 Θεόδωρος
646 2261 674 2312 ὁ
703 2262 992 2329 Περίνθιος
1013 2282 1026 2296 ·
1070 2264 1400 2334 Ἡράκλειαν
1435 2267 1494 2321 δὲ
1538 2269 1655 2322 νυνὶ
1685 2269 1783 2340 τὴν
1824 2271 1929 2323 Πέο

341 2346 523 2418 ρινθον
553 2350 947 2421 ὀνομάζουσινο
986 2355 1086 2410 οὐκ
1117 2358 1324 2412 ἀνεκτά
1360 2360 1537 2414 ταῦτα
1575 2356 1712 2415 εἶναι
1742 2362 1929 2431 λέγον-

335 2459 449 2505 τες,
486 2445 608 2498 οὐδὲ
643 2446 837 2510 ἀκοαῖς
867 2450 1100 2519 φορητά.
1139 2452 1397 2504 Πείθουσι
1426 2451 1489 2522 δὴ
1522 2449 1616 2506 οῦν
1652 2453 1744 2506 τὸν
1774 2453 1928 2524 βασι-

337 2534 434 2587 λέα
461 2535 681 2590 σύνοδον
705 2540 763 2592 ἐν
791 2541 1102 2613 Καισαρείᾳ
1125 2547 1224 2613 τῆς
1261 2544 1625 2614 Παλαιστίνης
1653 2545 1924 2617 ἀθροῖσαίν

337 2625 468 2680 ἔνθα
496 2627 558 2698 δὴ
584 2628 802 2693 πλείους
831 2626 972 2700 ἦσαν
997 2634 1044 2685 οἱ
1074 2634 1380 2701 δυσμενεῖς,
1415 2636 1637 2688 κάκεῖσε
1667 2637 1926 2706 κριθῆναι

337 2717 593 2772 κελεῦσαι
631 2719 724 2773 τὸν
764 2721 1108 2778 Ἀθανάσιον.
1151 2725 1402 2789 Πεισθεὶς
1433 2726 1487 2780 δὲ
1522 2727 1597 2791 ὡς
1629 2727 1867 2798 ἱερεῦσιν
1900 2730 1928 2782 ὁ

339 2808 618 2878 βασιλεὺς.
667 2812 987 2866 παντάπασι
1037 2815 1147 2887 γὰρ
1195 2817 1384 2887 ἠγνόει
1431 2817 1499 2870 τά
1547 2818 1923 2888 τυρευόμενα,

336 2896 496 2951 τοῦτο
518 2899 773 2966 γενέσθαι
805 2904 1161 2972 προσέταξεν.
1189 2906 1330 2959 Ἀλλ’
1357 2907 1386 2958 ό
1405 2905 1548 2969 θεῖος
1585 2908 1923 2972 Ἀθανάσιος,

335 2989 439 3058 τὴν
481 2990 594 3042 τῶν
633 2992 965 3058 δικαζόντων
1002 2995 1330 3066 δυσμένειαν
1380 2999 1784 3070 ἐπιστάμενος,
1827 3001 1925 3072 ούχ

337 3075 473 3151 ἧκεν
516 3085 596 3146 είς
644 3085 705 3138 το
750 3087 1047 3159 συνέδριον.
1098 3089 1381 3144 Ἐντεῦθεν
1419 3091 1483 3163 δὴ
1516 3093 1735 3147 πλείονα
1786 3095 1921 3164 πρό-

2037 615 2240 668 auxilio
2273 615 2480 682 adeste,
2517 631 2723 687 quaeso,
2761 618 2918 673 vobis
2970 619 3127 690 ipsis,
3159 628 3214 675 et
3247 635 3490 675 amorem
3525 636 3622 675 ve-

2036 716 2210 763 strum
2246 717 2443 774 amate,
2473 710 2734 779 omnique
2757 710 2923 780 815
2960 711 3063 782 ope
3093 712 3216 768 illos
3243 711 3619 778 insectamini,

2037 799 2130 869 qui
2161 799 2468 854 concordiae
2488 810 2683 856 vestr-.e
2705 805 2936 873 gratiam
2962 805 3191 874 cupiunt
3216 806 3572 876 exstinguere
3602 823 3616 860 :

2034 899 2088 946 et
2129 891 2298 947 Deum
2335 892 2633 955 intuentes,
2673 911 2770 950 vos
2809 895 2960 966 ipsos
2989 896 3221 966 diligite.
3257 897 3368 968 Ego
3397 899 3621 968 episco-

2035 998 2164 1052 pum
2214 990 2454 1038 vestrum
2503 985 2860 1040 Athanasium
2888 986 3064 1041 libens
3105 987 3325 1053 admisi,
3355 998 3518 1059 atque
3543 989 3618 1041 ita

2035 1092 2156 1133 sum
2211 1078 2502 1146 allocutus,
2537 1091 2592 1137 ul
2623 1080 2718 1150 qui
2749 1079 2925 1135 virum
2971 1079 3063 1134 Dei
3100 1079 3280 1151 ipsum
3312 1096 3432 1137 esse
3482 1080 3617 1134 mihi

2034 1171 2428 1239 persuaserim.

2337 1353 2492 1409 car.
2526 1353 2718 1410 xxw.
2747 1355 2832 1428 [Β.
2865 1355 2946 1411 St.
2981 1358 3078 1410 cn.
3109 1356 3174 1412 v.
3197 1355 3314 1428 es]

2276 1443 2460 1498 Altera
2498 1446 2552 1498 in
2581 1444 2934 1499 Athanasium
2958 1455 3161 1499 structa
3194 1447 3365 1514 fraus.

2104 1533 2173 1587 At
2203 1548 2270 1589 ne
2299 1535 2380 1589 sic
2410 1535 2630 1607 quidem
2668 1535 2899 1590 istorum
2936 1551 3189 1605 repressa
3222 1542 3309 1590 est
3341 1533 3612 1603 impietas,

2033 1627 2165 1693 quin
2207 1627 2432 1682 alteram
2482 1635 2730 1683 texerent
2763 1627 3023 1693 fabulam,
3056 1627 3144 1682 cui
3175 1635 3416 1681 veterum
3444 1625 3615 1696 tragi-

2034 1733 2222 1773 corum
2258 1730 2355 1772 aut
2382 1718 2719 1773 comicorum
2759 1733 2921 1772 nemo
2966 1732 3210 1788 unquam
3247 1718 3482 1772 similem
3515 1715 3615 1770 de-

2034 1810 2134 1863 dit.
2168 1810 2537 1865 Accusatores
2563 1809 2708 1864 enim
2742 1823 2772 1864 e
2799 1808 3034 1864 factione
3065 1824 3162 1865 sua
3196 1810 3511 1879 redemptos
3547 1807 3614 1860 ad

2034 1902 2417 1971 imperatorem
2452 1900 2753 1967 deducunt,
2783 1901 3006 1955 virtutis
3040 1901 3299 1954 athletam
3332 1900 3502 1953 multa
3533 1899 3616 1951 in-

2034 1991 2195 2046 fanda
2230 1994 2435 2048 scelera
2469 2001 2815 2063 perpetrasse
2841 1991 3229 2047 vociferantes.
3259 1990 3354 2046 His
3385 1991 3615 2046 aderant

2032 2085 2326 2149 Eusebius,
2362 2095 2416 2142 et
2445 2085 2814 2157 Theogonius,
2853 2097 2908 2140 et
2944 2084 3267 2140 Theodorus
3296 2083 3614 2140 Perinthius

2033 2176 2372 2246 (Heracleam
2405 2187 2584 2234 autem
2613 2195 2758 2234 nunc
2782 2179 3085 2250 appellant,
3116 2194 3238 2248 quae
3266 2177 3393 2231 olim
3431 2176 3616 2231 Perin-

2031 2271 2158 2325 thus
2193 2271 2354 2342 erat),
2385 2272 2718 2327 afﬁrmantes
2749 2271 3121 2326 intolerabilia
3151 2272 3265 2326 haec
3291 2286 3434 2335 esse,
3460 2286 3523 2325 ac
3544 2285 3615 2324 ne

2030 2364 2256 2418 auribus
2289 2364 2520 2434 quidem
2567 2363 2808 2419 ferenda.
2847 2363 3083 2418 Proinde
3130 2362 3452 2433 imperatori
3483 2378 3612 2433 per-

2030 2455 2284 2518 suadent,
2299 2455 2627 2510 utCmsareae
2641 2453 2960 2516 Palaestinae,
2980 2455 3072 2507 ubi
3089 2453 3349 2506 nimirum
3372 2452 3613 2506 Athana-

2029 2546 2112 2601 sio
2149 2545 2332 2601 infesti
2364 2556 2520 2601 erant
2542 2545 2784 2616 plurimi,
2821 2543 3090 2616 synodum
3123 2553 3303 2614 cogat,
3328 2544 3513 2613 ibique
3544 2542 3613 2596 de

2029 2633 2329 2690 Athanasio
2353 2635 2590 2705 judicari
2612 2635 2820 2706 jubea't.
2849 2633 3060 2698 Quibus
3087 2634 3399 2704 obsequens
3422 2641 3612 2703 utpote

2029 2728 2414 2783 sacerdotibus
2445 2729 2748 2798 imperator
2792 2725 3164 2795 (fraudulenta
3209 2727 3353 2780 enim
3394 2725 3608 2779 illorum
3655 2765 3668 2776 .

2028 2820 2258 2874 consilia
2283 2834 2510 2890 prorsus
2542 2819 2872 2893 ignorabat),
2896 2821 2999 2874 hoc
3028 2819 3141 2875 ﬁeri
3169 2817 3478 2888 imperavit.
3505 2816 3613 2870 Sed

2028 2909 2250 2965 divinus
2283 2911 2642 2975 Athanasius,
2693 2918 3038 2980 perspectam
3093 2908 3302 2964 habens
3359 2906 3609 2977 judicum

2029 3002 2489 3070 malevolentiam,
2525 3004 2590 3056 ad
2642 3005 2937 3058 concilium
2990 3018 3099 3057 non
3147 3001 3316 3056 venit.
3358 2999 3489 3054 Inde
3531 2999 3609 3053 illi

2029 3103 2243 3164 arrepta
2278 3095 2544 3150 validiore
2584 3109 2715 3150 ansa
2755 3093 3150 3158 calumniandi,
3194 3092 3449 3163 belloque
3476 3107 3610 3146 con-

339 3187 506 3240 φασιν
549 3178 630 3239 είς
667 3179 1036 3246 συκοφαντίαν
1064 3180 1344 3248 λαϐόντες,
1392 3185 1482 3238 καὶ
1511 3185 1602 3238 τὸν
1648 3187 1792 3241 κατά
1825 3188 1923 3259 τῆς

344 3262 416 3282 ιλ.
448 3262 474 3282 Λ
519 3264 530 3280 Ι
663 3267 674 3280 ε
761 3267 785 3282 α
823 3267 875 3282 νο
1145 3273 1176 3282 ιι
1475 3275 1486 3282 .
1642 3280 1660 3282 η
1746 3278 1816 3282 --__

2031 3191 2113 3238 tra
2149 3185 2431 3239 veritatem
2465 3194 2741 3250 suscepto,
2782 3193 2976 3255 prmter
3001 3184 3106 3238 alia
3140 3183 3395 3244 crimina,
3421 3191 3608 3254 tyran-

339 3262 600 3333 ἀληθείας
651 3267 1041 3338 ἀναδεξάμενοι
1087 3273 1347 3343 πόλεμον,
1394 3275 1530 3346 πρὸς
1570 3280 1690 3340 ταῖς
1738 3278 1926 3343 ἄλλαις

339 3357 731 3425 παρανομίαις,
760 3360 1072 3429 τυραννίδος
1107 3363 1270 3416 αὑτὸν
1311 3364 1406 3417 καὶ
1451 3367 1790 3438 θρασύτητος
1833 3370 1926 3423 ἐπὶ

337 3443 432 3498 τοῦ
470 3446 736 3515 βασιλέως
767 3451 1096 3521 ἐγράψαντο.
1137 3455 1243 3508 Καὶ
1286 3458 1348 3508 οὑ
1379 3456 1614 3523 πάμπαν
1642 3460 1740 3528 τῆς
1774 3461 1926 3514 ἐλπί-

337 3535 426 3601 δος
451 3538 819 3611 ἐψεύσθησαν.
849 3543 942 3597 Ἐκ
965 3545 1072 3616 γὰρ
1092 3545 1155 3617 δὴ
1182 3546 1289 3600 τῶν
1313 3548 1618 3618 εἰρημένων
1651 3550 1925 3619 θυμωθεὶς

337 3630 366 3681 ό
400 3631 704 3700 πραότατος
746 3634 1025 3704 βασιλεὺς,
1069 3639 1384 3692 ἐπέστειλεν
1426 3640 1593 3711 αὐτῷ,
1621 3641 1721 3712 τὴν
1754 3642 1924 3714 ὀργὴν

337 3720 674 3788 ὑποφαίνων,
721 3726 816 3778 καὶ
855 3727 1186 3783 καταλαϐεῖν
1223 3729 1322 3800 τὴν
1358 3730 1532 3801 Τύρον
1570 3735 1919 3802 παρεγγυῶν.

349 3813 560 3867 Ἐκείσε
593 3817 704 3888 γὰρ
749 3820 1084 3889 προσέταξεν
1137 3822 1497 3894 ἀθροισθῆναι
1535 3824 1632 3895 τὴν
1679 3826 1918 3893 σύνοδον,

337 3903 722 3970 ὑποπτεύσας,
756 3909 832 3972 ὡς
879 3907 1056 3981 οἶμαι,
1106 3911 1198 3965 τὸν
1240 3913 1562 3968 Ἀθανάσιον
1615 3914 1922 3987 ὑφορᾶσθαι

334 3997 434 4066 τὴν
471 4000 822 4071 Καισαρέων,
846 4001 936 4055 διὰ
966 4004 1058 4056 τὸν
1084 4005 1300 4076 ἐκείνης
1328 4006 1654 4076 ἡγούμενον.
1673 4009 1921 4080 Ἔγραψε

335 4087 392 4141 δὲ
426 4091 520 4143 καὶ
549 4094 613 4163 τῇ
648 4094 853 4164 συνόδῳ
902 4093 1047 4166 ἅπερ
1083 4097 1252 4166 ἐχρῆν
1302 4098 1602 4152 ἐπιστεῖλαι
1632 4098 1724 4155 τὸν
1767 4103 1921 4156 εὐσε-

339 4181 462 4254 ϐείᾳ
495 4185 892 4259 κοσμούμενον.
921 4191 1076 4242 Ἐστι
1109 4189 1165 4242 δὲ
1198 4191 1394 4246 ταῦτα’

922 4281 1170 4335 ΚΕΦΑΛ.
1214 4282 1342 4336 KZ'.

349 4368 676 4440 Ἐπιστολὴ
704 4371 1017 4449 βασι.ζέῳς
1051 4375 1509 4449 Κωνστᾳντίνου
1532 4378 1685 4448 πρὸς
1712 4377 1828 4449 τὴν
1852 4379 1922 4435 ἐν

877 4442 1072 4511 Τύρῳί
1095 4445 1383 4499 σύνοδον.

2031 3276 2173 3330 nidis
2214 3275 2365 3329 illum
2390 3284 2444 3330 et
2468 3278 2827 3331 contumaciae
2849 3274 2994 3346 apud
3025 3277 3412 3345 imperatorem
3442 3273 3612 3345 816

2029 3368 2372 3423 insimulant.
2409 3367 2596 3438 Neque
2635 3370 2867 3423 omnino
2908 3384 3034 3438 spes
3081 3383 3177 3422 eos
3213 3367 3473 3422 frustrata
3505 3375 3609 3420 est.

2025 3459 2161 3514 Nam
2203 3477 2394 3516 eorum
2442 3461 2627 3516 verbis
2680 3470 2990 3516 commotus
3045 3461 3361 3530 imperator,
3399 3458 3611 3513 litteras

2025 3555 2090 3605 ad
2128 3552 2280 3606 illum
2332 3553 2574 3622 scripsit,
2621 3555 2823 3621 quibus
2873 3560 2928 3607 et
2967 3553 3104 3606 iram
3156 3551 3417 3622 prodidit,
3457 3558 3513 3604 et
3553 3556 3613 3602 ut

2025 3641 2229 3714 Tyrum
2276 3651 2484 3714 peteret
2515 3634 2819 3700 mandavit.
2863 3643 2940 3698 lbi
2981 3645 3125 3700 enim
3173 3632 3442 3712 synodum
3489 3641 3611 3711 cogi

2026 3736 2304 3805 praecepit,
2334 3735 2677 3805 conjectaus,
2722 3745 2780 3790 ut
2808 3738 3026 3807 opinor,
3055 3736 3360 3790 Athanasio
3391 3743 3612 3806 propter

2023 3829 2143 3899 ejus
2171 3829 2475 3884 antistitem
2535 3838 2852 3899 suspectam
2883 3845 3006 3884 esse
3035 3829 3365 3884 Casaream.
3411 3828 3493 3883 Ad
3522 3843 3611 3898 sy-

2023 3923 2227 3976 nodum
2261 3931 2443 3977 autem
2474 3936 2537 3976 ea
2565 3921 2809 3990 scripsit,
2839 3936 2961 3992 qua:
2995 3935 3026 3974 a
3073 3920 3192 3974 viro
3223 3920 3428 3990 pietate
3467 3918 3604 3974 insi-

2023 4011 2117 4083 gui
2156 4011 2324 4066 scribi
2363 4025 2461 4082 par
2488 4017 2628 4067 erat.
2664 4009 2806 4065 Sunt
2840 4016 3022 4066 autem
3055 4009 3368 4081 huiusmodi
3402 4028 3417 4066 :

2284 4283 2437 4342 car.
2473 4283 2690 4340 xxvu.
2733 4283 2771 4357 [·
2801 4282 2860 4339 B.
2893 4282 2972 4338 St.
3001 4281 3103 4337 Ch.
3133 4281 3195 4335 ν.
3228 4275 3351 4347 29.1

2023 4376 2364 4433 Constantini
2387 4375 2721 4448 imperatoris
2744 4375 2812 4429 ad
2834 4371 3094 4444 synodum
3123 4371 3341 4439 Tyriam
3362 4370 3606 4439 cpistola.

409 4531 825 4598 Κωνσταντῖνος
858 4534 1131 4600 Σεϐαστὸς
1166 4539 1232 4608 τῇ
1273 4537 1407 4610 ἁγίᾳ
1436 4539 1639 4610 συνόδῳ
1670 4543 1738 4612 τῇ
1777 4542 1922 4596 κατά

2096 4533 2494 4590 Constantinus
2525 4533 2810 4604 Augustus
2835 4537 3043 4588 sanctte
3079 4529 3289 4601 synodo
3314 4527 3443 4601 Tyri
3471 4544 3606 4584 con-

337 4620 534 4692 Τύρον.

408 4709 519 4766 Ἦν
551 4715 650 4785 μὲν
685 4716 816 4780 ἴσως
847 4717 1162 4784 ἀκόλουθον,
1196 4720 1292 4772 καλ⁴
1326 4722 1391 4790 τῇ
1439 4721 1548 4774 τῶν
1584 4723 1796 4793 καιρῶν
1831 4723 1923 4776 εύ-

337 4807 534 4877 καιρία
567 4807 804 4876 μάλιστα
835 4810 1067 4880 πρέπον,
1099 4811 1467 4864 ἀστασίαστον
1502 4811 1764 4884 εἶναιτὴν
1798 4815 1926 4866 καθ’

334 4901 525 4970 ολικὴν
573 4903 922 4975 Ἐκκλησίαν,
965 4905 1062 4956 καλ¹
1117 4903 1295 4972 πάσης
1327 4903 1597 4976 λοιδορίας
1639 4904 1765 4968 τοὺς
1825 4905 1920 4958 τοῦ

337 4993 577 5064 Χριστοῦ
630 4993 724 5047 νῦν
785 4993 1132 5064 ἀπηλλάχθαι
1183 4994 1540 5065 θεράποντας.
1601 4995 1819 5066 Ἐπειδὴ
1863 4995 1919 5049 δὲ

336 5083 439 5152 οὐχ
469 5082 656 5150 ὑγιοῦς
685 5083 1021 5152 φιλονεικίας
1053 5082 1254 5154 οἴστρῳ
1281 5084 1425 5147 τινὲς
1457 5084 1825 5154 ἐλαυνόμενοι,
1855 5086 1917 5138 οὐ

336 5172 451 5242 γάρ
481 5172 547 5226 ἂν
569 5175 780 5244 εἴποιμι
814 5173 1056 5244 βιοῦντες
1094 5173 1306 5228 ἑαυτῶν
1351 5174 1606 5241 ἀναξίως,
1639 5175 1707 5228 τὰ
1741 5176 1919 5246 πάντα

337 5262 597 5332 συγχέειν
628 5263 1035 5333 ἐπιχειροῦσιν,
1082 5265 1219 5335 ὅπερ
1261 5264 1442 5336 πάσης
1491 5268 1779 5336 συμφορᾶς
1825 5269 1920 5319 ἐπ.

334 5355 528 5407 έκεινα
555 5354 932 5427 κεχωρηκέναι
961 5372 1050 5426 μοι
1073 5355 1251 5410 δοκεῖ’
1279 5355 1470 5409 τούτου
1502 5357 1664 5428 χάριν
1698 5357 1917 5423 θέοντας

2025 4633 2250 4682 vocatae.

2096 4717 2546 4773 Consentaneum
2576 4713 2797 4785 quidem
2816 4719 2954 4780 erat,
2983 4719 3402 4780 temporumque
3433 4710 3610 4767 felici-

2024 4809 2123 4862 tati
2155 4807 2388 4861 maxime
2410 4820 2745 4877 congruens,
2771 4803 3135 4860 seditionibus
3162 4817 3355 4857 carere
3376 4801 3608 4856 catholi-

2024 4916 2144 4954 cam
2182 4897 2509 4961 Ecclesiam,
2538 4905 2590 4951 et
2616 4897 2687 4951 ab
2717 4895 2867 4950 omni
2892 4894 3143 4950 convicio
3171 4895 3370 4949 liberos
3400 4893 3606 4948 Christi

2025 4991 2258 5046 famulos
2281 5005 2428 5044 nunc
2457 5003 2600 5044 esse.
2622 4987 2727 5043 Sed
2750 4988 3011 5058 quoniam
3048 4986 3256 5040 insanae
3294 4984 3608 5040 contentio-

2025 5084 2112 5139 nis
2148 5082 2331 5137 furore
2362 5082 2556 5151 perciti
2605 5080 2831 5151 quidam
2887 5079 3019 5150 (non
3049 5078 3175 5132 dico
3237 5076 3517 5147 indignant
3547 5090 3608 5132 sc

2025 5175 2192 5230 vitam
2246 5172 2533 5243 ducentes)
2589 5173 2821 5227 miscere
2854 5186 2917 5226 ac
2950 5172 3173 5225 turbare
3201 5170 3384 5222 omnia
3415 5167 3604 5220 nitun-

2025 5276 2131 5330 tur,
2164 5266 2310 5335 quod
2337 5279 2554 5320 omnem
2594 5263 2726 5316 mihi
2757 5262 2974 5317 videtur
3022 5259 3352 5316 calamitatis
3381 5257 3604 5313 modum

2024 5356 2289 5412 excedere
2333 5375 2346 5410 :
2387 5355 2490 5410 hac
2540 5354 2608 5409 de
2647 5367 2812 5408 causa
2863 5368 2958 5409 vos
3003 5360 3219 5424 sponte,
3247 5349 3392 5420 quod
3426 5349 3604 5414 aiunt,

1684 5528 1926 5590 nam:
1960 5509 2366 5591 LECTIONES.

429 5699 479 5734 "'
510 5699 686 5768 ταύτῃ
702 5695 968 5753 omissum
996 5699 1048 5752 in
1076 5699 1244 5752 Basil.
1275 5696 1449 5751 Griec.
1524 5694 1877 5768 θ’ἡμέτερον.
1907 5694 2296 5768 Athanasius._
2338 5693 2384 5726 ⁹⁶
2416 5692 2492 5768 lta
2519 5693 2684 5768 Basil‘.
2722 5693 2920 5768 Graec”
2959 5694 3224 5768 Stephan.
3260 5702 3327 5768 et
3360 5691 3603 5768 Athana-

335 5774 478 5828 sius.
514 5757 789 5825 Sirm'oudi
818 5779 1000 5824 textus
1031 5769 1263 5822 habebat
1293 5769 1419 5828 τοὺς
1451 5768 1548 5836 τῆς
1700 5757 1790 5834 ὀμ.
1814 5765 1911 5836 τὴν
1945 5765 2122 5834 χάριν.
2168 5835 2171 5836 ν
2198 5764 2616 5836 ντ-ᾁγαπήσατε.
2644 5763 2808 5836 llasil.
2837 5757 2958 5836 Gri,
2992 5757 3214 5836 Steph._
3257 5763 3416 5836 “at?
3447 5761 3604 5815 abest

331 5859 363 5896 ιι
398 5842 563 5898 liasil.
591 5840 766 5894 Graec.

843 5841 886 5878 ⁸³
915 5839 1154 5905 ese-mg.
1197 5833 1535 5905 Clu-istoito,
1573 5833 1796 5906 δαημς..
1826 5833 2061 5892 Casaub.
2105 5836 2120 5866 ¹
2161 5835 2218 5887 ἐν
2247 5834 2410 5904 Τύρῳ
2439 5835 2594 5889 abest
2627 5849 2656 5888 a
2693 5834 2856 5891 Basil.
2893 5833 3148 5893 Grazc.’et
3181 5833 3439 5904 Stepltan.
