4098 6418
470 348 574 410 983

1451 351 1938 413 TIIEODORETI
1964 353 2304 414 EPISCOPI
2337 350 2703 414 CYRENSIS

3637 354 3750 421 984

396 491 397 494 η
472 467 763 514 currentes
799 459 1010 523 hortor,
1057 468 1114 514 ut
1160 459 1374 530 abiecta
1407 464 1555 517 omni
1598 465 1951 522 cunctatione
2001 467 2057 522 in

2173 469 2328 538 ὅμᾶς,
2361 467 2421 520 τὸ
2447 466 2542 520 τοῦ
2567 467 2750 536 λόγου,
2779 465 3181 539 προτρέπομαι,
3205 467 3375 541 χωρίς
3405 486 3552 534 τινος
3583 472 3752 544 ὑπερ-

477 567 644 604 unum
700 551 1064 616 conveniatis,
1113 554 1493 624 synodumque
1525 545 1836 619 celebretis,
1866 556 1936 622 iis
1967 557 2059 628 qui

443 634 446 636 ⁷
475 643 682 697 auxilio
717 644 960 715 indigent
986 644 1354 714 opitulemini,
1391 643 1773 702 laborantibus
1794 645 2062 705 fratribus

477 735 838 797 subveniatis.
868 737 1134 791 distracta
1168 738 1411 792 membra
1465 740 1533 794 ad
1589 742 1944 796 concordiam
1979 759 2064 799 re-

479 809 707 890 vocetis,
740 837 920 881 errata
965 827 1094 881 dum
1149 836 1364 898 tempus
1416 832 1624 900 patitur
1659 817 1972 902 corrigatis,
2004 843 2064 889 ut

477 912 559 996 tot
612 919 888 988 tantisque
941 919 1244 990 provinciis
1305 909 2062 994 congruentem'animorum

479 997 899 1090 consensionem
931 1007 1211 1086 rcddatis,_
1244 1028 1406 1082 quam
1442 1029 1766 1084 paucorum,
1801 1017 1938 1087 prob
1961 1034 2062 1074 ne-

479 1099 564 1156 fas
590 1091 602 1154 ί
641 1103 924 1158 hominum
950 1105 1205 1175 Superbia
1235 1097 1547 1177 dissipavit.
1575 1108 1690 1165 Hoc
1714 1121 1898 1166 autem
1931 1114 2064 1184 quin

478 1200 532 1244 et
592 1191 702 1247 Deo
767 1195 934 1265 817
990 1198 1376 1253 universorum
1433 1191 1674 1255 Domino
1717 1213 1955 1273 gratum,
2011 1214 2066 1260 et

479 1285 637 1340 nobis
662 1286 820 1357 longe
844 1290 1280 1359 Optatissimum,
1319 1299 1372 1345 et
1408 1291 1566 1348 vobis
1611 1292 1769 1363 ipsis,
1799 1296 1844 1349 si
1876 1310 2063 1364 pacem

481 1377 861 1441 restilueritis,
888 1396 994 1435 non
1019 1381 1228 1452 vulgari
1263 1382 1452 1452 gloria:
1477 1385 1676 1440 merito
1703 1385 1950 1440 futurum
1974 1387 2063 1451 sit,

483 1469 759 1525 neminem
783 1479 913 1540 puto
931 1487 1054 1527 esse
1082 1474 1395 1528 mortalium
1424 1475 1514 1543 qui
1535 1477 1813 1548 reclamet.
1830 1476 2065 1536 Proinde

483 1559 582 1614 ne'
615 1562 852 1631 amplius
915 1566 1250 1621 cunctemini
1306 1567 1458 1623 :sed
1512 1569 1722 1623 intento
1755 1569 1867 1639 jam
1919 1587 2068 1626 nunc

482 1641 843 1733 stu‘diofdate
887 1671 1132 1726 operam,
1177 1667 1236 1712 ut
1298 1675 1418 1728 quae
1480 1661 1688 1717 instant
1745 1664 2067 1733 congruenti

481 1731 634 1801 exitu
686 1749 1020 1813 terminetis,
1071 1767 1195 1806 cum
1256 1753 1429 1812 omni,
1480 1755 1798 1812 sinceritate
1847 1772 1912 1812 ac
1965 1759 2069 1813 fide

483 1828 768 1914 coeuntes,
799 1854 962 1909 quam
997 1841 1199 1911 passim
1252 1840 1513 1897 Servator
1565 1845 1676 1910 ille,
1729 1862 1890 1916 quem
1933 1847 2069 1901 coli-

385 2002 390 2008 _
486 1945 626 1994 unus,
660 1937 871 1986 tantum
922 1948 1031 1988 non
1073 1933 1220 1988 edita
1271 1950 1407 1991 voce
1446 1951 1477 1991 a
1511 1938 1674 1993 nobis
1722 1939 2069 2009 potissimum

483 2020 763 2091 efﬂagitat.
790 2023 869 2078 Ad
894 2040 979 2080 me
1001 2042 1153 2094 vero,
1182 2025 1696 2099 providentiamque
1720 2045 1896 2096 meam
1921 2031 2070 2101 quod

487 2113 709 2179 attinet,
746 2114 884 2170 nihil
913 2117 1344 2173 desiderabitur.
1379 2119 1511 2185 Quae
1539 2103 1635 2192 per
1670 2121 1880 2175 litteras
1900 2121 2071 2191 signi-

489 2201 720 2270 ﬁcaslis,
761 2206 944 2260 omnia
997 2208 1230 2278 explevi.
1275 2208 1486 2279 Scripsi
1541 2213 1816 2282 episcopis
1870 2212 2071 2282 quibus

485 2296 761 2364 voluistis,
785 2307 844 2354 ut
870 2299 1075 2364 adsint,
1103 2309 1156 2355 et
1185 2302 1239 2356 in
1265 2310 1474 2371 partem
1504 2318 1761 2357 curarum
1787 2305 2070 2360 vobiscum

485 2389 732 2445 veniant.
765 2389 888 2447 Misi
927 2393 1090 2447 etiam
1133 2393 1451 2466 Dionysium
1478 2379 1948 2462 _exconsularem,
1979 2397 2073 2467 qui

487 2488 544 2534 et
600 2469 890 2550 episcopos
943 2479 1088 2553 quos
1160 2486 1226 2538 ad
1282 2485 1552 2555 synodum
1610 2489 1802 2542 venire
1857 2497 2074 2558 oportet

489 2569 967 2636 commonefaciat,
1023 2581 1078 2628 et
1127 2590 1318 2629 eorum
1369 2592 1490 2646 quae
1540 2588 1823 2648 gerentur,
1883 2581 2074 2650 impri-

491 2656 706 2726 misque
761 2662 895 2714 recti
950 2662 1160 2716 ordinis
1211 2663 1528 2719 moderator
1580 2666 1824 2722 assistat.
1861 2668 1918 2722 Si
1949 2670 2074 2739 quis

435 2750 442 2757 '
490 2747 659 2821 enim,
698 2747 846 2816 quod
903 2748 1130 2804 minime
1175 2751 1448 2821 suspicor,
1480 2753 1787 2822 jussionem
1827 2765 2074 2822 nostram

489 2837 656 2892 etiam
717 2855 864 2895 nunc
923 2841 1150 2912 rejicere
1205 2845 1454 2920 studens,
1491 2847 1686 2902 adesse
1719 2852 1735 2870 '
1783 2831 2072 2918 recusarit,

495 2929 623 3010 hinc
663 2945 692 2984 a
731 2932 889 2988 nobis
921 2934 1310 3007 mittetur,qui
1337 2935 1405 2994 de
1426 2933 1526 2994 suo
1548 2939 1699 2993 illum
1727 2941 1896 3010 gradu
1922 2958 2075 2997 man-

491 3007 623 3074 dato
651 3029 842 3077 nostro
872 3019 1114 3092 dejiciat,
1138 3026 1441 3097 doceatque
1467 3007 1814 3098 imperatoris
1837 3029 2075 3088 decretis

2166 559 2366 626 θέσεως
2419 564 2498 624 είς
2549 560 2717 614 ταύτὸ
2760 560 3112 632 συνδραμεῖν,
3160 561 3256 615 καὶ
3308 561 3600 634 πληρῶσαι
3647 565 3757 632 τὴν

2166 649 2406 715 σύνοδον,
2441 648 2722 720 ἐπαμῦναι
2757 649 3206 727 τοϊς-χρῄζουσιν
3246 653 3591 724 ἐπικουρίας,
3622 658 3760 719 τοὺς

2165 739 2429 810 ἀδελφοὺς
2486 731 2772 810 ἰατρεῦσαι
2825 739 3240 806 κινδυνεύοντας
3280 745 3322 808 ⁸,
3363 745 3444 807 εἰς
3498 744 3762 814 ὁμόνοιαν

2165 825 2536 901 ἐπαναγαγεῖν
2569 831 2682 903 [62]
2718 833 2788 886 τά
2831 831 3098 888 διεστῶτα
3137 833 3248 888 τῶν
3290 834 3490 904 μελῶν,
3524 835 3759 908 διορθώ-

2163 923 2366 990 σασθαι
2404 925 2475 979 τά
2506 925 2981 997 πλημμελούμενα
3013 927 3090 991 ὡς
3123 928 3144 959 ³
3183 929 3378 999 καιρὸς
3431 929 3718 999 ἐπιτρέπει
3740 948 3756 962 ο

2168 1017 2256 1070 ἵνα
2288 1020 2410 1081 ταῖς
2459 1017 2752 1081 τοσαύταις
2788 1019 3080 1090 ἐπαρχίαις
3111 1019 3574 1097 τὴνππρέπῶσαν
3618 1023 3761 1076 ἀπο-

2167 1107 2301 1188 δῶτε
2347 1110 2687 1180 συμφωνίαν,
2708 1110 2802 1181 ῆν,
2837 1109 2954 1181 φεῦ,
2999 1110 3100 1180 τῆς
3127 1113 3375 1189 ,ᾁτοπίας
3404 1113 3761 1184 [ἐλαχίστων

2168 1200 2476 1272 ἀνθρώπων
2531 1194 2817 1270 ἀπώλεσεν
2847 1202 3161 1274 δύπεροψία.
3189 1205 3314 1257 ’Ὁτι
3357 1203 3414 1257 δὲ
3460 1203 3627 1257 τοῦτο
3661 1206 3762 1259 καὶ

2167 1290 2245 1360 τῷ
2269 1291 2515 1364 Δεσπότῃ
2546 1292 2657 1346 τῶν
2691 1293 2828 1347 ὅλων
2857 1293 2978 1364 Θεῴ
3012 1294 3169 1347 ἐστιν
3201 1295 3452 1366 ἅρεστον,
3497 1295 3590 1348 καὶ
3623 1296 3761 1367 ἡμῖν

2169 1383 2351 1453 πάσης
2399 1383 2566 1454 εὐχῆς
2598 1385 2919 1456 ὑπέρτερον,
2971 1386 3064 1439 καὶ
3098 1386 3227 1457 ὐμίν
3279 1386 3466 1450 αὐτοῖς
3493 1425 3508 1450 ,
3557 1385 3653 1439 ἐάν
3690 1405 3754 1455 γε

2168 1476 2270 1545 τὴν
2319 1477 2546 1548 εἰρήνην
2595 1477 3013 1546 ἀνακαλέσησθε
3039 1480 3081 1540 ⁸,
3122 1478 3183 1530 οὐ
3232 1478 3334 1548 τῆς
3376 1495 3439 1543 γε
3485 1478 3759 1549 τυχούσης

2171 1567 2321 1634 ἄξιον
2376 1568 2652 1635 εὐδοξίας,
2704 1568 2953 1634 ἅπαντας
2981 1569 3316 1641 ,ἀνθρώπους
3349 1570 3762 1641 συνομολογεῖν

2171 1660 2432 1732 ἡγοῦμαι.
2453 1661 2544 1732 Μὴ
2570 1660 2749 1731 τοίνυν
2777 1652 2998 1731 μέλλετε
3025 1660 3234 1725 λοιπὸν,
3253 1661 3368 1714 ἀλλ’
3390 1661 3764 1724 ἐπιτείναντες

2173 1753 2423 1806 ἐντεῦθεν
2453 1753 2553 1823 ἤδη
2592 1751 2662 1805 τά
2695 1753 2797 1822 τῆς
2846 1736 3178 1823 προθυμίας,
3219 1753 3333 1814 τοῖς
3372 1751 3763 1823 προκειμένοις

2173 1845 2298 1915 ὅρον
2329 1843 2596 1897 ἐπιθεῖναι
2634 1844 2977 1898 σπουδάσατε
3027 1844 3119 1897 τὸν
3162 1845 3545 1914 προσήκοντα,
3602 1845 3746 1914 μετὰ

2173 1935 2355 2006 πάσης
2399 1935 2748 2007 εἰλικρινείας
2774 1937 2795 1968 ³
2827 1935 3026 2006 δηλαδὴ
3075 1935 3170 1989 καὶ
3208 1935 3448 1998 πίστεως·
3479 1935 3764 1989 συνελθόν·

2172 2044 2284 2091 τες,
2314 2027 2380 2096 ἢν
2414 2026 2721 2096 ἑκασταχοῦ
2760 2027 3044 2097 μονονουχὶ
3076 2027 3478 2097 φωνὴνηάφιεὶς
3564 2027 3760 2102 Σωτὴρ

2174 2119 2400 2181 ἐκεῖνος,
2429 2111 2473 2185 ᾧ
2503 2116 2865 2194 λατρεύομεν,
2893 2119 3118 2192 ἀπαιτεῖ
3143 2117 3399 2188 μάλιστα.
3431 2119 3574 2189 Παρῖ
3601 2118 3761 2191 ἡμῶν

2129 2253 2136 2261 .
2173 2205 2230 2260 δὲ
2264 2205 2416 2260 οὐδὲν
2461 2205 2570 2258 τῶν
2609 2207 2706 2270 εἰς,
2735 2205 2836 2276 τὴν
2871 2206 3012 2276 ἐμὴν
3060 2204 3350 2260 εὐλάϐειαν
3394 2205 3638 2276 ἡκόντων
3673 2206 3763 2256 ἐν·

2173 2283 2722 2366 δεήσειξῐιάνταμοι
2754 2295 3075 2366 πέπρακται
3103 2295 3204 2348 ὅσα
3233 2294 3539 2365 γράφοντες
3563 2292 3763 2363 ἐδηλώ-

2175 2405 2328 2442 σατε.
2383 2387 2745 2441 Ἐπέστειλαθ
2787 2388 2924 2460 πρὸς
2973 2385 3068 2450 οὒς
3119 2384 3447 2456 ἐϐουλήθητε
3492 2385 3600 2438 τῶν
3644 2386 3764 2437 ἐπιο

2177 2480 2416 2545 σκόπων,
2449 2479 2536 2532 ἵνα
2566 2479 3003 2552 παραγενόμενοι
3050 2478 3454 2549 κοινωνήσωσιν
3494 2477 3624 2546 ὑμῖν
3648 2475 3763 2528 τῶν

2176 2572 2616 2642 φροντισμάτων.
2645 2568 2970 2624 Ἀπέστειλα
3009 2569 3285 2623 Διονύσιον
3312 2568 3403 2621 τὸν
3434 2568 3542 2622 ἀπὸ
3573 2569 3763 2641 ὐπατι-

2176 2663 2309 2726 κῶν,
2345 2662 2405 2726 ὃς
2434 2661 2529 2715 καὶ
2556 2661 2681 2724 τούς
2721 2660 3036 2729 ὀφείλοντας
3062 2659 3151 2720 ,εἰς
3176 2657 3274 2728 τὴν
3309 2651 3549 2725 ’σύνοδον
3573 2655 3764 2722 ἀφικέ·

2178 2755 2301 2808 σθαι
2351 2753 2467 2823 μεθ’
2497 2753 2653 2824 ὐμῶν
2686 2751 3017 2822 ὑπομνήσει,
3053 2749 3148 2802 καὶ
3194 2747 3303 2800 τῶν
3339 2745 3758 2819 πραττομένων,

2177 2846 2472 2918 ἐξαιρέτως
2519 2845 2577 2898 δὲ
2619 2844 2718 2914 τῆς
2767 2841 3020 2906 εὐταξίας
3069 2840 3422 2902 κατάσκοπος
3462 2837 3758 2908 παρέσται.

2191 2935 2315 2988 Ἐὰν
2354 2937 2464 3008 γάρ
2499 2953 2603 3000 τις,
2651 2935 2727 2997 ὡς
2774 2932 2951 3000 ἔγωγε
2989 2931 3091 2984 οὐκ
3141 2927 3316 3000 οἶμαι,
3349 2929 3450 3001 τὴν
3483 2928 3761 3000 ἡμετέραν

2178 3026 2428 3080 κέλευσιν
2476 3025 2570 3077 καὶ
2628 3024 2722 3077 νῦν
2769 3019 3200 3092 διακρούσασθαι
3257 3018 3636 3091 πειρώμενος,
3685 3018 3762 3090 μὴ

492 3125 590 3177 pro
615 3099 848 3167 veritate
873 3113 1038 3170 editis
1072 3116 1329 3171 reluctari
1371 3118 1523 3174 nefas
1564 3135 1708 3176 esse.
1748 3121 2070 3180 Sanctitatis

2181 3117 2415 3188 βουληθῇ
2455 3113 2885 3186 παραγενέσθαι,
2920 3112 3171 3166 ἐντεῦθεν
3218 3114 3349 3184 παρ’
3386 3112 3542 3183 ἡμῶν
3576 3113 3595 3142 ⁷
3635 3113 3762 3164 ἀπο-

489 3199 689 3256 νεεινίε
721 3203 786 3258 de
821 3214 1021 3259 cmtero
1057 3216 1239 3276 partes
1280 3217 1464 3272 erunt,
1521 3218 1581 3264 ut
1632 3213 1892 3267 concordi
1935 3213 2078 3280 judi-

492 3294 600 3359 cio,
625 3296 769 3364 quod
819 3313 919 3351 nec
955 3298 1082 3352 odio
1129 3301 1352 3370 serviat,
1389 3319 1490 3357 nec
1521 3305 1729 3373 gratiae,
1761 3305 1856 3370 sed
1900 3295 2077 3361 eccle-

493 3386 772 3442 siasticam
808 3387 976 3458 818
1005 3398 1059 3442 et
1093 3391 1448 3460 apostolicam
1485 3395 1727 3464 regulam
1788 3405 2074 3467 sequatur,

494 3481 759 3551 quidquid
795 3492 1076 3552 peccatum
1102 3494 1204 3552 est,
1238 3494 1330 3541 aut
1363 3504 1456 3557 per
1472 3505 1718 3546 errorem
1748 3491 2073 3558 admissum,

496 3563 805 3644 congruens
844 3576 1144 3630 remedium
1194 3579 1516 3648 exquiratis.
1565 3579 1637 3635 Ut
1681 3590 1734 3636 et
1771 3582 2073 3640 Ecclesiam

496 3664 643 3744 omni
677 3664 1018 3734 blasphemia
1060 3668 1321 3734 liberetis,
1353 3680 1405 3726 el
1436 3671 1862 3728 sollicitudinem
1900 3689 2076 3729 meam

495 3755 772 3823 relevetis,
818 3758 1080 3829 pacisque
1131 3760 1455 3817 beneficium
1494 3764 1563 3817 iis
1610 3766 1704 3834 qui
1739 3780 1883 3819 nunc
1911 3765 2076 3821 dissi-

495 3847 626 3903 dent
673 3851 1056 3914 restitucntcs,
1097 3853 1326 3921 gloriam
1381 3856 1538 3910 vobis
1590 3855 1725 3926 ipsis
1779 3856 2073 3911 maximam

495 3948 846 4016 comparelis.
870 3945 1013 4002 Deus
1037 3963 1132 4002 vos
1156 3959 1461 4013 conservet,
1486 3949 1681 4005 fratres
1705 3950 2072 4006 dilectissimi.

495 4034 700 4107 Tyrum
735 4037 902 4107 igitur
961 4037 1066 4092 hoc
1118 4038 1281 4093 modo
1335 4039 1739 4096 conﬂuentibus
1774 4041 2074 4110 episcopis,

493 4135 764 4180 venerunt
793 4127 956 4180 etiam
1007 4129 1256 4182 nonnulli
1301 4145 1478 4199 pravae
1525 4130 1792 4184 doctrinae
1846 4131 2079 4186 insimu-

498 4217 612 4281 lati,
639 4232 870 4287 quorum
912 4233 941 4272 c
975 4234 1206 4274 numero
1233 4219 1333 4274 fuit
1377 4222 1638 4289 Asclepas
1683 4221 1932 4278 Gazaaus.
1969 4219 2076 4278 Ve-

497 4308 578 4362 nit
605 4317 657 4364 et
693 4309 1051 4367 admirandus
1089 4314 1441 4370 Athanasius.
1479 4314 1635 4370 Libet
1681 4324 1862 4370 autem
1908 4329 2075 4369 accu-

497 4403 729 4458 sationis
762 4403 913 4473 prius
937 4419 1210 4474 exponere
1237 4406 1561 4477 tragoediam
1589 4425 1603 4462 :
1636 4414 1752 4462 tum
1781 4422 1845 4462 ea
1879 4405 2078 4461 deinde

497 4511 618 4562 qua:
651 4494 704 4547 in
733 4493 945 4550 famoso
969 4495 1178 4566 judicio
1207 4498 1579 4567 contigerunt.
1625 4530 1630 4534 -
1658 4531 1661 4534 -

2182 3212 2530 3281 σταλήσεται,
2574 3211 2632 3273 ὃς
2674 3210 2738 3262 ἐκ
2787 3206 3067 3278 βασιλικοῦ
3125 3209 3550 3278 προστάγματος
3596 3205 3762 3259 αὐτὸν

2179 3292 2445 3368 ἐκϐαλὼν,
2487 3302 2562 3365 ὼς
2582 3291 2646 3353 οὐ
2679 3301 2957 3372 προσῆκεν
3002 3299 3150 3370 ὅροις
3177 3297 3580 3368 αὐτοκράτορος
3619 3296 3762 3378 ὐπέρ

2178 3396 2279 3464 τῆς
2303 3395 2324 3426 ⁸
2355 3393 2616 3462 ἀληθείας
2650 3391 3012 3462 ἐξενεχθεῖσιν
3048 3389 3367 3444 ἀντιτείνειν
3396 3387 3622 3452 διδάξεα-
3645 3389 3765 3439 Λοιε

2181 3484 2280 3537 που
2309 3481 2462 3536 ἔσται
2483 3482 2582 3552 τῆς
2603 3480 2877 3552 ὐμετέρας
2901 3477 3182 3551 ὁσιότητος
3211 3479 3390 3549 ἔργον,
3421 3475 3764 3547 ὁμογνώμονι

2179 3575 2380 3646 κρίσει,
2411 3575 2548 3646 μήτε
2578 3573 2717 3643 πρὸς
2741 3572 3058 3642 ἀπέχθειαν,
3094 3573 3232 3642 μήτε
3264 3570 3400 3648 πρὸς
3430 3569 3611 3639 χάριν,
3641 3569 3764 3620 ἁκοο

2178 3667 2383 3730 λούθως
2409 3683 2468 3719 τε
2500 3664 3052 3736 τῶίέκκλησιαστικῴ
3074 3663 3166 3716 καὶ
3189 3661 3529 3731 ἀποστολικῷ
3553 3660 3761 3722 κανόνι,

2178 3761 2294 3822 τοῖς
2334 3757 2831 3830 πλημμεληθεῖσιν,
2865 3757 2962 3808 εἴτ’
2994 3752 3086 3808 οὖν
3119 3754 3263 3808 κατὰ
3295 3754 3520 3823 σφάλμα
3561 3752 3764 3823 συμϐε-

2180 3851 2394 3922 ϐηκόσι,
2429 3850 2527 3920 τὴν
2563 3849 2939 3920 ἁρμόττουσαν
2967 3846 3265 3916 θεραπείαν
3295 3844 3602 3914 ἐπινοῆσαι.
3643 3845 3766 3897 Ἵνα

2181 3945 2273 3999 καὶ
2323 3945 2504 4015 πάσης
2537 3941 2886 4012 βλασφημίας
2913 3937 3333 4009 ἐλευθερώσητε
3379 3938 3478 4008 τὴν
3539 3937 3765 4006 Ἐκκλη-

2183 4036 2327 4101 σίαν,
2380 4037 2473 4088 καὶ
2507 4036 2604 4097 τὰς
2652 4032 2791 4102 ἐμὰς
2825 4034 2845 4063 ⁹
2881 4031 3276 4100 ἐπικουφίσητε
3309 4029 3616 4104 φροντίδας,
3668 4029 3764 4081 καὶ

2179 4129 2277 4201 τὴν
2300 4130 2400 4199 τῆς
2425 4112 2831 4198 εἰρήνης’χάριν
2870 4127 2982 4187 τοῖς
3022 4123 3116 4177 νῦν
3153 4121 3600 4197 στασιαζομένοις
3627 4121 3763 4173 ἀπο-

2178 4222 2380 4284 δόντες,
2419 4220 2683 4292 μεγίστην
2719 4217 2966 4271 εύκλειαν
3000 4218 3127 4286 ὐμῖν
3155 4216 3338 4278 αὐτοῖς
3366 4214 3758 4286 προξενήσητε.

2191 4312 2250 4380 ΪΟ
2282 4312 2413 4375 Θεὸς
2439 4312 2596 4380 ,ὑμᾶς
2623 4309 2998 4378 διαφυλάττοι,
3026 4307 3247 4376 ἀδελφοὶ
3277 4306 3573 4385 ἀγαπητοί.
3605 4304 3762 4358 Οῦτω

2180 4403 2244 4472 δὴ
2279 4402 2388 4456 τῶν
2423 4401 2740 4454 ἐπισκόπων
2764 4401 2843 4463 εἰς
2876 4399 2975 4468 τὴν
2999 4398 3172 4468 Τύρον
3203 4388 3669 4450 συναυλισθέντων
3695 4395 3758 4458 ⁸ο,

2009 4523 2014 4530 ε
2111 4487 2152 4540 D
2181 4493 2439 4563 ἀφίκοντο
2472 4493 2570 4562 μὲν
2599 4491 2692 4544 καὶ
2722 4489 2875 4542 ἄλλοι
2897 4489 3040 4568 τινὲς
3071 4488 3361 4558 δογμάτων
3387 4486 3685 4558 διαφθορὰν
3719 4487 3758 4517 ¹¹

496 4589 911 4660 ἐγκαλούμενοι,
944 4584 1018 4644 ὧν
1065 4588 1146 4654 εἷς
1189 4587 1257 4661 ἦν
1291 4593 1386 4645 καὶ
1418 4592 1736 4664 Ἀσκληπᾶς
1763 4594 1791 4646 ὁ
1819 4592 2070 4657 Γαζαῖος.
2116 4589 2371 4658 Ἀφίκετο
2395 4588 2450 4640 δὲ
2484 4589 2578 4640 καὶ
2605 4585 2923 4648 Ἀθανάσιος
2973 4587 3001 4638 ὁ
3045 4584 3347 4655 θαυμάσιος
3384 4585 3448 4638 ¹¹.
3495 4583 3762 4653 Βούλομαι

496 4683 553 4737 δέ
589 4681 805 4754 πρῶτον
857 4684 956 4753 τὴν
1005 4683 1105 4752 τῆς
1155 4683 1492 4753 κατηγορίας
1542 4684 1909 4756 διηγήσασθαι
1947 4683 2278 4756 τραγῳδίαν,
2311 4677 2410 4734 εἷθ’
2449 4678 2624 4744 οὕτως
2653 4676 3080 4750 συγγράψασοαι
3134 4675 3176 4707 ⁸³
3237 4676 3304 4729 τά
3355 4675 3494 4729 κατὰ
3564 4675 3624 4728 τὸ
3672 4691 3763 4726 πο-

497 4772 860 4844 λυθρύλλητον
882 4773 1249 4844 δικαστήριον.

757 4865 908 4920 CAP.
950 4865 1189 4921 xxvul.
1227 4866 1308 4927 ru.
1353 4866 1432 4920 ει.
1468 4867 1568 4922 Ch.
1601 4868 1661 4920 v.
1697 4867 1812 4939 50.]

887 4957 964 5011 De
991 4958 1214 5011 concilio
1250 4956 1378 5028 Tyri
1409 4958 1688 5013 celebrata.

567 5050 836 5106 Arsenius
875 5049 1096 5120 quidam
1143 5058 1283 5113 erat,
1328 5049 1626 5106 Mclelianae
1673 5047 2080 5104 communionis

2674 4857 2790 4929 [οδ]
2834 4858 3085 4910 ΚΕΦΑΛ.
3127 4857 3262 4908 KH'.
3345 4927 3350 4933 _

2317 4953 2452 5021 Περὶ
2485 4951 2594 5018 τῆς
2615 4951 2683 5005 ἐνν
2718 4951 2880 5018 Τύρῳ
2910 4947 3622 5024 γεγενημέιτηςσυνόδου.

2268 5044 2543 5115 Ἀρσένιός
2570 5060 2655 5106 τις
2680 5043 2787 5097 τῶν
2811 5042 3074 5096 Μελετίου
3105 5041 3437 5095 κοινωνικῶν
3464 5041 3761 5103 ἐπίσκοπος

1813 5136 2046 5193 VARle
2088 5133 2482 5191 LECTIONES.

574 5238 594 5267 ³
625 5235 1097 5298 κινδυνεύσαντας.
1131 5234 1296 5288 Basil.
1327 5233 1421 5287 Gr.
1452 5241 1504 5288 et
1528 5232 1644 5286 Lat.

503 5303 709 5378 IV._42.
785 5305 1232 5378 δ--ὲπικαλέσηὶθε
1282 5304 1548 5378 Stephan_.
1627 5302 1986 5378 5__1r_poOup.l_ag
2047 5299 2410 5378 .Ghristophzr
2451 5299 2603 5378 _‘_lta
2630 5299 2989 5378 rescribendu

501 5375 768 5440 probante
797 5373 1015 5430 Valesio
1049 5365 1490 5429 ad'Eusebii'cit.
1527 5373 1630 5428 loc.
1666 5365 1994 5426 Sirmondus
2035 5365 2339 5440 ἀπέστειλα
2363 5366 2630 5440 habebat,
2665 5367 2808 5436 quod
2826 5366 3033 5440 estin
3068 5365 3254 5440 Steph.

1728 5233 1746 5263 ³
1775 5231 1898 5295 ἕως.
1929 5229 2246 5298 Christoph.
2277 5236 2332 5284 et
2360 5227 2566 5298 Euseb.
2606 5226 2698 5296 qui
2726 5225 2868 5279 hanc
2891 5225 3052 5296 epist.
3092 5223 3381 5298 habetDe
3412 5226 3519 5278 vita
3568 5225 3759 5298 Const.

2477 5298 2497 5327 ⁶
2529 5297 2603 5350 lta
2625 5294 3042 5350 rescribendum
3082 5311 3113 5349 e
3145 5297 3310 5351 Basil.
3343 5294 3517 5347 Graec.
3552 5304 3606 5349 et
3637 5295 3757 5348 Lat.

3343 5366 3362 5396 "
3397 5364 3412 5417 Ι
3421 5375 3469 5418 ta
3502 5365 3758 5433 rescripsi

503 5435 626 5495 i-uin
661 5444 972 5512 Christoph.
1012 5453 1065 5500 et
1122 5444 1422 5512 Scaligero,
1477 5443 1713 5512 itemque
1767 5441 2273 5512 Valesiifditioue.
2317 5435 2995 5512 εοὶιΊιιριιιΙιιξοιιιῐι-Βαείιἱ
3029 5443 3084 5512 et
3117 5435 3306 5512 Steph.
3352 5435 3582 5512 habebat
3604 5437 3758 5512 ἡμῖν.

505 5511 524 5539 ⁸
563 5513 689 5581 περὶ
717 5514 814 5582 τῆς
842 5506 1000 5582 άληθ.
1037 5506 1362 5582 ἐξενεχθεῖσι
1392 5515 1466 5582 μὴ
1495 5506 1830 5582 ἀντιτείνειν.
1874 5509 1948 5564 Ita
1968 5509 2346 5582 :Basil_._Gra:c.
2364 5515 2436 5582 _et
2463 5506 2583 5582 Lat.

772 5549 2530 5651 ELECigéf'Yﬁéiqifé‘tias}?'15'3Jil30}oiééé:mv.uasat.
2561 5549 2666 5631 Gr?
2690 5584 2744 5629 et
2777 5574 2895 5651 Lat.
2933 5549 3394 5651 Συνζιλισθέντωνὲ
3424 5575 3758 5651 Stephanus.

507 5585 713 5653 phan.__
747 5581 779 5614 ⁹⁷
797 5581 895 5653 τὰς
919 5584 1176 5653 ἐμαυτοῦ.
1190 5581 1199 5584 ’
1214 5581 1463 5653 Uterque
1477 5583 1642 5638 Basil.

507 5651 563 5703 lu
595 5647 782 5722 codice
811 5647 991 5705 Allatii
1016 5663 1133 5722 erat
1165 5670 1178 5705 :
1209 5647 1464 5722 οὖτωίδὴ

1503 5653 1612 5704 τῶν
1643 5652 1957 5704 ἐπισκόπων
1986 5647 2122 5719 πρὸς
2155 5650 2281 5711 τοὺς
2312 5647 2575 5719 ἐξήκοντα
2610 5663 2706 5719 συν

2621 5505 2807 5572 Quoad
2866 5505 2996 5558 illud
3026 5504 3098 5574 μὴ
3121 5504 3293 5558 ἀντιτ.
3326 5505 3600 5559 consentit
3629 5504 3760 5558 Ste-

2781 5645 2999 5708 θέντων,
3035 5661 3066 5700 e
3096 5644 3337 5700 Socratis
3363 5643 3760 5714 Sozomenique

512 5663 563 5703 In
595 5663 782 5704 coulce
811 5663 991 5705 Allatu
1016 5663 1133 5706 erat
1165 5670 1178 5705 :
1209 5663 1353 5706 ουτω
1399 5663 1464 5722 δὴ
1503 5669 1612 5704 των
1643 5663 1957 5704 επισκοπων
1987 5663 2122 5719 προς
2155 5663 2281 5711 τους
2312 5663 2575 5716 εςηκοντα
2610 5663 2999 5770 συναέυεντων,
3035 5663 3066 5700 e
3096 5663 3337 5700 δοοηιιιε
3363 5663 3760 5724 Sozomemque

512 5719 827 5796 narratione
867 5791 878 5796 _
889 5721 1225 5796 suppletum.
1285 5721 1458 5796 _”8_tdi
1481 5719 1744 5796 ξρθοράνη
1782 5719 2190 5790 Christophors.
2237 5717 2508 5787 Διαφοράν
2539 5714 2704 5774 Basnl.
2779 5731 2824 5772 r.
2902 5717 2941 5748 ¹¹
2977 5719 3004 5769 ὁ
3034 5715 3198 5785 θαυμ.
3246 5715 3425 5769 Ἀθαν.
3468 5713 3631 5770 Basd.
3665 5715 3763 5770 Gr.

511 5798 564 5844 et
597 5791 786 5862 Steph.
865 5790 906 5822 ¹³
939 5789 1265 5862 συγγράψαι.
1285 5791 1448 5849 Basil.
1474 5789 1570 5847 Gr.
