4098 6402
447 379 553 444 987

1421 384 1910 446 THEODORETI
1952 382 2293 447 EPISCOPI
2321 387 2688 451 CYRENSIS

450 496 635 562 factis,
660 510 784 552 cum
810 506 1163 555 accusatores
1186 507 1239 555 et
1258 499 1474 569 judiees
1496 500 1762 559 facinoris
1788 503 2030 560 conscios

2145 502 2298 573 παρὰ
2341 502 2437 557 τοῦ
2484 501 2718 573 Ποιητοῢ
2746 501 2854 556 τῶν
2894 503 3033 558 ὅλων
3065 501 3280 571 ἐδέξατο
3311 506 3519 576 χεῖρας.
3559 506 3716 565 Ἀλλὰ

451 595 731 659 oporteret
773 588 829 643 in
876 588 1114 645 latebras
1148 605 1208 646 se
1236 590 1456 657 abdere,
1483 601 1785 662 optareque
1826 605 1885 649 ut
1932 595 2040 650 sibi

451 681 615 734 tellus
640 680 968 740 dehiscet-et,
998 681 1234 736 ttnnnltu
1277 697 1341 735 ac
1377 684 1645 740 seditione
1671 686 1855 741 omnia
1885 702 2039 742 com-

453 772 689 840 plevere,
748 773 1047 825 vent-ficum
1113 774 1445 842 appellantes
1499 776 1885 843 Athanasium,
1940 780 2034 850 qui

453 864 741 935 pravatigiis
772 863 1096 934 quibusdam
1133 870 1148 886 '
1177 866 1455 920 hominum
1487 870 1661 923 oculis
1692 872 2034 940 imponeret:

449 958 1124 1027 atqueillumdiscerpere
1176 966 1230 1013 et
1283 969 1523 1017 mactare
1567 963 1902 1028 nitebantur,
1944 964 2033 1037 qui

452 1051 731 1104 homicidii
766 1065 919 1103 reum
956 1052 1118 1122 paulo
1146 1061 1271 1107 ante
1307 1065 1646 1125 peregerant.
1681 1056 1788 1113 Sed
1832 1060 2035 1129 quibus

447 1141 810 1196 conservandi
837 1142 1050 1199 ordinis
1074 1160 1205 1199 cura
1236 1147 1413 1200 fuerat
1458 1149 1527 1202 ab
1580 1151 1906 1221 imperatore
1936 1155 2035 1208 de-

447 1232 727 1300 mandata,
803 1233 838 1286 ii
908 1235 1111 1290 caulem
1188 1238 1604 1307 prohibuerunt,
1677 1252 2034 1316 ereptumque

447 1324 699 1379 hostibus
744 1326 1008 1380 victorem
1037 1328 1257 1399 navigio
1303 1331 1669 1402 imponentes,
1714 1336 1834 1405 ejus
1870 1338 2032 1393 saluti

447 1415 867 1469 con5nlnerunt.
892 1415 995 1481 Qui
1033 1418 1097 1470 ad
1141 1419 1524 1488 imperatorem
1558 1433 1703 1476 recta
1731 1424 2029 1493 profectus,

446 1513 618 1558 totam
672 1507 844 1569 illum,
881 1515 939 1560 nt
987 1520 1107 1562 acta
1159 1508 1356 1575 fuerat,
1409 1514 1731 1582 tragoediam
1788 1515 2029 1571 edocuit.

450 1595 614 1664 321
669 1595 979 1651 Adversarii
1025 1614 1151 1653 vero
1203 1602 1464 1669 quosdam
1522 1600 1755 1672 partium
1806 1621 2029 1662 suarum

450 1688 763 1756 episcopos,
795 1687 1172 1760 TheOgunium
1212 1692 1466 1748 videlicet
1512 1693 1725 1762 Nicmac,
1760 1706 1815 1752 et
1852 1699 2032 1756 Theo-

448 1777 643 1829 dorum
683 1777 1046 1846 Perinthinm,
1108 1798 1173 1836 ac
1228 1782 1417 1838 Marini
1470 1786 1920 1853 Chalcedonium,
1977 1800 2032 1848 et

446 1868 670 1923 Cilicem
700 1869 1041 1937 Narcissum,
1074 1890 1198 1929 cum
1248 1876 1371 1930 aliis
1414 1878 1601 1933 eadem
1645 1881 2029 1949 sentientibus,

444 1962 503 2015 in
541 1961 833 2018 Mareotem
867 1967 1157 2022 miserunt.
1210 1968 1306 2023 Est
1355 1979 1535 2025 autem
1594 1972 1859 2032 Mareotes
1886 1963 2034 2047 regio

446 2051 812 2120 Alexandriae,
850 2072 877 2108 a
918 2056 1084 2111 Maria
1126 2059 1246 2113 lacu
1288 2076 1484 2116 nomen
1527 2067 1740 2123 sortita.
1782 2066 1855 2122 lbi
1894 2084 2030 2123 eon-

446 2144 667 2199 cinnato
727 2147 1033 2211 mendacio,
1092 2149 1356 2221 falsisque
1402 2154 1729 2223 quibusdam
1791 2158 2032 2216 conditis

444 2238 876 2304 commentariis,
919 2256 1042 2295 cum
1078 2243 1318 2300 detectas
1373 2258 1500 2302 ante
1555 2249 1864 2307 calumnias
1907 2260 2030 2309 tan-

444 2339 610 2393 quam
648 2343 803 2384 veras
843 2335 1228 2390 accusationes
1277 2340 1713 2408 contexuissent,
1746 2343 1812 2398 ad
1852 2344 2026 2417 impe-

447 2427 685 2473 ratorem
721 2421 1009 2481 miserunt.

517 2679 602 2755 [Β.
634 2683 715 2738 St.
739 2683 839 2739 Ch.
869 2684 934 2741 V.
962 2686 1079 2760 3L]
1107 2689 1212 2759 ipsi
1244 2707 1372 2745 vero
1393 2692 1595 2750 .lEliam
1621 2700 1849 2769 profecti
1877 2713 2027 2763 sunt.

1045 2779 1198 2834 CAP.
1243 2781 1435 2839 XXIX.

447 2864 529 2921 De
555 2870 802 2926 enceniis
839 2871 1227 2999 IiicrosolAi/nliis
1251 2876 1433 2961 factis,
1462 2891 1512 2936 et
1538 2882 1603 2939 de
1633 2886 1824 2940 exsilio
1856 2891 2032 2945 sancti

1128 2956 1386 2999 lienus".

1128 2956 1386 3003 (Itanasii.

523 3094 821 3168 Imperator
887 3100 1032 3154 enim
1110 3105 1405 3160 concilium
1479 3110 1824 3180 universum,
1884 3114 2030 3189 Tyro

443 3188 656 3250 relicta.
685 3189 887 3245 Etiam
926 3194 1166 3265 migrare
1186 3197 1451 3265 jusserat,
1473 3218 1647 3272 eoque
1677 3207 1812 3263 alios
1834 3188 2029 3267 omnes

449 3277 805 3348 undiquaqne
834 3284 1127 3338 convenire
1158 3298 1510 3357 praeceperat,
1560 3301 1615 3347 et
1663 3299 1857 3367 templa
1898 3300 2030 3358 inibi

445 3370 516 3425 ab
552 3370 671 3440 ipso
704 3372 971 3427 :mlificata
1015 3390 1365 3433 consecrare.
1405 3382 1548 3439 Misit
1596 3395 1777 3443 autem
1817 3399 1873 3446 et
1903 3409 2031 3461 pro-

441 3478 601 3518 ceres
630 3465 837 3533 aliquut
868 3481 935 3520 ex
970 3469 1187 3532 amicis,
1238 3473 1436 3541 pietate
1491 3490 1555 3530 ac
1607 3476 1711 3535 fide
1764 3481 2029 3549 illustres,

442 3556 649 3625 quibus
710 3557 1008 3628 imperarat
1063 3569 1123 3616 ut
1185 3567 1367 3623 omnia
1420 3571 1681 3628 omnibus
1728 3573 2033 3633 liberaliter

446 3651 893 3719 suppeditarent,
945 3669 1055 3708 non
1125 3656 1303 3712 solum
1373 3661 1671 3733 episcopis,
1728 3681 2032 3739 eorumque

442 3745 762 3810 comitibus,
810 3761 998 3801 verum
1047 3749 1210 3802 etiam
1255 3754 1546 3820 egentibus
1594 3757 1890 3823 universis,
1935 3762 2028 3831 qui

444 3836 698 3907 undeqne
735 3841 1119 3895 accnrrebant.
1162 3840 1411 3898 Divinum
1441 3862 1605 3916 porro
1629 3849 1801 3906 altare
1841 3854 2029 3912 aulaeis

444 3931 745 3999 regalibus,
779 3935 1037 4003 vasisque
1060 3937 1244 3991 aureis
1275 3940 1424 3992 omni
1460 3955 1657 4009 genere
1686 3959 2026 4015 gemmarum

443 4022 850 4078 collucentibus
908 4025 1225 4081 ornabatur.
1259 4027 1484 4085 Peracta
1524 4032 1578 4086 in
1608 4033 1758 4091 hunc
1807 4038 2027 4092 modum

446 4114 896 4184 splendidissima
920 4114 1235 4184 festivitate,
1278 4121 1517 4190 episcopi
1542 4123 1745 4192 singuli
1770 4124 1836 4179 ad
1871 4128 2029 4182 sedes

446 4220 578 4260 suas
611 4206 840 4260 rediere.
880 4203 1187 4275 Imperator
1228 4225 1359 4263 vero
1398 4211 1464 4265 de
1493 4212 1657 4282 822
1692 4216 2028 4274 celebritatis

448 4296 743 4365 splendore
772 4305 825 4350 et
847 4299 1251 4365 magnificentia
1276 4303 1479 4355 certior
1506 4305 1704 4366 factus,
1738 4307 2031 4362 vehemen-

447 4398 534 4445 ter
570 4386 791 4458 gavisus
820 4395 925 4453 est,
955 4389 1336 4460 bonorumque
1367 4391 1637 4461 Largitori
1671 4397 1874 4463 gratias
1892 4399 2027 4467 egit,

2140 593 2235 646 καὶ
2261 592 2466 647 τούτων
2489 594 2632 647 οὓτω
2665 592 3004 663 δειχθέντων,
3037 593 3401 648 καταδύεσθαι
3441 594 3560 649 δέον
3591 599 3716 662 τοὺς

2140 683 2603 756 κατηγοροῦντας,
2630 683 2851 736 καὶτῶν
2879 683 3209 748 δικαζόντων
3236 684 3362 747 τοὺς
3386 684 3716 748 συνειδότας.

2138 776 2234 829 καὶ
2266 775 2521 846 εὔχεσθαι
2550 775 2712 845 χᾶναί
2737 792 2887 843 σφισι
2917 775 3016 846 τὴν
3041 775 3168 845 γῆν,
3203 774 3435 845 θορύϐου
3465 777 3558 829 καὶ
3589 778 3720 831 στάς

2139 884 2278 931 σεως
2318 867 2619 934 ἐνέπλησαν
2646 865 2708 919 τὸ
2749 867 3048 937 συνέδριον,
3073 867 3245 937 γόητα
3291 868 3583 931 καλοῦντες
3625 869 3723 923 τὸν

2150 957 2487 1020 Ἀθανάσιον,
2535 957 2632 1011 καί
2666 973 2778 1009 τισι
2829 957 3186 1026 μαγγανείαις
3224 957 3499 1030 ἐξαπατᾷν
3553 959 3721 1013 αὐτὸν

2135 1048 2386 1118 λέγοντες
2433 1047 2543 1102 τῶν
2600 1049 2902 1119 ἀνθρώπων
2948 1050 3048 1113 τὰς
3097 1049 3282 1119 ὖψειςσ
3342 1053 3433 1104 καὶ
3481 1053 3721 1121 διασπᾷν

2136 1139 2456 1213 ἐπεχείρουν
2489 1141 2584 1194 καὶ
2613 1140 3018 1210 κατασφάττειν
3040 1143 3091 1193 οἱ
3128 1141 3229 1211 τῆς
3264 1143 3576 1212 μιαιφονίας
3608 1143 3727 1214 πρὸ

2136 1231 2369 1304 βραχέος
2399 1232 2857 1304 κατηγοροῦντες.
2892 1231 3033 1286 Ἀλλ’
3063 1235 3110 1286 oi
3144 1233 3296 1305 παρὰ
3320 1233 3583 1304 βασιλέως
3616 1232 3721 1305 τὴν

2133 1326 2233 1395 τῆς
2261 1324 2515 1389 εὐταξίας
2560 1324 2816 1397 πρόνοιαν
2857 1323 3239 1387 πιστευθέντες
3259 1325 3349 1378 τὸν
3382 1326 3543 1394 φόνον
3577 1325 3721 1393 Exib-

2133 1414 2322 1469 λυσαν.
2364 1415 2802 1486 Ἐξαρπάσαντες
2839 1415 2949 1486 γὰρ
2981 1416 3071 1468 τὸν
3101 1416 3416 1486 νικηφόρον,
3446 1416 3539 1470 καὶ
3577 1418 3709 1469 σκά-

2135 1523 2271 1575 φους
2329 1506 2584 1574 ἐπιϐῆναι
2646 1506 3208 1579 παρασκευάσαντες,
3277 1507 3375 1578 τὴν
3438 1508 3723 1578 σωτηρίαν

2135 1596 2531 1672 προύξένησαν.
2582 1599 2693 1651 Καὶ
2730 1592 2883 1661 οὗτος
2934 1598 3032 1668 μὲν
3062 1598 3151 1651 τὸν
3204 1598 3429 1667 βασιλέα
3473 1599 3715 1653 καταλα-

2135 1690 2246 1743 ϐὼν
2303 1691 2484 1743 πᾶσαν
2542 1690 2640 1761 τὴν
2689 1689 3058 1758 τολμηθεῖσαν
3124 1688 3330 1753 ἐδίδαξε
3380 1691 3710 1760 τραγῳδίαν.

2147 1781 2378 1835 Ἐκεῖνοι
2430 1780 2487 1833 δὲ
2540 1783 2621 1845 είς
2669 1780 2762 1833 τὸν
2820 1778 3125 1851 Μαρεώτην
3163 1779 3270 1832 τῶν
3313 1779 3715 1851 ὁμογνωμόνων

2133 1876 2288 1939 τινάς
2317 1873 2650 1936 ἐπισκόπους
2679 1870 3004 1925 ἀπέστειλαν
3024 1887 3039 1902 ο
3071 1870 3353 1939 Θεογόνιόν
3371 1871 3416 1902 ’⁸
3448 1888 3588 1941 φημι
3619 1872 3713 1925 τὸν

2130 1967 2389 2031 Νικαίας,
2421 1966 2517 2020 καὶ
2541 1965 2815 2035 Θεόδωρον
2843 1967 2934 2019 τὸν
2959 1964 3263 2036 Περίνθιον,
3287 1967 3380 2019 καὶ
3409 1966 3594 2035 Μάριν
3620 1966 3713 2019 τὸν

2128 2058 2524 2123 Χαλκηδόνιον,
2568 2060 2662 2112 καὶ
2697 2058 2788 2111 τὸν
2838 2057 3038 2111 Κίλικα
3076 2058 3409 2129 Νάρκισσον,
3444 2059 3539 2111 καὶ
3585 2058 3714 2119 τοὺς

2127 2148 2334 2203 τούτων
2378 2150 2708 2221 ὁμόφρονας.
2745 2149 2805 2202 '0
2844 2148 2899 2202 δὲ
2930 2149 3236 2219 Μαρεώτης
3265 2148 3418 2220 χώρα
3446 2149 3530 2212 τίς
3557 2151 3708 2201 ἐστιν

2132 2241 2575 2309 Ἀλεξανδρείας,
2621 2241 2721 2310 τῆς
2777 2239 2974 2311 λίμνης
3022 2241 3245 2312 Μαρίας
3280 2239 3586 2311 ἐπώνυμος.
3626 2240 3717 2294 Ἐν

2134 2334 2308 2406 ταύτῃ
2339 2334 2376 2363 ²¹
2411 2332 2472 2385 τὸ
2498 2331 2691 2401 ψεῦδος
2715 2333 3040 2401 ύφήναντες.
3067 2333 3161 2386 καί
3196 2349 3315 2386 τινα
3346 2332 3716 2403 ὑπομνήματα

2133 2424 2550 2487 διαπλάσαντες.
2581 2424 2677 2477 καὶ
2713 2424 2813 2487 τὰς
2834 2424 3223 2495 γυμνωθείσας
3246 2424 3609 2492 συκοφαντίας
3638 2422 3716 2487 ὥς

2132 2518 2350 2589 ἀληθεῖς
2408 2515 2692 2579 συνθέντες
2752 2516 3123 2589 κατηγορίας,
3182 2516 3512 2571 ἀπέστειλαν
3552 2514 3631 2586 τῷ
3666 2516 3714 2549 ⁸⁸

2133 2608 2363 2683 βασιλεῖ.

2209 2702 2321 2777 [65]
2363 2702 2527 2756 Αὐτοὶ
2564 2701 2620 2755 δὲ
2656 2705 2737 2766 εἰς
2773 2702 2871 2772 τὴν
2903 2700 3091 2754 Αἰλίαν
3129 2701 3506 2772 παρεγένοντο.

2714 2791 2963 2845 ΚΕΦΑΔ.
3007 2791 3113 2843 ΚΘ¹

2130 2888 2272 2955 Περὶ
2304 2885 2422 2939 τῶν
2464 2884 2783 2955 ἐγκαινίωῳν
2818 2882 2943 2955 τῶις
2972 2884 3041 2955 ἐν
3078 2882 3513 2955 Ἰεροσολύμοις
3548 2897 3715 2955 γεγε-

2204 2951 2513 3025 ὀιημένων,
2551 2953 2649 3008 καὶ
2683 2951 2792 3021 τῆς
2840 2952 2947 3007 τοῦ
2989 2952 3163 3021 ἁγίου
3217 2951 3566 3005 Ἀθανασίου
3610 2952 3714 3016 ἐξ-

2206 3030 2392 3082 colae.

2134 3150 2143 3160 -
2206 3046 2459 3188 dixit?”
2487 3113 2551 3184 δὴ
2581 3112 2798 3166 σύνοδον
2827 3111 3047 3165 ἃπασαν
3078 3110 3187 3164 ἀπὸ
3210 3112 3309 3182 τῆς
3340 3111 3518 3180 Τύρου
3546 3128 3716 3165 κατα-

2136 3209 2323 3265 λαϐεῖν
2357 3206 2457 3278 τὴν
2495 3204 2685 3259 Αἰλίαν
2714 3206 2742 3258 ὁ
2780 3204 2827 3237 ³³
2867 3203 3121 3275 βασιλεὺς
3161 3203 3547 3274 παρηγγύησε,
3590 3220 3714 3258 συν-

2130 3302 2307 3356 ελθεῖν
2344 3299 2401 3353 δέ
2430 3299 2523 3353 καὶ
2554 3298 2681 3361 τοὺς
2712 3297 2907 3360 ἄλλους
2948 3297 3193 3360 ἅπαντας
3218 3298 3553 3366 πανταχόθεν
3590 3297 3714 3352 ἐκέν-

2129 3393 2310 3455 λευσε,
2332 3391 2429 3444 καὶ
2469 3389 2596 3452 τοὺς
2621 3387 2713 3441 ὐπ’
2757 3388 2923 3442 αὐτοῦ
2952 3388 3283 3459 δομηθέντας
3312 3388 3645 3460 καθιερῶσαι
3664 3389 3712 3423 ⁸⁸

2131 3484 2288 3548 νεώς.
2323 3481 2674 3536 Συναπέλυσε
2696 3483 2741 3514 ’⁸
2770 3482 2828 3535 δὲ
2862 3482 2956 3536 καὶ
2985 3482 3096 3536 τῶν
3124 3480 3493 3554 εὐνουστέρων
3520 3481 3715 3553 ἀρχόν-

2128 3593 2240 3630 των
2286 3575 2465 3638 τινὰς,
2513 3573 2769 3646 εὐσεϐείᾳ
2825 3574 2920 3628 καὶ
2972 3574 3155 3628 πίστει
3203 3574 3708 3644 λαμπρυνομένους,

2130 3667 2431 3737 φιλοτίμως
2475 3666 2650 3721 ἅπασι
2696 3666 2875 3720 πάντα
2917 3664 3292 3737 χορηγηθῆναι
3329 3664 3610 3730 κελεύσας,
3648 3666 3710 3719 οὐ

2134 3758 2293 3829 μόνον
2350 3758 2673 3828 ἀρχιερεῦσι
2728 3756 2827 3810 καὶ
2877 3758 2991 3819 τοῖς
3041 3755 3248 3820 τούτοις
3301 3755 3710 3826 συνεπομένοις,

2129 3847 2268 3902 ἀλλὰ
2300 3849 2393 3901 καὶ
2422 3850 2536 3911 τοῖς
2565 3846 2842 3917 δεομένοις
2867 3846 3092 3908 ἅπασιν,
3134 3845 3183 3899 οἳ
3221 3848 3556 3917 πανταχόθεν
3587 3864 3712 3901 συν-

2130 3940 2369 4010 έτρεχον.
2411 3938 2769 4006 Διεκοσμεῖτο
2812 3935 2870 3989 δὲ
2921 3936 3017 3989 καὶ
3040 3935 3102 3990 τὸ
3143 3935 3287 3989 θεῖον
3330 3935 3712 4008 θυσιαστήριον

2132 4029 2432 4099 βασιλικοῖς
2467 4045 2528 4081 τε
2562 4026 3056 4099 παραπετάσμασι,
3092 4027 3186 4081 καὶ
3217 4027 3524 4099 κειμηλίοις
3561 4028 3713 4083 λιθο·⁵

2130 4121 2413 4192 κολλήτοις
2460 4121 2702 4191 χρυσοῖς.
2738 4117 2895 4171 Οὕτω
2945 4119 3010 4189 δὴ
3054 4118 3154 4186 τῆς
3205 4119 3398 4191 ἑορτῆς
3457 4119 3709 4191 λαμπρο-

2127 4212 2298 4282 τάτης
2336 4209 2732 4281 γεγενημένης,
2766 4210 2816 4263 οἱ
2858 4209 2960 4280 μὲν
2986 4210 3067 4273 είς
3101 4210 3200 4274 τὰς
3227 4210 3433 4273 οἰκείας
3475 4211 3712 4281 ἐπανῆλ-

2129 4303 2219 4357 θον
2253 4302 2555 4373 πατρίδας,
2599 4303 2627 4353 ὁ
2672 4300 2729 4354 δὲ
2760 4300 3038 4371 βασιλεὺς,
3069 4301 3169 4372 τὴν
3206 4304 3307 4373 τῆς
3349 4302 3710 4375 πανηγύρεως

2132 4392 2470 4464 μεμαθηκὼς
2512 4392 2844 4463 φαιδρότητα
2892 4392 2988 4445 καὶ
3040 4392 3408 4456 πολυτέλειαν,
3442 4394 3713 4464 θυμηδίας

449 4493 480 4534 a
509 4494 620 4548 quo
653 4478 819 4548 hujus
865 4480 1028 4534 etiam
1071 4482 1182 4535 voti
1228 4496 1454 4553 compos
1488 4483 1663 4540 factus
1693 4495 1858 4541 esset.
1888 4486 2023 4542 Cum

2132 4500 2187 4536 τε
2220 4481 2547 4553 ἐνεπλήσθη,
2591 4483 2687 4535 καὶ
2713 4481 2822 4534 τῶν
2862 4480 3084 4561 ἀγαθῶν
3112 4483 3202 4536 τὸν
3234 4482 3507 4551 Πρύτανιν
3534 4483 3710 4554 ὕμνη-

383 4641 389 4647 1
448 4578 631 4626 autem
677 4571 984 4627 advenisset
1021 4571 1382 4635 Athanasius,
1410 4581 1464 4629 et
1501 4574 1567 4630 de
1601 4576 1789 4646 iniquo
1815 4577 2026 4647 judicio

2132 4592 2241 4640 σεν,
2262 4575 2343 4628 ὅτι
2372 4575 2464 4628 καὶ
2482 4573 2685 4643 ταύτην
2714 4571 2861 4643 αὐτῷ
2882 4573 2980 4643 τὴν
3000 4573 3214 4641 αἴτησιν
3244 4573 3465 4628 ἔδωκεν.
3494 4573 3708 4643 Ἐπειδὴ

448 4663 873 4729 expostulasset,
899 4668 1190 4732 episcopos
1235 4664 1303 4719 de
1338 4667 1541 4735 quibus
1574 4670 1909 4737 querebatur
1936 4688 2029 4729 ve-

447 4750 568 4804 nire
593 4750 780 4817 jussit.
816 4750 920 4816 Qui
971 4752 1060 4806 ubi
1110 4751 1421 4820 adfuerunt,
1468 4758 1486 4777 ⁶
1534 4766 1777 4827 apertam
1814 4762 2029 4818 refuta-

447 4841 654 4895 tionem
678 4842 965 4904 subveriti,
993 4843 1209 4912 priores
1237 4847 1544 4904 calumnias
1567 4850 1764 4907 missas
1797 4851 2025 4922 faciunt,

446 4939 504 4989 et
526 4932 843 5002 imperatori
874 4943 1191 5006 suggerunt,
1223 4937 1487 4994 minatum
1519 4956 1643 4997 esse
1666 4943 2024 5001 Athanasium

449 5039 511 5080 se
568 5025 867 5094 quominus
915 5024 1249 5083 frumentum
1305 5029 1667 5089 adveheretur
1718 5037 2028 5106 prohibitu-

451 5128 593 5167 rum.
638 5112 850 5179 Quibus
897 5117 1075 5172 verbis
1115 5117 1273 5173 fidem
1333 5122 1581 5190 praebens
1625 5123 1944 5196 imperator,
1971 5129 2026 5184 in

451 5204 749 5259 Galliarum
802 5206 1015 5272 urbem,
1055 5209 1140 5263 cui
1198 5210 1449 5268 Treveris
1501 5230 1698 5270 nomen
1752 5225 1858 5280 est,
1899 5235 2023 5275 eum

451 5293 733 5363 relegavit.
759 5294 888 5351 Erat
909 5307 1090 5355 autem
1124 5300 1211 5355 bic
1244 5316 1422 5358 annus
1457 5303 1672 5375 imperii
1703 5307 1823 5377 ejus
1863 5310 2027 5366 trice-

364 5444 369 5451 δ
452 5383 647 5439 shnus.

2124 4665 2182 4719 δὲ
2216 4662 2522 4735 προσῆλθεν
2552 4661 2870 4725 Ἀθανάσιος
2894 4663 2993 4731 τὴν
3024 4662 3210 4716 ἄδικον
3238 4662 3562 4734 ὀδυρόμενος
3585 4664 3708 4735 κρί-

2128 4772 2246 4820 σιν,
2293 4752 2593 4823 ἀφικέσθαι
2648 4753 2775 4817 τοὺς
2836 4753 3183 4817 αίτιαθέντας
3232 4754 3342 4807 τῶν
3388 4754 3706 4808 ἐπισκόπων

2125 4846 2433 4901 ἐκέλευσεν.
2457 4844 2607 4904 οί,δὲ
2643 4845 3095 4916 παραγενόμενοι,
3127 4845 3221 4898 καὶ
3251 4843 3313 4898 τὸ
3331 4845 3440 4900 τῶν
3465 4847 3706 4917 ἐλέγχων

2129 4938 2405 5010 προφανὲς
2438 4934 2803 5005 ὐπειδόμενοι,
2834 4937 2931 5000 τάς
2977 4937 3078 5007 μὲν
3122 4937 3395 5009 προτέρας
3435 4955 3705 5006 συκοφαν-

2127 5028 2248 5093 τίας
2283 5027 2597 5082 κατέλιπον
2640 5025 2850 5095 ἔφασαν
2878 5027 2935 5080 δὲ
2964 5028 3040 5098 τῷ
3076 5027 3302 5098 βασιλεῖ,
3348 5028 3705 5100 ἠπειληκέναι

2129 5121 2218 5174 τὸν
2254 5119 2569 5172 Ἀθανάσιον
2613 5117 2713 5188 τὴν
2746 5119 3113 5189 σιτοπομπίαν
3165 5119 3448 5173 κωλύσειν.
3483 5119 3705 5185 Τούτοις

2132 5210 2430 5274 πιστεύσας
2458 5211 2571 5272 τοῖς
2598 5208 2778 5277 λόγοις
2800 5212 2828 5264 ὁ
2861 5209 3136 5281 βασιλεὺς,
3166 5212 3247 5274 εἴς
3268 5228 3387 5265 τινα
3418 5212 3569 5265 πόλιν
3594 5212 3704 5265 τῶν

2129 5302 2482 5373 καλουμένων
2502 5301 2744 5355 Γαλλιῶν
2770 5303 2930 5356 αὐτὸν
2958 5302 3325 5374 ἐξωστράκισε
3342 5320 3356 5334 ⁸
3381 5304 3635 5374 Τρίσερις
3657 5306 3701 5337 u

2130 5396 2302 5466 ὄνομα
2334 5395 2527 5467 ταύτῃ.
2563 5394 2896 5465 Τριακοστὸν
2927 5394 2984 5449 δὲ
3014 5396 3168 5449 τοῦτο
3204 5391 3273 5467 ἦν
3300 5396 3448 5468 αὐτῷ
3476 5396 3577 5467 τῆς
3611 5394 3694 5468 βα-

2135 5486 2339 5549 σιλείας
2366 5484 2503 5549 ἔτος.

1754 5573 1987 5629 VARUE
2030 5573 2430 5630 LEC'I‘IONES.

524 5716 569 5815 ’ἔ
594 5716 1899 5815 2.331"£53‘.;S:“1‘L‘M.F'Piiztet’":“Emeti-
1970 5733 2012 5764 "
2045 5733 2154 5815 γᾴρ
2193 5701 2655 5815 θέιειίιβθείιοϐς»
2722 5730 3062 5815 .”.Ἑ(ῖὶ³¹.’⁰⁵⁸
3093 5730 3381 5815 aliamve
3404 5741 3455 5815 ει
3506 5728 3693 5815 $02”-

461 5788 506 5819 ³³
535 5788 563 5839 ὁ
592 5788 747 5844 acht
771 5804 798 5842 a
826 5788 989 5844 ilasil.
1026 5792 1118 5846 Gr.
1187 5797 1228 5826 ’³
1266 5788 1586 5865 καθιέρωσε.
1610 5788 1815 5854 idem."
1839 5802 1883 5832 "
1906 5788 2305 5857 συναπέστειλε.
2326 5802 2492 5866 idem,
2512 5803 2772 5872 probante
2791 5789 3027 5857 Valesio.
3098 5801 3142 5832 "
3164 5801 3219 5854 δέ
3242 5801 3383 5856 addit
3403 5798 3565 5857 Basil.
3598 5788 3693 5857 Cr.

3611 392 3873 458 988‘.
