4098 6444
424 413 532 479 989

1025 536 1276 592 ΚΕΦΑΛ.
1321 537 1398 593 Λ’.

419 614 563 684 Περὶ
598 609 708 681 τῆς
735 616 1170 757 διαθήκης
1192 629 1492 749 ἔιὲικαρίου
1540 630 1998 684 Κωνσταντίνου

1174 713 1189 743 ι
1267 714 1366 757 ως.

1174 713 1366 760 ustae.

504 780 787 834 Ἐνιαυτοῦ
810 782 865 837 δέ
894 783 1055 838 ἄλλου
1083 786 1177 839 καὶ
1215 786 1403 858 μηνῶν
1450 788 1841 861 διεληλυθότων
1885 789 1997 843 ὀλί-

418 888 552 940 γων,
574 873 632 924 ὲν
656 873 997 947 Νικομηδείᾳ
1018 876 1118 947 τῆς
1146 877 1395 943 Βιθυνίας
1415 880 1615 948 διάγων
1635 881 1959 953 ὴρρώστησε
1980 897 1996 911 θ

417 964 481 1017 τὸ
509 962 567 1015 δὲ
598 963 697 1033 τῆς
730 964 1079 1037 ἀνθρωπίνης
1109 966 1355 1038 βιότητος
1393 971 1586 1040 ἄδηλον
1614 973 1994 1041 ἐπιστάμενος,

416 1049 515 1104 τοῦ
539 1051 686 1112 αείου
713 1054 1081 1125 βαπτίσματος
1102 1059 1163 1111 τὸ
1185 1058 1359 1130 δῶρον
1413 1059 1651 1125 ἐδέξατο.
1682 1060 1999 1115 Ἀνεϐάλετο

419 1142 479 1196 δὲ
509 1144 675 1216 μέχρι
705 1145 862 1200 τοῦδε
903 1148 996 1201 τοῦ
1033 1150 1245 1219 χρόνου,
1299 1152 1357 1204 ἐν
1391 1152 1633 1224 Ἰορδάνῃ
1662 1152 1739 1223 τῷ
1767 1152 1999 1223 ποταμῷ

417 1235 613 1289 τούτου
646 1240 829 1307 τυχεῖν
869 1238 1235 1311 ίμειρόμενος.
1272 1234 1443 1306 Οὗτος
1477 1243 1576 1314 μὲν
1614 1247 1764 1314 τρεῖς
1803 1243 1998 1308 παῖδας

416 1323 794 1396 κληρονόμους
819 1327 920 1396 τῆς
952 1327 1229 1397 βασιλείας
1259 1331 1539 1395 κατέλιπε,
1567 1334 1995 1398 Κωνσταντίνον,

416 1417 512 1469 καὶ
552 1418 951 1486 Κωνστάντιον,
982 1422 1077 1474 καὶ
1109 1421 1440 1478 Κώνσταντα
1467 1425 1559 1477 τὸν
1588 1424 1873 1479 νεώτατον.
1904 1426 2000 1489 EE;

416 1506 473 1560 δέ
493 1505 591 1578 τὴν
612 1507 728 1580 [66]
754 1509 1163 1583 Ἀλεξάνδρειαν
1183 1514 1499 1568 ἐπανελθεῖν
1520 1515 1612 1569 τὸν
1637 1515 1808 1585 μέγαν
1831 1534 1999 1588 προσ-

428 1599 606 1663 έταξεν
660 1601 1012 1656 Ἀθανάσιον·
1046 1606 1140 1658 καὶ
1177 1604 1352 1659 ταῦτα
1388 1606 1649 1659 Εὐσεδίου
1706 1608 1997 1679 παρόντος,

428 1691 519 1744 καὶ
547 1692 807 1748 τάναντία
840 1694 1048 1748 πείθειν
1087 1698 1512 1769 ἐπιχειροῦντος.

1007 1790 1260 1844 ΚΕΦΛΛ.
1294 1792 1422 1845 AA'.

676 1876 1002 1948 Ἀπολογία
1031 1880 1181 1949 ὑπὲρ
1207 1883 1371 1937 τοῦ¹⁷
1411 1883 1742 1950 βασιλέως.

486 1964 827 2038 Θαυμαζέτω
893 1969 950 2023 δὲ
995 1971 1214 2042 μηδεὶς,
1271 1975 1320 2027 εἰ
1380 1974 1735 2044 τηλικούτους
1796 1976 1998 2048 ἄνδρας

414 2057 838 2130 ἐξαπατηθεὶς¹⁸
881 2064 1299 2134 ἐξωστράκισεν.
1344 2066 1689 2136 Ἀρχιερεῢσι
1723 2068 1830 2139 γάρ
1859 2067 1996 2138 κρύ-

414 2162 613 2200 πτουσι
671 2147 771 2218 μὲν
806 2149 906 2220 τὴν
957 2151 1216 2222 ἀλήθειαν
1233 2152 1301 2214 ’⁸,
1357 2152 1457 2221 τὴν
1505 2154 1561 2206 δέ
1602 2154 1770 2224 ἄλλην
1811 2154 1996 2224 ἔχουσι

414 2238 809 2308 περιφάνειαν,
842 2240 1184 2305 ἐξαπατῶσιν
1217 2241 1562 2297 ἐπίστευσεν.
1603 2244 1783 2298 Ἴσασι
1833 2244 1890 2297 δὲ
1945 2244 1995 2296 οἱ

413 2326 537 2382 θεῖα
590 2331 1049 2401 πεπαιδευμένοι,
1100 2332 1176 2396 ὡς
1228 2332 1324 2386 καὶ
1342 2334 1387 2365 ³⁰
1418 2335 1445 2386 ὁ
1485 2332 1626 2397 θεῖος
1678 2333 1993 2405 ἐξηπατήθη

412 2420 583 2474 Δαὸὶδ
624 2423 653 2475 ὁ
696 2425 983 2493 προφήτης
1007 2438 1022 2454 ο
1079 2424 1390 2496 ἐξηπάτησε
1443 2425 1498 2478 δὲ
1535 2425 1696 2479 αὐτὸν
1751 2428 1852 2479 οὐκ
1881 2419 1994 2498 ’άρ-

413 2514 665 2583 χιερεὺς,
716 2513 830 2567 ἀλλ’
870 2515 1089 2586 οἰκέτης
1121 2516 1373 2587 οἰκότριψ
1409 2518 1503 2570 καὶ
1538 2518 1832 2588 μαστιγίας
1854 2558 1868 2581 ,
1904 2517 1996 2571 τὸν

414 2606 553 2662 Σιδᾶ
577 2606 745 2675 λέγω,
776 2608 872 2661 τὸν
901 2611 1041 2664 κατὰ
1072 2609 1164 2663 τοῦ
1196 2610 1552 2680 Μεμφιϐόσθέ
1576 2610 1645 2663 τὰ
1687 2608 1856 2679 ψευδῆ
1904 2608 1995 2662 τὸν

418 2698 651 2770 βασιλέα
681 2699 967 2765 διδάξαντα
993 2741 1007 2767 ,
1042 2700 1135 2754 καὶ
1166 2701 1225 2754 τὸ
1257 2700 1466 2754 ἐκείνου
1511 2700 1709 2771 χωρίον
1740 2704 1994 2771 σφετερι-

417 2790 673 2863 σάμενον.
707 2792 816 2845 Καὶ
852 2790 1024 2846 ταῦτα
1065 2791 1207 2861 λέγω
1233 2833 1249 2860 ,
1296 2792 1356 2845 οὐ
1399 2791 1493 2845 τοῦ
1539 2792 1827 2864 Προφήτου
1862 2809 1994 2845 κατ·-

410 2883 674 2954 ηγορῶν,
720 2884 835 2938 ἀλλ’
870 2884 1011 2955 ὑπὲρ
1059 2884 1213 2939 τοῦδε
1258 2883 1352 2938 τοῦ
1404 2884 1667 2955 βασιλέως
1713 2883 1811 2955 τὴν
1860 2884 1997 2937 ἀπο-

406 2974 604 3043 λογίαν
649 2976 978 3049 προσιρέρων
998 2976 1041 3007 ³³
1071 3016 1085 3040 ,
1135 2977 1231 3029 καὶ
1270 2977 1369 3046 τῆς
1400 2974 1747 3045 ἀνθρωπίνης
1779 2973 1994 3043 φύσεως

413 3064 720 3130 ἐπιδεικνὺς
746 3067 846 3138 τὴν
872 3067 1156 3120 ἀσθένειαν
1179 3107 1194 3131 ,
1238 3066 1330 3120 καὶ
1359 3066 1626 3120 διδάσκων
1669 3064 1742 3127 ὡς
1782 3064 1842 3117 οὐ
1885 3064 1993 3136 χρὴ

416 3155 601 3226 μόνοις
628 3161 740 3223 τοῖς
770 3159 1135 3230 κατηγοροῦσι
1185 3157 1461 3212 πιστεύειν
1482 3198 1499 3222 ,
1559 3157 1663 3212 κᾶν
1689 3158 1827 3227 ἄγαν
1859 3150 1992 3210 ῶσιν

411 3245 681 3319 ἀξιόχρεοι
704 3291 718 3316 ,
751 3248 888 3303 ἀλλὰ
921 3248 1156 3320 θατέραν
1202 3247 1312 3301 τῶν
1353 3248 1533 3303 ἀκοῶν
1556 3249 1599 3281 ³³
1643 3248 1719 3319 τῷ
1750 3264 1989 3319 κατηγο-

413 3342 662 3413 ρουμένῳ
691 3341 998 3411 φυλάττειν.

993 3430 1243 3484 ΚΕΦΑΛ.
1278 3427 1400 3484 ΛΒ¹.
1778 3496 1789 3507 _

515 3520 658 3588 Περὶ
683 3520 794 3588 τῆς
817 3519 1107 3588 τελευτῆς
1135 3520 1244 3575 τοῦ
1279 3519 1526 3575 aetat?”
1549 3519 1882 3588 βασιλέως.

494 3611 553 3664 Ὀ
594 3613 693 3684 μὲν
738 3608 832 3666 οὖν
885 3613 1140 3685 βασιλεὺς
1191 3615 1271 3678 είς
1315 3612 1413 3686 τὴν
1451 3613 1662 3684 ἀμείνω
1711 3613 1990 3684 βασιλείαν

412 3701 648 3775 μετέστη
660 3738 676 3756 .
1768 3770 1771 3771 ν

481 3796 549 3852 Οἱ
601 3795 660 3850 δέ
709 3795 944 3868 ὕπαρχοι
986 3798 1085 3852 καὶ⁹
1133 3797 1183 3851 οἱ
1219 3796 1516 3870 στρατηγοὶ
1565 3796 1660 3851 καὶ
1715 3798 1764 3850 οἱ
1810 3795 1989 3850 λοιποὶ

411 3887 651 3953 ἅπαντες
685 3890 743 3942 ἐν
788 3889 1021 3958 λάρνακι
1054 3888 1242 3942 τοῦτον
1284 3889 1612 3952 καταθέντες
1652 3890 1860 3961 χρυσῇ,
1908 3890 1989 3952 εἰς

410 3980 510 4051 τὴν
539 3981 1113 4035 Κωνσταντινούπο).ιν
1148 3981 1544 4053 μετεκόμισαν,
1591 3980 1689 4051 τῆς
1730 3981 1991 4051 στρατιᾶς

410 4066 633 4138 ἁπάσης
676 4068 984 4139 ἡγουμένης
1014 4069 1109 4122 καὶ
1140 4068 1414 4140 ἑπομένης
1478 4068 1573 4122 καὶ
1613 4067 1827 4138 πικρῶς
1871 4067 1990 4120 ὀλο-

413 4157 727 4229 φυρομένης
753 4157 850 4228 τὴν
878 4158 1152 4231 στέρησιν.
1188 4159 1402 4230 Πατρὸς
1440 4158 1548 4230 γάρ
1590 4159 1752 4229 ἠπίου
1796 4161 1990 4230 πεῖραν

413 4246 704 4317 εἰλήφεσαν
744 4247 981 4311 ἅπαντες
1000 4247 1066 4301 ⁸⁵.
1110 4247 1348 4317 Ὀπόσης
1398 4248 1457 4300 δὲ
1516 4250 1681 4320 τιμῆς
1730 4248 1792 4302 τὸ
1826 4247 1987 4315 σῶμα

410 4339 587 4392 ἐκεῖνο
610 4338 878 4409 τετύχηκε
897 4381 912 4406 ,
950 4340 1045 4393 καὶ
1090 4338 1285 4393 ὁπόσον
1314 4341 1372 4392 ἐν
1402 4342 1513 4403 τοῖς
1562 4340 1852 4410 βασιλείοις
1877 4340 1986 4396 διέ-

417 4447 570 4501 μεινε
597 4431 789 4502 χρόνον
813 4472 829 4498 ,
867 4431 975 4485 τῶν
1020 4431 1297 4501 ἀρχόντων
1331 4431 1431 4502 τὴν
1467 4430 1562 4484 τοῦ
1610 4433 1800 4496 παιδὸς
1836 4450 1991 4504 περι-

1416 438 1419 441 ·
1455 426 2047 489 ECCLESIASTICE
2064 427 2449 489 HISTORIAS
2478 432 2625 491 LIB.
2644 432 2695 491 Ι.

2024 540 2071 598 Δ

3578 437 3683 500 990

2412 541 2567 597 car.
2603 541 2773 597 xxx.
2810 542 2874 615 [Β
2929 544 3010 599 ει.
3047 542 3235 601 cuv.
3269 542 3386 614 δεῖ

2183 627 2263 683 De
2291 631 2468 702 magni
2519 629 2856 686 Constantini
2894 634 3230 703 imperatoris
3259 643 3589 693 testamento.

2168 785 2326 841 Anno
2347 788 2546 843 dehinc
2575 790 2683 844 alio
2699 798 2750 844 et
2783 794 2972 860 paucis
2999 793 3277 848 mensibus
3303 794 3526 864 elapsis,
3556 810 3679 848 cum

2099 888 2246 935 esset
2277 881 2609 937 Nicomedia‘
2643 884 2696 937 in
2731 884 3003 955 Bithynia,
3031 889 3224 941 morbo
3247 888 3547 957 corripitur
3577 905 3591 941 :
3626 895 3681 941 et

2100 988 2264 1043 quam
2299 974 2510 1028 incerta
2533 977 2603 1029 sit
2629 976 2914 1029 hominum
2942 979 3048 1030 vita
3086 994 3192 1032 non
3218 980 3503 1049 ignorans,
3533 980 3679 1034 sacri

2100 1065 2448 1135 baptismatis
2480 1066 2684 1120 donum
2723 1068 2986 1136 suscepit.
3020 1068 3099 1121 Ad
3147 1071 3250 1123 hoc
3301 1071 3445 1123 enim
3504 1085 3680 1141 usque

2098 1164 2316 1228 tempus
2339 1157 2650 1222 distulerat,
2693 1158 2837 1227 quod
2886 1160 2938 1212 in
2990 1159 3229 1214 Jordanc
3257 1161 3423 1215 ﬂuvio
3458 1160 3511 1215 id
3540 1177 3678 1215 con-

2101 1248 2257 1317 sequi
2291 1255 2535 1314 cuperet.
2561 1248 2696 1304 Tres
2725 1249 2814 1302 ille
2848 1249 2987 1303 ﬁlios
3019 1250 3228 1318 imperii
3267 1251 3508 1305 lueredes
3538 1251 3676 1305 reli-

2099 1340 2241 1410 quit,
2288 1338 2732 1404 Constautiuum,
2779 1339 3167 1395 Constantium
3219 1351 3273 1396 et
3318 1341 3677 1397 Constantem

2099 1442 2231 1487 natu
2322 1433 2632 1489 minimum.
2710 1431 2963 1503 Magnum
3037 1442 3218 1488 autem
3316 1434 3676 1487 Athanasium

2099 1526 2487 1580 Alexandriam
2524 1526 2705 1580 redire
2754 1527 2942 1596 jussit,
3006 1526 3170 1595 idque
3203 1534 3472 1595 praesente
3512 1525 3682 1581 Euse-

2098 1617 2210 1682 bio,
2248 1625 2301 1672 et
2332 1632 2401 1673 ne
2424 1616 2573 1672 ﬁeret
2604 1632 2935 1688 magnopere
2967 1616 3345 1673 dissuadente.

2312 1797 2476 1870 323
2505 1796 2659 1852 CAP.
2689 1796 2883 1851 XXXI.
2911 1797 2992 1870 [ιι.
3026 1797 3105 1852 St.
3134 1799 3236 1852 cu.
3263 1797 3326 1852 ν.
3351 1794 3466 1869 53.]

2561 1888 2907 1957 Imperatoris
2962 1888 3217 1956 defensio.

2169 1982 2367 2036 Mirum
2441 1991 2633 2036 autem
2680 1983 2883 2035 nemini
2943 1981 3216 2045 videatur,
3291 1978 3435 2048 quod
3501 1987 3679 2032 tantos

2096 2074 2247 2128 viros
2291 2073 2486 2128 fraude
2513 2073 2770 2129 inductus
2820 2072 3017 2126 exsilio
3065 2071 3333 2125 multarit.
3390 2068 3679 2139 Episcopis

2097 2165 2239 2218 enim
2288 2162 2447 2217 ﬁdem
2506 2162 2717 2227 habuit,
2773 2164 3061 2217 veritatem
3129 2159 3576 2222 occultantibus,
3615 2172 3680 2212 ac

2098 2252 2312 2320 reliqua
2367 2253 2550 2321 specie
2577 2259 2631 2305 et
2671 2251 2926 2304 claritate
2957 2264 3055 2305 sua
3103 2249 3534 2318 impellentibus.
3570 2247 3670 2302 Ne-

2097 2358 2205 2413 que
2266 2358 2362 2398 eos
2419 2343 2577 2413 fugit,
2606 2343 2697 2411 qui
2759 2342 2934 2396 sacris
2988 2340 3210 2396 Litteris
3265 2348 3394 2394 sunt
3446 2339 3678 2402 eruditi,

2097 2437 2281 2491 etiam
2333 2435 2581 2489 divinum
2666 2433 2922 2487 Davidem
2988 2433 3311 2502 prophetam
3388 2433 3677 2500 deceptum

2100 2526 2565 2595 fuisse:chepit
2631 2536 2810 2579 autem
2876 2524 3027 2577 illum
3086 2538 3196 2576 non
3256 2520 3526 2592 pontifex.
3583 2520 3678 2574 sed

2097 2632 2294 2673 servus
2333 2617 2663 2669 vernaculus
2710 2622 2764 2667 et
2814 2613 3088 2682 mastigia,
3120 2612 3270 2676 Siba,
3304 2613 3550 2681 inquam,
3585 2610 3682 2680 qui

2098 2705 2166 2760 de
2209 2705 2592 2775 Mepltiboselh
2653 2705 2790 2758 falsa
2856 2704 3054 2757 detulit
3074 2704 3140 2757 ad
3202 2718 3408 2772 regem,
3446 2711 3493 2756 et
3533 2703 3682 2758 illius

2098 2812 2290 2865 agrum
2335 2799 2417 2851 sic
2469 2794 2727 2849 obtinuit.
2757 2796 2887 2861 Quae
2918 2794 3136 2864 quidem
3173 2809 3282 2847 non
3317 2808 3385 2845 eo
3425 2793 3680 2855 dixerim,

2099 2897 2157 2942 ut
2192 2886 2516 2957 Prophetam
2574 2902 2850 2952 accusem,
2898 2886 2992 2941 sed
3047 2894 3105 2939 ut
3149 2885 3536 2953 imperatorem
3586 2883 3683 2937 de-

2100 2978 2342 3042 rendam,
2374 2986 2428 3033 et
2471 2979 2722 3032 humanae
2772 2985 2982 3030 natura:
3013 2976 3442 3031 imbecillitatem
3492 2985 3681 3029 osten-

2096 3071 2244 3132 dam,
2303 3070 2678 3138 doceamque,
2741 3069 3195 3132 accusatOribus,
3268 3066 3520 3136 quamvis
3577 3065 3685 3119 ﬁde

2096 3161 2300 3232 dignis,
2335 3161 2670 3215 credendum
2700 3161 2834 3216 solis
2862 3177 2967 3216 uon
3005 3176 3151 3226 esse,
3188 3159 3287 3215 sed
3335 3158 3445 3213 reis
3490 3170 3679 3211 aurem

2098 3254 2323 3309 alteram
2356 3254 2764 3309 reservandam.

2644 3435 2662 3454 '
2683 3430 2837 3486 CAP.
2890 3428 3110 3484 XXXII.

2551 3521 2626 3575 De
2676 3521 3016 3589 imperatoris
3053 3518 3217 3572 obitu.

2164 3616 2244 3672 Ae
2272 3615 2574 3687 imperator
2594 3612 2816 3684 quidem
2846 3612 2913 3666 ad
2933 3611 3134 3667 melius
3160 3625 3392 3681 regnum
3422 3608 3687 3666 excessit.

2160 3794 2415 3850 Praefecti
2469 3804 2677 3859 autem,
2739 3791 2825 3865 [B.
2868 3793 2950 3847 St.
2995 3791 3099 3847 Ch.
3138 3790 3256 3863 ‘54.]
3317 3799 3374 3846 et
3431 3789 3685 3861 magistri

2092 3886 2350 3948 militum,
2403 3898 2467 3938 ac
2515 3882 2712 3951 reliqui
2747 3896 3007 3951 proceres
3061 3881 3117 3934 iu
3168 3895 3298 3934 arca
3329 3880 3481 3934 illum
3515 3894 3683 3935 aurea

2095 3979 2394 4048 repositum
2427 3973 2965 4043 Constantinpolim
3011 3973 3437 4035 transtulerunt,
3480 3972 3686 4026 milita-

2092 4072 2247 4125 ribus
2280 4068 2572 4124 ordinibus
2612 4065 2987 4137 praeeuntibus
3040 4066 3273 4135 partim,
3315 4064 3513 4134 partim
3551 4063 3684 4118 sub-

2093 4161 2469 4231 sequentibus,
2489 4160 2889 4227 orbitatemque
2905 4172 3061 4213 suam
3081 4156 3318 4228 graviter
3334 4155 3690 4210 lamentanti-

2094 4255 2214 4307 bus.
2239 4250 2452 4304 Patrem
2473 4251 2618 4305 enim
2638 4249 2987 4305 mitissimum
3008 4264 3195 4303 revera
3216 4247 3431 4302 fuerant
3447 4246 3681 4317 experti.

2092 4341 2324 4413 Corpori
2378 4348 2559 4394 autem
2604 4339 2685 4393 illi
2726 4347 2992 4409 quantum
3030 4338 3256 4393 honoris
3290 4337 3533 4392 delatum
3586 4337 3684 4402 sit,

2093 4441 2147 4488 et
2174 4432 2421 4503 quaudiu
2453 4432 2507 4485 in
2538 4428 2706 4502 824
2742 4430 2950 4499 palatio
3001 4430 3289 4495 manserit,
3317 4429 3445 4484 dum
3482 4444 3679 4499 proce-

417 4523 693 4594 μενόντων
759 4522 1058 4587 ἐπάνοδον,
1127 4523 1382 4593 περιττὸν
1438 4522 1681 4594 ἠγοῦμαι
1732 4524 1988 4595 γράφειν.

2098 4543 2188 4582 res
2227 4525 2472 4582 absentis
2502 4525 2600 4579 ﬁlii
2656 4524 2892 4579 reditum
2942 4531 3288 4592 exspectant,
3344 4536 3681 4592 supervaca-

412 4613 592 4668 ἄλλων
636 4612 813 4668 ταῦτα
859 4614 1317 4683 συγγεγραφότων
1339 4654 1355 4681 ,
1387 4607 1469 4677 οἷς
1520 4613 1699 4684 ῥᾴδιον
1729 4617 1989 4686 ἐντυχεῖν,

411 4703 512 4757 καὶ
542 4703 734 4775 μαθεῖν
759 4704 907 4767 ὅπως
929 4702 1039 4757 τῶν
1070 4703 1208 4756 ὅλων
1237 4705 1265 4757 ό
1288 4702 1559 4773 Πρύτανις
1589 4705 1840 4775 γεραίρει
1867 4707 1991 4768 τοὺς

412 4793 604 4858 εὔνους
638 4794 994 4866 θεράποντας.
1029 4797 1093 4849 El
1137 4795 1195 4848 δέ
1227 4812 1311 4854 τις
1350 4795 1576 4858 ἐκείνοις
1604 4796 1895 4862 διαπιστεῖ,
1923 4799 1991 4851 τὰ

412 4886 511 4939 νῦν
540 4888 667 4958 περὶ
691 4888 790 4958 τὴν
822 4887 1033 4941 ἐκείνου
1067 4886 1242 4958 θήκην
1272 4886 1366 4942 καὶ
1397 4884 1488 4938 τὸν
1519 4886 1811 4955 ἀνδριάντα
1839 4887 1992 4954 γινό-

417 4994 558 5047 μενοι
615 4977 867 5049 βλέπων,
928 4978 1333 5033 πιστευσάτωη
1398 4981 1509 5041 τοῖς
1560 4979 1988 5049 γεγραμμένοις,

302 5130 307 5135 ι
413 5067 512 5119 καὶ
560 5065 638 5137 τῷ
682 5068 914 5136 φήσαντι
964 5067 1243 5138 Δεσπότῃο
1307 5086 1326 5119 ι
1380 5067 1517 5131 Τοὺς
1567 5066 1890 5132 δοξάζοντάς
1923 5086 1988 5138 με

413 5155 659 5222 δοξάσω,
699 5159 794 5211 καὶ
839 5158 890 5210 ol.
942 5158 1349 5222 ἐξουθενοῦντές
1410 5176 1476 5229 με
1534 5157 1993 5231 ἐξουθενωθήσον-

412 5264 524 5302 ται.
574 5268 593 5300 ι

499 5374 522 5402 ο
557 5361 736 5435 lReg.
766 5379 829 5427 ιι,
853 5365 942 5419 50.

2100 4630 2261 4671 nemn
2297 4629 2440 4669 ame
2479 4614 2586 4669 dici
2644 4612 2925 4675 existimo,
2967 4627 3090 4667 cum
3141 4611 3257 4665 haec
3309 4610 3401 4664 alii
3458 4611 3705 4681 scriptis.

2100 4705 2463 4776 prodiderint,
2504 4721 2647 4775 quos
2706 4705 2887 4774 legere
2915 4702 3063 4767 licet,
3100 4703 3410 4773 quibusque
3439 4702 3682 4772 praemiis

2098 4797 2290 4853 fideles
2350 4811 2482 4852 suos
2538 4794 2774 4850 famulos
2819 4793 3064 4849 omnium
3118 4791 3429 4846 Moderator
3481 4790 3680 4844 aﬂiciat

2098 4889 2438 4959 perdiscere.
2462 4887 2619 4953 Quod
2671 4888 2718 4942 si
2753 4886 2840 4942 his
2892 4886 3183 4958 quisquam
3215 4883 3376 4939 ﬁdem
3433 4882 3685 4937 nondum

2104 4982 2288 5048 habet,
2323 4980 2371 5035 is
2405 4994 2468 5036 ea
2504 4995 2627 5050 qua:
2661 4994 2810 5033 nunc
2848 4977 2916 5033 ad
2942 4978 3062 5047 ejus
3096 4975 3335 5030 loculum
3362 4983 3415 5028 et
3438 4979 3681 5027 statuam

2100 5075 2255 5141 liunt,
2291 5072 2513 5129 intuens
2550 5070 2740 5127 credat
2769 5070 2837 5125 iis
2884 5085 3007 5140 quae
3039 5076 3245 5137 scripta
3285 5072 3416 5121 sunt
3438 5104 3455 5130 ,
3480 5074 3534 5119 et
3566 5062 3680 5117 Do-

2099 5165 2270 5231 mino,
2307 5165 2402 5235 qui
2424 5163 2562 5217 dixit
2600 5180 2613 5215 :
2650 5160 3074 5217 «Gloriticantes
3114 5173 3200 5213 me
3243 5154 3584 5228 gloriﬁcabo,
3627 5163 3683 5210 et

2100 5255 2194 5327 qui
2219 5270 2306 5311 me
2334 5261 2625 5326 spernunt,
2661 5253 2763 5323 ipsi
2803 5266 3023 5323 quoque
3054 5258 3384 5321 spernentur
3400 5258 3447 5301 ι.
3475 5264 3496 5298 ι

1726 5476 1960 5535 vanus
2002 5482 2300 5540 LECTION
2319 5482 2427 5561 es.

486 5593 531 5668 ’τ
567 5593 749 5668 αὐτος),
774 5593 927 5668 addit
951 5593 1171 5668 Stcplt._
1217 5594 1615 5668 'fAtinoqusig.
1641 5595 1763 5652 Bas.
1795 5597 1970 5655 Graec.

417 5665 683 5737 probante
710 5663 944 5737 Valesio.

422 5801 837 5881 σάσθωζὸῑψιι.

2071 5602 2123 5673 ’ἢ
2146 5602 2431 5673 πονηρίαν.
2465 5600 2588 5673 Bas.
2621 5602 2822 5673 Graec”
2849 5599 3059 5673 Savilii,
3084 5599 3290 5673 Allatii,
3325 5598 3445 5673 Pini
3483 5600 3677 5673 code},

1051 5666 1096 5756 f3
1125 5664 1534 5756 seriesser-
1560 5666 1943 5756 Basgﬁrres
1977 5671 2168 5756 See"-

420 5733 932 5843 ἓῖτηγὶορὲμρμὲῖων.
957 5734 1126 5843 Idem.
1201 5733 1245 5770 ⁸³
1271 5735 1423 5806 ἁγίου
1456 5733 2016 5810 Κωνσταντίνουᾘασ.
2052 5733 2239 5815 Steph.

2278 5673 2322 5706 ³¹
2351 5671 2665 5743 προφέρων.
2701 5671 2824 5743 Bas.
2858 5671 3033 5743 Graec.
3116 5671 3189 5743 _”
3212 5672 3332 5724 ταῖν
3354 5672 3544 5743 ditan
3569 5671 3679 5721 τῶν

2355 5740 2405 5775 ³³⁵7
2432 5740 2671 5806 ἅπαντες
2700 5741 2853 5798 abest
2885 5756 2914 5795 ιι
2943 5740 3069 5797 Bas.
3103 5740 3276 5797 Grmc.
3388 5741 3432 5773 ³³
3455 5754 3679 5791 πιστευ-
