  <div class='ocr_page' id='page_1' title='image "/cluster/home/n/w/nwhite01/storage/ocr_20150623/82:no.3/coo.31924054869833/505.png"; bbox 0 0 4098 6422; ppageno 0'>
   <div class='ocr_carea' id='block_1_1' title="bbox 425 434 534 499">
    <p class='ocr_par' dir='ltr' id='par_1_1' title="bbox 425 434 534 499">
     <span class='ocr_line' id='line_1_1' title="bbox 425 434 534 499; baseline 0 0"><span class='ocrx_word' id='word_1_1' title='bbox 425 434 534 499; x_wconf 77' lang='grc' dir='ltr'><strong>9θό</strong></span> 
     </span>
    </p>
   </div>
   <div class='ocr_carea' id='block_1_2' title="bbox 1424 419 2709 483">
    <p class='ocr_par' dir='ltr' id='par_1_2' title="bbox 1424 419 2709 483">
     <span class='ocr_line' id='line_1_2' title="bbox 1424 419 2709 483; baseline -0.001 0"><span class='ocrx_word' id='word_1_2' title='bbox 1424 420 1915 483; x_wconf 85' lang='lat' dir='ltr'><strong>THEODORETI</strong></span> <span class='ocrx_word' id='word_1_3' title='bbox 1953 419 2298 481; x_wconf 86' lang='lat' dir='ltr'><strong>EPISCOPI</strong></span> <span class='ocrx_word' id='word_1_4' title='bbox 2336 420 2709 482; x_wconf 80' lang='lat' dir='ltr'><strong>CYRENSIS</strong></span> 
     </span>
    </p>
   </div>
   <div class='ocr_carea' id='block_1_3' title="bbox 3607 418 3715 483">
    <p class='ocr_par' dir='ltr' id='par_1_3' title="bbox 3607 418 3715 483">
     <span class='ocr_line' id='line_1_3' title="bbox 3607 418 3715 483; baseline 0.037 -3"><span class='ocrx_word' id='word_1_5' title='bbox 3607 418 3715 483; x_wconf 69' lang='lat'><strong>9.96</strong></span> 
     </span>
    </p>
   </div>
   <div class='ocr_carea' id='block_1_4' title="bbox 423 526 2030 611">
    <p class='ocr_par' dir='ltr' id='par_1_4' title="bbox 423 531 2020 611">
     <span class='ocr_line' id='line_1_4' title="bbox 423 531 2020 611; baseline -0.009 -12"><span class='ocrx_word' id='word_1_6' title='bbox 423 540 962 611; x_wconf 89' lang='lat' dir='ltr'><strong>commentariosque</strong></span> <span class='ocrx_word' id='word_1_7' title='bbox 1042 535 1266 607; x_wconf 89' lang='lat' dir='ltr'><strong>scripsit</strong></span> <span class='ocrx_word' id='word_1_8' title='bbox 1329 535 1383 587; x_wconf 92' lang='lat' dir='ltr'><strong>in</strong></span> <span class='ocrx_word' id='word_1_9' title='bbox 1458 547 1620 587; x_wconf 85' lang='lat' dir='ltr'><strong>sacra</strong></span> <span class='ocrx_word' id='word_1_10' title='bbox 1690 531 2020 602; x_wconf 80' lang='lat' dir='ltr'><strong>Evangelia,</strong></span> 
     </span>
    </p>
   </div>
   <div class='ocr_carea' id='block_1_5' title="bbox 2135 526 3716 611">
    <p class='ocr_par' dir='ltr' id='par_1_5' title="bbox 2135 526 3716 602">
     <span class='ocr_line' id='line_1_5' title="bbox 2135 526 3716 602; baseline -0.001 -18"><span class='ocrx_word' id='word_1_11' title='bbox 2135 530 2390 602; x_wconf 68' lang='grc' dir='ltr'>χρημένοι</span> <span class='ocrx_word' id='word_1_12' title='bbox 2424 529 2686 595; x_wconf 75' lang='grc' dir='ltr'>Εὐσέϐιός</span> <span class='ocrx_word' id='word_1_13' title='bbox 2726 547 2784 583; x_wconf 84' lang='grc' dir='ltr'><strong>τε</strong></span> <span class='ocrx_word' id='word_1_14' title='bbox 2832 529 2928 582; x_wconf 76' lang='grc' dir='ltr'><strong>καὶ</strong></span> <span class='ocrx_word' id='word_1_15' title='bbox 2959 528 3243 597; x_wconf 76' lang='grc' dir='ltr'>Θεογὸνιος</span> <span class='ocrx_word' id='word_1_16' title='bbox 3265 527 3336 595; x_wconf 75' lang='grc' dir='ltr'><strong>⁸ο,</strong></span> <span class='ocrx_word' id='word_1_17' title='bbox 3372 528 3465 582; x_wconf 73' lang='grc' dir='ltr'><strong>καὶ</strong></span> <span class='ocrx_word' id='word_1_18' title='bbox 3503 526 3716 583; x_wconf 83' lang='grc' dir='ltr'>Θεόδω-</span> 
     </span>
    </p>
   </div>
   <div class='ocr_carea' id='block_1_6' title="bbox 423 623 2017 705">
    <p class='ocr_par' dir='ltr' id='par_1_6' title="bbox 423 623 2017 705">
     <span class='ocr_line' id='line_1_6' title="bbox 423 623 2017 705; baseline -0.009 -16"><span class='ocrx_word' id='word_1_19' title='bbox 423 650 587 705; x_wconf 88' lang='lat' dir='ltr'><strong>quem</strong></span> <span class='ocrx_word' id='word_1_20' title='bbox 633 635 793 703; x_wconf 80' lang='lat' dir='ltr'><strong>vulgo</strong></span> <span class='ocrx_word' id='word_1_21' title='bbox 826 632 1107 703; x_wconf 87' lang='lat' dir='ltr'><strong>appellant</strong></span> <span class='ocrx_word' id='word_1_22' title='bbox 1146 623 1549 695; x_wconf 84' lang='lat' dir='ltr'><strong>lleracleotem)</strong></span> <span class='ocrx_word' id='word_1_23' title='bbox 1572 664 1585 685; x_wconf 86' lang='grc'><strong>,</strong></span> <span class='ocrx_word' id='word_1_24' title='bbox 1621 638 1748 678; x_wconf 91' lang='lat' dir='ltr'><strong>cum</strong></span> <span class='ocrx_word' id='word_1_25' title='bbox 1786 623 2017 691; x_wconf 88' lang='lat' dir='ltr'><strong>impera-</strong></span> 
     </span>
    </p>
   </div>
   <div class='ocr_carea' id='block_1_7' title="bbox 427 717 2021 797">
    <p class='ocr_par' dir='ltr' id='par_1_7' title="bbox 427 717 2021 797">
     <span class='ocr_line' id='line_1_7' title="bbox 427 717 2021 797; baseline -0.009 -14"><span class='ocrx_word' id='word_1_26' title='bbox 427 737 626 789; x_wconf 90' lang='lat' dir='ltr'><strong>torem,</strong></span> <span class='ocrx_word' id='word_1_27' title='bbox 666 735 856 797; x_wconf 89' lang='lat' dir='ltr'><strong>utpote</strong></span> <span class='ocrx_word' id='word_1_28' title='bbox 895 724 1079 787; x_wconf 80' lang='lat' dir='ltr'><strong>vicini,</strong></span> <span class='ocrx_word' id='word_1_29' title='bbox 1128 722 1326 776; x_wconf 88' lang='lat' dir='ltr'><strong>crebro</strong></span> <span class='ocrx_word' id='word_1_30' title='bbox 1364 718 1746 782; x_wconf 86' lang='lat' dir='ltr'><strong>convenirent,</strong></span> <span class='ocrx_word' id='word_1_31' title='bbox 1772 717 2021 772; x_wconf 78' lang='lat' dir='ltr'><strong>Athana-</strong></span> 
     </span>
    </p>
   </div>
   <div class='ocr_carea' id='block_1_8' title="bbox 427 806 2023 881">
    <p class='ocr_par' dir='ltr' id='par_1_8' title="bbox 427 806 2023 881">
     <span class='ocr_line' id='line_1_8' title="bbox 427 806 2023 881; baseline -0.008 -10"><span class='ocrx_word' id='word_1_32' title='bbox 427 818 492 872; x_wconf 87' lang='lat' dir='ltr'><strong>sii</strong></span> <span class='ocrx_word' id='word_1_33' title='bbox 522 818 757 871; x_wconf 89' lang='lat' dir='ltr'><strong>reditum</strong></span> <span class='ocrx_word' id='word_1_34' title='bbox 794 814 1063 868; x_wconf 89' lang='lat' dir='ltr'><strong>malorum</strong></span> <span class='ocrx_word' id='word_1_35' title='bbox 1088 812 1454 881; x_wconf 85' lang='lat' dir='ltr'><strong>plurimorum</strong></span> <span class='ocrx_word' id='word_1_36' title='bbox 1487 822 1714 862; x_wconf 83' lang='lat' dir='ltr'><strong>causam</strong></span> <span class='ocrx_word' id='word_1_37' title='bbox 1737 806 2023 861; x_wconf 82' lang='lat' dir='ltr'><strong>exstitisse</strong></span> 
     </span>
    </p>
   </div>
   <div class='ocr_carea' id='block_1_9' title="bbox 426 898 2021 974">
    <p class='ocr_par' dir='ltr' id='par_1_9' title="bbox 426 898 2021 974">
     <span class='ocr_line' id='line_1_9' title="bbox 426 898 2021 974; baseline -0.006 -15"><span class='ocrx_word' id='word_1_38' title='bbox 426 905 815 974; x_wconf 70' lang='lat' dir='ltr'><strong>suggerebant,</strong></span> <span class='ocrx_word' id='word_1_39' title='bbox 872 901 1288 971; x_wconf 55' lang='lat' dir='ltr'><strong>uecﬁlgyptum</strong></span> <span class='ocrx_word' id='word_1_40' title='bbox 1333 900 1549 965; x_wconf 83' lang='lat' dir='ltr'><strong>solum,</strong></span> <span class='ocrx_word' id='word_1_41' title='bbox 1605 913 1794 953; x_wconf 84' lang='lat' dir='ltr'><strong>verum</strong></span> <span class='ocrx_word' id='word_1_42' title='bbox 1853 898 2021 953; x_wconf 86' lang='lat' dir='ltr'><strong>etiam</strong></span> 
     </span>
    </p>
   </div>
   <div class='ocr_carea' id='block_1_10' title="bbox 2127 618 3719 696">
    <p class='ocr_par' dir='ltr' id='par_1_10' title="bbox 2127 618 3719 696">
     <span class='ocr_line' id='line_1_10' title="bbox 2127 618 3719 696; baseline -0.002 -20"><span class='ocrx_word' id='word_1_43' title='bbox 2127 640 2221 695; x_wconf 99' lang='grc' dir='ltr'><strong>ρος</strong></span> <span class='ocrx_word' id='word_1_44' title='bbox 2268 624 2297 675; x_wconf 89' lang='grc' dir='ltr'>ὁ</span> <span class='ocrx_word' id='word_1_45' title='bbox 2349 622 2637 696; x_wconf 78' lang='grc' dir='ltr'>Περίνθιος</span> <span class='ocrx_word' id='word_1_46' title='bbox 2662 638 2675 651; x_wconf 87' lang='grc'><strong>·</strong></span> <span class='ocrx_word' id='word_1_47' title='bbox 2729 621 3015 692; x_wconf 76' lang='grc' dir='ltr'><strong>ἐλλόγιμος</strong></span> <span class='ocrx_word' id='word_1_48' title='bbox 3045 622 3088 652; x_wconf 76' lang='grc'>⁶²</span> <span class='ocrx_word' id='word_1_49' title='bbox 3145 619 3202 674; x_wconf 83' lang='grc' dir='ltr'>δὲ</span> <span class='ocrx_word' id='word_1_50' title='bbox 3262 618 3631 689; x_wconf 77' lang='grc' dir='ltr'><strong>διαφερόντως</strong></span> <span class='ocrx_word' id='word_1_51' title='bbox 3688 620 3719 673; x_wconf 83' lang='grc' dir='ltr'><strong>ὁ</strong></span> 
     </span>
    </p>
   </div>
   <div class='ocr_carea' id='block_1_11' title="bbox 2126 711 3721 787">
    <p class='ocr_par' dir='ltr' id='par_1_11' title="bbox 2126 711 3721 787">
     <span class='ocr_line' id='line_1_11' title="bbox 2126 711 3721 787; baseline -0.004 -19"><span class='ocrx_word' id='word_1_52' title='bbox 2126 715 2404 787; x_wconf 85' lang='grc' dir='ltr'>Θεόδωρος</span> <span class='ocrx_word' id='word_1_53' title='bbox 2434 712 2523 786; x_wconf 84' lang='grc' dir='ltr'>ἦν,</span> <span class='ocrx_word' id='word_1_54' title='bbox 2557 715 2651 768; x_wconf 74' lang='grc' dir='ltr'><strong>καὶ</strong></span> <span class='ocrx_word' id='word_1_55' title='bbox 2684 714 2748 786; x_wconf 79' lang='grc' dir='ltr'><strong>δὴ</strong></span> <span class='ocrx_word' id='word_1_56' title='bbox 2785 714 2881 766; x_wconf 71' lang='grc' dir='ltr'>καὶ</span> <span class='ocrx_word' id='word_1_57' title='bbox 2903 712 3014 766; x_wconf 88' lang='grc' dir='ltr'><strong>τῶν</strong></span> <span class='ocrx_word' id='word_1_58' title='bbox 3041 712 3203 766; x_wconf 79' lang='grc' dir='ltr'>θείων</span> <span class='ocrx_word' id='word_1_59' title='bbox 3235 711 3586 780; x_wconf 80' lang='grc' dir='ltr'>Εὑαγγελίων</span> <span class='ocrx_word' id='word_1_60' title='bbox 3617 711 3721 782; x_wconf 82' lang='grc' dir='ltr'><strong>τὴν</strong></span> 
     </span>
    </p>
   </div>
   <div class='ocr_carea' id='block_1_12' title="bbox 2128 801 3723 879">
    <p class='ocr_par' dir='ltr' id='par_1_12' title="bbox 2128 801 3723 879">
     <span class='ocr_line' id='line_1_12' title="bbox 2128 801 3723 879; baseline -0.003 -19"><span class='ocrx_word' id='word_1_61' title='bbox 2128 808 2428 879; x_wconf 77' lang='grc' dir='ltr'><strong>ἑρμηνείαν</strong></span> <span class='ocrx_word' id='word_1_62' title='bbox 2485 806 2829 878; x_wconf 77' lang='grc' dir='ltr'><strong>συνέγραψεν</strong></span> <span class='ocrx_word' id='word_1_63' title='bbox 2848 807 2936 872; x_wconf 81' lang='grc'><strong>⁶²,</strong></span> <span class='ocrx_word' id='word_1_64' title='bbox 2996 802 3385 874; x_wconf 79' lang='grc' dir='ltr'>Ἡρακλεώτην</span> <span class='ocrx_word' id='word_1_65' title='bbox 3436 801 3494 855; x_wconf 82' lang='grc' dir='ltr'><strong>δὲ</strong></span> <span class='ocrx_word' id='word_1_66' title='bbox 3558 801 3723 856; x_wconf 77' lang='grc' dir='ltr'>αὑτὸν</span> 
     </span>
    </p>
   </div>
   <div class='ocr_carea' id='block_1_13' title="bbox 2128 887 3725 966">
    <p class='ocr_par' dir='ltr' id='par_1_13' title="bbox 2128 887 3725 966">
     <span class='ocr_line' id='line_1_13' title="bbox 2128 887 3725 966; baseline -0.002 -18"><span class='ocrx_word' id='word_1_67' title='bbox 2128 894 2490 966; x_wconf 73' lang='grc' dir='ltr'><strong>ὀνομάζουσιν</strong></span> <span class='ocrx_word' id='word_1_68' title='bbox 2540 898 2590 949; x_wconf 85' lang='grc' dir='ltr'>οἱ</span> <span class='ocrx_word' id='word_1_69' title='bbox 2638 895 2821 948; x_wconf 88' lang='grc' dir='ltr'>πολλοί</span> <span class='ocrx_word' id='word_1_70' title='bbox 2850 909 2865 924; x_wconf 78' lang='grc'><strong><em>⁸</em></strong></span> <span class='ocrx_word' id='word_1_71' title='bbox 2934 887 3148 947; x_wconf 67' lang='lat' dir='ltr'><strong>uiaret&quot;</strong></span> <span class='ocrx_word' id='word_1_72' title='bbox 3202 893 3463 963; x_wconf 85' lang='grc' dir='ltr'>συνεχῶς,</span> <span class='ocrx_word' id='word_1_73' title='bbox 3505 893 3603 945; x_wconf 83' lang='grc' dir='ltr'>ἆτε</span> <span class='ocrx_word' id='word_1_74' title='bbox 3656 891 3725 964; x_wconf 82' lang='grc' dir='ltr'>δὴ</span> 
     </span>
    </p>
   </div>
   <div class='ocr_carea' id='block_1_14' title="bbox 427 984 2030 1062">
    <p class='ocr_par' dir='ltr' id='par_1_14' title="bbox 427 993 2027 1062">
     <span class='ocr_line' id='line_1_14' title="bbox 427 993 2027 1062; baseline -0.005 -12"><span class='ocrx_word' id='word_1_75' title='bbox 427 996 773 1050; x_wconf 66' lang='lat' dir='ltr'><strong>Palat-stiriam</strong></span> <span class='ocrx_word' id='word_1_76' title='bbox 826 1002 883 1049; x_wconf 94' lang='lat' dir='ltr'><strong>et</strong></span> <span class='ocrx_word' id='word_1_77' title='bbox 933 993 1234 1050; x_wconf 70' lang='lat' dir='ltr'><strong>Phuemcen</strong></span> <span class='ocrx_word' id='word_1_78' title='bbox 1281 993 1657 1062; x_wconf 80' lang='lat' dir='ltr'><strong>ﬁnitimasque</strong></span> <span class='ocrx_word' id='word_1_79' title='bbox 1714 998 1906 1061; x_wconf 78' lang='lat' dir='ltr'><strong>gentes</strong></span> <span class='ocrx_word' id='word_1_80' title='bbox 1961 1003 2027 1044; x_wconf 84' lang='lat' dir='ltr'><strong>ea</strong></span> 
     </span>
    </p>
   </div>
   <div class='ocr_carea' id='block_1_15' title="bbox 2135 984 3727 1062">
    <p class='ocr_par' dir='ltr' id='par_1_15' title="bbox 2135 984 3727 1058">
     <span class='ocr_line' id='line_1_15' title="bbox 2135 984 3727 1058; baseline -0.003 -16"><span class='ocrx_word' id='word_1_81' title='bbox 2135 988 2560 1057; x_wconf 82' lang='grc' dir='ltr'>γειτονεύοντες,</span> <span class='ocrx_word' id='word_1_82' title='bbox 2587 988 2679 1041; x_wconf 67' lang='grc' dir='ltr'>τὸν</span> <span class='ocrx_word' id='word_1_83' title='bbox 2733 987 2961 1058; x_wconf 75' lang='grc' dir='ltr'><strong>βασιλέα</strong></span> <span class='ocrx_word' id='word_1_84' title='bbox 2974 988 3022 1020; x_wconf 70' lang='grc'><strong>⁸⁵</strong></span> <span class='ocrx_word' id='word_1_85' title='bbox 3051 986 3321 1056; x_wconf 84' lang='grc' dir='ltr'>ὁρῶντες,</span> <span class='ocrx_word' id='word_1_86' title='bbox 3352 984 3453 1058; x_wconf 77' lang='grc' dir='ltr'>τὴν</span> <span class='ocrx_word' id='word_1_87' title='bbox 3485 985 3595 1039; x_wconf 78' lang='grc' dir='ltr'><strong>ἀπὸ</strong></span> <span class='ocrx_word' id='word_1_88' title='bbox 3623 986 3727 1056; x_wconf 80' lang='grc' dir='ltr'>τῆς</span> 
     </span>
    </p>
   </div>
   <div class='ocr_carea' id='block_1_16' title="bbox 427 1089 990 1158">
    <p class='ocr_par' dir='ltr' id='par_1_16' title="bbox 427 1089 990 1158">
     <span class='ocr_line' id='line_1_16' title="bbox 427 1089 990 1158; baseline 0.004 -19"><span class='ocrx_word' id='word_1_89' title='bbox 427 1090 664 1158; x_wconf 78' lang='lat' dir='ltr'><strong>procella</strong></span> <span class='ocrx_word' id='word_1_90' title='bbox 698 1089 990 1156; x_wconf 87' lang='lat' dir='ltr'><strong>implicari.</strong></span> 
     </span>
    </p>
   </div>
   <div class='ocr_carea' id='block_1_17' title="bbox 2135 1080 3727 1157">
    <p class='ocr_par' dir='ltr' id='par_1_17' title="bbox 2135 1080 3727 1157">
     <span class='ocr_line' id='line_1_17' title="bbox 2135 1080 3727 1157; baseline -0.002 -21"><span class='ocrx_word' id='word_1_91' title='bbox 2135 1084 2353 1157; x_wconf 79' lang='grc' dir='ltr'>ἐξορίας</span> <span class='ocrx_word' id='word_1_92' title='bbox 2408 1084 2669 1138; x_wconf 73' lang='grc' dir='ltr'>ἐπάνοδον</span> <span class='ocrx_word' id='word_1_93' title='bbox 2726 1083 3055 1137; x_wconf 85' lang='grc' dir='ltr'>’Δθανασίου</span> <span class='ocrx_word' id='word_1_94' title='bbox 3128 1081 3470 1152; x_wconf 83' lang='grc' dir='ltr'>παμπόλλων</span> <span class='ocrx_word' id='word_1_95' title='bbox 3536 1080 3727 1148; x_wconf 72' lang='grc' dir='ltr'>ελεγον</span> 
     </span>
    </p>
   </div>
   <div class='ocr_carea' id='block_1_18' title="bbox 427 1169 3727 1249">
    <p class='ocr_par' dir='ltr' id='par_1_18' title="bbox 427 1169 3727 1249">
     <span class='ocr_line' id='line_1_18' title="bbox 427 1169 3727 1249; baseline -0.003 -15"><span class='ocrx_word' id='word_1_96' title='bbox 427 1180 608 1234; x_wconf 76' lang='grc' dir='ltr'>αἰτίαν</span> <span class='ocrx_word' id='word_1_97' title='bbox 654 1179 987 1249; x_wconf 84' lang='grc' dir='ltr'>γεγενῆσθαι</span> <span class='ocrx_word' id='word_1_98' title='bbox 1025 1179 1246 1233; x_wconf 82' lang='grc' dir='ltr'><strong>κακῶν⁸</strong></span> <span class='ocrx_word' id='word_1_99' title='bbox 1294 1179 1387 1233; x_wconf 66' lang='grc' dir='ltr'>καὶ</span> <span class='ocrx_word' id='word_1_100' title='bbox 1427 1178 1488 1231; x_wconf 83' lang='grc' dir='ltr'>οὐ</span> <span class='ocrx_word' id='word_1_101' title='bbox 1558 1178 1718 1249; x_wconf 81' lang='grc' dir='ltr'>μόνον</span> <span class='ocrx_word' id='word_1_102' title='bbox 1774 1176 1876 1247; x_wconf 80' lang='grc' dir='ltr'>τὴν</span> <span class='ocrx_word' id='word_1_103' title='bbox 1945 1174 2223 1245; x_wconf 76' lang='grc' dir='ltr'>Αἴγυπτον</span> <span class='ocrx_word' id='word_1_104' title='bbox 2282 1177 2717 1249; x_wconf 72' lang='grc' dir='ltr'>μεταλαγχάνειν</span> <span class='ocrx_word' id='word_1_105' title='bbox 2792 1175 2888 1230; x_wconf 80' lang='grc' dir='ltr'>τοῦ</span> <span class='ocrx_word' id='word_1_106' title='bbox 2939 1174 3240 1238; x_wconf 77' lang='grc' dir='ltr'>κλύδωνος,</span> <span class='ocrx_word' id='word_1_107' title='bbox 3290 1172 3429 1227; x_wconf 81' lang='grc' dir='ltr'>ἀλλὰ</span> <span class='ocrx_word' id='word_1_108' title='bbox 3479 1172 3573 1226; x_wconf 65' lang='grc' dir='ltr'><strong>καλ⁵</strong></span> <span class='ocrx_word' id='word_1_109' title='bbox 3626 1169 3727 1241; x_wconf 80' lang='grc' dir='ltr'>τὴν</span> 
     </span>
    </p>
   </div>
   <div class='ocr_carea' id='block_1_19' title="bbox 738 1363 1712 1439">
    <p class='ocr_par' dir='ltr' id='par_1_19' title="bbox 738 1363 1712 1439">
     <span class='ocr_line' id='line_1_19' title="bbox 738 1363 1712 1439; baseline -0.004 -17"><span class='ocrx_word' id='word_1_110' title='bbox 738 1366 936 1422; x_wconf 81' lang='lat' dir='ltr'><strong>‘CAP.</strong></span> <span class='ocrx_word' id='word_1_111' title='bbox 972 1367 1057 1421; x_wconf 84' lang='lat' dir='ltr'><strong>Ill.</strong></span> <span class='ocrx_word' id='word_1_112' title='bbox 1118 1366 1204 1439; x_wconf 74' lang='grc' dir='ltr'>[ιι.</span> <span class='ocrx_word' id='word_1_113' title='bbox 1249 1370 1333 1421; x_wconf 78' lang='lat' dir='ltr'><strong>st.</strong></span> <span class='ocrx_word' id='word_1_114' title='bbox 1375 1365 1476 1419; x_wconf 82' lang='lat' dir='ltr'><strong>cn.</strong></span> <span class='ocrx_word' id='word_1_115' title='bbox 1517 1364 1580 1419; x_wconf 89' lang='lat' dir='ltr'><strong>v.</strong></span> <span class='ocrx_word' id='word_1_116' title='bbox 1632 1363 1712 1436; x_wconf 73' lang='grc'><strong>4.]</strong></span> 
     </span>
    </p>
   </div>
   <div class='ocr_carea' id='block_1_20' title="bbox 312 1271 2186 1347">
    <p class='ocr_par' dir='ltr' id='par_1_20' title="bbox 312 1271 2186 1347">
     <span class='ocr_line' id='line_1_20' title="bbox 312 1271 2186 1347; baseline 0.001 -20"><span class='ocrx_word' id='word_1_117' title='bbox 312 1292 317 1295; x_wconf 93' lang='grc'>·</span> <span class='ocrx_word' id='word_1_118' title='bbox 427 1274 816 1347; x_wconf 79' lang='grc' dir='ltr'>Παλαιστίνην,</span> <span class='ocrx_word' id='word_1_119' title='bbox 848 1276 945 1328; x_wconf 66' lang='grc' dir='ltr'>καὶ</span> <span class='ocrx_word' id='word_1_120' title='bbox 993 1274 1089 1347; x_wconf 80' lang='grc' dir='ltr'>τὴν</span> <span class='ocrx_word' id='word_1_121' title='bbox 1120 1274 1395 1345; x_wconf 80' lang='grc' dir='ltr'>Φοινίκην,</span> <span class='ocrx_word' id='word_1_122' title='bbox 1426 1272 1521 1343; x_wconf 73' lang='grc' dir='ltr'><strong>καὶ</strong></span> <span class='ocrx_word' id='word_1_123' title='bbox 1560 1273 1630 1326; x_wconf 83' lang='grc' dir='ltr'>τὰ</span> <span class='ocrx_word' id='word_1_124' title='bbox 1661 1271 1796 1325; x_wconf 81' lang='grc' dir='ltr'>ἄλλα</span> <span class='ocrx_word' id='word_1_125' title='bbox 1830 1272 2006 1342; x_wconf 84' lang='grc' dir='ltr'>ὅμορα</span> <span class='ocrx_word' id='word_1_126' title='bbox 2035 1271 2186 1344; x_wconf 80' lang='grc' dir='ltr'>ἔθνη.</span> 
     </span>
    </p>
   </div>
   <div class='ocr_carea' id='block_1_21' title="bbox 2751 1358 3117 1417">
    <p class='ocr_par' dir='ltr' id='par_1_21' title="bbox 2751 1358 3117 1417">
     <span class='ocr_line' id='line_1_21' title="bbox 2751 1358 3117 1417; baseline 0 0"><span class='ocrx_word' id='word_1_127' title='bbox 2751 1362 3005 1417; x_wconf 77' lang='grc' dir='ltr'><strong>ΚΕΦΑΛ.</strong></span> <span class='ocrx_word' id='word_1_128' title='bbox 3042 1358 3117 1417; x_wconf 80' lang='grc' dir='ltr'>Γ.</span> 
     </span>
    </p>
   </div>
   <div class='ocr_carea' id='block_1_22' title="bbox 430 1449 2030 1535">
    <p class='ocr_par' dir='ltr' id='par_1_22' title="bbox 430 1455 2029 1535">
     <span class='ocr_line' id='line_1_22' title="bbox 430 1455 2029 1535; baseline -0.001 -22"><span class='ocrx_word' id='word_1_129' title='bbox 430 1457 509 1515; x_wconf 84' lang='lat' dir='ltr'><strong>De</strong></span> <span class='ocrx_word' id='word_1_130' title='bbox 537 1458 772 1514; x_wconf 73' lang='lat' dir='ltr'><strong>secunda</strong></span> <span class='ocrx_word' id='word_1_131' title='bbox 805 1460 945 1513; x_wconf 77' lang='lat' dir='ltr'><strong>beati</strong></span> <span class='ocrx_word' id='word_1_132' title='bbox 998 1459 1279 1535; x_wconf 60' lang='lat' dir='ltr'><strong>Athanasii</strong></span> <span class='ocrx_word' id='word_1_133' title='bbox 1319 1458 1659 1529; x_wconf 76' lang='lat' dir='ltr'><strong>relegatione,</strong></span> <span class='ocrx_word' id='word_1_134' title='bbox 1690 1455 2029 1527; x_wconf 79' lang='lat' dir='ltr'><strong>Gregoriique</strong></span> 
     </span>
    </p>
   </div>
   <div class='ocr_carea' id='block_1_23' title="bbox 2135 1449 3716 1535">
    <p class='ocr_par' dir='ltr' id='par_1_23' title="bbox 2135 1449 3716 1535">
     <span class='ocr_line' id='line_1_23' title="bbox 2135 1449 3716 1535; baseline -0.006 -24"><span class='ocrx_word' id='word_1_135' title='bbox 2135 1457 2275 1535; x_wconf 57' lang='grc' dir='ltr'>Περί</span> <span class='ocrx_word' id='word_1_136' title='bbox 2323 1457 2435 1535; x_wconf 77' lang='grc' dir='ltr'>τῇς</span> <span class='ocrx_word' id='word_1_137' title='bbox 2497 1457 2606 1535; x_wconf 45' lang='lat' dir='ltr'><strong>tat.)-</strong></span> <span class='ocrx_word' id='word_1_138' title='bbox 2658 1455 2961 1535; x_wconf 54' lang='grc' dir='ltr'>μακαρίου</span> <span class='ocrx_word' id='word_1_139' title='bbox 3032 1451 3383 1535; x_wconf 53' lang='grc' dir='ltr'>ἰξθιινασίου</span> <span class='ocrx_word' id='word_1_140' title='bbox 3437 1449 3716 1535; x_wconf 62' lang='grc' dir='ltr'>δευζέρας</span> 
     </span>
    </p>
   </div>
   <div class='ocr_carea' id='block_1_24' title="bbox 803 1531 1671 1585">
    <p class='ocr_par' dir='ltr' id='par_1_24' title="bbox 803 1531 1671 1585">
     <span class='ocr_line' id='line_1_24' title="bbox 803 1531 1671 1585; baseline 0 -3"><span class='ocrx_word' id='word_1_141' title='bbox 803 1540 913 1583; x_wconf 85' lang='lat' dir='ltr'><strong>tum</strong></span> <span class='ocrx_word' id='word_1_142' title='bbox 941 1531 1279 1585; x_wconf 77' lang='lat' dir='ltr'><strong>ordinatione</strong></span> <span class='ocrx_word' id='word_1_143' title='bbox 1326 1539 1438 1581; x_wconf 83' lang='lat' dir='ltr'><strong>tum</strong></span> <span class='ocrx_word' id='word_1_144' title='bbox 1484 1539 1671 1582; x_wconf 87' lang='lat' dir='ltr'><strong>morte.</strong></span> 
     </span>
    </p>
   </div>
   <div class='ocr_carea' id='block_1_25' title="bbox 502 1687 2027 1752">
    <p class='ocr_par' dir='ltr' id='par_1_25' title="bbox 502 1687 2027 1752">
     <span class='ocr_line' id='line_1_25' title="bbox 502 1687 2027 1752; baseline -0.001 -9"><span class='ocrx_word' id='word_1_145' title='bbox 502 1688 601 1745; x_wconf 81' lang='lat' dir='ltr'><strong>llis</strong></span> <span class='ocrx_word' id='word_1_146' title='bbox 646 1698 701 1745; x_wconf 90' lang='lat' dir='ltr'><strong>et</strong></span> <span class='ocrx_word' id='word_1_147' title='bbox 753 1689 1027 1746; x_wconf 83' lang='lat' dir='ltr'><strong>similibus</strong></span> <span class='ocrx_word' id='word_1_148' title='bbox 1091 1689 1462 1752; x_wconf 62' lang='lat' dir='ltr'><strong>sermonibus,</strong></span> <span class='ocrx_word' id='word_1_149' title='bbox 1494 1702 1619 1741; x_wconf 90' lang='lat' dir='ltr'><strong>cum</strong></span> <span class='ocrx_word' id='word_1_150' title='bbox 1688 1687 2027 1744; x_wconf 89' lang='lat' dir='ltr'><strong>levissimum</strong></span> 
     </span>
    </p>
   </div>
   <div class='ocr_carea' id='block_1_26' title="bbox 431 1779 2029 1852">
    <p class='ocr_par' dir='ltr' id='par_1_26' title="bbox 431 1779 2029 1852">
     <span class='ocr_line' id='line_1_26' title="bbox 431 1779 2029 1852; baseline -0.004 -15"><span class='ocrx_word' id='word_1_151' title='bbox 431 1782 555 1849; x_wconf 86' lang='lat' dir='ltr'><strong>ejus</strong></span> <span class='ocrx_word' id='word_1_152' title='bbox 611 1782 858 1836; x_wconf 87' lang='lat' dir='ltr'><strong>animum</strong></span> <span class='ocrx_word' id='word_1_153' title='bbox 895 1788 1340 1852; x_wconf 75' lang='lat' dir='ltr'><strong>expugnassent,</strong></span> <span class='ocrx_word' id='word_1_154' title='bbox 1399 1785 1800 1848; x_wconf 89' lang='lat' dir='ltr'><strong>persuaserunt</strong></span> <span class='ocrx_word' id='word_1_155' title='bbox 1857 1779 1908 1833; x_wconf 92' lang='lat' dir='ltr'><strong>ei</strong></span> <span class='ocrx_word' id='word_1_156' title='bbox 1967 1785 2029 1831; x_wconf 91' lang='lat' dir='ltr'><strong>ut</strong></span> 
     </span>
    </p>
   </div>
   <div class='ocr_carea' id='block_1_27' title="bbox 2205 1519 3723 1596">
    <p class='ocr_par' dir='ltr' id='par_1_27' title="bbox 2205 1519 3723 1596">
     <span class='ocr_line' id='line_1_27' title="bbox 2205 1519 3723 1596; baseline -0.005 -16"><span class='ocrx_word' id='word_1_157' title='bbox 2205 1519 2466 1596; x_wconf 66' lang='grc' dir='ltr'>ἐξορίὶιξι,</span> <span class='ocrx_word' id='word_1_158' title='bbox 2510 1529 2610 1582; x_wconf 80' lang='grc' dir='ltr'>καὶ</span> <span class='ocrx_word' id='word_1_159' title='bbox 2656 1519 2768 1594; x_wconf 61' lang='grc' dir='ltr'>τῆς</span> <span class='ocrx_word' id='word_1_160' title='bbox 2813 1519 3150 1593; x_wconf 69' lang='grc' dir='ltr'>Γρηγορίου</span> <span class='ocrx_word' id='word_1_161' title='bbox 3198 1519 3626 1586; x_wconf 81' lang='grc' dir='ltr'>καταστάσεώς</span> <span class='ocrx_word' id='word_1_162' title='bbox 3658 1536 3723 1572; x_wconf 80' lang='grc' dir='ltr'><strong>τε</strong></span> 
     </span>
    </p>
   </div>
   <div class='ocr_carea' id='block_1_28' title="bbox 2206 1597 2644 1668">
    <p class='ocr_par' dir='ltr' id='par_1_28' title="bbox 2206 1597 2644 1668">
     <span class='ocr_line' id='line_1_28' title="bbox 2206 1597 2644 1668; baseline -0.002 -15"><span class='ocrx_word' id='word_1_163' title='bbox 2206 1600 2307 1653; x_wconf 78' lang='grc' dir='ltr'><strong>καὶ</strong></span> <span class='ocrx_word' id='word_1_164' title='bbox 2336 1597 2644 1668; x_wconf 79' lang='grc' dir='ltr'>τελευτῆς.</span> 
     </span>
    </p>
   </div>
   <div class='ocr_carea' id='block_1_29' title="bbox 2206 1680 3725 1755">
    <p class='ocr_par' dir='ltr' id='par_1_29' title="bbox 2206 1680 3725 1755">
     <span class='ocr_line' id='line_1_29' title="bbox 2206 1680 3725 1755; baseline -0.005 -12"><span class='ocrx_word' id='word_1_165' title='bbox 2206 1691 2431 1755; x_wconf 81' lang='grc' dir='ltr'>Τούτοις</span> <span class='ocrx_word' id='word_1_166' title='bbox 2465 1692 2560 1745; x_wconf 80' lang='grc' dir='ltr'><strong>καὶ</strong></span> <span class='ocrx_word' id='word_1_167' title='bbox 2589 1692 2702 1752; x_wconf 84' lang='grc' dir='ltr'>τοῖς</span> <span class='ocrx_word' id='word_1_168' title='bbox 2731 1687 2997 1748; x_wconf 81' lang='grc' dir='ltr'>τοιούτοις</span> <span class='ocrx_word' id='word_1_169' title='bbox 3032 1682 3213 1752; x_wconf 82' lang='grc' dir='ltr'>λόγοις</span> <span class='ocrx_word' id='word_1_170' title='bbox 3249 1682 3349 1752; x_wconf 76' lang='grc' dir='ltr'><strong>τὴν</strong></span> <span class='ocrx_word' id='word_1_171' title='bbox 3382 1680 3725 1751; x_wconf 84' lang='grc' dir='ltr'>κουφοτάτην</span> 
     </span>
    </p>
   </div>
   <div class='ocr_carea' id='block_1_30' title="bbox 2135 1772 3729 1851">
    <p class='ocr_par' dir='ltr' id='par_1_30' title="bbox 2135 1772 3729 1851">
     <span class='ocr_line' id='line_1_30' title="bbox 2135 1772 3729 1851; baseline -0.006 -16"><span class='ocrx_word' id='word_1_172' title='bbox 2135 1781 2300 1835; x_wconf 81' lang='grc' dir='ltr'>αὐτοῦ</span> <span class='ocrx_word' id='word_1_173' title='bbox 2338 1782 2803 1851; x_wconf 80' lang='grc' dir='ltr'>πολιορκήσαντες</span> <span class='ocrx_word' id='word_1_174' title='bbox 2834 1777 3061 1847; x_wconf 82' lang='grc' dir='ltr'>γνώμην</span> <span class='ocrx_word' id='word_1_175' title='bbox 3089 1815 3104 1838; x_wconf 96' lang='grc'><strong>,</strong></span> <span class='ocrx_word' id='word_1_176' title='bbox 3157 1773 3383 1827; x_wconf 80' lang='grc' dir='ltr'>ἔπεισαν</span> <span class='ocrx_word' id='word_1_177' title='bbox 3423 1772 3590 1827; x_wconf 83' lang='grc' dir='ltr'>αὐτὸν</span> <span class='ocrx_word' id='word_1_178' title='bbox 3634 1772 3729 1838; x_wconf 84' lang='grc' dir='ltr'><strong>ἐξ·</strong></span> 
     </span>
    </p>
   </div>
   <div class='ocr_carea' id='block_1_31' title="bbox 431 1867 2030 1947">
    <p class='ocr_par' dir='ltr' id='par_1_31' title="bbox 431 1867 2030 1941">
     <span class='ocr_line' id='line_1_31' title="bbox 431 1867 2030 1941; baseline -0.002 -15"><span class='ocrx_word' id='word_1_179' title='bbox 431 1874 795 1927; x_wconf 82' lang='lat' dir='ltr'><strong>Athanasium</strong></span> <span class='ocrx_word' id='word_1_180' title='bbox 828 1873 1077 1928; x_wconf 80' lang='lat' dir='ltr'><strong>Ecclesia</strong></span> <span class='ocrx_word' id='word_1_181' title='bbox 1133 1888 1233 1927; x_wconf 85' lang='lat' dir='ltr'><strong>sua</strong></span> <span class='ocrx_word' id='word_1_182' title='bbox 1279 1871 1599 1941; x_wconf 83' lang='lat' dir='ltr'><strong>expelleret.</strong></span> <span class='ocrx_word' id='word_1_183' title='bbox 1626 1867 1828 1923; x_wconf 79' lang='lat' dir='ltr'><strong>Verum</strong></span> <span class='ocrx_word' id='word_1_184' title='bbox 1860 1869 2030 1923; x_wconf 83' lang='lat' dir='ltr'><strong>Atha-</strong></span> 
     </span>
    </p>
   </div>
   <div class='ocr_carea' id='block_1_32' title="bbox 2135 1867 3726 1947">
    <p class='ocr_par' dir='ltr' id='par_1_32' title="bbox 2135 1869 3726 1947">
     <span class='ocr_line' id='line_1_32' title="bbox 2135 1869 3726 1947; baseline -0.005 -17"><span class='ocrx_word' id='word_1_185' title='bbox 2135 1876 2327 1930; x_wconf 87' lang='grc' dir='ltr'>ελάσαι</span> <span class='ocrx_word' id='word_1_186' title='bbox 2355 1876 2455 1947; x_wconf 77' lang='grc' dir='ltr'>τῆς</span> <span class='ocrx_word' id='word_1_187' title='bbox 2508 1874 2841 1945; x_wconf 78' lang='grc' dir='ltr'>Ἐκκλησίας</span> <span class='ocrx_word' id='word_1_188' title='bbox 2884 1872 2976 1924; x_wconf 77' lang='grc' dir='ltr'><strong>τὸν</strong></span> <span class='ocrx_word' id='word_1_189' title='bbox 3026 1869 3369 1924; x_wconf 80' lang='grc' dir='ltr'>Ἀθανάσιον.</span> <span class='ocrx_word' id='word_1_190' title='bbox 3416 1870 3474 1923; x_wconf 87' lang='grc'><strong>’0</strong></span> <span class='ocrx_word' id='word_1_191' title='bbox 3502 1869 3559 1923; x_wconf 82' lang='grc' dir='ltr'><strong>δὲ</strong></span> <span class='ocrx_word' id='word_1_192' title='bbox 3588 1885 3726 1940; x_wconf 86' lang='grc' dir='ltr'>προ-</span> 
     </span>
    </p>
   </div>
   <div class='ocr_carea' id='block_1_33' title="bbox 434 1962 2026 2035">
    <p class='ocr_par' dir='ltr' id='par_1_33' title="bbox 434 1962 2026 2035">
     <span class='ocr_line' id='line_1_33' title="bbox 434 1962 2026 2035; baseline -0.003 -15"><span class='ocrx_word' id='word_1_193' title='bbox 434 1968 645 2025; x_wconf 83' lang='lat' dir='ltr'><strong>nasins.</strong></span> <span class='ocrx_word' id='word_1_194' title='bbox 682 1966 1031 2035; x_wconf 65' lang='lat' dir='ltr'><strong>praecognitis</strong></span> <span class='ocrx_word' id='word_1_195' title='bbox 1069 1965 1289 2018; x_wconf 90' lang='lat' dir='ltr'><strong>illorum</strong></span> <span class='ocrx_word' id='word_1_196' title='bbox 1322 1963 1567 2024; x_wconf 87' lang='lat' dir='ltr'><strong>insidiis,</strong></span> <span class='ocrx_word' id='word_1_197' title='bbox 1609 1962 1845 2017; x_wconf 83' lang='lat' dir='ltr'><strong>secessit</strong></span> <span class='ocrx_word' id='word_1_198' title='bbox 1888 1962 2026 2032; x_wconf 85' lang='lat' dir='ltr'><strong>ipse,</strong></span> 
     </span>
    </p>
   </div>
   <div class='ocr_carea' id='block_1_34' title="bbox 433 2052 2026 2113">
    <p class='ocr_par' dir='ltr' id='par_1_34' title="bbox 433 2052 2026 2113">
     <span class='ocr_line' id='line_1_34' title="bbox 433 2052 2026 2113; baseline -0.003 -2"><span class='ocrx_word' id='word_1_199' title='bbox 433 2069 486 2111; x_wconf 90' lang='lat' dir='ltr'><strong>et</strong></span> <span class='ocrx_word' id='word_1_200' title='bbox 518 2058 569 2111; x_wconf 90' lang='lat' dir='ltr'><strong>in</strong></span> <span class='ocrx_word' id='word_1_201' title='bbox 597 2057 952 2113; x_wconf 64' lang='lat' dir='ltr'><strong>Occidentem</strong></span> <span class='ocrx_word' id='word_1_202' title='bbox 1002 2072 1062 2111; x_wconf 92' lang='lat' dir='ltr'><strong>se</strong></span> <span class='ocrx_word' id='word_1_203' title='bbox 1120 2057 1377 2110; x_wconf 85' lang='lat' dir='ltr'><strong>contulit.</strong></span> <span class='ocrx_word' id='word_1_204' title='bbox 1421 2054 1500 2106; x_wconf 75' lang='lat' dir='ltr'><strong>Ad</strong></span> <span class='ocrx_word' id='word_1_205' title='bbox 1537 2052 1847 2107; x_wconf 78' lang='lat' dir='ltr'><strong>Romanum</strong></span> <span class='ocrx_word' id='word_1_206' title='bbox 1880 2055 2026 2107; x_wconf 88' lang='lat' dir='ltr'><strong>enim</strong></span> 
     </span>
    </p>
   </div>
   <div class='ocr_carea' id='block_1_35' title="bbox 432 2145 2027 2219">
    <p class='ocr_par' dir='ltr' id='par_1_35' title="bbox 432 2145 2027 2219">
     <span class='ocr_line' id='line_1_35' title="bbox 432 2145 2027 2219; baseline -0.003 -16"><span class='ocrx_word' id='word_1_207' title='bbox 432 2151 774 2219; x_wconf 86' lang='lat' dir='ltr'><strong>episcopum,</strong></span> <span class='ocrx_word' id='word_1_208' title='bbox 822 2146 1033 2202; x_wconf 81' lang='lat' dir='ltr'><strong>Julium</strong></span> <span class='ocrx_word' id='word_1_209' title='bbox 1071 2148 1349 2207; x_wconf 90' lang='lat' dir='ltr'><strong>videlicet,</strong></span> <span class='ocrx_word' id='word_1_210' title='bbox 1392 2146 1487 2215; x_wconf 87' lang='lat' dir='ltr'><strong>qui</strong></span> <span class='ocrx_word' id='word_1_211' title='bbox 1533 2145 1835 2200; x_wconf 75' lang='lat' dir='ltr'><strong>Ecclesiam</strong></span> <span class='ocrx_word' id='word_1_212' title='bbox 1878 2146 2027 2199; x_wconf 89' lang='lat' dir='ltr'><strong>illam</strong></span> 
     </span>
    </p>
   </div>
   <div class='ocr_carea' id='block_1_36' title="bbox 433 2238 2029 2312">
    <p class='ocr_par' dir='ltr' id='par_1_36' title="bbox 433 2238 2029 2312">
     <span class='ocr_line' id='line_1_36' title="bbox 433 2238 2029 2312; baseline -0.003 -17"><span class='ocrx_word' id='word_1_213' title='bbox 433 2251 568 2295; x_wconf 88' lang='lat' dir='ltr'><strong>tunc</strong></span> <span class='ocrx_word' id='word_1_214' title='bbox 611 2243 855 2312; x_wconf 78' lang='lat' dir='ltr'><strong>regebat,</strong></span> <span class='ocrx_word' id='word_1_215' title='bbox 887 2240 1182 2295; x_wconf 84' lang='lat' dir='ltr'><strong>Eusebiani</strong></span> <span class='ocrx_word' id='word_1_216' title='bbox 1216 2241 1554 2312; x_wconf 66' lang='lat' dir='ltr'><strong>compositas</strong></span> <span class='ocrx_word' id='word_1_217' title='bbox 1575 2238 1630 2292; x_wconf 93' lang='lat' dir='ltr'><strong>in</strong></span> <span class='ocrx_word' id='word_1_218' title='bbox 1660 2238 2029 2293; x_wconf 75' lang='lat' dir='ltr'><strong>Athanasium</strong></span> 
     </span>
    </p>
   </div>
   <div class='ocr_carea' id='block_1_37' title="bbox 433 2329 2030 2402">
    <p class='ocr_par' dir='ltr' id='par_1_37' title="bbox 433 2329 2030 2402">
     <span class='ocr_line' id='line_1_37' title="bbox 433 2329 2030 2402; baseline -0.001 -16"><span class='ocrx_word' id='word_1_219' title='bbox 433 2334 745 2387; x_wconf 84' lang='lat' dir='ltr'><strong>calumnias</strong></span> <span class='ocrx_word' id='word_1_220' title='bbox 798 2332 1263 2402; x_wconf 81' lang='lat' dir='ltr'><strong>perscripseram.</strong></span> <span class='ocrx_word' id='word_1_221' title='bbox 1298 2329 1347 2385; x_wconf 88' lang='lat' dir='ltr'><strong>Is</strong></span> <span class='ocrx_word' id='word_1_222' title='bbox 1386 2345 1516 2385; x_wconf 86' lang='lat' dir='ltr'><strong>vero</strong></span> <span class='ocrx_word' id='word_1_223' title='bbox 1539 2370 1556 2396; x_wconf 93' lang='lat'><strong>,</strong></span> <span class='ocrx_word' id='word_1_224' title='bbox 1587 2330 2030 2399; x_wconf 82' lang='lat' dir='ltr'><strong>ecclesiasticam</strong></span> 
     </span>
    </p>
   </div>
   <div class='ocr_carea' id='block_1_38' title="bbox 436 2419 2029 2492">
    <p class='ocr_par' dir='ltr' id='par_1_38' title="bbox 436 2419 2029 2492">
     <span class='ocr_line' id='line_1_38' title="bbox 436 2419 2029 2492; baseline -0.001 -16"><span class='ocrx_word' id='word_1_225' title='bbox 436 2437 676 2491; x_wconf 84' lang='lat' dir='ltr'><strong>sequens</strong></span> <span class='ocrx_word' id='word_1_226' title='bbox 708 2429 977 2492; x_wconf 78' lang='lat' dir='ltr'><strong>regulam,</strong></span> <span class='ocrx_word' id='word_1_227' title='bbox 1023 2431 1078 2477; x_wconf 90' lang='lat' dir='ltr'><strong>et</strong></span> <span class='ocrx_word' id='word_1_228' title='bbox 1122 2424 1272 2489; x_wconf 86' lang='lat' dir='ltr'><strong>ipsos</strong></span> <span class='ocrx_word' id='word_1_229' title='bbox 1327 2419 1559 2475; x_wconf 88' lang='lat' dir='ltr'><strong>Romam</strong></span> <span class='ocrx_word' id='word_1_230' title='bbox 1604 2421 1791 2476; x_wconf 87' lang='lat' dir='ltr'><strong>venire</strong></span> <span class='ocrx_word' id='word_1_231' title='bbox 1839 2420 2029 2491; x_wconf 85' lang='lat' dir='ltr'><strong>jussit,</strong></span> 
     </span>
    </p>
   </div>
   <div class='ocr_carea' id='block_1_39' title="bbox 434 2513 2030 2583">
    <p class='ocr_par' dir='ltr' id='par_1_39' title="bbox 434 2513 2030 2583">
     <span class='ocr_line' id='line_1_39' title="bbox 434 2513 2030 2583; baseline 0.001 -16"><span class='ocrx_word' id='word_1_232' title='bbox 434 2522 488 2568; x_wconf 89' lang='lat' dir='ltr'><strong>et</strong></span> <span class='ocrx_word' id='word_1_233' title='bbox 537 2514 726 2567; x_wconf 87' lang='lat' dir='ltr'><strong>divino</strong></span> <span class='ocrx_word' id='word_1_234' title='bbox 758 2515 1063 2569; x_wconf 80' lang='lat' dir='ltr'><strong>Athanasio</strong></span> <span class='ocrx_word' id='word_1_235' title='bbox 1103 2516 1169 2568; x_wconf 85' lang='lat' dir='ltr'><strong>ad</strong></span> <span class='ocrx_word' id='word_1_236' title='bbox 1215 2513 1488 2583; x_wconf 88' lang='lat' dir='ltr'><strong>judicium</strong></span> <span class='ocrx_word' id='word_1_237' title='bbox 1544 2513 1688 2569; x_wconf 88' lang='lat' dir='ltr'><strong>diem</strong></span> <span class='ocrx_word' id='word_1_238' title='bbox 1729 2515 1891 2570; x_wconf 79' lang='lat' dir='ltr'><strong>dixit.</strong></span> <span class='ocrx_word' id='word_1_239' title='bbox 1925 2514 2030 2580; x_wconf 86' lang='lat' dir='ltr'><strong>Qui</strong></span> 
     </span>
    </p>
   </div>
   <div class='ocr_carea' id='block_1_40' title="bbox 437 2607 2029 2677">
    <p class='ocr_par' dir='ltr' id='par_1_40' title="bbox 437 2607 2029 2677">
     <span class='ocr_line' id='line_1_40' title="bbox 437 2607 2029 2677; baseline -0.001 -16"><span class='ocrx_word' id='word_1_240' title='bbox 437 2608 601 2661; x_wconf 80' lang='lat' dir='ltr'><strong>simul</strong></span> <span class='ocrx_word' id='word_1_241' title='bbox 638 2622 701 2660; x_wconf 88' lang='lat' dir='ltr'><strong>ac</strong></span> <span class='ocrx_word' id='word_1_242' title='bbox 733 2607 1050 2661; x_wconf 88' lang='lat' dir='ltr'><strong>citationem</strong></span> <span class='ocrx_word' id='word_1_243' title='bbox 1086 2609 1319 2677; x_wconf 87' lang='lat' dir='ltr'><strong>accepit,</strong></span> <span class='ocrx_word' id='word_1_244' title='bbox 1352 2607 1405 2660; x_wconf 89' lang='lat' dir='ltr'><strong>iu</strong></span> <span class='ocrx_word' id='word_1_245' title='bbox 1431 2607 1575 2660; x_wconf 89' lang='lat' dir='ltr'><strong>viam</strong></span> <span class='ocrx_word' id='word_1_246' title='bbox 1611 2608 2029 2677; x_wconf 84' lang='lat' dir='ltr'><strong>quamprimum</strong></span> 
     </span>
    </p>
   </div>
   <div class='ocr_carea' id='block_1_41' title="bbox 439 2703 2031 2776">
    <p class='ocr_par' dir='ltr' id='par_1_41' title="bbox 439 2703 2031 2776">
     <span class='ocr_line' id='line_1_41' title="bbox 439 2703 2031 2776; baseline 0.001 -18"><span class='ocrx_word' id='word_1_247' title='bbox 439 2719 500 2758; x_wconf 87' lang='lat' dir='ltr'><strong>se</strong></span> <span class='ocrx_word' id='word_1_248' title='bbox 534 2703 705 2757; x_wconf 85' lang='lat' dir='ltr'><strong>dedit.</strong></span> <span class='ocrx_word' id='word_1_249' title='bbox 748 2704 821 2756; x_wconf 79' lang='lat' dir='ltr'><strong>At</strong></span> <span class='ocrx_word' id='word_1_250' title='bbox 861 2705 952 2771; x_wconf 93' lang='lat' dir='ltr'><strong>qui</strong></span> <span class='ocrx_word' id='word_1_251' title='bbox 992 2704 1236 2757; x_wconf 80' lang='lat' dir='ltr'><strong>fabulam</strong></span> <span class='ocrx_word' id='word_1_252' title='bbox 1286 2715 1507 2764; x_wconf 87' lang='lat' dir='ltr'><strong>norant.</strong></span> <span class='ocrx_word' id='word_1_253' title='bbox 1538 2706 1741 2774; x_wconf 81' lang='lat' dir='ltr'><strong>quippe</strong></span> <span class='ocrx_word' id='word_1_254' title='bbox 1786 2707 1882 2776; x_wconf 91' lang='lat' dir='ltr'><strong>qui</strong></span> <span class='ocrx_word' id='word_1_255' title='bbox 1911 2721 2031 2761; x_wconf 90' lang='lat' dir='ltr'><strong>eam</strong></span> 
     </span>
    </p>
   </div>
   <div class='ocr_carea' id='block_1_42' title="bbox 440 2795 2031 2866">
    <p class='ocr_par' dir='ltr' id='par_1_42' title="bbox 440 2795 2031 2866">
     <span class='ocr_line' id='line_1_42' title="bbox 440 2795 2031 2866; baseline 0.001 -17"><span class='ocrx_word' id='word_1_256' title='bbox 440 2798 544 2866; x_wconf 73' lang='lat' dir='ltr'><strong>ipsr</strong></span> <span class='ocrx_word' id='word_1_257' title='bbox 576 2795 974 2855; x_wconf 83' lang='lat' dir='ltr'><strong>comlidernnt.</strong></span> <span class='ocrx_word' id='word_1_258' title='bbox 1006 2795 1239 2849; x_wconf 82' lang='lat' dir='ltr'><strong>Romam</strong></span> <span class='ocrx_word' id='word_1_259' title='bbox 1288 2795 1411 2852; x_wconf 89' lang='lat' dir='ltr'><strong>ideo</strong></span> <span class='ocrx_word' id='word_1_260' title='bbox 1455 2796 1689 2866; x_wconf 74' lang='lat' dir='ltr'><strong>profecti</strong></span> <span class='ocrx_word' id='word_1_261' title='bbox 1726 2814 1836 2853; x_wconf 91' lang='lat' dir='ltr'><strong>non</strong></span> <span class='ocrx_word' id='word_1_262' title='bbox 1880 2806 2031 2865; x_wconf 92' lang='lat' dir='ltr'><strong>sunt,</strong></span> 
     </span>
    </p>
   </div>
   <div class='ocr_carea' id='block_1_43' title="bbox 440 2886 2035 2955">
    <p class='ocr_par' dir='ltr' id='par_1_43' title="bbox 440 2886 2035 2955">
     <span class='ocr_line' id='line_1_43' title="bbox 440 2886 2035 2955; baseline 0.001 -16"><span class='ocrx_word' id='word_1_263' title='bbox 440 2886 586 2955; x_wconf 82' lang='lat' dir='ltr'><strong>quod</strong></span> <span class='ocrx_word' id='word_1_264' title='bbox 644 2887 994 2941; x_wconf 84' lang='lat' dir='ltr'><strong>mendacium</strong></span> <span class='ocrx_word' id='word_1_265' title='bbox 1043 2886 1205 2940; x_wconf 65' lang='lat' dir='ltr'><strong>facile</strong></span> <span class='ocrx_word' id='word_1_266' title='bbox 1252 2886 1660 2955; x_wconf 88' lang='lat' dir='ltr'><strong>deprehensum</strong></span> <span class='ocrx_word' id='word_1_267' title='bbox 1716 2887 1781 2941; x_wconf 91' lang='lat' dir='ltr'><strong>iri</strong></span> <span class='ocrx_word' id='word_1_268' title='bbox 1826 2886 2035 2941; x_wconf 86' lang='lat' dir='ltr'><strong>sentie-</strong></span> 
     </span>
    </p>
   </div>
   <div class='ocr_carea' id='block_1_44' title="bbox 441 2975 2040 3046">
    <p class='ocr_par' dir='ltr' id='par_1_44' title="bbox 441 2975 2040 3046">
     <span class='ocr_line' id='line_1_44' title="bbox 441 2975 2040 3046; baseline -0.001 -14"><span class='ocrx_word' id='word_1_269' title='bbox 441 2979 614 3043; x_wconf 89' lang='lat' dir='ltr'><strong>bant;</strong></span> <span class='ocrx_word' id='word_1_270' title='bbox 673 2993 804 3032; x_wconf 88' lang='lat' dir='ltr'><strong>oves</strong></span> <span class='ocrx_word' id='word_1_271' title='bbox 835 2986 1016 3031; x_wconf 91' lang='lat' dir='ltr'><strong>autem</strong></span> <span class='ocrx_word' id='word_1_272' title='bbox 1058 2986 1277 3046; x_wconf 87' lang='lat' dir='ltr'><strong>pastore</strong></span> <span class='ocrx_word' id='word_1_273' title='bbox 1319 2975 1622 3031; x_wconf 88' lang='lat' dir='ltr'><strong>destitutas</strong></span> <span class='ocrx_word' id='word_1_274' title='bbox 1667 2990 1793 3030; x_wconf 92' lang='lat' dir='ltr'><strong>cum</strong></span> <span class='ocrx_word' id='word_1_275' title='bbox 1850 2990 2040 3030; x_wconf 82' lang='lat' dir='ltr'><strong>ceruc-</strong></span> 
     </span>
    </p>
   </div>
   <div class='ocr_carea' id='block_1_45' title="bbox 439 3068 2037 3139">
    <p class='ocr_par' dir='ltr' id='par_1_45' title="bbox 439 3068 2037 3139">
     <span class='ocr_line' id='line_1_45' title="bbox 439 3068 2037 3139; baseline -0.001 -14"><span class='ocrx_word' id='word_1_276' title='bbox 439 3077 584 3131; x_wconf 84' lang='lat' dir='ltr'><strong>rent,</strong></span> <span class='ocrx_word' id='word_1_277' title='bbox 621 3070 808 3139; x_wconf 91' lang='lat' dir='ltr'><strong>lupum</strong></span> <span class='ocrx_word' id='word_1_278' title='bbox 837 3069 947 3122; x_wconf 91' lang='lat' dir='ltr'><strong>illis</strong></span> <span class='ocrx_word' id='word_1_279' title='bbox 980 3084 1080 3139; x_wconf 91' lang='lat' dir='ltr'><strong>pro</strong></span> <span class='ocrx_word' id='word_1_280' title='bbox 1108 3077 1328 3137; x_wconf 86' lang='lat' dir='ltr'><strong>pastore</strong></span> <span class='ocrx_word' id='word_1_281' title='bbox 1372 3068 1777 3138; x_wconf 88' lang='lat' dir='ltr'><strong>imposuerunt,</strong></span> <span class='ocrx_word' id='word_1_282' title='bbox 1812 3068 2037 3123; x_wconf 85' lang='lat' dir='ltr'><strong>nomiue</strong></span> 
     </span>
    </p>
   </div>
   <div class='ocr_carea' id='block_1_46' title="bbox 438 3158 2035 3231">
    <p class='ocr_par' dir='ltr' id='par_1_46' title="bbox 438 3158 2035 3231">
     <span class='ocr_line' id='line_1_46' title="bbox 438 3158 2035 3231; baseline -0.003 -15"><span class='ocrx_word' id='word_1_283' title='bbox 438 3159 792 3231; x_wconf 75' lang='lat' dir='ltr'><strong>Gregorium.</strong></span> <span class='ocrx_word' id='word_1_284' title='bbox 846 3160 948 3225; x_wconf 82' lang='lat' dir='ltr'><strong>Qui</strong></span> <span class='ocrx_word' id='word_1_285' title='bbox 1007 3159 1074 3213; x_wconf 87' lang='lat' dir='ltr'><strong>ad</strong></span> <span class='ocrx_word' id='word_1_286' title='bbox 1145 3175 1239 3213; x_wconf 83' lang='lat' dir='ltr'><strong>sex</strong></span> <span class='ocrx_word' id='word_1_287' title='bbox 1299 3175 1476 3214; x_wconf 86' lang='lat' dir='ltr'><strong>annos</strong></span> <span class='ocrx_word' id='word_1_288' title='bbox 1522 3159 1654 3214; x_wconf 81' lang='lat' dir='ltr'><strong>feris</strong></span> <span class='ocrx_word' id='word_1_289' title='bbox 1720 3158 2035 3228; x_wconf 81' lang='lat' dir='ltr'><strong>agrestibus</strong></span> 
     </span>
    </p>
   </div>
   <div class='ocr_carea' id='block_1_47' title="bbox 2135 1957 3725 2039">
    <p class='ocr_par' dir='ltr' id='par_1_47' title="bbox 2135 1957 3725 2039">
     <span class='ocr_line' id='line_1_47' title="bbox 2135 1957 3725 2039; baseline -0.006 -18"><span class='ocrx_word' id='word_1_290' title='bbox 2135 1966 2322 2039; x_wconf 84' lang='grc' dir='ltr'>μαθὼν</span> <span class='ocrx_word' id='word_1_291' title='bbox 2351 1968 2451 2036; x_wconf 76' lang='grc' dir='ltr'><strong>τὴν</strong></span> <span class='ocrx_word' id='word_1_292' title='bbox 2469 1964 2786 2035; x_wconf 80' lang='grc' dir='ltr'>ἐπιϐουλὴν,</span> <span class='ocrx_word' id='word_1_293' title='bbox 2804 1960 3156 2032; x_wconf 78' lang='grc' dir='ltr'>ὑπεχώρησε,</span> <span class='ocrx_word' id='word_1_294' title='bbox 3179 1969 3274 2013; x_wconf 83' lang='grc' dir='ltr'><strong>και</strong></span> <span class='ocrx_word' id='word_1_295' title='bbox 3300 1959 3400 2029; x_wconf 81' lang='grc' dir='ltr'>τὴν</span> <span class='ocrx_word' id='word_1_296' title='bbox 3445 1957 3725 2031; x_wconf 81' lang='grc' dir='ltr'>Ἑσπέραν</span> 
     </span>
    </p>
   </div>
   <div class='ocr_carea' id='block_1_48' title="bbox 2130 2050 3724 2128">
    <p class='ocr_par' dir='ltr' id='par_1_48' title="bbox 2130 2050 3724 2128">
     <span class='ocr_line' id='line_1_48' title="bbox 2130 2050 3724 2128; baseline -0.005 -17"><span class='ocrx_word' id='word_1_297' title='bbox 2130 2058 2449 2127; x_wconf 86' lang='grc' dir='ltr'>κατείληφε.</span> <span class='ocrx_word' id='word_1_298' title='bbox 2483 2057 2599 2110; x_wconf 75' lang='grc' dir='ltr'>Καὶ</span> <span class='ocrx_word' id='word_1_299' title='bbox 2629 2054 2737 2128; x_wconf 77' lang='grc' dir='ltr'>γὰρ</span> <span class='ocrx_word' id='word_1_300' title='bbox 2769 2053 2848 2125; x_wconf 72' lang='grc' dir='ltr'><strong>τῷ</strong></span> <span class='ocrx_word' id='word_1_301' title='bbox 2893 2051 3118 2121; x_wconf 83' lang='grc' dir='ltr'><strong>Ῥώμης</strong></span> <span class='ocrx_word' id='word_1_302' title='bbox 3145 2051 3452 2120; x_wconf 82' lang='grc' dir='ltr'>ἐπισκόπῳ,</span> <span class='ocrx_word' id='word_1_303' title='bbox 3504 2050 3724 2115; x_wconf 82' lang='grc' dir='ltr'>Ἰούλιος</span> 
     </span>
    </p>
   </div>
   <div class='ocr_carea' id='block_1_49' title="bbox 2130 2142 3722 2219">
    <p class='ocr_par' dir='ltr' id='par_1_49' title="bbox 2130 2142 3722 2219">
     <span class='ocr_line' id='line_1_49' title="bbox 2130 2142 3722 2219; baseline -0.003 -18"><span class='ocrx_word' id='word_1_304' title='bbox 2130 2148 2187 2201; x_wconf 81' lang='grc' dir='ltr'>δὲ</span> <span class='ocrx_word' id='word_1_305' title='bbox 2214 2146 2520 2219; x_wconf 81' lang='grc' dir='ltr'>τηνικαῦτα</span> <span class='ocrx_word' id='word_1_306' title='bbox 2578 2147 2677 2217; x_wconf 82' lang='grc' dir='ltr'>τὴν</span> <span class='ocrx_word' id='word_1_307' title='bbox 2724 2144 3059 2217; x_wconf 83' lang='grc' dir='ltr'>Ἐκκλησίαν</span> <span class='ocrx_word' id='word_1_308' title='bbox 3109 2143 3326 2214; x_wconf 86' lang='grc' dir='ltr'>ἐκείνην</span> <span class='ocrx_word' id='word_1_309' title='bbox 3379 2142 3722 2213; x_wconf 78' lang='grc' dir='ltr'>ἐποίμαινεν,</span> 
     </span>
    </p>
   </div>
   <div class='ocr_carea' id='block_1_50' title="bbox 2132 2235 3726 2313">
    <p class='ocr_par' dir='ltr' id='par_1_50' title="bbox 2132 2235 3726 2313">
     <span class='ocr_line' id='line_1_50' title="bbox 2132 2235 3726 2313; baseline -0.004 -18"><span class='ocrx_word' id='word_1_310' title='bbox 2132 2242 2180 2295; x_wconf 79' lang='lat' dir='ltr'><strong>oi</strong></span> <span class='ocrx_word' id='word_1_311' title='bbox 2209 2242 2336 2313; x_wconf 74' lang='grc' dir='ltr'>περὶ</span> <span class='ocrx_word' id='word_1_312' title='bbox 2372 2241 2634 2294; x_wconf 79' lang='grc' dir='ltr'>Εὐσέϐιον</span> <span class='ocrx_word' id='word_1_313' title='bbox 2671 2239 2772 2304; x_wconf 77' lang='grc' dir='ltr'><strong>τὰς</strong></span> <span class='ocrx_word' id='word_1_314' title='bbox 2820 2238 2968 2293; x_wconf 84' lang='grc' dir='ltr'><strong>κατά</strong></span> <span class='ocrx_word' id='word_1_315' title='bbox 3001 2236 3328 2291; x_wconf 84' lang='grc' dir='ltr'>Ἀθανασίου</span> <span class='ocrx_word' id='word_1_316' title='bbox 3373 2235 3726 2300; x_wconf 78' lang='grc' dir='ltr'>συντεθείσας</span> 
     </span>
    </p>
   </div>
   <div class='ocr_carea' id='block_1_51' title="bbox 2132 2419 3728 2497">
    <p class='ocr_par' dir='ltr' id='par_1_51' title="bbox 2132 2419 3728 2497">
     <span class='ocr_line' id='line_1_51' title="bbox 2132 2419 3728 2497; baseline -0.004 -17"><span class='ocrx_word' id='word_1_317' title='bbox 2132 2426 2400 2497; x_wconf 79' lang='grc' dir='ltr'>ἑπόμενος</span> <span class='ocrx_word' id='word_1_318' title='bbox 2433 2426 2616 2497; x_wconf 86' lang='grc' dir='ltr'>νόμῳ,</span> <span class='ocrx_word' id='word_1_319' title='bbox 2649 2425 2744 2480; x_wconf 74' lang='grc' dir='ltr'>καὶ</span> <span class='ocrx_word' id='word_1_320' title='bbox 2772 2423 2972 2486; x_wconf 81' lang='grc' dir='ltr'>αὐτοὺς</span> <span class='ocrx_word' id='word_1_321' title='bbox 3003 2419 3333 2476; x_wconf 81' lang='grc' dir='ltr'>καταλαϐεῖν</span> <span class='ocrx_word' id='word_1_322' title='bbox 3379 2421 3424 2453; x_wconf 78' lang='grc'><strong>⁸⁵</strong></span> <span class='ocrx_word' id='word_1_323' title='bbox 3450 2422 3552 2491; x_wconf 84' lang='grc' dir='ltr'>τὴν</span> <span class='ocrx_word' id='word_1_324' title='bbox 3591 2419 3728 2474; x_wconf 87' lang='grc' dir='ltr'><strong>Ῥώ-</strong></span> 
     </span>
    </p>
   </div>
   <div class='ocr_carea' id='block_1_52' title="bbox 2136 2512 3729 2589">
    <p class='ocr_par' dir='ltr' id='par_1_52' title="bbox 2136 2512 3729 2589">
     <span class='ocr_line' id='line_1_52' title="bbox 2136 2512 3729 2589; baseline -0.005 -17"><span class='ocrx_word' id='word_1_325' title='bbox 2136 2536 2243 2589; x_wconf 81' lang='grc' dir='ltr'><strong>μην</strong></span> <span class='ocrx_word' id='word_1_326' title='bbox 2289 2518 2582 2580; x_wconf 83' lang='grc' dir='ltr'>ἐκέλευσε,</span> <span class='ocrx_word' id='word_1_327' title='bbox 2637 2518 2734 2571; x_wconf 74' lang='grc' dir='ltr'><strong>καὶ</strong></span> <span class='ocrx_word' id='word_1_328' title='bbox 2788 2516 2880 2569; x_wconf 81' lang='grc' dir='ltr'><strong>τὸν</strong></span> <span class='ocrx_word' id='word_1_329' title='bbox 2939 2515 3084 2569; x_wconf 86' lang='grc' dir='ltr'>θεῖον</span> <span class='ocrx_word' id='word_1_330' title='bbox 3126 2513 3450 2567; x_wconf 79' lang='grc' dir='ltr'>Ἀθανάσιον</span> <span class='ocrx_word' id='word_1_331' title='bbox 3503 2515 3587 2576; x_wconf 72' lang='grc' dir='ltr'>εἰς</span> <span class='ocrx_word' id='word_1_332' title='bbox 3628 2512 3729 2583; x_wconf 78' lang='grc' dir='ltr'>τὴν</span> 
     </span>
    </p>
   </div>
   <div class='ocr_carea' id='block_1_53' title="bbox 2130 2601 3725 2681">
    <p class='ocr_par' dir='ltr' id='par_1_53' title="bbox 2130 2601 3725 2681">
     <span class='ocr_line' id='line_1_53' title="bbox 2130 2601 3725 2681; baseline -0.003 -18"><span class='ocrx_word' id='word_1_333' title='bbox 2130 2609 2289 2681; x_wconf 89' lang='grc' dir='ltr'>δίκην</span> <span class='ocrx_word' id='word_1_334' title='bbox 2344 2608 2597 2663; x_wconf 79' lang='grc' dir='ltr'>ἐκάλεσε.</span> <span class='ocrx_word' id='word_1_335' title='bbox 2643 2608 2758 2662; x_wconf 77' lang='grc' dir='ltr'><strong>Καὶ</strong></span> <span class='ocrx_word' id='word_1_336' title='bbox 2805 2601 2960 2669; x_wconf 73' lang='grc' dir='ltr'>οὗτος</span> <span class='ocrx_word' id='word_1_337' title='bbox 3010 2606 3109 2677; x_wconf 82' lang='grc' dir='ltr'><strong>μὲν</strong></span> <span class='ocrx_word' id='word_1_338' title='bbox 3166 2603 3490 2675; x_wconf 80' lang='grc' dir='ltr'>ἐξώρμησεν</span> <span class='ocrx_word' id='word_1_339' title='bbox 3536 2604 3725 2668; x_wconf 80' lang='grc' dir='ltr'>εὐθὺς,</span> 
     </span>
    </p>
   </div>
   <div class='ocr_carea' id='block_1_54' title="bbox 2131 2695 3726 2770">
    <p class='ocr_par' dir='ltr' id='par_1_54' title="bbox 2131 2695 3726 2770">
     <span class='ocr_line' id='line_1_54' title="bbox 2131 2695 3726 2770; baseline -0.002 -18"><span class='ocrx_word' id='word_1_340' title='bbox 2131 2700 2234 2770; x_wconf 82' lang='grc' dir='ltr'><strong>τὴν</strong></span> <span class='ocrx_word' id='word_1_341' title='bbox 2266 2699 2461 2770; x_wconf 79' lang='grc' dir='ltr'>κλῆσιν</span> <span class='ocrx_word' id='word_1_342' title='bbox 2507 2697 2822 2768; x_wconf 81' lang='grc' dir='ltr'>δεξάμενος.</span> <span class='ocrx_word' id='word_1_343' title='bbox 2860 2700 2922 2751; x_wconf 79' lang='lat' dir='ltr'><strong>Oi</strong></span> <span class='ocrx_word' id='word_1_344' title='bbox 2961 2696 3017 2750; x_wconf 85' lang='grc' dir='ltr'><strong>δέ</strong></span> <span class='ocrx_word' id='word_1_345' title='bbox 3050 2697 3112 2749; x_wconf 83' lang='grc' dir='ltr'>τὺ</span> <span class='ocrx_word' id='word_1_346' title='bbox 3141 2696 3327 2768; x_wconf 79' lang='grc' dir='ltr'>δρᾶμα</span> <span class='ocrx_word' id='word_1_347' title='bbox 3360 2695 3563 2759; x_wconf 74' lang='grc' dir='ltr'>εἰδότες</span> <span class='ocrx_word' id='word_1_348' title='bbox 3587 2736 3603 2762; x_wconf 95' lang='grc'><strong>,</strong></span> <span class='ocrx_word' id='word_1_349' title='bbox 3647 2695 3726 2761; x_wconf 86' lang='grc' dir='ltr'>ὡς</span> 
     </span>
    </p>
   </div>
   <div class='ocr_carea' id='block_1_55' title="bbox 2134 2789 3730 2863">
    <p class='ocr_par' dir='ltr' id='par_1_55' title="bbox 2134 2789 3730 2863">
     <span class='ocr_line' id='line_1_55' title="bbox 2134 2789 3730 2863; baseline -0.001 -18"><span class='ocrx_word' id='word_1_350' title='bbox 2134 2792 2229 2845; x_wconf 66' lang='grc' dir='ltr'><strong>καλ⁵</strong></span> <span class='ocrx_word' id='word_1_351' title='bbox 2244 2792 2294 2825; x_wconf 73' lang='grc'>⁸⁸</span> <span class='ocrx_word' id='word_1_352' title='bbox 2345 2791 2787 2856; x_wconf 84' lang='grc' dir='ltr'>συντεθεικότες,</span> <span class='ocrx_word' id='word_1_353' title='bbox 2824 2794 2906 2856; x_wconf 75' lang='grc' dir='ltr'><strong>είς</strong></span> <span class='ocrx_word' id='word_1_354' title='bbox 2943 2792 3041 2863; x_wconf 82' lang='grc' dir='ltr'>μὲν</span> <span class='ocrx_word' id='word_1_355' title='bbox 3072 2791 3171 2863; x_wconf 79' lang='grc' dir='ltr'>τὴν</span> <span class='ocrx_word' id='word_1_356' title='bbox 3209 2789 3431 2861; x_wconf 81' lang='grc' dir='ltr'>Ῥώμην</span> <span class='ocrx_word' id='word_1_357' title='bbox 3475 2791 3579 2843; x_wconf 85' lang='grc' dir='ltr'><strong>οὐκ</strong></span> <span class='ocrx_word' id='word_1_358' title='bbox 3618 2791 3730 2844; x_wconf 85' lang='grc' dir='ltr'>ἀπ-</span> 
     </span>
    </p>
   </div>
   <div class='ocr_carea' id='block_1_56' title="bbox 2133 2883 3733 2956">
    <p class='ocr_par' dir='ltr' id='par_1_56' title="bbox 2133 2883 3733 2956">
     <span class='ocr_line' id='line_1_56' title="bbox 2133 2883 3733 2956; baseline 0 -19"><span class='ocrx_word' id='word_1_359' title='bbox 2133 2884 2299 2954; x_wconf 79' lang='grc' dir='ltr'>ῆλθον</span> <span class='ocrx_word' id='word_1_360' title='bbox 2325 2925 2340 2950; x_wconf 95' lang='grc'><strong>,</strong></span> <span class='ocrx_word' id='word_1_361' title='bbox 2392 2884 2712 2955; x_wconf 80' lang='grc' dir='ltr'>εὐφώρατον</span> <span class='ocrx_word' id='word_1_362' title='bbox 2756 2885 2958 2949; x_wconf 72' lang='grc' dir='ltr'>εἰδότες</span> <span class='ocrx_word' id='word_1_363' title='bbox 2989 2884 3050 2940; x_wconf 79' lang='grc' dir='ltr'><strong>τὸ</strong></span> <span class='ocrx_word' id='word_1_364' title='bbox 3092 2883 3319 2956; x_wconf 78' lang='grc' dir='ltr'>ψεῦδος·</span> <span class='ocrx_word' id='word_1_365' title='bbox 3357 2883 3543 2955; x_wconf 79' lang='grc' dir='ltr'>ἔρημα</span> <span class='ocrx_word' id='word_1_366' title='bbox 3577 2883 3733 2938; x_wconf 82' lang='grc' dir='ltr'>δὲτὰ</span> 
     </span>
    </p>
   </div>
   <div class='ocr_carea' id='block_1_57' title="bbox 2137 2975 3734 3048">
    <p class='ocr_par' dir='ltr' id='par_1_57' title="bbox 2137 2975 3734 3048">
     <span class='ocr_line' id='line_1_57' title="bbox 2137 2975 3734 3048; baseline -0.001 -19"><span class='ocrx_word' id='word_1_367' title='bbox 2137 2976 2391 3047; x_wconf 82' lang='grc' dir='ltr'>πρόϐατα</span> <span class='ocrx_word' id='word_1_368' title='bbox 2440 2976 2537 3029; x_wconf 82' lang='grc' dir='ltr'>τοῦ</span> <span class='ocrx_word' id='word_1_369' title='bbox 2603 2977 2815 3046; x_wconf 83' lang='grc' dir='ltr'>νομέως</span> <span class='ocrx_word' id='word_1_370' title='bbox 2883 2977 3254 3048; x_wconf 85' lang='grc' dir='ltr'>θεασάμενοι,</span> <span class='ocrx_word' id='word_1_371' title='bbox 3325 2975 3489 3030; x_wconf 83' lang='grc' dir='ltr'>λύκον</span> <span class='ocrx_word' id='word_1_372' title='bbox 3544 2975 3734 3040; x_wconf 80' lang='grc' dir='ltr'>αὐτοῖς</span> 
     </span>
    </p>
   </div>
   <div class='ocr_carea' id='block_1_58' title="bbox 2136 3062 3731 3139">
    <p class='ocr_par' dir='ltr' id='par_1_58' title="bbox 2136 3062 3731 3139">
     <span class='ocr_line' id='line_1_58' title="bbox 2136 3062 3731 3139; baseline -0.001 -20"><span class='ocrx_word' id='word_1_373' title='bbox 2136 3069 2259 3120; x_wconf 74' lang='grc' dir='ltr'>ἀντὶ</span> <span class='ocrx_word' id='word_1_374' title='bbox 2289 3064 2408 3139; x_wconf 68' lang='grc'><strong>[72]</strong></span> <span class='ocrx_word' id='word_1_375' title='bbox 2443 3067 2703 3138; x_wconf 81' lang='grc' dir='ltr'>ποιμένος</span> <span class='ocrx_word' id='word_1_376' title='bbox 2729 3067 3044 3139; x_wconf 86' lang='grc' dir='ltr'>ἐπέστησαν</span> <span class='ocrx_word' id='word_1_377' title='bbox 3070 3082 3085 3096; x_wconf 76' lang='grc' dir='ltr'><strong>ο</strong></span> <span class='ocrx_word' id='word_1_378' title='bbox 3132 3064 3431 3138; x_wconf 86' lang='grc' dir='ltr'>Γρηγόριος</span> <span class='ocrx_word' id='word_1_379' title='bbox 3463 3063 3521 3117; x_wconf 82' lang='grc' dir='ltr'>δὲ</span> <span class='ocrx_word' id='word_1_380' title='bbox 3553 3062 3731 3135; x_wconf 80' lang='grc' dir='ltr'>τούτῳ</span> 
     </span>
    </p>
   </div>
   <div class='ocr_carea' id='block_1_59' title="bbox 2135 3155 3730 3231">
    <p class='ocr_par' dir='ltr' id='par_1_59' title="bbox 2135 3155 3730 3231">
     <span class='ocr_line' id='line_1_59' title="bbox 2135 3155 3730 3231; baseline -0.003 -18"><span class='ocrx_word' id='word_1_381' title='bbox 2135 3159 2309 3227; x_wconf 76' lang='grc' dir='ltr'>ὄνομα</span> <span class='ocrx_word' id='word_1_382' title='bbox 2345 3155 2450 3231; x_wconf 80' lang='grc' dir='ltr'><strong>ἧν·</strong></span> <span class='ocrx_word' id='word_1_383' title='bbox 2486 3158 2545 3227; x_wconf 76' lang='grc' dir='ltr'>ἐξ</span> <span class='ocrx_word' id='word_1_384' title='bbox 2578 3159 2671 3231; x_wconf 77' lang='grc' dir='ltr'><strong>ἐτη</strong></span> <span class='ocrx_word' id='word_1_385' title='bbox 2729 3159 2787 3213; x_wconf 74' lang='grc' dir='ltr'>δὲ</span> <span class='ocrx_word' id='word_1_386' title='bbox 2835 3158 3019 3230; x_wconf 83' lang='grc' dir='ltr'>θηρῶν</span> <span class='ocrx_word' id='word_1_387' title='bbox 3079 3158 3289 3229; x_wconf 78' lang='grc' dir='ltr'>ἀγρίων</span> <span class='ocrx_word' id='word_1_388' title='bbox 3345 3157 3633 3228; x_wconf 84' lang='grc' dir='ltr'>ὠμότερον</span> <span class='ocrx_word' id='word_1_389' title='bbox 3661 3159 3730 3228; x_wconf 74' lang='grc' dir='ltr'>τῇ</span> 
     </span>
    </p>
   </div>
   <div class='ocr_carea' id='block_1_60' title="bbox 439 3243 2030 3325">
    <p class='ocr_par' dir='ltr' id='par_1_60' title="bbox 439 3248 2030 3320">
     <span class='ocr_line' id='line_1_60' title="bbox 439 3248 2030 3320; baseline -0.003 -14"><span class='ocrx_word' id='word_1_390' title='bbox 439 3250 724 3306; x_wconf 87' lang='lat' dir='ltr'><strong>crudelius</strong></span> <span class='ocrx_word' id='word_1_391' title='bbox 757 3250 808 3302; x_wconf 92' lang='lat' dir='ltr'><strong>in</strong></span> <span class='ocrx_word' id='word_1_392' title='bbox 833 3265 1051 3319; x_wconf 78' lang='lat' dir='ltr'><strong>gregem</strong></span> <span class='ocrx_word' id='word_1_393' title='bbox 1094 3248 1265 3319; x_wconf 72' lang='lat'><strong>829</strong></span> <span class='ocrx_word' id='word_1_394' title='bbox 1310 3260 1621 3320; x_wconf 78' lang='lat' dir='ltr'><strong>grassatus,</strong></span> <span class='ocrx_word' id='word_1_395' title='bbox 1665 3263 1859 3319; x_wconf 83' lang='lat' dir='ltr'><strong>poenas</strong></span> <span class='ocrx_word' id='word_1_396' title='bbox 1912 3258 2030 3302; x_wconf 91' lang='lat' dir='ltr'><strong>tau-</strong></span> 
     </span>
    </p>
   </div>
   <div class='ocr_carea' id='block_1_61' title="bbox 2135 3243 3733 3325">
    <p class='ocr_par' dir='ltr' id='par_1_61' title="bbox 2140 3248 3733 3325">
     <span class='ocr_line' id='line_1_61' title="bbox 2140 3248 3733 3325; baseline -0.003 -19"><span class='ocrx_word' id='word_1_397' title='bbox 2140 3253 2346 3325; x_wconf 79' lang='grc' dir='ltr'>ποὶμνῃ</span> <span class='ocrx_word' id='word_1_398' title='bbox 2382 3254 2751 3324; x_wconf 82' lang='grc' dir='ltr'>χρησάμενος,</span> <span class='ocrx_word' id='word_1_399' title='bbox 2799 3251 2956 3314; x_wconf 84' lang='grc' dir='ltr'>δίκας</span> <span class='ocrx_word' id='word_1_400' title='bbox 2992 3250 3142 3304; x_wconf 74' lang='grc' dir='ltr'>ἔτισε</span> <span class='ocrx_word' id='word_1_401' title='bbox 3185 3252 3287 3321; x_wconf 85' lang='grc' dir='ltr'><strong>τῆς</strong></span> <span class='ocrx_word' id='word_1_402' title='bbox 3321 3249 3607 3320; x_wconf 85' lang='grc' dir='ltr'>πονηρίας,</span> <span class='ocrx_word' id='word_1_403' title='bbox 3636 3248 3733 3302; x_wconf 78' lang='grc' dir='ltr'>ὑπ’</span> 
     </span>
    </p>
   </div>
   <div class='ocr_carea' id='block_1_62' title="bbox 441 3335 2031 3410">
    <p class='ocr_par' dir='ltr' id='par_1_62' title="bbox 441 3335 2031 3410">
     <span class='ocr_line' id='line_1_62' title="bbox 441 3335 2031 3410; baseline 0 -15"><span class='ocrx_word' id='word_1_404' title='bbox 441 3340 565 3395; x_wconf 89' lang='lat' dir='ltr'><strong>dem</strong></span> <span class='ocrx_word' id='word_1_405' title='bbox 608 3341 985 3410; x_wconf 84' lang='lat' dir='ltr'><strong>improbitatis</strong></span> <span class='ocrx_word' id='word_1_406' title='bbox 1043 3340 1217 3407; x_wconf 87' lang='lat' dir='ltr'><strong>dedit,</strong></span> <span class='ocrx_word' id='word_1_407' title='bbox 1253 3342 1322 3395; x_wconf 87' lang='lat' dir='ltr'><strong>ab</strong></span> <span class='ocrx_word' id='word_1_408' title='bbox 1380 3341 1580 3395; x_wconf 86' lang='lat' dir='ltr'><strong>ovibus</strong></span> <span class='ocrx_word' id='word_1_409' title='bbox 1642 3341 1782 3408; x_wconf 82' lang='lat' dir='ltr'><strong>ipsis</strong></span> <span class='ocrx_word' id='word_1_410' title='bbox 1831 3335 2031 3395; x_wconf 83' lang='lat' dir='ltr'><strong>acerbe</strong></span> 
     </span>
    </p>
   </div>
   <div class='ocr_carea' id='block_1_63' title="bbox 444 3430 2031 3501">
    <p class='ocr_par' dir='ltr' id='par_1_63' title="bbox 444 3430 2031 3501">
     <span class='ocr_line' id='line_1_63' title="bbox 444 3430 2031 3501; baseline -0.002 -14"><span class='ocrx_word' id='word_1_411' title='bbox 444 3433 827 3501; x_wconf 85' lang='lat' dir='ltr'><strong>interemptus.</strong></span> <span class='ocrx_word' id='word_1_412' title='bbox 869 3432 1205 3487; x_wconf 84' lang='lat' dir='ltr'><strong>Athanasius</strong></span> <span class='ocrx_word' id='word_1_413' title='bbox 1242 3447 1373 3486; x_wconf 71' lang='lat' dir='ltr'><strong>vero</strong></span> <span class='ocrx_word' id='word_1_414' title='bbox 1408 3431 1475 3485; x_wconf 85' lang='lat' dir='ltr'><strong>ad</strong></span> <span class='ocrx_word' id='word_1_415' title='bbox 1510 3430 1869 3486; x_wconf 86' lang='lat' dir='ltr'><strong>Constantem</strong></span> <span class='ocrx_word' id='word_1_416' title='bbox 1904 3446 2031 3501; x_wconf 87' lang='lat' dir='ltr'><strong>pro-</strong></span> 
     </span>
    </p>
   </div>
   <div class='ocr_carea' id='block_1_64' title="bbox 444 3523 2031 3594">
    <p class='ocr_par' dir='ltr' id='par_1_64' title="bbox 444 3523 2031 3594">
     <span class='ocr_line' id='line_1_64' title="bbox 444 3523 2031 3594; baseline 0.001 -16"><span class='ocrx_word' id='word_1_417' title='bbox 444 3524 625 3579; x_wconf 78' lang='lat' dir='ltr'><strong>fectus</strong></span> <span class='ocrx_word' id='word_1_418' title='bbox 658 3523 1073 3594; x_wconf 85' lang='lat' dir='ltr'><strong>(Constantinus</strong></span> <span class='ocrx_word' id='word_1_419' title='bbox 1109 3527 1256 3579; x_wconf 91' lang='lat' dir='ltr'><strong>enim</strong></span> <span class='ocrx_word' id='word_1_420' title='bbox 1310 3533 1440 3578; x_wconf 86' lang='lat' dir='ltr'><strong>natu</strong></span> <span class='ocrx_word' id='word_1_421' title='bbox 1481 3525 1758 3579; x_wconf 81' lang='lat' dir='ltr'><strong>maximus</strong></span> <span class='ocrx_word' id='word_1_422' title='bbox 1788 3524 1842 3578; x_wconf 91' lang='lat' dir='ltr'><strong>in</strong></span> <span class='ocrx_word' id='word_1_423' title='bbox 1888 3525 2031 3579; x_wconf 88' lang='lat' dir='ltr'><strong>bello</strong></span> 
     </span>
    </p>
   </div>
   <div class='ocr_carea' id='block_1_65' title="bbox 442 3616 2030 3687">
    <p class='ocr_par' dir='ltr' id='par_1_65' title="bbox 442 3616 2030 3687">
     <span class='ocr_line' id='line_1_65' title="bbox 442 3616 2030 3687; baseline -0.001 -16"><span class='ocrx_word' id='word_1_424' title='bbox 442 3617 731 3687; x_wconf 87' lang='lat' dir='ltr'><strong>perierat),</strong></span> <span class='ocrx_word' id='word_1_425' title='bbox 772 3618 1044 3672; x_wconf 71' lang='lat' dir='ltr'><strong>Arianica:</strong></span> <span class='ocrx_word' id='word_1_426' title='bbox 1089 3617 1349 3672; x_wconf 79' lang='lat' dir='ltr'><strong>factionis</strong></span> <span class='ocrx_word' id='word_1_427' title='bbox 1391 3616 1625 3673; x_wconf 88' lang='lat' dir='ltr'><strong>insidias</strong></span> <span class='ocrx_word' id='word_1_428' title='bbox 1682 3616 2030 3687; x_wconf 81' lang='lat' dir='ltr'><strong>deplorahat,</strong></span> 
     </span>
    </p>
   </div>
   <div class='ocr_carea' id='block_1_66' title="bbox 442 3707 2032 3779">
    <p class='ocr_par' dir='ltr' id='par_1_66' title="bbox 442 3707 2032 3779">
     <span class='ocr_line' id='line_1_66' title="bbox 442 3707 2032 3779; baseline -0.001 -16"><span class='ocrx_word' id='word_1_429' title='bbox 442 3707 683 3778; x_wconf 80' lang='lat' dir='ltr'><strong>ﬁdeique</strong></span> <span class='ocrx_word' id='word_1_430' title='bbox 732 3711 1052 3779; x_wconf 73' lang='lat' dir='ltr'><strong>aposmlicae</strong></span> <span class='ocrx_word' id='word_1_431' title='bbox 1103 3708 1370 3762; x_wconf 89' lang='lat' dir='ltr'><strong>indictum</strong></span> <span class='ocrx_word' id='word_1_432' title='bbox 1428 3707 1631 3761; x_wconf 89' lang='lat' dir='ltr'><strong>bellum</strong></span> <span class='ocrx_word' id='word_1_433' title='bbox 1685 3707 2032 3764; x_wconf 83' lang='lat' dir='ltr'><strong>lamentaba-</strong></span> 
     </span>
    </p>
   </div>
   <div class='ocr_carea' id='block_1_67' title="bbox 444 3801 2028 3871">
    <p class='ocr_par' dir='ltr' id='par_1_67' title="bbox 444 3801 2028 3871">
     <span class='ocr_line' id='line_1_67' title="bbox 444 3801 2028 3871; baseline -0.002 -13"><span class='ocrx_word' id='word_1_434' title='bbox 444 3814 554 3865; x_wconf 89' lang='lat' dir='ltr'><strong>tur,</strong></span> <span class='ocrx_word' id='word_1_435' title='bbox 584 3812 793 3871; x_wconf 83' lang='lat' dir='ltr'><strong>patrem</strong></span> <span class='ocrx_word' id='word_1_436' title='bbox 818 3803 867 3857; x_wconf 93' lang='lat' dir='ltr'><strong>ei</strong></span> <span class='ocrx_word' id='word_1_437' title='bbox 907 3817 1176 3857; x_wconf 85' lang='lat' dir='ltr'><strong>revocans</strong></span> <span class='ocrx_word' id='word_1_438' title='bbox 1211 3802 1266 3855; x_wconf 94' lang='lat' dir='ltr'><strong>in</strong></span> <span class='ocrx_word' id='word_1_439' title='bbox 1300 3801 1646 3867; x_wconf 89' lang='lat' dir='ltr'><strong>memoriam,</strong></span> <span class='ocrx_word' id='word_1_440' title='bbox 1682 3809 1737 3855; x_wconf 91' lang='lat' dir='ltr'><strong>et</strong></span> <span class='ocrx_word' id='word_1_441' title='bbox 1774 3816 2028 3871; x_wconf 82' lang='lat' dir='ltr'><strong>magnam</strong></span> 
     </span>
    </p>
   </div>
   <div class='ocr_carea' id='block_1_68' title="bbox 444 3889 2035 3969">
    <p class='ocr_par' dir='ltr' id='par_1_68' title="bbox 444 3889 2035 3969">
     <span class='ocr_line' id='line_1_68' title="bbox 444 3889 2035 3969; baseline -0.001 -18"><span class='ocrx_word' id='word_1_442' title='bbox 444 3896 591 3951; x_wconf 91' lang='lat' dir='ltr'><strong>illam</strong></span> <span class='ocrx_word' id='word_1_443' title='bbox 649 3889 947 3969; x_wconf 75' lang='lat' dir='ltr'><strong>synodum,</strong></span> <span class='ocrx_word' id='word_1_444' title='bbox 988 3911 1154 3966; x_wconf 89' lang='lat' dir='ltr'><strong>quam</strong></span> <span class='ocrx_word' id='word_1_445' title='bbox 1216 3903 1585 3959; x_wconf 84' lang='lat' dir='ltr'><strong>convocarat,</strong></span> <span class='ocrx_word' id='word_1_446' title='bbox 1621 3903 1679 3950; x_wconf 91' lang='lat' dir='ltr'><strong>et</strong></span> <span class='ocrx_word' id='word_1_447' title='bbox 1727 3894 1888 3963; x_wconf 87' lang='lat' dir='ltr'><strong>cujus</strong></span> <span class='ocrx_word' id='word_1_448' title='bbox 1936 3893 2035 3950; x_wconf 87' lang='lat' dir='ltr'><strong>de-</strong></span> 
     </span>
    </p>
   </div>
   <div class='ocr_carea' id='block_1_69' title="bbox 443 3987 2030 4059">
    <p class='ocr_par' dir='ltr' id='par_1_69' title="bbox 443 3987 2030 4059">
     <span class='ocr_line' id='line_1_69' title="bbox 443 3987 2030 4059; baseline -0.001 -16"><span class='ocrx_word' id='word_1_449' title='bbox 443 3997 620 4053; x_wconf 82' lang='lat' dir='ltr'><strong>creta,</strong></span> <span class='ocrx_word' id='word_1_450' title='bbox 670 3989 876 4059; x_wconf 88' lang='lat' dir='ltr'><strong>quibus</strong></span> <span class='ocrx_word' id='word_1_451' title='bbox 926 3987 1273 4053; x_wconf 78' lang='lat' dir='ltr'><strong>interfuerat,</strong></span> <span class='ocrx_word' id='word_1_452' title='bbox 1324 3988 1441 4059; x_wconf 78' lang='lat' dir='ltr'><strong>lege</strong></span> <span class='ocrx_word' id='word_1_453' title='bbox 1490 3989 1600 4043; x_wconf 84' lang='lat' dir='ltr'><strong>lata</strong></span> <span class='ocrx_word' id='word_1_454' title='bbox 1652 3987 2030 4043; x_wconf 81' lang='lat' dir='ltr'><strong>conﬁrmarat.</strong></span> 
     </span>
    </p>
   </div>
   <div class='ocr_carea' id='block_1_70' title="bbox 442 4079 2034 4153">
    <p class='ocr_par' dir='ltr' id='par_1_70' title="bbox 442 4079 2034 4153">
     <span class='ocr_line' id='line_1_70' title="bbox 442 4079 2034 4153; baseline 0.001 -20"><span class='ocrx_word' id='word_1_455' title='bbox 442 4080 577 4147; x_wconf 65' lang='lat' dir='ltr'><strong>Quae</strong></span> <span class='ocrx_word' id='word_1_456' title='bbox 606 4096 729 4135; x_wconf 91' lang='lat' dir='ltr'><strong>cum</strong></span> <span class='ocrx_word' id='word_1_457' title='bbox 776 4080 1039 4153; x_wconf 86' lang='lat' dir='ltr'><strong>laerymis</strong></span> <span class='ocrx_word' id='word_1_458' title='bbox 1097 4095 1455 4151; x_wconf 88' lang='lat' dir='ltr'><strong>persequens,</strong></span> <span class='ocrx_word' id='word_1_459' title='bbox 1509 4080 1901 4148; x_wconf 84' lang='lat' dir='ltr'><strong>imperatorem</strong></span> <span class='ocrx_word' id='word_1_460' title='bbox 1963 4079 2034 4134; x_wconf 89' lang='lat' dir='ltr'><strong>ad</strong></span> 
     </span>
    </p>
   </div>
   <div class='ocr_carea' id='block_1_71' title="bbox 446 4167 2031 4237">
    <p class='ocr_par' dir='ltr' id='par_1_71' title="bbox 446 4167 2031 4237">
     <span class='ocr_line' id='line_1_71' title="bbox 446 4167 2031 4237; baseline 0.001 -14"><span class='ocrx_word' id='word_1_461' title='bbox 446 4169 621 4237; x_wconf 87' lang='lat' dir='ltr'><strong>patris</strong></span> <span class='ocrx_word' id='word_1_462' title='bbox 662 4169 1074 4225; x_wconf 72' lang='lat' dir='ltr'><strong>aemulationem</strong></span> <span class='ocrx_word' id='word_1_463' title='bbox 1118 4168 1405 4224; x_wconf 80' lang='lat' dir='ltr'><strong>excitavit.</strong></span> <span class='ocrx_word' id='word_1_464' title='bbox 1459 4167 1558 4224; x_wconf 73' lang='lat' dir='ltr'><strong>liis</strong></span> <span class='ocrx_word' id='word_1_465' title='bbox 1590 4168 1741 4224; x_wconf 89' lang='lat' dir='ltr'><strong>enim</strong></span> <span class='ocrx_word' id='word_1_466' title='bbox 1802 4168 2031 4235; x_wconf 86' lang='lat' dir='ltr'><strong>auditis,</strong></span> 
     </span>
    </p>
   </div>
   <div class='ocr_carea' id='block_1_72' title="bbox 448 4259 2036 4330">
    <p class='ocr_par' dir='ltr' id='par_1_72' title="bbox 448 4259 2036 4330">
     <span class='ocr_line' id='line_1_72' title="bbox 448 4259 2036 4330; baseline 0.002 -19"><span class='ocrx_word' id='word_1_467' title='bbox 448 4260 662 4313; x_wconf 85' lang='lat' dir='ltr'><strong>litteras</strong></span> <span class='ocrx_word' id='word_1_468' title='bbox 692 4259 759 4313; x_wconf 91' lang='lat' dir='ltr'><strong>ad</strong></span> <span class='ocrx_word' id='word_1_469' title='bbox 794 4259 1016 4313; x_wconf 82' lang='lat' dir='ltr'><strong>fratrem</strong></span> <span class='ocrx_word' id='word_1_470' title='bbox 1067 4260 1329 4330; x_wconf 88' lang='lat' dir='ltr'><strong>scripsit,</strong></span> <span class='ocrx_word' id='word_1_471' title='bbox 1369 4259 1574 4329; x_wconf 91' lang='lat' dir='ltr'><strong>quibus</strong></span> <span class='ocrx_word' id='word_1_472' title='bbox 1607 4274 1734 4315; x_wconf 91' lang='lat' dir='ltr'><strong>eum</strong></span> <span class='ocrx_word' id='word_1_473' title='bbox 1772 4259 2036 4315; x_wconf 81' lang='lat' dir='ltr'><strong>hortaba-</strong></span> 
     </span>
    </p>
   </div>
   <div class='ocr_carea' id='block_1_73' title="bbox 445 4351 2035 4421">
    <p class='ocr_par' dir='ltr' id='par_1_73' title="bbox 445 4351 2035 4421">
     <span class='ocr_line' id='line_1_73' title="bbox 445 4351 2035 4421; baseline 0.001 -18"><span class='ocrx_word' id='word_1_474' title='bbox 445 4358 561 4412; x_wconf 92' lang='lat' dir='ltr'><strong>tur,</strong></span> <span class='ocrx_word' id='word_1_475' title='bbox 620 4358 682 4403; x_wconf 90' lang='lat' dir='ltr'><strong>ut</strong></span> <span class='ocrx_word' id='word_1_476' title='bbox 735 4361 977 4420; x_wconf 63' lang='lat' dir='ltr'><strong>paternae</strong></span> <span class='ocrx_word' id='word_1_477' title='bbox 1029 4351 1251 4421; x_wconf 86' lang='lat' dir='ltr'><strong>pietatis</strong></span> <span class='ocrx_word' id='word_1_478' title='bbox 1322 4351 1702 4407; x_wconf 76' lang='lat' dir='ltr'><strong>haereditatem</strong></span> <span class='ocrx_word' id='word_1_479' title='bbox 1767 4351 2035 4407; x_wconf 85' lang='lat' dir='ltr'><strong>illibatam</strong></span> 
     </span>
    </p>
   </div>
   <div class='ocr_carea' id='block_1_74' title="bbox 448 4441 2033 4513">
    <p class='ocr_par' dir='ltr' id='par_1_74' title="bbox 448 4441 2033 4513">
     <span class='ocr_line' id='line_1_74' title="bbox 448 4441 2033 4513; baseline 0.001 -18"><span class='ocrx_word' id='word_1_480' title='bbox 448 4451 827 4498; x_wconf 83' lang='lat' dir='ltr'><strong>conservaret.</strong></span> <span class='ocrx_word' id='word_1_481' title='bbox 856 4442 1015 4497; x_wconf 85' lang='lat' dir='ltr'><strong>Illum</strong></span> <span class='ocrx_word' id='word_1_482' title='bbox 1050 4444 1196 4499; x_wconf 91' lang='lat' dir='ltr'><strong>enim</strong></span> <span class='ocrx_word' id='word_1_483' title='bbox 1252 4442 1501 4498; x_wconf 88' lang='lat' dir='ltr'><strong>stabilito</strong></span> <span class='ocrx_word' id='word_1_484' title='bbox 1544 4445 1748 4512; x_wconf 89' lang='lat' dir='ltr'><strong>pietate</strong></span> <span class='ocrx_word' id='word_1_485' title='bbox 1782 4441 2033 4513; x_wconf 85' lang='lat' dir='ltr'><strong>imperio,</strong></span> 
     </span>
    </p>
   </div>
   <div class='ocr_carea' id='block_1_75' title="bbox 2137 3342 3735 3417">
    <p class='ocr_par' dir='ltr' id='par_1_75' title="bbox 2137 3342 3735 3417">
     <span class='ocr_line' id='line_1_75' title="bbox 2137 3342 3735 3417; baseline -0.003 -18"><span class='ocrx_word' id='word_1_486' title='bbox 2137 3345 2320 3400; x_wconf 75' lang='grc' dir='ltr'>αὐτῶν</span> <span class='ocrx_word' id='word_1_487' title='bbox 2345 3345 2559 3417; x_wconf 81' lang='grc' dir='ltr'>πικρῶς</span> <span class='ocrx_word' id='word_1_488' title='bbox 2588 3344 2913 3416; x_wconf 73' lang='grc' dir='ltr'>διαφθαρεὶς</span> <span class='ocrx_word' id='word_1_489' title='bbox 2938 3343 3049 3397; x_wconf 89' lang='grc' dir='ltr'><strong>τῶν</strong></span> <span class='ocrx_word' id='word_1_490' title='bbox 3075 3342 3386 3416; x_wconf 81' lang='grc' dir='ltr'>προϐάτων.</span> <span class='ocrx_word' id='word_1_491' title='bbox 3413 3342 3735 3407; x_wconf 77' lang='grc' dir='ltr'>Ἀθανάσιος</span> 
     </span>
    </p>
   </div>
   <div class='ocr_carea' id='block_1_76' title="bbox 2135 3433 3731 3511">
    <p class='ocr_par' dir='ltr' id='par_1_76' title="bbox 2135 3433 3731 3511">
     <span class='ocr_line' id='line_1_76' title="bbox 2135 3433 3731 3511; baseline -0.005 -17"><span class='ocrx_word' id='word_1_492' title='bbox 2135 3440 2193 3494; x_wconf 82' lang='grc' dir='ltr'>δὲ</span> <span class='ocrx_word' id='word_1_493' title='bbox 2233 3438 2371 3511; x_wconf 81' lang='grc' dir='ltr'>πρὸς</span> <span class='ocrx_word' id='word_1_494' title='bbox 2407 3437 2743 3493; x_wconf 84' lang='grc' dir='ltr'>Κώνσταντα</span> <span class='ocrx_word' id='word_1_495' title='bbox 2786 3438 3140 3508; x_wconf 82' lang='grc' dir='ltr'>ἀφικόμενος,</span> <span class='ocrx_word' id='word_1_496' title='bbox 3181 3436 3590 3498; x_wconf 82' lang='grc' dir='ltr'>Κωνσταντῖνος</span> <span class='ocrx_word' id='word_1_497' title='bbox 3621 3433 3731 3507; x_wconf 86' lang='grc' dir='ltr'>γὰρ</span> 
     </span>
    </p>
   </div>
   <div class='ocr_carea' id='block_1_77' title="bbox 2136 3527 3731 3605">
    <p class='ocr_par' dir='ltr' id='par_1_77' title="bbox 2136 3527 3731 3605">
     <span class='ocr_line' id='line_1_77' title="bbox 2136 3527 3731 3605; baseline -0.004 -19"><span class='ocrx_word' id='word_1_498' title='bbox 2136 3535 2165 3586; x_wconf 86' lang='grc' dir='ltr'>ὁ</span> <span class='ocrx_word' id='word_1_499' title='bbox 2194 3531 2566 3605; x_wconf 88' lang='grc' dir='ltr'>πρεσϐύτερος</span> <span class='ocrx_word' id='word_1_500' title='bbox 2593 3532 2638 3563; x_wconf 78' lang='grc'>⁸⁷</span> <span class='ocrx_word' id='word_1_501' title='bbox 2669 3529 2924 3600; x_wconf 86' lang='grc' dir='ltr'>πολεμῶν</span> <span class='ocrx_word' id='word_1_502' title='bbox 2974 3528 3281 3599; x_wconf 86' lang='grc' dir='ltr'>ἐτεθνήκει,</span> <span class='ocrx_word' id='word_1_503' title='bbox 3316 3527 3420 3598; x_wconf 77' lang='grc' dir='ltr'>τῆς</span> <span class='ocrx_word' id='word_1_504' title='bbox 3463 3527 3731 3596; x_wconf 83' lang='grc' dir='ltr'>Ἀρειανι-</span> 
     </span>
    </p>
   </div>
   <div class='ocr_carea' id='block_1_78' title="bbox 2137 3617 3732 3697">
    <p class='ocr_par' dir='ltr' id='par_1_78' title="bbox 2137 3617 3732 3697">
     <span class='ocr_line' id='line_1_78' title="bbox 2137 3617 3732 3697; baseline -0.006 -18"><span class='ocrx_word' id='word_1_505' title='bbox 2137 3625 2243 3697; x_wconf 80' lang='grc' dir='ltr'>κῆς</span> <span class='ocrx_word' id='word_1_506' title='bbox 2279 3624 2561 3693; x_wconf 82' lang='grc' dir='ltr'>φάλαγγος</span> <span class='ocrx_word' id='word_1_507' title='bbox 2609 3623 2707 3687; x_wconf 72' lang='grc' dir='ltr'>τὰς</span> <span class='ocrx_word' id='word_1_508' title='bbox 2757 3621 3054 3684; x_wconf 82' lang='grc' dir='ltr'>ἐπιϐουλὰς</span> <span class='ocrx_word' id='word_1_509' title='bbox 3087 3619 3445 3692; x_wconf 85' lang='grc' dir='ltr'>ἀπωδύρετο,</span> <span class='ocrx_word' id='word_1_510' title='bbox 3499 3619 3594 3672; x_wconf 77' lang='grc' dir='ltr'><strong>καὶ</strong></span> <span class='ocrx_word' id='word_1_511' title='bbox 3639 3617 3732 3670; x_wconf 82' lang='grc' dir='ltr'><strong>τὸν</strong></span> 
     </span>
    </p>
   </div>
   <div class='ocr_carea' id='block_1_79' title="bbox 2137 3710 3730 3789">
    <p class='ocr_par' dir='ltr' id='par_1_79' title="bbox 2137 3710 3730 3789">
     <span class='ocr_line' id='line_1_79' title="bbox 2137 3710 3730 3789; baseline -0.006 -16"><span class='ocrx_word' id='word_1_512' title='bbox 2137 3718 2280 3773; x_wconf 78' lang='grc' dir='ltr'>κατὰ</span> <span class='ocrx_word' id='word_1_513' title='bbox 2306 3721 2407 3789; x_wconf 80' lang='grc' dir='ltr'><strong>τῆς</strong></span> <span class='ocrx_word' id='word_1_514' title='bbox 2434 3714 2794 3786; x_wconf 79' lang='grc' dir='ltr'>ἀποστολικῆς</span> <span class='ocrx_word' id='word_1_515' title='bbox 2816 3715 3052 3777; x_wconf 86' lang='grc' dir='ltr'>πίστεως</span> <span class='ocrx_word' id='word_1_516' title='bbox 3078 3712 3390 3781; x_wconf 78' lang='grc' dir='ltr'>ὠλοφύρετο</span> <span class='ocrx_word' id='word_1_517' title='bbox 3411 3712 3454 3744; x_wconf 83' lang='grc'><strong>⁸⁸</strong></span> <span class='ocrx_word' id='word_1_518' title='bbox 3474 3710 3730 3780; x_wconf 84' lang='grc' dir='ltr'>πόλεμον,</span> 
     </span>
    </p>
   </div>
   <div class='ocr_carea' id='block_1_80' title="bbox 2139 3803 3734 3877">
    <p class='ocr_par' dir='ltr' id='par_1_80' title="bbox 2139 3803 3734 3877">
     <span class='ocr_line' id='line_1_80' title="bbox 2139 3803 3734 3877; baseline -0.008 -11"><span class='ocrx_word' id='word_1_519' title='bbox 2139 3812 2235 3865; x_wconf 76' lang='grc' dir='ltr'><strong>καὶ</strong></span> <span class='ocrx_word' id='word_1_520' title='bbox 2270 3810 2364 3865; x_wconf 83' lang='grc' dir='ltr'>τοῦ</span> <span class='ocrx_word' id='word_1_521' title='bbox 2398 3827 2459 3864; x_wconf 86' lang='grc' dir='ltr'><strong>τε</strong></span> <span class='ocrx_word' id='word_1_522' title='bbox 2498 3808 2705 3877; x_wconf 73' lang='grc' dir='ltr'>πατρὸς</span> <span class='ocrx_word' id='word_1_523' title='bbox 2733 3807 3030 3877; x_wconf 82' lang='grc' dir='ltr'>ἀνέμνησε,</span> <span class='ocrx_word' id='word_1_524' title='bbox 3084 3806 3177 3858; x_wconf 75' lang='grc' dir='ltr'><strong>καὶ</strong></span> <span class='ocrx_word' id='word_1_525' title='bbox 3226 3803 3327 3873; x_wconf 80' lang='grc' dir='ltr'>τῆς</span> <span class='ocrx_word' id='word_1_526' title='bbox 3359 3803 3579 3856; x_wconf 85' lang='grc' dir='ltr'>συνόδου</span> <span class='ocrx_word' id='word_1_527' title='bbox 3632 3805 3734 3872; x_wconf 76' lang='grc' dir='ltr'>τῆς</span> 
     </span>
    </p>
   </div>
   <div class='ocr_carea' id='block_1_81' title="bbox 2144 3894 3735 3976">
    <p class='ocr_par' dir='ltr' id='par_1_81' title="bbox 2144 3894 3735 3976">
     <span class='ocr_line' id='line_1_81' title="bbox 2144 3894 3735 3976; baseline -0.007 -18"><span class='ocrx_word' id='word_1_528' title='bbox 2144 3903 2443 3976; x_wconf 85' lang='grc' dir='ltr'>μεγίστης,</span> <span class='ocrx_word' id='word_1_529' title='bbox 2479 3902 2546 3973; x_wconf 72' lang='grc' dir='ltr'>ἢν</span> <span class='ocrx_word' id='word_1_530' title='bbox 2588 3901 2800 3962; x_wconf 88' lang='grc' dir='ltr'>ἐκεῖνος</span> <span class='ocrx_word' id='word_1_531' title='bbox 2827 3897 3083 3975; x_wconf 81' lang='grc' dir='ltr'>συνέλεξε</span> <span class='ocrx_word' id='word_1_532' title='bbox 3108 3897 3184 3962; x_wconf 71' lang='grc' dir='ltr'><strong>⁸η,</strong></span> <span class='ocrx_word' id='word_1_533' title='bbox 3234 3896 3326 3949; x_wconf 71' lang='grc' dir='ltr'><strong>καὶ</strong></span> <span class='ocrx_word' id='word_1_534' title='bbox 3365 3896 3443 3960; x_wconf 84' lang='grc' dir='ltr'>ὡς</span> <span class='ocrx_word' id='word_1_535' title='bbox 3488 3896 3556 3949; x_wconf 64' lang='grc' dir='ltr'>τὰ</span> <span class='ocrx_word' id='word_1_536' title='bbox 3601 3894 3735 3964; x_wconf 84' lang='grc' dir='ltr'>παρ’</span> 
     </span>
    </p>
   </div>
   <div class='ocr_carea' id='block_1_82' title="bbox 2139 3987 3731 4066">
    <p class='ocr_par' dir='ltr' id='par_1_82' title="bbox 2139 3987 3731 4066">
     <span class='ocr_line' id='line_1_82' title="bbox 2139 3987 3731 4066; baseline -0.007 -17"><span class='ocrx_word' id='word_1_537' title='bbox 2139 3994 2367 4049; x_wconf 75' lang='grc' dir='ltr'>ἐκείνων</span> <span class='ocrx_word' id='word_1_538' title='bbox 2388 3995 2433 4027; x_wconf 75' lang='grc' dir='ltr'><strong>⁷ο</strong></span> <span class='ocrx_word' id='word_1_539' title='bbox 2487 3992 2769 4066; x_wconf 88' lang='grc' dir='ltr'>γραφέντα</span> <span class='ocrx_word' id='word_1_540' title='bbox 2805 4030 2820 4053; x_wconf 94' lang='grc'><strong>,</strong></span> <span class='ocrx_word' id='word_1_541' title='bbox 2896 3988 2994 4043; x_wconf 83' lang='grc' dir='ltr'>τοῦ</span> <span class='ocrx_word' id='word_1_542' title='bbox 3064 3987 3349 4058; x_wconf 87' lang='grc' dir='ltr'>συνεδρίου</span> <span class='ocrx_word' id='word_1_543' title='bbox 3430 3988 3731 4053; x_wconf 80' lang='grc' dir='ltr'>κοινωνῶν,</span> 
     </span>
    </p>
   </div>
   <div class='ocr_carea' id='block_1_83' title="bbox 2140 4079 3737 4159">
    <p class='ocr_par' dir='ltr' id='par_1_83' title="bbox 2140 4079 3737 4159">
     <span class='ocr_line' id='line_1_83' title="bbox 2140 4079 3737 4159; baseline -0.006 -17"><span class='ocrx_word' id='word_1_544' title='bbox 2140 4087 2412 4159; x_wconf 82' lang='grc' dir='ltr'>ἐκράτυνε</span> <span class='ocrx_word' id='word_1_545' title='bbox 2442 4086 2612 4157; x_wconf 80' lang='grc' dir='ltr'>νόμῳ.</span> <span class='ocrx_word' id='word_1_546' title='bbox 2643 4082 2884 4137; x_wconf 80' lang='grc' dir='ltr'>Τοιαῦτα</span> <span class='ocrx_word' id='word_1_547' title='bbox 2925 4081 3295 4153; x_wconf 84' lang='grc' dir='ltr'>ποτνιώμενος</span> <span class='ocrx_word' id='word_1_548' title='bbox 3326 4122 3341 4146; x_wconf 90' lang='grc'><strong>,</strong></span> <span class='ocrx_word' id='word_1_549' title='bbox 3385 4081 3467 4144; x_wconf 80' lang='grc' dir='ltr'><strong>είς</strong></span> <span class='ocrx_word' id='word_1_550' title='bbox 3500 4079 3591 4133; x_wconf 83' lang='grc' dir='ltr'><strong>τὸν</strong></span> <span class='ocrx_word' id='word_1_551' title='bbox 3626 4096 3737 4133; x_wconf 83' lang='grc' dir='ltr'>πα-</span> 
     </span>
    </p>
   </div>
   <div class='ocr_carea' id='block_1_84' title="bbox 2136 4170 3734 4253">
    <p class='ocr_par' dir='ltr' id='par_1_84' title="bbox 2136 4170 3734 4253">
     <span class='ocr_line' id='line_1_84' title="bbox 2136 4170 3734 4253; baseline -0.005 -19"><span class='ocrx_word' id='word_1_552' title='bbox 2136 4179 2315 4253; x_wconf 78' lang='grc' dir='ltr'>τρῷον</span> <span class='ocrx_word' id='word_1_553' title='bbox 2338 4179 2380 4211; x_wconf 85' lang='lat'><strong>&quot;</strong></span> <span class='ocrx_word' id='word_1_554' title='bbox 2445 4175 2610 4248; x_wconf 78' lang='grc' dir='ltr'>ζῆλον</span> <span class='ocrx_word' id='word_1_555' title='bbox 2653 4174 2747 4228; x_wconf 78' lang='grc' dir='ltr'>τὸν</span> <span class='ocrx_word' id='word_1_556' title='bbox 2797 4174 3021 4245; x_wconf 84' lang='grc' dir='ltr'>βασιλέα</span> <span class='ocrx_word' id='word_1_557' title='bbox 3074 4172 3337 4245; x_wconf 88' lang='grc' dir='ltr'>διήγειρε.</span> <span class='ocrx_word' id='word_1_558' title='bbox 3402 4170 3734 4244; x_wconf 87' lang='grc' dir='ltr'>Παραυτίκα</span> 
     </span>
    </p>
   </div>
   <div class='ocr_carea' id='block_1_85' title="bbox 2143 4262 3736 4345">
    <p class='ocr_par' dir='ltr' id='par_1_85' title="bbox 2143 4262 3736 4345">
     <span class='ocr_line' id='line_1_85' title="bbox 2143 4262 3736 4345; baseline -0.006 -20"><span class='ocrx_word' id='word_1_559' title='bbox 2143 4271 2255 4345; x_wconf 77' lang='grc' dir='ltr'><strong>γὰρ</strong></span> <span class='ocrx_word' id='word_1_560' title='bbox 2279 4268 2489 4324; x_wconf 83' lang='grc' dir='ltr'>τούτων</span> <span class='ocrx_word' id='word_1_561' title='bbox 2512 4267 2774 4333; x_wconf 87' lang='grc' dir='ltr'>ἀκούσας,</span> <span class='ocrx_word' id='word_1_562' title='bbox 2820 4264 3099 4320; x_wconf 76' lang='grc' dir='ltr'>ἐπέστειλε</span> <span class='ocrx_word' id='word_1_563' title='bbox 3132 4264 3212 4335; x_wconf 78' lang='grc' dir='ltr'>τῷ</span> <span class='ocrx_word' id='word_1_564' title='bbox 3244 4262 3481 4334; x_wconf 76' lang='grc' dir='ltr'>ἀδελφῷ,</span> <span class='ocrx_word' id='word_1_565' title='bbox 3533 4279 3736 4335; x_wconf 85' lang='grc' dir='ltr'>παραι-</span> 
     </span>
    </p>
   </div>
   <div class='ocr_carea' id='block_1_86' title="bbox 2142 4354 3732 4433">
    <p class='ocr_par' dir='ltr' id='par_1_86' title="bbox 2142 4354 3732 4433">
     <span class='ocr_line' id='line_1_86' title="bbox 2142 4354 3732 4433; baseline -0.007 -15"><span class='ocrx_word' id='word_1_566' title='bbox 2142 4361 2249 4418; x_wconf 88' lang='grc' dir='ltr'><strong>νῶν</strong></span> <span class='ocrx_word' id='word_1_567' title='bbox 2301 4362 2401 4433; x_wconf 84' lang='grc' dir='ltr'><strong>τῆς</strong></span> <span class='ocrx_word' id='word_1_568' title='bbox 2461 4358 2727 4430; x_wconf 80' lang='grc' dir='ltr'>πατρῴας</span> <span class='ocrx_word' id='word_1_569' title='bbox 2767 4356 3055 4419; x_wconf 80' lang='grc' dir='ltr'>εὐσεϐείας</span> <span class='ocrx_word' id='word_1_570' title='bbox 3096 4356 3298 4411; x_wconf 82' lang='grc' dir='ltr'>ἄσυλον</span> <span class='ocrx_word' id='word_1_571' title='bbox 3347 4354 3581 4426; x_wconf 79' lang='grc' dir='ltr'>φυλάξαι</span> <span class='ocrx_word' id='word_1_572' title='bbox 3638 4354 3732 4409; x_wconf 77' lang='grc' dir='ltr'>τὸν</span> 
     </span>
    </p>
   </div>
   <div class='ocr_carea' id='block_1_87' title="bbox 2144 4444 3736 4526">
    <p class='ocr_par' dir='ltr' id='par_1_87' title="bbox 2144 4444 3736 4526">
     <span class='ocr_line' id='line_1_87' title="bbox 2144 4444 3736 4526; baseline -0.006 -19"><span class='ocrx_word' id='word_1_573' title='bbox 2144 4452 2368 4526; x_wconf 82' lang='grc' dir='ltr'>κλῆρον.</span> <span class='ocrx_word' id='word_1_574' title='bbox 2430 4451 2543 4504; x_wconf 72' lang='grc' dir='ltr'><strong>Καὶ</strong></span> <span class='ocrx_word' id='word_1_575' title='bbox 2594 4451 2704 4520; x_wconf 75' lang='grc' dir='ltr'>γὰρ</span> <span class='ocrx_word' id='word_1_576' title='bbox 2733 4449 2945 4510; x_wconf 87' lang='grc' dir='ltr'>ἐκεῖνος</span> <span class='ocrx_word' id='word_1_577' title='bbox 2991 4446 3248 4519; x_wconf 75' lang='grc' dir='ltr'>εὐσεϐείᾳ</span> <span class='ocrx_word' id='word_1_578' title='bbox 3294 4445 3394 4517; x_wconf 84' lang='grc' dir='ltr'>τὴν</span> <span class='ocrx_word' id='word_1_579' title='bbox 3453 4444 3736 4516; x_wconf 84' lang='grc' dir='ltr'>βασιλείαν</span> 
     </span>
    </p>
   </div>
   <div class='ocr_carea' id='block_1_88' title="bbox 447 4531 2030 4616">
    <p class='ocr_par' dir='ltr' id='par_1_88' title="bbox 447 4531 2030 4607">
     <span class='ocr_line' id='line_1_88' title="bbox 447 4531 2030 4607; baseline 0.001 -19"><span class='ocrx_word' id='word_1_580' title='bbox 447 4540 504 4588; x_wconf 91' lang='lat' dir='ltr'><strong>ct</strong></span> <span class='ocrx_word' id='word_1_581' title='bbox 556 4531 932 4590; x_wconf 86' lang='lat' dir='ltr'><strong>Romanorum</strong></span> <span class='ocrx_word' id='word_1_582' title='bbox 981 4544 1246 4607; x_wconf 85' lang='lat' dir='ltr'><strong>tyrannos</strong></span> <span class='ocrx_word' id='word_1_583' title='bbox 1293 4534 1597 4601; x_wconf 86' lang='lat' dir='ltr'><strong>delevisse,</strong></span> <span class='ocrx_word' id='word_1_584' title='bbox 1653 4542 1711 4589; x_wconf 90' lang='lat' dir='ltr'><strong>et</strong></span> <span class='ocrx_word' id='word_1_585' title='bbox 1769 4533 2030 4589; x_wconf 84' lang='lat' dir='ltr'><strong>barbaros</strong></span> 
     </span>
    </p>
   </div>
   <div class='ocr_carea' id='block_1_89' title="bbox 2135 4531 3732 4616">
    <p class='ocr_par' dir='ltr' id='par_1_89' title="bbox 2145 4537 3732 4616">
     <span class='ocr_line' id='line_1_89' title="bbox 2145 4537 3732 4616; baseline -0.004 -17"><span class='ocrx_word' id='word_1_586' title='bbox 2145 4543 2443 4616; x_wconf 87' lang='grc' dir='ltr'>κρατύνας,</span> <span class='ocrx_word' id='word_1_587' title='bbox 2474 4543 2571 4597; x_wconf 74' lang='grc' dir='ltr'>καὶ</span> <span class='ocrx_word' id='word_1_588' title='bbox 2612 4542 2740 4605; x_wconf 80' lang='grc' dir='ltr'>τοὺς</span> <span class='ocrx_word' id='word_1_589' title='bbox 2777 4540 3070 4611; x_wconf 88' lang='grc' dir='ltr'>Ῥωμαίων</span> <span class='ocrx_word' id='word_1_590' title='bbox 3110 4539 3411 4611; x_wconf 75' lang='grc' dir='ltr'>τυράννους</span> <span class='ocrx_word' id='word_1_591' title='bbox 3443 4537 3732 4603; x_wconf 86' lang='grc' dir='ltr'>κατέλυσε,</span> 
     </span>
    </p>
   </div>
   <div class='ocr_carea' id='block_1_90' title="bbox 449 4605 2030 4700">
    <p class='ocr_par' dir='ltr' id='par_1_90' title="bbox 449 4605 2030 4696">
     <span class='ocr_line' id='line_1_90' title="bbox 449 4605 2030 4696; baseline 0.005 -21"><span class='ocrx_word' id='word_1_592' title='bbox 449 4622 885 4695; x_wconf 79' lang='lat' dir='ltr'><strong>circumquaque</strong></span> <span class='ocrx_word' id='word_1_593' title='bbox 942 4605 1018 4679; x_wconf 18' lang='lat' dir='ltr'><strong>in:</strong></span> <span class='ocrx_word' id='word_1_594' title='bbox 1056 4633 1385 4695; x_wconf 87' lang='lat' dir='ltr'><strong>potestatem</strong></span> <span class='ocrx_word' id='word_1_595' title='bbox 1460 4623 1760 4696; x_wconf 75' lang='lat' dir='ltr'><strong>redegisse.</strong></span> <span class='ocrx_word' id='word_1_596' title='bbox 1819 4622 2030 4692; x_wconf 83' lang='lat' dir='ltr'><strong>Quibus</strong></span> 
     </span>
    </p>
   </div>
   <div class='ocr_carea' id='block_1_91' title="bbox 2135 4605 3736 4700">
    <p class='ocr_par' dir='ltr' id='par_1_91' title="bbox 2140 4605 3736 4700">
     <span class='ocr_line' id='line_1_91' title="bbox 2140 4605 3736 4700; baseline -0.004 -15"><span class='ocrx_word' id='word_1_597' title='bbox 2140 4605 2233 4685; x_wconf 70' lang='grc' dir='ltr'>καὶ</span> <span class='ocrx_word' id='word_1_598' title='bbox 2281 4605 2526 4695; x_wconf 22' lang='grc' dir='ltr'>τοὺςνέν</span> <span class='ocrx_word' id='word_1_599' title='bbox 2574 4626 2763 4697; x_wconf 83' lang='grc' dir='ltr'>κύκλῳ</span> <span class='ocrx_word' id='word_1_600' title='bbox 2823 4605 3137 4700; x_wconf 77' lang='grc' dir='ltr'>βαρϐάρους</span> <span class='ocrx_word' id='word_1_601' title='bbox 3186 4605 3457 4693; x_wconf 70' lang='grc' dir='ltr'>ύπέταξε.</span> <span class='ocrx_word' id='word_1_602' title='bbox 3508 4627 3736 4692; x_wconf 87' lang='grc' dir='ltr'>Τούτοις</span> 
     </span>
    </p>
   </div>
   <div class='ocr_carea' id='block_1_92' title="bbox 450 4714 2035 4788">
    <p class='ocr_par' dir='ltr' id='par_1_92' title="bbox 450 4714 2035 4788">
     <span class='ocr_line' id='line_1_92' title="bbox 450 4714 2035 4788; baseline 0.004 -20"><span class='ocrx_word' id='word_1_603' title='bbox 450 4714 645 4773; x_wconf 88' lang='lat' dir='ltr'><strong>litteris</strong></span> <span class='ocrx_word' id='word_1_604' title='bbox 674 4733 973 4788; x_wconf 87' lang='lat' dir='ltr'><strong>persuasus</strong></span> <span class='ocrx_word' id='word_1_605' title='bbox 998 4717 1364 4773; x_wconf 86' lang='lat' dir='ltr'><strong>Constantius</strong></span> <span class='ocrx_word' id='word_1_606' title='bbox 1388 4756 1404 4783; x_wconf 88' lang='lat'><strong>,</strong></span> <span class='ocrx_word' id='word_1_607' title='bbox 1441 4718 1700 4788; x_wconf 65' lang='lat' dir='ltr'><strong>praecepit</strong></span> <span class='ocrx_word' id='word_1_608' title='bbox 1729 4716 2035 4786; x_wconf 84' lang='lat' dir='ltr'><strong>Sardicam,</strong></span> 
     </span>
    </p>
   </div>
   <div class='ocr_carea' id='block_1_93' title="bbox 449 4810 2036 4882">
    <p class='ocr_par' dir='ltr' id='par_1_93' title="bbox 449 4810 2036 4882">
     <span class='ocr_line' id='line_1_93' title="bbox 449 4810 2036 4882; baseline 0.003 -19"><span class='ocrx_word' id='word_1_609' title='bbox 449 4824 572 4878; x_wconf 75' lang='lat' dir='ltr'><strong>quae</strong></span> <span class='ocrx_word' id='word_1_610' title='bbox 600 4810 802 4880; x_wconf 86' lang='lat' dir='ltr'><strong>Illyrici</strong></span> <span class='ocrx_word' id='word_1_611' title='bbox 841 4819 926 4867; x_wconf 90' lang='lat' dir='ltr'><strong>est</strong></span> <span class='ocrx_word' id='word_1_612' title='bbox 955 4812 1109 4877; x_wconf 82' lang='lat' dir='ltr'><strong>urbs,</strong></span> <span class='ocrx_word' id='word_1_613' title='bbox 1141 4811 1321 4866; x_wconf 71' lang='lat' dir='ltr'><strong>Daciae</strong></span> <span class='ocrx_word' id='word_1_614' title='bbox 1362 4811 1661 4881; x_wconf 69' lang='lat' dir='ltr'><strong>provinciae</strong></span> <span class='ocrx_word' id='word_1_615' title='bbox 1690 4811 2036 4882; x_wconf 86' lang='lat' dir='ltr'><strong>metropolis,</strong></span> 
     </span>
    </p>
   </div>
   <div class='ocr_carea' id='block_1_94' title="bbox 2145 4720 3734 4794">
    <p class='ocr_par' dir='ltr' id='par_1_94' title="bbox 2145 4720 3734 4794">
     <span class='ocr_line' id='line_1_94' title="bbox 2145 4720 3734 4794; baseline -0.001 -17"><span class='ocrx_word' id='word_1_616' title='bbox 2145 4721 2393 4786; x_wconf 74' lang='grc' dir='ltr'>πεισθεὶς</span> <span class='ocrx_word' id='word_1_617' title='bbox 2456 4722 2573 4786; x_wconf 83' lang='grc' dir='ltr'>τοῖς</span> <span class='ocrx_word' id='word_1_618' title='bbox 2633 4720 2962 4794; x_wconf 86' lang='grc' dir='ltr'>γράμμασιν</span> <span class='ocrx_word' id='word_1_619' title='bbox 3007 4721 3036 4774; x_wconf 82' lang='grc' dir='ltr'><strong>ὁ</strong></span> <span class='ocrx_word' id='word_1_620' title='bbox 3080 4721 3498 4789; x_wconf 82' lang='grc' dir='ltr'>Κωνστάντιος,</span> <span class='ocrx_word' id='word_1_621' title='bbox 3562 4738 3734 4791; x_wconf 87' lang='grc' dir='ltr'>προσ-</span> 
     </span>
    </p>
   </div>
   <div class='ocr_carea' id='block_1_95' title="bbox 2140 4808 3726 4882">
    <p class='ocr_par' dir='ltr' id='par_1_95' title="bbox 2140 4808 3726 4882">
     <span class='ocr_line' id='line_1_95' title="bbox 2140 4808 3726 4882; baseline -0.002 -17"><span class='ocrx_word' id='word_1_622' title='bbox 2140 4811 2330 4876; x_wconf 82' lang='grc' dir='ltr'>έταξεν</span> <span class='ocrx_word' id='word_1_623' title='bbox 2368 4813 2447 4874; x_wconf 79' lang='grc' dir='ltr'>εἰς</span> <span class='ocrx_word' id='word_1_624' title='bbox 2492 4810 2593 4882; x_wconf 84' lang='grc' dir='ltr'><strong>τὴν</strong></span> <span class='ocrx_word' id='word_1_625' title='bbox 2636 4809 2931 4882; x_wconf 82' lang='grc' dir='ltr'>Σαρδικὴν,</span> <span class='ocrx_word' id='word_1_626' title='bbox 2962 4808 3237 4880; x_wconf 85' lang='grc' dir='ltr'>Ἰλλυρικὴ</span> <span class='ocrx_word' id='word_1_627' title='bbox 3278 4808 3337 4863; x_wconf 79' lang='grc' dir='ltr'>δὲ</span> <span class='ocrx_word' id='word_1_628' title='bbox 3378 4808 3518 4881; x_wconf 80' lang='grc' dir='ltr'>αὕτη</span> <span class='ocrx_word' id='word_1_629' title='bbox 3549 4809 3726 4876; x_wconf 79' lang='grc' dir='ltr'>πόλις,</span> 
     </span>
    </p>
   </div>
   <div class='ocr_carea' id='block_1_96' title="bbox 450 4898 2030 4974">
    <p class='ocr_par' dir='ltr' id='par_1_96' title="bbox 450 4898 2030 4973">
     <span class='ocr_line' id='line_1_96' title="bbox 450 4898 2030 4973; baseline 0.001 -17"><span class='ocrx_word' id='word_1_630' title='bbox 450 4900 698 4956; x_wconf 86' lang='lat' dir='ltr'><strong>Orientis</strong></span> <span class='ocrx_word' id='word_1_631' title='bbox 738 4898 1168 4973; x_wconf 89' lang='lat' dir='ltr'><strong>Occidentisque</strong></span> <span class='ocrx_word' id='word_1_632' title='bbox 1212 4902 1510 4973; x_wconf 87' lang='lat' dir='ltr'><strong>episcopos</strong></span> <span class='ocrx_word' id='word_1_633' title='bbox 1539 4904 1857 4959; x_wconf 88' lang='lat' dir='ltr'><strong>convenire.</strong></span> <span class='ocrx_word' id='word_1_634' title='bbox 1894 4902 2030 4958; x_wconf 87' lang='lat' dir='ltr'><strong>Nam</strong></span> 
     </span>
    </p>
   </div>
   <div class='ocr_carea' id='block_1_97' title="bbox 2135 4898 3733 4974">
    <p class='ocr_par' dir='ltr' id='par_1_97' title="bbox 2137 4899 3733 4974">
     <span class='ocr_line' id='line_1_97' title="bbox 2137 4899 3733 4974; baseline -0.001 -17"><span class='ocrx_word' id='word_1_635' title='bbox 2137 4903 2234 4957; x_wconf 74' lang='grc' dir='ltr'>τοῦ</span> <span class='ocrx_word' id='word_1_636' title='bbox 2264 4902 2457 4958; x_wconf 82' lang='grc' dir='ltr'>Δακῶν</span> <span class='ocrx_word' id='word_1_637' title='bbox 2483 4902 2672 4967; x_wconf 79' lang='grc' dir='ltr'>ἔθνους</span> <span class='ocrx_word' id='word_1_638' title='bbox 2707 4900 3074 4974; x_wconf 85' lang='grc' dir='ltr'>μητρόπολις,</span> <span class='ocrx_word' id='word_1_639' title='bbox 3123 4899 3222 4955; x_wconf 70' lang='grc' dir='ltr'>καὶ</span> <span class='ocrx_word' id='word_1_640' title='bbox 3248 4902 3374 4965; x_wconf 81' lang='grc' dir='ltr'>τοὺς</span> <span class='ocrx_word' id='word_1_641' title='bbox 3417 4902 3517 4972; x_wconf 82' lang='grc' dir='ltr'>τῆς</span> <span class='ocrx_word' id='word_1_642' title='bbox 3557 4900 3733 4972; x_wconf 81' lang='grc' dir='ltr'>Έῲας</span> 
     </span>
    </p>
   </div>
   <div class='ocr_carea' id='block_1_98' title="bbox 450 4994 2039 5067">
    <p class='ocr_par' dir='ltr' id='par_1_98' title="bbox 450 4994 2039 5067">
     <span class='ocr_line' id='line_1_98' title="bbox 450 4994 2039 5067; baseline 0 -16"><span class='ocrx_word' id='word_1_643' title='bbox 450 5006 507 5051; x_wconf 88' lang='lat' dir='ltr'><strong>et</strong></span> <span class='ocrx_word' id='word_1_644' title='bbox 540 4996 649 5050; x_wconf 88' lang='lat' dir='ltr'><strong>alia</strong></span> <span class='ocrx_word' id='word_1_645' title='bbox 687 4994 947 5052; x_wconf 65' lang='lat' dir='ltr'><strong>Ecclesiae</strong></span> <span class='ocrx_word' id='word_1_646' title='bbox 978 4998 1121 5051; x_wconf 88' lang='lat' dir='ltr'><strong>mala</strong></span> <span class='ocrx_word' id='word_1_647' title='bbox 1155 5004 1314 5052; x_wconf 87' lang='lat' dir='ltr'><strong>erant</strong></span> <span class='ocrx_word' id='word_1_648' title='bbox 1346 5011 1459 5051; x_wconf 92' lang='lat' dir='ltr'><strong>non</strong></span> <span class='ocrx_word' id='word_1_649' title='bbox 1508 5008 1707 5065; x_wconf 89' lang='lat' dir='ltr'><strong>pauca,</strong></span> <span class='ocrx_word' id='word_1_650' title='bbox 1732 5010 1856 5066; x_wconf 73' lang='lat' dir='ltr'><strong>qua:</strong></span> <span class='ocrx_word' id='word_1_651' title='bbox 1908 5010 2039 5067; x_wconf 67' lang='lat' dir='ltr'><strong>synv</strong></span> 
     </span>
    </p>
   </div>
   <div class='ocr_carea' id='block_1_99' title="bbox 449 5080 1749 5160">
    <p class='ocr_par' dir='ltr' id='par_1_99' title="bbox 449 5080 1749 5160">
     <span class='ocr_line' id='line_1_99' title="bbox 449 5080 1749 5160; baseline -0.003 -16"><span class='ocrx_word' id='word_1_652' title='bbox 449 5089 666 5144; x_wconf 82' lang='lat' dir='ltr'><strong>odicam</strong></span> <span class='ocrx_word' id='word_1_653' title='bbox 692 5087 1224 5146; x_wconf 84' lang='lat' dir='ltr'><strong>animadversionem</strong></span> <span class='ocrx_word' id='word_1_654' title='bbox 1264 5087 1644 5160; x_wconf 82' lang='lat' dir='ltr'><strong>requirebant.</strong></span> <span class='ocrx_word' id='word_1_655' title='bbox 1744 5080 1749 5085; x_wconf 79' lang='grc'><em>’</em></span> 
     </span>
    </p>
   </div>
   <div class='ocr_carea' id='block_1_100' title="bbox 2141 4992 3730 5064">
    <p class='ocr_par' dir='ltr' id='par_1_100' title="bbox 2141 4992 3730 5064">
     <span class='ocr_line' id='line_1_100' title="bbox 2141 4992 3730 5064; baseline -0.001 -15"><span class='ocrx_word' id='word_1_656' title='bbox 2141 4996 2237 5049; x_wconf 69' lang='grc' dir='ltr'><strong>καὶ</strong></span> <span class='ocrx_word' id='word_1_657' title='bbox 2293 4993 2425 5058; x_wconf 82' lang='grc' dir='ltr'>τοὺς</span> <span class='ocrx_word' id='word_1_658' title='bbox 2486 4993 2590 5063; x_wconf 79' lang='grc' dir='ltr'>τῆς</span> <span class='ocrx_word' id='word_1_659' title='bbox 2640 4994 2913 5063; x_wconf 80' lang='grc' dir='ltr'>Ἐσπέρας</span> <span class='ocrx_word' id='word_1_660' title='bbox 2994 4992 3323 5064; x_wconf 88' lang='grc' dir='ltr'>συνδραμεῖν</span> <span class='ocrx_word' id='word_1_661' title='bbox 3374 4993 3730 5054; x_wconf 79' lang='grc' dir='ltr'>ἐπισκόπους.</span> 
     </span>
    </p>
   </div>
   <div class='ocr_carea' id='block_1_101' title="bbox 2142 5084 3734 5158">
    <p class='ocr_par' dir='ltr' id='par_1_101' title="bbox 2142 5084 3734 5158">
     <span class='ocr_line' id='line_1_101' title="bbox 2142 5084 3734 5158; baseline 0 -19"><span class='ocrx_word' id='word_1_662' title='bbox 2142 5084 2323 5140; x_wconf 82' lang='grc' dir='ltr'>Πολλὰ</span> <span class='ocrx_word' id='word_1_663' title='bbox 2350 5086 2460 5158; x_wconf 81' lang='grc' dir='ltr'>γὰρ</span> <span class='ocrx_word' id='word_1_664' title='bbox 2487 5086 2584 5139; x_wconf 75' lang='grc' dir='ltr'>καὶ</span> <span class='ocrx_word' id='word_1_665' title='bbox 2611 5084 2778 5157; x_wconf 74' lang='grc' dir='ltr'>ἕτερα</span> <span class='ocrx_word' id='word_1_666' title='bbox 2818 5086 2919 5157; x_wconf 78' lang='grc' dir='ltr'>τῆς</span> <span class='ocrx_word' id='word_1_667' title='bbox 2938 5084 3271 5157; x_wconf 84' lang='grc' dir='ltr'>Ἐκκλησίας</span> <span class='ocrx_word' id='word_1_668' title='bbox 3301 5084 3606 5157; x_wconf 85' lang='grc' dir='ltr'>παθήματα</span> <span class='ocrx_word' id='word_1_669' title='bbox 3633 5084 3734 5156; x_wconf 82' lang='grc' dir='ltr'>τῆς</span> 
     </span>
    </p>
   </div>
   <div class='ocr_carea' id='block_1_102' title="bbox 2146 5178 2984 5251">
    <p class='ocr_par' dir='ltr' id='par_1_102' title="bbox 2146 5178 2984 5251">
     <span class='ocr_line' id='line_1_102' title="bbox 2146 5178 2984 5251; baseline 0 -19"><span class='ocrx_word' id='word_1_670' title='bbox 2146 5178 2433 5248; x_wconf 83' lang='grc' dir='ltr'>συνοδικῆς</span> <span class='ocrx_word' id='word_1_671' title='bbox 2460 5178 2759 5251; x_wconf 84' lang='grc' dir='ltr'>θεραπείας</span> <span class='ocrx_word' id='word_1_672' title='bbox 2790 5178 2984 5233; x_wconf 83' lang='grc' dir='ltr'>ἐδεῖτο.</span> 
     </span>
    </p>
   </div>
   <div class='ocr_carea' id='block_1_103' title="bbox 1822 5330 2522 5394">
    <p class='ocr_par' dir='ltr' id='par_1_103' title="bbox 1822 5330 2522 5394">
     <span class='ocr_line' id='line_1_103' title="bbox 1822 5330 2522 5394; baseline 0.011 -8"><span class='ocrx_word' id='word_1_673' title='bbox 1822 5330 2061 5389; x_wconf 71' lang='grc' dir='ltr'><strong>νΔΒΙᾹζ</strong></span> <span class='ocrx_word' id='word_1_674' title='bbox 2105 5333 2522 5394; x_wconf 84' lang='lat' dir='ltr'><strong>LECTIONES.</strong></span> 
     </span>
    </p>
   </div>
   <div class='ocr_carea' id='block_1_104' title="bbox 520 5424 2102 5497">
    <p class='ocr_par' dir='ltr' id='par_1_104' title="bbox 520 5424 2102 5497">
     <span class='ocr_line' id='line_1_104' title="bbox 520 5424 2102 5497; baseline 0.002 -17"><span class='ocrx_word' id='word_1_675' title='bbox 520 5427 567 5460; x_wconf 75' lang='grc' dir='ltr'><strong>⁸ο</strong></span> <span class='ocrx_word' id='word_1_676' title='bbox 606 5424 880 5497; x_wconf 68' lang='grc' dir='ltr'>Θεόγνιρς.</span> <span class='ocrx_word' id='word_1_677' title='bbox 932 5424 1102 5482; x_wconf 87' lang='lat' dir='ltr'><strong>Iidem</strong></span> <span class='ocrx_word' id='word_1_678' title='bbox 1159 5427 1387 5497; x_wconf 80' lang='grc' dir='ltr'>Θέογνις</span> <span class='ocrx_word' id='word_1_679' title='bbox 1454 5426 1770 5497; x_wconf 85' lang='lat' dir='ltr'><strong>Christoph.</strong></span> <span class='ocrx_word' id='word_1_680' title='bbox 1835 5436 1890 5485; x_wconf 93' lang='lat' dir='ltr'><strong>et</strong></span> <span class='ocrx_word' id='word_1_681' title='bbox 1926 5427 2102 5497; x_wconf 15' lang='lat' dir='ltr'><strong>NScali</strong></span> 
     </span>
    </p>
   </div>
   <div class='ocr_carea' id='block_1_105' title="bbox 452 5493 1010 5620">
    <p class='ocr_par' dir='ltr' id='par_1_105' title="bbox 452 5493 1010 5620">
     <span class='ocr_line' id='line_1_105' title="bbox 452 5493 1010 5620; baseline 0.004 -71"><span class='ocrx_word' id='word_1_682' title='bbox 452 5493 733 5620; x_wconf 52' lang='lat' dir='ltr'><strong>probante</strong></span> <span class='ocrx_word' id='word_1_683' title='bbox 770 5493 1010 5554; x_wconf 74' lang='lat' dir='ltr'><strong>Valesio.</strong></span> 
     </span>
     <span class='ocr_line' id='line_1_106' title="bbox 480 5567 1010 5620; baseline 0 -2"><span class='ocrx_word' id='word_1_684' title='bbox 480 5570 646 5620; x_wconf 83' lang='lat' dir='ltr'><strong>&#39;teoh.</strong></span> <span class='ocrx_word' id='word_1_685' title='bbox 751 5567 796 5599; x_wconf 81' lang='lat'><strong>&quot;</strong></span> <span class='ocrx_word' id='word_1_686' title='bbox 831 5567 1010 5620; x_wconf 80' lang='grc' dir='ltr'>καταλ‹</span> 
     </span>
    </p>
   </div>
   <div class='ocr_carea' id='block_1_106' title="bbox 494 5570 646 5637">
    <p class='ocr_par' dir='ltr' id='par_1_106' title="bbox 494 5570 646 5637">
     <span class='ocr_line' id='line_1_107' title="bbox 494 5570 646 5637; baseline 0.007 -19"><span class='ocrx_word' id='word_1_687' title='bbox 494 5570 646 5637; x_wconf 84' lang='lat' dir='ltr'><strong>teph.</strong></span> 
     </span>
    </p>
   </div>
   <div class='ocr_carea' id='block_1_107' title="bbox 1711 5496 2000 5557">
    <p class='ocr_par' dir='ltr' id='par_1_107' title="bbox 1711 5496 2000 5557">
     <span class='ocr_line' id='line_1_108' title="bbox 1711 5496 2000 5557; baseline 0.021 -7"><span class='ocrx_word' id='word_1_688' title='bbox 1711 5497 1832 5554; x_wconf 86' lang='lat' dir='ltr'><strong>asil.</strong></span> <span class='ocrx_word' id='word_1_689' title='bbox 1904 5496 2000 5557; x_wconf 88' lang='lat' dir='ltr'><strong>Gr.</strong></span> 
     </span>
    </p>
   </div>
   <div class='ocr_carea' id='block_1_108' title="bbox 1434 5566 1898 5650">
    <p class='ocr_par' dir='ltr' id='par_1_108' title="bbox 1434 5566 1898 5650">
     <span class='ocr_line' id='line_1_109' title="bbox 1434 5566 1898 5650; baseline 0.002 -28"><span class='ocrx_word' id='word_1_690' title='bbox 1434 5585 1480 5622; x_wconf 88' lang='lat' dir='ltr'><strong>r.</strong></span> <span class='ocrx_word' id='word_1_691' title='bbox 1497 5576 1604 5650; x_wconf 56' lang='lat' dir='ltr'><strong>et&quot;</strong></span> <span class='ocrx_word' id='word_1_692' title='bbox 1623 5566 1812 5650; x_wconf 53' lang='lat' dir='ltr'><strong>iiteph.</strong></span> <span class='ocrx_word' id='word_1_693' title='bbox 1848 5568 1898 5650; x_wconf 56' lang='grc' dir='ltr'><strong>[ε</strong></span> 
     </span>
    </p>
   </div>
   <div class='ocr_carea' id='block_1_109' title="bbox 1113 5498 1595 5568">
    <p class='ocr_par' dir='ltr' id='par_1_109' title="bbox 1113 5498 1595 5568">
     <span class='ocr_line' id='line_1_110' title="bbox 1113 5498 1595 5568; baseline 0 -17"><span class='ocrx_word' id='word_1_694' title='bbox 1113 5498 1160 5531; x_wconf 77' lang='grc'>⁸⁸</span> <span class='ocrx_word' id='word_1_695' title='bbox 1191 5499 1595 5568; x_wconf 80' lang='grc' dir='ltr'>συγγέγραφεν.</span> 
     </span>
    </p>
   </div>
   <div class='ocr_carea' id='block_1_110' title="bbox 751 5567 1359 5638">
    <p class='ocr_par' dir='ltr' id='par_1_110' title="bbox 751 5567 1359 5638">
     <span class='ocr_line' id='line_1_111' title="bbox 751 5567 1359 5638; baseline 0.005 -18"><span class='ocrx_word' id='word_1_696' title='bbox 751 5567 796 5638; x_wconf 53' lang='grc'><strong>9³</strong></span> <span class='ocrx_word' id='word_1_697' title='bbox 831 5567 1157 5638; x_wconf 74' lang='grc' dir='ltr'>καταλαχεῖν</span> <span class='ocrx_word' id='word_1_698' title='bbox 1196 5569 1359 5624; x_wconf 81' lang='lat' dir='ltr'><strong>Basil.</strong></span> 
     </span>
    </p>
   </div>
   <div class='ocr_carea' id='block_1_111' title="bbox 2138 5501 2850 5558">
    <p class='ocr_par' dir='ltr' id='par_1_111' title="bbox 2138 5501 2850 5558">
     <span class='ocr_line' id='line_1_112' title="bbox 2138 5501 2850 5558; baseline 0.003 -2"><span class='ocrx_word' id='word_1_699' title='bbox 2138 5502 2159 5533; x_wconf 86' lang='grc'>³</span> <span class='ocrx_word' id='word_1_700' title='bbox 2193 5504 2242 5556; x_wconf 78' lang='grc' dir='ltr'><strong>οἱ</strong></span> <span class='ocrx_word' id='word_1_701' title='bbox 2302 5503 2474 5557; x_wconf 83' lang='grc' dir='ltr'>αὐτοί.</span> <span class='ocrx_word' id='word_1_702' title='bbox 2527 5502 2694 5558; x_wconf 85' lang='lat' dir='ltr'><strong>Basil.</strong></span> <span class='ocrx_word' id='word_1_703' title='bbox 2753 5501 2850 5558; x_wconf 88' lang='lat' dir='ltr'><strong>Gr.</strong></span> 
     </span>
    </p>
   </div>
   <div class='ocr_carea' id='block_1_112' title="bbox 2146 5431 3727 5506">
    <p class='ocr_par' dir='ltr' id='par_1_112' title="bbox 2146 5431 3727 5506">
     <span class='ocr_line' id='line_1_113' title="bbox 2146 5431 3727 5506; baseline 0 -19"><span class='ocrx_word' id='word_1_704' title='bbox 2146 5446 2238 5506; x_wconf 60' lang='lat' dir='ltr'><strong>er,</strong></span> <span class='ocrx_word' id='word_1_705' title='bbox 2288 5432 2560 5506; x_wconf 69' lang='lat' dir='ltr'><strong>casaub._</strong></span> <span class='ocrx_word' id='word_1_706' title='bbox 2639 5433 2698 5506; x_wconf 58' lang='lat' dir='ltr'><strong>f‘</strong></span> <span class='ocrx_word' id='word_1_707' title='bbox 2736 5432 2847 5506; x_wconf 71' lang='grc' dir='ltr'><strong>τῶν</strong></span> <span class='ocrx_word' id='word_1_708' title='bbox 2906 5433 3263 5506; x_wconf 31' lang='grc' dir='ltr'>ἐλλογίμων.-</span> <span class='ocrx_word' id='word_1_709' title='bbox 3296 5431 3727 5506; x_wconf 34' lang='grc' dir='ltr'>Βαεί1.μῦι’ωο.,</span> 
     </span>
    </p>
   </div>
   <div class='ocr_carea' id='block_1_113' title="bbox 2981 5503 3735 5575">
    <p class='ocr_par' dir='ltr' id='par_1_113' title="bbox 2981 5503 3735 5575">
     <span class='ocr_line' id='line_1_114' title="bbox 2981 5503 3735 5575; baseline 0.004 -17"><span class='ocrx_word' id='word_1_710' title='bbox 2981 5503 3149 5558; x_wconf 71' lang='grc' dir='ltr'>σικειι</span> <span class='ocrx_word' id='word_1_711' title='bbox 3209 5503 3300 5559; x_wconf 77' lang='grc' dir='ltr'>τὸν</span> <span class='ocrx_word' id='word_1_712' title='bbox 3363 5503 3414 5575; x_wconf 80' lang='grc' dir='ltr'>β.</span> <span class='ocrx_word' id='word_1_713' title='bbox 3463 5504 3609 5559; x_wconf 88' lang='lat' dir='ltr'><strong>Idem</strong></span> <span class='ocrx_word' id='word_1_714' title='bbox 3664 5516 3735 5575; x_wconf 83' lang='lat' dir='ltr'><strong>_et</strong></span> 
     </span>
    </p>
   </div>
   <div class='ocr_carea' id='block_1_114' title="bbox 2009 5569 3733 5643">
    <p class='ocr_par' dir='ltr' id='par_1_114' title="bbox 2009 5569 3733 5643">
     <span class='ocr_line' id='line_1_115' title="bbox 2009 5569 3733 5643; baseline 0.001 -17"><span class='ocrx_word' id='word_1_715' title='bbox 2009 5569 2259 5643; x_wconf 68' lang='lat' dir='ltr'><strong>“_}I’erba</strong></span> <span class='ocrx_word' id='word_1_716' title='bbox 2287 5588 2301 5626; x_wconf 89' lang='lat'><strong>:</strong></span> <span class='ocrx_word' id='word_1_717' title='bbox 2329 5574 2547 5643; x_wconf 69' lang='grc' dir='ltr'>ειδότες,</span> <span class='ocrx_word' id='word_1_718' title='bbox 2596 5573 2673 5637; x_wconf 85' lang='grc' dir='ltr'><strong>ὡς</strong></span> <span class='ocrx_word' id='word_1_719' title='bbox 2724 5573 2840 5635; x_wconf 87' lang='grc' dir='ltr'>καί,</span> <span class='ocrx_word' id='word_1_720' title='bbox 2882 5590 3006 5643; x_wconf 65' lang='lat' dir='ltr'><strong>quae</strong></span> <span class='ocrx_word' id='word_1_721' title='bbox 3034 5569 3418 5630; x_wconf 80' lang='lat' dir='ltr'><strong>desiderantur</strong></span> <span class='ocrx_word' id='word_1_722' title='bbox 3466 5577 3521 5631; x_wconf 89' lang='lat' dir='ltr'><strong>in</strong></span> <span class='ocrx_word' id='word_1_723' title='bbox 3579 5573 3733 5630; x_wconf 83' lang='lat' dir='ltr'><strong>codi-</strong></span> 
     </span>
    </p>
   </div>
   <div class='ocr_carea' id='block_1_115' title="bbox 454 5635 3734 5716">
    <p class='ocr_par' dir='ltr' id='par_1_115' title="bbox 454 5635 3734 5716">
     <span class='ocr_line' id='line_1_116' title="bbox 454 5635 3734 5716; baseline 0.002 -26"><span class='ocrx_word' id='word_1_724' title='bbox 454 5635 612 5691; x_wconf 81' lang='lat' dir='ltr'><strong>cibus</strong></span> <span class='ocrx_word' id='word_1_725' title='bbox 641 5635 810 5716; x_wconf 81' lang='lat' dir='ltr'><strong>Basil.</strong></span> <span class='ocrx_word' id='word_1_726' title='bbox 848 5636 945 5693; x_wconf 89' lang='lat' dir='ltr'><strong>Gr.</strong></span> <span class='ocrx_word' id='word_1_727' title='bbox 981 5635 1241 5716; x_wconf 36' lang='lat' dir='ltr'><strong>etttfiavil.</strong></span> <span class='ocrx_word' id='word_1_728' title='bbox 1273 5638 1537 5716; x_wconf 71' lang='lat' dir='ltr'><strong>expuuxit</strong></span> <span class='ocrx_word' id='word_1_729' title='bbox 1558 5635 1832 5716; x_wconf 59' lang='lat' dir='ltr'><strong>Valesius.</strong></span> <span class='ocrx_word' id='word_1_730' title='bbox 1863 5639 2403 5716; x_wconf 56' lang='lat' dir='ltr'><strong>Etiamppiphanius</strong></span> <span class='ocrx_word' id='word_1_731' title='bbox 2418 5635 2867 5716; x_wconf 12' lang='lat' dir='ltr'><strong>_Hist.‘trip.ilY.</strong></span> <span class='ocrx_word' id='word_1_732' title='bbox 2895 5635 2929 5701; x_wconf 77' lang='grc' dir='ltr'><strong>ϐ</strong></span> <span class='ocrx_word' id='word_1_733' title='bbox 2951 5647 3025 5716; x_wconf 87' lang='lat' dir='ltr'><strong>nil</strong></span> <span class='ocrx_word' id='word_1_734' title='bbox 3054 5645 3229 5716; x_wconf 63' lang='lat' dir='ltr'><strong>habet</strong></span> <span class='ocrx_word' id='word_1_735' title='bbox 3247 5647 3352 5701; x_wconf 90' lang='lat' dir='ltr'><strong>nisi</strong></span> <span class='ocrx_word' id='word_1_736' title='bbox 3380 5663 3392 5716; x_wconf 72' lang='grc' dir='ltr'>ς</span> <span class='ocrx_word' id='word_1_737' title='bbox 3431 5646 3734 5700; x_wconf 77' lang='lat' dir='ltr'><strong>calumnia-</strong></span> 
     </span>
    </p>
   </div>
   <div class='ocr_carea' id='block_1_116' title="bbox 455 5707 2645 5783">
    <p class='ocr_par' dir='ltr' id='par_1_116' title="bbox 455 5707 2645 5783">
     <span class='ocr_line' id='line_1_117' title="bbox 455 5707 2645 5783; baseline 0.005 -26"><span class='ocrx_word' id='word_1_738' title='bbox 455 5719 572 5783; x_wconf 60' lang='lat' dir='ltr'><strong>rum</strong></span> <span class='ocrx_word' id='word_1_739' title='bbox 604 5708 996 5783; x_wconf 44' lang='lat' dir='ltr'><strong>surciuutqres.</strong></span> <span class='ocrx_word' id='word_1_740' title='bbox 1057 5709 1162 5783; x_wconf 77' lang='lat'><strong>&quot;_6</strong></span> <span class='ocrx_word' id='word_1_741' title='bbox 1228 5707 1641 5783; x_wconf 61' lang='grc' dir='ltr'><strong>ειιςρειι·ϐι5τα’τρς.Δ</strong></span> <span class='ocrx_word' id='word_1_742' title='bbox 1671 5707 1836 5783; x_wconf 81' lang='lat' dir='ltr'><strong>Basil.</strong></span> <span class='ocrx_word' id='word_1_743' title='bbox 1884 5708 2005 5783; x_wconf 66' lang='lat' dir='ltr'><strong>Gn,</strong></span> <span class='ocrx_word' id='word_1_744' title='bbox 2047 5707 2237 5783; x_wconf 80' lang='lat' dir='ltr'><strong>Steph.</strong></span> <span class='ocrx_word' id='word_1_745' title='bbox 2299 5715 2350 5778; x_wconf 78' lang='grc'>1,</span> <span class='ocrx_word' id='word_1_746' title='bbox 2406 5712 2645 5769; x_wconf 87' lang='lat' dir='ltr'><strong>Casaub.</strong></span> 
     </span>
    </p>
   </div>
   <div class='ocr_carea' id='block_1_117' title="bbox 2745 5714 3725 5785">
    <p class='ocr_par' dir='ltr' id='par_1_117' title="bbox 2745 5714 3725 5785">
     <span class='ocr_line' id='line_1_118' title="bbox 2745 5714 3725 5785; baseline -0.001 -16"><span class='ocrx_word' id='word_1_747' title='bbox 2745 5715 2790 5746; x_wconf 72' lang='grc'><strong>⁸³⁸</strong></span> <span class='ocrx_word' id='word_1_748' title='bbox 2814 5715 3156 5785; x_wconf 81' lang='grc' dir='ltr'>ὠλοφύρατο.</span> <span class='ocrx_word' id='word_1_749' title='bbox 3201 5714 3327 5770; x_wconf 88' lang='lat' dir='ltr'><strong>Bas.</strong></span> <span class='ocrx_word' id='word_1_750' title='bbox 3366 5715 3485 5777; x_wconf 86' lang='lat' dir='ltr'><strong>Gr.,</strong></span> <span class='ocrx_word' id='word_1_751' title='bbox 3535 5716 3725 5784; x_wconf 84' lang='lat' dir='ltr'><strong>Steph.</strong></span> 
     </span>
    </p>
   </div>
   <div class='ocr_carea' id='block_1_118' title="bbox 456 5774 3731 5858">
    <p class='ocr_par' dir='ltr' id='par_1_118' title="bbox 456 5774 3731 5858">
     <span class='ocr_line' id='line_1_119' title="bbox 456 5774 3731 5858; baseline 0.003 -30"><span class='ocrx_word' id='word_1_752' title='bbox 456 5774 505 5858; x_wconf 58' lang='lat'>2</span> <span class='ocrx_word' id='word_1_753' title='bbox 527 5776 812 5858; x_wconf 56' lang='grc' dir='ltr'>συνήλισεᾷ</span> <span class='ocrx_word' id='word_1_754' title='bbox 853 5778 1021 5858; x_wconf 73' lang='lat' dir='ltr'><strong>Basil.</strong></span> <span class='ocrx_word' id='word_1_755' title='bbox 1085 5774 1517 5858; x_wconf 54' lang='lat' dir='ltr'><strong>Gr.,__probantc</strong></span> <span class='ocrx_word' id='word_1_756' title='bbox 1545 5776 1783 5835; x_wconf 80' lang='lat' dir='ltr'><strong>Valesio.</strong></span> <span class='ocrx_word' id='word_1_757' title='bbox 1865 5781 1911 5814; x_wconf 83' lang='lat'>&quot;</span> <span class='ocrx_word' id='word_1_758' title='bbox 1941 5774 2072 5853; x_wconf 74' lang='grc' dir='ltr'>παρ’</span> <span class='ocrx_word' id='word_1_759' title='bbox 2124 5774 2346 5854; x_wconf 62' lang='grc' dir='ltr'>ἐ’κείνῳ’</span> <span class='ocrx_word' id='word_1_760' title='bbox 2373 5783 2652 5855; x_wconf 84' lang='grc' dir='ltr'>γραφέντα</span> <span class='ocrx_word' id='word_1_761' title='bbox 2703 5785 2811 5841; x_wconf 85' lang='grc' dir='ltr'><strong>τῶν</strong></span> <span class='ocrx_word' id='word_1_762' title='bbox 2844 5774 3135 5857; x_wconf 77' lang='grc' dir='ltr'>συνεδρίων</span> <span class='ocrx_word' id='word_1_763' title='bbox 3179 5785 3364 5858; x_wconf 77' lang='grc' dir='ltr'>κοινῷ.</span> <span class='ocrx_word' id='word_1_764' title='bbox 3392 5774 3585 5857; x_wconf 80' lang='lat' dir='ltr'><strong>Steph.</strong></span> <span class='ocrx_word' id='word_1_765' title='bbox 3616 5774 3731 5840; x_wconf 55' lang='lat' dir='ltr'><strong>iet</strong></span> 
     </span>
    </p>
   </div>
   <div class='ocr_carea' id='block_1_119' title="bbox 455 5840 1428 5920">
    <p class='ocr_par' dir='ltr' id='par_1_119' title="bbox 455 5840 1428 5920">
     <span class='ocr_line' id='line_1_120' title="bbox 455 5840 1428 5920; baseline 0.003 -20"><span class='ocrx_word' id='word_1_766' title='bbox 455 5840 697 5903; x_wconf 81' lang='lat' dir='ltr'><strong>Casaub.</strong></span> <span class='ocrx_word' id='word_1_767' title='bbox 775 5850 816 5881; x_wconf 69' lang='grc' dir='ltr'>τί</span> <span class='ocrx_word' id='word_1_768' title='bbox 855 5850 1080 5920; x_wconf 84' lang='grc' dir='ltr'>πάτριον</span> <span class='ocrx_word' id='word_1_769' title='bbox 1112 5840 1276 5903; x_wconf 61' lang='grc' dir='ltr'><strong>Βιιέὶιζ</strong></span> <span class='ocrx_word' id='word_1_770' title='bbox 1331 5847 1428 5905; x_wconf 87' lang='lat' dir='ltr'><strong>Gr.</strong></span> 
     </span>
    </p>
   </div>
  </div>
