4098 6398
376 385 500 447 997
1415 380 2002 441 ECCLESIASTICA“.
2029 378 2411 440 HISTORIE
2441 381 2588 443 LIB.
2619 381 2676 440 Π
3548 394 3653 457 993

1008 490 1258 545 ΚΕΦΑΛ.
1293 492 1367 546 Δ’.
2004 497 2048 552 Λ
2416 496 2433 515 ⁸
2456 488 2610 547 CA‘P.

2004 497 2048 552 Α
2416 496 2433 515 ο
2456 488 2610 547 cur.
2644 466 2734 547 IV.
2775 492 2859 565 [ιι.
2897 493 2980 552 St.
3006 496 3104 550 (ιιι.
3139 494 3202 550 v.
3236 496 3313 569 5]

380 581 538 650 Περὶ
562 580 812 635 Παύλου
831 578 939 634 τοῦ
962 580 1283 650 γενομένου
1304 582 1641 638 ἐπισκόπου
1660 586 1972 637 Κώνσταν-

980 652 1401 718 τινουπόνιεως.

1966 614 1972 625 υ
2148 581 2227 636 De
2260 582 2432 638 Paulo
2467 583 3079 653 ConstantinOpolitanw
3125 589 3271 644 urbis
3322 590 3584 659 episcopo.

453 741 576 795 Καὶ
630 739 741 810 γὰρ
779 739 991 796 Παῦλον
1050 741 1696 813 (Κωνσταντινουπόλεως
1743 744 1800 797 δὲ
1852 745 1972 797 ὲπίο

2152 736 2365 793 Etenim
2437 738 2662 795 Paulum
2728 743 3048 815 episcopum
3091 742 3661 815 Constantinopolita-

383 849 601 895 σκοπος
631 827 697 903 ἦν
724 824 911 898 οὗτος,
960 831 1069 885 τῶν
1113 831 1288 902 ὀρθῶν
1319 832 1752 905 προκινδυνεύων
1775 834 1819 866 ⁷⁸
1854 833 1975 902 δογ-

2075 846 2230 894 num,
2259 839 2535 886 rectorum
2578 832 2898 902 dogmatum
2926 835 3278 891 defensorem
3334 838 3617 906 egregium
3640 876 3655 900 ,

384 920 647 994 μάτων),
705 922 756 973 οἱ
813 922 915 993 τῆς
974 923 1315 995 Ἀρειανικῆς
1385 924 1763 995 μετειληχότες
1818 925 1974 978 νόσου

2075 921 2267 975 Ariani
2302 930 2562 993 tanquam
2600 923 2847 980 conﬂata:
2897 928 3191 982 seditionis
3230 938 3515 983 auctorem
3549 928 3656 983 cri-

381 1015 742 1087 ὲγράψαντο,
792 1015 868 1078 ὡς
920 1016 1164 1080 στάσεως
1194 1018 1472 1088 ἀρχηγόν’
1518 1018 1615 1071 καὶ
1662 1018 1799 1071 ἄλλα
1850 1018 1972 1070 τινὰ

2077 1013 2270 1066 minati
2298 1025 2457 1077 sunt,
2491 1014 2614 1069 aliis
2653 1018 2819 1070 etiam
2854 1018 3185 1087 quibusdam
3223 1018 3486 1087 adjectis,
3518 1033 3656 1088 qua-

382 1107 748 1172 προσθέντες,
778 1106 813 1161 ἃ
842 1112 1198 1177 συκοφαντεῖν
1218 1109 1481 1164 εἰώθεσαν
1500 1110 1544 1142 ⁷³
1566 1110 1668 1179 τῆς
1693 1108 1975 1174 εὐσεὸείας

2078 1102 2148 1156 lia
2185 1105 2237 1157 in
2290 1106 2512 1174 pietatis
2542 1106 2709 1176 830
2741 1121 3026 1176 praecones
3083 1110 3402 1179 conﬁngere
3451 1112 3653 1165 solent.

380 1199 521 1261 τοὺς
558 1202 830 1267 κήρυκας.
867 1199 1031 1252 Ἀλλὰ
1062 1200 1252 1253 τοῦτον
1288 1201 1589 1270 τηνικαῦτα
1637 1203 1737 1255 οὐκ
1788 1203 1973 1255 εἴασεν

2076 1192 2180 1247 Sed
2214 1193 2361 1247 hunc
2404 1193 2692 1250 Sardicam
2736 1199 2789 1251 id
2836 1201 3101 1270 temporis
3139 1201 3336 1256 abduci
3382 1202 3652 1271 populus,

383 1293 414 1343 ό
445 1290 591 1353 λεὼς
644 1292 722 1352 εις
764 1291 865 1359 τὴν
926 1291 1194 1362 Σαρδικὴν
1228 1290 1573 1361 ἀπαχθῆναι,
1625 1290 1727 1354 τὰς
1751 1291 1858 1343 τῶν
1889 1292 1975 1343 ὲν-

2076 1285 2522 1340 adversariorum
2566 1297 2816 1344 metuens
2862 1291 3112 1357 insidias,
3147 1307 3343 1363 passus
3382 1308 3491 1346 non
3546 1300 3651 1346 est.

385 1382 593 1436 αντίων
640 1379 962 1451 ὀρρωδήσας
1011 1380 1325 1445 ἐπιϐουλάς.
1368 1380 1580 1452 Μικρὸν
1630 1380 1686 1434 δὲ
1723 1379 1970 1451 ὕστερον,

2076 1371 2430 1430 Postniodum
2491 1394 2654 1446 vero,
2713 1380 3052 1437 levissimum
3111 1384 3461 1453 imperatoris
3530 1384 3653 1438 ani-

387 1478 489 1546 τὴν
520 1474 867 1544 κουφοτάτην
896 1471 992 1525 τοῦ
1047 1472 1313 1543 βασιλέως
1353 1473 1797 1545 παραπείσαντες
1834 1472 1973 1541 γνώ-

2076 1478 2223 1517 muni
2255 1482 2320 1520 eo
2371 1468 2736 1538 impellentes,
2788 1473 2924 1527 urbe
2950 1474 3099 1544 regia
3129 1475 3439 1544 ejecerunt,
3468 1475 3651 1529 Cucu-

402 1584 534 1637 μηνν
573 1565 675 1633 τῆς
720 1564 818 1634 μὲν
871 1563 1262 1635 βασιλευούσης
1296 1564 1711 1635 ἐξωστράκισαν
1738 1565 1969 1633 πόλεως,

2076 1571 2308 1625 sumque
2340 1559 2675 1629 relegarunt.
2707 1560 2946 1617 Parvum
2987 1565 3041 1619 id
3067 1566 3331 1636 oppidum
3372 1576 3479 1630 est,
3509 1565 3655 1634 Cap-

410 1656 710 1725 μετῴκισαν
751 1653 807 1707 δὲ
836 1656 917 1717 είς
961 1656 1270 1708 Κουκουσόν
1295 1670 1310 1685 ·
1346 1655 1502 1719 πόλις
1528 1656 1584 1708 δὲ
1612 1656 1749 1725 αὕτη
1777 1654 1971 1726 μικρὰ,

2076 1647 2346 1716 padocum
2397 1653 2527 1706 olim
2581 1656 2790 1724 gentis,
2851 1672 3000 1712 nunc
3054 1659 3335 1713 Armeniae
3399 1660 3655 1718 secundae

398 1747 559 1800 πάλαι
602 1746 704 1816 μὲν
750 1748 829 1808 εἰς
866 1746 927 1798 τὸ
972 1745 1351 1799 Καππαδοκῶν
1388 1745 1540 1808 ἔθνος
1568 1745 1800 1799 τελοῦσα
1823 1787 1838 1811 ,
1876 1744 1971 1799 νῦν

2076 1738 2424 1818 attributum.
2462 1742 2531 1793 At
2565 1757 2758 1811 parum
2805 1743 2912 1799 fuit
2942 1748 3427 1815 perturbatoribus
3468 1764 3652 1803 rerum

388 1838 445 1890 δέ
495 1854 557 1905 γε
608 1839 676 1908 τῇ
728 1836 995 1907 Ἀρμενίᾳ
1062 1839 1129 1907 τῇ
1189 1836 1417 1908 δευτέρᾳ
1467 1835 2006 1932 συναριθμουμένηη

2036 1830 2345 1929 ὶουιιιίιιιιι,
2375 1832 2752 1907 admirabilem
2798 1835 3031 1891 Paulum
3085 1838 3306 1894 deserta
3356 1840 3654 1895 solitudine

388 1928 535 1982 Ἀλλ’
559 1929 662 1981 οὐκ
689 1928 971 1998 ἀπέχρησε
998 1931 1111 1991 τοῖς
1136 1928 1314 1982 πάντα
1346 1928 1582 1982 κυκῶσιν
1619 1931 1653 2000 ή
1678 1931 1732 1981 ὲν
1761 1927 1969 2000 ἐρημίᾳ
2002 1922 2006 1932 ⁴

2034 1922 2042 1931 ’
2072 1922 2311 1978 detineri
2345 1942 2359 1979 :
2392 1926 2485 1980 sed
2517 1927 2707 1983 missis
2738 1939 2986 1985 cruenta:
3006 1932 3307 1988 voluntatis
3338 1948 3452 1988 sua:
3474 1933 3652 1987 admi-

382 2022 481 2077 τοῦ
536 2022 843 2093 θαυμασίου
890 2021 1102 2075 Παύλου
1150 2022 1438 2093 διατριϐή·
1502 2022 1820 2092 πέμψαντες
1859 2020 1968 2093 γὰρ

2072 2014 2284 2079 nistris,
2334 2014 2573 2070 violenta
2628 2020 2784 2073 illum
2858 2031 3037 2076 morte
3099 2022 3426 2077 aﬂ'ecerunt.
3494 2021 3649 2088 Quod

381 2116 485 2185 τῆς
513 2115 800 2185 μιαιφόνου
817 2113 1043 2183 γνώμης
1064 2115 1189 2176 τοὺς
1211 2115 1541 2186 ὑπουργοὺς,
1571 2114 1731 2186 βιαίῳ
1755 2114 1969 2184 θανάτῳ

2070 2106 2247 2174 ipsum
2279 2120 2382 2160 nos
2408 2105 2568 2161 docet
2607 2109 2827 2164 divinus
2864 2111 3225 2176 Athanasius,
3279 2112 3336 2166 in
3395 2114 3654 2184 apologia

410 2208 505 2278 73]
539 2206 869 2277 παρέδοσαν.
906 2208 1017 2260 Καὶ
1052 2208 1212 2261 τοῦτο
1240 2210 1388 2279 ἡμᾶς
1411 2208 1460 2241 ⁷⁸
1490 2210 1517 2262 ὁ
1547 2208 1690 2271 θεῖος
1728 2204 1967 2271 ἐδίδαξεν

2071 2195 2139 2249 de
2163 2194 2288 2267 fuga
2319 2211 2419 2251 sua
2449 2198 2564 2253 haec
2595 2200 2739 2257 inter
2771 2203 2877 2256 alia
2923 2204 3175 2259 scribens
3210 2222 3224 2259 :
3256 2204 3655 2260 Constantino-

381 2297 733 2361 Ἀθανάσιος,
764 2298 820 2349 ὲν
848 2298 916 2366 τῇ
954 2297 1083 2368 περὶ
1112 2300 1209 2368 τῆς
1249 2297 1386 2361 ιδίας
1408 2297 1454 2329 ⁷⁵
1481 2297 1660 2366 φυγῆς
1699 2295 1968 2367 ἀπολογίᾳ

2072 2288 2373 2355 politanum
2407 2291 2730 2362 episcopum
2778 2293 3009 2349 Paulum
3044 2297 3345 2363 persecuti,
3395 2296 3654 2367 nactique

383 2388 485 2441 καὶ
541 2386 717 2440 ταῦτα
772 2385 1173 2455 προστεθεικώς
1202 2406 1216 2417 ·
1252 2386 1356 2439 Τὸν
1390 2386 1501 2456 γὰρ
1545 2387 1642 2454 τῆς
1670 2387 1963 2439 Κώνσταν-

2069 2378 2212 2448 apud
2276 2379 2578 2447 Cucusum,
2632 2395 2690 2438 ut
2739 2394 2961 2450 vocant,
3020 2385 3416 2457 Cappadociae,
3470 2388 3653 2457 palam

384 2480 753 2543 τινουπόλεως
797 2479 1008 2534 Παῦλον
1038 2480 1129 2533 τὸν
1177 2480 1477 2532 ἐπίσκοπον
1512 2478 1835 2542 διώξαντες,
1871 2477 1967 2531 καὶ

2068 2471 2523 2538 Strangillandum
2548 2485 2838 2539 curarunt,
2870 2478 3136 2532 carniﬁce
3166 2478 3233 2532 ad
3260 2494 3382 2533 eam
3415 2494 3530 2533 rem
3567 2479 3653 2533 usi

383 2575 663 2646 εὑρόντες,
711 2572 1009 2645 προφανῶς.
1052 2572 1423 2641 ἀποπνιγῆναι
1465 2572 1829 2641 πεποιήκασιν
1856 2608 1870 2632 ,
1908 2569 1965 2622 ὲν

2069 2559 2319 2630 Philippo
2342 2564 2620 2632 prmiecto,
2657 2568 2751 2635 qui
2799 2577 2853 2623 et
2885 2569 3112 2625 haeresis
3161 2570 3407 2640 ipsorum
3450 2570 3649 2625 vindex

384 2668 453 2737 τῇ
500 2662 770 2737 λεγομένῃ
822 2663 1120 2734 Κουκουσῷ
1161 2666 1262 2734 τῆς
1303 2662 1697 2725 Καππαδοκίας
1723 2703 1737 2725 ,
1771 2661 1966 2731 δήμιον

2068 2663 2132 2704 ac
2154 2651 2412 2707 defensor
2440 2663 2581 2718 erat,
2627 2664 2683 2709 et
2714 2657 2971 2712 minister
3019 2673 3407 2728 perversorum
3459 2660 3648 2732 consi-

385 2755 687 2827 ἐσχηκότες
726 2757 805 2818 εἰς
833 2754 994 2808 τοῦτο
1023 2755 1287 2807 Φίλιππον
1319 2754 1413 2807 τὸν
1467 2756 1757 2825 γενόμενον
1786 2754 1965 2826 ἔπαρ-

2068 2740 2286 2796 liorum.
2337 2742 2469 2798 Tam
2517 2756 2779 2801 cruentas
2833 2749 3001 2818 igitur
3050 2749 3228 2806 caedes
3292 2749 3487 2806 edebat
3530 2751 3650 2806 Arii

383 2867 521 2919 χον·
569 2843 637 2919 ἦν
670 2848 782 2917 γάρ
825 2848 921 2900 καὶ
964 2848 1062 2915 τῆς
1102 2848 1366 2919 αἱρέσεως
1411 2849 1589 2901 αὐτῶν
1631 2847 1963 2919 προστάτης,

2068 2831 2430 2902 blasphemia.
2455 2833 2591 2889 Nam
2626 2837 2800 2892 furori
2833 2840 3101 2895 adversus
3128 2840 3483 2912 Unigenitum
3516 2857 3648 2897 con-

384 2942 482 2994 κα¹ι
509 2939 621 2993 τῶν
651 2938 908 3009 πονηρῶν
940 2939 1324 3008 βουλευμάτων
1352 2938 1655 3010 ὑπηρέτης.
1696 2939 1966 3002 Τοιαύτας

2069 2931 2273 2990 grnnnt
2302 2933 2356 2977 et
2399 2924 2511 2990 illa,
2540 2940 2663 2993 qua:
2713 2936 2911 2982 contra
2956 2928 3080 2998 ejus
3111 2929 3345 2987 famulos
3379 2946 3524 2988 ausu
3552 2947 3652 2988 ne-

386 3030 706 3101 μιαιφονίας
756 3008 1039 3101 ήίἋρείου
1087 3008 1840 3100 βεϐλάστηκενῖβλασφημία.
1882 3029 1962 3099 Τῇ
2067 3008 2213 3064 [ario
2238 3018 2649 3080 Ρθτρεῑτθηῑυΐο

382 3124 497 3195 γὰρ
526 3123 667 3176 κατά
691 3120 785 3175 τοῦ
815 3121 1155 3189 Μονογενοῦς
1186 3121 1355 3193 λύττῃ
1391 3121 1679 3191 συμϐαίνει
1715 3121 1784 3174 τὰ
1814 3122 1958 3175 κατὰ

383 3215 497 3270 τῶν
520 3216 731 3268 ἐκείνου
772 3214 1119 3285 θεραπόντων
1154 3213 1502 3284 τολμήματα.
1992 3209 2035 3267 C

983 3327 1235 3383 ΚΕΦΑΛ.
1284 3327 1360 3379 E'.
2433 3297 2590 3355 δΑΡ·

2433 3297 2590 3355 CAP.
2624 3299 2690 3356 ν.
2724 3301 2811 3375 [Β.
2842 3303 2927 3360 St.
2965 3304 3068 3363 Ch.
3100 3305 3166 3362 v.
3194 3307 3273 3381 6.]

384 3443 527 3513 Περὶ
559 3440 955 3502 Μακεδονίου,
988 3439 1082 3561 καέ
1111 3436 1240 3561 έτῆς
1271 3438 1362 3491 ἐπ’
1402 3437 1588 3492 αὐτοῦ
1639 3437 1964 3506 συστάσης

1014 3525 1052 3561 α
1076 3527 1108 3561 ο
1145 3525 1318 3561 σεωε.

1883 3454 1964 3506 γης
2234 3409 2311 3465 De
2334 3410 2644 3469 Macedonio
2672 3423 2722 3469 et
2755 3417 2946 3471 ha’resi
2966 3418 3031 3472 ab
3073 3435 3133 3473 eo
3176 3420 3501 3477 introducta.

1014 3512 1318 3562 αἱρέσεως.

1014 3527 1318 3576 αιρεσεως.

457 3603 625 3657 Ἀλλὰ
664 3599 858 3655 τοῦτον
891 3600 1035 3653 οὓτω
1078 3597 1378 3668 θανάτῳπ,
1411 3597 1609 3669 μᾶλλον
1642 3596 1700 3650 δὲ
1740 3600 1806 3669 τῇ
1851 3596 1962 3651 τῶν

2133 3589 2432 3662 Postquam
2464 3608 2594 3649 vero
2623 3597 2771 3651 hunc
2798 3598 2871 3651 ita
2906 3599 3095 3664 morti,
3130 3601 3213 3655 vel
3242 3603 3510 3659 caelorum
3543 3620 3646 3677 po—

384 3694 631 3767 οὐρανῶν
659 3690 1129 3762 παραπέμψαντες
1161 3688 1407 3767 βασιλείᾳ
1426 3729 1441 3754 ,
1475 3689 1809 3743 Μακεδόνων
1840 3690 1961 3743 ἀντὶ

2061 3680 2180 3735 tius
2228 3696 2397 3753 regno
2447 3686 2922 3751 transmiserunt,
2984 3687 3363 3747 Macedonium
3416 3693 3472 3748 in
3523 3697 3645 3765 ejus

383 3786 577 3841 τούτου
613 3782 982 3855 προύϐάλοντο
1005 3822 1019 3845 ,
1050 3779 1406 3852 ὁμογνώμονα
1453 3779 1642 3833 τοῦτον
1661 3780 1706 3812 ⁷⁷
1739 3780 1962 3851 ὑπειλη-

2060 3775 2239 3831 locum
2272 3786 2658 3846 provexerunt,
2692 3794 2806 3834 suae
2844 3780 2998 3835 illum
3053 3783 3334 3851 opinionis
3365 3802 3487 3842 esse
3513 3789 3642 3852 rati.

384 3876 571 3945 φότες,
608 3871 800 3942 ἐπειδὴ
847 3870 1250 3941 παραπλησίως
1280 3870 1463 3932 αὐτοῖς
1514 3868 1857 3940 ἐϐλασφήμει
1897 3869 1958 3923 τὸ

2060 3877 2353 3937 propterea
2392 3869 2537 3939 quod
2588 3870 2645 3925 in
2681 3870 2953 3942 Spiritum
3003 3884 3256 3930 sanctum
3306 3880 3537 3949 perinde
3582 3890 3645 3937 ut

383 3965 653 4033 πανάγιον
683 3960 927 4032 Πνεῦμα.
969 3959 1129 4013 Ἀλλὰ
1160 3959 1355 4031 μικρὸν
1384 3957 1611 4030 ὕστερον
1644 3960 1737 4013 καὶ
1766 3958 1957 4014 τοῦτον

2059 3958 2165 4029 ipsi
2225 3958 2387 4029 831
2448 3960 2885 4030 blasphemabat.
2945 3963 3242 4022 Sed'non
3283 3972 3459 4025 multo
3517 3982 3644 4044 post

381 4056 677 4129 ἐξήλασαν,
719 4054 928 4125 κτίσμα
959 4053 1138 4121 λέγειν
1170 4052 1271 4107 οὐκ
1309 4051 1700 4123 ἀνασχόμενον,
1739 4052 1799 4107 ὃν
1828 4052 1957 4107 Υίδν

2063 4052 2209 4106 hunc
2239 4066 2459 4122 quoque
2490 4053 2671 4123 ipsum
2695 4062 3082 4125 extruserunt,
3128 4073 3256 4114 cum
3299 4061 3497 4117 adduci
3530 4079 3639 4119 non

382 4149 420 4219 ἡ
459 4146 583 4201 θεία
632 4143 1032 4216 προσαγορεύει
1080 4144 1293 4214 Γραφή.
1358 4137 1432 4198 Οὔ
1483 4143 1540 4196 δὲ
1586 4142 1747 4215 χάριν
1801 4136 1957 4209 οὗτος

2058 4150 2267 4212 posset,
2302 4150 2362 4197 ut
2390 4154 2705 4199 creaturam
2731 4161 2859 4201 eum
2890 4145 3123 4215 diceret,
3156 4165 3319 4220 quem
3355 4153 3643 4224 Scriptura

383 4238 612 4294 ἐκείνων
639 4236 981 4309 ἀποκριθεὶς.
1013 4235 1147 4297 ίδίας
1168 4235 1433 4305 αἱρέσεως
1458 4236 1772 4307 προστάτης
1800 4236 1957 4306 γεγέ.

2059 4233 2245 4288 divina
2301 4233 2501 4288 Filium
2550 4246 2916 4307 nuncuparet.
2980 4239 3155 4305 Quam
3208 4242 3281 4297 oh
3314 4257 3539 4300 causam
3572 4247 3643 4301 ab

383 4347 565 4402 νηται,
597 4328 887 4401 ὁμοούσιον
924 4328 1025 4398 μὲν
1058 4326 1181 4380 οὐδὲ
1207 4320 1362 4391 οὗτος
1401 4326 1480 4397 τῷ
1510 4328 1685 4400 Πατρὶ
1711 4328 1803 4382 τὸν
1828 4327 1956 4381 Υίὸν

2058 4326 2138 4380 eis
2168 4335 2508 4396 segregatus,
2534 4328 2772 4397 propriae
2798 4329 2904 4384 sibi
2939 4329 3172 4387 haeresis
3211 4332 3393 4388 factus
3419 4344 3510 4391 est
3543 4350 3644 4391 au—

380 4417 521 4474 εῐναι
545 4420 742 4488 λέγων,
767 4420 950 4490 ὅμοιον
979 4418 1036 4471 δὲ
1064 4412 1203 4470 εἶναι
1229 4416 1371 4470 κατά
1398 4418 1577 4472 πάντα
1603 4418 1680 4488 τῷ
1702 4435 1957 4490 γεγεννη-

2058 4422 2199 4480 ctor,
2253 4416 2788 4473 consubstantialem
2840 4419 3065 4491 quidem
3109 4420 3259 4476 Patri
3290 4432 3344 4479 et
3385 4426 3502 4494 ipse
3549 4443 3646 4483 ne.

378 4512 500 4565 κότι
545 4512 814 4565 διδάσκων
840 4527 854 4541 ο
915 4509 1133 4562 κτιστὺν
1180 4508 1237 4562 δὲ
1288 4508 1350 4561 τὸ
1394 4508 1622 4579 Πνεῦμα
1656 4509 1996 4596 προφανῶς]

2025 4520 2193 4585 ,ειυς
2213 4505 2436 4570 Filium,
2500 4508 2596 4563 sed
2643 4508 2879 4565 similem
2913 4526 3010 4581 per
3038 4515 3223 4569 omnia
3259 4514 3507 4571 Genitori
3548 4519 3643 4574 do-

379 4603 682 4677 ὀνομάζων.
715 4603 904 4658 Ταῦτα
951 4602 1047 4673 μὲν
1076 4596 1169 4654 οὖν
1196 4600 1258 4653 οὐ
1306 4597 1487 4670 πολλῷ
1515 4598 1694 4670 χρόνῳ
1724 4599 1953 4672 ὕστερον

2061 4609 2218 4659 cens,
2257 4605 2568 4652 creaturam
2597 4607 2781 4654 autem
2812 4599 3079 4672 Spiritum
3106 4613 3298 4673 aperte
3322 4607 3639 4665 nominans.

378 4695 522 4750 οὕτω
547 4697 794 4767 γέγονεν,
825 4694 901 4757 ώς
932 4694 1258 4765 εἰρήκαμεν.

2060 4690 2185 4744 Haec
2214 4691 2403 4760 igitur,
2445 4691 2517 4745 ita
2552 4700 2612 4746 ut
2652 4693 2916 4761 diximus,
2949 4711 3060 4752 non
3109 4698 3273 4771 longo
3326 4710 3451 4770 post
3498 4710 3638 4758 tem-

2057 4795 2192 4851 pore
2229 4790 2381 4851 gesta
2416 4789 2563 4836 sunt.
2770 4840 2773 4843 _

974 4883 1224 4936 κεψΑΑ.
1256 4884 1349 4950 ς’.
2410 4891 2564 4950 CAP.
2591 4895 2592 4900 ‘

2410 4891 2564 4950 CAP.
2591 4892 2681 4948 v1.
2713 4894 2796 4969 [Β.
2836 4895 2917 4953 ει.
2953 4897 3056 4954 cn.
3104 4899 3168 4959 v.
3209 4899 3295 4974 7.]

460 4999 601 5070 Περὶ
637 5000 747 5068 τῆς
784 5000 856 5054 ἐν
894 4997 1152 5067 Σαρδικῇ
1181 4995 1509 5067 γενομένης
1559 4997 1847 5053 συνόδου.

1563 4997 1847 5053 συνόδου.
2522 5007 2601 5063 De
2624 5012 2825 5081 synodo
2857 5011 3181 5072 Sardicensi.

442 5094 537 5156 Εἰς
560 5093 617 5146 δὲ
645 5092 742 5165 τὴν
769 5091 1039 5163 Σαρδικὴν
1065 5091 1401 5161 πεντήκοντα
1443 5089 1542 5159 μὲν
1565 5091 1658 5143 καὶ
1684 5090 1946 5145 διακόσιοι

2120 5095 2278 5167 Apud
2321 5095 2606 5154 Sardicam
2640 5116 2771 5157 vero
2804 5103 3071 5173 episcopi,
3105 5114 3164 5159 ut
3218 5107 3463 5178 antiquis
3510 5125 3633 5167 mo-

371 5182 634 5253 συνῆλθον
664 5182 932 5252 ἀρχιερεῖς
954 5220 968 5241 ,
994 5179 1070 5242 ώς
1122 5178 1360 5233 διδάσκει
1406 5178 1477 5232 τὰ
1524 5178 1727 5233 παλαιὰ
1753 5179 1947 5250 διηγή-

2050 5188 2311 5244 nimentis
2365 5188 2640 5259 proditum
2699 5200 2805 5258 est,
2867 5194 3086 5250 ducenti
3138 5206 3192 5253 et
3235 5198 3632 5272 quinquaginta

372 5291 541 5347 ματα.
597 5274 849 5343 Ἀφὶκετο
897 5270 954 5323 δὲ
1005 5271 1179 5361 καὶῌό
1236 5272 1408 5340 μέγας
1462 5269 1817 5333 Ἀθανάσιος,
1852 5270 1947 5325 καὶ

2051 5288 2449 5335 convenerunt.
2497 5278 2700 5336 Eodem
2743 5283 2889 5339 venit
2916 5291 2971 5340 et
3005 5301 3240 5359 magnus
3271 5269 3630 5361 Athanasius,

382 5365 695 5438 ’Δσκληπᾶς
724 5367 752 5418 ὁ
784 5364 1048 5431 Γαζαῖος,
1080 5353 1143 5415 οὗ
1194 5361 1292 5416 καὶ
1351 5361 1586 5434 πρόσθεν
1642 5362 1940 5436 ἐμνήσθην,

2050 5375 2105 5424 et
2133 5370 2398 5443 Asclepas
2439 5369 2687 5442 Gazaeus,
2718 5374 2883 5445 cujus
2912 5385 3071 5433 antea
3100 5353 3368 5453 vmemini,
3391 5392 3446 5438 et
3482 5353 3628 5440 Mar:

1673 5543 1908 5601 VARUS
1947 5547 2346 5606 LECTIONES.

392 5654 395 5657 .
436 5640 1027 5722 7a_ztpoxt\56uyadpv1a_._
1055 5637 1222 5722 _Basil.
1262 5636 1439 5722 (llaec;
1476 5708 1500 5722 Α
1542 5639 1587 5672 ⁷³
1613 5640 2061 5722 εξεῦθᾳρι.ΛΒιιεᾸΙ.
2105 5642 2200 5722 (_;r.
2242 5644 2612 5722 σιξ-διειριιιιιιᾖ
2692 5651 2899 5722 ﬂaua;
2938 5656 3133 5714 vitiose
3193 5657 3316 5715 Bas,
3361 5658 3533 5716 (ἔνθα
3568 5666 3624 5715 ει

367 5708 615 5799 διρρὶιξδ
662 5712 961 5799 "longius.
993 5709 1213 5799 Itidem;
1305 5710 1350 5741 "
1371 5708 1449 5781 τῷ
1474 5708 1593 5765 θαν.
1645 5709 1811 5770 Basil.
1847 5710 1943 5767 Gr.
1986 5713 2176 5784 Steph.
2276 5716 2320 5749 ⁷⁷
2354 5708 2557 5774 τούτων
2583 5720 2750 5779 Basil.
2784 5708 2899 5781 δι’(
2920 5708 3131 5799 Steph:

367 5777 547 5839 αὐτῶν
582 5782 771 5852 Steph.
805 5782 841 5836 2
896 5788 951 5837 ct
1001 5777 1238 5837 Casaub.
