4098 6410
406 424 510 486 999

1388 419 1878 480 THEODORETI
1926 418 2266 481 El’ISCOPI
2314 420 2682 482 CYRENSIS

3560 419 3703 486 1000

407 536 600 600 vellus,
630 534 863 607 Ancyrae
905 530 1229 602 metropolis
1273 529 1521 595 Galatiae,
1547 530 1662 600 jam
1690 539 1805 585 tum
1834 531 1993 585 etiam

2103 535 2196 587 καὶ
2233 535 2553 606 Μάρκελλος
2583 535 2612 587 ό
2646 531 2919 603 ’Δγκύρας
2935 533 2978 565 ⁷³
3015 532 3114 606 τῆς
3140 534 3396 590 Γαλατῶν
3429 541 3708 609 μητροπόε

409 643 531 682 cum
581 641 783 697 magna
816 624 1063 697 synodus
1092 621 1280 677 habita
1330 628 1439 688 est,
1482 622 1796 692 episcopus.
1830 620 2003 678 Vene-

407 729 534 774 runt
570 726 627 772 et
654 721 850 772 horum
878 722 1257 776 accusatores,
1290 711 1621 782 Arianaeque
1653 722 1816 768 secta:
1851 714 2002 785 prin-

407 812 578 879 cipes,
614 809 707 877 qui
739 809 806 862 de
844 804 1149 860 Athanasio
1192 803 1400 873 pridem
1433 803 1707 870 judicium
1736 820 2003 860 exercue-

406 910 548 955 rant.
620 880 824 955 Verum
890 899 966 961 hi,
1036 913 1162 951 cum
1240 896 1437 968 synodi
1509 897 1900 962 constantiam,
1951 903 2005 952 et

407 994 783 1060 incorruptam
821 993 1135 1048 divinorum
1178 993 1492 1064 dogmatutn
1540 990 1834 1045 sanitatem
1875 1003 2001 1059 per-

405 1091 651 1152 spectam
689 1084 974 1148 haberent,
1020 1101 1088 1140 ne
1132 1085 1312 1140 vocati
1340 1083 1559 1154 quidem
1592 1083 1647 1135 in
1678 1095 2002 1137 consessum

407 1173 616 1243 ingredi
655 1176 974 1249 voluerunt,
1012 1177 1105 1233 sed
1156 1176 1283 1248 fuga
1317 1192 1377 1231 se
1406 1191 1533 1230 cum
1568 1174 1774 1244 iniquis
1803 1173 2005 1244 judici-

406 1266 509 1320 bus
545 1276 906 1323 accusatores
939 1267 1344 1323 subduxerunt.
1379 1266 1539 1333 Quod
1572 1264 1797 1335 quidem
1832 1264 2005 1319 multo

405 1358 605 1412 melius
641 1358 837 1427 synodi
870 1359 1047 1429 ipsius
1084 1359 1280 1413 littera:
1299 1359 1527 1422 docent,
1557 1370 1794 1426 quarum
1820 1371 2005 1411 exem-

405 1451 554 1520 plum
586 1451 875 1505 evidentia:
907 1451 1082 1521 gratia
1116 1451 1207 1505 hic
1236 1460 1497 1505 attexam.

404 1563 570 1635 832
595 1562 681 1635 [Β.
708 1563 771 1617 ν.
806 1563 886 1635 8.]
917 1563 1185 1634 Synodica
1212 1569 1280 1635 ob
1312 1563 1569 1635 episcopis
1596 1561 1837 1635 quit/lic
1880 1578 2004 1616 con-

585 1633 833 1688 uenerunt
854 1633 923 1687 ᾱιί
948 1636 1107 1689 totius
1138 1634 1278 1689 orbis
1307 1634 1576 1703 episcopos
1602 1633 1822 1698 scripta.

482 1788 686 1844 Sancta
709 1788 1096 1867 synodus‘per
1157 1787 1263 1869 Dei]
1316 1786 1548 1858 gratiam
1596 1784 1834 1841 Sardica:
1874 1801 2006 1840 eon-

410 1889 654 1952 gregata,
706 1882 775 1936 ab
817 1864 979 1937 urbe
1010 1880 1203 1945 Roma,
1236 1864 1523 1951 liispania,
1577 1878 1776 1946 Gallia,
1824 1879 2001 1944 Italia,

408 1960 727 2044 Campania,
776 1974 1052 2041 Calabria,
1092 1974 1301 2037 Africa,
1352 1972 1629 2039 Sardinia,
1685 1971 1995 2039 Pannonia,

404 2066 619 2131 Moesia,
660 2067 843 2132 Dacia,
902 2066 1197 2132 Dardania,
1228 2068 1394 2121 Dacia
1430 2068 1624 2132 altera,
1656 2064 1996 2130 Macedonia,

405 2158 709 2223 Thessalia,
740 2158 970 2220 Achaia,
1000 2156 1203 2226 Epiris,
1238 2156 1499 2221 Thracia,
1530 2154 1816 2224 Rhodope,
1844 2154 1994 2220 Asia,

401 2248 590 2315 Caria,
614 2247 891 2318 Bithynia,
915 2246 1294 2316 Hellesponto,
1321 2244 1580 2316 Phrygia,
1609 2243 1837 2309 Pisidia,
1857 2245 1999 2314 Cap—

404 2340 655 2410 padocia,
690 2334 884 2399 Ponto.
914 2337 1149 2409 Phrygia
1184 2324 1375 2404 altera,
1405 2337 1621 2401 Cilicia,
1650 2335 1994 2408 Pamphylia,

403 2432 594 2502 Lydia,
636 2416 835 2487 insulis
883 2431 1236 2502 Cycladibus,
1273 2428 1533 2501 Egypto,
1570 2427 1870 2497 Thebaide,
1904 2428 1998 2483 Li-

408 2522 536 2593 bya,
570 2520 807 2584 Galatia,
878 2519 1192 2584 Palaestina,
1223 2519 1444 2584 Arabia,
1493 2519 1753 2574 omnibus
1793 2519 1999 2591 ubique

402 2614 698 2683 episcopis,
749 2621 804 2667 et
851 2612 1254 2668 comministris
1303 2612 1631 2667 catholicae'
1665 2619 1721 2667 et
1774 2623 1998 2682 aposto-

403 2705 526 2760 licae
586 2705 873 2773 Ecclesiae,
930 2703 1147 2760 dilectis
1200 2703 1467 2760 fratribus
1519 2703 1576 2757 in
1626 2700 1856 2758 Domino
1914 2717 1998 2759 sa-

406 2799 613 2873 lutem.
684 2866 691 2871 θ

478 2999 582 3073 [δι.
614 2999 714 3056 Ch.
744 2998 824 3072 8.]
853 2997 1019 3053 Multa
1049 2997 1271 3070 quidem
1302 3004 1357 3052 et
1391 2995 1707 3068 frequenter
1724 2998 1841 3054 ausi
1867 3007 1995 3055 sunt

403 3094 596 3149 Ariani
650 3093 890 3148 haeretici
947 3092 1216 3147 adversus
1262 3105 1452 3147 servos
1503 3090 1620 3156 Dei,
1662 3092 1756 3161 qui
1786 3098 1992 3148 rectam

404 3186 565 3242 fidem
612 3185 954 3241 custodiunt.
997 3182 1321 3239 Adulterina
1369 3183 1515 3237 enim
1563 3183 1849 3253 supposita
1896 3183 1997 3238 do-

2105 624 2261 690 λεως.
2294 626 2352 690 ὃς
2386 627 2482 680 καὶ
2516 628 2610 681 ἐπὶ
2623 628 2665 660 ⁷⁸
2694 630 2795 697 τῆς
2839 627 3082 698 μεγάλης
3135 628 3354 682 συνόδου
3402 630 3708 698 ἐπίσκοπος

2102 711 2195 787 ἦν.
2239 718 2523 786 Ἀφίκοντο
2554 718 2611 771 δὲ
2632 719 2726 773 καὶ
2760 719 2808 772 οἱ
2831 718 3035 772 τούτων
3065 719 3383 792 κατήγοροι,
3416 722 3511 776 καὶ
3533 723 3584 778 οἱ
3603 725 3707 797 τῆς

2105 808 2388 879 αἱρετικῆς
2404 809 2451 841 ⁸⁰
2482 809 2944 880 προστατεύοντες
2978 811 3278 881 φάλαγγος,
3302 814 3352 866 oi
3397 814 3566 869 πάλαι
3596 817 3707 873 τῶν

2107 901 2235 971 περὶ
2267 903 2357 953 τὸν
2412 901 2729 956 Ἀθανάσιον
2770 903 3054 975 γενόμενοι
3098 904 3372 961 δικασταί.
3415 906 3576 962 Ἀλλὰ
3604 909 3706 980 τῆς
3740 923 3745 928 ’

2106 992 2327 1047 συνόδου
2380 996 2762 1066 μεμαθηκότες
2800 997 2864 1050 τὸ
2896 997 3115 1061 άκλινές
3139 1038 3154 1065 ,
3186 999 3284 1073 καὶ
3488 1002 3547 1055 ἐν
3587 1006 3702 1067 τοῖς

2106 1083 2271 1150 θείοις
2300 1085 2622 1157 δόγμασιν⁸¹
2655 1089 2846 1158 ὑγείαν
2867 1130 2882 1154 ,
2918 1089 3043 1143 οὐδὲ
3096 1088 3389 1162 κληθέντες
3451 1092 3706 1165 είσῆλθον

2106 1176 2186 1238 είς
2245 1175 2308 1228 τὸ
2344 1176 2662 1248 συνέδριον,
2721 1176 2837 1231 ἀλλ’
2893 1177 3211 1248 ἀπέδρασαν
3272 1178 3369 1232 σὺν
3427 1180 3539 1242 τοῖς
3586 1178 3703 1251 174]

2108 1266 2313 1331 ἀδίκοις
2339 1268 2619 1333 δικασταῖς
2649 1271 2745 1324 καὶ
2773 1272 2824 1323 οἱ
2856 1272 3174 1341 κατήγοροι.
3207 1270 3315 1323 Καὶ
3356 1269 3513 1324 τοῦτο
3541 1270 3704 1341 ἄμει-

2106 1376 2195 1414 νον
2239 1359 2481 1413 διδάσκει
2521 1361 2617 1430 τῆς
2666 1362 2885 1415 συνόδου
2925 1362 2994 1415 τὰ
3041 1362 3442 1434 γράμματα,ἃ
3494 1364 3699 1434 σαφοῦς

2107 1452 2269 1505 ἕνεκα
2293 1453 2643 1518 διδασκαλίας
2672 1455 2885 1524 ἐνθήσω
2914 1457 2981 1526 τῇ
3014 1457 3332 1525 συγγραφῇ.

2105 1563 2442 1619 Συνοδικόν
2482 1565 2602 1621 ὑπὸ
2645 1566 2766 1619 τῶν
2792 1566 2998 1621 αὐτόθι
3037 1567 3547 1634 συνεληλυθότων
3575 1569 3701 1623 ἐπι-

2176 1635 2426 1708 σκόπων
2449 1636 2599 1704 πρὸς
2637 1637 2780 1708 τοὺς
2832 1639 2981 1690 κατὰ
3022 1636 3138 1705 τὴν
3178 1637 3541 1708 οἰκουμένην
3566 1639 3699 1692 ἐπι-

2178 1705 2455 1786 σκόπους
2481 1706 2741 1787 γραφέν.

2185 1796 2250 1850 Ἦ
2280 1797 2412 1867 ἁγία
2441 1797 2657 1862 σύνοδος
2687 1801 2721 1870 ἡ
2762 1797 2906 1852 κατὰ
2962 1796 3097 1852 Θεοῦ
3149 1798 3310 1870 χάριν
3356 1800 3413 1854 ἐν
3456 1800 3697 1872 Σαρδικῇ

2109 1889 2439 1960 συναχθεῖσα
2461 1931 2475 1955 ,
2502 1890 2610 1944 ἀπό
2650 1908 2709 1943 τε
2751 1889 3046 1963 Ῥώμηςίη,
3093 1891 3186 1944 καὶ
3235 1880 3474 1955 Σπανίας
3504 1891 3571 1958 ⁸³,
3604 1893 3698 1945 καὶ

2101 1980 2354 2045 Γαλλίας,
2416 1980 2668 2046 Ἰταλίας,
2719 1982 3073 2053 Καμπανίας,
3114 1982 3455 2054 Καλαϐρίας,
3512 1982 3699 2054 Ἀφρι-

2103 2074 2203 2146 κῆς
2231 2112 2247 2138 ,
2289 2074 2588 2144 Σαρδανίας
2628 2073 2677 2107 ⁸⁸
2709 2116 2723 2141 ,
2789 2074 3086 2139 Παννονίας
3128 2115 3143 2141 ,
3176 2075 3390 2139 Μυσίας
3412 2116 3426 2141 ,
3461 2074 3692 2140 Δακίας,

2099 2150 2421 2237 Δαρδανίας,
2463 2166 2630 2238 ἄλλης
2681 2168 2886 2231 Δακίας
2909 2209 2924 2230 ,
2958 2166 3300 2229 Μακεδονίας
3323 2207 3338 2231 ,
3367 2166 3693 2231 Θεσσαλίας,

2112 2259 2371 2330 Ἀχαΐας,
2445 2261 2718 2332 Ἠπείρων
2747 2300 2761 2325 ,
2807 2261 3070 2332 Θρᾴκης,
3130 2260 3414 2331 Ῥοδόπης,
3488 2259 3691 2326 Ἀσίας,

2099 2350 2315 2424 Καρίας
2342 2396 2356 2418 ,
2411 2351 2663 2418 Βιθυνίας
2693 2394 2709 2419 ,
2747 2353 3141 2422 Ἑλλησπόντου
3163 2394 3177 2418 ,
3202 2338 3453 2424 ¹Φρυγίας
3472 2392 3487 2417 ,
3537 2353 3695 2406 Πισι-

2098 2443 2247 2509 δίας,
2301 2444 2720 2511 Καππαδοκίας,
2775 2445 3020 2508 Πόντου,
3063 2444 3303 2516 Φρυγίας
3349 2444 3534 2514 ἄλλης,
3588 2445 3693 2497 Κι-

2097 2531 2275 2598 λικίας
2297 2575 2313 2601 ,
2349 2535 2693 2608 Παμφυλίας,
2749 2536 2967 2604 Λυδίας,
3008 2538 3187 2609 νήσων
3232 2536 3528 2590 Κυκλάδων
3551 2579 3566 2603 ,
3596 2537 3694 2591 Ai-

2096 2624 2303 2695 γύπτου
2329 2668 2344 2692 ,
2376 2627 2661 2700 Θηϐαΐδος,
2706 2628 2933 2701 Λιϐύης,
2973 2628 3241 2692 Γαλατίας
3260 2668 3275 2695 ,
3304 2629 3689 2700 Παλαιστίνης,

2111 2718 2404 2789 Ἀραϐίας,
2446 2715 2573 2783 τοῖς
2612 2720 2890 2792 πανταχοῦ
2941 2723 3296 2787 ἐπισκόποις,
3328 2721 3422 2773 καὶ
3478 2719 3683 2774 συλλει-

2096 2815 2345 2883 τουργοῖς
2374 2808 2474 2884 τῆς
2504 2802 2799 2891 καθολικῆς
2831 2816 2923 2869 καὶ
2952 2814 3316 2887 ἀποστολικῆς
3360 2813 3691 2886 Ἐκκλησίας

2098 2904 2405 2977 ἀγαπητοῖς
2427 2905 2678 2977 ἀδελφοῖς
2707 2909 2767 2961 ἐν
2808 2909 2998 2981 Κυρίῳ
3027 2907 3261 2979 χαίρειν.
3462 2906 3465 2913 ’

2166 2997 2345 3051 Πολλά
2376 2998 2477 3071 μὲν
2510 2999 2605 3054 καὶ¹
2651 2999 2914 3064 πολλάκις
2960 3000 3271 3072 ἐτόλμησαν
3315 3001 3365 3054 oi
3402 3001 3689 3073 ’Δρειομα-

2097 3090 2239 3143 νῖται
2261 3090 2307 3123 ⁸⁸
2338 3089 2481 3145 κατὰ
2507 3089 2618 3146 τῶν
2661 3091 2863 3146 δούλων
2892 3090 2986 3146 τοῦ
3013 3091 3149 3145 Θεοῦ
3169 3133 3184 3157 ,
3209 3090 3318 3145 τῶν
3356 3091 3456 3164 τὴν
3500 3091 3684 3146 πίστιν

2096 3182 2477 3252 φυλαττόντων
2521 3184 2621 3255 τὴν
2668 3184 2857 3257 ὀρθήν.
2888 3184 3063 3238 Νόθον
3099 3183 3207 3256 γὰρ
3251 3184 3613 3247 ὑποϐαλόντες
3639 3184 3686 3220 ⁸⁸

402 3280 606 3344 ctrina,
649 3278 988 3333 orthodoxos
1018 3275 1295 3347 expellere
1345 3281 1649 3330 tentarunt.
1680 3275 1736 3330 In
1783 3282 1993 3331 tantum

2098 3275 2474 3342 διδασκαλίαν,
2503 3277 2630 3342 τοὺς
2658 3276 2973 3351 όρθοδόξους
3001 3277 3248 3332 ἐλαύνειν
3287 3276 3684 3349 ἐπειράθησαν.

403 3379 587 3427 autem
612 3375 1047 3426 exsurrexerunt
1090 3375 1285 3422 contra
1327 3364 1511 3432 ﬁdem,
1552 3373 1613 3420 ut
1644 3367 1996 3439 religiosissi-

404 3478 623 3519 morum
654 3464 1050 3531 imperatorum
1088 3474 1254 3516 aures
1294 3446 1407 3513 non
1438 3448 1651 3514 lateret.
1680 3459 1868 3530 itaque
1897 3458 1994 3515 Dei

401 3556 702 3625 adjuvante
735 3553 931 3624 gratia,
969 3551 1132 3607 iidem
1183 3551 1544 3621 imperatores
1587 3550 1992 3629 religiosissimi

401 3663 469 3702 ex
494 3646 732 3702 diversis
757 3661 858 3701 nos
887 3628 1193 3716 provinciis
1231 3652 1287 3700 et
1332 3643 1654 3700 civitatibus
1684 3628 1989 3715 congrega-

401 3745 554 3804 runt,
585 3748 638 3793 et
665 3747 910 3793 sanctam
951 3736 1117 3807 833
1170 3737 1312 3791 hanc
1368 3735 1641 3807 synodum
1690 3734 1747 3789 in
1798 3736 1991 3791 Sardi-

399 3830 650 3885 censium
712 3828 850 3885 urbe
899 3827 1167 3884 celebrari
1241 3827 1633 3899 permiserunt,
1689 3834 1751 3882 ut
1808 3827 1990 3884 omnis

399 3902 680 3975 dissénsio
728 3926 1064 3988 amputetur,
1123 3904 1400 3988 pravaque
1452 3914 1708 3970 doctrina
1764 3916 1989 3987 penitus

397 4012 595 4081 ejecta,
620 4011 795 4084 pietas
828 4012 882 4065 in
907 4010 1192 4065 Christum
1222 4009 1339 4066 sola
1361 4008 1511 4080 apud
1543 4024 1736 4066 omnes
1757 4024 1987 4084 consere

397 4080 577 4158 retur.
608 4080 892 4157 Venerunt
930 4101 1081 4156 enim
1113 4086 1363 4170 episcopi
1389 4098 1458 4154 ab
1483 4097 1729 4163 Oriente,
1758 4080 1990 4153 eorum;

398 4196 521 4250 dem
547 4193 1087 4265 religiosissimorum
1115 4192 1427 4262 principum
1458 4176 1719 4271 impulsu,
1739 4176 1986 4271 maxime

398 4288 472 4341 ob
522 4302 586 4340 ea
643 4301 765 4355 quae
798 4270 1456 4364 'frthten‘ter.‘jaetabattt
1490 4266 1559 4363 de
1607 4266 1985 4338 dilectissimis

399 4377 666 4431 fratribus
735 4384 791 4431 et
859 4360 1350 4432 consacerdotibus
1402 4360 1631 4441 nostris,
1681 4372 1984 4430 Athanasio

396 4469 660 4539 episcOpo
691 4469 1067 4547 Alexandriae,
1094 4474 1147 4522 et
1175 4465 1431 4521 Marcello
1464 4465 1725 4535 episcopo
1752 4464 1982 4536 Ancyrae

395 4562 642 4630 Galatiae,
674 4571 727 4619 et
772 4564 1008 4641 Asclepa
1036 4562 1213 4619 Gazae.
1250 4561 1387 4617 Nam
1417 4562 1486 4616 ad
1517 4576 1616 4617 vos
1653 4561 1819 4617 etiam
1863 4561 1978 4617 for-

2098 3363 2362 3418 Τοσοῦτον
2390 3366 2447 3419 δὲ
2496 3366 2683 3421 λοιπὸν
2713 3368 3196 3438 κατεπανέστησαν
3222 3367 3321 3438 τῆς
3350 3366 3395 3399 ⁸⁷
3424 3366 3684 3434 πίστεως,

2095 3455 2172 3519 ὡς
2227 3455 2363 3527 μηδὲ
2415 3458 2515 3530 τὴν
2568 3460 2739 3532 ἀκοὴν
2788 3461 2897 3516 τῶν
2937 3462 3368 3534 θεοφιλεστάτων
3419 3463 3685 3534 βασιλέων

2093 3546 2297 3600 λαθεῖν.
2326 3548 2629 3622 Τοιγαροῦν
2677 3553 2780 3624 τῆς
2828 3553 3056 3625 χάριτος
3093 3555 3187 3608 τοῦ
3224 3552 3358 3606 Θεοῦ
3399 3553 3686 3626 συνεργού-

2096 3655 2217 3711 σης,
2257 3643 2353 3696 καὶ¹
2391 3643 2548 3697 αὐτοὶ
2576 3643 2625 3697 οἱ
2653 3638 3059 3713 θεοφιλέστατοι
3090 3645 3331 3721 βασιλεῖς
3374 3647 3683 3718 συνήγαγον

2091 3731 2240 3802 ἡμᾶς
2270 3735 2334 3786 ἐκ
2378 3728 2655 3807 διαφόρων
2703 3736 2985 3808 ἐπαρχιῶν
3035 3739 3129 3792 καὶ
3180 3734 3408 3806 πόλεων,
3455 3737 3549 3792 καὶ
3581 3736 3681 3810 τὴν

2091 3822 2253 3890 ἁγίαν
2280 3823 2486 3895 ταύτην
2543 3823 2760 3879 σύνοδον
2792 3827 2884 3879 ἐπὶ
2925 3826 3025 3898 τὴν
3056 3827 3303 3901 Σάρδεων
3329 3829 3375 3862 ⁸⁸
3403 3828 3559 3883 πόλιν
3587 3844 3682 3898 γε-

2087 3914 2275 3970 νέσθαι
2298 3916 2596 3973 δεδώκασιν
2621 3934 2635 3948 ’
2663 3918 2749 3972 ἵνα
2770 3921 2920 3973 πᾶσα
2946 3919 3044 3990 μὲν
3069 3919 3305 3991 διχόνοια
3329 3920 3675 3993 περιαιρεθῇ,

2086 4008 2269 4078 πάσης
2295 4009 2353 4063 δὲ
2381 4009 2739 4075 κακοπιστίας
2768 4009 3132 4084 ἐξελαθείσης,
3163 4013 3196 4084 ἡ
3225 4013 3306 4077 εἰς
3330 4013 3422 4067 τὸν
3442 4012 3677 4083 Χριστὸν

2085 4099 2336 4175 εὐσέϐεια
2364 4102 2498 4173 μόνη
2544 4101 2696 4175 παρὰ
2742 4105 2875 4157 πᾶσι
2929 4103 3285 4175 φυλάττηται.
3320 4099 3526 4159 Ἦλθον
3564 4103 3676 4178 γάρ

2083 4191 2193 4245 ἀπὸ
2220 4178 2326 4262 τῆς
2379 4182 2554 4264 Ἐῴας
2586 4194 2905 4261 ἐπίσκοποι,
2952 4195 3359 4271 προτραπέντες
3401 4188 3495 4252 καὶ
3520 4196 3676 4250 αὐτοὶ

2085 4284 2236 4355 παρὰ
2264 4282 2373 4337 τῶν
2406 4272 2817 4341 εὐσεϐεστάτων
2850 4288 3137 4357 βασιλέων,
3160 4282 3608 4362 μάλισταδιόπερ
3626 4289 3673 4321 ⁸⁸

2083 4374 2378 4445 ἐθρύλλουν
2430 4376 2693 4441 πολλάκις
2746 4366 2873 4450 περὶ
2910 4379 3021 4431 τῶν
3067 4379 3371 4451 ἀγαπητῶν
3414 4380 3673 4451 ’ἀδελφῶν

2082 4468 2178 4522 καὶ
2205 4467 2631 4540 συλλειτουργῶν
2685 4455 2841 4553 ήμῶν
2858 4473 2924 4536 ⁹⁰,
2972 4472 3287 4528 Ἀθανασίου
3318 4466 3413 4526 τοῦ
3444 4474 3670 4527 ἐπισκό-

2054 4574 2059 4581 ·
2084 4577 2187 4639 που
2207 4561 2306 4632 τῆς
2331 4560 2867 4633 Ἀλεξανδρείας,καὶ
2889 4564 3211 4636 Μαρκέλλου
3242 4564 3336 4619 τοῦ
3365 4565 3668 4619 ἐπισκόπου

396 4667 546 4711 tasse
590 4634 807 4711 illorum
851 4656 1143 4735 calumniae
1200 4661 1602 4734 pervenerunt,
1634 4660 1688 4707 et
1744 4650 1979 4710 fortasse

2095 4634 2184 4723 τῆς
2248 4630 2746 4725 Ἄγκυρογαλατίας
2770 4656 2919 4735 ,καὶ
2988 4630 3271 4728 Ἆσκληπᾶ
3321 4655 3414 4711 τοῦ
3466 4655 3664 4726 Γάζης.

396 4760 559 4800 aures
592 4754 804 4800 vestras
855 4730 1202 4799 commorere
1233 4730 1541 4807 tentarunt,
1597 4748 1656 4796 ut
1711 4742 1977 4799 adversus

397 4839 718 4893 innocentes
750 4836 988 4892 credatis
1023 4853 1145 4907 quae
1167 4836 1378 4898 dicunt,
1409 4844 1463 4923 et
1485 4835 1768 4890 scelerata:
1797 4835 1975 4891 haere-

395 4929 474 4985 sis
507 4945 621 4986 suae
671 4929 1040 5000 suspicionem
1072 4922 1278 5002 tegant.
1315 4922 1439 4985 Sed
1470 4943 1579 4982 non
1625 4927 1835 4984 diutius
1857 4927 1975 4984 haec

2088 4745 2250 4809 Ἴσως
2284 4743 2393 4816 γὰρ
2439 4745 2534 4799 καὶ
2586 4746 2666 4811 είς
2702 4745 2850 4818 ὑμᾶς
2872 4747 2915 4779 ⁹¹
2949 4748 3147 4813 αὐτοὺς
3175 4748 3416 4820 ἔφθασαν
3460 4750 3518 4804 αἱ
3551 4748 3669 4803 δια⁴

2085 4836 2259 4904 ϐολαὶ,
2291 4837 2386 4892 καὶ
2425 4838 2555 4902 ἴσως
2601 4838 2696 4893 καὶ
2746 4840 2848 4906 τάς
2866 4840 2912 4873 ⁸³
2945 4840 3216 4913 ὑμετέρας
3252 4839 3424 4905 ἀκοάς
3452 4839 3667 4912 ἐπεχεί-

2086 4945 2258 5001 ρησαν
2306 4929 2754 5002 παρασαλεῦσαιο
2792 4934 2879 4988 ἵνα
2909 4932 3050 4987 κατὰ
3100 4931 3199 5003 μὲν
3253 4931 3363 4987 τῶν
3406 4930 3601 4988 ἀθὼων
3629 4929 3667 4986 δ.

1708 5086 1943 5144 ἾΑΒΙΙΕ
1975 5088 2384 5147 LECTIONES.

392 5391 476 5446 inre

465 5253 511 5285 ’³⁸
552 5228 709 5321 Ἀγκ.
734 5229 1130 5326 τῇςΓαλατίας
1160 5220 1517 5323 μητρξΒαεὶι.
1538 5216 1993 5321 βικξδίοῃιιιιη.⁸
2031 5253 2075 5286 ⁷⁸
2106 5253 2163 5316 δς
2185 5220 2357 5308 ὲπὶθτ.
2393 5254 2609 5327 συνόδου
2649 5253 2746 5321 τῆς
2796 5252 3042 5324 μεγάλης
3102 5254 3287 5307 ἐπισκ.
3334 5248 3422 5326 ἦν.
3468 5255 3658 5313 iidem.

392 5321 441 5355 ⁸⁸
466 5323 749 5376 αἱρέσεως.
800 5318 966 5376 Basil.
995 5320 1089 5376 Gr.
1183 5322 1224 5356 ⁸¹
1260 5322 1700 5376 προστάγμασιν.
1756 5321 1898 5376 Idem
1942 5331 1995 5376 et
2027 5320 2217 5376 Stenh.
2251 5325 2301 5376 1.
2406 5326 2451 5359 θ’
2485 5323 2642 5376 Apud
2682 5324 3047 5376 Athanasium
3078 5324 3155 5376 (in
3198 5325 3356 5376 cuius
3392 5320 3658 5376 Anoloaia

466 5320 773 5446 αἱρέσεως.’
800 5320 966 5409 Basil.
995 5320 1089 5389 Gr.
1126 5386 1131 5391 _
1161 5320 1231 5356 '3"
1260 5320 1700 5403 προστάγμασιν.
1756 5320 1898 5376 Idem
1942 5331 1997 5404 et
2027 5320 2217 5405 $teph.
2406 5320 2642 5407 "(Apud
2682 5320 3054 5406 Athanasium
3078 5324 3155 5395 (in
3198 5320 3369 5392 cujtts'
3392 5320 3662 5410 Apologia

466 5408 476 5465 ι
554 5401 723 5465 ιιιενεε
747 5392 1127 5465 exstant'T._i.
1150 5392 1210 5447 Ρ.
1245 5410 1283 5454 ι,
1322 5411 1375 5464 p.
1413 5394 1515 5465 128
1538 5400 1630 5465 Sq.
1659 5392 1745 5465 ed.
1775 5392 2111 5465 Benedtcun.
2146 5407 2345 5464 pariter
2366 5403 2426 5449 ut
2451 5412 2501 5449 in
2536 5396 2729 5449 Hilarn
2748 5392 3090 5464 Fragmentts
3115 5409 3179 5449 ex
3206 5409 3369 5465 opere
3398 5396 3662 5465 historico

2406 5320 2642 5396 "A‘Apud
2682 5320 3051 5396 Athanasium
3078 5324 3155 5395 (in
3198 5320 3369 5392 cujus"
3392 5320 3662 5396 Apologia

390 5464 521 5517 edit.
553 5464 855 5535 Veronens.
901 5473 1032 5519 tom.
1069 5463 1134 5523 II.
1156 5480 1207 5533 p.
1232 5463 1341 5535 sat
1367 5463 1506 5533 seq)
1542 5463 1756 5535 singula
1789 5463 1903 5535 haec
1932 5463 2156 5535 numina
2188 5481 2310 5535 qua:
2338 5466 2426 5519 hic
2457 5474 2785 5535 sequuntur,
2829 5466 3202 5535 praetermissa
3246 5463 3405 5519 sunt.
3435 5464 3538 5521 Sed
3584 5467 3662 5521 le-

392 5534 632 5586 ctionum
654 5532 1101 5599 discrepantiam,
1132 5532 1222 5588 ubi
1256 5534 1403 5588 nulla
1432 5532 1594 5589 estin
1628 5532 1953 5588 Theodoreti
1989 5534 2173 5592 codd..
2208 5532 2315 5590 non
2346 5532 2862 5592 commemoramus.
2937 5534 3250 5589 ⁸³Σπανίων
3274 5536 3369 5589 καὶ
3397 5535 3657 5591 Γαλλίων.

391 5601 555 5676 Basil.
581 5602 703 5676 Lat.
813 5604 861 5676 ᾗ*
903 5605 1156 5676 Σαρδίας.
1190 5604 1460 5676 §teph._2.

1565 5603 2119 5673 ⁸⁸’Λρειανομανίται.
2150 5603 2319 5660 Basil.
2351 5605 2468 5660 Lat.

2576 5605 2623 5637 ⁸⁸
2652 5604 3063 5667 ὑποϐάλλοντες.
3110 5604 3274 5659 Basil.
3317 5604 3414 5659 Gr.
3457 5606 3659 5661 Athan.

391 5672 436 5704 ⁸⁷
468 5673 610 5725 κατὰ
626 5675 723 5745 τῆς
742 5692 800 5757 π.
824 5672 1106 5730 BasilIGr.
1126 5682 1180 5756 et
1204 5672 1350 5753 l.at.,
1380 5672 1724 5761 Christoph},
1749 5672 1946 5754 Athan.
1996 5674 2042 5756 εξ
2058 5674 2294 5798 Σαρδῶν.
2323 5675 2936 5757 Αιίιιιη.Σαρδικησίων,
2968 5674 3132 5730 Basil.
3158 5674 3253 5731 Gr.
3284 5685 3337 5731 et
3357 5675 3501 5743 Lat.,
3533 5691 3661 5746 pro-

393 5744 554 5797 bante
586 5742 819 5798 Valesro.
848 5744 1498 5798 Sardiccnstumlitlartns
1514 5752 1565 5797 et
1589 5743 1786 5798 Entnh.
1815 5742 1953 5796 Htst.
1975 5752 2102 5798 trtn.
2159 5744 2225 5798 V.
2254 5745 2345 5798 ει.
2423 5746 2469 5778 ⁸’
2484 5747 2701 5798 aranea
2721 5744 2888 5798 Bas”.
2909 5747 3004 5798 Cr.
3038 5745 3261 5798 Pronter
3286 5747 3361 5798 id.
3386 5745 3655 5798 Hilarius.

393 5744 554 5815 hante
586 5742 819 5799 Valesio.
848 5744 1498 5815 Sardiccnsiumliilarins
1514 5752 1565 5815 et
1589 5742 1786 5813 Epiph.
1810 5742 1953 5815 Hist.
1975 5745 2102 5815 trip.

392 5812 460 5883 δι’
493 5815 636 5883 άπερ
668 5816 864 5868 Athan.
977 5815 1023 5847 '°
1063 5813 1219 5883 ἡμῶν
1260 5817 1415 5868 abest
1450 5830 1478 5867 a
1512 5812 1759 5868 Basil.et
1794 5813 1992 5867 Athan.

2159 5744 2225 5819 γ,
2254 5745 2345 5819 24.
2367 5816 2398 5819 _
2423 5746 2549 5819 "of
2566 5744 2701 5819 ᾇπερ
2721 5744 2888 5819 Basil.
2909 5747 3004 5819 Cr.
3031 5745 3365 5819 ΔΡΜριειῇἰιί,
3386 5744 3655 5819 Hilarius.

2087 5814 2129 5846 "
2162 5818 2330 5885 ἡμᾶς.
2367 5816 2535 5886 Basil.
2565 5814 2686 5878 Clu,
2724 5817 2914 5886 Steph.
2946 5814 3162 5872 vitiose.
3264 5817 3309 5848 ν’
3335 5816 3412 5879 ὡς
3438 5816 3655 5886 καὶτὰς

392 5882 619 5954 ὑμετέρ.
653 5883 816 5940 Basil.
852 5883 945 5939 Gr.
970 5893 1023 5938 et
1051 5882 1194 5948 ιλιι,
1231 5883 1494 5952 Stephan.
1527 5885 1715 5951 Allat.,
1748 5883 2037 5955 Epiphan.,
2067 5882 2338 5954 probante
2387 5885 2626 5945 Valesio.
2676 5886 2770 5941 καὶ
2799 5882 2930 5951 ἴσως
2985 5901 3092 5942 non
3141 5886 3328 5945 habuit
3384 5885 3648 5942 Hilarius.
