  <div class='ocr_page' id='page_1' title='image "/cluster/home/n/w/nwhite01/storage/ocr_20150623/82:no.3/coo.31924054869833/513.png"; bbox 0 0 4098 6402; ppageno 0'>
   <div class='ocr_carea' id='block_1_1' title="bbox 452 419 2070 490">
    <p class='ocr_par' dir='ltr' id='par_1_1' title="bbox 452 419 2069 484">
     <span class='ocr_line' id='line_1_1' title="bbox 452 419 2069 484; baseline -0.001 -2"><span class='ocrx_word' id='word_1_1' title='bbox 452 419 583 484; x_wconf 69' lang='grc'><strong>3011</strong></span> <span class='ocrx_word' id='word_1_2' title='bbox 1443 422 1932 481; x_wconf 82' lang='lat' dir='ltr'><strong>TllEODORETI</strong></span> <span class='ocrx_word' id='word_1_3' title='bbox 1969 423 2069 481; x_wconf 83' lang='grc' dir='ltr'><strong>ΕΡ</strong></span> 
     </span>
    </p>
   </div>
   <div class='ocr_carea' id='block_1_2' title="bbox 2109 419 3727 490">
    <p class='ocr_par' dir='ltr' id='par_1_2' title="bbox 2109 423 3727 490">
     <span class='ocr_line' id='line_1_2' title="bbox 2109 423 3727 490; baseline 0.006 -9"><span class='ocrx_word' id='word_1_4' title='bbox 2109 424 2309 483; x_wconf 76' lang='lat' dir='ltr'><strong>SCUPI</strong></span> <span class='ocrx_word' id='word_1_5' title='bbox 2341 423 2714 484; x_wconf 73' lang='lat' dir='ltr'><strong>CYRENSIS</strong></span> <span class='ocrx_word' id='word_1_6' title='bbox 3585 423 3727 490; x_wconf 73' lang='grc'><strong>101⁵2</strong></span> 
     </span>
    </p>
   </div>
   <div class='ocr_carea' id='block_1_3' title="bbox 450 527 2068 608">
    <p class='ocr_par' dir='ltr' id='par_1_3' title="bbox 450 527 2038 596">
     <span class='ocr_line' id='line_1_3' title="bbox 450 527 2038 596; baseline -0.002 -9"><span class='ocrx_word' id='word_1_7' title='bbox 450 547 557 587; x_wconf 88' lang='lat' dir='ltr'><strong>non</strong></span> <span class='ocrx_word' id='word_1_8' title='bbox 588 545 711 586; x_wconf 88' lang='lat' dir='ltr'><strong>esse</strong></span> <span class='ocrx_word' id='word_1_9' title='bbox 733 573 748 595; x_wconf 95' lang='lat'><strong>,</strong></span> <span class='ocrx_word' id='word_1_10' title='bbox 781 527 877 584; x_wconf 86' lang='lat' dir='ltr'><strong>sed</strong></span> <span class='ocrx_word' id='word_1_11' title='bbox 912 544 980 582; x_wconf 91' lang='lat' dir='ltr'><strong>ne</strong></span> <span class='ocrx_word' id='word_1_12' title='bbox 1011 531 1457 582; x_wconf 83' lang='lat' dir='ltr'><strong>communionem</strong></span> <span class='ocrx_word' id='word_1_13' title='bbox 1489 529 1711 596; x_wconf 86' lang='lat' dir='ltr'><strong>quidem</strong></span> <span class='ocrx_word' id='word_1_14' title='bbox 1745 546 1870 584; x_wconf 90' lang='lat' dir='ltr'><strong>cum</strong></span> <span class='ocrx_word' id='word_1_15' title='bbox 1904 530 2038 584; x_wconf 79' lang='lat' dir='ltr'><strong>fide-</strong></span> 
     </span>
    </p>
   </div>
   <div class='ocr_carea' id='block_1_4' title="bbox 2113 527 3731 608">
    <p class='ocr_par' dir='ltr' id='par_1_4' title="bbox 2151 531 3731 608">
     <span class='ocr_line' id='line_1_4' title="bbox 2151 531 3731 608; baseline 0.004 -24"><span class='ocrx_word' id='word_1_16' title='bbox 2151 531 2342 602; x_wconf 79' lang='grc' dir='ltr'>Ἐᾠας·</span> <span class='ocrx_word' id='word_1_17' title='bbox 2377 533 2527 602; x_wconf 82' lang='grc' dir='ltr'>ὅμως</span> <span class='ocrx_word' id='word_1_18' title='bbox 2548 532 2636 584; x_wconf 73' lang='grc' dir='ltr'>διὰ</span> <span class='ocrx_word' id='word_1_19' title='bbox 2659 533 2720 584; x_wconf 53' lang='lat' dir='ltr'><strong>ea</strong></span> <span class='ocrx_word' id='word_1_20' title='bbox 2753 531 2860 584; x_wconf 72' lang='grc' dir='ltr'>ἀπὸ</span> <span class='ocrx_word' id='word_1_21' title='bbox 2895 531 2988 585; x_wconf 79' lang='grc' dir='ltr'>τοῦ</span> <span class='ocrx_word' id='word_1_22' title='bbox 3034 532 3310 603; x_wconf 85' lang='grc' dir='ltr'>μακαρίου</span> <span class='ocrx_word' id='word_1_23' title='bbox 3371 534 3731 608; x_wconf 79' lang='grc' dir='ltr'>Ἀλεξάνδρου-</span> 
     </span>
    </p>
   </div>
   <div class='ocr_carea' id='block_1_5' title="bbox 449 617 2067 702">
    <p class='ocr_par' dir='ltr' id='par_1_5' title="bbox 449 617 2037 688">
     <span class='ocr_line' id='line_1_5' title="bbox 449 617 2037 688; baseline -0.002 -10"><span class='ocrx_word' id='word_1_24' title='bbox 449 622 667 678; x_wconf 84' lang='lat' dir='ltr'><strong>delibus</strong></span> <span class='ocrx_word' id='word_1_25' title='bbox 700 621 923 675; x_wconf 89' lang='lat' dir='ltr'><strong>habere.</strong></span> <span class='ocrx_word' id='word_1_26' title='bbox 959 618 1292 688; x_wconf 73' lang='lat' dir='ltr'><strong>Scparantes</strong></span> <span class='ocrx_word' id='word_1_27' title='bbox 1319 619 1464 673; x_wconf 89' lang='lat' dir='ltr'><strong>enim</strong></span> <span class='ocrx_word' id='word_1_28' title='bbox 1499 617 1698 673; x_wconf 82' lang='lat' dir='ltr'><strong>Filium</strong></span> <span class='ocrx_word' id='word_1_29' title='bbox 1727 635 1756 673; x_wconf 89' lang='lat' dir='ltr'><strong>a</strong></span> <span class='ocrx_word' id='word_1_30' title='bbox 1783 622 2037 676; x_wconf 84' lang='lat' dir='ltr'><strong>substan-</strong></span> 
     </span>
    </p>
   </div>
   <div class='ocr_carea' id='block_1_6' title="bbox 2107 617 3725 702">
    <p class='ocr_par' dir='ltr' id='par_1_6' title="bbox 2137 622 3725 702">
     <span class='ocr_line' id='line_1_6' title="bbox 2137 622 3725 702; baseline 0.007 -28"><span class='ocrx_word' id='word_1_31' title='bbox 2137 622 2231 674; x_wconf 79' lang='grc' dir='ltr'>τοῦ</span> <span class='ocrx_word' id='word_1_32' title='bbox 2267 624 2564 694; x_wconf 79' lang='grc' dir='ltr'><strong>γενομένου</strong></span> <span class='ocrx_word' id='word_1_33' title='bbox 2603 625 2908 678; x_wconf 72' lang='grc' dir='ltr'>ἐπισκόπου</span> <span class='ocrx_word' id='word_1_34' title='bbox 2951 625 3360 698; x_wconf 71' lang='grc' dir='ltr'><strong>Ἀλεξανδρείας</strong></span> <span class='ocrx_word' id='word_1_35' title='bbox 3377 629 3725 702; x_wconf 72' lang='grc' dir='ltr'><strong>καθῃρῆσθαι</strong></span> 
     </span>
    </p>
   </div>
   <div class='ocr_carea' id='block_1_7' title="bbox 452 709 2070 790">
    <p class='ocr_par' dir='ltr' id='par_1_7' title="bbox 452 710 2034 775">
     <span class='ocr_line' id='line_1_7' title="bbox 452 710 2034 775; baseline -0.001 -8"><span class='ocrx_word' id='word_1_36' title='bbox 452 716 528 769; x_wconf 84' lang='lat' dir='ltr'><strong>tia</strong></span> <span class='ocrx_word' id='word_1_37' title='bbox 586 729 649 768; x_wconf 90' lang='lat' dir='ltr'><strong>ac</strong></span> <span class='ocrx_word' id='word_1_38' title='bbox 705 713 993 767; x_wconf 71' lang='lat' dir='ltr'><strong>divinitate</strong></span> <span class='ocrx_word' id='word_1_39' title='bbox 1036 710 1252 775; x_wconf 90' lang='lat' dir='ltr'><strong>Patris,</strong></span> <span class='ocrx_word' id='word_1_40' title='bbox 1299 718 1352 765; x_wconf 83' lang='lat' dir='ltr'><strong>et</strong></span> <span class='ocrx_word' id='word_1_41' title='bbox 1398 710 1708 766; x_wconf 87' lang='lat' dir='ltr'><strong>alienantes</strong></span> <span class='ocrx_word' id='word_1_42' title='bbox 1739 715 1755 730; x_wconf 83' lang='lat'><strong><em>°</em></strong></span> <span class='ocrx_word' id='word_1_43' title='bbox 1798 710 2034 767; x_wconf 84' lang='lat' dir='ltr'><strong>Verbum</strong></span> 
     </span>
    </p>
   </div>
   <div class='ocr_carea' id='block_1_8' title="bbox 2105 709 3723 790">
    <p class='ocr_par' dir='ltr' id='par_1_8' title="bbox 2137 709 3723 790">
     <span class='ocr_line' id='line_1_8' title="bbox 2137 709 3723 790; baseline 0.006 -28"><span class='ocrx_word' id='word_1_44' title='bbox 2137 709 2322 774; x_wconf 72' lang='grc' dir='ltr'>αὑτὸν,</span> <span class='ocrx_word' id='word_1_45' title='bbox 2362 711 2456 763; x_wconf 74' lang='grc' dir='ltr'>καὶ</span> <span class='ocrx_word' id='word_1_46' title='bbox 2497 709 2585 764; x_wconf 76' lang='grc' dir='ltr'>διὰ</span> <span class='ocrx_word' id='word_1_47' title='bbox 2620 710 2680 764; x_wconf 81' lang='grc' dir='ltr'><strong>τὸ</strong></span> <span class='ocrx_word' id='word_1_48' title='bbox 2699 712 2794 764; x_wconf 68' lang='grc' dir='ltr'><strong>καλ⁸</strong></span> <span class='ocrx_word' id='word_1_49' title='bbox 2815 711 3005 767; x_wconf 77' lang='grc' dir='ltr'>τοῦτον</span> <span class='ocrx_word' id='word_1_50' title='bbox 3031 714 3128 767; x_wconf 70' lang='grc' dir='ltr'><strong>σὺν</strong></span> <span class='ocrx_word' id='word_1_51' title='bbox 3158 715 3342 778; x_wconf 86' lang='grc' dir='ltr'>αὑτοῖς</span> <span class='ocrx_word' id='word_1_52' title='bbox 3369 717 3470 786; x_wconf 81' lang='grc' dir='ltr'>τῆς</span> <span class='ocrx_word' id='word_1_53' title='bbox 3513 719 3723 790; x_wconf 78' lang='grc' dir='ltr'><strong>Ἀρείου</strong></span> 
     </span>
    </p>
   </div>
   <div class='ocr_carea' id='block_1_9' title="bbox 449 797 2067 880">
    <p class='ocr_par' dir='ltr' id='par_1_9' title="bbox 449 801 2033 874">
     <span class='ocr_line' id='line_1_9' title="bbox 449 801 2033 874; baseline -0.001 -14"><span class='ocrx_word' id='word_1_54' title='bbox 449 823 478 860; x_wconf 85' lang='lat' dir='ltr'><strong>a</strong></span> <span class='ocrx_word' id='word_1_55' title='bbox 509 805 702 870; x_wconf 69' lang='lat' dir='ltr'><strong>Patre,</strong></span> <span class='ocrx_word' id='word_1_56' title='bbox 740 803 984 874; x_wconf 87' lang='lat' dir='ltr'><strong>separari</strong></span> <span class='ocrx_word' id='word_1_57' title='bbox 1022 803 1092 856; x_wconf 89' lang='lat' dir='ltr'><strong>ab</strong></span> <span class='ocrx_word' id='word_1_58' title='bbox 1125 801 1375 857; x_wconf 81' lang='lat' dir='ltr'><strong>Ecclesia</strong></span> <span class='ocrx_word' id='word_1_59' title='bbox 1417 803 1691 857; x_wconf 90' lang='lat' dir='ltr'><strong>catholica</strong></span> <span class='ocrx_word' id='word_1_60' title='bbox 1737 807 2033 872; x_wconf 77' lang='lat' dir='ltr'><strong>convenit,</strong></span> 
     </span>
    </p>
   </div>
   <div class='ocr_carea' id='block_1_10' title="bbox 2106 797 3724 880">
    <p class='ocr_par' dir='ltr' id='par_1_10' title="bbox 2139 797 3724 880">
     <span class='ocr_line' id='line_1_10' title="bbox 2139 797 3724 880; baseline 0.007 -28"><span class='ocrx_word' id='word_1_61' title='bbox 2139 799 2338 871; x_wconf 82' lang='grc' dir='ltr'>μανίας</span> <span class='ocrx_word' id='word_1_62' title='bbox 2382 797 2540 866; x_wconf 73' lang='grc' dir='ltr'>εἶναι,</span> <span class='ocrx_word' id='word_1_63' title='bbox 2589 802 2682 855; x_wconf 76' lang='grc' dir='ltr'><strong>καὶ</strong></span> <span class='ocrx_word' id='word_1_64' title='bbox 2739 803 2828 856; x_wconf 72' lang='grc' dir='ltr'>διὰ</span> <span class='ocrx_word' id='word_1_65' title='bbox 2880 803 2951 856; x_wconf 71' lang='grc' dir='ltr'><strong>τά</strong></span> <span class='ocrx_word' id='word_1_66' title='bbox 2990 804 3352 875; x_wconf 67' lang='grc' dir='ltr'><strong>ἐπενεχθέντα</strong></span> <span class='ocrx_word' id='word_1_67' title='bbox 3391 809 3577 873; x_wconf 87' lang='grc' dir='ltr'>αὑτοῖς</span> <span class='ocrx_word' id='word_1_68' title='bbox 3629 811 3724 880; x_wconf 74' lang='grc' dir='ltr'><strong>ἑγ-</strong></span> 
     </span>
    </p>
   </div>
   <div class='ocr_carea' id='block_1_11' title="bbox 447 893 2065 970">
    <p class='ocr_par' dir='ltr' id='par_1_11' title="bbox 447 894 2034 967">
     <span class='ocr_line' id='line_1_11' title="bbox 447 894 2034 967; baseline -0.001 -14"><span class='ocrx_word' id='word_1_69' title='bbox 447 910 499 954; x_wconf 84' lang='lat' dir='ltr'><strong>ct</strong></span> <span class='ocrx_word' id='word_1_70' title='bbox 527 900 736 953; x_wconf 87' lang='lat' dir='ltr'><strong>alienos</strong></span> <span class='ocrx_word' id='word_1_71' title='bbox 762 912 885 952; x_wconf 87' lang='lat' dir='ltr'><strong>esse</strong></span> <span class='ocrx_word' id='word_1_72' title='bbox 909 912 940 950; x_wconf 87' lang='lat' dir='ltr'><strong>a</strong></span> <span class='ocrx_word' id='word_1_73' title='bbox 969 897 1193 951; x_wconf 79' lang='lat' dir='ltr'><strong>nomine</strong></span> <span class='ocrx_word' id='word_1_74' title='bbox 1221 895 1563 958; x_wconf 81' lang='lat' dir='ltr'><strong>Christiano.</strong></span> <span class='ocrx_word' id='word_1_75' title='bbox 1599 894 1722 950; x_wconf 91' lang='lat' dir='ltr'><strong>Sint</strong></span> <span class='ocrx_word' id='word_1_76' title='bbox 1751 897 1922 967; x_wconf 78' lang='lat' dir='ltr'><strong>igitur</strong></span> <span class='ocrx_word' id='word_1_77' title='bbox 1940 913 2034 952; x_wconf 73' lang='lat' dir='ltr'><strong>vo-</strong></span> 
     </span>
    </p>
   </div>
   <div class='ocr_carea' id='block_1_12' title="bbox 2113 893 3731 970">
    <p class='ocr_par' dir='ltr' id='par_1_12' title="bbox 2137 893 3731 970">
     <span class='ocr_line' id='line_1_12' title="bbox 2137 893 3731 970; baseline 0.007 -24"><span class='ocrx_word' id='word_1_78' title='bbox 2137 893 2414 963; x_wconf 88' lang='grc' dir='ltr'>κλήματα,</span> <span class='ocrx_word' id='word_1_79' title='bbox 2443 893 2668 958; x_wconf 78' lang='grc' dir='ltr'><strong>τούτους</strong></span> <span class='ocrx_word' id='word_1_80' title='bbox 2696 895 2990 967; x_wconf 71' lang='grc' dir='ltr'>παμψηφεὶ</span> <span class='ocrx_word' id='word_1_81' title='bbox 3013 897 3263 952; x_wconf 79' lang='grc' dir='ltr'><strong>καθεῖλεν</strong></span> <span class='ocrx_word' id='word_1_82' title='bbox 3287 900 3320 970; x_wconf 77' lang='grc' dir='ltr'>ἡ</span> <span class='ocrx_word' id='word_1_83' title='bbox 3347 901 3476 969; x_wconf 82' lang='grc' dir='ltr'>ἁγία</span> <span class='ocrx_word' id='word_1_84' title='bbox 3508 902 3731 968; x_wconf 80' lang='grc' dir='ltr'>σύνοδος</span> 
     </span>
    </p>
   </div>
   <div class='ocr_carea' id='block_1_13' title="bbox 448 985 2066 1063">
    <p class='ocr_par' dir='ltr' id='par_1_13' title="bbox 448 987 2036 1056">
     <span class='ocr_line' id='line_1_13' title="bbox 448 987 2036 1056; baseline -0.001 -13"><span class='ocrx_word' id='word_1_85' title='bbox 448 992 530 1045; x_wconf 88' lang='lat' dir='ltr'><strong>his</strong></span> <span class='ocrx_word' id='word_1_86' title='bbox 561 998 613 1044; x_wconf 82' lang='lat' dir='ltr'><strong>et</strong></span> <span class='ocrx_word' id='word_1_87' title='bbox 643 989 902 1043; x_wconf 70' lang='lat' dir='ltr'><strong>omnibus</strong></span> <span class='ocrx_word' id='word_1_88' title='bbox 934 987 1228 1042; x_wconf 88' lang='lat' dir='ltr'><strong>anathema</strong></span> <span class='ocrx_word' id='word_1_89' title='bbox 1251 1027 1266 1052; x_wconf 89' lang='lat'><strong>,</strong></span> <span class='ocrx_word' id='word_1_90' title='bbox 1317 1003 1385 1043; x_wconf 90' lang='lat' dir='ltr'><strong>eo</strong></span> <span class='ocrx_word' id='word_1_91' title='bbox 1418 988 1563 1056; x_wconf 86' lang='lat' dir='ltr'><strong>quod</strong></span> <span class='ocrx_word' id='word_1_92' title='bbox 1601 989 2036 1044; x_wconf 83' lang='lat' dir='ltr'><strong>adulteraverint</strong></span> 
     </span>
    </p>
   </div>
   <div class='ocr_carea' id='block_1_14' title="bbox 2113 985 3731 1063">
    <p class='ocr_par' dir='ltr' id='par_1_14' title="bbox 2135 985 3731 1063">
     <span class='ocr_line' id='line_1_14' title="bbox 2135 985 3731 1063; baseline 0.007 -26"><span class='ocrx_word' id='word_1_93' title='bbox 2135 985 2245 1038; x_wconf 78' lang='grc' dir='ltr'>ἀπὸ</span> <span class='ocrx_word' id='word_1_94' title='bbox 2305 986 2402 1056; x_wconf 80' lang='grc' dir='ltr'><strong>τῆς</strong></span> <span class='ocrx_word' id='word_1_95' title='bbox 2434 987 2765 1058; x_wconf 62' lang='grc' dir='ltr'>ἐπισκοπῆς</span> <span class='ocrx_word' id='word_1_96' title='bbox 2819 989 2914 1043; x_wconf 74' lang='grc' dir='ltr'><strong>καὶ</strong></span> <span class='ocrx_word' id='word_1_97' title='bbox 2953 990 3250 1060; x_wconf 73' lang='grc' dir='ltr'>ἐκρίναμεν</span> <span class='ocrx_word' id='word_1_98' title='bbox 3292 991 3367 1062; x_wconf 85' lang='grc' dir='ltr'>μὴ</span> <span class='ocrx_word' id='word_1_99' title='bbox 3419 993 3582 1063; x_wconf 82' lang='grc' dir='ltr'>μόνον</span> <span class='ocrx_word' id='word_1_100' title='bbox 3628 995 3731 1048; x_wconf 81' lang='grc' dir='ltr'><strong>αὺ-</strong></span> 
     </span>
    </p>
   </div>
   <div class='ocr_carea' id='block_1_15' title="bbox 445 1076 2063 1155">
    <p class='ocr_par' dir='ltr' id='par_1_15' title="bbox 445 1081 2030 1151">
     <span class='ocr_line' id='line_1_15' title="bbox 445 1081 2030 1151; baseline 0.001 -17"><span class='ocrx_word' id='word_1_101' title='bbox 445 1083 670 1137; x_wconf 69' lang='grc' dir='ltr'>γοώιιηι</span> <span class='ocrx_word' id='word_1_102' title='bbox 691 1081 961 1136; x_wconf 75' lang='lat' dir='ltr'><strong>veritatis.</strong></span> <span class='ocrx_word' id='word_1_103' title='bbox 981 1081 1365 1150; x_wconf 84' lang='lat' dir='ltr'><strong>Apostolicum</strong></span> <span class='ocrx_word' id='word_1_104' title='bbox 1383 1081 1527 1136; x_wconf 89' lang='lat' dir='ltr'><strong>enim</strong></span> <span class='ocrx_word' id='word_1_105' title='bbox 1555 1089 1886 1151; x_wconf 71' lang='lat' dir='ltr'><strong>praeceptum</strong></span> <span class='ocrx_word' id='word_1_106' title='bbox 1909 1091 1992 1136; x_wconf 89' lang='lat' dir='ltr'><strong>est</strong></span> <span class='ocrx_word' id='word_1_107' title='bbox 2016 1099 2030 1135; x_wconf 89' lang='lat'><strong>:</strong></span> 
     </span>
    </p>
   </div>
   <div class='ocr_carea' id='block_1_16' title="bbox 2109 1076 3727 1155">
    <p class='ocr_par' dir='ltr' id='par_1_16' title="bbox 2133 1076 3727 1155">
     <span class='ocr_line' id='line_1_16' title="bbox 2133 1076 3727 1155; baseline 0.008 -28"><span class='ocrx_word' id='word_1_108' title='bbox 2133 1076 2263 1139; x_wconf 82' lang='grc' dir='ltr'>τοὺς</span> <span class='ocrx_word' id='word_1_109' title='bbox 2323 1078 2657 1142; x_wconf 82' lang='grc' dir='ltr'>ἐπισκόπους</span> <span class='ocrx_word' id='word_1_110' title='bbox 2714 1079 2790 1150; x_wconf 80' lang='grc' dir='ltr'>μὴ</span> <span class='ocrx_word' id='word_1_111' title='bbox 2833 1077 2993 1145; x_wconf 74' lang='grc' dir='ltr'>εἶναι,</span> <span class='ocrx_word' id='word_1_112' title='bbox 3056 1082 3193 1137; x_wconf 83' lang='grc' dir='ltr'><strong>ἀλλά</strong></span> <span class='ocrx_word' id='word_1_113' title='bbox 3251 1085 3386 1155; x_wconf 77' lang='grc' dir='ltr'>μηδὲ</span> <span class='ocrx_word' id='word_1_114' title='bbox 3440 1087 3727 1152; x_wconf 76' lang='grc' dir='ltr'>κοινωνίας</span> 
     </span>
    </p>
   </div>
   <div class='ocr_carea' id='block_1_17' title="bbox 453 1165 2071 1246">
    <p class='ocr_par' dir='ltr' id='par_1_17' title="bbox 453 1171 2034 1242">
     <span class='ocr_line' id='line_1_17' title="bbox 453 1171 2034 1242; baseline 0.002 -18"><span class='ocrx_word' id='word_1_115' title='bbox 453 1193 468 1224; x_wconf 81' lang='grc' dir='ltr'><strong>ι</strong></span> <span class='ocrx_word' id='word_1_116' title='bbox 503 1172 558 1226; x_wconf 85' lang='lat' dir='ltr'><strong>Si.</strong></span> <span class='ocrx_word' id='word_1_117' title='bbox 600 1172 726 1241; x_wconf 83' lang='lat' dir='ltr'><strong>quis</strong></span> <span class='ocrx_word' id='word_1_118' title='bbox 762 1173 914 1227; x_wconf 71' lang='lat' dir='ltr'><strong>vobis</strong></span> <span class='ocrx_word' id='word_1_119' title='bbox 958 1172 1422 1242; x_wconf 80' lang='lat' dir='ltr'><strong>evangelizaverit</strong></span> <span class='ocrx_word' id='word_1_120' title='bbox 1475 1182 1839 1242; x_wconf 66' lang='lat' dir='ltr'><strong>praeterquam</strong></span> <span class='ocrx_word' id='word_1_121' title='bbox 1886 1171 2034 1242; x_wconf 86' lang='lat' dir='ltr'><strong>quod</strong></span> 
     </span>
    </p>
   </div>
   <div class='ocr_carea' id='block_1_18' title="bbox 2111 1165 3729 1246">
    <p class='ocr_par' dir='ltr' id='par_1_18' title="bbox 2138 1165 3729 1246">
     <span class='ocr_line' id='line_1_18' title="bbox 2138 1165 3729 1246; baseline 0.007 -28"><span class='ocrx_word' id='word_1_122' title='bbox 2138 1165 2278 1236; x_wconf 79' lang='grc' dir='ltr'>μετὰ</span> <span class='ocrx_word' id='word_1_123' title='bbox 2338 1165 2446 1219; x_wconf 92' lang='grc' dir='ltr'><strong>τῶν</strong></span> <span class='ocrx_word' id='word_1_124' title='bbox 2494 1167 2702 1221; x_wconf 83' lang='grc' dir='ltr'>πιστῶν</span> <span class='ocrx_word' id='word_1_125' title='bbox 2753 1170 2949 1233; x_wconf 69' lang='grc' dir='ltr'>αὐτοὺς</span> <span class='ocrx_word' id='word_1_126' title='bbox 2996 1171 3408 1238; x_wconf 78' lang='grc' dir='ltr'>καταξιοῦσθαι.</span> <span class='ocrx_word' id='word_1_127' title='bbox 3443 1174 3584 1238; x_wconf 83' lang='grc' dir='ltr'>Τοὺς</span> <span class='ocrx_word' id='word_1_128' title='bbox 3614 1177 3729 1246; x_wconf 83' lang='grc' dir='ltr'>γὰρ</span> 
     </span>
    </p>
   </div>
   <div class='ocr_carea' id='block_1_19' title="bbox 443 1258 2061 1337">
    <p class='ocr_par' dir='ltr' id='par_1_19' title="bbox 443 1263 2031 1335">
     <span class='ocr_line' id='line_1_19' title="bbox 443 1263 2031 1335; baseline -0.001 -17"><span class='ocrx_word' id='word_1_129' title='bbox 443 1264 738 1334; x_wconf 86' lang='lat' dir='ltr'><strong>accepistis</strong></span> <span class='ocrx_word' id='word_1_130' title='bbox 764 1305 778 1327; x_wconf 91' lang='lat'><strong>,</strong></span> <span class='ocrx_word' id='word_1_131' title='bbox 809 1264 1100 1319; x_wconf 82' lang='lat' dir='ltr'><strong>anathema</strong></span> <span class='ocrx_word' id='word_1_132' title='bbox 1128 1264 1201 1319; x_wconf 92' lang='lat' dir='ltr'><strong>sit</strong></span> <span class='ocrx_word' id='word_1_133' title='bbox 1227 1264 1278 1318; x_wconf 70' lang='grc' dir='ltr'><strong>ι’.</strong></span> <span class='ocrx_word' id='word_1_134' title='bbox 1313 1284 1332 1316; x_wconf 69' lang='grc' dir='ltr'><strong><em>ο</em></strong></span> <span class='ocrx_word' id='word_1_135' title='bbox 1361 1263 1497 1319; x_wconf 90' lang='lat' dir='ltr'><strong>Cum</strong></span> <span class='ocrx_word' id='word_1_136' title='bbox 1526 1263 1614 1319; x_wconf 92' lang='lat' dir='ltr'><strong>his</strong></span> <span class='ocrx_word' id='word_1_137' title='bbox 1643 1279 1711 1319; x_wconf 89' lang='lat' dir='ltr'><strong>ne</strong></span> <span class='ocrx_word' id='word_1_138' title='bbox 1740 1264 2031 1335; x_wconf 80' lang='lat' dir='ltr'><strong>quisquam</strong></span> 
     </span>
    </p>
   </div>
   <div class='ocr_carea' id='block_1_20' title="bbox 2109 1258 3727 1337">
    <p class='ocr_par' dir='ltr' id='par_1_20' title="bbox 2135 1258 3727 1337">
     <span class='ocr_line' id='line_1_20' title="bbox 2135 1258 3727 1337; baseline 0.007 -27"><span class='ocrx_word' id='word_1_139' title='bbox 2135 1258 2469 1329; x_wconf 79' lang='grc' dir='ltr'>χωρίζοντας</span> <span class='ocrx_word' id='word_1_140' title='bbox 2517 1258 2617 1329; x_wconf 84' lang='grc' dir='ltr'><strong>τῆς</strong></span> <span class='ocrx_word' id='word_1_141' title='bbox 2671 1259 2768 1312; x_wconf 78' lang='grc' dir='ltr'>τοῦ</span> <span class='ocrx_word' id='word_1_142' title='bbox 2828 1261 3041 1331; x_wconf 80' lang='grc' dir='ltr'>Πατρὸς</span> <span class='ocrx_word' id='word_1_143' title='bbox 3091 1263 3278 1327; x_wconf 76' lang='grc' dir='ltr'>οὐσίας</span> <span class='ocrx_word' id='word_1_144' title='bbox 3329 1266 3425 1318; x_wconf 76' lang='grc' dir='ltr'>καὶ</span> <span class='ocrx_word' id='word_1_145' title='bbox 3473 1265 3727 1337; x_wconf 76' lang='grc' dir='ltr'>θεότητος</span> 
     </span>
    </p>
   </div>
   <div class='ocr_carea' id='block_1_21' title="bbox 443 1350 2061 1427">
    <p class='ocr_par' dir='ltr' id='par_1_21' title="bbox 443 1356 2034 1427">
     <span class='ocr_line' id='line_1_21' title="bbox 443 1356 2034 1427; baseline -0.001 -16"><span class='ocrx_word' id='word_1_146' title='bbox 443 1358 843 1422; x_wconf 82' lang='lat' dir='ltr'><strong>communicet,</strong></span> <span class='ocrx_word' id='word_1_147' title='bbox 879 1357 1163 1427; x_wconf 75' lang='lat' dir='ltr'><strong>praccipite</strong></span> <span class='ocrx_word' id='word_1_148' title='bbox 1191 1377 1203 1412; x_wconf 94' lang='lat'><strong>:</strong></span> <span class='ocrx_word' id='word_1_149' title='bbox 1237 1358 1389 1412; x_wconf 90' lang='lat' dir='ltr'><strong>nulla</strong></span> <span class='ocrx_word' id='word_1_150' title='bbox 1422 1365 1507 1412; x_wconf 92' lang='lat' dir='ltr'><strong>est</strong></span> <span class='ocrx_word' id='word_1_151' title='bbox 1538 1358 1686 1412; x_wconf 90' lang='lat' dir='ltr'><strong>enim</strong></span> <span class='ocrx_word' id='word_1_152' title='bbox 1723 1356 2034 1411; x_wconf 86' lang='lat' dir='ltr'><strong>communi-</strong></span> 
     </span>
    </p>
   </div>
   <div class='ocr_carea' id='block_1_22' title="bbox 2105 1350 3723 1427">
    <p class='ocr_par' dir='ltr' id='par_1_22' title="bbox 2133 1350 3723 1426">
     <span class='ocr_line' id='line_1_22' title="bbox 2133 1350 3723 1426; baseline 0.006 -22"><span class='ocrx_word' id='word_1_153' title='bbox 2133 1350 2227 1404; x_wconf 78' lang='grc' dir='ltr'>τὸν</span> <span class='ocrx_word' id='word_1_154' title='bbox 2276 1350 2423 1415; x_wconf 83' lang='grc' dir='ltr'>Υίὺν,</span> <span class='ocrx_word' id='word_1_155' title='bbox 2468 1352 2563 1404; x_wconf 75' lang='grc' dir='ltr'><strong>καὶ</strong></span> <span class='ocrx_word' id='word_1_156' title='bbox 2611 1351 3106 1423; x_wconf 80' lang='grc' dir='ltr'>ἁπαλλοτριοῦντας</span> <span class='ocrx_word' id='word_1_157' title='bbox 3137 1354 3229 1408; x_wconf 80' lang='grc' dir='ltr'><strong>τὸν</strong></span> <span class='ocrx_word' id='word_1_158' title='bbox 3272 1356 3445 1426; x_wconf 85' lang='grc' dir='ltr'>Λόγον</span> <span class='ocrx_word' id='word_1_159' title='bbox 3476 1359 3584 1412; x_wconf 83' lang='grc' dir='ltr'>ἀπὸ</span> <span class='ocrx_word' id='word_1_160' title='bbox 3631 1360 3723 1414; x_wconf 81' lang='grc' dir='ltr'>τοῦ</span> 
     </span>
    </p>
   </div>
   <div class='ocr_carea' id='block_1_23' title="bbox 445 1441 2063 1521">
    <p class='ocr_par' dir='ltr' id='par_1_23' title="bbox 445 1448 2035 1518">
     <span class='ocr_line' id='line_1_23' title="bbox 445 1448 2035 1518; baseline 0 -15"><span class='ocrx_word' id='word_1_161' title='bbox 445 1450 592 1503; x_wconf 86' lang='lat' dir='ltr'><strong>catio</strong></span> <span class='ocrx_word' id='word_1_162' title='bbox 619 1449 726 1504; x_wconf 91' lang='lat' dir='ltr'><strong>luci</strong></span> <span class='ocrx_word' id='word_1_163' title='bbox 763 1464 887 1504; x_wconf 81' lang='lat' dir='ltr'><strong>cu-n</strong></span> <span class='ocrx_word' id='word_1_164' title='bbox 932 1449 1200 1504; x_wconf 84' lang='lat' dir='ltr'><strong>tenebris.</strong></span> <span class='ocrx_word' id='word_1_165' title='bbox 1256 1449 1368 1504; x_wconf 89' lang='lat' dir='ltr'><strong>llos</strong></span> <span class='ocrx_word' id='word_1_166' title='bbox 1398 1463 1591 1504; x_wconf 87' lang='lat' dir='ltr'><strong>omnes</strong></span> <span class='ocrx_word' id='word_1_167' title='bbox 1635 1449 1828 1518; x_wconf 88' lang='lat' dir='ltr'><strong>procul</strong></span> <span class='ocrx_word' id='word_1_168' title='bbox 1881 1448 2035 1503; x_wconf 84' lang='lat' dir='ltr'><strong>able-</strong></span> 
     </span>
    </p>
   </div>
   <div class='ocr_carea' id='block_1_24' title="bbox 2103 1441 3721 1521">
    <p class='ocr_par' dir='ltr' id='par_1_24' title="bbox 2135 1441 3721 1521">
     <span class='ocr_line' id='line_1_24' title="bbox 2135 1441 3721 1521; baseline 0.006 -25"><span class='ocrx_word' id='word_1_169' title='bbox 2135 1441 2370 1512; x_wconf 85' lang='grc' dir='ltr'>Πατρὸς,</span> <span class='ocrx_word' id='word_1_170' title='bbox 2406 1441 2739 1513; x_wconf 77' lang='grc' dir='ltr'>χωρίζεσθαι</span> <span class='ocrx_word' id='word_1_171' title='bbox 2783 1443 2894 1498; x_wconf 80' lang='grc' dir='ltr'>ἀπὸ</span> <span class='ocrx_word' id='word_1_172' title='bbox 2925 1445 3024 1516; x_wconf 81' lang='grc' dir='ltr'>τῆς</span> <span class='ocrx_word' id='word_1_173' title='bbox 3057 1446 3351 1519; x_wconf 81' lang='grc' dir='ltr'>καθολικῆς</span> <span class='ocrx_word' id='word_1_174' title='bbox 3396 1447 3721 1521; x_wconf 85' lang='grc' dir='ltr'>Ἐκκλησίας</span> 
     </span>
    </p>
   </div>
   <div class='ocr_carea' id='block_1_25' title="bbox 443 1535 2061 1613">
    <p class='ocr_par' dir='ltr' id='par_1_25' title="bbox 443 1540 2028 1613">
     <span class='ocr_line' id='line_1_25' title="bbox 443 1540 2028 1613; baseline 0.001 -17"><span class='ocrx_word' id='word_1_175' title='bbox 443 1553 568 1612; x_wconf 75' lang='lat' dir='ltr'><strong>gate</strong></span> <span class='ocrx_word' id='word_1_176' title='bbox 595 1561 608 1597; x_wconf 91' lang='lat'>:</span> <span class='ocrx_word' id='word_1_177' title='bbox 644 1543 791 1596; x_wconf 87' lang='lat' dir='ltr'><strong>nulla</strong></span> <span class='ocrx_word' id='word_1_178' title='bbox 823 1543 966 1596; x_wconf 84' lang='lat' dir='ltr'><strong>enim</strong></span> <span class='ocrx_word' id='word_1_179' title='bbox 999 1543 1356 1613; x_wconf 88' lang='lat' dir='ltr'><strong>participatio</strong></span> <span class='ocrx_word' id='word_1_180' title='bbox 1391 1541 1616 1596; x_wconf 79' lang='lat' dir='ltr'><strong>Christo</strong></span> <span class='ocrx_word' id='word_1_181' title='bbox 1646 1557 1772 1606; x_wconf 76' lang='lat' dir='ltr'><strong>cum</strong></span> <span class='ocrx_word' id='word_1_182' title='bbox 1805 1540 2028 1597; x_wconf 88' lang='lat' dir='ltr'><strong>Beliale.</strong></span> 
     </span>
    </p>
   </div>
   <div class='ocr_carea' id='block_1_26' title="bbox 2107 1535 3725 1613">
    <p class='ocr_par' dir='ltr' id='par_1_26' title="bbox 2133 1535 3725 1612">
     <span class='ocr_line' id='line_1_26' title="bbox 2133 1535 3725 1612; baseline 0.006 -24"><span class='ocrx_word' id='word_1_183' title='bbox 2133 1537 2422 1608; x_wconf 84' lang='grc' dir='ltr'>προσήκει,</span> <span class='ocrx_word' id='word_1_184' title='bbox 2448 1539 2544 1590; x_wconf 77' lang='grc' dir='ltr'>καὶ</span> <span class='ocrx_word' id='word_1_185' title='bbox 2574 1538 2890 1610; x_wconf 80' lang='grc' dir='ltr'>ἀλλοτρίους</span> <span class='ocrx_word' id='word_1_186' title='bbox 2913 1535 3054 1594; x_wconf 76' lang='grc' dir='ltr'>εἶναι</span> <span class='ocrx_word' id='word_1_187' title='bbox 3083 1540 3194 1594; x_wconf 87' lang='grc' dir='ltr'><strong>τῶν</strong></span> <span class='ocrx_word' id='word_1_188' title='bbox 3238 1542 3581 1612; x_wconf 79' lang='grc' dir='ltr'>Χριστιανῶν</span> <span class='ocrx_word' id='word_1_189' title='bbox 3609 1544 3725 1598; x_wconf 83' lang='grc' dir='ltr'>ὀνό-</span> 
     </span>
    </p>
   </div>
   <div class='ocr_carea' id='block_1_27' title="bbox 443 1631 2061 1707">
    <p class='ocr_par' dir='ltr' id='par_1_27' title="bbox 443 1631 2032 1703">
     <span class='ocr_line' id='line_1_27' title="bbox 443 1631 2032 1703; baseline -0.001 -15"><span class='ocrx_word' id='word_1_190' title='bbox 443 1634 508 1688; x_wconf 78' lang='grc' dir='ltr'>Ει</span> <span class='ocrx_word' id='word_1_191' title='bbox 535 1643 752 1697; x_wconf 79' lang='lat' dir='ltr'><strong>cavete,</strong></span> <span class='ocrx_word' id='word_1_192' title='bbox 781 1636 980 1689; x_wconf 79' lang='lat' dir='ltr'><strong>fratres</strong></span> <span class='ocrx_word' id='word_1_193' title='bbox 1002 1633 1316 1689; x_wconf 89' lang='lat' dir='ltr'><strong>charissimi</strong></span> <span class='ocrx_word' id='word_1_194' title='bbox 1336 1675 1350 1698; x_wconf 87' lang='lat'><strong>,</strong></span> <span class='ocrx_word' id='word_1_195' title='bbox 1377 1641 1436 1687; x_wconf 86' lang='lat' dir='ltr'><strong>ut</strong></span> <span class='ocrx_word' id='word_1_196' title='bbox 1464 1647 1645 1703; x_wconf 88' lang='lat' dir='ltr'><strong>neque</strong></span> <span class='ocrx_word' id='word_1_197' title='bbox 1675 1632 1938 1689; x_wconf 81' lang='lat' dir='ltr'><strong>scribatis</strong></span> <span class='ocrx_word' id='word_1_198' title='bbox 1962 1631 2032 1688; x_wconf 88' lang='lat' dir='ltr'><strong>ad</strong></span> 
     </span>
    </p>
   </div>
   <div class='ocr_carea' id='block_1_28' title="bbox 2107 1631 3725 1707">
    <p class='ocr_par' dir='ltr' id='par_1_28' title="bbox 2137 1633 3725 1707">
     <span class='ocr_line' id='line_1_28' title="bbox 2137 1633 3725 1707; baseline 0.005 -24"><span class='ocrx_word' id='word_1_199' title='bbox 2137 1647 2326 1701; x_wconf 89' lang='grc' dir='ltr'>ματος.</span> <span class='ocrx_word' id='word_1_200' title='bbox 2375 1633 2661 1686; x_wconf 81' lang='grc' dir='ltr'>Ἔστωσαν</span> <span class='ocrx_word' id='word_1_201' title='bbox 2693 1633 2875 1686; x_wconf 86' lang='grc' dir='ltr'>τοίνυν</span> <span class='ocrx_word' id='word_1_202' title='bbox 2921 1633 3051 1704; x_wconf 88' lang='grc' dir='ltr'>ὑμῖν</span> <span class='ocrx_word' id='word_1_203' title='bbox 3099 1634 3194 1688; x_wconf 74' lang='grc' dir='ltr'><strong>καὶ</strong></span> <span class='ocrx_word' id='word_1_204' title='bbox 3238 1635 3404 1688; x_wconf 73' lang='grc' dir='ltr'>πᾶσιν</span> <span class='ocrx_word' id='word_1_205' title='bbox 3451 1636 3725 1707; x_wconf 84' lang='grc' dir='ltr'>ἀνάθεμα,</span> 
     </span>
    </p>
   </div>
   <div class='ocr_carea' id='block_1_29' title="bbox 441 1721 2059 1801">
    <p class='ocr_par' dir='ltr' id='par_1_29' title="bbox 441 1729 2032 1801">
     <span class='ocr_line' id='line_1_29' title="bbox 441 1729 2032 1801; baseline 0.001 -17"><span class='ocrx_word' id='word_1_206' title='bbox 441 1747 571 1794; x_wconf 87' lang='lat' dir='ltr'><strong>eos,</strong></span> <span class='ocrx_word' id='word_1_207' title='bbox 608 1747 786 1801; x_wconf 91' lang='lat' dir='ltr'><strong>neque</strong></span> <span class='ocrx_word' id='word_1_208' title='bbox 814 1747 1004 1786; x_wconf 90' lang='lat' dir='ltr'><strong>eorum</strong></span> <span class='ocrx_word' id='word_1_209' title='bbox 1049 1731 1342 1801; x_wconf 83' lang='lat' dir='ltr'><strong>accipiatis</strong></span> <span class='ocrx_word' id='word_1_210' title='bbox 1387 1731 1631 1787; x_wconf 79' lang='lat' dir='ltr'><strong>litteras.</strong></span> <span class='ocrx_word' id='word_1_211' title='bbox 1677 1729 1784 1786; x_wconf 85' lang='lat' dir='ltr'><strong>Sed</strong></span> <span class='ocrx_word' id='word_1_212' title='bbox 1833 1737 2032 1786; x_wconf 82' lang='lat' dir='ltr'><strong>curate</strong></span> 
     </span>
    </p>
   </div>
   <div class='ocr_carea' id='block_1_30' title="bbox 2107 1721 3725 1801">
    <p class='ocr_par' dir='ltr' id='par_1_30' title="bbox 2131 1721 3725 1800">
     <span class='ocr_line' id='line_1_30' title="bbox 2131 1721 3725 1800; baseline 0.004 -25"><span class='ocrx_word' id='word_1_213' title='bbox 2131 1721 2223 1776; x_wconf 77' lang='grc' dir='ltr'>διὰ</span> <span class='ocrx_word' id='word_1_214' title='bbox 2271 1723 2333 1777; x_wconf 74' lang='grc' dir='ltr'>τὸ</span> <span class='ocrx_word' id='word_1_215' title='bbox 2373 1723 2849 1794; x_wconf 81' lang='grc' dir='ltr'>κεκαπηλευκὲναι</span> <span class='ocrx_word' id='word_1_216' title='bbox 2899 1725 3098 1785; x_wconf 76' lang='grc' dir='ltr'>αὐτοὺς</span> <span class='ocrx_word' id='word_1_217' title='bbox 3151 1725 3243 1779; x_wconf 81' lang='grc' dir='ltr'><strong>τὸν</strong></span> <span class='ocrx_word' id='word_1_218' title='bbox 3274 1723 3434 1795; x_wconf 86' lang='grc' dir='ltr'>λόγον</span> <span class='ocrx_word' id='word_1_219' title='bbox 3470 1727 3568 1799; x_wconf 80' lang='grc' dir='ltr'>τῆς</span> <span class='ocrx_word' id='word_1_220' title='bbox 3589 1727 3725 1800; x_wconf 78' lang='grc' dir='ltr'>ἁληο</span> 
     </span>
    </p>
   </div>
   <div class='ocr_carea' id='block_1_31' title="bbox 443 1815 2061 1893">
    <p class='ocr_par' dir='ltr' id='par_1_31' title="bbox 443 1822 2032 1893">
     <span class='ocr_line' id='line_1_31' title="bbox 443 1822 2032 1893; baseline 0.002 -17"><span class='ocrx_word' id='word_1_221' title='bbox 443 1838 666 1893; x_wconf 86' lang='lat' dir='ltr'><strong>quoque</strong></span> <span class='ocrx_word' id='word_1_222' title='bbox 693 1867 706 1890; x_wconf 90' lang='lat'><strong>,</strong></span> <span class='ocrx_word' id='word_1_223' title='bbox 741 1823 1089 1878; x_wconf 83' lang='lat' dir='ltr'><strong>dilectissimi</strong></span> <span class='ocrx_word' id='word_1_224' title='bbox 1142 1822 1344 1880; x_wconf 74' lang='lat' dir='ltr'><strong>fratres</strong></span> <span class='ocrx_word' id='word_1_225' title='bbox 1383 1832 1438 1879; x_wconf 90' lang='lat' dir='ltr'><strong>et</strong></span> <span class='ocrx_word' id='word_1_226' title='bbox 1467 1824 1935 1890; x_wconf 83' lang='lat' dir='ltr'><strong>consacerdotes,</strong></span> <span class='ocrx_word' id='word_1_227' title='bbox 1973 1833 2032 1879; x_wconf 89' lang='lat' dir='ltr'><strong>ut</strong></span> 
     </span>
    </p>
   </div>
   <div class='ocr_carea' id='block_1_32' title="bbox 2107 1815 3725 1893">
    <p class='ocr_par' dir='ltr' id='par_1_32' title="bbox 2134 1815 3725 1892">
     <span class='ocr_line' id='line_1_32' title="bbox 2134 1815 3725 1892; baseline 0.004 -24"><span class='ocrx_word' id='word_1_228' title='bbox 2134 1815 2305 1881; x_wconf 86' lang='grc' dir='ltr'>θείας.</span> <span class='ocrx_word' id='word_1_229' title='bbox 2341 1817 2725 1872; x_wconf 78' lang='grc' dir='ltr'>Ἀποστολικδν</span> <span class='ocrx_word' id='word_1_230' title='bbox 2764 1818 2874 1890; x_wconf 74' lang='grc' dir='ltr'><strong>γάρ</strong></span> <span class='ocrx_word' id='word_1_231' title='bbox 2903 1819 3019 1872; x_wconf 73' lang='grc' dir='ltr'>ἐστι</span> <span class='ocrx_word' id='word_1_232' title='bbox 3044 1819 3440 1892; x_wconf 78' lang='grc' dir='ltr'>παράγγελμαο</span> <span class='ocrx_word' id='word_1_233' title='bbox 3488 1840 3506 1873; x_wconf 75' lang='grc' dir='ltr'><strong>ι</strong></span> <span class='ocrx_word' id='word_1_234' title='bbox 3547 1821 3616 1874; x_wconf 77' lang='grc' dir='ltr'><strong>Εἴ</strong></span> <span class='ocrx_word' id='word_1_235' title='bbox 3641 1839 3725 1886; x_wconf 88' lang='grc' dir='ltr'><strong>τις</strong></span> 
     </span>
    </p>
   </div>
   <div class='ocr_carea' id='block_1_33' title="bbox 443 1880 2061 1986">
    <p class='ocr_par' dir='ltr' id='par_1_33' title="bbox 443 1916 2032 1986">
     <span class='ocr_line' id='line_1_33' title="bbox 443 1916 2032 1986; baseline 0.003 -19"><span class='ocrx_word' id='word_1_236' title='bbox 443 1924 702 1984; x_wconf 87' lang='lat' dir='ltr'><strong>tanquam</strong></span> <span class='ocrx_word' id='word_1_237' title='bbox 745 1916 941 1986; x_wconf 89' lang='lat' dir='ltr'><strong>spiritu</strong></span> <span class='ocrx_word' id='word_1_238' title='bbox 977 1923 1279 1986; x_wconf 61' lang='lat' dir='ltr'><strong>praesentes</strong></span> <span class='ocrx_word' id='word_1_239' title='bbox 1311 1916 1524 1986; x_wconf 83' lang='lat' dir='ltr'><strong>synodo</strong></span> <span class='ocrx_word' id='word_1_240' title='bbox 1559 1923 1766 1971; x_wconf 73' lang='lat' dir='ltr'><strong>nostra:</strong></span> <span class='ocrx_word' id='word_1_241' title='bbox 1796 1931 2032 1972; x_wconf 84' lang='lat' dir='ltr'><strong>consen-</strong></span> 
     </span>
    </p>
   </div>
   <div class='ocr_carea' id='block_1_34' title="bbox 2107 1880 3725 1986">
    <p class='ocr_par' dir='ltr' id='par_1_34' title="bbox 2133 1880 3725 1983">
     <span class='ocr_line' id='line_1_34' title="bbox 2133 1880 3725 1983; baseline 0.003 -21"><span class='ocrx_word' id='word_1_242' title='bbox 2133 1911 2279 1980; x_wconf 75' lang='grc' dir='ltr'>ὑμᾶς</span> <span class='ocrx_word' id='word_1_243' title='bbox 2323 1909 2736 1977; x_wconf 78' lang='grc' dir='ltr'>εὐαγγελίζεται</span> <span class='ocrx_word' id='word_1_244' title='bbox 2775 1880 2920 1983; x_wconf 46' lang='grc' dir='ltr'>’παρ’</span> <span class='ocrx_word' id='word_1_245' title='bbox 2963 1910 2991 1964; x_wconf 85' lang='grc' dir='ltr'><strong>δ</strong></span> <span class='ocrx_word' id='word_1_246' title='bbox 3042 1880 3405 1983; x_wconf 67' lang='grc' dir='ltr'>παρελάϐετε,</span> <span class='ocrx_word' id='word_1_247' title='bbox 3473 1880 3725 1983; x_wconf 73' lang='grc' dir='ltr'>ἀνάθεμα</span> 
     </span>
    </p>
   </div>
   <div class='ocr_carea' id='block_1_35' title="bbox 442 2001 2060 2079">
    <p class='ocr_par' dir='ltr' id='par_1_35' title="bbox 442 2006 2032 2079">
     <span class='ocr_line' id='line_1_35' title="bbox 442 2006 2032 2079; baseline 0.003 -19"><span class='ocrx_word' id='word_1_248' title='bbox 442 2006 598 2062; x_wconf 87' lang='lat' dir='ltr'><strong>tiatis</strong></span> <span class='ocrx_word' id='word_1_249' title='bbox 619 2049 633 2073; x_wconf 90' lang='lat'><strong>,</strong></span> <span class='ocrx_word' id='word_1_250' title='bbox 665 2014 719 2062; x_wconf 90' lang='lat' dir='ltr'><strong>et</strong></span> <span class='ocrx_word' id='word_1_251' title='bbox 749 2015 931 2062; x_wconf 84' lang='lat' dir='ltr'><strong>vestra</strong></span> <span class='ocrx_word' id='word_1_252' title='bbox 963 2007 1375 2078; x_wconf 83' lang='lat' dir='ltr'><strong>subscriptione</strong></span> <span class='ocrx_word' id='word_1_253' title='bbox 1423 2008 1630 2078; x_wconf 88' lang='lat' dir='ltr'><strong>pariter</strong></span> <span class='ocrx_word' id='word_1_254' title='bbox 1677 2007 1991 2064; x_wconf 86' lang='lat' dir='ltr'><strong>decernatis</strong></span> <span class='ocrx_word' id='word_1_255' title='bbox 2014 2049 2032 2079; x_wconf 89' lang='lat'><strong>,</strong></span> 
     </span>
    </p>
   </div>
   <div class='ocr_carea' id='block_1_36' title="bbox 2105 2001 3723 2079">
    <p class='ocr_par' dir='ltr' id='par_1_36' title="bbox 2131 2001 3723 2075">
     <span class='ocr_line' id='line_1_36' title="bbox 2131 2001 3723 2075; baseline 0.001 -21"><span class='ocrx_word' id='word_1_256' title='bbox 2131 2002 2294 2058; x_wconf 65' lang='grc' dir='ltr'>ἔστω.</span> <span class='ocrx_word' id='word_1_257' title='bbox 2341 2021 2361 2054; x_wconf 69' lang='grc' dir='ltr'><strong>ι</strong></span> <span class='ocrx_word' id='word_1_258' title='bbox 2410 2001 2636 2066; x_wconf 82' lang='grc' dir='ltr'>Τούτοις</span> <span class='ocrx_word' id='word_1_259' title='bbox 2686 2002 2893 2074; x_wconf 80' lang='grc' dir='ltr'>μηδένα</span> <span class='ocrx_word' id='word_1_260' title='bbox 2955 2005 3234 2058; x_wconf 76' lang='grc' dir='ltr'>κοινωνεῖν</span> <span class='ocrx_word' id='word_1_261' title='bbox 3289 2003 3723 2075; x_wconf 76' lang='grc' dir='ltr'>παραγγείλατεο</span> 
     </span>
    </p>
   </div>
   <div class='ocr_carea' id='block_1_37' title="bbox 441 2091 2059 2168">
    <p class='ocr_par' dir='ltr' id='par_1_37' title="bbox 441 2095 2029 2168">
     <span class='ocr_line' id='line_1_37' title="bbox 441 2095 2029 2168; baseline 0.003 -20"><span class='ocrx_word' id='word_1_262' title='bbox 441 2103 502 2149; x_wconf 88' lang='lat' dir='ltr'><strong>ut</strong></span> <span class='ocrx_word' id='word_1_263' title='bbox 530 2095 600 2149; x_wconf 87' lang='lat' dir='ltr'><strong>ab</strong></span> <span class='ocrx_word' id='word_1_264' title='bbox 631 2095 888 2150; x_wconf 88' lang='lat' dir='ltr'><strong>omnibus</strong></span> <span class='ocrx_word' id='word_1_265' title='bbox 919 2096 1127 2166; x_wconf 89' lang='lat' dir='ltr'><strong>ubique</strong></span> <span class='ocrx_word' id='word_1_266' title='bbox 1156 2098 1400 2166; x_wconf 83' lang='lat' dir='ltr'><strong>gentium</strong></span> <span class='ocrx_word' id='word_1_267' title='bbox 1432 2096 1779 2168; x_wconf 84' lang='lat' dir='ltr'><strong>coepisc0pis</strong></span> <span class='ocrx_word' id='word_1_268' title='bbox 1819 2097 2029 2152; x_wconf 85' lang='lat' dir='ltr'><strong>nostris</strong></span> 
     </span>
    </p>
   </div>
   <div class='ocr_carea' id='block_1_38' title="bbox 2107 2091 3725 2168">
    <p class='ocr_par' dir='ltr' id='par_1_38' title="bbox 2131 2091 3725 2165">
     <span class='ocr_line' id='line_1_38' title="bbox 2131 2091 3725 2165; baseline 0 -19"><span class='ocrx_word' id='word_1_269' title='bbox 2131 2091 2355 2164; x_wconf 78' lang='grc' dir='ltr'>οὐδεμία</span> <span class='ocrx_word' id='word_1_270' title='bbox 2396 2092 2509 2165; x_wconf 83' lang='grc' dir='ltr'><strong>γὰρ</strong></span> <span class='ocrx_word' id='word_1_271' title='bbox 2567 2093 2825 2147; x_wconf 85' lang='grc' dir='ltr'>κοινωνία</span> <span class='ocrx_word' id='word_1_272' title='bbox 2858 2093 2999 2162; x_wconf 73' lang='grc' dir='ltr'>φωτὶ</span> <span class='ocrx_word' id='word_1_273' title='bbox 3055 2093 3194 2165; x_wconf 68' lang='grc' dir='ltr'>πρὸς</span> <span class='ocrx_word' id='word_1_274' title='bbox 3235 2093 3448 2158; x_wconf 74' lang='grc' dir='ltr'>σκότος.</span> <span class='ocrx_word' id='word_1_275' title='bbox 3488 2093 3725 2157; x_wconf 77' lang='grc' dir='ltr'>Τούτους</span> 
     </span>
    </p>
   </div>
   <div class='ocr_carea' id='block_1_39' title="bbox 440 2183 2058 2260">
    <p class='ocr_par' dir='ltr' id='par_1_39' title="bbox 440 2187 2032 2260">
     <span class='ocr_line' id='line_1_39' title="bbox 440 2187 2032 2260; baseline 0.001 -17"><span class='ocrx_word' id='word_1_276' title='bbox 440 2187 740 2243; x_wconf 77' lang='lat' dir='ltr'><strong>concordia</strong></span> <span class='ocrx_word' id='word_1_277' title='bbox 785 2199 1058 2244; x_wconf 81' lang='lat' dir='ltr'><strong>servetur.</strong></span> <span class='ocrx_word' id='word_1_278' title='bbox 1104 2187 1446 2244; x_wconf 76' lang='lat' dir='ltr'><strong>Abdicamus</strong></span> <span class='ocrx_word' id='word_1_279' title='bbox 1492 2204 1695 2260; x_wconf 89' lang='lat' dir='ltr'><strong>porro,</strong></span> <span class='ocrx_word' id='word_1_280' title='bbox 1727 2197 1782 2245; x_wconf 91' lang='lat' dir='ltr'><strong>et</strong></span> <span class='ocrx_word' id='word_1_281' title='bbox 1825 2189 1895 2244; x_wconf 92' lang='lat' dir='ltr'><strong>ab</strong></span> <span class='ocrx_word' id='word_1_282' title='bbox 1925 2189 2032 2245; x_wconf 80' lang='lat' dir='ltr'><strong>Ec-</strong></span> 
     </span>
    </p>
   </div>
   <div class='ocr_carea' id='block_1_40' title="bbox 2109 2183 3727 2260">
    <p class='ocr_par' dir='ltr' id='par_1_40' title="bbox 2131 2183 3727 2257">
     <span class='ocr_line' id='line_1_40' title="bbox 2131 2183 3727 2257; baseline 0.001 -20"><span class='ocrx_word' id='word_1_283' title='bbox 2131 2184 2342 2248; x_wconf 88' lang='grc' dir='ltr'>πάντας</span> <span class='ocrx_word' id='word_1_284' title='bbox 2402 2183 2621 2257; x_wconf 84' lang='grc' dir='ltr'>μακρὰν</span> <span class='ocrx_word' id='word_1_285' title='bbox 2671 2187 2875 2238; x_wconf 88' lang='grc' dir='ltr'>ποιεῖτε</span> <span class='ocrx_word' id='word_1_286' title='bbox 2908 2203 2923 2218; x_wconf 76' lang='grc' dir='ltr'><strong>ο</strong></span> <span class='ocrx_word' id='word_1_287' title='bbox 2982 2185 3212 2256; x_wconf 80' lang='grc' dir='ltr'>οὐδεμία</span> <span class='ocrx_word' id='word_1_288' title='bbox 3277 2186 3388 2256; x_wconf 79' lang='grc' dir='ltr'><strong>γὰρ</strong></span> <span class='ocrx_word' id='word_1_289' title='bbox 3437 2186 3727 2257; x_wconf 69' lang='grc' dir='ltr'>συμφωνία</span> 
     </span>
    </p>
   </div>
   <div class='ocr_carea' id='block_1_41' title="bbox 438 2274 2056 2350">
    <p class='ocr_par' dir='ltr' id='par_1_41' title="bbox 438 2279 2029 2350">
     <span class='ocr_line' id='line_1_41' title="bbox 438 2279 2029 2350; baseline 0.001 -16"><span class='ocrx_word' id='word_1_290' title='bbox 438 2280 607 2335; x_wconf 86' lang='lat' dir='ltr'><strong>clesia</strong></span> <span class='ocrx_word' id='word_1_291' title='bbox 640 2280 917 2335; x_wconf 88' lang='lat' dir='ltr'><strong>catholica</strong></span> <span class='ocrx_word' id='word_1_292' title='bbox 971 2281 1405 2335; x_wconf 82' lang='lat' dir='ltr'><strong>exterminamus</strong></span> <span class='ocrx_word' id='word_1_293' title='bbox 1455 2295 1551 2335; x_wconf 88' lang='lat' dir='ltr'><strong>eos</strong></span> <span class='ocrx_word' id='word_1_294' title='bbox 1609 2280 1702 2350; x_wconf 93' lang='lat' dir='ltr'><strong>qui</strong></span> <span class='ocrx_word' id='word_1_295' title='bbox 1754 2279 2029 2336; x_wconf 76' lang='lat' dir='ltr'><strong>affirmant</strong></span> 
     </span>
    </p>
   </div>
   <div class='ocr_carea' id='block_1_42' title="bbox 2109 2274 3727 2350">
    <p class='ocr_par' dir='ltr' id='par_1_42' title="bbox 2129 2274 3727 2347">
     <span class='ocr_line' id='line_1_42' title="bbox 2129 2274 3727 2347; baseline 0.001 -18"><span class='ocrx_word' id='word_1_296' title='bbox 2129 2275 2354 2346; x_wconf 77' lang='grc' dir='ltr'>Χριστῷ</span> <span class='ocrx_word' id='word_1_297' title='bbox 2411 2276 2550 2347; x_wconf 78' lang='grc' dir='ltr'>πρὸς</span> <span class='ocrx_word' id='word_1_298' title='bbox 2580 2276 2800 2346; x_wconf 84' lang='grc' dir='ltr'>Βελίαρ·</span> <span class='ocrx_word' id='word_1_299' title='bbox 2836 2277 2932 2330; x_wconf 76' lang='grc' dir='ltr'><strong>καὶ</strong></span> <span class='ocrx_word' id='word_1_300' title='bbox 2973 2274 3282 2346; x_wconf 73' lang='grc' dir='ltr'>φυλάξασθε</span> <span class='ocrx_word' id='word_1_301' title='bbox 3343 2277 3562 2346; x_wconf 69' lang='grc' dir='ltr'>ἀδελφοὶ</span> <span class='ocrx_word' id='word_1_302' title='bbox 3586 2277 3727 2347; x_wconf 77' lang='grc' dir='ltr'>ἀγα·</span> 
     </span>
    </p>
   </div>
   <div class='ocr_carea' id='block_1_43' title="bbox 436 2368 2054 2443">
    <p class='ocr_par' dir='ltr' id='par_1_43' title="bbox 436 2371 2021 2443">
     <span class='ocr_line' id='line_1_43' title="bbox 436 2371 2021 2443; baseline 0.001 -18"><span class='ocrx_word' id='word_1_303' title='bbox 436 2371 717 2426; x_wconf 85' lang='lat' dir='ltr'><strong>Christum</strong></span> <span class='ocrx_word' id='word_1_304' title='bbox 769 2387 892 2426; x_wconf 88' lang='lat' dir='ltr'><strong>esse</strong></span> <span class='ocrx_word' id='word_1_305' title='bbox 939 2373 1162 2443; x_wconf 89' lang='lat' dir='ltr'><strong>quidem</strong></span> <span class='ocrx_word' id='word_1_306' title='bbox 1219 2371 1433 2434; x_wconf 85' lang='lat' dir='ltr'><strong>Deum,</strong></span> <span class='ocrx_word' id='word_1_307' title='bbox 1485 2372 1582 2428; x_wconf 88' lang='lat' dir='ltr'><strong>sed</strong></span> <span class='ocrx_word' id='word_1_308' title='bbox 1632 2388 1821 2427; x_wconf 73' lang='lat' dir='ltr'><strong>rerum</strong></span> <span class='ocrx_word' id='word_1_309' title='bbox 1853 2372 2021 2427; x_wconf 78' lang='lat' dir='ltr'><strong>Deum</strong></span> 
     </span>
    </p>
   </div>
   <div class='ocr_carea' id='block_1_44' title="bbox 2106 2368 3724 2443">
    <p class='ocr_par' dir='ltr' id='par_1_44' title="bbox 2135 2368 3724 2441">
     <span class='ocr_line' id='line_1_44' title="bbox 2135 2368 3724 2441; baseline 0.001 -20"><span class='ocrx_word' id='word_1_310' title='bbox 2135 2369 2318 2440; x_wconf 73' lang='grc' dir='ltr'>πητοὶ,</span> <span class='ocrx_word' id='word_1_311' title='bbox 2367 2370 2504 2440; x_wconf 82' lang='grc' dir='ltr'>μήτε</span> <span class='ocrx_word' id='word_1_312' title='bbox 2540 2371 2773 2440; x_wconf 77' lang='grc' dir='ltr'>γράφειν</span> <span class='ocrx_word' id='word_1_313' title='bbox 2805 2369 2942 2439; x_wconf 77' lang='grc' dir='ltr'>πρὸς</span> <span class='ocrx_word' id='word_1_314' title='bbox 2990 2368 3210 2434; x_wconf 79' lang='grc' dir='ltr'>αὐτοὺς,</span> <span class='ocrx_word' id='word_1_315' title='bbox 3255 2370 3391 2441; x_wconf 79' lang='grc' dir='ltr'>μήτε</span> <span class='ocrx_word' id='word_1_316' title='bbox 3418 2369 3724 2440; x_wconf 76' lang='grc' dir='ltr'>γράμματα</span> 
     </span>
    </p>
   </div>
   <div class='ocr_carea' id='block_1_45' title="bbox 437 2463 2055 2536">
    <p class='ocr_par' dir='ltr' id='par_1_45' title="bbox 437 2463 2028 2536">
     <span class='ocr_line' id='line_1_45' title="bbox 437 2463 2028 2536; baseline 0.001 -18"><span class='ocrx_word' id='word_1_317' title='bbox 437 2479 549 2518; x_wconf 90' lang='lat' dir='ltr'><strong>non</strong></span> <span class='ocrx_word' id='word_1_318' title='bbox 589 2480 758 2530; x_wconf 86' lang='lat' dir='ltr'><strong>esse;</strong></span> <span class='ocrx_word' id='word_1_319' title='bbox 800 2463 998 2520; x_wconf 82' lang='lat' dir='ltr'><strong>Filium</strong></span> <span class='ocrx_word' id='word_1_320' title='bbox 1039 2480 1196 2528; x_wconf 82' lang='lat' dir='ltr'><strong>esse.</strong></span> <span class='ocrx_word' id='word_1_321' title='bbox 1230 2465 1328 2520; x_wconf 86' lang='lat' dir='ltr'><strong>sed</strong></span> <span class='ocrx_word' id='word_1_322' title='bbox 1374 2480 1566 2520; x_wconf 75' lang='lat' dir='ltr'><strong>verum</strong></span> <span class='ocrx_word' id='word_1_323' title='bbox 1621 2463 1818 2518; x_wconf 74' lang='lat' dir='ltr'><strong>Filium</strong></span> <span class='ocrx_word' id='word_1_324' title='bbox 1857 2463 2028 2536; x_wconf 74' lang='grc'><strong>844</strong></span> 
     </span>
    </p>
   </div>
   <div class='ocr_carea' id='block_1_46' title="bbox 2105 2463 3723 2536">
    <p class='ocr_par' dir='ltr' id='par_1_46' title="bbox 2134 2463 3723 2535">
     <span class='ocr_line' id='line_1_46' title="bbox 2134 2463 3723 2535; baseline -0.001 -20"><span class='ocrx_word' id='word_1_325' title='bbox 2134 2463 2264 2534; x_wconf 84' lang='grc' dir='ltr'>παρ’</span> <span class='ocrx_word' id='word_1_326' title='bbox 2327 2463 2510 2518; x_wconf 79' lang='grc' dir='ltr'>αὐτῶν</span> <span class='ocrx_word' id='word_1_327' title='bbox 2569 2463 2845 2534; x_wconf 86' lang='grc' dir='ltr'>δέχεσθαι.</span> <span class='ocrx_word' id='word_1_328' title='bbox 2888 2464 3240 2518; x_wconf 82' lang='grc' dir='ltr'>Σπουδάσατε</span> <span class='ocrx_word' id='word_1_329' title='bbox 3300 2463 3356 2517; x_wconf 83' lang='grc' dir='ltr'>δὲ</span> <span class='ocrx_word' id='word_1_330' title='bbox 3408 2465 3503 2517; x_wconf 77' lang='grc' dir='ltr'><strong>καὶ</strong></span> <span class='ocrx_word' id='word_1_331' title='bbox 3541 2465 3723 2535; x_wconf 79' lang='grc' dir='ltr'>ὑμεῖς,</span> 
     </span>
    </p>
   </div>
   <div class='ocr_carea' id='block_1_47' title="bbox 437 2554 2055 2628">
    <p class='ocr_par' dir='ltr' id='par_1_47' title="bbox 437 2555 2027 2626">
     <span class='ocr_line' id='line_1_47' title="bbox 437 2555 2027 2626; baseline 0.003 -19"><span class='ocrx_word' id='word_1_332' title='bbox 437 2569 549 2608; x_wconf 87' lang='lat' dir='ltr'><strong>non</strong></span> <span class='ocrx_word' id='word_1_333' title='bbox 582 2571 744 2621; x_wconf 88' lang='lat' dir='ltr'><strong>esse;</strong></span> <span class='ocrx_word' id='word_1_334' title='bbox 785 2555 1030 2626; x_wconf 79' lang='lat' dir='ltr'><strong>genitum</strong></span> <span class='ocrx_word' id='word_1_335' title='bbox 1072 2570 1196 2610; x_wconf 88' lang='lat' dir='ltr'><strong>esse</strong></span> <span class='ocrx_word' id='word_1_336' title='bbox 1234 2557 1399 2610; x_wconf 86' lang='lat' dir='ltr'><strong>simul</strong></span> <span class='ocrx_word' id='word_1_337' title='bbox 1457 2566 1510 2610; x_wconf 90' lang='lat' dir='ltr'><strong>ct</strong></span> <span class='ocrx_word' id='word_1_338' title='bbox 1555 2555 1879 2624; x_wconf 80' lang='lat' dir='ltr'><strong>ingenitum.</strong></span> <span class='ocrx_word' id='word_1_339' title='bbox 1934 2556 2027 2611; x_wconf 90' lang='lat' dir='ltr'><strong>Sic</strong></span> 
     </span>
    </p>
   </div>
   <div class='ocr_carea' id='block_1_48' title="bbox 2105 2554 3723 2628">
    <p class='ocr_par' dir='ltr' id='par_1_48' title="bbox 2134 2554 3723 2628">
     <span class='ocr_line' id='line_1_48' title="bbox 2134 2554 3723 2628; baseline 0.001 -19"><span class='ocrx_word' id='word_1_340' title='bbox 2134 2556 2410 2626; x_wconf 75' lang='grc' dir='ltr'>ἀγαπητοὶ</span> <span class='ocrx_word' id='word_1_341' title='bbox 2446 2555 2668 2625; x_wconf 70' lang='grc' dir='ltr'>ἀδελφοὶ</span> <span class='ocrx_word' id='word_1_342' title='bbox 2719 2555 2815 2609; x_wconf 71' lang='grc' dir='ltr'><strong>καὶ</strong></span> <span class='ocrx_word' id='word_1_343' title='bbox 2855 2554 3281 2628; x_wconf 70' lang='grc' dir='ltr'>συλλειτουργοὶ,</span> <span class='ocrx_word' id='word_1_344' title='bbox 3323 2556 3398 2619; x_wconf 84' lang='grc' dir='ltr'>ὡς</span> <span class='ocrx_word' id='word_1_345' title='bbox 3446 2555 3525 2628; x_wconf 82' lang='grc' dir='ltr'><strong>τῷ</strong></span> <span class='ocrx_word' id='word_1_346' title='bbox 3556 2556 3723 2610; x_wconf 85' lang='grc' dir='ltr'>πνεύ-</span> 
     </span>
    </p>
   </div>
   <div class='ocr_carea' id='block_1_49' title="bbox 437 2646 2055 2719">
    <p class='ocr_par' dir='ltr' id='par_1_49' title="bbox 437 2646 2027 2719">
     <span class='ocr_line' id='line_1_49' title="bbox 437 2646 2027 2719; baseline 0.001 -17"><span class='ocrx_word' id='word_1_347' title='bbox 437 2647 584 2702; x_wconf 89' lang='lat' dir='ltr'><strong>enim</strong></span> <span class='ocrx_word' id='word_1_348' title='bbox 621 2662 680 2703; x_wconf 86' lang='lat' dir='ltr'><strong>se</strong></span> <span class='ocrx_word' id='word_1_349' title='bbox 729 2647 1035 2718; x_wconf 80' lang='lat' dir='ltr'><strong>intelligere</strong></span> <span class='ocrx_word' id='word_1_350' title='bbox 1085 2647 1330 2719; x_wconf 71' lang='lat' dir='ltr'><strong>genitum</strong></span> <span class='ocrx_word' id='word_1_351' title='bbox 1383 2646 1729 2717; x_wconf 77' lang='lat' dir='ltr'><strong>proﬁtentur,</strong></span> <span class='ocrx_word' id='word_1_352' title='bbox 1764 2650 1894 2717; x_wconf 86' lang='lat' dir='ltr'><strong>quia</strong></span> <span class='ocrx_word' id='word_1_353' title='bbox 1946 2649 2027 2704; x_wconf 85' lang='lat' dir='ltr'><strong>sic</strong></span> 
     </span>
    </p>
   </div>
   <div class='ocr_carea' id='block_1_50' title="bbox 2107 2646 3725 2719">
    <p class='ocr_par' dir='ltr' id='par_1_50' title="bbox 2138 2646 3725 2719">
     <span class='ocr_line' id='line_1_50' title="bbox 2138 2646 3725 2719; baseline 0.002 -19"><span class='ocrx_word' id='word_1_354' title='bbox 2138 2663 2267 2718; x_wconf 87' lang='grc' dir='ltr'>ματι</span> <span class='ocrx_word' id='word_1_355' title='bbox 2303 2647 2588 2717; x_wconf 81' lang='grc' dir='ltr'>παρόντες,</span> <span class='ocrx_word' id='word_1_356' title='bbox 2618 2649 2685 2719; x_wconf 82' lang='grc' dir='ltr'>τῇ</span> <span class='ocrx_word' id='word_1_357' title='bbox 2716 2647 2918 2718; x_wconf 88' lang='grc' dir='ltr'>συνόδῳ</span> <span class='ocrx_word' id='word_1_358' title='bbox 2939 2649 2972 2718; x_wconf 84' lang='grc' dir='ltr'><strong>ή</strong></span> <span class='ocrx_word' id='word_1_359' title='bbox 2983 2646 3100 2718; x_wconf 84' lang='grc' dir='ltr'><strong>μῶν</strong></span> <span class='ocrx_word' id='word_1_360' title='bbox 3141 2647 3473 2711; x_wconf 80' lang='grc' dir='ltr'>συναινέσαι,</span> <span class='ocrx_word' id='word_1_361' title='bbox 3501 2648 3593 2702; x_wconf 68' lang='grc' dir='ltr'>καὶ</span> <span class='ocrx_word' id='word_1_362' title='bbox 3615 2649 3725 2719; x_wconf 76' lang='grc' dir='ltr'><strong>ψη-</strong></span> 
     </span>
    </p>
   </div>
   <div class='ocr_carea' id='block_1_51' title="bbox 439 2737 2057 2813">
    <p class='ocr_par' dir='ltr' id='par_1_51' title="bbox 439 2737 2023 2809">
     <span class='ocr_line' id='line_1_51' title="bbox 439 2737 2023 2809; baseline 0 -15"><span class='ocrx_word' id='word_1_363' title='bbox 439 2740 699 2794; x_wconf 77' lang='lat' dir='ltr'><strong>dixeruut</strong></span> <span class='ocrx_word' id='word_1_364' title='bbox 729 2757 743 2794; x_wconf 89' lang='lat'><strong>:</strong></span> <span class='ocrx_word' id='word_1_365' title='bbox 779 2737 935 2806; x_wconf 84' lang='lat' dir='ltr'><strong>Quod</strong></span> <span class='ocrx_word' id='word_1_366' title='bbox 979 2746 1099 2803; x_wconf 88' lang='lat' dir='ltr'><strong>est,</strong></span> <span class='ocrx_word' id='word_1_367' title='bbox 1142 2739 1388 2809; x_wconf 81' lang='lat' dir='ltr'><strong>genitum</strong></span> <span class='ocrx_word' id='word_1_368' title='bbox 1419 2747 1545 2803; x_wconf 88' lang='lat' dir='ltr'><strong>est;</strong></span> <span class='ocrx_word' id='word_1_369' title='bbox 1595 2747 1650 2792; x_wconf 90' lang='lat' dir='ltr'><strong>ct</strong></span> <span class='ocrx_word' id='word_1_370' title='bbox 1695 2740 1822 2809; x_wconf 87' lang='lat' dir='ltr'><strong>quia</strong></span> <span class='ocrx_word' id='word_1_371' title='bbox 1848 2780 1862 2802; x_wconf 92' lang='lat'><strong>,</strong></span> <span class='ocrx_word' id='word_1_372' title='bbox 1897 2755 2023 2794; x_wconf 89' lang='lat' dir='ltr'><strong>cum</strong></span> 
     </span>
    </p>
   </div>
   <div class='ocr_carea' id='block_1_52' title="bbox 2108 2737 3726 2813">
    <p class='ocr_par' dir='ltr' id='par_1_52' title="bbox 2135 2739 3726 2813">
     <span class='ocr_line' id='line_1_52' title="bbox 2135 2739 3726 2813; baseline 0.003 -22"><span class='ocrx_word' id='word_1_373' title='bbox 2135 2739 2397 2808; x_wconf 70' lang='grc' dir='ltr'>φίσασθαι</span> <span class='ocrx_word' id='word_1_374' title='bbox 2429 2740 2496 2793; x_wconf 78' lang='grc' dir='ltr'>δι’</span> <span class='ocrx_word' id='word_1_375' title='bbox 2531 2739 2860 2812; x_wconf 77' lang='grc' dir='ltr'>ὑπογραφῆς</span> <span class='ocrx_word' id='word_1_376' title='bbox 2891 2740 3188 2811; x_wconf 79' lang='grc' dir='ltr'>ὑμετέρας,</span> <span class='ocrx_word' id='word_1_377' title='bbox 3246 2741 3387 2813; x_wconf 79' lang='grc' dir='ltr'>ὑπὲρ</span> <span class='ocrx_word' id='word_1_378' title='bbox 3443 2741 3538 2794; x_wconf 80' lang='grc' dir='ltr'>τοῦ</span> <span class='ocrx_word' id='word_1_379' title='bbox 3575 2743 3726 2812; x_wconf 63' lang='grc' dir='ltr'>παρὰ</span> 
     </span>
    </p>
   </div>
   <div class='ocr_carea' id='block_1_53' title="bbox 438 2828 2056 2905">
    <p class='ocr_par' dir='ltr' id='par_1_53' title="bbox 438 2828 2026 2900">
     <span class='ocr_line' id='line_1_53' title="bbox 438 2828 2026 2900; baseline 0.003 -18"><span class='ocrx_word' id='word_1_380' title='bbox 438 2828 699 2886; x_wconf 87' lang='lat' dir='ltr'><strong>Christus</strong></span> <span class='ocrx_word' id='word_1_381' title='bbox 729 2838 857 2885; x_wconf 87' lang='lat' dir='ltr'><strong>ante</strong></span> <span class='ocrx_word' id='word_1_382' title='bbox 887 2829 1090 2884; x_wconf 65' lang='lat' dir='ltr'><strong>saecula</strong></span> <span class='ocrx_word' id='word_1_383' title='bbox 1128 2831 1235 2894; x_wconf 90' lang='lat' dir='ltr'><strong>sit,</strong></span> <span class='ocrx_word' id='word_1_384' title='bbox 1291 2829 1628 2900; x_wconf 86' lang='lat' dir='ltr'><strong>principium</strong></span> <span class='ocrx_word' id='word_1_385' title='bbox 1677 2830 1728 2884; x_wconf 86' lang='lat' dir='ltr'><strong>ei</strong></span> <span class='ocrx_word' id='word_1_386' title='bbox 1779 2831 2026 2886; x_wconf 89' lang='lat' dir='ltr'><strong>tribuunt</strong></span> 
     </span>
    </p>
   </div>
   <div class='ocr_carea' id='block_1_54' title="bbox 2108 2828 3726 2905">
    <p class='ocr_par' dir='ltr' id='par_1_54' title="bbox 2134 2831 3726 2905">
     <span class='ocr_line' id='line_1_54' title="bbox 2134 2831 3726 2905; baseline 0.003 -22"><span class='ocrx_word' id='word_1_387' title='bbox 2134 2831 2351 2885; x_wconf 84' lang='grc' dir='ltr'>πάντων</span> <span class='ocrx_word' id='word_1_388' title='bbox 2370 2831 2479 2884; x_wconf 88' lang='grc' dir='ltr'><strong>τῶν</strong></span> <span class='ocrx_word' id='word_1_389' title='bbox 2502 2831 2814 2902; x_wconf 79' lang='grc' dir='ltr'>ἅπανταχοῦ</span> <span class='ocrx_word' id='word_1_390' title='bbox 2869 2831 3300 2904; x_wconf 88' lang='grc' dir='ltr'>συλλειτουργῶν</span> <span class='ocrx_word' id='word_1_391' title='bbox 3326 2835 3358 2904; x_wconf 82' lang='grc' dir='ltr'>ἡ</span> <span class='ocrx_word' id='word_1_392' title='bbox 3367 2833 3482 2903; x_wconf 89' lang='grc' dir='ltr'><strong>μῶν</strong></span> <span class='ocrx_word' id='word_1_393' title='bbox 3507 2835 3726 2905; x_wconf 74' lang='grc' dir='ltr'>ὁμοφυ-</span> 
     </span>
    </p>
   </div>
   <div class='ocr_carea' id='block_1_55' title="bbox 439 2920 2057 2994">
    <p class='ocr_par' dir='ltr' id='par_1_55' title="bbox 439 2920 2026 2992">
     <span class='ocr_line' id='line_1_55' title="bbox 439 2920 2026 2992; baseline 0.004 -19"><span class='ocrx_word' id='word_1_394' title='bbox 439 2929 606 2988; x_wconf 86' lang='lat' dir='ltr'><strong>atque</strong></span> <span class='ocrx_word' id='word_1_395' title='bbox 639 2920 799 2976; x_wconf 83' lang='lat' dir='ltr'><strong>linem</strong></span> <span class='ocrx_word' id='word_1_396' title='bbox 821 2963 834 2986; x_wconf 94' lang='lat'><strong>,</strong></span> <span class='ocrx_word' id='word_1_397' title='bbox 869 2922 961 2991; x_wconf 92' lang='lat' dir='ltr'><strong>qui</strong></span> <span class='ocrx_word' id='word_1_398' title='bbox 996 2938 1106 2976; x_wconf 92' lang='lat' dir='ltr'><strong>non</strong></span> <span class='ocrx_word' id='word_1_399' title='bbox 1140 2923 1192 2975; x_wconf 93' lang='lat' dir='ltr'><strong>in</strong></span> <span class='ocrx_word' id='word_1_400' title='bbox 1228 2931 1513 2992; x_wconf 88' lang='lat' dir='ltr'><strong>tempore,</strong></span> <span class='ocrx_word' id='word_1_401' title='bbox 1549 2921 1645 2978; x_wconf 86' lang='lat' dir='ltr'><strong>sed</strong></span> <span class='ocrx_word' id='word_1_402' title='bbox 1689 2930 1816 2977; x_wconf 88' lang='lat' dir='ltr'><strong>ante</strong></span> <span class='ocrx_word' id='word_1_403' title='bbox 1859 2939 2026 2980; x_wconf 90' lang='lat' dir='ltr'><strong>omne</strong></span> 
     </span>
    </p>
   </div>
   <div class='ocr_carea' id='block_1_56' title="bbox 2107 2920 3725 2994">
    <p class='ocr_par' dir='ltr' id='par_1_56' title="bbox 2131 2922 3725 2994">
     <span class='ocr_line' id='line_1_56' title="bbox 2131 2922 3725 2994; baseline 0 -18"><span class='ocrx_word' id='word_1_404' title='bbox 2131 2924 2252 2976; x_wconf 89' lang='grc' dir='ltr'>νίαν</span> <span class='ocrx_word' id='word_1_405' title='bbox 2300 2922 2683 2987; x_wconf 80' lang='grc' dir='ltr'>διασώζεσθαι.</span> <span class='ocrx_word' id='word_1_406' title='bbox 2732 2923 3214 2994; x_wconf 78' lang='grc' dir='ltr'>Ἀποκηρύττομεν</span> <span class='ocrx_word' id='word_1_407' title='bbox 3263 2923 3307 2955; x_wconf 69' lang='grc'><strong>⁸³</strong></span> <span class='ocrx_word' id='word_1_408' title='bbox 3359 2923 3414 2976; x_wconf 81' lang='grc' dir='ltr'>δὲ</span> <span class='ocrx_word' id='word_1_409' title='bbox 3459 2924 3725 2989; x_wconf 75' lang='grc' dir='ltr'>ἐκείνους,</span> 
     </span>
    </p>
   </div>
   <div class='ocr_carea' id='block_1_57' title="bbox 437 3012 2055 3087">
    <p class='ocr_par' dir='ltr' id='par_1_57' title="bbox 437 3012 1310 3081">
     <span class='ocr_line' id='line_1_57' title="bbox 437 3012 1310 3081; baseline -0.005 -15"><span class='ocrx_word' id='word_1_410' title='bbox 437 3021 654 3081; x_wconf 84' lang='lat' dir='ltr'><strong>tempus</strong></span> <span class='ocrx_word' id='word_1_411' title='bbox 685 3013 1092 3081; x_wconf 80' lang='lat' dir='ltr'><strong>generationem</strong></span> <span class='ocrx_word' id='word_1_412' title='bbox 1126 3012 1310 3067; x_wconf 86' lang='lat' dir='ltr'><strong>habet.</strong></span> 
     </span>
    </p>
   </div>
   <div class='ocr_carea' id='block_1_58' title="bbox 2107 3012 3725 3087">
    <p class='ocr_par' dir='ltr' id='par_1_58' title="bbox 2133 3013 3725 3087">
     <span class='ocr_line' id='line_1_58' title="bbox 2133 3013 3725 3087; baseline 0 -19"><span class='ocrx_word' id='word_1_413' title='bbox 2133 3015 2229 3068; x_wconf 78' lang='grc' dir='ltr'>καὶ</span> <span class='ocrx_word' id='word_1_414' title='bbox 2288 3015 2603 3087; x_wconf 79' lang='grc' dir='ltr'>ἐξορίζομεν</span> <span class='ocrx_word' id='word_1_415' title='bbox 2664 3015 2766 3084; x_wconf 80' lang='grc' dir='ltr'><strong>τῆς</strong></span> <span class='ocrx_word' id='word_1_416' title='bbox 2827 3013 3122 3086; x_wconf 82' lang='grc' dir='ltr'>καθολικῆς</span> <span class='ocrx_word' id='word_1_417' title='bbox 3191 3015 3537 3084; x_wconf 85' lang='grc' dir='ltr'>Ἐκκλησίας,</span> <span class='ocrx_word' id='word_1_418' title='bbox 3600 3015 3725 3079; x_wconf 73' lang='grc' dir='ltr'>τοὺς</span> 
     </span>
    </p>
   </div>
   <div class='ocr_carea' id='block_1_59' title="bbox 436 3105 3724 3192">
    <p class='ocr_par' dir='ltr' id='par_1_59' title="bbox 436 3105 3724 3192">
     <span class='ocr_line' id='line_1_59' title="bbox 436 3105 3724 3192; baseline 0.002 -34"><span class='ocrx_word' id='word_1_419' title='bbox 436 3105 1077 3177; x_wconf 78' lang='grc' dir='ltr'>διαϐεόαιουμένους,ὃτι</span> <span class='ocrx_word' id='word_1_420' title='bbox 1110 3105 1244 3172; x_wconf 86' lang='grc' dir='ltr'><strong>Θεὸς</strong></span> <span class='ocrx_word' id='word_1_421' title='bbox 1270 3109 1416 3160; x_wconf 78' lang='grc' dir='ltr'>ἐστιν</span> <span class='ocrx_word' id='word_1_422' title='bbox 1442 3109 1470 3160; x_wconf 87' lang='grc' dir='ltr'>ὁ</span> <span class='ocrx_word' id='word_1_423' title='bbox 1499 3109 1733 3180; x_wconf 80' lang='grc' dir='ltr'>Χριστὸς</span> <span class='ocrx_word' id='word_1_424' title='bbox 1757 3109 2023 3180; x_wconf 82' lang='grc' dir='ltr'>δηλονότι,</span> <span class='ocrx_word' id='word_1_425' title='bbox 2089 3110 2230 3164; x_wconf 76' lang='grc' dir='ltr'>ἀλλὰ</span> <span class='ocrx_word' id='word_1_426' title='bbox 2284 3110 2391 3182; x_wconf 79' lang='grc' dir='ltr'>μὴν</span> <span class='ocrx_word' id='word_1_427' title='bbox 2443 3109 2695 3181; x_wconf 75' lang='grc' dir='ltr'>ἀληθινὸς</span> <span class='ocrx_word' id='word_1_428' title='bbox 2737 3111 2868 3192; x_wconf 52' lang='grc' dir='ltr'>θεὸς</span> <span class='ocrx_word' id='word_1_429' title='bbox 2900 3112 3000 3164; x_wconf 72' lang='grc' dir='ltr'><strong>οὐκ</strong></span> <span class='ocrx_word' id='word_1_430' title='bbox 3048 3109 3214 3164; x_wconf 72' lang='grc' dir='ltr'>ἐστιν·</span> <span class='ocrx_word' id='word_1_431' title='bbox 3262 3110 3344 3164; x_wconf 84' lang='grc' dir='ltr'>ὅτι</span> <span class='ocrx_word' id='word_1_432' title='bbox 3398 3110 3526 3174; x_wconf 82' lang='grc' dir='ltr'>Υἱός</span> <span class='ocrx_word' id='word_1_433' title='bbox 3583 3113 3724 3174; x_wconf 78' lang='grc' dir='ltr'>ἐστι,</span> 
     </span>
    </p>
   </div>
   <div class='ocr_carea' id='block_1_60' title="bbox 437 3201 3726 3279">
    <p class='ocr_par' dir='ltr' id='par_1_60' title="bbox 437 3201 3726 3279">
     <span class='ocr_line' id='line_1_60' title="bbox 437 3201 3726 3279; baseline 0 -22"><span class='ocrx_word' id='word_1_434' title='bbox 437 3201 576 3257; x_wconf 80' lang='grc' dir='ltr'>ἀλλὰ</span> <span class='ocrx_word' id='word_1_435' title='bbox 603 3203 856 3274; x_wconf 81' lang='grc' dir='ltr'>ἀληθινὸς</span> <span class='ocrx_word' id='word_1_436' title='bbox 884 3204 1014 3269; x_wconf 74' lang='grc' dir='ltr'>Υἱὸς</span> <span class='ocrx_word' id='word_1_437' title='bbox 1042 3205 1142 3258; x_wconf 81' lang='grc' dir='ltr'><strong>οὑκ</strong></span> <span class='ocrx_word' id='word_1_438' title='bbox 1180 3203 1346 3257; x_wconf 76' lang='grc' dir='ltr'>ἔστιν’</span> <span class='ocrx_word' id='word_1_439' title='bbox 1399 3206 1481 3258; x_wconf 80' lang='grc' dir='ltr'><strong>ὅτι</strong></span> <span class='ocrx_word' id='word_1_440' title='bbox 1525 3206 1782 3277; x_wconf 85' lang='grc' dir='ltr'>γεννητός</span> <span class='ocrx_word' id='word_1_441' title='bbox 1807 3207 1851 3239; x_wconf 72' lang='grc'><strong><em>⁸⁵</em></strong></span> <span class='ocrx_word' id='word_1_442' title='bbox 1892 3208 2039 3260; x_wconf 79' lang='grc' dir='ltr'>ἐστιν</span> <span class='ocrx_word' id='word_1_443' title='bbox 2070 3206 2186 3279; x_wconf 74' lang='grc' dir='ltr'>ἅμα</span> <span class='ocrx_word' id='word_1_444' title='bbox 2219 3207 2313 3262; x_wconf 73' lang='grc' dir='ltr'><strong>καὶ</strong></span> <span class='ocrx_word' id='word_1_445' title='bbox 2345 3207 2658 3277; x_wconf 82' lang='grc' dir='ltr'>ἀγέννητος.</span> <span class='ocrx_word' id='word_1_446' title='bbox 2697 3206 2884 3269; x_wconf 77' lang='grc' dir='ltr'>Οὕτως</span> <span class='ocrx_word' id='word_1_447' title='bbox 2933 3207 3159 3268; x_wconf 71' lang='grc' dir='ltr'>ἑαυτοὺς</span> <span class='ocrx_word' id='word_1_448' title='bbox 3201 3208 3341 3261; x_wconf 86' lang='grc' dir='ltr'>νοεῖν</span> <span class='ocrx_word' id='word_1_449' title='bbox 3385 3205 3477 3259; x_wconf 74' lang='grc' dir='ltr'><strong>τὸν</strong></span> <span class='ocrx_word' id='word_1_450' title='bbox 3536 3221 3726 3274; x_wconf 88' lang='grc' dir='ltr'>γεγεν-</span> 
     </span>
    </p>
   </div>
   <div class='ocr_carea' id='block_1_61' title="bbox 437 3295 3727 3374">
    <p class='ocr_par' dir='ltr' id='par_1_61' title="bbox 437 3295 3727 3374">
     <span class='ocr_line' id='line_1_61' title="bbox 437 3295 3727 3374; baseline 0 -26"><span class='ocrx_word' id='word_1_451' title='bbox 437 3297 676 3366; x_wconf 86' lang='grc' dir='ltr'>νημένον</span> <span class='ocrx_word' id='word_1_452' title='bbox 727 3297 1107 3368; x_wconf 74' lang='grc' dir='ltr'>ὁμολογοῦσιν,</span> <span class='ocrx_word' id='word_1_453' title='bbox 1181 3298 1265 3350; x_wconf 80' lang='grc' dir='ltr'><strong>ὄτι</strong></span> <span class='ocrx_word' id='word_1_454' title='bbox 1331 3297 1504 3362; x_wconf 69' lang='grc' dir='ltr'>οὕτως</span> <span class='ocrx_word' id='word_1_455' title='bbox 1569 3295 1743 3353; x_wconf 76' lang='grc' dir='ltr'>εἷπονο</span> <span class='ocrx_word' id='word_1_456' title='bbox 1824 3299 1900 3354; x_wconf 77' lang='grc' dir='ltr'>Τὸ</span> <span class='ocrx_word' id='word_1_457' title='bbox 1978 3301 2379 3374; x_wconf 79' lang='grc' dir='ltr'>γεγεννημένον</span> <span class='ocrx_word' id='word_1_458' title='bbox 2431 3301 2566 3354; x_wconf 86' lang='grc' dir='ltr'>ὲστί·</span> <span class='ocrx_word' id='word_1_459' title='bbox 2631 3301 2726 3354; x_wconf 71' lang='grc' dir='ltr'><strong>καὶ</strong></span> <span class='ocrx_word' id='word_1_460' title='bbox 2783 3301 2866 3354; x_wconf 82' lang='grc' dir='ltr'>ὅτι</span> <span class='ocrx_word' id='word_1_461' title='bbox 2919 3299 3012 3352; x_wconf 78' lang='grc' dir='ltr'>τοῦ</span> <span class='ocrx_word' id='word_1_462' title='bbox 3057 3298 3294 3369; x_wconf 77' lang='grc' dir='ltr'>Χριστοῦ</span> <span class='ocrx_word' id='word_1_463' title='bbox 3353 3297 3460 3368; x_wconf 75' lang='grc' dir='ltr'><strong>πρὸ</strong></span> <span class='ocrx_word' id='word_1_464' title='bbox 3511 3295 3727 3350; x_wconf 77' lang='grc' dir='ltr'>αἰώνων</span> 
     </span>
    </p>
   </div>
   <div class='ocr_carea' id='block_1_62' title="bbox 437 3385 3718 3466">
    <p class='ocr_par' dir='ltr' id='par_1_62' title="bbox 437 3385 3718 3466">
     <span class='ocr_line' id='line_1_62' title="bbox 437 3385 3718 3466; baseline -0.001 -23"><span class='ocrx_word' id='word_1_465' title='bbox 437 3389 611 3452; x_wconf 76' lang='grc' dir='ltr'>ὄντος,</span> <span class='ocrx_word' id='word_1_466' title='bbox 665 3390 901 3445; x_wconf 80' lang='grc' dir='ltr'>διδόασιν</span> <span class='ocrx_word' id='word_1_467' title='bbox 934 3390 1083 3460; x_wconf 78' lang='grc' dir='ltr'>αὑτῷ</span> <span class='ocrx_word' id='word_1_468' title='bbox 1126 3391 1299 3462; x_wconf 80' lang='grc' dir='ltr'>ἀρχὴν</span> <span class='ocrx_word' id='word_1_469' title='bbox 1329 3392 1423 3444; x_wconf 78' lang='grc' dir='ltr'><strong>καὶ</strong></span> <span class='ocrx_word' id='word_1_470' title='bbox 1454 3393 1627 3456; x_wconf 77' lang='grc' dir='ltr'>τέλος,</span> <span class='ocrx_word' id='word_1_471' title='bbox 1668 3393 1840 3464; x_wconf 80' lang='grc' dir='ltr'>ὅσπερ</span> <span class='ocrx_word' id='word_1_472' title='bbox 1869 3393 2049 3466; x_wconf 81' lang='lat' dir='ltr'><strong>“[8l]</strong></span> <span class='ocrx_word' id='word_1_473' title='bbox 2081 3395 2180 3448; x_wconf 81' lang='grc' dir='ltr'><strong>οὑκ</strong></span> <span class='ocrx_word' id='word_1_474' title='bbox 2215 3397 2272 3448; x_wconf 83' lang='grc' dir='ltr'>ὲν</span> <span class='ocrx_word' id='word_1_475' title='bbox 2327 3391 2524 3464; x_wconf 80' lang='grc' dir='ltr'>καιρῷ,</span> <span class='ocrx_word' id='word_1_476' title='bbox 2554 3393 2692 3448; x_wconf 70' lang='grc' dir='ltr'>ἀλλὰ</span> <span class='ocrx_word' id='word_1_477' title='bbox 2749 3393 2855 3462; x_wconf 75' lang='grc' dir='ltr'>πρὸ</span> <span class='ocrx_word' id='word_1_478' title='bbox 2881 3391 3080 3454; x_wconf 70' lang='grc' dir='ltr'>παντὸς</span> <span class='ocrx_word' id='word_1_479' title='bbox 3123 3389 3316 3460; x_wconf 81' lang='grc' dir='ltr'>χρόνου</span> <span class='ocrx_word' id='word_1_480' title='bbox 3349 3389 3564 3456; x_wconf 83' lang='grc' dir='ltr'>γένεσιν</span> <span class='ocrx_word' id='word_1_481' title='bbox 3584 3385 3718 3458; x_wconf 82' lang='grc' dir='ltr'>ἔχει.</span> 
     </span>
    </p>
   </div>
   <div class='ocr_carea' id='block_1_63' title="bbox 511 3478 2129 3556">
    <p class='ocr_par' dir='ltr' id='par_1_63' title="bbox 511 3481 2102 3556">
     <span class='ocr_line' id='line_1_63' title="bbox 511 3481 2102 3556; baseline 0.003 -22"><span class='ocrx_word' id='word_1_482' title='bbox 511 3481 695 3550; x_wconf 69' lang='lat' dir='ltr'><strong>Nuper</strong></span> <span class='ocrx_word' id='word_1_483' title='bbox 721 3482 884 3536; x_wconf 87' lang='lat' dir='ltr'><strong>etiam</strong></span> <span class='ocrx_word' id='word_1_484' title='bbox 927 3483 1128 3551; x_wconf 73' lang='lat' dir='ltr'><strong>vipera:</strong></span> <span class='ocrx_word' id='word_1_485' title='bbox 1160 3481 1282 3536; x_wconf 70' lang='lat' dir='ltr'><strong>dum</strong></span> <span class='ocrx_word' id='word_1_486' title='bbox 1333 3497 1398 3536; x_wconf 76' lang='lat' dir='ltr'><strong>ex</strong></span> <span class='ocrx_word' id='word_1_487' title='bbox 1437 3484 1626 3554; x_wconf 85' lang='lat' dir='ltr'><strong>aspide</strong></span> <span class='ocrx_word' id='word_1_488' title='bbox 1661 3484 1864 3540; x_wconf 84' lang='lat' dir='ltr'><strong>Ariana</strong></span> <span class='ocrx_word' id='word_1_489' title='bbox 1898 3500 2030 3556; x_wconf 88' lang='lat' dir='ltr'><strong>pro-</strong></span> <span class='ocrx_word' id='word_1_490' title='bbox 2061 3491 2102 3547; x_wconf 88' lang='lat' dir='ltr'><strong><em>C</em></strong></span> 
     </span>
    </p>
   </div>
   <div class='ocr_carea' id='block_1_64' title="bbox 2105 3478 3723 3556">
    <p class='ocr_par' dir='ltr' id='par_1_64' title="bbox 2207 3478 3723 3555">
     <span class='ocr_line' id='line_1_64' title="bbox 2207 3478 3723 3555; baseline -0.006 -14"><span class='ocrx_word' id='word_1_491' title='bbox 2207 3485 2319 3541; x_wconf 67' lang='grc' dir='ltr'><strong>Καὶ</strong></span> <span class='ocrx_word' id='word_1_492' title='bbox 2366 3487 2626 3555; x_wconf 80' lang='grc' dir='ltr'>ὑπόγυιον</span> <span class='ocrx_word' id='word_1_493' title='bbox 2675 3485 2732 3538; x_wconf 79' lang='grc' dir='ltr'>δὲ</span> <span class='ocrx_word' id='word_1_494' title='bbox 2772 3483 2865 3538; x_wconf 80' lang='grc' dir='ltr'><strong>δύο</strong></span> <span class='ocrx_word' id='word_1_495' title='bbox 2907 3482 3050 3553; x_wconf 80' lang='grc' dir='ltr'>ἔχεις</span> <span class='ocrx_word' id='word_1_496' title='bbox 3085 3481 3193 3534; x_wconf 74' lang='grc' dir='ltr'><strong>ἀπὸ</strong></span> <span class='ocrx_word' id='word_1_497' title='bbox 3241 3480 3339 3550; x_wconf 72' lang='grc' dir='ltr'>τῆς</span> <span class='ocrx_word' id='word_1_498' title='bbox 3369 3479 3594 3542; x_wconf 79' lang='grc' dir='ltr'>ἀσπίδος</span> <span class='ocrx_word' id='word_1_499' title='bbox 3623 3478 3723 3547; x_wconf 83' lang='grc' dir='ltr'>τῆς</span> 
     </span>
    </p>
   </div>
   <div class='ocr_carea' id='block_1_65' title="bbox 438 3568 2056 3649">
    <p class='ocr_par' dir='ltr' id='par_1_65' title="bbox 438 3568 2030 3643">
     <span class='ocr_line' id='line_1_65' title="bbox 438 3568 2030 3643; baseline 0.003 -20"><span class='ocrx_word' id='word_1_500' title='bbox 438 3570 610 3632; x_wconf 85' lang='lat' dir='ltr'><strong>dicre,</strong></span> <span class='ocrx_word' id='word_1_501' title='bbox 636 3568 835 3625; x_wconf 80' lang='lat' dir='ltr'><strong>Valens</strong></span> <span class='ocrx_word' id='word_1_502' title='bbox 865 3578 917 3625; x_wconf 90' lang='lat' dir='ltr'><strong>et</strong></span> <span class='ocrx_word' id='word_1_503' title='bbox 944 3569 1230 3637; x_wconf 87' lang='lat' dir='ltr'><strong>Ursacius,</strong></span> <span class='ocrx_word' id='word_1_504' title='bbox 1253 3573 1344 3643; x_wconf 90' lang='lat' dir='ltr'><strong>qui</strong></span> <span class='ocrx_word' id='word_1_505' title='bbox 1380 3571 1686 3642; x_wconf 81' lang='lat' dir='ltr'><strong>gloriantur</strong></span> <span class='ocrx_word' id='word_1_506' title='bbox 1710 3581 1763 3628; x_wconf 91' lang='lat' dir='ltr'><strong>et</strong></span> <span class='ocrx_word' id='word_1_507' title='bbox 1797 3588 1905 3628; x_wconf 93' lang='lat' dir='ltr'><strong>non</strong></span> <span class='ocrx_word' id='word_1_508' title='bbox 1931 3574 2030 3628; x_wconf 86' lang='lat' dir='ltr'><strong>du-</strong></span> 
     </span>
    </p>
   </div>
   <div class='ocr_carea' id='block_1_66' title="bbox 2106 3568 3724 3649">
    <p class='ocr_par' dir='ltr' id='par_1_66' title="bbox 2150 3570 3724 3649">
     <span class='ocr_line' id='line_1_66' title="bbox 2150 3570 3724 3649; baseline -0.006 -18"><span class='ocrx_word' id='word_1_509' title='bbox 2150 3579 2201 3631; x_wconf 72' lang='grc' dir='ltr'><strong>Ἀ</strong></span> <span class='ocrx_word' id='word_1_510' title='bbox 2216 3577 2437 3649; x_wconf 82' lang='grc' dir='ltr'>ρειανῆς</span> <span class='ocrx_word' id='word_1_511' title='bbox 2475 3575 2869 3646; x_wconf 73' lang='grc' dir='ltr'>ἐγεννήθησαν,</span> <span class='ocrx_word' id='word_1_512' title='bbox 2920 3573 3137 3642; x_wconf 74' lang='grc' dir='ltr'>Οὐάλης</span> <span class='ocrx_word' id='word_1_513' title='bbox 3167 3572 3260 3626; x_wconf 73' lang='grc' dir='ltr'>καὶ</span> <span class='ocrx_word' id='word_1_514' title='bbox 3289 3571 3614 3642; x_wconf 75' lang='grc' dir='ltr'>Οὑρσάκιος,</span> <span class='ocrx_word' id='word_1_515' title='bbox 3646 3570 3724 3622; x_wconf 87' lang='grc' dir='ltr'>οῖ-</span> 
     </span>
    </p>
   </div>
   <div class='ocr_carea' id='block_1_67' title="bbox 439 3662 2057 3741">
    <p class='ocr_par' dir='ltr' id='par_1_67' title="bbox 439 3662 2030 3736">
     <span class='ocr_line' id='line_1_67' title="bbox 439 3662 2030 3736; baseline 0.003 -18"><span class='ocrx_word' id='word_1_516' title='bbox 439 3663 616 3718; x_wconf 84' lang='lat' dir='ltr'><strong>bitant</strong></span> <span class='ocrx_word' id='word_1_517' title='bbox 661 3679 722 3719; x_wconf 89' lang='lat' dir='ltr'><strong>se</strong></span> <span class='ocrx_word' id='word_1_518' title='bbox 775 3662 961 3718; x_wconf 84' lang='lat' dir='ltr'><strong>dicere</strong></span> <span class='ocrx_word' id='word_1_519' title='bbox 1005 3663 1375 3730; x_wconf 88' lang='lat' dir='ltr'><strong>Christianos,</strong></span> <span class='ocrx_word' id='word_1_520' title='bbox 1433 3664 1527 3736; x_wconf 91' lang='lat' dir='ltr'><strong>qui</strong></span> <span class='ocrx_word' id='word_1_521' title='bbox 1583 3673 1638 3720; x_wconf 91' lang='lat' dir='ltr'><strong>et</strong></span> <span class='ocrx_word' id='word_1_522' title='bbox 1694 3663 1932 3721; x_wconf 81' lang='lat' dir='ltr'><strong>Verbum</strong></span> <span class='ocrx_word' id='word_1_523' title='bbox 1976 3675 2030 3723; x_wconf 91' lang='lat' dir='ltr'><strong>et</strong></span> 
     </span>
    </p>
   </div>
   <div class='ocr_carea' id='block_1_68' title="bbox 2105 3662 3723 3741">
    <p class='ocr_par' dir='ltr' id='par_1_68' title="bbox 2137 3662 3723 3741">
     <span class='ocr_line' id='line_1_68' title="bbox 2137 3662 3723 3741; baseline -0.008 -16"><span class='ocrx_word' id='word_1_524' title='bbox 2137 3689 2282 3736; x_wconf 87' lang='grc' dir='ltr'>τινες</span> <span class='ocrx_word' id='word_1_525' title='bbox 2308 3670 2620 3741; x_wconf 77' lang='grc' dir='ltr'>καυχῶνται</span> <span class='ocrx_word' id='word_1_526' title='bbox 2653 3668 2746 3722; x_wconf 79' lang='grc' dir='ltr'>καὶ</span> <span class='ocrx_word' id='word_1_527' title='bbox 2767 3668 2868 3720; x_wconf 82' lang='grc' dir='ltr'><strong>οὑκ</strong></span> <span class='ocrx_word' id='word_1_528' title='bbox 2891 3665 3294 3737; x_wconf 76' lang='grc' dir='ltr'>ἀμφιϐάλλουσι</span> <span class='ocrx_word' id='word_1_529' title='bbox 3321 3662 3568 3731; x_wconf 85' lang='grc' dir='ltr'>λέγοντες</span> <span class='ocrx_word' id='word_1_530' title='bbox 3598 3663 3723 3714; x_wconf 81' lang='grc' dir='ltr'>ἐαυ-</span> 
     </span>
    </p>
   </div>
   <div class='ocr_carea' id='block_1_69' title="bbox 440 3751 2058 3833">
    <p class='ocr_par' dir='ltr' id='par_1_69' title="bbox 440 3755 2029 3826">
     <span class='ocr_line' id='line_1_69' title="bbox 440 3755 2029 3826; baseline 0.003 -16"><span class='ocrx_word' id='word_1_531' title='bbox 440 3756 706 3825; x_wconf 88' lang='lat' dir='ltr'><strong>Spiritum</strong></span> <span class='ocrx_word' id='word_1_532' title='bbox 730 3755 1077 3820; x_wconf 79' lang='lat' dir='ltr'><strong>crncilixum,</strong></span> <span class='ocrx_word' id='word_1_533' title='bbox 1107 3755 1470 3820; x_wconf 84' lang='lat' dir='ltr'><strong>vulneratum,</strong></span> <span class='ocrx_word' id='word_1_534' title='bbox 1491 3764 1546 3812; x_wconf 90' lang='lat' dir='ltr'><strong>et</strong></span> <span class='ocrx_word' id='word_1_535' title='bbox 1574 3765 1851 3812; x_wconf 88' lang='lat' dir='ltr'><strong>mortuum</strong></span> <span class='ocrx_word' id='word_1_536' title='bbox 1881 3773 2029 3826; x_wconf 89' lang='lat' dir='ltr'><strong>esse,</strong></span> 
     </span>
    </p>
   </div>
   <div class='ocr_carea' id='block_1_70' title="bbox 2107 3751 3725 3833">
    <p class='ocr_par' dir='ltr' id='par_1_70' title="bbox 2135 3751 3725 3833">
     <span class='ocr_line' id='line_1_70' title="bbox 2135 3751 3725 3833; baseline -0.006 -16"><span class='ocrx_word' id='word_1_537' title='bbox 2135 3764 2263 3826; x_wconf 75' lang='grc' dir='ltr'>τοὺς</span> <span class='ocrx_word' id='word_1_538' title='bbox 2302 3762 2662 3833; x_wconf 72' lang='grc' dir='ltr'>Χριστιανοὺς</span> <span class='ocrx_word' id='word_1_539' title='bbox 2714 3754 2873 3824; x_wconf 78' lang='grc' dir='ltr'>εἶναι,</span> <span class='ocrx_word' id='word_1_540' title='bbox 2914 3759 3009 3812; x_wconf 78' lang='grc' dir='ltr'><strong>καὶ</strong></span> <span class='ocrx_word' id='word_1_541' title='bbox 3035 3758 3115 3811; x_wconf 80' lang='grc' dir='ltr'><strong>ὅτι</strong></span> <span class='ocrx_word' id='word_1_542' title='bbox 3144 3757 3171 3811; x_wconf 87' lang='grc' dir='ltr'><strong>ό</strong></span> <span class='ocrx_word' id='word_1_543' title='bbox 3202 3756 3392 3825; x_wconf 69' lang='grc' dir='ltr'>Λόγος,</span> <span class='ocrx_word' id='word_1_544' title='bbox 3431 3753 3523 3808; x_wconf 76' lang='grc' dir='ltr'>καὶ</span> <span class='ocrx_word' id='word_1_545' title='bbox 3550 3755 3630 3808; x_wconf 87' lang='grc' dir='ltr'>ὃτι</span> <span class='ocrx_word' id='word_1_546' title='bbox 3662 3751 3725 3807; x_wconf 77' lang='grc' dir='ltr'><strong>τὸ</strong></span> 
     </span>
    </p>
   </div>
   <div class='ocr_carea' id='block_1_71' title="bbox 436 3844 2054 3925">
    <p class='ocr_par' dir='ltr' id='par_1_71' title="bbox 436 3847 2028 3919">
     <span class='ocr_line' id='line_1_71' title="bbox 436 3847 2028 3919; baseline 0.001 -16"><span class='ocrx_word' id='word_1_547' title='bbox 436 3857 493 3903; x_wconf 91' lang='lat' dir='ltr'><strong>ct</strong></span> <span class='ocrx_word' id='word_1_548' title='bbox 526 3848 915 3913; x_wconf 80' lang='lat' dir='ltr'><strong>resurrexisse,</strong></span> <span class='ocrx_word' id='word_1_549' title='bbox 943 3848 1201 3919; x_wconf 87' lang='lat' dir='ltr'><strong>quodque</strong></span> <span class='ocrx_word' id='word_1_550' title='bbox 1237 3847 1619 3904; x_wconf 67' lang='lat' dir='ltr'><strong>haereticorum</strong></span> <span class='ocrx_word' id='word_1_551' title='bbox 1650 3849 1852 3904; x_wconf 90' lang='lat' dir='ltr'><strong>cohors</strong></span> <span class='ocrx_word' id='word_1_552' title='bbox 1891 3863 2028 3904; x_wconf 84' lang='lat' dir='ltr'><strong>con-</strong></span> 
     </span>
    </p>
   </div>
   <div class='ocr_carea' id='block_1_72' title="bbox 2103 3844 3721 3925">
    <p class='ocr_par' dir='ltr' id='par_1_72' title="bbox 2139 3844 3721 3925">
     <span class='ocr_line' id='line_1_72' title="bbox 2139 3844 3721 3925; baseline -0.009 -14"><span class='ocrx_word' id='word_1_553' title='bbox 2139 3856 2365 3925; x_wconf 82' lang='grc' dir='ltr'>Πνεῦμα</span> <span class='ocrx_word' id='word_1_554' title='bbox 2391 3853 2482 3908; x_wconf 73' lang='grc' dir='ltr'><strong>καὶ</strong></span> <span class='ocrx_word' id='word_1_555' title='bbox 2520 3849 2862 3922; x_wconf 75' lang='grc' dir='ltr'>ἐσταυρώθη,</span> <span class='ocrx_word' id='word_1_556' title='bbox 2897 3849 2992 3903; x_wconf 77' lang='grc' dir='ltr'><strong>καὶ</strong></span> <span class='ocrx_word' id='word_1_557' title='bbox 3023 3847 3263 3918; x_wconf 76' lang='grc' dir='ltr'>ἐσφάγη,</span> <span class='ocrx_word' id='word_1_558' title='bbox 3307 3846 3403 3902; x_wconf 72' lang='grc' dir='ltr'>καὶ</span> <span class='ocrx_word' id='word_1_559' title='bbox 3433 3844 3721 3911; x_wconf 85' lang='grc' dir='ltr'>ἀπέθανεν,</span> 
     </span>
    </p>
   </div>
   <div class='ocr_carea' id='block_1_73' title="bbox 436 3937 2054 4016">
    <p class='ocr_par' dir='ltr' id='par_1_73' title="bbox 436 3938 2030 4012">
     <span class='ocr_line' id='line_1_73' title="bbox 436 3938 2030 4012; baseline 0.001 -18"><span class='ocrx_word' id='word_1_560' title='bbox 436 3938 631 4006; x_wconf 90' lang='lat' dir='ltr'><strong>tendit,</strong></span> <span class='ocrx_word' id='word_1_561' title='bbox 674 3939 924 3996; x_wconf 87' lang='lat' dir='ltr'><strong>diversas</strong></span> <span class='ocrx_word' id='word_1_562' title='bbox 951 3955 1075 3996; x_wconf 82' lang='lat' dir='ltr'><strong>esse</strong></span> <span class='ocrx_word' id='word_1_563' title='bbox 1105 3939 1434 4012; x_wconf 79' lang='lat' dir='ltr'><strong>ltypostases</strong></span> <span class='ocrx_word' id='word_1_564' title='bbox 1476 3939 1679 4006; x_wconf 79' lang='lat' dir='ltr'><strong>Patris,</strong></span> <span class='ocrx_word' id='word_1_565' title='bbox 1710 3947 1765 3994; x_wconf 91' lang='lat' dir='ltr'><strong>et</strong></span> <span class='ocrx_word' id='word_1_566' title='bbox 1799 3938 1942 4004; x_wconf 85' lang='lat' dir='ltr'><strong>Filii,</strong></span> <span class='ocrx_word' id='word_1_567' title='bbox 1974 3947 2030 3996; x_wconf 86' lang='lat' dir='ltr'><strong>et</strong></span> 
     </span>
    </p>
   </div>
   <div class='ocr_carea' id='block_1_74' title="bbox 2103 3937 3721 4016">
    <p class='ocr_par' dir='ltr' id='par_1_74' title="bbox 2136 3937 3721 4016">
     <span class='ocr_line' id='line_1_74' title="bbox 2136 3937 3721 4016; baseline -0.009 -12"><span class='ocrx_word' id='word_1_568' title='bbox 2136 3949 2231 4004; x_wconf 77' lang='grc' dir='ltr'><strong>καὶ</strong></span> <span class='ocrx_word' id='word_1_569' title='bbox 2257 3948 2456 4016; x_wconf 81' lang='grc' dir='ltr'>ἀνέστη</span> <span class='ocrx_word' id='word_1_570' title='bbox 2477 3963 2492 3979; x_wconf 78' lang='grc' dir='ltr'><strong>ο</strong></span> <span class='ocrx_word' id='word_1_571' title='bbox 2525 3944 2617 3998; x_wconf 62' lang='grc' dir='ltr'><strong>καλ¹</strong></span> <span class='ocrx_word' id='word_1_572' title='bbox 2667 3943 2858 4014; x_wconf 80' lang='grc' dir='ltr'>ὅτιπερ</span> <span class='ocrx_word' id='word_1_573' title='bbox 2887 3942 2948 3995; x_wconf 75' lang='grc' dir='ltr'>τὸ</span> <span class='ocrx_word' id='word_1_574' title='bbox 2979 3942 3086 3994; x_wconf 87' lang='grc' dir='ltr'><strong>τῶν</strong></span> <span class='ocrx_word' id='word_1_575' title='bbox 3126 3939 3420 4010; x_wconf 85' lang='grc' dir='ltr'>αίρετικῶν</span> <span class='ocrx_word' id='word_1_576' title='bbox 3468 3937 3721 4008; x_wconf 71' lang='grc' dir='ltr'>σύστημα</span> 
     </span>
    </p>
   </div>
   <div class='ocr_carea' id='block_1_75' title="bbox 435 4029 2053 4111">
    <p class='ocr_par' dir='ltr' id='par_1_75' title="bbox 435 4029 2024 4102">
     <span class='ocr_line' id='line_1_75' title="bbox 435 4029 2024 4102; baseline 0.001 -18"><span class='ocrx_word' id='word_1_577' title='bbox 435 4029 678 4100; x_wconf 88' lang='lat' dir='ltr'><strong>Spiritus</strong></span> <span class='ocrx_word' id='word_1_578' title='bbox 708 4031 887 4086; x_wconf 88' lang='lat' dir='ltr'><strong>sancti</strong></span> <span class='ocrx_word' id='word_1_579' title='bbox 919 4032 1300 4102; x_wconf 86' lang='lat' dir='ltr'><strong>pronuntiant,</strong></span> <span class='ocrx_word' id='word_1_580' title='bbox 1329 4040 1384 4086; x_wconf 92' lang='lat' dir='ltr'><strong>et</strong></span> <span class='ocrx_word' id='word_1_581' title='bbox 1434 4046 1529 4085; x_wconf 88' lang='lat' dir='ltr'><strong>eas</strong></span> <span class='ocrx_word' id='word_1_582' title='bbox 1561 4037 1844 4100; x_wconf 90' lang='lat' dir='ltr'><strong>separatas</strong></span> <span class='ocrx_word' id='word_1_583' title='bbox 1881 4045 2024 4085; x_wconf 88' lang='lat' dir='ltr'><strong>esse.</strong></span> 
     </span>
    </p>
   </div>
   <div class='ocr_carea' id='block_1_76' title="bbox 2103 4029 3721 4111">
    <p class='ocr_par' dir='ltr' id='par_1_76' title="bbox 2137 4029 3721 4111">
     <span class='ocr_line' id='line_1_76' title="bbox 2137 4029 3721 4111; baseline -0.008 -16"><span class='ocrx_word' id='word_1_584' title='bbox 2137 4041 2450 4111; x_wconf 76' lang='grc' dir='ltr'>φιλονεικεῖ,</span> <span class='ocrx_word' id='word_1_585' title='bbox 2484 4036 2776 4108; x_wconf 78' lang='grc' dir='ltr'>διαφόρους</span> <span class='ocrx_word' id='word_1_586' title='bbox 2811 4030 2950 4088; x_wconf 73' lang='grc' dir='ltr'>εἶναι</span> <span class='ocrx_word' id='word_1_587' title='bbox 2982 4032 3082 4096; x_wconf 69' lang='grc' dir='ltr'>τὰς</span> <span class='ocrx_word' id='word_1_588' title='bbox 3113 4033 3439 4094; x_wconf 83' lang='grc' dir='ltr'>ὑποστάσεις</span> <span class='ocrx_word' id='word_1_589' title='bbox 3469 4029 3564 4084; x_wconf 80' lang='grc' dir='ltr'>τοῦ</span> <span class='ocrx_word' id='word_1_590' title='bbox 3611 4033 3721 4084; x_wconf 68' lang='grc' dir='ltr'>[ια.</span> 
     </span>
    </p>
   </div>
   <div class='ocr_carea' id='block_1_77' title="bbox 433 4121 2051 4204">
    <p class='ocr_par' dir='ltr' id='par_1_77' title="bbox 433 4121 2027 4196">
     <span class='ocr_line' id='line_1_77' title="bbox 433 4121 2027 4196; baseline 0 -18"><span class='ocrx_word' id='word_1_591' title='bbox 433 4121 546 4179; x_wconf 75' lang='lat' dir='ltr'><strong>Nos</strong></span> <span class='ocrx_word' id='word_1_592' title='bbox 569 4135 750 4180; x_wconf 86' lang='lat' dir='ltr'><strong>autem</strong></span> <span class='ocrx_word' id='word_1_593' title='bbox 777 4125 920 4180; x_wconf 91' lang='lat' dir='ltr'><strong>hanc</strong></span> <span class='ocrx_word' id='word_1_594' title='bbox 953 4125 1322 4196; x_wconf 88' lang='lat' dir='ltr'><strong>percepimus,</strong></span> <span class='ocrx_word' id='word_1_595' title='bbox 1355 4131 1409 4179; x_wconf 91' lang='lat' dir='ltr'><strong>et</strong></span> <span class='ocrx_word' id='word_1_596' title='bbox 1447 4123 1764 4189; x_wconf 89' lang='lat' dir='ltr'><strong>didicimus,</strong></span> <span class='ocrx_word' id='word_1_597' title='bbox 1798 4130 1850 4177; x_wconf 89' lang='lat' dir='ltr'><strong>et</strong></span> <span class='ocrx_word' id='word_1_598' title='bbox 1887 4124 2027 4178; x_wconf 89' lang='lat' dir='ltr'><strong>hanc</strong></span> 
     </span>
    </p>
   </div>
   <div class='ocr_carea' id='block_1_78' title="bbox 2101 4121 3719 4204">
    <p class='ocr_par' dir='ltr' id='par_1_78' title="bbox 2134 4123 3719 4204">
     <span class='ocr_line' id='line_1_78' title="bbox 2134 4123 3719 4204; baseline -0.007 -17"><span class='ocrx_word' id='word_1_599' title='bbox 2134 4133 2283 4204; x_wconf 83' lang='grc' dir='ltr'>τρδς,</span> <span class='ocrx_word' id='word_1_600' title='bbox 2337 4131 2432 4186; x_wconf 66' lang='grc' dir='ltr'><strong>καὶ</strong></span> <span class='ocrx_word' id='word_1_601' title='bbox 2473 4130 2566 4184; x_wconf 72' lang='grc' dir='ltr'>τοῦ</span> <span class='ocrx_word' id='word_1_602' title='bbox 2619 4129 2775 4190; x_wconf 82' lang='grc' dir='ltr'>Υίοῦ.</span> <span class='ocrx_word' id='word_1_603' title='bbox 2804 4129 2899 4181; x_wconf 70' lang='grc' dir='ltr'><strong>καὶ</strong></span> <span class='ocrx_word' id='word_1_604' title='bbox 2931 4127 3026 4180; x_wconf 75' lang='grc' dir='ltr'>τοῦ</span> <span class='ocrx_word' id='word_1_605' title='bbox 3069 4125 3226 4195; x_wconf 78' lang='grc' dir='ltr'>ἁγίου</span> <span class='ocrx_word' id='word_1_606' title='bbox 3260 4124 3596 4194; x_wconf 83' lang='grc' dir='ltr'>Πνεύματος,</span> <span class='ocrx_word' id='word_1_607' title='bbox 3629 4123 3719 4176; x_wconf 70' lang='grc' dir='ltr'><strong>καὶ</strong></span> 
     </span>
    </p>
   </div>
   <div class='ocr_carea' id='block_1_79' title="bbox 434 4215 2052 4294">
    <p class='ocr_par' dir='ltr' id='par_1_79' title="bbox 434 4215 2030 4283">
     <span class='ocr_line' id='line_1_79' title="bbox 434 4215 2030 4283; baseline -0.001 -13"><span class='ocrx_word' id='word_1_608' title='bbox 434 4215 702 4272; x_wconf 85' lang='lat' dir='ltr'><strong>habemus</strong></span> <span class='ocrx_word' id='word_1_609' title='bbox 724 4216 1049 4271; x_wconf 89' lang='lat' dir='ltr'><strong>catholicam</strong></span> <span class='ocrx_word' id='word_1_610' title='bbox 1073 4216 1514 4280; x_wconf 83' lang='lat' dir='ltr'><strong>traditionem,et</strong></span> <span class='ocrx_word' id='word_1_611' title='bbox 1542 4215 1700 4270; x_wconf 81' lang='lat' dir='ltr'><strong>ﬁdem</strong></span> <span class='ocrx_word' id='word_1_612' title='bbox 1724 4222 1888 4283; x_wconf 90' lang='lat' dir='ltr'><strong>atque</strong></span> <span class='ocrx_word' id='word_1_613' title='bbox 1903 4230 2030 4270; x_wconf 90' lang='lat' dir='ltr'><strong>con-</strong></span> 
     </span>
    </p>
   </div>
   <div class='ocr_carea' id='block_1_80' title="bbox 2101 4215 3719 4294">
    <p class='ocr_par' dir='ltr' id='par_1_80' title="bbox 2133 4215 3719 4294">
     <span class='ocr_line' id='line_1_80' title="bbox 2133 4215 3719 4294; baseline -0.007 -16"><span class='ocrx_word' id='word_1_614' title='bbox 2133 4219 2274 4280; x_wconf 83' lang='grc' dir='ltr'>εῖναι</span> <span class='ocrx_word' id='word_1_615' title='bbox 2299 4222 2735 4294; x_wconf 83' lang='grc' dir='ltr'>κεχωρισμένας.</span> <span class='ocrx_word' id='word_1_616' title='bbox 2776 4220 2970 4290; x_wconf 83' lang='grc' dir='ltr'>Ἡμεῖς</span> <span class='ocrx_word' id='word_1_617' title='bbox 2995 4219 3052 4271; x_wconf 85' lang='grc' dir='ltr'>δὲ</span> <span class='ocrx_word' id='word_1_618' title='bbox 3070 4217 3274 4288; x_wconf 85' lang='grc' dir='ltr'>ταύτην</span> <span class='ocrx_word' id='word_1_619' title='bbox 3300 4215 3719 4288; x_wconf 71' lang='grc' dir='ltr'>παρειλήφαμεν</span> 
     </span>
    </p>
   </div>
   <div class='ocr_carea' id='block_1_81' title="bbox 434 4306 2052 4384">
    <p class='ocr_par' dir='ltr' id='par_1_81' title="bbox 434 4306 2026 4379">
     <span class='ocr_line' id='line_1_81' title="bbox 434 4306 2026 4379; baseline 0.001 -17"><span class='ocrx_word' id='word_1_620' title='bbox 434 4306 754 4371; x_wconf 76' lang='lat' dir='ltr'><strong>fessionem,</strong></span> <span class='ocrx_word' id='word_1_621' title='bbox 775 4323 934 4362; x_wconf 90' lang='lat' dir='ltr'><strong>unam</strong></span> <span class='ocrx_word' id='word_1_622' title='bbox 961 4324 1082 4364; x_wconf 88' lang='lat' dir='ltr'><strong>esse</strong></span> <span class='ocrx_word' id='word_1_623' title='bbox 1102 4309 1451 4379; x_wconf 68' lang='lat' dir='ltr'><strong>Itypmtasim,</strong></span> <span class='ocrx_word' id='word_1_624' title='bbox 1467 4324 1629 4378; x_wconf 87' lang='lat' dir='ltr'><strong>quam</strong></span> <span class='ocrx_word' id='word_1_625' title='bbox 1655 4308 1759 4378; x_wconf 89' lang='lat' dir='ltr'><strong>ipsi</strong></span> <span class='ocrx_word' id='word_1_626' title='bbox 1783 4307 2026 4363; x_wconf 70' lang='lat' dir='ltr'><strong>literetiei</strong></span> 
     </span>
    </p>
   </div>
   <div class='ocr_carea' id='block_1_82' title="bbox 2101 4306 3719 4384">
    <p class='ocr_par' dir='ltr' id='par_1_82' title="bbox 2135 4306 3719 4384">
     <span class='ocr_line' id='line_1_82' title="bbox 2135 4306 3719 4384; baseline -0.006 -14"><span class='ocrx_word' id='word_1_627' title='bbox 2135 4315 2231 4370; x_wconf 74' lang='grc' dir='ltr'><strong>καὶ</strong></span> <span class='ocrx_word' id='word_1_628' title='bbox 2259 4311 2634 4384; x_wconf 81' lang='grc' dir='ltr'>δεδιδάγμεθα,</span> <span class='ocrx_word' id='word_1_629' title='bbox 2679 4311 2775 4365; x_wconf 74' lang='grc' dir='ltr'><strong>καὶ</strong></span> <span class='ocrx_word' id='word_1_630' title='bbox 2822 4310 3024 4380; x_wconf 86' lang='grc' dir='ltr'>ταύτην</span> <span class='ocrx_word' id='word_1_631' title='bbox 3070 4309 3264 4380; x_wconf 73' lang='grc' dir='ltr'>ἔχομεν</span> <span class='ocrx_word' id='word_1_632' title='bbox 3293 4310 3393 4378; x_wconf 77' lang='grc' dir='ltr'><strong>τὴν</strong></span> <span class='ocrx_word' id='word_1_633' title='bbox 3424 4306 3719 4379; x_wconf 75' lang='grc' dir='ltr'>καθολικὴν</span> 
     </span>
    </p>
   </div>
   <div class='ocr_carea' id='block_1_83' title="bbox 434 4394 2052 4480">
    <p class='ocr_par' dir='ltr' id='par_1_83' title="bbox 434 4401 2021 4474">
     <span class='ocr_line' id='line_1_83' title="bbox 434 4401 2021 4474; baseline 0.003 -20"><span class='ocrx_word' id='word_1_634' title='bbox 434 4402 611 4455; x_wconf 66' lang='lat' dir='ltr'><strong>asiam</strong></span> <span class='ocrx_word' id='word_1_635' title='bbox 649 4409 872 4470; x_wconf 78' lang='lat' dir='ltr'><strong>vocant,</strong></span> <span class='ocrx_word' id='word_1_636' title='bbox 916 4401 1118 4470; x_wconf 87' lang='lat' dir='ltr'><strong>Patris,</strong></span> <span class='ocrx_word' id='word_1_637' title='bbox 1149 4409 1205 4460; x_wconf 86' lang='lat' dir='ltr'><strong>et</strong></span> <span class='ocrx_word' id='word_1_638' title='bbox 1258 4403 1405 4470; x_wconf 89' lang='lat' dir='ltr'><strong>Filii,</strong></span> <span class='ocrx_word' id='word_1_639' title='bbox 1441 4413 1496 4459; x_wconf 88' lang='lat' dir='ltr'><strong>et</strong></span> <span class='ocrx_word' id='word_1_640' title='bbox 1541 4404 1784 4474; x_wconf 89' lang='lat' dir='ltr'><strong>Spiritus</strong></span> <span class='ocrx_word' id='word_1_641' title='bbox 1824 4405 2021 4460; x_wconf 87' lang='lat' dir='ltr'><strong>sancti.</strong></span> 
     </span>
    </p>
   </div>
   <div class='ocr_carea' id='block_1_84' title="bbox 2100 4394 3718 4480">
    <p class='ocr_par' dir='ltr' id='par_1_84' title="bbox 2133 4394 3718 4480">
     <span class='ocr_line' id='line_1_84' title="bbox 2133 4394 3718 4480; baseline -0.007 -18"><span class='ocrx_word' id='word_1_642' title='bbox 2133 4407 2456 4480; x_wconf 85' lang='grc' dir='ltr'>παράδοσιν,</span> <span class='ocrx_word' id='word_1_643' title='bbox 2506 4405 2600 4458; x_wconf 73' lang='grc' dir='ltr'><strong>καὶ</strong></span> <span class='ocrx_word' id='word_1_644' title='bbox 2657 4403 2863 4467; x_wconf 82' lang='grc' dir='ltr'>πίστιν,</span> <span class='ocrx_word' id='word_1_645' title='bbox 2905 4404 2999 4457; x_wconf 82' lang='grc' dir='ltr'>καὶ</span> <span class='ocrx_word' id='word_1_646' title='bbox 3049 4401 3362 4470; x_wconf 83' lang='grc' dir='ltr'>ὁμολογίαν,</span> <span class='ocrx_word' id='word_1_647' title='bbox 3401 4400 3529 4471; x_wconf 88' lang='grc' dir='ltr'>μίαν</span> <span class='ocrx_word' id='word_1_648' title='bbox 3579 4394 3718 4452; x_wconf 74' lang='grc' dir='ltr'>εἶναι</span> 
     </span>
    </p>
   </div>
   <div class='ocr_carea' id='block_1_85' title="bbox 435 4491 2053 4568">
    <p class='ocr_par' dir='ltr' id='par_1_85' title="bbox 435 4491 2025 4568">
     <span class='ocr_line' id='line_1_85' title="bbox 435 4491 2025 4568; baseline 0.003 -22"><span class='ocrx_word' id='word_1_649' title='bbox 435 4491 503 4547; x_wconf 89' lang='lat' dir='ltr'><strong>Et</strong></span> <span class='ocrx_word' id='word_1_650' title='bbox 537 4493 582 4550; x_wconf 92' lang='lat' dir='ltr'><strong>si</strong></span> <span class='ocrx_word' id='word_1_651' title='bbox 624 4506 874 4564; x_wconf 64' lang='lat' dir='ltr'><strong>quaerant</strong></span> <span class='ocrx_word' id='word_1_652' title='bbox 903 4512 1026 4566; x_wconf 66' lang='lat' dir='ltr'><strong>qua:</strong></span> <span class='ocrx_word' id='word_1_653' title='bbox 1058 4496 1130 4551; x_wconf 92' lang='lat' dir='ltr'><strong>sit</strong></span> <span class='ocrx_word' id='word_1_654' title='bbox 1175 4495 1298 4551; x_wconf 82' lang='lat' dir='ltr'><strong>Filii</strong></span> <span class='ocrx_word' id='word_1_655' title='bbox 1335 4498 1670 4568; x_wconf 83' lang='lat' dir='ltr'><strong>hypostasis,</strong></span> <span class='ocrx_word' id='word_1_656' title='bbox 1705 4497 2025 4568; x_wconf 88' lang='lat' dir='ltr'><strong>protitemur</strong></span> 
     </span>
    </p>
   </div>
   <div class='ocr_carea' id='block_1_86' title="bbox 2099 4491 3717 4568">
    <p class='ocr_par' dir='ltr' id='par_1_86' title="bbox 2129 4492 3717 4566">
     <span class='ocr_line' id='line_1_86' title="bbox 2129 4492 3717 4566; baseline -0.006 -13"><span class='ocrx_word' id='word_1_657' title='bbox 2129 4501 2500 4561; x_wconf 82' lang='grc' dir='ltr'>ὑπόστασιν,</span> <span class='ocrx_word' id='word_1_658' title='bbox 2530 4497 2597 4566; x_wconf 82' lang='grc' dir='ltr'><strong>ἢν</strong></span> <span class='ocrx_word' id='word_1_659' title='bbox 2626 4495 2781 4548; x_wconf 73' lang='grc' dir='ltr'>αὑτοὶ</span> <span class='ocrx_word' id='word_1_660' title='bbox 2813 4496 2860 4547; x_wconf 78' lang='grc' dir='ltr'>οἱ</span> <span class='ocrx_word' id='word_1_661' title='bbox 2895 4493 3160 4565; x_wconf 79' lang='grc' dir='ltr'>αίρετικοὶ</span> <span class='ocrx_word' id='word_1_662' title='bbox 3193 4492 3416 4546; x_wconf 74' lang='grc' dir='ltr'>οὐσίαν</span> <span class='ocrx_word' id='word_1_663' title='bbox 3448 4508 3717 4562; x_wconf 79' lang='grc' dir='ltr'><strong>προσ-αγο⁸</strong></span> 
     </span>
    </p>
   </div>
   <div class='ocr_carea' id='block_1_87' title="bbox 435 4580 2053 4690">
    <p class='ocr_par' dir='ltr' id='par_1_87' title="bbox 435 4587 2026 4658">
     <span class='ocr_line' id='line_1_87' title="bbox 435 4587 2026 4658; baseline 0.003 -18"><span class='ocrx_word' id='word_1_664' title='bbox 435 4600 556 4640; x_wconf 88' lang='lat' dir='ltr'><strong>eam</strong></span> <span class='ocrx_word' id='word_1_665' title='bbox 596 4601 739 4651; x_wconf 86' lang='lat' dir='ltr'><strong>esse,</strong></span> <span class='ocrx_word' id='word_1_666' title='bbox 780 4602 945 4658; x_wconf 90' lang='lat' dir='ltr'><strong>quam</strong></span> <span class='ocrx_word' id='word_1_667' title='bbox 986 4595 1040 4643; x_wconf 92' lang='lat' dir='ltr'><strong>et</strong></span> <span class='ocrx_word' id='word_1_668' title='bbox 1093 4587 1271 4643; x_wconf 82' lang='lat' dir='ltr'><strong>Patris</strong></span> <span class='ocrx_word' id='word_1_669' title='bbox 1311 4590 1483 4642; x_wconf 88' lang='lat' dir='ltr'><strong>solam</strong></span> <span class='ocrx_word' id='word_1_670' title='bbox 1517 4605 1640 4645; x_wconf 88' lang='lat' dir='ltr'><strong>esse</strong></span> <span class='ocrx_word' id='word_1_671' title='bbox 1681 4590 1735 4643; x_wconf 93' lang='lat' dir='ltr'><strong>in</strong></span> <span class='ocrx_word' id='word_1_672' title='bbox 1768 4589 2026 4646; x_wconf 79' lang='lat' dir='ltr'><strong>confesso</strong></span> 
     </span>
    </p>
   </div>
   <div class='ocr_carea' id='block_1_88' title="bbox 2098 4580 3716 4690">
    <p class='ocr_par' dir='ltr' id='par_1_88' title="bbox 2098 4580 3716 4690">
     <span class='ocr_line' id='line_1_88' title="bbox 2098 4580 3716 4679; baseline -0.006 -37"><span class='ocrx_word' id='word_1_673' title='bbox 2098 4589 2372 4679; x_wconf 58' lang='grc' dir='ltr'><strong>&gt;ρεύουσι,</strong></span> <span class='ocrx_word' id='word_1_674' title='bbox 2405 4585 2499 4640; x_wconf 70' lang='grc' dir='ltr'>τοῦ</span> <span class='ocrx_word' id='word_1_675' title='bbox 2545 4584 2777 4656; x_wconf 74' lang='grc' dir='ltr'>Πατρδς,</span> <span class='ocrx_word' id='word_1_676' title='bbox 2813 4583 2908 4638; x_wconf 73' lang='grc' dir='ltr'><strong>καὶ</strong></span> <span class='ocrx_word' id='word_1_677' title='bbox 2955 4581 3050 4637; x_wconf 79' lang='grc' dir='ltr'>τοῦ</span> <span class='ocrx_word' id='word_1_678' title='bbox 3097 4582 3248 4643; x_wconf 79' lang='grc' dir='ltr'>Υίοῦ,</span> <span class='ocrx_word' id='word_1_679' title='bbox 3283 4582 3377 4636; x_wconf 72' lang='grc' dir='ltr'><strong>καὶ</strong></span> <span class='ocrx_word' id='word_1_680' title='bbox 3430 4580 3523 4636; x_wconf 71' lang='grc' dir='ltr'>τοῦ</span> <span class='ocrx_word' id='word_1_681' title='bbox 3561 4581 3716 4649; x_wconf 81' lang='grc' dir='ltr'>ἁγίου</span> 
     </span>
     <span class='ocr_line' id='line_1_89' title="bbox 2134 4671 3687 4690; baseline 0 0"><span class='ocrx_word' id='word_1_682' title='bbox 2134 4679 2267 4690; x_wconf 87' lang='grc'><strong>...</strong></span> <span class='ocrx_word' id='word_1_683' title='bbox 2503 4675 2741 4690; x_wconf 81' lang='grc'><strong>......</strong></span> <span class='ocrx_word' id='word_1_684' title='bbox 2841 4678 2863 4690; x_wconf 82' lang='grc'><strong>-</strong></span> <span class='ocrx_word' id='word_1_685' title='bbox 3011 4674 3023 4690; x_wconf 83' lang='lat'><strong>.</strong></span> <span class='ocrx_word' id='word_1_686' title='bbox 3147 4673 3522 4690; x_wconf 61' lang='grc' dir='ltr'>..ω-..ι</span> <span class='ocrx_word' id='word_1_687' title='bbox 3646 4671 3687 4690; x_wconf 30' lang='grc' dir='ltr'><strong>γ.</strong></span> 
     </span>
    </p>
   </div>
   <div class='ocr_carea' id='block_1_89' title="bbox 433 4671 2051 4753">
    <p class='ocr_par' dir='ltr' id='par_1_89' title="bbox 433 4680 2024 4753">
     <span class='ocr_line' id='line_1_90' title="bbox 433 4680 2024 4753; baseline 0.002 -18"><span class='ocrx_word' id='word_1_688' title='bbox 433 4689 538 4737; x_wconf 85' lang='lat' dir='ltr'><strong>est.</strong></span> <span class='ocrx_word' id='word_1_689' title='bbox 556 4680 744 4751; x_wconf 87' lang='lat' dir='ltr'><strong>Neque</strong></span> <span class='ocrx_word' id='word_1_690' title='bbox 781 4697 1020 4751; x_wconf 89' lang='lat' dir='ltr'><strong>unquam</strong></span> <span class='ocrx_word' id='word_1_691' title='bbox 1047 4680 1263 4737; x_wconf 85' lang='lat' dir='ltr'><strong>Patrem</strong></span> <span class='ocrx_word' id='word_1_692' title='bbox 1293 4682 1412 4736; x_wconf 79' lang='lat' dir='ltr'><strong>sine</strong></span> <span class='ocrx_word' id='word_1_693' title='bbox 1443 4683 1599 4748; x_wconf 84' lang='lat' dir='ltr'><strong>Filio,</strong></span> <span class='ocrx_word' id='word_1_694' title='bbox 1622 4699 1798 4753; x_wconf 85' lang='lat' dir='ltr'><strong>neque</strong></span> <span class='ocrx_word' id='word_1_695' title='bbox 1827 4681 2024 4738; x_wconf 83' lang='lat' dir='ltr'><strong>Filium</strong></span> 
     </span>
    </p>
   </div>
   <div class='ocr_carea' id='block_1_90' title="bbox 2097 4671 3715 4753">
    <p class='ocr_par' dir='ltr' id='par_1_90' title="bbox 2097 4671 3715 4750">
     <span class='ocr_line' id='line_1_91' title="bbox 2097 4671 3715 4750; baseline -0.005 -18"><span class='ocrx_word' id='word_1_696' title='bbox 2097 4671 2103 4680; x_wconf 60' lang='grc'><strong><em>⁷</em></strong></span> <span class='ocrx_word' id='word_1_697' title='bbox 2133 4679 2270 4732; x_wconf 89' lang='grc' dir='ltr'>Πνεύ</span> <span class='ocrx_word' id='word_1_698' title='bbox 2282 4695 2469 4750; x_wconf 84' lang='grc' dir='ltr'>ματος.</span> <span class='ocrx_word' id='word_1_699' title='bbox 2503 4677 2612 4731; x_wconf 60' lang='grc' dir='ltr'><strong>Καὶ⁸</strong></span> <span class='ocrx_word' id='word_1_700' title='bbox 2638 4677 2686 4730; x_wconf 85' lang='grc' dir='ltr'><strong>εί</strong></span> <span class='ocrx_word' id='word_1_701' title='bbox 2709 4675 2943 4746; x_wconf 80' lang='grc' dir='ltr'>ζητοῖεν,</span> <span class='ocrx_word' id='word_1_702' title='bbox 2970 4674 3054 4738; x_wconf 88' lang='grc' dir='ltr'><strong>τίς</strong></span> <span class='ocrx_word' id='word_1_703' title='bbox 3081 4673 3176 4728; x_wconf 79' lang='grc' dir='ltr'>τοῦ</span> <span class='ocrx_word' id='word_1_704' title='bbox 3207 4674 3338 4728; x_wconf 81' lang='grc' dir='ltr'>Υίοῦ</span> <span class='ocrx_word' id='word_1_705' title='bbox 3361 4675 3394 4745; x_wconf 83' lang='grc' dir='ltr'><strong>ἡ</strong></span> <span class='ocrx_word' id='word_1_706' title='bbox 3421 4671 3715 4735; x_wconf 86' lang='grc' dir='ltr'>ὑπόστασίς</span> 
     </span>
    </p>
   </div>
   <div class='ocr_carea' id='block_1_91' title="bbox 434 4764 2052 4841">
    <p class='ocr_par' dir='ltr' id='par_1_91' title="bbox 434 4770 2027 4841">
     <span class='ocr_line' id='line_1_92' title="bbox 434 4770 2027 4841; baseline 0.003 -15"><span class='ocrx_word' id='word_1_707' title='bbox 434 4771 555 4826; x_wconf 82' lang='lat' dir='ltr'><strong>sine</strong></span> <span class='ocrx_word' id='word_1_708' title='bbox 595 4771 758 4824; x_wconf 79' lang='lat' dir='ltr'><strong>Patre</strong></span> <span class='ocrx_word' id='word_1_709' title='bbox 811 4770 1000 4834; x_wconf 75' lang='lat' dir='ltr'><strong>fuisse,</strong></span> <span class='ocrx_word' id='word_1_710' title='bbox 1050 4787 1148 4826; x_wconf 87' lang='lat' dir='ltr'><strong>nec</strong></span> <span class='ocrx_word' id='word_1_711' title='bbox 1186 4771 1236 4824; x_wconf 93' lang='lat' dir='ltr'><strong>id</strong></span> <span class='ocrx_word' id='word_1_712' title='bbox 1285 4772 1430 4841; x_wconf 90' lang='lat' dir='ltr'><strong>quod</strong></span> <span class='ocrx_word' id='word_1_713' title='bbox 1483 4781 1567 4828; x_wconf 88' lang='lat' dir='ltr'><strong>est</strong></span> <span class='ocrx_word' id='word_1_714' title='bbox 1615 4773 1854 4828; x_wconf 87' lang='lat' dir='ltr'><strong>Verbum</strong></span> <span class='ocrx_word' id='word_1_715' title='bbox 1903 4789 2027 4830; x_wconf 84' lang='lat' dir='ltr'><strong>esse</strong></span> 
     </span>
    </p>
   </div>
   <div class='ocr_carea' id='block_1_92' title="bbox 2099 4764 3717 4841">
    <p class='ocr_par' dir='ltr' id='par_1_92' title="bbox 2131 4764 3717 4840">
     <span class='ocr_line' id='line_1_93' title="bbox 2131 4764 3717 4840; baseline -0.004 -16"><span class='ocrx_word' id='word_1_716' title='bbox 2131 4771 2302 4835; x_wconf 78' lang='grc' dir='ltr'>ἐστιν,</span> <span class='ocrx_word' id='word_1_717' title='bbox 2343 4768 2714 4840; x_wconf 74' lang='grc' dir='ltr'>ὁμολογοῦμεν</span> <span class='ocrx_word' id='word_1_718' title='bbox 2758 4768 2833 4832; x_wconf 80' lang='grc' dir='ltr'>ὡς</span> <span class='ocrx_word' id='word_1_719' title='bbox 2865 4766 3005 4836; x_wconf 72' lang='grc' dir='ltr'>αὕτη</span> <span class='ocrx_word' id='word_1_720' title='bbox 3036 4764 3105 4837; x_wconf 78' lang='grc' dir='ltr'>ἦν</span> <span class='ocrx_word' id='word_1_721' title='bbox 3143 4769 3174 4838; x_wconf 83' lang='grc' dir='ltr'>ὴ</span> <span class='ocrx_word' id='word_1_722' title='bbox 3214 4766 3348 4836; x_wconf 90' lang='grc' dir='ltr'>μόνη</span> <span class='ocrx_word' id='word_1_723' title='bbox 3379 4765 3473 4818; x_wconf 74' lang='grc' dir='ltr'>τοῦ</span> <span class='ocrx_word' id='word_1_724' title='bbox 3504 4765 3717 4834; x_wconf 84' lang='grc' dir='ltr'>Πατρὸς</span> 
     </span>
    </p>
   </div>
   <div class='ocr_carea' id='block_1_93' title="bbox 434 4856 2052 4933">
    <p class='ocr_par' dir='ltr' id='par_1_93' title="bbox 434 4857 2027 4932">
     <span class='ocr_line' id='line_1_94' title="bbox 434 4857 2027 4932; baseline 0.004 -22"><span class='ocrx_word' id='word_1_725' title='bbox 434 4870 596 4926; x_wconf 85' lang='lat' dir='ltr'><strong>posse</strong></span> <span class='ocrx_word' id='word_1_726' title='bbox 632 4859 752 4912; x_wconf 88' lang='lat' dir='ltr'><strong>sine</strong></span> <span class='ocrx_word' id='word_1_727' title='bbox 792 4857 1020 4927; x_wconf 82' lang='lat' dir='ltr'><strong>Spiritu.</strong></span> <span class='ocrx_word' id='word_1_728' title='bbox 1049 4859 1215 4932; x_wconf 78' lang='grc'><strong>845</strong></span> <span class='ocrx_word' id='word_1_729' title='bbox 1249 4861 1728 4919; x_wconf 81' lang='lat' dir='ltr'><strong>Absurdissimum</strong></span> <span class='ocrx_word' id='word_1_730' title='bbox 1762 4865 1906 4920; x_wconf 92' lang='lat' dir='ltr'><strong>enim</strong></span> <span class='ocrx_word' id='word_1_731' title='bbox 1942 4873 2027 4919; x_wconf 87' lang='lat' dir='ltr'><strong>est</strong></span> 
     </span>
    </p>
   </div>
   <div class='ocr_carea' id='block_1_94' title="bbox 2098 4856 3716 4933">
    <p class='ocr_par' dir='ltr' id='par_1_94' title="bbox 2129 4856 3716 4933">
     <span class='ocr_line' id='line_1_95' title="bbox 2129 4856 3716 4933; baseline -0.004 -17"><span class='ocrx_word' id='word_1_732' title='bbox 2129 4861 2535 4933; x_wconf 84' lang='grc' dir='ltr'>ὁμολογουμένη</span> <span class='ocrx_word' id='word_1_733' title='bbox 2559 4880 2571 4892; x_wconf 81' lang='grc'><strong>’</strong></span> <span class='ocrx_word' id='word_1_734' title='bbox 2606 4861 2739 4932; x_wconf 84' lang='grc' dir='ltr'>μηδέ</span> <span class='ocrx_word' id='word_1_735' title='bbox 2771 4877 2900 4913; x_wconf 88' lang='grc' dir='ltr'>ποτε</span> <span class='ocrx_word' id='word_1_736' title='bbox 2941 4860 3160 4932; x_wconf 85' lang='grc' dir='ltr'>Πατέρα</span> <span class='ocrx_word' id='word_1_737' title='bbox 3191 4859 3358 4929; x_wconf 68' lang='grc' dir='ltr'>χωρὶς</span> <span class='ocrx_word' id='word_1_738' title='bbox 3396 4857 3546 4923; x_wconf 78' lang='grc' dir='ltr'><strong>Υίοῦ,</strong></span> <span class='ocrx_word' id='word_1_739' title='bbox 3583 4856 3716 4927; x_wconf 75' lang='grc' dir='ltr'>μηδὲ</span> 
     </span>
    </p>
   </div>
   <div class='ocr_carea' id='block_1_95' title="bbox 435 4945 2053 5025">
    <p class='ocr_par' dir='ltr' id='par_1_95' title="bbox 435 4948 2025 5025">
     <span class='ocr_line' id='line_1_96' title="bbox 435 4948 2025 5025; baseline 0.003 -21"><span class='ocrx_word' id='word_1_740' title='bbox 435 4948 641 5016; x_wconf 87' lang='lat' dir='ltr'><strong>dicere,</strong></span> <span class='ocrx_word' id='word_1_741' title='bbox 673 4957 689 4972; x_wconf 92' lang='lat'>&#39;</span> <span class='ocrx_word' id='word_1_742' title='bbox 718 4950 1013 5021; x_wconf 88' lang='lat' dir='ltr'><strong>aliquando</strong></span> <span class='ocrx_word' id='word_1_743' title='bbox 1043 4951 1262 5008; x_wconf 81' lang='lat' dir='ltr'><strong>Patrem</strong></span> <span class='ocrx_word' id='word_1_744' title='bbox 1294 4954 1464 5012; x_wconf 80' lang='lat' dir='ltr'><strong>fuisse</strong></span> <span class='ocrx_word' id='word_1_745' title='bbox 1497 4955 1616 5012; x_wconf 88' lang='lat' dir='ltr'><strong>sine</strong></span> <span class='ocrx_word' id='word_1_746' title='bbox 1650 4953 1812 5021; x_wconf 85' lang='lat' dir='ltr'><strong>Filio,</strong></span> <span class='ocrx_word' id='word_1_747' title='bbox 1849 4970 2025 5025; x_wconf 79' lang='lat' dir='ltr'><strong>neque</strong></span> 
     </span>
    </p>
   </div>
   <div class='ocr_carea' id='block_1_96' title="bbox 2095 4945 3713 5025">
    <p class='ocr_par' dir='ltr' id='par_1_96' title="bbox 2134 4945 3713 5024">
     <span class='ocr_line' id='line_1_97' title="bbox 2134 4945 3713 5024; baseline -0.004 -18"><span class='ocrx_word' id='word_1_748' title='bbox 2134 4954 2260 5008; x_wconf 78' lang='grc' dir='ltr'>Υἱὺν</span> <span class='ocrx_word' id='word_1_749' title='bbox 2283 4953 2452 5024; x_wconf 68' lang='grc' dir='ltr'>χωρὶς</span> <span class='ocrx_word' id='word_1_750' title='bbox 2475 4951 2685 5022; x_wconf 78' lang='grc' dir='ltr'>Πατρὸς</span> <span class='ocrx_word' id='word_1_751' title='bbox 2713 4950 3065 5022; x_wconf 78' lang='grc' dir='ltr'>γεγενῆσθαι,</span> <span class='ocrx_word' id='word_1_752' title='bbox 3103 4949 3237 5020; x_wconf 78' lang='grc' dir='ltr'>μηδὲ</span> <span class='ocrx_word' id='word_1_753' title='bbox 3268 4945 3405 5002; x_wconf 77' lang='grc' dir='ltr'>εἶναι</span> <span class='ocrx_word' id='word_1_754' title='bbox 3435 4945 3713 5011; x_wconf 83' lang='grc' dir='ltr'>δύνασθαι,</span> 
     </span>
    </p>
   </div>
   <div class='ocr_carea' id='block_1_97' title="bbox 509 5104 914 5172">
    <p class='ocr_par' dir='ltr' id='par_1_97' title="bbox 509 5104 914 5172">
     <span class='ocr_line' id='line_1_98' title="bbox 509 5104 914 5172; baseline -0.005 -11"><span class='ocrx_word' id='word_1_755' title='bbox 509 5105 538 5146; x_wconf 69' lang='grc' dir='ltr'><strong>δ</strong></span> <span class='ocrx_word' id='word_1_756' title='bbox 579 5104 760 5162; x_wconf 87' lang='lat' dir='ltr'><strong>Galat.</strong></span> <span class='ocrx_word' id='word_1_757' title='bbox 785 5123 824 5172; x_wconf 87' lang='grc' dir='ltr'><strong>ι,</strong></span> <span class='ocrx_word' id='word_1_758' title='bbox 861 5106 914 5160; x_wconf 90' lang='grc'><strong>8.</strong></span> 
     </span>
    </p>
   </div>
   <div class='ocr_carea' id='block_1_98' title="bbox 1744 5198 2437 5256">
    <p class='ocr_par' dir='ltr' id='par_1_98' title="bbox 1744 5198 2437 5256">
     <span class='ocr_line' id='line_1_99' title="bbox 1744 5198 2437 5256; baseline 0 -2"><span class='ocrx_word' id='word_1_759' title='bbox 1744 5198 1982 5254; x_wconf 71' lang='lat' dir='ltr'><strong>VARIA“.</strong></span> <span class='ocrx_word' id='word_1_760' title='bbox 2035 5200 2437 5256; x_wconf 74' lang='lat' dir='ltr'><strong>LECTIONES.</strong></span> 
     </span>
    </p>
   </div>
   <div class='ocr_carea' id='block_1_99' title="bbox 528 5312 3710 5387">
    <p class='ocr_par' dir='ltr' id='par_1_99' title="bbox 528 5312 3710 5387">
     <span class='ocr_line' id='line_1_100' title="bbox 528 5312 3710 5387; baseline -0.001 -20"><span class='ocrx_word' id='word_1_761' title='bbox 528 5313 575 5344; x_wconf 64' lang='grc'>⁸³</span> <span class='ocrx_word' id='word_1_762' title='bbox 615 5313 1052 5385; x_wconf 81' lang='grc' dir='ltr'>ἀποκρύττομεν.</span> <span class='ocrx_word' id='word_1_763' title='bbox 1110 5315 1275 5372; x_wconf 79' lang='lat' dir='ltr'><strong>Basil.</strong></span> <span class='ocrx_word' id='word_1_764' title='bbox 1327 5318 1423 5373; x_wconf 82' lang='lat' dir='ltr'><strong>Gr.</strong></span> <span class='ocrx_word' id='word_1_765' title='bbox 1467 5320 1622 5381; x_wconf 85' lang='lat' dir='ltr'><strong>vitio,</strong></span> <span class='ocrx_word' id='word_1_766' title='bbox 1671 5325 1731 5372; x_wconf 91' lang='lat' dir='ltr'><strong>ut</strong></span> <span class='ocrx_word' id='word_1_767' title='bbox 1771 5316 2006 5380; x_wconf 71' lang='lat' dir='ltr'><strong>videtur,</strong></span> <span class='ocrx_word' id='word_1_768' title='bbox 2049 5317 2284 5375; x_wconf 87' lang='lat' dir='ltr'><strong>librarii.</strong></span> <span class='ocrx_word' id='word_1_769' title='bbox 2345 5318 2796 5387; x_wconf 77' lang='grc' dir='ltr'>Ἀποκρύπτομεν</span> <span class='ocrx_word' id='word_1_770' title='bbox 2831 5315 3096 5387; x_wconf 79' lang='lat' dir='ltr'><strong>Stepltan.</strong></span> <span class='ocrx_word' id='word_1_771' title='bbox 3149 5317 3420 5371; x_wconf 75' lang='lat' dir='ltr'><strong>vitiosius.</strong></span> <span class='ocrx_word' id='word_1_772' title='bbox 3500 5312 3710 5387; x_wconf 54' lang='lat' dir='ltr'><strong>“tium</strong></span> 
     </span>
    </p>
   </div>
   <div class='ocr_carea' id='block_1_100' title="bbox 441 5379 3759 5457">
    <p class='ocr_par' dir='ltr' id='par_1_100' title="bbox 441 5379 3759 5457">
     <span class='ocr_line' id='line_1_101' title="bbox 441 5379 3759 5457; baseline 0 -21"><span class='ocrx_word' id='word_1_773' title='bbox 441 5379 555 5457; x_wconf 70' lang='lat' dir='ltr'><strong>lucc</strong></span> <span class='ocrx_word' id='word_1_774' title='bbox 589 5392 642 5437; x_wconf 90' lang='lat' dir='ltr'><strong>et</strong></span> <span class='ocrx_word' id='word_1_775' title='bbox 672 5379 792 5457; x_wconf 63' lang='lat' dir='ltr'><strong>qua}</strong></span> <span class='ocrx_word' id='word_1_776' title='bbox 840 5379 1149 5457; x_wconf 79' lang='lat' dir='ltr'><strong>sequuntur</strong></span> <span class='ocrx_word' id='word_1_777' title='bbox 1201 5387 1383 5457; x_wconf 79' lang='lat' dir='ltr'><strong>inepta</strong></span> <span class='ocrx_word' id='word_1_778' title='bbox 1418 5390 1528 5444; x_wconf 89' lang='lat' dir='ltr'><strong>sint</strong></span> <span class='ocrx_word' id='word_1_779' title='bbox 1558 5379 1617 5444; x_wconf 85' lang='lat' dir='ltr'><strong>et</strong></span> <span class='ocrx_word' id='word_1_780' title='bbox 1640 5390 1760 5444; x_wconf 85' lang='lat' dir='ltr'><strong>sine</strong></span> <span class='ocrx_word' id='word_1_781' title='bbox 1796 5379 2002 5445; x_wconf 75' lang='lat' dir='ltr'><strong>sensu.</strong></span> <span class='ocrx_word' id='word_1_782' title='bbox 2024 5390 2184 5457; x_wconf 84' lang='lat' dir='ltr'><strong>plane</strong></span> <span class='ocrx_word' id='word_1_783' title='bbox 2225 5388 2397 5456; x_wconf 73' lang='lat' dir='ltr'><strong>probo</strong></span> <span class='ocrx_word' id='word_1_784' title='bbox 2429 5379 2628 5443; x_wconf 64' lang='lat' dir='ltr'><strong>Val&#39;esii</strong></span> <span class='ocrx_word' id='word_1_785' title='bbox 2663 5379 3126 5457; x_wconf 76' lang='lat' dir='ltr'><strong>emendationem,</strong></span> <span class='ocrx_word' id='word_1_786' title='bbox 3163 5387 3368 5457; x_wconf 83' lang='lat' dir='ltr'><strong>qui_ita</strong></span> <span class='ocrx_word' id='word_1_787' title='bbox 3390 5383 3661 5457; x_wconf 81' lang='lat' dir='ltr'><strong>rescribit</strong></span> <span class='ocrx_word' id='word_1_788' title='bbox 3695 5402 3706 5436; x_wconf 94' lang='lat'><strong>:</strong></span> <span class='ocrx_word' id='word_1_789' title='bbox 3754 5450 3759 5456; x_wconf 24' lang='grc'><strong>⁸</strong></span> 
     </span>
    </p>
   </div>
   <div class='ocr_carea' id='block_1_101' title="bbox 439 5450 3712 5529">
    <p class='ocr_par' dir='ltr' id='par_1_101' title="bbox 439 5450 3712 5529">
     <span class='ocr_line' id='line_1_102' title="bbox 439 5450 3712 5529; baseline 0.001 -27"><span class='ocrx_word' id='word_1_790' title='bbox 439 5450 520 5529; x_wconf 64' lang='grc' dir='ltr'>ὅτι</span> <span class='ocrx_word' id='word_1_791' title='bbox 551 5450 809 5529; x_wconf 71' lang='grc' dir='ltr'>γεννητός</span> <span class='ocrx_word' id='word_1_792' title='bbox 830 5450 995 5529; x_wconf 31' lang='grc' dir='ltr'>,ἐστιν</span> <span class='ocrx_word' id='word_1_793' title='bbox 1023 5456 1140 5529; x_wconf 71' lang='grc' dir='ltr'>ἃμα</span> <span class='ocrx_word' id='word_1_794' title='bbox 1168 5457 1262 5529; x_wconf 72' lang='grc' dir='ltr'><strong>καὶ</strong></span> <span class='ocrx_word' id='word_1_795' title='bbox 1291 5450 1516 5529; x_wconf 82' lang='grc' dir='ltr'>γενητὸς</span> <span class='ocrx_word' id='word_1_796' title='bbox 1550 5461 1778 5528; x_wconf 83' lang='lat' dir='ltr'><strong>(genitus</strong></span> <span class='ocrx_word' id='word_1_797' title='bbox 1809 5450 2036 5529; x_wconf 79' lang='lat' dir='ltr'><strong>itemqué</strong></span> <span class='ocrx_word' id='word_1_798' title='bbox 2073 5450 2246 5528; x_wconf 68' lang='lat' dir='ltr'><strong>[actus</strong></span> <span class='ocrx_word' id='word_1_799' title='bbox 2277 5460 2378 5525; x_wconf 81' lang='lat' dir='ltr'><strong>est)</strong></span> <span class='ocrx_word' id='word_1_800' title='bbox 2413 5500 2427 5522; x_wconf 88' lang='lat'><strong>,</strong></span> <span class='ocrx_word' id='word_1_801' title='bbox 2455 5467 2509 5514; x_wconf 89' lang='lat' dir='ltr'><strong>et</strong></span> <span class='ocrx_word' id='word_1_802' title='bbox 2541 5459 2705 5528; x_wconf 88' lang='lat' dir='ltr'><strong>paulo</strong></span> <span class='ocrx_word' id='word_1_803' title='bbox 2737 5467 2858 5526; x_wconf 83' lang='lat' dir='ltr'><strong>post</strong></span> <span class='ocrx_word' id='word_1_804' title='bbox 2889 5473 2903 5510; x_wconf 88' lang='lat'>:</span> <span class='ocrx_word' id='word_1_805' title='bbox 2937 5458 3020 5529; x_wconf 80' lang='grc' dir='ltr'>ὅτι</span> <span class='ocrx_word' id='word_1_806' title='bbox 3045 5450 3199 5529; x_wconf 70' lang='grc' dir='ltr'>οὗτος</span> <span class='ocrx_word' id='word_1_807' title='bbox 3225 5453 3306 5520; x_wconf 78' lang='grc' dir='ltr'>εἷς</span> <span class='ocrx_word' id='word_1_808' title='bbox 3343 5456 3452 5529; x_wconf 70' lang='grc' dir='ltr'><strong>τῶν</strong></span> <span class='ocrx_word' id='word_1_809' title='bbox 3487 5469 3712 5529; x_wconf 85' lang='grc' dir='ltr'>γεγενη-</span> 
     </span>
    </p>
   </div>
   <div class='ocr_carea' id='block_1_102' title="bbox 445 5521 3713 5598">
    <p class='ocr_par' dir='ltr' id='par_1_102' title="bbox 445 5521 3713 5598">
     <span class='ocr_line' id='line_1_103' title="bbox 445 5521 3713 5598; baseline 0.001 -25"><span class='ocrx_word' id='word_1_810' title='bbox 445 5521 622 5588; x_wconf 82' lang='grc' dir='ltr'>μένων</span> <span class='ocrx_word' id='word_1_811' title='bbox 651 5521 767 5598; x_wconf 55' lang='lat' dir='ltr'><strong>sui</strong></span> <span class='ocrx_word' id='word_1_812' title='bbox 823 5524 995 5593; x_wconf 84' lang='lat' dir='ltr'><strong>(quod</strong></span> <span class='ocrx_word' id='word_1_813' title='bbox 1037 5521 1124 5598; x_wconf 76' lang='lat' dir='ltr'><strong>ille</strong></span> <span class='ocrx_word' id='word_1_814' title='bbox 1149 5527 1219 5580; x_wconf 78' lang='lat' dir='ltr'><strong>sit</strong></span> <span class='ocrx_word' id='word_1_815' title='bbox 1251 5521 1387 5584; x_wconf 72' lang='lat' dir='ltr'><strong>unus</strong></span> <span class='ocrx_word' id='word_1_816' title='bbox 1412 5521 1507 5582; x_wconf 62' lang='lat' dir='ltr'><strong>eo</strong></span> <span class='ocrx_word' id='word_1_817' title='bbox 1535 5521 1603 5583; x_wconf 62' lang='lat' dir='ltr'><strong>ii}</strong></span> <span class='ocrx_word' id='word_1_818' title='bbox 1643 5544 1761 5597; x_wconf 72' lang='lat' dir='ltr'><strong>qua:</strong></span> <span class='ocrx_word' id='word_1_819' title='bbox 1792 5521 2145 5598; x_wconf 20' lang='lat' dir='ltr'><strong>facita&#39;stm&#39;t).</strong></span> <span class='ocrx_word' id='word_1_820' title='bbox 2181 5529 2296 5584; x_wconf 81' lang='lat' dir='ltr'><strong>Nisi</strong></span> <span class='ocrx_word' id='word_1_821' title='bbox 2325 5521 2450 5596; x_wconf 85' lang='lat' dir='ltr'><strong>quis</strong></span> <span class='ocrx_word' id='word_1_822' title='bbox 2482 5521 2670 5583; x_wconf 79' lang='lat' dir='ltr'><strong>mallet</strong></span> <span class='ocrx_word' id='word_1_823' title='bbox 2721 5521 2904 5598; x_wconf 73' lang='lat' dir='ltr'><strong>legere</strong></span> <span class='ocrx_word' id='word_1_824' title='bbox 2937 5547 2950 5582; x_wconf 89' lang='lat'>:</span> <span class='ocrx_word' id='word_1_825' title='bbox 2992 5528 3076 5581; x_wconf 83' lang='grc' dir='ltr'>ὅτι</span> <span class='ocrx_word' id='word_1_826' title='bbox 3113 5526 3287 5590; x_wconf 79' lang='grc' dir='ltr'>οὑτως</span> <span class='ocrx_word' id='word_1_827' title='bbox 3319 5521 3587 5598; x_wconf 46' lang='grc' dir='ltr'>εἷπον,⁷τὸ</span> <span class='ocrx_word' id='word_1_828' title='bbox 3620 5521 3713 5592; x_wconf 75' lang='grc' dir='ltr'>γε-</span> 
     </span>
    </p>
   </div>
   <div class='ocr_carea' id='block_1_103' title="bbox 439 5593 3710 5668">
    <p class='ocr_par' dir='ltr' id='par_1_103' title="bbox 439 5593 3710 5668">
     <span class='ocr_line' id='line_1_104' title="bbox 439 5593 3710 5668; baseline 0 -22"><span class='ocrx_word' id='word_1_829' title='bbox 439 5593 773 5668; x_wconf 38' lang='grc' dir='ltr'>γεείνημ-ένον</span> <span class='ocrx_word' id='word_1_830' title='bbox 803 5597 1167 5666; x_wconf 81' lang='grc' dir='ltr'>γεγενημένον</span> <span class='ocrx_word' id='word_1_831' title='bbox 1199 5599 1315 5650; x_wconf 81' lang='grc' dir='ltr'>ὲστί</span> <span class='ocrx_word' id='word_1_832' title='bbox 1341 5617 1354 5629; x_wconf 84' lang='lat'><strong>-</strong></span> <span class='ocrx_word' id='word_1_833' title='bbox 1402 5614 1528 5652; x_wconf 87' lang='lat' dir='ltr'><strong>nam</strong></span> <span class='ocrx_word' id='word_1_834' title='bbox 1561 5593 1722 5668; x_wconf 81' lang='lat' dir='ltr'><strong>plane</strong></span> <span class='ocrx_word' id='word_1_835' title='bbox 1755 5593 1836 5652; x_wconf 82' lang='lat' dir='ltr'><strong>sic</strong></span> <span class='ocrx_word' id='word_1_836' title='bbox 1868 5597 2205 5667; x_wconf 84' lang='lat' dir='ltr'><strong>Epiphanius</strong></span> <span class='ocrx_word' id='word_1_837' title='bbox 2235 5618 2248 5653; x_wconf 88' lang='lat'><strong>:</strong></span> <span class='ocrx_word' id='word_1_838' title='bbox 2281 5593 2408 5668; x_wconf 73' lang='lat' dir='ltr'><strong>quia</strong></span> <span class='ocrx_word' id='word_1_839' title='bbox 2435 5600 2512 5653; x_wconf 74' lang='lat' dir='ltr'><strong>sic</strong></span> <span class='ocrx_word' id='word_1_840' title='bbox 2545 5593 2816 5659; x_wconf 61' lang='lat' dir='ltr'><strong>dixerunt,</strong></span> <span class='ocrx_word' id='word_1_841' title='bbox 2835 5598 2975 5668; x_wconf 82' lang='lat' dir='ltr'><strong>quod</strong></span> <span class='ocrx_word' id='word_1_842' title='bbox 3010 5608 3195 5651; x_wconf 81' lang='lat' dir='ltr'><strong>natum</strong></span> <span class='ocrx_word' id='word_1_843' title='bbox 3237 5607 3336 5662; x_wconf 80' lang='lat' dir='ltr'><strong>est,</strong></span> <span class='ocrx_word' id='word_1_844' title='bbox 3372 5597 3710 5668; x_wconf 33' lang='grc' dir='ltr'><strong>[θρωπε-ηρ.</strong></span> 
     </span>
    </p>
   </div>
   <div class='ocr_carea' id='block_1_104' title="bbox 442 5659 3711 5739">
    <p class='ocr_par' dir='ltr' id='par_1_104' title="bbox 442 5659 3711 5739">
     <span class='ocr_line' id='line_1_105' title="bbox 442 5659 3711 5739; baseline 0.001 -21"><span class='ocrx_word' id='word_1_845' title='bbox 442 5659 488 5739; x_wconf 83' lang='lat'><strong>“_</strong></span> <span class='ocrx_word' id='word_1_846' title='bbox 519 5659 658 5739; x_wconf 73' lang='lat' dir='ltr'><strong>Illud</strong></span> <span class='ocrx_word' id='word_1_847' title='bbox 705 5659 890 5734; x_wconf 79' lang='grc' dir='ltr'>ὅσπερ</span> <span class='ocrx_word' id='word_1_848' title='bbox 921 5659 1226 5739; x_wconf 77' lang='lat' dir='ltr'><strong>substituit.</strong></span> <span class='ocrx_word' id='word_1_849' title='bbox 1268 5680 1322 5722; x_wconf 87' lang='lat' dir='ltr'><strong>et</strong></span> <span class='ocrx_word' id='word_1_850' title='bbox 1363 5669 1526 5739; x_wconf 89' lang='lat' dir='ltr'><strong>paulo</strong></span> <span class='ocrx_word' id='word_1_851' title='bbox 1563 5659 1699 5738; x_wconf 61' lang='lat' dir='ltr'><strong>&#39;post</strong></span> <span class='ocrx_word' id='word_1_852' title='bbox 1743 5659 2052 5738; x_wconf 43' lang='lat' dir='ltr'><strong>verbo&#39;éiat</strong></span> <span class='ocrx_word' id='word_1_853' title='bbox 2097 5659 2311 5736; x_wconf 76' lang='grc' dir='ltr'>γένεσιν</span> <span class='ocrx_word' id='word_1_854' title='bbox 2353 5670 2526 5730; x_wconf 85' lang='lat' dir='ltr'><strong>addit.</strong></span> <span class='ocrx_word' id='word_1_855' title='bbox 2559 5685 2601 5739; x_wconf 10' lang='lat' dir='ltr'><strong>ei</strong></span> <span class='ocrx_word' id='word_1_856' title='bbox 2631 5659 2894 5724; x_wconf 72' lang='lat' dir='ltr'><strong>codicctie</strong></span> <span class='ocrx_word' id='word_1_857' title='bbox 2941 5669 3128 5724; x_wconf 85' lang='lat' dir='ltr'><strong>nescio</strong></span> <span class='ocrx_word' id='word_1_858' title='bbox 3175 5683 3242 5720; x_wconf 85' lang='lat' dir='ltr'><strong>an</strong></span> <span class='ocrx_word' id='word_1_859' title='bbox 3277 5659 3516 5739; x_wconf 66' lang='lat' dir='ltr'><strong>ingenio.</strong></span> <span class='ocrx_word' id='word_1_860' title='bbox 3547 5663 3711 5739; x_wconf 72' lang='lat' dir='ltr'><strong>Chri-</strong></span> 
     </span>
    </p>
   </div>
   <div class='ocr_carea' id='block_1_105' title="bbox 441 5732 3706 5810">
    <p class='ocr_par' dir='ltr' id='par_1_105' title="bbox 441 5732 3706 5810">
     <span class='ocr_line' id='line_1_106' title="bbox 441 5732 3706 5810; baseline 0.003 -28"><span class='ocrx_word' id='word_1_861' title='bbox 441 5732 867 5809; x_wconf 74' lang='lat' dir='ltr'><strong>stopltorsouus,</strong></span> <span class='ocrx_word' id='word_1_862' title='bbox 912 5750 1036 5790; x_wconf 86' lang='lat' dir='ltr'><strong>cum</strong></span> <span class='ocrx_word' id='word_1_863' title='bbox 1095 5737 1314 5795; x_wconf 86' lang='lat' dir='ltr'><strong>codices</strong></span> <span class='ocrx_word' id='word_1_864' title='bbox 1363 5732 1839 5797; x_wconf 56' lang='lat' dir='ltr'><strong>omncs&#39;habcant</strong></span> <span class='ocrx_word' id='word_1_865' title='bbox 1885 5732 2019 5810; x_wconf 58' lang='grc' dir='ltr'>ὅπερ</span> <span class='ocrx_word' id='word_1_866' title='bbox 2052 5732 2119 5797; x_wconf 62' lang='grc' dir='ltr'><strong>δι’</strong></span> <span class='ocrx_word' id='word_1_867' title='bbox 2150 5739 2261 5810; x_wconf 81' lang='grc' dir='ltr'>ἔχει</span> <span class='ocrx_word' id='word_1_868' title='bbox 2298 5739 2420 5796; x_wconf 89' lang='lat' dir='ltr'><strong>sine</strong></span> <span class='ocrx_word' id='word_1_869' title='bbox 2481 5738 2747 5807; x_wconf 76' lang='grc' dir='ltr'>γενέσεως</span> <span class='ocrx_word' id='word_1_870' title='bbox 2795 5740 3064 5796; x_wconf 70' lang='lat' dir='ltr'><strong>vocabulo</strong></span> <span class='ocrx_word' id='word_1_871' title='bbox 3114 5739 3314 5810; x_wconf 80' lang='lat' dir='ltr'><strong>pariter</strong></span> <span class='ocrx_word' id='word_1_872' title='bbox 3337 5732 3409 5794; x_wconf 64' lang='lat' dir='ltr'><strong>&#39;ut</strong></span> <span class='ocrx_word' id='word_1_873' title='bbox 3463 5735 3706 5808; x_wconf 82' lang='lat' dir='ltr'><strong>Epipha-</strong></span> 
     </span>
    </p>
   </div>
   <div class='ocr_carea' id='block_1_106' title="bbox 446 5815 590 5857">
    <p class='ocr_par' dir='ltr' id='par_1_106' title="bbox 446 5815 590 5857">
     <span class='ocr_line' id='line_1_107' title="bbox 446 5815 590 5857; baseline 0.007 -6"><span class='ocrx_word' id='word_1_874' title='bbox 446 5815 590 5857; x_wconf 81' lang='lat' dir='ltr'><strong>ntus.</strong></span> 
     </span>
    </p>
   </div>
  </div>
