4098 6446
430 438 579 506 ’1015

1403 441 1861 502 THEODORET
1870 439 1893 498 Ι
1934 434 2275 498 EPISCOPI
2311 435 2679 496 CYRENSIS

2192 286 2259 294 ...ν-4.

3566 425 3700 490 101‘6

438 566 635 607 omnes
670 551 1124 621 improbavimns.
1150 546 1287 617 Quia
1314 551 1459 606 sicut
1481 550 1740 606 mortales
1767 548 2017 603 homines

2131 543 2309 615 Πατὴρ
2339 544 2397 599 ἓν
2429 547 2617 614 ἐσμεν,
2659 563 2678 596 ι
2713 542 2800 596 δά
2831 542 2930 612 τὴν
2959 539 3274 611 συμφωνίαν
3308 539 3401 593 καὶ
3443 539 3542 610 τὴν
3567 538 3701 609 ὀμόο

439 644 658 709 solent,
693 659 817 699 cum
858 643 1112 699 altercari
1164 643 1470 714 coeperint,
1527 643 1765 699 infensis
1818 642 2018 697 animis

439 736 731 801 dissidere,
764 750 829 790 ac
853 745 1041 805 postea
1074 735 1419 791 reconciliari
1454 752 1468 790 :
1510 737 1593 792 sic
1627 734 1918 790 dissidium
1954 749 2020 788 ac

439 822 843 879 dissensionem
886 825 1029 879 inter
1052 824 1268 880 Patrem
1311 824 1480 880 Deum
1509 826 1941 895 omnipotentem
1967 823 2022 878 οἱ

442 912 639 968 Filiqu
679 914 927 971 incidere
974 930 1136 985 posse
1181 916 1395 982 dicunt,
1427 916 1575 986 quod
1610 917 1697 971 vel
1745 915 2020 986 suspicari

420 1012 531 1056 ~aut
565 1002 752 1058 animo
783 1002 990 1074 ﬁngere
1020 1012 1104 1059 est
1151 1004 1631 1060 absurdissimum.
1667 1003 1780 1059 Nos
1808 1020 1939 1059 vero
1967 1011 2023 1058 et

436 1092 603 1164 847
624 1092 902 1150 credimus
925 1103 981 1150 et
1017 1096 1446 1161 amrmamus,et
1476 1096 1849 1166 intelligimus,
1883 1095 2023 1149 divi-

440 1197 565 1236 nam
593 1183 733 1238 banc
761 1198 950 1240 vocem
979 1204 994 1238 :
1021 1204 1040 1237 ι
1080 1185 1191 1257 Ego
1210 1194 1265 1241 et
1299 1187 1457 1242 Pater
1480 1202 1648 1242 unum
1688 1202 1880 1242 smnus
1909 1187 1957 1248 ⁸,
1998 1204 2017 1237 ι

437 1274 506 1329 de
538 1274 745 1329 unitate
772 1275 1117 1340 substantiae,
1147 1284 1161 1301 '
1188 1294 1311 1348 quae
1336 1279 1390 1333 in
1427 1279 1587 1334 Patre
1618 1290 1672 1334 et
1689 1279 1828 1333 Filio
1861 1279 2024 1334 unica

437 1374 547 1431 est,
572 1368 896 1438 capiendam
922 1383 1068 1425 esse.
1087 1370 1376 1427 Credimus
1404 1372 1593 1436 etiam,
1613 1373 1762 1426 hunc
1785 1387 2023 1441 semper,

443 1471 509 1511 ac
539 1457 661 1513 sine
714 1456 910 1524 initio,
964 1466 1020 1513 et
1067 1459 1188 1515 sine
1233 1459 1340 1515 ﬁne
1394 1474 1624 1530 regnare
1671 1475 1796 1514 eum
1844 1457 2024 1524 Patre,

447 1562 789 1618 regnumque
815 1547 937 1618 ejus
969 1564 1069 1603 nec
1095 1558 1309 1619 tempus
1344 1549 1545 1603 habere
1568 1562 1678 1618 quo
1710 1548 2024 1615 deﬁniatur,

446 1653 548 1694 nec
581 1655 821 1710 unquam
865 1640 1119 1696 desinere
1152 1659 1167 1695 :
1197 1642 1329 1710 quia
1363 1640 1506 1711 quod
1547 1655 1763 1710 semper
1790 1650 1894 1706 est,
1925 1655 2027 1695 nec

448 1745 690 1801 unquam
721 1732 889 1802 cmpit
914 1747 1060 1795 esse,
1094 1747 1194 1788 nec
1224 1731 1477 1788 desinere
1515 1740 1713 1803 potest.
1733 1730 2026 1787 Credimus

445 1833 497 1876 et
533 1830 718 1877 mente
750 1822 1171 1891 complectimur
1220 1821 1557 1891 paracletum
1590 1820 1854 1888 Spiritum
1896 1834 2026 1875 sau-

446 1920 615 1977 etum,
633 1928 797 1983 quem
818 1888 978 1970 nobis
1002 1913 1117 1983 ipse
1138 1888 1403 1969 Dominus
1422 1920 1476 1969 et
1493 1912 1812 1983 promisitet
1837 1912 1982 1968 misit
2006 1930 2019 1967 :
2056 1888 2097 1942 Β

446 2013 502 2058 et
520 2004 667 2059 hunc
689 2004 967 2060 credimus
991 2005 1239 2060 missum.
1258 2003 1364 2059 Sed
1386 2004 1433 2061 is
1464 2019 1660 2075 passus
1681 2020 1788 2059 non
1807 2016 1912 2070 est,
1930 2003 2024 2060 sed

449 2098 633 2161 homo,
665 2112 829 2165 quem
858 2097 1055 2163 induit,
1081 2112 1243 2166 quem
1280 2097 1581 2167 assumpsit
1605 2112 1674 2151 ex
1706 2095 1876 2150 Maria
1904 2095 2027 2151 Vir-

449 2190 594 2256 gine,
616 2188 888 2244 hominem
922 2188 1017 2259 qui
1048 2188 1157 2257 pati
1187 2198 1392 2259 posset,
1412 2189 1540 2259 quia
1572 2189 1733 2243 homo
1756 2188 2025 2255 mortalis,

452 2279 594 2335 Deus
631 2294 759 2335 vero
803 2280 1152 2334 immortalis.
1184 2280 1470 2336 Credimus
1517 2279 1679 2334 tertia
1707 2280 1797 2335 die
1839 2294 2027 2335 resur-

449 2371 661 2426 rexisse
697 2389 711 2427 :
744 2372 1047 2427 resurrexit
1094 2382 1295 2436 autem,
1325 2385 1432 2425 non
1481 2370 1625 2426 Deus
1665 2372 1719 2425 in
1782 2372 2023 2436 homine,

449 2463 546 2517 sed
596 2463 760 2518 homo
800 2463 855 2517 in
887 2464 1018 2529 Deo,
1050 2479 1212 2535 quem
1261 2473 1315 2520 et
1354 2463 1498 2518 Patri
1533 2480 1635 2519 suo
1681 2465 1883 2520 donum
1924 2466 2025 2521 ob-

453 2553 601 2621 tulit,
673 2569 951 2625 quemque
992 2568 1024 2608 a
1068 2562 1294 2626 peccato
1347 2565 1402 2610 et
1459 2557 1682 2610 interitu
1754 2558 2026 2613 liberavit.

454 2645 740 2701 Credimus
786 2646 982 2710 etiam,
1045 2654 1355 2716 opportuno
1402 2662 1466 2702 ac
1517 2648 1743 2704 deﬁnito
1788 2657 2032 2719 tempore

450 2758 644 2799 omnes
661 2751 718 2798 et
749 2743 817 2799 de
841 2743 1096 2799 omnibus
1130 2742 1528 2813 judicaturum.
1558 2742 1731 2797 Tanta
1761 2744 2031 2814 siquidem

451 2850 642 2891 eorum
671 2845 756 2892 est
800 2836 1057 2899 stultitia,
1085 2845 1139 2889 et
1172 2848 1279 2890 tam
1331 2835 1518 2891 densis
1547 2835 1790 2891 tenebris
1837 2849 2029 2890 eorum

454 2941 609 2981 mens
651 2927 927 2981 obcaecata
956 2970 969 2992 ,
1010 2934 1069 2980 ut
1121 2926 1297 2980 lucem
1360 2926 1610 2982 veritatis
1656 2941 1883 2982 cernere
1937 2940 2032 2981 ne-

451 3024 676 3084 queant.
723 3015 843 3072 Non
898 3016 1248 3088 intelligunt,
1297 3032 1409 3089 quo
1458 3032 1624 3074 sensu
1666 3017 1871 3073 dictum
1907 3017 2028 3072 sit:

456 3128 475 3159 ι
521 3105 589 3163 Ut
614 3115 669 3163 et
702 3107 808 3178 ipsi
848 3109 903 3164 in
937 3109 1099 3164 nobis
1132 3123 1302 3164 unum
1339 3108 1472 3165 sint.
1507 3127 1526 3161 ι
1562 3109 1747 3163 Palam
1775 3109 1920 3164 enim
1946 3117 2032 3165 est

451 3213 553 3253 cur
591 3215 755 3253 unum
797 3215 817 3255 :
861 3200 991 3270 quia
1043 3198 1300 3255 videlicet
1344 3200 1581 3269 apostoli
1631 3207 1882 3254 sanctum
1933 3197 2027 3254 Dei
2057 3224 2100 3282 ρ

456 3291 725 3362 Spiritum
773 3298 1127 3361 acceperunt,
1159 3299 1214 3346 ct
1254 3299 1438 3346 tamen
1474 3290 1580 3361 ipsi
1630 3289 1871 3362 Spiritus
1919 3307 2030 3347 non

450 3389 629 3449 erant,
656 3396 756 3438 nec
787 3382 934 3438 ullus
959 3398 1148 3438 eorum
1180 3390 1275 3437 aut
1313 3380 1577 3446 Verbum,
1615 3391 1710 3437 aut
1737 3383 2029 3452 sapientia,

453 3480 550 3527 aut
591 3475 788 3541 virtus,
839 3475 924 3530 vel
978 3472 1310 3545 Unigenitus
1353 3481 1491 3529 erat.
1547 3491 1566 3525 ι
1604 3472 1763 3529 Sicut
1795 3490 1917 3545 ego,
1948 3475 2031 3530 in-

453 3564 595 3634 quit,
618 3572 672 3621 et
700 3573 759 3621 tu
794 3581 961 3621 unum
990 3580 1204 3626 sumus,
1231 3565 1313 3619 sic
1350 3574 1405 3618 et
1434 3565 1536 3635 ipsi
1574 3567 1626 3619 in
1669 3566 1830 3621 nobis
1861 3581 2029 3621 unum

453 3656 567 3710 sint
588 3656 639 3710 ιι.
677 3674 697 3709 ι
733 3654 839 3711 Sed
865 3664 919 3712 ct
942 3667 1196 3711 accurate
1229 3670 1328 3709 vox
1350 3655 1532 3710 divina
1558 3656 1727 3729 δάε
1744 3658 1993 3713 distinxit
2016 3677 2031 3714 :

454 3746 522 3801 In
565 3746 736 3814 nobis,
778 3747 980 3818 inquit,
1020 3764 1184 3802 unum
1231 3749 1359 3802 sint.
1406 3745 1526 3803 Non
1576 3750 1675 3813 ait,
1727 3749 1881 3805 Sicut
1933 3765 2036 3806 nos

454 3855 624 3895 unum
675 3853 893 3905 sumus,
926 3853 1026 3911 ego
1071 3848 1126 3895 et
1172 3837 1337 3893 Pater
1382 3840 1518 3895 :sed
1567 3851 1627 3895 ut
1673 3839 1930 3912 discipuli
1981 3840 2036 3895 in

452 3931 766 4002 semetipsis
804 3930 1089 4002 conjuncti
1118 3939 1171 3985 et
1202 3930 1441 4000 copulati
1468 3946 1636 3985 unum
1679 3932 1791 3986 sint
1832 3932 1935 3987 lide
1983 3941 2037 3987 et

452 4022 824 4087 confessione,
854 4022 909 4077 in
939 4020 1116 4092 gratia
1149 4022 1278 4076 item
1310 4031 1365 4078 et
1395 4022 1596 4092 pietate
1627 4020 1719 4077 Dei
1746 4020 1947 4087 Patris,
1980 4032 2038 4078 et

455 4112 668 4169 Domini
716 4128 780 4167 ac
811 4112 1123 4169 Servatoris
1155 4114 1330 4171 nostri
1365 4114 1725 4170 concessione
1756 4122 1810 4170 et
1844 4114 2029 4171 chari~

452 4212 563 4259 tate
598 4219 768 4259 unum
806 4218 930 4260 esse
966 4205 1199 4274 possint.

2119 652 2288 690 νοιαν.
2312 636 2681 704 Κατέγνωμεν
2698 634 2755 686 δὲ
2787 634 2985 696 πάντες
3012 634 3060 685 oi
3083 629 3359 686 καθολικοὶ
3383 632 3480 703 τῆς
3511 632 3701 701 μωρᾶς

2120 726 2215 778 καὶ
2243 726 2466 793 οἰκτρᾶς
2509 722 2687 778 αὐτῶν
2728 722 2989 785 διανοίας.
3041 722 3149 775 Καὶ
3178 720 3366 791 ὥσπερ
3388 725 3498 792 γὰρ
3526 722 3576 772 οἱ
3608 721 3704 776 ἇν-

2122 818 2330 887 θρωποι
2363 816 2566 885 θνητοὶ.
2601 814 2789 886 ἐπειδὴ
2816 814 3164 885 διαφέρεσθαι
3194 812 3447 885 ἡρξαντο,
3472 830 3705 884 προσκε-

2123 908 2423 978 κρουκότες
2465 905 2785 976 διχονοοῦσι,
2823 909 2919 961 καὶ
2949 906 3029 970 είς
3063 903 3357 975 διαλλαγὴν
3400 904 3702 968 ἐπάνεισιν,

2121 997 2296 1061 οὕτως
2341 997 2621 1061 διάστασις
2668 997 2761 1051 καὶ
2790 997 3024 1067 διχόνοια
3070 995 3271 1066 μεταξὺ
3322 996 3534 1067 Πατρὸς
3565 994 3704 1049 Θεοῦ

2124 1090 2566 1161 παντοκράτορος
2606 1088 2701 1141 καὶ
2734 1087 2829 1141 τοῦ
2858 1086 2989 1142 Υίοῢ
3033 1084 3176 1141 εἶναι
3202 1086 3422 1141 δύναται
3444 1088 3495 1119 ⁷⁸
3514 1085 3700 1155 λέγον·

2126 1200 2232 1245 σιν,
2275 1183 2412 1252 ὅπερ
2457 1180 2804 1235 ἀτοπώτατον
2862 1179 2958 1234 καὶ
3010 1179 3305 1249 ὑπονοῆσαι
3360 1181 3453 1232 καὶ
3504 1178 3709 1232 ὑπολα-

2125 1273 2238 1327 ϐεῖν
2260 1273 2326 1325 ⁷⁸.
2366 1272 2559 1342 Ἡμεῖς
2603 1270 2661 1324 δὲ
2698 1270 2793 1324 καὶ
2830 1269 3162 1342 πιστεύομεν
3214 1268 3310 1322 καὶ
3365 1267 3706 1323 διαϐεϐαιού·

2129 1364 2289 1436 μεθα,
2320 1365 2412 1419 καὶ
2439 1364 2584 1417 οὕτω
2624 1363 2872 1435 νοοῦμεν,
2907 1363 2987 1416 ὅτι
3016 1364 3050 1433 ή
3079 1361 3200 1433 ἱερά
3232 1361 3382 1431 φωνὴ
3412 1360 3699 1432 ἐλάλησενο

2132 1475 2151 1508 ι
2201 1454 2345 1524 Ἐγὼ
2398 1454 2493 1508 καὶ⁵
2542 1458 2571 1508 ὁ
2604 1454 2793 1526 Πατὴρ
2841 1454 2900 1507 ἓν
2931 1456 3120 1524 ἐσμεν,
3152 1473 3171 1504 ι
3223 1453 3319 1506 καὶ
3358 1451 3445 1505 διὰ
3475 1453 3575 1522 τὴν
3602 1450 3702 1520 τῆς

2127 1548 2477 1612 ὑποστάσεως
2508 1549 2757 1618 ἑνότητα,
2780 1547 2902 1617 ἥτις
2928 1548 3045 1600 ἐστὶ
3076 1547 3174 1618 μία
3222 1545 3315 1601 τοῦ
3347 1544 3580 1615 Πατρὺς,
3612 1544 3708 1596 καὶ

2130 1641 2228 1711 μία
2270 1640 2365 1694 τοῦ
2415 1638 2566 1693 Υἱοῦ.
2623 1639 2734 1693 Καὶ
2767 1638 2927 1692 τοῦτο
2966 1638 3021 1693 δὲ
3058 1638 3406 1709 πιστεύομεν,
3451 1637 3705 1699 πάντοτε,

2126 1732 2396 1803 ἀνάρχως,
2437 1732 2532 1786 καὶ
2562 1730 2933 1803 ἁτελευτήτως
2971 1731 3158 1785 τοῦτον
3196 1730 3333 1802 μετά
3360 1728 3453 1782 τοῦ
3494 1727 3709 1799 [ἰατρὸς

2131 1823 2458 1895 βασιλεύειν,
2511 1824 2605 1878 καὶ
2652 1827 2724 1896 μὴ
2771 1823 2916 1894 ἔχειν
2967 1825 3102 1895 μήτε
3153 1823 3344 1894 χρόνον
3382 1821 3705 1894 διορίζοντα,

2130 1916 2268 1985 μήτε
2300 1914 2573 1970 ἐκλείπειν
2606 1915 2768 1968 αὑτοῦ
2811 1916 2912 1984 τὴν
2960 1913 3237 1985 βασιλείαν
3258 1931 3271 1944 ο
3309 1913 3391 1966 ὅτι
3421 1912 3449 1966 δ
3476 1909 3709 1966 πάντοτέ

2128 2012 2297 2073 ἐστιν,
2343 2007 2463 2061 οὑδὲ
2500 2024 2629 2061 ποτε
2680 2010 2774 2061 τοῦ
2825 2000 2963 2060 εἶναι
2992 2005 3217 2076 ἤρξατο,
3266 2004 3386 2057 οὐδὲ
3435 2002 3709 2057 ἐκλείπειν

2127 2099 2368 2171 δύναται.
2403 2098 2741 2168 Πιστεύομεν
2781 2097 2838 2151 δὲ
2887 2099 2982 2151 καὶ
3028 2095 3509 2167 περιλαμϐάνομεν
3528 2095 3575 2126 ⁸⁸
3614 2092 3708 2146 τὸν

2129 2192 2481 2264 παράκλητον
2518 2190 2580 2244 τὸ
2629 2191 2784 2261 ἆγιον
2831 2188 3079 2259 Πνεῦμα,
3129 2190 3267 2259 ὅπερ
3313 2190 3443 2259 ἡμῖν
3476 2187 3638 2249 αὐτὸς
3678 2185 3709 2237 ὁ

2132 2285 2335 2353 Κύριος
2368 2283 2463 2337 καλ⁹
2494 2281 2858 2354 ἐπηγγείλατο
2888 2281 2983 2336 καὶ
3014 2280 3248 2351 ἔπεμψε,
3290 2280 3385 2333 καὶ
3426 2280 3584 2332 τοῦτο
3617 2295 3710 2331 πι-

2133 2379 2394 2449 στεύομεν
2428 2377 2699 2449 πεμφθὲν.
2740 2378 2849 2432 Καὶ
2890 2376 3049 2430 τοῦτο
3102 2377 3163 2429 οὐ
3205 2374 3492 2441 πέπονθεν,
3537 2373 3651 2429 ἀλλ’
3680 2376 3711 2427 ὁ

2131 2471 2413 2543 ἄνθρωπος
2441 2472 2499 2525 ὃν
2545 2469 2854 2536 ἐνεδύσατο,
2880 2469 2938 2522 ὃν
2963 2466 3223 2523 ἀνέλαϐεν
3254 2469 3319 2520 ὲκ
3359 2466 3581 2538 Μαρίας
3610 2465 3712 2535 τῆς

2132 2564 2435 2635 Παρθένου,
2482 2562 2574 2616 τὸν
2606 2561 2893 2633 ἄνθρωπον
2921 2561 3012 2613 τὴν
3052 2560 3242 2613 παθεῖν
3278 2558 3595 2628 δυνάμενον,
3628 2558 3712 2611 ὅτι

2132 2653 2419 2725 ἄνθρωπος
2473 2651 2686 2721 θνητὸς,
2740 2649 2870 2713 Θεὸς
2903 2649 2959 2703 δὲ
3015 2648 3301 2713 ἀθάνατος.
3352 2646 3710 2717 Πιστεῠομεν,

2131 2749 2213 2803 ὅτι
2259 2748 2326 2817 τῇ
2378 2743 2536 2816 τρίτῃ
2582 2744 2765 2815 ἡμέρᾳ
2797 2745 3018 2815 ἀνέστη,
3050 2743 3147 2813 οὐχ
3189 2745 3218 2796 ὁ
3247 2739 3379 2805 Θεὸς
3409 2742 3466 2794 ὲν
3491 2739 3569 2811 τῷ
3615 2740 3713 2794 ἀν-

2134 2833 2356 2904 θρώπῳ,
2405 2830 2520 2886 ἀλλ’
2553 2834 2581 2885 ὁ
2610 2830 2893 2901 ἄνθρωπος
2937 2832 2994 2885 ὲν
3023 2829 3099 2900 τῷ
3136 2830 3256 2905 Θεῷ
3284 2830 3506 2900 ἀνέστη,
3533 2832 3714 2884 ὅντινα

2134 2924 2230 2980 καὶ
2264 2925 2605 2996 προσήνεγκε
2637 2922 2714 2993 τῷ
2745 2922 2918 2992 [largi
2949 2922 3139 2976 ἐαυτοῦ
3171 2922 3363 2993 δῶρον,
3395 2922 3454 2975 ὃν
3486 2920 3713 2993 ἠλευθῶ

2137 3032 2310 3086 ρωσεν
2340 3018 2404 3069 ὲκ
2434 3016 2533 3085 τῆς
2564 3014 2839 3086 ἁμαρτίας
2869 3013 2963 3067 καὶ
2989 3012 3087 3083 τῆς
3120 3013 3346 3083 φθορᾶς.
3377 3011 3715 3082 Πιστεύομεν

2133 3109 2190 3163 δὲ
2215 3110 2298 3162 ὅτι
2332 3107 2537 3178 εὐθέτῳ
2563 3106 2740 3180 καιρῴ
2766 3106 2860 3160 καὶ
2891 3105 3181 3177 ὡρισμένῳ
3209 3104 3417 3169 πάντας
3463 3105 3557 3160 καὶ
3586 3107 3716 3178 περὶ

2135 3200 2350 3255 πάντων
2397 3200 2559 3262 αὐτὸς
2608 3202 2799 3269 κρινεῖ.
2837 3198 3086 3269 Τοσαύτη
3138 3198 3195 3252 δὲ
3246 3198 3426 3253 αὐτῶν
3482 3200 3629 3252 ἑστιν
3676 3201 3711 3269 ἡ

2133 3292 2311 3354 ἄνοια,
2340 3293 2433 3343 καὶ
2461 3289 2603 3344 οὕτω
2629 3293 2793 3360 παχεῖ
2827 3289 3007 3343 σκότει
3047 3292 3080 3361 ἡ
3115 3288 3322 3343 διάνοια
3353 3288 3531 3343 αὐτῶν
3560 3286 3715 3343 ἐκτε-

2134 3383 2435 3454 τύφλωται,
2486 3383 2574 3436 ἵνα
2611 3383 2685 3453 μὴ
2714 3381 3014 3451 δυνηθῶσιν
3048 3382 3176 3436 ἰδεῖν
3208 3382 3267 3435 τὸ
3301 3382 3416 3451 φῶς
3445 3380 3545 3449 τῆς
3579 3379 3717 3455 ἀλη-

2135 3478 2305 3539 θείας.
2351 3478 2426 3529 Οὐ
2477 3475 2720 3528 συνιᾶσιν
2746 3475 2787 3506 ⁸³
2820 3467 2863 3543 ᾧ
2910 3473 3053 3545 λόγῳ
3111 3474 3353 3545 εἴρηταιο
3404 3491 3422 3523 ‹
3460 3473 3576 3525 Ἵνα
3622 3470 3719 3523 καὶ

2135 3572 2288 3626 αὐτοὶ
2316 3573 2374 3624 ὲν
2401 3572 2532 3640 ἡμῖν
2566 3569 2623 3623 ἓν
2651 3562 2773 3622 ὦσι.
2816 3586 2833 3620 ι
2870 3567 3046 3634 me;
3073 3568 3188 3620 ἐστι
3229 3566 3317 3619 διὰ
3347 3564 3399 3619 τί
3425 3564 3521 3619 ἕν’
3556 3565 3637 3617 ὅτι
3664 3563 3714 3617 oi

2135 3661 2421 3717 ἀπόστολοι
2454 3658 2677 3730 Πνεῦμα
2704 3656 2859 3727 ᾶγιον
2900 3657 2991 3711 τοῦ
3024 3656 3157 3710 Θεοῦ
3189 3657 3402 3722 ἔλαϐον,
3432 3654 3544 3708 ἀλλ’
3568 3653 3718 3724 ὅμως

2133 3752 2287 3807 αὐτοὶ
2315 3751 2415 3804 οὐκ
2453 3746 2593 3821 ἦσαν
2632 3749 2881 3818 Πνεῦμα,
2913 3747 3035 3801 οὐδὲ
3061 3764 3142 3810 τις
3171 3745 3350 3801 αὐτῶν
3380 3745 3413 3816 ἦ
3454 3746 3624 3812 Λόγος
3645 3744 3715 3807 ⁸³,

2135 3838 2169 3914 ἢ
2218 3841 2400 3911 σοφία,
2447 3840 2480 3910 ἢ
2529 3841 2758 3911 δύναμις
2802 3835 2893 3910 ἦν,
2949 3838 3073 3892 οὐδὲ
3121 3838 3432 3908 Μονογενὴς
3459 3834 3576 3907 [85]
3624 3829 3716 3904 ἦν.

2144 3951 2163 3983 ι
2199 3932 2411 4002 Ὥσπερ
2437 3929 2569 3999 ἐγὼ,
2616 3930 2802 4001 φησὶν,
2846 3930 2941 3982 καὶ
2993 3929 3058 3982 σὺ
3098 3930 3157 3982 ἓν
3196 3929 3385 4000 ἐσμεν,
3420 3929 3591 3990 οὕτως
3625 3937 3720 3980 και

2136 4026 2291 4080 αὐτοὶ
2321 4027 2377 4080 ὲν
2402 4026 2534 4096 ἡμῖν
2566 4023 2623 4077 ἓν
2648 4020 2800 4076 ὦσιν.
2825 4042 2844 4075 ι
2878 4020 3040 4075 Ἃ).λά
3069 4021 3161 4074 καὶ
3193 4020 3433 4093 ἀκριϐῶς
3461 4018 3720 4073 διέστειλε

2139 4118 2173 4186 ἡ
2229 4116 2349 4169 θεία
2405 4116 2598 4185 φωνή·
2663 4115 2761 4168 Ἑν
2821 4113 2968 4184 ἡμῖν
3040 4111 3111 4165 ἓν
3157 4107 3293 4175 ὦσι,
3351 4112 3535 4183 φησιν.
3606 4109 3720 4163 Οὐκ

2143 4204 2315 4272 εἶπεν,
2366 4207 2576 4278 Ὥσπερ
2627 4208 2791 4278 ἡμεῖς
2827 4206 2885 4259 ἓν
2909 4206 3098 4275 ἐσμεν,
3136 4203 3247 4274 ἐγὼ
3282 4203 3377 4258 καὶ
3424 4206 3452 4257 ὁ
3491 4202 3716 4272 Πατήρ·

453 4296 567 4349 ἀλλ’
599 4295 687 4349 ἵνα
706 4295 755 4327 ⁸³
784 4295 833 4348 οἱ
867 4295 1106 4366 μαθηταὶ
1134 4299 1189 4351 ὲν
1215 4298 1397 4360 αὐτοῖς
1436 4295 1659 4364 σύζυγοι
1692 4296 1786 4348 καὶ
1814 4296 2079 4365 ήνωμένοι
2110 4299 2168 4352 ἓν
2197 4292 2298 4352 ὦσι
2330 4299 2396 4368 τῇ
2433 4295 2615 4349 πίστει
2644 4298 2737 4349 καὶ¹
2770 4294 3033 4367 ὁμολογία
3055 4335 3070 4358 ,
3102 4296 3196 4349 καὶ
3230 4295 3289 4346 ἐν
3312 4296 3380 4363 τῇ
3409 4294 3594 4364 χάριτι
3623 4285 3719 4343 καὶ

453 4388 709 4459 εὐσεόεία
736 4390 802 4460 τῇ
834 4387 926 4441 τοῦ
972 4386 1105 4440 Θεοῦ
1162 4386 1396 4460 Πατρδς,
1431 4386 1526 4441 καὶ
1592 4389 1660 4457 τῇ
1721 4387 1815 4440 τοῦ
1872 4388 2078 4460 Κυρίου
2111 4390 2202 4445 καὶ
2251 4387 2508 4457 Σωτῆρος
2544 4386 2702 4457 ἡμῶν
2732 4385 3081 4459 συγχωρήσει
3128 4385 3222 4440 καὶ
3250 4384 3440 4454 ἀγάπῃ
3485 4380 3543 4437 ἓν
3576 4376 3719 4443 εἶναι

452 4480 774 4552 δυνηθῶσιν.

523 4577 605 4633 Ex
655 4578 760 4633 hac
812 4576 1043 4647 cpistola
1087 4586 1144 4632 et
1196 4583 1580 4630 accusatorum
1640 4575 1940 4641 calumnia,
1984 4587 2038 4633 et
2070 4581 2114 4637 ι)

453 4671 700 4743 priorum
741 4669 990 4740 judicnm
1024 4668 1308 4739 iniquitas,
1335 4679 1389 4721 ct
1421 4667 1735 4736 dogmatum
1776 4675 2037 4736 prmterea

453 4764 661 4819 sanitas
694 4762 1027 4834 deprehendi
1075 4769 1274 4831 potest.
1317 4759 1435 4815 Non
1470 4761 1646 4815 solum
1675 4761 1820 4816 enim
1858 4761 1925 4816 de
1952 4762 2037 4815 di—

453 4856 579 4909 vina
619 4869 723 4909 nos
769 4860 965 4906 natura
1019 4852 1163 4906 beati
1198 4851 1274 4906 illi
1328 4850 1522 4907 Patres
1567 4851 1896 4916 docuerunt,
1939 4854 2032 4909 scd

452 4942 858 5002 incarnationis
913 4956 1134 5012 quoque
1170 4945 1491 5013 mysterium
1526 4944 1894 5014 explicarunt.
1937 4944 2033 4999 llis

448 5038 710 5110 cognitis.
738 5035 1032 5100 Constans,
1065 5043 1120 5089 et
1145 5034 1328 5089 fratris
1350 5036 1435 5090 sui
1467 5036 1744 5090 levitatem
1767 5051 2021 5101 cernens,

447 5146 590 5200 σιεγε
639 5127 783 5193 tulit,
832 5126 972 5181 etin
1013 5141 1107 5182 eos
1150 5127 1492 5195 succensuit,
1539 5127 1634 5197 qui
1692 5127 1805 5181 haec
1856 5121 2027 5179 ninliti

527 5293 733 5348 “ean.
772 5310 825 5360 α,
860 5294 947 5347 ⁸50.
1025 5290 1051 5329 h
1085 5287 1242 5343 Joan.
1280 5302 1405 5350 (τη,
1431 5285 1521 5338 2..

2226 4578 2321 4632 Ἐκ
2360 4576 2525 4630 τῶνδε
2560 4574 2668 4629 τῶν
2690 4573 3033 4646 γραμμάτων
3078 4572 3194 4626 ἐστι
3226 4572 3439 4644 μαθεῖν,
3480 4571 3589 4625 τῶν
3621 4572 3719 4643 μὲν

2141 4671 2461 4742 κατηγόρων
2488 4669 2586 4739 τὴν
2632 4666 3018 4737 συκοφαντίαν,
3044 4665 3152 4719 τῶν
3175 4664 3232 4720 δὲ
3267 4665 3435 4719 πάλαι
3462 4665 3721 4717 δικασάν-

2139 4779 2247 4816 των
2294 4763 2393 4832 τὴν
2444 4760 2680 4824 ἀδικίαν,
2715 4761 2808 4813 καὶ
2841 4759 2978 4830 πρὸς
3006 4757 3238 4823 τούτοις,
3287 4755 3395 4809 τῶν
3435 4754 3718 4826 δογμάτων

2136 4856 2235 4924 τὴν
2276 4854 2485 4922 ὑγείαν.
2540 4854 2613 4906 Οὐ
2649 4852 2758 4923 γὰρ
2792 4850 2953 4922 μόνον
2984 4849 3052 4907 τά
3089 4850 3220 4919 περὶ
3249 4850 3345 4918 τῆς
3384 4847 3534 4910 θείας
3570 4847 3719 4918 ἡμᾶς

2133 4945 2375 5010 ἐδίδαξαν
2402 4945 2619 5014 φύσεως
2648 4946 2696 4996 οἱ
2730 4942 2991 5013 μακάριοι
3026 4942 3269 5013 Πατέρες
3290 4958 3303 4971 ·
3338 4940 3471 4994 αλλὰ
3498 4941 3591 4993 καὶ
3616 4938 3716 5009 τὴν

2136 5037 2379 5105 περὶτῆς
2396 5034 2710 5105 οἰκονομίας
2731 5032 3080 5086 διδασκαλίαν
3103 5032 3505 5102 προσήνεγκαν.
3530 5032 3718 5085 Ταῦτα

2135 5129 2162 5179 ὁ
2195 5126 2454 5189 Κώνστας
2503 5123 2859 5197 μεμαθηκὼς,
2906 5122 3155 5195 ἠθύμησε
3209 5123 3307 5194 μὲν
3353 5125 3446 5178 τοῦ
3485 5122 3714 5193 ἁδελφοῦ

1768 5424 2002 5483 VARIAZ
2038 5422 2439 5480 LECTIONES.

546 5552 592 5583 ’⁸
621 5549 948 5619 Sirngondus
991 5550 1555 5619 Chrislophorsonum
1600 5550 1887 5619 sequitur,
1934 5554 2028 5619 aut
2082 5542 2346 5619 Stephahn.
2403 5543 2461 5619 ἓ.

964 5622 1008 5653 ’⁸
1035 5613 1346 5674 ὑποϐαλεῖν.
1393 5619 1557 5675 Basil.
1601 5613 1696 5674 Gr".
1736 5627 1791 5674 et
1823 5616 1940 5672 Lat.
1984 5616 2223 5685 itemque
2270 5613 2459 5683 Steph.

451 5617 682 5674 δυνατὸν
716 5613 875 5672 εἶναι.

2530 5543 2596 5596 At
2644 5549 2873 5608 uterque
2909 5537 3071 5594 Basil.
3106 5544 3161 5592 et
3197 5537 3414 5608 Steph._
3447 5538 3467 5590 l
3510 5537 3708 5608 habent

2554 5613 2601 5646 ⁸ο
2628 5604 3345 5682 παραλαμϐάνομενελυοεῐιι.
3377 5606 3470 5682 Gr.
3501 5617 3564 5682 et
3584 5604 3709 5659 Lat-

453 5685 498 5719 "
529 5691 590 5743 οὐ
624 5687 887 5744 συνίασιν.
921 5690 1203 5759 StephL‘P...
1278 5691 1324 5722 ⁸³
1356 5690 1391 5759 ἢ
1420 5689 1578 5759 λόγος
1610 5691 1769 5744 abest
1796 5690 1865 5743 ab
1897 5677 2148 5759 utroque'
2171 5685 2339 5759 Basil.
2364 5677 2563 5759 ξ’ζῖνα
2587 5677 2744 5759 abest
2768 5683 2837 5759 ab
2856 5677 3100 5759 utroque
3135 5677 3299 5759 Basil.
3333 5677 3707 5759 caste-phata"

455 5773 521 5812 ac
550 5759 715 5829 paulo
744 5767 867 5829 post
894 5774 994 5829 pro
1020 5748 1078 5813 ἓν
1105 5754 1207 5813 ὦσι
1238 5777 1289 5813 τ.
1327 5748 1596 5816 πίστ.’κα“ι
1625 5760 1777 5829 ὀμολ.
1809 5758 2012 5829 habent
2043 5748 2207 5829 iidem
2238 5754 2399 5812 codd.
2432 5754 2488 5807 ἓν
2521 5756 2626 5808 εἱσι
2660 5756 2722 5827 τῇ
2750 5753 2931 5806 πίστει
2955 5753 3025 5822 τῇ
3057 5749 3336 5825 ammte}.
3373 5748 3718 5820 l"pip!iatiius

465 5825 669 5887 eruisse
693 5825 771 5901 τῷ
799 5825 1074 5886 ἴναίιηιιηι
1105 5831 1209 5886 sint
1244 5830 1407 5899 (forte
1433 5832 1575 5903 sum)
1616 5825 1671 5886 et
1686 5830 1809 5899 ﬁdei
1843 5825 2188 5897 confessione,
2216 5832 2321 5880 cte.
