4098 6422
433 432 567 498 1017

1418 440 2007 505 ECCLESIASTICZE
2035 446 2415 508 HISTORL'E
2458 448 2597 506 LIB.
2628 447 2706 507 II.

3554 449 3688 508 1018

430 545 533 616 τὴν
575 545 826 599 εὐκολίαν
860 547 1040 618 δρῶν·
1097 549 1398 621 ἐχαλέπηνε
1428 552 1485 606 δὲ
1514 555 1655 607 κατὰ
1692 554 1801 608 τῶν
1845 554 1999 609 ταῦτα

2115 566 2340 621 essent,
2410 556 2867 627 imperatorisque
2941 554 3193 610 facilitati
3276 554 3687 624 imposuissent.

430 634 854 707 τετυρευκότων,
909 638 1003 691 καὶ
1048 641 1149 709 τὴν
1189 640 1455 711 βασιλέως
1507 644 1870 715 ἡπατηκότων
1915 645 2009 697 εὐι

430 725 673 796 χέρειαν.
709 726 814 780 Δύο
857 727 919 798 δὴ
944 724 1038 783 οὗν
1064 730 1171 786 τῶν
1197 734 1277 795 εἰς
1300 733 1400 800 τὴν
1426 734 1691 805 Σαρδικὴν
1715 733 1760 768 ⁸⁸⁵
1784 736 2006 805 συνελη-

432 817 675 870 λυθότων
723 817 1087 891 ἐκλεξάμενος
1139 823 1492 890 ἐπισκόπους,
1520 826 1656 895 πρὸς
1674 825 1766 878 τὸν
1786 826 2011 894 ἀδελφὸν

434 908 572 976 μετά
594 908 939 979 γραμμάτων
971 912 1257 966 ἀπέστειλε
1280 930 1295 945 ·
1332 915 1715 968 συναπέστειλε
1743 916 1798 969 δὲ
1826 918 2011 980 αὐτοῖς

431 999 525 1052 καὶ
547 998 872 1070 στρατηγὸν,
897 1001 1154 1067 Σαλιανὸς
1176 1003 1235 1056 δὲ
1262 1003 1439 1075 τούτῳ
1467 1005 1636 1076 ὄνομα
1673 1002 1763 1077 ἦν,
1811 1006 1872 1070 ὃς
1920 1007 2008 1061 εύ-

433 1088 620 1159 σεόείᾳ
659 1106 719 1142 τε
748 1091 841 1143 καὶ
870 1090 1182 1164 δικαιοσύνῃ
1210 1093 1492 1165 διέλαμπε.
1520 1095 1601 1148 Τά
1622 1094 1680 1148 δὲ
1706 1094 2008 1167 γράμματα

435 1181 495 1233 οὐ
547 1182 877 1253 παραίνεσιν
931 1186 1094 1255 μόνον
1126 1187 1173 1218 ⁸⁸
1223 1182 1336 1257 εἶχε
1381 1188 1475 1240 καὶ¹
1511 1186 1842 1259 συμϐουλὴν,
1872 1188 2008 1242 ἀλλὰ

435 1270 528 1323 καὶ
551 1270 779 1343 ἀπειλὴν
809 1273 1023 1327 εὐσεϐεῖ
1049 1276 1363 1346 πρέπουσαν
1393 1276 1621 1347 βασιλεῖ.
1656 1277 1878 1349 Πρῶτον
1909 1279 2007 1348 μὲν

431 1360 539 1433 γάρ
563 1362 842 1417 ἐπέστειλε
874 1365 952 1436 τῷ
983 1366 1217 1436 ἀδελφῷ,
1244 1369 1358 1432 τοῖς
1381 1368 1694 1430 ἐπισκόποις
1715 1367 1813 1432 τὰς
1838 1367 2008 1432 ἀκοὰς

433 1451 708 1523 ὑποσχεῖν,
745 1455 841 1509 καὶ
870 1458 970 1521 τάς
996 1457 1101 1511 ὑπὸ
1125 1459 1394 1526 Στεφάνου
1422 1459 1514 1513 καὶ
1541 1459 1652 1512 τῶν
1680 1457 1854 1512 ἄλλων
1883 1459 2004 1512 τολ-

441 1545 692 1614 μωμένας
729 1549 1079 1619 παρανομίας
1126 1550 1346 1618 μαθεῖν·
1380 1551 1474 1604 καὶ
1506 1550 1690 1621 μέντοι
1720 1552 1811 1604 καὶ
1851 1551 2008 1605 Ἀθα-

442 1634 610 1689 νάσιον
630 1636 925 1692 ἀποδοῦναι
952 1641 1019 1710 τῇ
1052 1640 1276 1712 ποίμνῃ,
1304 1641 1468 1712 δήλης
1494 1641 1591 1695 καὶ
1613 1641 1715 1711 τῆς
1740 1658 2009 1710 συκοφαν-

437 1726 549 1790 τίας
586 1729 982 1799 γεγενημένης,
1024 1730 1117 1784 καὶ
1157 1732 1254 1802 τῆς
1296 1732 1404 1785 τῶν
1451 1732 1621 1786 πάλαι
1660 1732 1998 1789 δικασάντων

433 1819 778 1889 παρανομίας
802 1820 897 1874 καὶ
915 1821 1259 1893 δυσμενείας.
1288 1826 1646 1896 Προστέθεικε
1664 1827 1740 1894 δὲ,
1759 1828 1836 1892 ὡς
1858 1830 1907 1881 εί
1929 1826 2005 1899 μὴ

2119 647 2261 702 Duos
2308 656 2488 720 autem
2535 665 2601 703 ex
2640 648 2709 704 iis
2741 648 2836 718 qui
2872 645 3152 709 Sardicam
3188 656 3561 700 convenerant
3594 647 3689 700 de-

2116 738 2287 794 lectos
2308 739 2598 807 episcopos
2624 754 2749 792 cum
2777 737 2980 793 litteris
3012 737 3161 793 misit
3192 736 3258 790 ad
3291 735 3539 798 fratrem,
3560 737 3576 755 ‘
3606 750 3687 788 at-

2114 845 2222 898 que
2285 844 2389 884 una
2445 830 2726 884 Salianum
2790 830 3111 900 magistrum
3178 829 3458 894 militum,
3510 830 3687 881 virum

2114 920 2317 988 pietate
2374 935 2437 974 ac
2485 920 2703 989 jnstitia
2750 920 3044 990 insignem.
3096 919 3316 974 Littera:
3356 935 3520 990 porro
3577 935 3687 973 non

2112 1010 2550 1065 adhortationem
2589 1011 2750 1066 modo
2802 1020 2857 1066 et
2899 1012 3214 1077 consilium,
3248 1011 3342 1066 sed
3383 1011 3687 1065 connnina-

2111 1106 2315 1160 tionem
2369 1105 2533 1161 etiam
2591 1105 2684 1175 pio
2742 1106 2988 1175 principe
3030 1106 3251 1175 dignam
3304 1105 3683 1161 continebant.

2109 1195 2354 1250 Primum
2402 1196 2548 1250 enim
2591 1195 2749 1249 fratri
2801 1197 3045 1267 scripsit,
3099 1211 3159 1250 ut
3205 1196 3485 1265 episcop's
3519 1211 3682 1251 aures

2110 1287 2399 1356 praeberet,
2446 1285 2821 1356 Stephanique
2853 1295 2907 1341 et
2939 1287 3170 1340 aliorum
3210 1287 3397 1356 iniqua
3439 1286 3682 1340 facinora

2110 1385 2506 1447 cognosceret:
2535 1377 2732 1434 deinde
2768 1385 2826 1432 ut
2865 1378 3224 1434 Athanasium
3272 1378 3419 1448 gregi
3463 1392 3565 1432 suo
3593 1392 3687 1433 re-

2110 1470 2381 1532 stitueret,
2423 1483 2550 1523 cum
2594 1469 2865 1538 patefacta
2923 1467 3036 1538 jam
3086 1476 3234 1523 esset
3285 1466 3581 1531 calumnia,
3619 1478 3679 1529 οι

2111 1559 2356 1629 priorum
2398 1558 2649 1629 judicum
2687 1559 2955 1630 iniquitas
2982 1569 3035 1615 et
3072 1556 3471 1613 malevolentia.
3504 1554 3683 1609 Adde-

2110 1649 2315 1715 batque
2353 1664 2434 1714 se,
2475 1649 2578 1705 nisi
2617 1649 2934 1719 persuaderi
2982 1648 3084 1703 sibi
3121 1655 3401 1717 pateretur
3450 1655 3503 1700 et
3534 1644 3686 1714 quod

2109 1738 2275 1809 849
2306 1754 2523 1809 aequum
2557 1747 2678 1794 erat
2708 1738 2935 1802 faceret,
2964 1737 3347 1792 Alexandriam
3405 1735 3683 1807 profectu—

2112 1843 2256 1894 rum,
2308 1837 2365 1884 et
2416 1827 2778 1884 Athanasium
2826 1828 3204 1898 expetentibus
3258 1828 3454 1882 ovibus
3503 1827 3684 1881 reddi-

431 1908 696 1981 πεισθείη,
724 1912 821 1965 καὶ
850 1912 918 1967 τά
941 1913 1126 1969 δίκαια
1159 1917 1388 1987 πράξοι,
1418 1918 1582 1982 αὐτὸς
1614 1919 1716 1989 τὴν
1755 1918 1999 1984 Ἀλεξάν-

2109 1927 2319 1983 turum,
2351 1919 2808 1990 inimicorumque
2832 1929 3081 1975 catervas
3121 1920 3498 1989 expulsurum.
3533 1916 3684 1983 Quas

429 2000 612 2072 δρειαν
664 2003 1063 2075 καταλήψεται,
1097 2008 1194 2061 καὶ
1230 2008 1323 2061 τὸν
1373 2008 1687 2062 Ἀθανάσιον
1735 2009 2003 2063 ἀποδώσει

426 2096 538 2158 τοῖς
566 2095 791 2150 ποθοῦσι
832 2098 1148 2168 προϐάτοις,
1184 2100 1406 2153 καὶτῶν
1438 2100 1718 2171 δυσμενῶν
1755 2101 2000 2165 ἐξελάσει

2108 2008 2320 2064 litteras
2357 2008 2683 2072 Antiochiae,
2717 2009 2806 2063 ubi
2847 2017 2960 2065 tum
2994 2008 3246 2079 degebat,
3281 2023 3407 2063 cum
3435 2009 3683 2077 accepis-

2107 2108 2191 2154 set
2221 2099 2600 2167 Constantius,
2637 2098 2912 2155 facturum
2960 2115 3019 2156 se
3078 2101 3282 2170 recepit
3309 2098 3455 2170 quod
3510 2097 3684 2153 frater

425 2184 486 2237 τὸ
536 2188 746 2257 στίφος.
804 2188 1022 2261 Ταύτην
1066 2190 1360 2260 δεξάμενος
1406 2193 1436 2244 ὁ
1481 2192 1856 2256 Κωνστάντιος
1901 2194 1999 2264 τὴν

2103 2188 2451 2260 signiﬁcarat.

426 2275 736 2349 ἐπιστολὴν,
787 2279 846 2333 ὲν
904 2280 1204 2357 Ἀντιοχείᾳ
1258 2282 1314 2337 δὲ
1352 2282 1655 2353 τηνικαῦτα
1706 2283 1999 2354 ἐτύγχανεν
2028 2282 2124 2349 ὢν,
2183 2281 2449 2351 ὑπέσχετο
2479 2280 2698 2351 δράσειν
2748 2281 2884 2352 ὅπερ
2906 2279 2949 2311 ⁸⁸
2977 2281 3006 2333 ὁ
3063 2278 3171 2332 τῶν
3233 2277 3435 2332 ὠδίνων
3509 2280 3683 2350 ἐπήγ-

425 2371 570 2438 γειλε
600 2372 873 2437 κοινωνός.

957 2464 1072 2538 [8t]
1104 2467 1355 2523 ΚΕΦΑΛ.
1394 2468 1468 2522 Ζν.

430 2552 507 2607 Τὰ
536 2553 689 2607 κατὰ
727 2552 1050 2623 Εὑφρατᾱν
1091 2555 1189 2609 καὶ
1244 2556 1552 2610 Βικέντιον
1583 2557 1724 2622 τοὺς
1754 2558 1999 2611 ἐπισκό-

494 2636 651 2697 πους
683 2625 781 2678 καὶ
813 2624 929 2689 τὴν
964 2625 1403 2697 ἐῪβΔντιοχείᾳ
1444 2628 1572 2681 κατ’
1617 2627 1815 2683 αὐτῶν
1841 2643 2000 2697 γεγε-

493 2694 766 2762 νημένην
786 2694 1123 2761 συσκευήν.

506 2805 645 2859 Ἀλλ’
674 2806 768 2858 ἐπὶ
802 2806 1016 2871 τούτοις
1052 2807 1387 2879 ἀλγήσαντες
1414 2811 1465 2865 oi
1494 2812 1562 2882 τῇ
1585 2810 1816 2882 ἀληθείᾳ
1845 2810 2002 2864 πολε-

429 2897 548 2967 μεῖν
597 2896 873 2961 εἰωθότες.
924 2897 987 2952 τὸ
1033 2899 1355 2973 παμμίαρον
1406 2903 1585 2956 έκεῖνο
1613 2902 1710 2956 καὶ
1746 2900 2003 2964 δυσσεϐὲς

2728 2456 2878 2513 CAP.
2933 2458 2968 2512 V
2982 2457 3047 2519 ll.

2100 2548 2175 2604 De
2212 2548 2489 2620 Euphrata
2528 2557 2586 2620 ret
2618 2545 2932 2620 Vincentio,
2968 2558 3042 2620 et
3076 2546 3263 2620 dolosa
3311 2548 3363 2602 in
3410 2565 3498 2603 eos
3541 2552 3681 2618 apud

2500 2618 2834 2673 Antiochiam
2871 2616 3278 2673 machinatione.

2173 2796 2280 2853 Sed
2312 2814 2437 2852 cum
2465 2797 2583 2852 bmc
2614 2797 2758 2851 male
2787 2795 2912 2850 illos
2941 2794 3210 2849 haberent
3258 2795 3351 2866 qui
3398 2795 3681 2850 veritatem

2133 2905 2412 2961 ppugnare
2443 2897 2865 2952 consueverant,
2899 2885 3301 2942 exsecrandum
3354 2897 3409 2940 et
3448 2887 3680 2958 impium

426 2986 837 3042 κατεσκεύασαν
870 2989 1077 3060 δρᾶμα.
1109 2992 1368 3063 Κατήχθη
1399 2994 1495 3063 μὲν
1526 2994 1634 3063 γὰρ
1660 2993 1811 3064 παρὰ
1838 2991 1937 3064 τὴν
1953 2992 1999 3025 ⁸⁷

2103 2983 2279 3039 Icelus
2321 2980 2622 3036 machinati
2659 2988 2812 3036 sunt.
2846 2978 3154 3034 Diverterat
3204 2978 3350 3033 enim
3400 2993 3499 3048 por
3546 2978 3680 3031 illud
3764 3022 3767 3023 ν

427 3076 702 3148 ὑπώρειαν
723 3077 833 3132 τῶν
865 3079 1166 3150 ἀρχιερέων
1192 3080 1227 3151 ἡ
1258 3079 1509 3152 ξυνωρὶς,
1542 3084 1570 3135 ὁ
1600 3081 1653 3137 δὲ
1697 3082 2003 3155 στρατηγὸς

427 3167 756 3240 καταγωγὴν
786 3168 981 3241 ἑτέραν
1006 3170 1240 3243 εἰλήφει.

2096 3073 2483 3146 episcoporum
2516 3069 2582 3125 ad
2618 3070 2842 3124 domum
2876 3069 2981 3125 sub
3017 3069 3159 3122 clivo
3207 3068 3391 3135 sitam,
3419 3067 3683 3138 magister

2096 3164 2327 3219 militum
2363 3160 2495 3217 alibi
2525 3160 2886 3216 diversorium
2922 3165 3228 3230 acceperat.

408 3290 411 3293 ‘
495 3278 769 3349 Στέφανος
789 3279 867 3347 δὲ,
898 3281 1061 3344 αὐτὸς
1082 3281 1191 3354 γάρ
1211 3282 1257 3315 ⁸⁸
1283 3283 1383 3354 τῆς
1420 3284 1734 3356 Ἀντιοχέων
1773 3284 1999 3356 Ἐκκληα

2172 3274 2486 3346 Stephanus
2516 3272 2599 3347 [Β.
2652 3273 2734 3328 St.
2770 3274 2869 3329 Ch.
2900 3271 2967 3327 ν.
2997 3272 3075 3346 9.]
3123 3281 3327 3337 autem,
3358 3273 3450 3343 qui
3483 3274 3679 3329 Antio-

426 3366 547 3435 σίας
599 3373 851 3443 κατέχων
896 3374 1023 3438 τοὺς
1083 3373 1278 3439 οἴακας
1326 3376 1659 3448 ὑποϐρύχιον
1712 3377 1884 3431 ἐποίει
1937 3377 2000 3432 τὸ

425 3462 649 3531 σκάφος,
678 3459 791 3534 εἶχε
829 3463 928 3534 μὲν
956 3465 1051 3519 καὶ
1092 3465 1283 3529 ἄλλους
1308 3466 1417 3518 τῶν
1445 3466 1781 3538 τυραννικῶν
1807 3484 1998 3539 συνερ-

422 3553 550 3622 γοὺς
571 3554 959 3625 τολμημάτων,
976 3550 1056 3621 οἷς
1085 3555 1364 3627 χρώμενος
1390 3557 1515 3620 τοὺς
1531 3556 1641 3609 τῶν
1669 3556 1846 3628 ὀρθῶν
1874 3559 2000 3613 ἀντ-

421 3646 713 3716 εχομένους
755 3646 1041 3718 δογμάτων
1098 3647 1466 3711 παντοδαπαῖς
1505 3647 1826 3718 περιέϐαλλε
1862 3665 1999 3719 συμ-

421 3742 645 3811 φοραῖς
673 3742 857 3812 ἡγεῖτο
883 3740 941 3794 δὲ
967 3740 1171 3795 τούτων
1188 3739 1305 3804 νέος
1323 3756 1428 3804 τις,
1457 3739 1754 3812 θρασύτητι
1786 3742 1884 3811 μὲν
1904 3756 1997 3792 συ-

420 3830 548 3897 ζῶν,
574 3830 666 3885 τὸν
685 3831 741 3884 δὲ
764 3833 1078 3903 παράνομον
1106 3831 1482 3897 ἀσπαζόμενος
1506 3831 1641 3902 βίον,
1667 3831 1724 3895 ὃς
1748 3833 1810 3885 οὐ
1838 3831 1997 3901 μόνον

416 3924 545 3987 τοὺς
583 3924 646 3976 ἐκ
684 3924 784 3994 τῆς
824 3924 1030 3995 ἀγορᾶς
1058 3924 1238 3994 ἀπῆγε
1273 3921 1698 3994 προπηλακίζων
1728 3922 1822 3975 καὶ
1851 3923 1997 3976 αἰκι-

417 4014 672 4086 ζόμενος·
725 4016 859 4070 ἀλλὰ
908 4016 1003 4070 καὶ
1055 4017 1175 4079 ταῖς
1222 4014 1422 4078 οἰκίαις
1473 4014 1664 4077 ἐπιὼν,
1725 4013 1919 4084 ἀνέδην
1947 4013 1993 4046 ⁸³

415 4108 513 4161 καὶ
544 4107 744 4178 ἄνδρας
773 4107 933 4179 ἐξῆγε
988 4107 1083 4162 καὶ
1129 4109 1397 4175 γυναῖκας
1435 4105 1720 4176 σεμνότητι
1764 4122 1997 4177 κοσμου-

418 4194 612 4266 μένας.
659 4197 767 4250 Καὶ
803 4196 892 4251 ἵνα
925 4196 1000 4269 μὴ
1043 4196 1245 4268 σφόδρα
1279 4196 1505 4267 μηκύνω
1533 4198 1632 4267 τὴν
1680 4196 1870 4250 τούτου
1914 4197 1994 4250 δι-

421 4286 731 4357 ηγούμενος
777 4288 1057 4358 πονηρίαν,
1093 4287 1155 4341 τὸ
1180 4289 1321 4341 κατὰ
1361 4287 1471 4341 τῶν
1503 4287 1742 4358 ἀρίστων
1789 4287 1995 4359 ἀνδρῶν

415 4376 686 4448 τολμηθὲν
721 4377 1085 4449 διηγήσομαι*
1129 4378 1346 4449 ἀπόχρη
1387 4377 1496 4448 γάρ
1523 4378 1902 4449 τεκμηριῶσαι
1926 4377 1995 4432 τά

386 4486 391 4493 ’
413 4467 559 4521 κατά
575 4467 679 4522 τῶν
703 4468 940 4523 ὰστῶνίθθ
962 4468 1053 4521 ὑπ’
1077 4469 1285 4522 ἐκείνου
1308 4469 1636 4540 παρανόμοις
1661 4468 1993 4540 πραχθέντα.

386 4579 391 4583 θ
417 4552 587 4622 Οὗτος
637 4559 772 4628 πρός
808 4574 931 4611 τινα
957 4557 1310 4629 χαμαιτύπην
1339 4557 1801 4627 παραγενόμενος,
1827 4556 1993 4627 ἔφησε

388 4648 601 4715 ’ξένους
641 4648 872 4719 ἔναγχος
918 4648 1243 4719 ἐληλυθότας
1290 4649 1499 4702 δεῖσθαι
1532 4649 1747 4719 νύκτωρ
1797 4650 1988 4721 αὐτῆς.

413 4736 549 4795 Εἶτα
570 4741 963 4795 πεντεκαίδεκα
993 4739 1297 4803 στασιώτας
1322 4740 1521 4802 λαϐὼν,
1557 4740 1653 4793 καὶ
1686 4739 1908 4804 τούτους
1930 4743 1989 4796 ὲν

411 4837 534 4899 ταῖς
554 4835 695 4889 κατὰ
713 4833 813 4905 τὴν
843 4831 1121 4904 ὑπώρειαν
1143 4832 1425 4900 αἱμασιαῖς
1449 4830 1823 4901 κατακρύψας,
1855 4827 1990 4902 ἧκεν

410 4923 563 4994 ἄγων
595 4925 692 4997 τὴν
713 4922 1089 4995 χαμαιτύπην,
1119 4923 1213 4975 καὶ
1243 4921 1304 4973 το
1334 4922 1690 4991 συγκείμενον
1723 4923 1988 4991 ἐπιφθεγ-

412 5014 647 5085 ξάμενος
679 5016 950 5085 σύνθημα,
992 5013 1085 5068 καὶ
1135 5012 1321 5084 μαθὼν
1362 5012 1438 5075 ὼς
1467 5013 1688 5082 πάρεισι
1729 5014 1823 5066 τοῦ
1855 5014 1988 5084 δρά-

414 5123 583 5177 ματος
608 5109 660 5164 oi
688 5106 1016 5180 συνίστορες,
1040 5100 1145 5179 ἧκε
1174 5106 1324 5177 παρὰ
1348 5105 1447 5175 τὴν
1477 5103 1657 5158 αὔλιον
1688 5105 1858 5176 θύραν
1886 5107 1987 5175 τῆς

2101 3380 2288 3423 cliente
2334 3368 2592 3423 Ecclesia:
2665 3368 2883 3421 clavum
2944 3377 3076 3421 tunc
3137 3382 3334 3437 regens
3386 3366 3680 3433 naufragio

2098 3460 2348 3532 cymbam
2419 3458 2800 3530 praeparabat,
2848 3475 2973 3513 cum
3044 3457 3182 3513 alios
3263 3457 3678 3528 tyrannitorum

2099 3560 2317 3606 actuum
2357 3566 2586 3606 suorum
2621 3551 2902 3620 adjutores
2935 3550 3146 3612 habuit.
3174 3550 3375 3620 quibus
3408 3565 3680 3615 usus,cos

2097 3643 2191 3712 qui
2233 3650 2411 3697 rectas
2453 3642 2735 3697 doctrinas
2762 3642 3139 3712 sequebantur
3188 3642 3356 3697 variis
3397 3645 3681 3698 calamita-

2097 3735 2242 3789 tibus
2269 3734 2485 3799 all‘ecit;
2510 3742 2621 3787 tum
2659 3734 2849 3787 horum
2879 3733 3073 3788 ducem
3104 3735 3355 3804 juvenem
3384 3735 3677 3805 quemdam

2096 3826 2355 3897 proiecta
2414 3825 2659 3880 audaciae
2696 3840 2749 3880 et
2796 3825 2917 3878 vitae
2964 3825 3309 3889 facinorosae,
3356 3826 3447 3894 qui
3491 3842 3597 3879 non
3647 3844 3678 3881 e

2098 3917 2219 3973 foro
2249 3918 2426 3973 solum
2476 3916 2731 3972 homines
2780 3915 3053 3971 abducere
3092 3931 3217 3971 cum
3259 3916 3577 3971 verberibus
3622 3924 3678 3971 et

2096 4009 2461 4077 contumelia,
2505 4009 2601 4066 sed
2646 4009 2813 4064 etiam
2862 4010 2915 4063 in
2966 4008 3158 4062 dotuos
3210 4006 3555 4077 impudenter
3598 4005 3676 4060 ir-

2096 4122 2284 4168 ruens,
2312 4104 2463 4162 viros
2515 4115 2570 4160 et
2610 4104 2868 4160 mulieres
2900 4101 3321 4157 honestissimas
3353 4100 3673 4155 abstrahere

2096 4197 2330 4253 solebat.
2351 4201 2428 4251 Ac
2461 4212 2530 4251 ne
2557 4196 3036 4251 commemorando
3053 4192 3219 4261 hujus
3239 4193 3532 4261 nequitiam
3554 4191 3673 4244 lou-

2094 4291 2215 4363 κίοι*
2241 4291 2367 4355 sim,
2399 4288 2533 4359 quid
2571 4288 2840 4343 adversus
2867 4284 3349 4357 prmstantssimOs
3374 4283 3517 4338 viros
3551 4297 3673 4353 ges-

2097 4382 2231 4437 serit
2273 4395 2565 4451 exponam,
2605 4394 2672 4433 ex
2721 4393 2831 4448 quo
2868 4378 2934 4432 de
2967 4377 3182 4431 ca'teris
3211 4375 3377 4447 850
3406 4376 3474 4429 ab
3501 4389 3567 4428 eo
3617 4374 3669 4428 in

2095 4473 2242 4533 cives
2272 4472 2463 4541 inique
2510 4471 2670 4526 factis
2698 4478 2848 4523 certa
2889 4468 2961 4521 sit
2994 4467 3331 4536 conjectura.
3363 4465 3408 4517 Is
3462 4465 3526 4517 ad
3563 4465 3670 4517 for-

2096 4566 2357 4620 nicariam
2394 4563 2684 4633 quamdam
2720 4560 3029 4625 accedens,
3078 4561 3149 4614 ait
3195 4559 3459 4628 quosdam
3511 4557 3670 4610 modo

2095 4657 2312 4712 venisse
2340 4655 2684 4727 peregrinos,
2717 4653 2812 4725 qui
2861 4653 2983 4721 ejus
3017 4666 3237 4720 operam
3289 4656 3451 4704 noctu
3487 4648 3670 4718 requi-

2094 4753 2240 4801 rant.
2281 4744 2484 4800 Deinde
2527 4744 2772 4799 colleccis
2821 4740 3133 4809 quindecim
3188 4739 3431 4793 factiosis
3467 4739 3672 4793 satelli-

2097 4838 2263 4901 tibus,
2294 4844 2349 4892 et
2401 4837 2546 4892 inter
2593 4851 2750 4905 sepes
2784 4835 2850 4890 ad
2908 4834 3105 4889 clivum
3155 4832 3467 4895 occultatis,
3502 4846 3567 4883 eo
3614 4847 3672 4885 se

2094 4924 2305 4980 confert
2326 4940 2449 4978 cum
2475 4926 2722 4990 muliere,
2744 4924 3009 4993 signoque
3038 4933 3099 4977 ut
3120 4926 3136 4943 ’
3162 4930 3494 4975 convenerat
3520 4920 3668 4982 dato,

2097 5017 2191 5073 ubi
2246 5016 2441 5072 fabula:
2491 5017 2744 5071 conscios
2791 5018 2985 5071 adesse
3037 5016 3325 5086 cognovit,
3370 5014 3543 5083 pergit
3600 5013 3665 5065 ad

2095 5109 2393 5164 atriensem
2427 5109 2652 5179 jauuam
2697 5107 3015 5174 diversorii,
3047 5107 3103 5161 in
3155 5122 3266 5177 quo
3300 5106 3409 5161 duo
3438 5106 3515 5160 illi
3552 5106 3656 5175 epi-

1714 5272 1797 5325 γλ
1808 5270 1945 5325 ιιιιΕ
1983 5270 2274 5328 LECTION
2282 5271 2383 5326 ES.

480 5366 529 5398 “
551 5363 933 5436 Eepbtxhvjo.
973 5364 1094 5421 Pini
1126 5367 1315 5420 codex.
1408 5365 1451 5399 ⁸³
1485 5366 1670 5436 μόνην.
1713 5365 1880 5423 Bas“.
1916 5366 2011 5422 Gr-

1586 5384 1670 5468 tlv.
1715 5384 1880 5423 uusu.
1916 5384 2011 5422 υτ.
2108 5384 2153 5400 °'
2186 5385 2349 5439 απερ.
2390 5384 2553 5421 153811.
2586 5384 2681 5420 bl'.
2757 5384 2799 5397 "'
2835 5384 2939 5419 1)πο
2960 5384 3059 5445 την
3098 5384 3275 5434 υπωρ.
3298 5384 3505 5446 ⁹οιιήιι.
3539 5384 3572 5413 2'.
3600 5384 3650 5414 Pl

1622 5437 1907 5507 V’Advaiénv.
1935 5437 2099 5493 Basil.
2121 5437 2219 5494 Gr.
2244 5447 2298 5492 et
2334 5438 2522 5507 Steph.
2585 5436 2631 5468 ὀ
2658 5436 2733 5490 Ita
2752 5445 2805 5489 et
2824 5434 3021 5507 Savilit
3051 5434 3247 5507 codex.
3275 5434 3487 5507 \alesrd
3516 5445 3663 5507 recte

407 5431 649 5492 Casauli.
727 5436 774 5469 ⁵⁸
800 5431 870 5506 ἦν
893 5437 1210 5505 interponit.
1238 5437 1402 5491 Basil.
1431 5431 1524 5506 or.

411 5507 697 5576 probante,
732 5503 924 5576 contra
950 5503 1114 5574 quem
1164 5506 1354 5576 nescio
1376 5504 1506 5573 quid
1555 5505 1683 5560 velit
1709 5505 1798 5561 ille
1823 5503 1876 5559 in
1916 5508 2211 5563 Observau.
2246 5503 2469 5561 ini-.celi.
2504 5508 2625 5560 crit.
2656 5514 2788 5576 tom.
2824 5503 2913 5567 IX,

2108 5369 2153 5400 ⁸⁸
2186 5368 2349 5434 ειπερ.
2390 5366 2553 5421 Basil.
2586 5365 2681 5420 Gr.
2757 5363 2804 5397 ⁸⁷
2835 5365 2939 5419 ὑπὸ
2960 5365 3059 5434 τὴν
3098 5365 3275 5434 ὑπωρ.
3304 5361 3505 5434 Steph.
3537 5360 3572 5413 9.
3600 5369 3650 5414 et

2950 5521 3003 5573 p.
3041 5504 3130 5569 18,
3165 5518 3289 5556 cum
3320 5503 3458 5573 dicat
3495 5518 3519 5573 :7
3555 5499 3663 5553 Eu-

409 5571 662 5645 phratam
693 5583 748 5629 et
781 5571 1125 5630 Vincentium
1171 5590 1279 5628 non
1334 5571 1503 5630 fuisse
1539 5576 1676 5630 cives
1718 5577 2111 5631 Antiochenos.
2157 5578 2342 5645 Neque
2368 5578 2513 5629 enim
2550 5578 2654 5631 hoc
2693 5574 2858 5628 infert
2886 5571 2974 5627 illa
3004 5575 3166 5627 lectio
3201 5571 3404 5634 ἀστῶν,
3426 5572 3524 5645 sed
3560 5573 3662 5623 hoc

410 5642 591 5716 dicit;
621 5643 679 5698 Si
723 5645 777 5698 in
825 5645 950 5716 illos
998 5646 1313 5716 peregrinos
1342 5646 1425 5698 sic
1457 5647 1648 5716 egerit,
1676 5644 1911 5712 judicari
1964 5663 2145 5716 posse,
2186 5642 2460 5715 qu'tnnotlo
2492 5648 2626 5701 cit-es
2660 5644 2995 5711 tractaverit,
3030 5658 3264 5716 qttoru_m
3317 5642 3477 5716 paulo
3535 5651 3662 5716 mute.

412 5714 617 5785 mentio
642 5722 791 5785 esset
830 5708 1013 5785 facta:
1034 5708 1220 5785 Steph.
1252 5714 1288 5785 2
1324 5708 1548 5785 vestigia
1572 5708 1818 5782 ejusdem
1848 5708 2099 5773 lectionis
2128 5708 2305 5778 enim,
2342 5716 2500 5773 habet
2535 5716 2678 5775 enim
2714 5715 2905 5771 vitiose
2939 5732 2951 5770 :
2980 5708 3129 5768 sica
3152 5712 3259 5767 τῶν
3293 5708 3502 5766 ενξστῶν.
3546 5708 3655 5764 Sed

412 5780 603 5854 Steph.
634 5783 655 5836 i
693 5800 815 5839 cum
847 5783 1007 5840 Basil.
1047 5780 1146 5839 Gr.
1175 5784 1430 5857 ἀρίστων,
1466 5780 1613 5857 quod
1636 5803 1665 5842 ο
1693 5787 1959 5857 superiori
1989 5787 2127 5843 linea
2167 5787 2403 5856 irrepsit.
