4098 6414
489 415 626 478 1019

1508 416 1996 478 ’ῘἩΕΟΒΟΚΕΤΙ
2021 415 2355 477 EPISCOPI
2385 417 2761 478 CYRENSIS‘

3612 408 3748 473 ιι)εο-

483 526 638 599 scopi
687 530 1086 599 pernoctabant
1123 537 1218 584 :ct
1258 538 1502 599 apertam
1551 528 1834 585 olfendens
1873 529 2054 600 (unum

2167 526 2277 580 τῶν
2332 526 2542 598 ἀνδρῶν
2592 526 2828 580 ἐκείνων.
2865 524 3221 596 καταγωγῆς·
3262 524 3359 578 καὶ
3394 524 3598 595 ταύτην
3645 526 3738 578 6v.-

483 621 628 674 eiiim
659 619 1091 677 domesticorum
1126 621 1197 675 ad.
1232 619 1334 675 hoc
1367 619 1678 676 faciendum
1709 621 1937 690 pecunia
1975 633 2061 673 re-

485 713 772 784 demerat),
831 716 1110 769 mulierem
1170 714 1495 777 introduxit,
1529 713 1806 782 januaque
1841 719 2061 768 ostensa

489 801 754 867 cubiculi,
791 803 842 855 in
872 818 980 873 quo
1001 802 1386 873 episcoporum
1417 802 1557 856 alter
1585 801 1822 871 jacebat,
1850 801 2059 870 ingredi

479 890 628 958 jubet
677 893 840 962 :ipse
890 893 1109 947 interim
1163 893 1232 947 ad
1283 893 1563 947 vocandos
1614 894 1878 948 satellites
1930 906 2062 946 suos

485 981 874 1052 proﬁciscitur.
904 985 1232 1054 Eupliratas,
1253 984 1355 1038 hoc
1375 983 1520 1038 enim
1551 992 1707 1038 aetate
1730 983 2060 1055 provectiori

485 1086 683 1126 nomen
719 1081 859 1138 erat,
884 1075 939 1129 in
971 1075 1246 1129 exteriore
1275 1074 1416 1128 forte
1445 1075 1704 1129 cubiculo
1724 1075 2058 1139 dormiebat;

486 1160 830 1230 Vincentius,
870 1166 953 1221 sic
1009 1167 1146 1220 alter
1199 1166 1608 1236 appellabatur,
1675 1168 1729 1220 in
1799 1165 2062 1220 interiore

483 1252 820 1322 quiescebat.
839 1255 1145 1327 Eupliratas
1165 1258 1580 1328 ergo,ingressa
1601 1258 1803 1328 puella,
1821 1258 2059 1312 sonitum

484 1345 680 1414 pedum
712 1348 984 1410 sentiens,
1029 1365 1154 1403 cum
1191 1349 1432 1404 tenebrre
1463 1358 1668 1415 essent,
1709 1351 1834 1420 quis
1869 1350 2062 1406 ambu-

483 1438 622 1491 laret
661 1438 1038 1510 interrogavit.
1071 1440 1161 1494 llla
1196 1452 1376 1496 autem
1413 1441 1801 1510 respondente,
1829 1449 2059 1496 contur-

481 1529 642 1584 batiis
689 1539 774 1586 est
825 1530 1150 1600 Euphratae,
1181 1533 1484 1587 daemonem
1541 1548 1663 1588 esse
1715 1534 2059 1604 conjectans,

481 1619 570 1688 qui
616 1635 802 1674 vocem
837 1622 1157 1676 muliebrem
1195 1621 1494 1692 eﬂiugeret,
1526 1624 1824 1693 statimque
1855 1625 2058 1680 Christi

481 1710 789 1766 Servatoris
837 1713 1101 1766 auxilium
1161 1715 1438 1784 implorat.
1487 1714 1704 1786 Onager
1752 1732 1914 1785 vero,
1977 1718 2060 1774 sic

2165 622 2399 689 εῳγυῖαν
2434 616 2632 690 εὑρὼν,
2673 618 2770 671 ἕνα
2815 617 2925 688 γὰρ
2954 617 3064 671 τῶν
3094 615 3319 670 οἰκετῶν
3345 616 3502 670 τοῦτο
3547 617 3744 687 δρᾶσαι

2163 711 2438 780 χρήμασιν
2468 707 2770 769 ἐπεπείκει,
2803 709 3074 779 εἰσήγαγε·
3106 709 3203 778 τὴν
3240 711 3494 776 γυναῖκα,
3524 709 3617 761 καὶ
3647 704 3754 761 τοῦ.

2162 800 2311 852 οἴκου
2335 797 2942 870 τὴνθύρανιέπιδείξας,
2965 798 3094 856 ἔνθα
3122 798 3187 869 δὴ
3212 798 3491 852 καθεύδειν
3513 797 3760 870 θάτερον.

2161 889 2269 943 τῶν
2318 890 2624 963 ἀρχιερέων
2687 888 3021 956 συνέϐαινεν,
3080 889 3210 945 είσω
3264 889 3517 958 γενέσθαι
3573 906 3742 959 προσ-

2161 981 2381 1046 έταξενο
2431 982 2592 1046 αὐτὸς
2628 981 2686 1036 δέ
2735 981 2861 1045 τοὺς
2911 981 3216 1044 στασιώτας
3250 982 3496 1036 καλέσων
3525 981 3738 1053 ἐξῆλθε.

2162 1071 2365 1141 Συνέϐη
2388 1072 2445 1126 δὲ
2470 1073 2561 1126 τδν
2586 1071 2685 1142 μὲν
2706 1073 3020 1145 Εὐφρατᾶν,
3047 1073 3206 1128 τοῦτο
3228 1074 3340 1146 γὰρ
3365 1073 3431 1146 ἦν
3462 1075 3635 1144 ὄνομα
3659 1073 3756 1144 τῷ,

2163 1163 2536 1234 πρεσϐυτέρῳ,
2575 1166 2634 1218 ἐν
2664 1164 2741 1236 τῷ
2777 1164 3045 1236 προδόμῳ
3061 1166 3344 1220 καθεύδειν
3363 1181 3378 1195 ⁸
3407 1169 3435 1220 6
3463 1165 3521 1220 δὲ
3553 1167 3744 1220 Βικέν-

2159 1270 2294 1318 τιος,
2328 1253 2499 1319 οὕτως
2526 1255 2636 1326 γὰρ
2663 1256 2691 1309 6
2711 1256 2903 1327 ἕτερος
2934 1256 3270 1327 ὠνομάζετο,
3299 1260 3356 1311 ἐν
3378 1257 3457 1327 τῷ
3479 1257 3742 1330 ἐνδοτέρῳ

2161 1343 2403 1415 θαλάμῳι
2435 1347 2778 1416 κατέμεινεν.
2839 1344 2983 1399 Εῖσω
3013 1347 3070 1401 δὲ
3105 1347 3215 1402 τῶν
3263 1347 3442 1419 θυρῶν
3491 1348 3590 1418 τῆς
3642 1367 3738 1418 χα-

2165 1435 2444 1506 μαιτύπης
2485 1437 2806 1508 γενομένης,
2854 1439 2948 1494 τοῦ
2980 1439 3186 1494 κτύπου
3215 1439 3321 1494 τῶν
3363 1440 3539 1494 ποδῶν
3582 1443 3610 1493 6
3637 1442 3734 1494 E6.-

2162 1531 2372 1600 φρατᾶς
2409 1531 2747 1602 αἰσθόμενος,
2781 1533 2976 1597 σκότος
3008 1533 3068 1587 δὲ
3106 1529 3193 1604 ἦν,
3228 1534 3391 1604 ἤρετο
3418 1533 3500 1591 τίς
3525 1533 3556 1588 6
3590 1533 3736 1603 βαδί-

2161 1619 2290 1684 ζων.
2321 1621 2706 1694 Φθεγξαμένης
2737 1624 2793 1677 δὲ
2827 1625 3062 1694 ἐκείνης,
3093 1625 3324 1696 θορύϐου
3355 1625 3551 1696 μεστὸς
3580 1625 3608 1677 6
3638 1625 3739 1678 Εύρ

2160 1714 2376 1784 φρατᾶς
2409 1714 2642 1782 ἐγένετο,
2679 1714 2912 1786 δαίμονα
2950 1715 3193 1779 τοπάσας
3237 1709 3378 1770 εἶναι
3419 1715 3748 1784 γυναικείαν-

476 1801 623 1855 enim
682 1801 875 1856 nefarii
932 1803 1043 1858 dux
1099 1805 1333 1875 agminis
1369 1807 1708 1874 vocabatur,
1759 1809 1888 1878 quia
1947 1825 2054 1865 non

2161 1804 2346 1876 φωνὴν
2398 1805 2816 1876 μιμησάμενον·
2869 1807 2964 1859 καὶ
3008 1807 3321 1878 παραυτίκα
3373 1807 3464 1861 τὸν
3507 1809 3750 1878 Σωτῆρα.

478 1906 739 1945 iiianuiim
789 1901 1022 1958 tantum,
1073 1893 1169 1950 scil
1219 1897 1413 1966 pedum
1453 1898 1616 1952 etiam
1653 1901 1826 1955 armis
1864 1909 2054 1957 contra

2158 1861 2499 1966 ἀριστὺνιείς
2524 1861 2842 1970 ἐπικουρίαν
2868 1861 3168 1952 ἐκάλει..’0
3192 1898 3250 1952 δὲ
3279 1899 3572 1970 Ὄναγρος,
3593 1861 3740 1955 οὖιτω

478 1982 598 2054 pios
627 1984 788 2055 851
823 1985 1097 2050 utebatur,
1123 2003 1248 2041 cum
1282 1990 1450 2044 sociis
1481 1999 1568 2045 est
1618 1992 1921 2061 ingressus,
1951 1994 2056 2049 iiii-

475 2074 676 2142 probos
709 2076 993 2145 appellans
1017 2093 1112 2134 cos
1145 2079 1238 2149 qui
1271 2079 1568 2152 impietatis
1590 2082 1808 2153 judices
1840 2084 2056 2142 futuros

474 2165 844 2222 eoiilideliaiit.
889 2168 1101 2237 Ingenti
1148 2170 1388 2226 clamore
1427 2171 1664 2238 sublato,
1717 2186 2058 2231 concurrunt

472 2255 784 2318 domestici,
818 2259 996 2331 surgit
1043 2267 1098 2316 et
1154 2259 1483 2318 Vincentius
1517 2286 1528 2319 :
1560 2273 1616 2320 et
1650 2265 1875 2322 occlusa
1927 2268 2054 2324 atrii

469 2348 661 2418 janua,
687 2361 894 2422 septem
943 2369 1010 2409 ex
1069 2353 1337 2422 factiosis,
1384 2359 1787 2429 comprehensi,
1839 2362 2057 2435 Onager

471 2456 598 2496 cum
651 2443 882 2513 reliquis
925 2446 1122 2500 evasit.
1157 2445 1388 2503 Detenta
1437 2450 1602 2505 etiam
1635 2467 1759 2506 cum
1811 2452 1920 2509 illis
1967 2462 2054 2510 est

473 2534 690 2588 mulier.
731 2533 984 2590 Diliiculo
1027 2545 1212 2592 autem
1264 2539 1589 2610 magistrum
1653 2543 1909 2608 militum,
1958 2547 2051 2616 qui

470 2636 596 2675 cum
625 2623 763 2692 ipsis
797 2633 1039 2688 venerat,
1061 2626 1363 2683 excitantes
1393 2630 1594 2686 adeunt
1625 2648 1732 2686 una
1763 2635 2049 2704 palatium,

471 2722 525 2769 et
570 2724 764 2770 contra
817 2715 1076 2787 Stephani
1126 2718 1473 2776 insolentiam
1509 2722 1903 2788 declamantes,
1938 2728 2052 2783 aie~

471 2804 606 2858 baut
650 2808 859 2862 scelera
906 2808 1188 2864 illiusnec
1236 2809 1506 2880 judicium
1555 2830 1656 2872 nec
1688 2818 2049 2888 quaestionem

469 2896 708 2968 exigere.
729 2896 989 2969 Magister
1007 2917 1135 2958 vero
1165 2903 1437 2975 praecipue
1457 2906 1748 2976 clamabat,
1767 2910 2049 2969 obtestans

470 2988 884 3058 imperatorem,
919 3000 978 3046 ut
1009 2993 1260 3066 iniquum
1304 2996 1520 3055 facinus
1558 2999 1774 3068 juheret
1814 3019 1920 3058 non
1955 3020 2049 3076 sy-

2157 1986 2264 2060 γάρ
2309 1989 2337 2041 6
2380 1987 2475 2041 τοῦ
2512 1989 2752 2061 πονηροῦ
2801 1990 3022 2059 στίφους
3074 1989 3420 2061 ἡγεμονεύων
3466 2007 3740 2062 προσηγο-

2160 2077 2368 2147 ρεύετο,
2418 2079 2605 2150 ἐπειδὴ
2664 2079 2802 2149 πρὸς
2852 2083 2971 2144 ταῖς
3015 2082 3174 2152 χερσὶ
3217 2081 3312 2135 καὶ
3354 2083 3464 2144 τοῖς
3505 2081 3662 2135 ποσὶν
3690 2080 3733 2112 ἰ

2155 2168 2339 2234 ὅπλοις
2373 2168 2489 2242 [85]
2529 2170 2672 2224 κατὰ
2713 2170 2825 2224 τῶν
2867 2170 3235 2226 εὐσεϐούντων
3268 2172 3552 2244 ἐκέχρητο,
3596 2172 3738 2242 μετᾶ

2155 2257 2250 2311 τοῦ
2305 2259 2529 2328 στίφους
2581 2258 2893 2332 εἰσελήλυθε
2915 2262 2987 2326 θ’,
3039 2261 3391 2334 παρανόμους
3443 2261 3738 2316 ἀποκαλῶν

2153 2351 2280 2414 τοὺς
2309 2351 2654 2422 παρανομίας
2684 2350 2945 2417 δικαστάς
2967 2353 3016 2386 ’³
3041 2353 3258 2408 ἔσεσθαι
3289 2353 3731 2425 προσδοκῶντας.

2155 2441 2292 2512 Βοῆς
2335 2441 2391 2496 δὲ
2437 2441 2698 2514 πλείστης
2750 2444 3050 2516 γενομένης
3073 2446 3142 2511 ⁸⁸,
3205 2446 3540 2516 συνέδραμον
3567 2447 3624 2499 οἱΔ
3653 2448 3735 2500 oi-

2154 2531 2334 2600 κέται,
2364 2532 2624 2605 ἐξανέστη
2661 2533 2721 2588 δὲ
2753 2536 2846 2589 καὶ
2874 2538 2903 2589 6
2944 2535 3220 2601 Βικιέντιος
3241 2553 3253 2566 ·
3285 2537 3378 2591 καὶ
3414 2537 3514 2608 τὴν
3548 2537 3737 2592 αὔλιον

2152 2627 2576 2690 ἀποκλείσαντες
2604 2626 2796 2700 θύραν,
2826 2627 2963 2682 ἐπτά
2999 2628 3098 2698 μὲν
3122 2630 3227 2683 τῶν
3263 2629 3578 2683 στασιωτῶν
3606 2629 3732 2682 συλ-

2152 2715 2339 2770 λαϐεῖν
2389 2714 2764 2787 ἠδυνήθησαν·
2811 2718 2840 2770 6
2885 2715 2943 2770 δέ
2984 2733 3048 2786 γε
3072 2717 3120 2749 ⁸⁸
3168 2718 3438 2789 ’Ὀναγρος
3495 2719 3593 2771 σὺν
3619 2719 3738 2782 τοῖς

2151 2811 2332 2874 ἄλλοις
2374 2809 2605 2879 ἀπέδρα.
2665 2809 3018 2881 Ἐφρουρεῐτο
3067 2808 3122 2863 δέ
3163 2811 3262 2864 σὺν
3298 2809 3532 2874 ἐκείνοις
3571 2809 3667 2865 καὶ
3697 2811 3731 2881 η

2151 2900 2312 2970 γυνή.
2349 2897 2488 2952 Ὑπὸ
2509 2898 2568 2952 δὲ
2595 2897 2695 2970 τὴν
2724 2899 2800 2952 ἐω
2819 2899 2911 2952 τὸν
2938 2899 3034 2954 σὺν
3059 2900 3242 2964 αὐτοῖς
3264 2901 3594 2974 ἀφικόμενον
3618 2902 3732 2957 δια-

2150 2991 2518 3062 ναστήσαντες
2547 2993 2874 3064 στρατηγὸν,
2906 2991 3210 3046 κατέλαϐον
3239 2993 3309 3047 τά
3340 2994 3605 3063 βασίλεια,
3637 2995 3733 3048 καὶ

469 3080 665 3137 nodice
711 3083 805 3138 sed
854 3082 1197 3153 judicialiter
1228 3089 1552 3154 examinari,
1611 3092 1938 3161 promittens
1987 3109 2048 3150 se

2154 3082 2255 3137 ιτῶν
2300 3083 2571 3152 Στεφάνου
2593 3083 2958 3154 τολμημάτων
2984 3083 3377 3149 καταϐοῶντες,
3424 3085 3607 3154 ἔλεγον
3655 3084 3732 3155 μὴ

466 3172 698 3228 clericos
742 3174 1126 3245 episcoporum
1179 3179 1387 3247 primos
1443 3180 1510 3236 ad
1551 3187 1823 3236 tormenta
1875 3184 2044 3240 tradi-

2154 3173 2356 3228 δεῖσθαι
2382 3174 2556 3244 δίκης,
2589 3174 2724 3246 μηδὲ
2757 3174 2994 3245 βασάνου
3024 3174 3095 3229 τὰ
3118 3176 3309 3230 τούτου
3333 3177 3378 3209 ⁸⁸
3405 3178 3730 3249 παρανομή-

469 3275 688 3331 turum;
719 3265 978 3338 Stephani
1016 3283 1179 3339 porro
1213 3271 1499 3327 ministros
1527 3271 1715 3328 eadem
1743 3275 1854 3344 pati
1890 3291 2052 3348 opor-

470 3367 604 3412 tere.
629 3357 748 3423 Quo
797 3358 1176 3429 impudentius
1223 3362 1552 3431 reluctante,
1595 3379 1661 3418 ac
1694 3364 1911 3422 dicente
1942 3369 2054 3424 cle-

470 3445 620 3501 ricos
652 3447 973 3504 verberibus
1022 3449 1183 3506 subdi
1219 3465 1326 3505 non
1375 3450 1594 3517 debere,
1629 3452 1834 3522 placuit
1881 3455 2054 3526 impe-

471 3535 641 3591 ratori
689 3544 744 3591 et
797 3539 1123 3607 proceribus
1185 3539 1330 3594 intra
1382 3540 1642 3611 palatium
1692 3545 2050 3613 quaestionem

467 3629 734 3685 exerceri.
766 3628 832 3683 Et
879 3631 1057 3701 primo
1095 3631 1316 3702 quidem
1355 3633 1637 3689 mulierem
1685 3635 2047 3707 interrogant,

468 3721 593 3791 quis
640 3737 758 3775 eam
819 3724 884 3777 ad
927 3725 1316 3795 episcoporum
1352 3725 1600 3782 duxisset
1647 3726 1814 3798 852
1868 3729 2050 3785 diver-

467 3814 697 3868 sorium.
731 3811 869 3868 Tum
907 3814 997 3868 illa
1025 3813 1281 3885 juvenem
1314 3816 1604 3886 quemdam
1640 3818 1708 3872 ad
1745 3834 1803 3874 se
1834 3820 2051 3876 venisse

465 3906 563 3970 ait,
601 3906 1130 3977 peregrinoruniqiie
1164 3907 1484 3970 adventum,
1516 3916 1572 3964 et
1615 3909 1747 3980 quid
1781 3926 1921 3981 opus
1950 3911 2050 3966 lia-

467 3995 661 4050 berent
696 3995 974 4052 indicasse
1006 4014 1018 4050 :
1049 3997 1118 4052 ab
1147 3997 1252 4052 hoc
1299 4013 1358 4054 se
1393 4014 1622 4070 vespere
1651 3998 1943 4055 deductam
1979 4000 2050 4055 ad

464 4086 854 4142 diversorium.
880 4086 956 4142 lbi
984 4089 1215 4159 quaesita
1247 4104 1473 4144 suorum
1508 4106 1673 4145 manu
1725 4097 1778 4144 et
1806 4090 2049 4157 inventa,

467 4192 562 4248 per
592 4179 717 4233 atrii
743 4183 761 4202 ⁶
791 4179 1014 4250 januam
1047 4180 1439 4246 introduxisse,
1461 4189 1624 4251 atque
1653 4181 1708 4234 in
1734 4181 2048 4235 cubiculum

464 4270 707 4325 exterius
753 4271 964 4340 ingredi
1009 4272 1268 4341 jussisse.
1302 4271 1628 4342 Adjecitque
1659 4281 1774 4326 tum
1813 4272 2050 4327 interro-

463 4363 740 4434 gationem
779 4363 1044 4433 episcopi,
1100 4371 1215 4418 tum
1273 4363 1396 4434 ejus
1436 4371 1723 4427 terrorem,
1752 4369 1807 4416 et
1855 4378 2047 4432 preces

466 4455 533 4510 ad
571 4453 739 4510 Deuin
786 4454 957 4518 fusas,
990 4463 1105 4510 tum
1139 4453 1552 4509 adventantium
1585 4453 1928 4524 repentinam
1964 4452 2044 4508 ir-

464 4547 798 4618 ruptionem.

2155 3283 2319 3339 ματα.
2363 3268 2422 3322 Ὀ
2460 3267 2516 3321 δέ
2547 3285 2610 3336 γε
2648 3268 2954 3339 στρατηγὸς
2989 3268 3354 3340 διαφερόντως
3403 3270 3554 3334 ἐϐόα,
3581 3271 3730 3323 ἀντι-

2152 3358 2324 3412 ϐολῶν
2357 3359 2612 3414 κελεῦσαι
2653 3358 2745 3412 τδν
2792 3359 3016 3430 βασιλέα
3045 3359 3121 3432 μὴ
3149 3360 3459 3424 συνοδικῶς.
3487 3361 3624 3415 ἀλλὰ
3651 3362 3730 3415 δι-

2153 3449 2432 3513 καστικῶς
2477 3448 2835 3518 ἐξετασθῆναι
2861 3450 2922 3502 τὸ
2957 3450 3271 3521 παράνομον
3313 3450 3598 3522 τόλμημα·
3639 3452 3734 3504 καὶ

2149 3540 2274 3603 τοὺς
2304 3539 2413 3592 τῶν
2454 3539 2772 3593 ἐπισκόπων
2806 3540 3102 3611 κληρικοὺς
3133 3541 3443 3612 ὑπισχνεῖτο
3476 3541 3730 3612 πρώτους

2149 3633 2232 3694 είς
2281 3630 2466 3684 αίκίαν
2490 3630 2747 3684 ἐκδώσειν
2767 3645 2780 3659 ⁶
2813 3631 3011 3702 χρῆναι
3045 3629 3103 3684 δὲ
3151 3631 3245 3685 καὶ
3295 3632 3573 3702 Στεφάνου
3603 3635 3730 3697 τοὺς

2149 3721 2427 3792 ὑπηρέτας
2473 3720 2647 3774 ταῦτα
2698 3719 2913 3776 παθεῖν.
2963 3721 3203 3777 Ἐκείνου
3238 3721 3296 3776 δὲ
3343 3722 3534 3792 ἀνέδην
3568 3723 3726 3791 ζυγο-

2141 3811 2472 3882 μαχοῦντος,
2511 3811 2610 3866 καὶ
2640 3811 2891 3880 λέγοντος
2924 3811 2998 3883 μὴ
3027 3813 3136 3866 δεῖν
3167 3812 3462 3883 κληρικοὺς
3505 3814 3730 3884 ὑπομεῖ-

2147 3922 2233 3957 ναι
2285 3902 2521 3974 πληγὰς,
2568 3901 2713 3968 ἔδοξε
2769 3902 2866 3956 καὶ
2914 3901 3124 3974 βασιλεῖ
3153 3903 3384 3968 καὶτοῖς
3445 3905 3728 3975 ἄρχουσιν,

2148 3994 2298 4049 ἔνδον
2334 3995 2392 4049 ἐν
2415 3997 2526 4058 τοῖς
2562 3993 2850 4064 βασιλείοις
2881 3993 3134 4062 γενέσθαι
3160 3994 3253 4048 τοῦ
3276 3996 3599 4066 πράγματος
3630 3996 3729 4066 τὴν

2151 4088 2405 4158 βάσανον.
2455 4087 2564 4142 Καὶ
2611 4086 2825 4158 πρῶτον
2857 4087 2956 4158 μὲν
3003 4086 3196 4158 ἤροντο
3219 4087 3320 4158 τὴν
3350 4089 3603 4156 γυναῖκα,
3645 4088 3728 4152 τίς

2147 4179 2318 4249 αὐτὴν
2352 4180 2433 4243 εἰς
2459 4179 2559 4250 τὴν
2597 4178 2706 4232 τῶν
2735 4177 3058 4232 ἐπισκόπων
3085 4179 3342 4250 ἀπήγαγε
3372 4180 3726 4249 καταγωγήν.

2157 4272 2222 4326 Ἦ
2243 4272 2300 4325 δὲ
2329 4272 2460 4342 ἔφη,
2488 4271 2607 4325 νέον
2628 4270 2750 4324 τινὰ
2778 4271 2917 4340 πρὸς
2942 4272 3110 4343 αὐτὴν
3131 4273 3459 4344 ἀφικόμενον
3491 4272 3590 4342 τὴν
3617 4272 3730 4326 τῶν

2145 4363 2312 4428 ξένων
2342 4363 2638 4434 ἐπιδημίαν
2666 4363 2760 4417 καὶ
2801 4364 2992 4435 χρεὸαν
3023 4366 3218 4431 είπεῖν,
3256 4365 3352 4418 καὶ
3379 4366 3454 4428 ὠς
3483 4365 3724 4436 ἑσπέρας

2141 4457 2492 4527 ἀφικόμενος,
2521 4455 2776 4528 ἀπήγαγέ
2803 4472 2860 4509 τε
2893 4457 2972 4518 είς
2999 4455 3097 4526 τὴν
3127 4456 3484 4528 καταγωγὴν,
3513 4457 3606 4509 καὶ
3635 4456 3730 4509 τὸν

2145 4548 2342 4600 οἰκεῖον
2367 4545 2710 4617 ἐπιζητήσας
2747 4545 2904 4615 λόχον
2927 4546 2994 4611 ⁸⁷,
3026 4546 3122 4601 καὶ
3146 4547 3334 4601 τοῦτον
3363 4545 3560 4618 εὑρὼν,
3597 4548 3729 4600 εἴσω

462 4659 525 4697 τε
553 4641 656 4713 τῆς
693 4639 878 4696 αὐλίου
924 4638 1093 4710 θύρας
1141 4639 1425 4710 εἰσήγαγε,
1478 4637 1574 4691 καὶ
1613 4639 1692 4703 εἰς
1719 4638 1811 4692 τὸν
1845 4639 2114 4712 πρόδομον
2136 4639 2185 4674 ⁸⁸
2215 4638 2476 4693 εἰσελθεῖν
2559 4639 2942 4710 παρηγγύησε.
3000 4639 3318 4708 Προσετίθει
3365 4639 3421 4693 δὲ
3486 4641 3580 4694 καὶ
3629 4642 3723 4696 τού

465 4736 769 4792 ἐπισκόπου
801 4735 904 4807 τὴν
949 4732 1167 4800 πεῦσιν,
1214 4733 1310 4786 καὶ
1349 4732 1411 4787 τὸ
1452 4733 1745 4806 γενόμενον
1783 4735 1920 4800 δέος,
1954 4735 2049 4790 καὶ
2087 4734 2186 4806 τὴν
2209 4732 2395 4806 εὐχὴν,
2429 4733 2522 4788 καὶ
2554 4732 2662 4788 τῶν
2687 4732 3107 4788 ἐπεισελθόντων
3135 4735 3191 4768 ’θ’
3208 4733 3307 4803 τὴν
3337 4733 3543 4803 ἔφοδον.

1865 4890 2098 4949 νΑῐιιΑ]
2127 4889 2522 4948 LECTIONES.

574 5011 618 5042 ἰ
665 5011 778 5072 τοῖς
843 5009 1001 5062 ποσὶν
1066 5007 1222 5063 abest
1266 5023 1294 5062 a
1341 5007 1502 5064 Basil.
1565 5009 1660 5065 Gr.

1769 5012 1814 5044 ⁸³
1844 5008 2199 5077 εἰσεληλύθει.
2264 5006 2431 5062 Basil.
2489 5006 2584 5062 Gr.
2642 5021 2767 5061 cum
2829 5005 3017 5076 Steph.

3109 5007 3173 5080 ”_
3193 5007 3318 5080 τοὺς
3373 5010 3722 5080 παρανόμους

464 5081 746 5142 δικαστάς.
800 5079 876 5134 Ita
921 5078 1083 5133 Basil.
1134 5078 1229 5134 Gr.
1273 5089 1328 5133 et
1372 5080 1562 5148 Steph.
1599 5082 1648 5134 I.
1690 5080 1798 5134 Sed
1861 5076 2140 5133 Sirmbndi
2205 5078 2494 5149 lectionem
2530 5077 2703 5149 iri-oi);
2742 5077 2842 5146 τῆς
2899 5076 3241 5149 παρανομίας
3288 5076 3548 5149 δικαστὰς
3588 5076 3721 5149 post

465 5151 628 5206 codd.
681 5150 895 5219 Savilii,
946 5149 1337 5219 Allatii,_Pini,
1385 5145 1574 5219 Steph.
1615 5151 1670 5211 2,
1707 5149 2120 5219 CliristOphors.
2170 5155 2226 5200 et
2293 5147 2590 5216 Scaligeri,
2648 5145 2888 5219 itemque
2943 5145 3212 5219 Epipli'an.
3277 5145 3419 5203 llist.
3456 5145 3715 5218 tripflV.

465 5221 558 5280 25,
607 5228 792 5274 tuetur
841 5218 1111 5273 Valesius.
1155 5216 1342 5279 Recte,
1401 5216 1519 5272 inea
1574 5220 1790 5288 quidem
1841 5218 2134 5279 sententia,
2177 5233 2300 5271 naui
2346 5219 2450 5271 hoc
2483 5219 2659 5288 ipsum
2715 5217 2886 5288 hujus
2936 5217 3219 5288 sententiae
3267 5216 3536 5282 acumen,
3572 5219 3716 5288 quod

465 5289 638 5344 estin
694 5289 1032 5359 παρανόμοις
1085 5297 1139 5342 et
1203 5291 1545 5358 παρανομίας
1594 5286 1931 5359 δικασταῖς,
1963 5289 2228 5359 requirit,
2292 5302 2356 5342 ac
2413 5286 2658 5359 profectu
2704 5287 2910 5354 justam
2974 5286 3284 5359 vindictam
3326 5286 3718 5359 exspectabant

467 5374 522 5438 a_
549 5354 818 5438 stratege,
869 5354 1430 5438 qui_veiierat\'cuni
1487 5359 1606 5438 illis.
1637 5367 1691 5412 et
1739 5374 1768 5410 a
1799 5354 2326 5438 judicio_palatiiio,
2381 5354 2439 5410 ut
2477 5357 2638 5426 paulo
2692 5365 2818 5438 post.
2863 5363 3060 5438 narrat
3101 5354 3498 5438 Theodoretus.
3531 5358 3715 5438 .(Jertu

465 5427 536 5480 τά
561 5426 752 5497 τούτου
801 5424 914 5496 (τοῦ
973 5426 1265 5495 Στεφάνου)
1328 5424 1961 5497 παρανομήματαξιιιιεε
2026 5424 2076 5480 in
2123 5444 2274 5497 seqq.
2318 5424 2712 5480 commemorat
2757 5424 3166 5497 Tlieodoretus,
3206 5441 3314 5497 non
3354 5435 3482 5480 sunt
3531 5427 3716 5497 iniqua

465 5497 587 5566 ejus
631 5495 857 5561 judicia,
905 5513 1024 5565 quae
1055 5497 1344 5550 iiietuerint
1391 5495 1442 5549 lii
1481 5495 1798 5551 iiiuo'eciites
1830 5499 2095 5566 episcopi,
2131 5495 2473 5552 sed‘insiilte
2503 5497 2571 5548 ali
2600 5511 2670 5550 eo
2693 5503 2914 5550 structae
2936 5509 3036 5566 per
3052 5495 3402 5566 impudicum
3431 5495 3709 5553 feminam.

468 5514 495 5550 e
523 5512 587 5550 iis
631 5512 857 5561 juuicm,
905 5513 1024 5565 quae
1055 5512 1344 5550 meruerint
1391 5512 1442 5549 iii
1481 5512 1798 5551 iiiuocciiies
1830 5513 2095 5566 episcopi,
2131 5512 2224 5552 seu
2263 5512 2473 5552 lnSIlIL'B
2503 5512 2571 5548 aii
2600 5512 2670 5550 eo
2693 5512 2914 5550 strumae
2945 5512 3036 5561 per
3067 5512 3402 5562 impudicum
3431 5512 3709 5553 teminain.

468 5512 579 5638 Pisc
610 5573 832 5632 propter
860 5582 922 5638 ea
957 5581 1182 5638 moveor
1211 5566 1374 5621 dictis
1424 5568 1569 5620 illius
1595 5565 1992 5630 Observatnris,
2034 5584 2084 5636 p.
2118 5567 2202 5625 Π.
2227 5568 2318 5638 qui
2359 5566 2705 5638 παρανόμους
2730 5564 2999 5638 δικαστὰς.
3032 5563 3098 5638 de
3132 5563 3409 5638 Stephano
3455 5567 3710 5638 Antioch.

468 5635 726 5706 episcopo
749 5643 803 5685 ct
830 5635 1109 5706 sodalibus
1141 5635 1550 5706 interpretatur,
1583 5652 1724 5706 quae,
1769 5647 1889 5704 post
1920 5654 1982 5690 ea
2013 5634 2132 5706 qua:
2170 5634 2444 5696 divinius,
2476 5634 2609 5688 nihil
2646 5637 2838 5689 attinet
2860 5634 3162 5706 copiosius
3195 5634 3451 5706 refutare.
3545 5636 3590 5668 ⁸⁵
3625 5653 3714 5703 γε·

470 5703 772 5775 γενημὲγης
799 5703 1008 5775 συνεδρ.
1045 5705 1140 5775 μὲν
1171 5707 1218 5756 οἱ
1253 5708 1355 5775 οἰκ.
1385 5705 1546 5759 Basil.
1578 5705 1670 5757 Gr.
1701 5716 1752 5760 et
1772 5703 1971 5775 Steph.
2030 5703 2042 5706 ’
2068 5707 2115 5737 ⁹⁵
2148 5723 2210 5772 γε
2237 5708 2390 5760 abest
2418 5707 2485 5759 ab
2518 5707 2730 5760 iisdem.
2827 5705 2872 5736 ⁸⁸
2898 5703 3096 5756 τούτων
3130 5705 3316 5772 Steph.
3341 5705 3377 5757 ‘2
3397 5713 3448 5758 et
3473 5705 3708 5760 Casaub.

471 5839 522 5899 Η
554 5774 597 5804 ⁸⁷
631 5771 787 5895 λόγξι
832 5773 1017 5895 νῖιὶυδυ
1054 5773 1238 5842 Steph.
1281 5774 1324 5826 Ι.
1424 5777 1466 5808 ⁹¹¹
1507 5775 1809 5846 πρόδρημσν
1849 5771 1900 5830 ct
1949 5771 2295 5847 παρεγγύησε
2347 5777 2506 5831 habet
2544 5776 2704 5831 Basil.
2751 5775 2843 5830 Gr.
2879 5775 3090 5830 vitiose.
3190 5771 3238 5807 θ’
3265 5775 3709 5832 ύπεισελθόντων.

493 5859 612 5897 ieizi
650 5855 696 5896 ct
777 5851 990 5899 lt‘lltall.

493 5851 612 5899 item
650 5855 696 5896 ct
734 5851 990 5909 btcpliun.
