4098 6420
417 461 549 528 103⁵1

1412 462 2003 525 ΕΟΕΕΕΞΙΑΒΤΙΟ.Έ
2042 464 2425 524 HlSTORI/E
2454 463 2600 525 LIB.
2640 456 2724 524 ΙΙ.

3546 466 3680 530 107:8

410 573 681 644 Αιϐέριος
708 591 721 603 ·
769 572 934 646 Οὐχί·
961 574 1078 626 ἀλλ’
1108 572 1282 638 οὕτως
1311 575 1520 642 ἀλόγως
1553 576 1994 640 καταδικάζειςη

2100 577 2389 642 nostris,si
2415 579 2470 632 hi
2501 579 2593 647 qui
2623 578 2817 633 turbas
2836 593 2985 635 nunc
3015 579 3162 634 cient
3195 581 3247 633 in
3275 580 3684 644 Eeclesiis,visl

411 669 700 740 ἄνθρωπον
733 669 791 721 ὃν
819 671 919 722 ούκ
961 669 1274 738 ἐκρίναμεν.
1321 668 1483 720 Ἀλλά
1516 668 1614 722 καὶ
1645 667 1756 737 ἐγὼ
1783 667 1822 698 ¹⁷
1861 665 1998 730 ἀξιῶ

412 763 680 833 πρότερον
710 761 1094 830 οἱκουμενικὴν
1139 759 1466 831 ὑπογραφὴν
1529 759 1884 831 προχωρῆσαι
1910 759 1954 790 ¹⁸
1979 797 1996 823 ,

413 851 741 923 βεϐαιοῦσαν
772 852 871 922 τὴν
902 853 1082 905 πίστιν
1104 853 1203 922 τὴν
1227 853 1370 906 κατὰ
1396 852 1633 905 Νίκαιαν
1656 852 1992 914 ἐκτεθείσαν,

411 947 482 1000 ἵν’
507 944 701 1008 οὕτως,
736 944 1154 1014 ἀνακληθὲντων
1187 945 1295 996 τῶν
1323 943 1567 1009 ἀδελφῶν
1589 945 1620 1013 ὴ
1630 943 1744 1012 μῶν
1771 944 1878 996 ἀπὸ
1900 943 1995 996 τοῦ

411 1036 725 1108 ἐξορισμοῦ,
761 1038 856 1090 καὶ
885 1035 1452 1090 ἀποκατασταθέντων
1470 1039 1582 1099 τοῖς
1617 1035 1765 1097 ἰδίοις
1785 1036 1992 1102 τόποις,

412 1133 461 1184 εἰ
488 1130 782 1200 ὀφθείησαν
808 1132 855 1184 οἰ
877 1130 918 1162 ¹⁹
948 1129 1043 1183 νῦν
1063 1128 1324 1201 θορύϐους
1348 1129 1710 1196 ἐγγεννῶντες
1731 1129 1991 1191 ταῖςΊίκ-

410 1221 684 1292 κλησίαις,
736 1219 1260 1289 συγκατατιθέμενοι
1313 1222 1379 1288 τῆ
1411 1219 1742 1290 ἀποστολικῇ
1789 1218 1993 1282 πίστει.

409 1313 533 1367 τότε
546 1314 638 1363 ἐπὶ
654 1312 754 1382 τῆς
774 1312 818 1343 ⁹⁰
852 1311 1243 1380 Ἀλεξανδρέων
1263 1311 1314 1364 oi
1340 1311 1560 1373 πάντες.
1579 1313 1994 1382 ἀπαντήσαντες

414 1404 546 1459 ἔνθα
583 1405 611 1456 ὀ
659 1401 1064 1472 ἐγκαλούμενος
1120 1403 1211 1456 καὶ
1240 1404 1289 1454 οἰ
1332 1401 1692 1469 ἑγκαλοῦντές
1725 1402 1853 1464 εἰσι,
1901 1401 1996 1454 καὶ

416 1496 446 1548 ὀ
471 1494 918 1564 ἀντιποιούμενος
941 1493 1141 1557 αὐτῶν,
1168 1492 1520 1556 ἐξετάσαντες
1551 1493 1618 1546 τὰ
1641 1493 1769 1562 περὶ
1790 1491 1992 1558 αὐτῶν,

419 1585 994 1658 ωμπεριενεχθῶμεν.
1031 1585 1378 1650 Ἐπίκτητος
1411 1585 1742 1650 ἐπίσκοπος
1771 1581 1941 1638 εἶπεν
1977 1599 1992 1615 ⁸

433 1678 564 1747 Ἀλλ’
597 1680 626 1731 ὀ
659 1678 858 1750 δρόμος
877 1677 984 1730 τῶν
1011 1676 1286 1746 δημοσίων
1316 1678 1417 1746 οὐχ
1476 1678 1682 1747 ὑποστή
1696 1693 1845 1728 σεται
1898 1679 1996 1746 τὴν

415 1767 601 1839 χρείαν
646 1767 744 1837 τῆς
765 1766 874 1819 τῶν
901 1765 1216 1819 ἐπισκόπων
1251 1767 1508 1835 παρόδου.
1573 1765 1841 1833 Λιϐἐριος
1865 1781 1878 1794 ·
1919 1767 1994 1820 Οὐ

413 1858 602 1930 χρείαν
631 1859 745 1929 ἔχει
774 1859 842 1912 τὰ
879 1859 1315 1929 ἐκκλησιαστικά
1370 1858 1632 1928 δημοσίου
1662 1859 1865 1928 δρόμου
1890 1873 1905 1888 '
1936 1859 1994 1912 αἰ

413 1928 522 2022 γάρ
603 1928 894 2020 ἐκκλησίαι
955 1928 1138 2002 ἱκαναί
1211 1952 1351 2002 εἰσιν
1398 1949 1501 2011 ἕως
1565 1949 1664 2018 τῆς
1721 1928 2069 2020 θαλάσσηςΒ

412 2043 824 2115 διαπέμψασθαι
847 2045 970 2106 τους
990 2041 1200 2095 ἑαυτῶν
1219 2043 1572 2104 ἐπισκόπους.
1593 2042 1654 2093 '0
1674 2041 1994 2107 ,βασιλεύςο

413 2136 497 2189 Τὰ
528 2137 627 2207 ἢδη
655 2136 826 2189 τύπον
850 2135 1122 2205 ἐσχηκότα
1154 2133 1482 2187 ἀναλύεσθαι
1514 2134 1574 2186 ού
1608 2133 1832 2186 δυνατόν
1857 2136 1993 2188 ἐστι.

410 2228 536 2283 Τῶν
558 2230 666 2302 γάρ
690 2230 953 2282 πλειόνων
981 2228 1292 2282 ἐπισκόπων
1321 2231 1351 2295 ἡ
1387 2226 1568 2296 ψῆφος
1610 2227 1813 2295 ἰσχύειν
1844 2227 1996 2294 ὀφείο

411 2321 517 2376 λει.
553 2322 626 2374 Σὺ
681 2322 841 2392 μόνος
868 2316 918 2373 εἰ
951 2322 980 2373 ὀ
1023 2317 1467 2386 ἀντιποιούμενος
1513 2318 1612 2384 τῆς
1667 2321 1851 2384 φιλίας
1900 2318 1995 2370 τοῦ

413 2413 629 2466 ἀνοσίου
677 2412 911 2466 ἐκείνου.
962 2409 1234 2477 Λιόέριος
1259 2406 1431 2462 εἶπεν·
1459 2424 1473 2438 θ
1511 2409 1742 2463 Βασιλεῦ
1768 2412 1836 2473 ¹¹,
1872 2409 1995 2462 οὖδὲ

411 2520 542 2556 ποτε
601 2503 948 2572 ἠκούσαμεν,
988 2499 1061 2572 μὴ
1116 2499 1379 2570 παρόντος
1421 2500 1515 2552 τοῦ
1570 2499 1993 2570 ἐγκαλουμένου,

409 2598 600 2670 κριτοῦ
627 2599 952 2669 ἀνοσιότητα
993 2596 1472 2664 καταγγέλλοντος,
1503 2595 1580 2657 ὡς
1617 2596 1754 2648 ἰδίαν
1788 2595 1992 2668 ἔχθραν

409 2693 755 2765 σίσφέροντος
786 2690 864 2760 τῷ
904 2690 1174 2761 ἀνθρώπῳ
1191 2690 1256 2742 ²².
1298 2691 1361 2741 '0
1393 2689 1696 2754 ,ϐασιλεὺς
1721 2705 1734 2718 ·
1779 2687 1996 2752 Πάντας

412 2787 514 2856 μέν
545 2784 738 2847 κοινῶς
794 2782 1073 2856 ἠδίκησεν,
1104 2783 1292 2836 οὐδένα
1325 2780 1381 2835 δὲ
1405 2780 1578 2844 οὕτως
1605 2781 1680 2844 ὼς
1708 2781 1827 2849 ἐμέ.
1864 2781 1995 2834 Ὄσ-

407 2893 493 2940 τις
523 2876 596 2947 μὴ
627 2877 917 2947 ἀρκεσθεὶς
946 2876 1036 2928 ἐπὶ
1053 2876 1099 2906 ³³
1137 2877 1203 2946 τῇ
1245 2873 1493 2944 ἀπωλείᾳ
1543 2872 1636 2926 τοῦ
1677 2873 1992 2945 μειζοτέρου

412 2987 514 3039 μου
545 2967 798 3037 ἀδελφοῦ,
825 2968 946 3022 οὐδὲ
973 2969 1063 3021 τὸν
1102 2968 1413 3038 μακαρίτην
1457 2967 1789 3019 Κώνσταντα
1826 2967 1995 3020 ἐπαύ-

409 3078 542 3116 σατο
588 3062 906 3133 παροξύνων
934 3063 1013 3124 εἰς
1043 3062 1324 3130 ἡμετέραν
1388 3060 1608 3129 ἔχθραν,
1643 3062 1690 3112 εί
1727 3059 1801 3130 μὴ
1833 3061 1994 3129 ἡμεῖς

397 3154 615 3226 πλείονι
642 3153 939 3224 ήμερότητι
968 3152 1356 3221 ὑπηνέγκαμεν
1386 3149 1484 3220 τὴν
1523 3149 1615 3202 τοῦ
1661 3149 1992 3219 παροξύνον-

408 3263 501 3310 τος
524 3247 619 3298 καί⁵
653 3243 747 3298 τοῦ
779 3243 1218 3315 παροξυνομένου
1246 3243 1441 3313 ῥοπήν.
1471 3242 1634 3294 Οὐδὲν
1661 3242 1721 3295 δέ
1753 3260 1843 3312 μοι
1877 3261 1993 3297 τοι-

409 3336 566 3390 οῦτον
619 3337 948 3407 κατόρθωμα
969 3335 1035 3399 ³⁵,
1087 3335 1210 3388 οὐδὲ
1256 3335 1316 3387 1b
1346 3335 1486 3387 κατά
1528 3331 1866 3400 Μαγνέντιον
1901 3337 1995 3390 καὶ

411 3429 671 3483 Σιλδανὸν
695 3429 763 3491 ’⁸,
809 3428 885 3490 ὼς
923 3425 1016 3480 τοῦ
1065 3425 1261 3496 μιαροῦ
1296 3425 1504 3478 ἐκείνου
1536 3427 1996 3496 περιαιρουμένου

408 3522 521 3574 τῶν
547 3519 1016 3590 ἐκκλησιαστικῶν
1045 3518 1413 3589 πραγμάτων.
1442 3517 1712 3584 Λισέριος
1743 3534 1758 3548 υ
1791 3519 1881 3586 Μὴ
1909 3517 1997 3572 διὰ

408 3612 520 3666 τῶν
546 3613 862 3665 ἐπισκόπων
888 3609 1096 3680 ἀμύνου
1133 3609 1228 3678 τὴν
1265 3607 1486 3678 ἔχθραν,
1521 3607 1764 3676 βασιλεῦ.
1790 3610 1856 3660 Αἱ
1886 3608 1995 3680 γὰρ

408 3709 588 3778 χεῖρες
631 3703 738 3756 τῶν
795 3699 1267 3771 ἐκκλησιαστικῶν
1295 3701 1375 3762 εἰς
1413 3697 1473 3750 τὸ
1508 3698 1756 3764 ἀγιάζειν
1806 3698 1994 3750 εὐκαι-

411 3799 527 3867 ρεῖν
555 3795 880 3864 ὀφείλουσιν.
909 3793 1076 3847 Ὅθεν
1109 3791 1162 3844 εί
1189 3808 1271 3844 σοι
1300 3791 1465 3855 δοκεῖ,
1484 3790 1740 3843 κέλευσον
1762 3790 1998 3861 ἀνακλη-

407 3888 575 3958 θῆναι
631 3889 756 3950 τοὺς
787 3884 1120 3946 ἐπισκόπους
1146 3885 1225 3946 εἰς
1259 3884 1384 3946 τοὺς
1429 3883 1593 3944 ἰδίους
1640 3883 1836 3944 τόπους
1857 3899 1870 3913 ο
1901 3883 1996 3935 κα)⁵

411 3982 461 4034 εἰ
490 3979 796 4050 ὀφθείησαν
822 3976 1125 4048 ὁμόφρονες
1149 3975 1242 4028 τοῦ
1273 3976 1509 4043 σήμερον
1549 3971 1994 4042 ἀντιποιουμένου

409 4075 468 4125 ἐν
493 4075 560 4143 τῇ
583 4071 629 4102 ’⁸
646 4071 786 4123 κατά
805 4070 1044 4122 Νίκαιαν
1063 4067 1346 4139 ἐκτεθείσῃ
1364 4064 1482 4137 [95]
1503 4065 1768 4135 ὀρθοδόξῳ
1788 4066 1992 4130 πίστει,

409 4164 532 4216 τότε
564 4159 910 4222 συνελθόντες
937 4159 1029 4211 ἐπὶ
1056 4156 1120 4210 τὸ
1158 4156 1290 4210 αὐτὸ
1330 4157 1488 4209 ἴδοιεν
1520 4152 1562 4187 ⁸⁷
1599 4155 1740 4225 ὑπὲρ
1773 4155 1996 4226 εἰρήνης

409 4252 506 4308 τοῦ
541 4252 770 4323 κόσμου,
822 4251 908 4303 ἵνα
943 4249 1018 4320 μὴ
1037 4247 1129 4302 τδν
1159 4246 1232 4318 μὴ
1265 4247 1660 4317 ἀμαρτήσαντα
1707 4244 1874 4315 ἀνδρα
1897 4261 1995 4314 χαι

412 4345 746 4415 ραχθῆναι¹⁸
790 4340 1119 4412 δοκιμασθῇ.
1169 4339 1232 4392 '0
1256 4339 1557 4403 βασιλεύς
1591 4353 1604 4365 ·
1642 4337 1744 4392 Ἑν
1785 4340 1898 4389 ἐστι
1936 4336 1996 4389 τὸ

410 4439 574 4511 ζητού
586 4456 764 4509 μενον.
790 4436 1059 4506 Βούλομαι
1086 4433 1195 4501 γάρ
1221 4449 1277 4484 σε
1303 4432 1686 4500 ἀσπασάμενον
1717 4430 1816 4500 τὴν
1860 4429 1996 4500 πρὸς

408 4534 510 4597 τὰς
558 4529 886 4600 Ἐκκλησίας
931 4523 1248 4592 κοινωνίαν,
1295 4523 1456 4578 πάλιν
1510 4525 1591 4586 εἰς
1641 4521 1738 4593 τὴν
1777 4521 1995 4591 Ῥώμην

2102 666 2305 722 fuerint
2346 671 2662 740 apostolicae
2711 670 2836 726 ﬁdei
2881 672 3237 734 consentire,
3275 681 3390 726 tum
3445 673 3685 727 Alexan-

2099 758 2273 812 driam
2320 761 2718 816 convenientes
2762 777 2997 827 omnes,
3054 762 3146 817 ubi
3202 772 3256 818 et
3293 773 3588 819 accusatus
3633 775 3686 819 et

2098 862 2453 909 accusatores
2504 865 2635 910 sunt
2662 899 2676 923 ,
2720 866 2774 911 et
2811 857 3073 912 defensor
3108 873 3296 912 eorum
3320 903 3336 925 ,
3371 860 3686 914 examinata

2099 957 2270 997 causa
2307 948 2635 1002 sententiam
2673 947 3043 1018 proferamus.
3085 950 3364 1017 Epictetus
3409 951 3684 1019 episcopus

2096 1033 2234 1088 dixit
2265 1051 2283 1089 :
2315 1038 2384 1091 At
2431 1053 2630 1096 cursus
2659 1041 2914 1109 publicus
2945 1058 3054 1097 non
3091 1044 3326 1100 sulliciet
3363 1044 3431 1098 ad
3463 1044 3684 1114 episco-

2095 1141 2196 1196 pos
2247 1129 2651 1186 subvehendas.
2701 1129 2991 1187 Liberius:
3054 1133 3458 1190 Ecclesiastica:
3505 1148 3686 1189 causa

2095 1231 2260 1272 cursu
2306 1219 2528 1288 publico
2563 1237 2671 1276 non
2708 1232 2888 1293 egent.
2938 1224 3085 1280 Salis
3119 1227 3321 1280 habent
3363 1227 3684 1281 facultatum

2095 1306 2347 1360 ecclesiae
2367 1348 2381 1368 ,
2415 1310 2706 1380 episcopos
2744 1327 2876 1367 suos
2904 1313 2971 1367 ad
3004 1331 3152 1370 mare
3177 1317 3348 1386 868
3382 1331 3556 1384 usque
3584 1316 3684 1369 de-

2097 1395 2322 1451 ducant.
2364 1397 2671 1469 Imperator
2706 1421 2722 1456 :
2749 1402 2881 1470 Quae
2911 1405 3024 1474 jam
3055 1407 3355 1461 constituta
3391 1415 3517 1460 sunt
3547 1445 3562 1471 ,
3593 1421 3684 1459 re-

2099 1486 2263 1558 fringi
2310 1501 2611 1560 nequeunt.
2651 1495 2901 1549 Plurium
2946 1497 3092 1550 enim
3139 1497 3524 1566 episcoporum
3567 1505 3686 1550 rata

2097 1575 2260 1632 debet
2281 1595 2409 1635 esse
2439 1586 2736 1638 sententia.
2768 1583 2848 1638 Tu
2883 1586 3034 1638 solus
3063 1601 3154 1649 es,
3188 1588 3280 1655 qui
3310 1586 3507 1641 nefarii
3538 1587 3686 1640 illius

2099 1669 2401 1725 amicitiam
2450 1675 2812 1744 amplexaris.
2860 1676 3101 1732 Liberius
3152 1679 3290 1731 dixit
3327 1695 3344 1731 :
3386 1678 3685 1748 Nunquam

2099 1757 2346 1814 auditum
2379 1770 2463 1816 est
2489 1803 2503 1826 ,
2545 1763 2868 1834 imperator,
2904 1775 2963 1820 ut
2986 1782 3080 1822 reo
3113 1768 3343 1821 absente
3365 1768 3534 1837 judex
3564 1769 3687 1839 ejus

2100 1848 2304 1905 delicta
2340 1856 2708 1926 promnlgaret
2733 1899 2746 1922 ,
2781 1859 2938 1927 quasi
2970 1860 3241 1928 privatum
3274 1861 3327 1914 in
3368 1861 3644 1915 hominem
3668 1865 3685 1882 '

2100 1943 2287 1998 odium
2319 1961 2606 2001 exercens.
2652 1947 2956 2017 Imperator
2987 1967 3004 2006 :
3035 1952 3304 2007 Omnibus
3339 1954 3428 2007 ille
3461 1954 3686 2022 quidem

2101 2032 2336 2091 infestus
2367 2036 2471 2090 fuit
2501 2039 2556 2092 in
2589 2055 2916 2106 connnune,
2953 2043 3047 2097 sed
3075 2044 3208 2097 nulli
3239 2059 3398 2114 atque
3435 2055 3493 2098 ut
3527 2043 3683 2099 mihi.

2100 2123 2205 2191 Qui
2267 2128 2492 2198 majoris
2551 2131 2737 2188 fratris
2789 2136 2893 2189 mei
2925 2151 3126 2190 occasu
3188 2153 3296 2191 non
3346 2146 3685 2199 contentus,

2101 2217 2272 2272 beata!
2309 2223 2585 2276 inemorite
2615 2224 2971 2280 Constantem
3011 2246 3118 2282 non
3153 2230 3390 2284 cessavit.
3421 2230 3473 2283 in
3498 2228 3688 2282 inimi-

2098 2311 2258 2366 citias
2300 2324 2518 2370 nostras
2548 2317 2831 2387 impellere
2857 2361 2870 2384 ,
2923 2323 3025 2376 nisi
3068 2338 3170 2377 nos
3209 2324 3476 2392 singulari
3527 2338 3686 2377 man-

2099 2403 2391 2458 suetudine
2426 2417 2478 2459 et
2511 2408 2826 2479 instigantis
2861 2420 2918 2465 et
2947 2414 3194 2485 instigati
3225 2418 3488 2485 impetum
3521 2415 3684 2470 tulis-

2099 2507 2307 2548 semus.
2344 2496 2504 2551 Nulla
2563 2501 2750 2571 itaque
2788 2505 2932 2573 apud
2969 2521 3054 2559 me
3097 2515 3251 2559 tanta
3290 2515 3375 2560 est
3411 2506 3643 2559 victoria
3667 2545 3682 2569 ,

2097 2600 2166 2638 ne
2221 2600 2413 2642 contra
2473 2590 2844 2662 Magnentium
2909 2597 3134 2663 quidem
3202 2606 3297 2652 aut
3357 2597 3683 2660 Silvanum,

2095 2687 2303 2746 quanta
2332 2680 2376 2734 si
2407 2683 2702 2736 scelestum
2734 2683 2882 2739 hunc
2914 2686 2983 2740 ab
3013 2689 3414 2744 ecclesiasticis
3452 2691 3688 2759 negotiis

2096 2772 2380 2838 expulero.
2414 2773 2658 2829 Liberius
2691 2791 2709 2830 :
2741 2775 2862 2830 Noli
2897 2794 2992 2848 per
3035 2780 3330 2851 episcopos
3363 2783 3684 2838 inimicitias

2098 2871 2224 2918 tuas
2258 2865 2571 2930 vindicare,
2607 2869 2928 2938 imperator.
2976 2869 3172 2926 Manus
3209 2875 3353 2927 enim
3402 2880 3686 2944 episcopo-

2097 2971 2221 3010 rum
2256 2960 2685 3016 sanctiﬁcationi
2731 2979 2929 3018 vacare
2960 2964 3185 3020 debent.
3234 2967 3388 3023 Unde
3428 2969 3472 3022 si
3505 2971 3684 3038 placet

2096 3049 2386 3119 episcopos
2436 3051 2502 3104 ad
2545 3055 2796 3121 preprias
2840 3057 2999 3111 sedes
3029 3058 3279 3111 revocari
3309 3058 3463 3126 jube.
3507 3063 3580 3115 Ac
3635 3063 3684 3116 si

2097 3139 2317 3209 quidem
2357 3157 2481 3196 cum
2512 3157 2578 3197 eo
2627 3145 2720 3214 qui
2772 3145 2929 3201 [idem
2963 3149 3324 3204 orthodoxam
3359 3152 3554 3206 Nicane
3585 3170 3683 3207 cx-

2099 3233 2334 3301 positam
2371 3235 2532 3290 hodie
2563 3243 2768 3304 tuetur,
2807 3244 3124 3296 consentire
3156 3243 3512 3309 videbuntur,
3549 3255 3682 3302 tunc

2099 3337 2372 3380 conventu
2416 3326 2606 3382 habito
2656 3330 2724 3384 de
2771 3331 2960 3386 mundi
2995 3349 3129 3403 pace
3195 3338 3562 3405 provideant,
3613 3356 3684 3394 ne

2097 3418 2180 3471 vir
2223 3419 2490 3474 innocens
2536 3436 2838 3492 oppressus
2879 3427 3295 3494 comprobetur.
3332 3429 3636 3501 Imperator
3663 3451 3681 3487 :

2098 3507 2279 3564 Unum
2317 3521 2401 3566 est
2435 3515 2579 3583 quod
2617 3517 2902 3584 quaeritur.
2955 3515 3094 3572 Volo
3127 3521 3273 3574 enim
3311 3530 3398 3586 te,
3453 3525 3542 3577 ubi
3582 3523 3684 3576 Ec-

2097 3602 2390 3656 clesiarum
2421 3608 2869 3660 communionem
2907 3609 3078 3664 fueris
3105 3613 3392 3679 amplexus
3419 3655 3432 3675 ,
3465 3615 3683 3670 mittere

2098 3695 2296 3745 iterum
2336 3692 2505 3763 869
2550 3695 2803 3750 Romam.
2855 3696 3093 3754 Proinde
3148 3705 3378 3757 consule
3419 3707 3576 3775 paci,
3628 3715 3683 3761 et

2099 3781 2458 3838 subscribens
2505 3783 2734 3839 Romam
2790 3788 2926 3843 redi.
2969 3787 3215 3846 Liberius
3265 3807 3284 3846 :
3333 3793 3519 3851 Roma:
3567 3799 3680 3865 jam

2096 3871 2363 3929 fratribus
2416 3875 2673 3931 valedixi.
2733 3877 2984 3936 Potior-es
3029 3883 3174 3936 enim
3231 3895 3358 3938 sunt
3417 3885 3683 3944 Ecclesim

2095 3965 2280 4035 leges,
2321 3978 2482 4032 quam
2517 3966 2766 4022 Romana
2818 3970 3104 4027 habitatio.
3149 3972 3453 4043 Imperator
3485 3995 3504 4032 :
3537 3979 3682 4053 Ergo

2097 4056 2262 4108 trium
2296 4056 2510 4111 dierum
2547 4059 2785 4128 spatium
2826 4062 2998 4117 habes
3030 4064 3096 4117 ad
3132 4066 3590 4137 deliberandum,
3623 4087 3684 4128 ut

2099 4157 2194 4201 aut
2225 4149 2628 4205 subscribendo
2657 4153 2883 4206 Romam
2909 4155 3125 4222 redeas,
3159 4168 3252 4211 aut
3274 4170 3487 4216 statuas
3515 4179 3680 4234 quem

2099 4241 2154 4296 in
2189 4243 2364 4296 locum
2403 4241 2679 4312 deportari
2717 4246 2873 4301 velis.
2901 4246 3142 4304 Liberius
3178 4267 3196 4304 :
3228 4251 3478 4320 Spatium
3513 4259 3680 4312 trium

2096 4333 2311 4389 dierum
2356 4352 2568 4392 mutare
2615 4348 2852 4394 mentem
2912 4359 3018 4395 non
3055 4354 3256 4414 potest.
3287 4347 3468 4412 Quare
3525 4353 3680 4407 mitto

2099 4443 2186 4483 me
2219 4445 2329 4498 quo
2378 4430 2546 4485 voles.
2591 4431 2765 4486 Biduo
2807 4445 2933 4504 post
2967 4436 3081 4490 llatc
3124 4439 3446 4508 imperator,
3473 4447 3682 4498 exami-

2100 4525 2227 4571 nato
2259 4518 2514 4583 Liberio,
2566 4523 2974 4594 consiliumque
3023 4540 3134 4580 non
3178 4539 3462 4594 mutante,
3511 4533 3682 4600 jussit

411 4624 747 4679 ἀποστεῖλαι.
780 4622 878 4675 Διά
919 4619 1078 4672 τοῦτο
1111 4618 1362 4688 πείσθητι
1397 4619 1463 4687 τῇ
1491 4617 1700 4686 εἰρήνῃ,
1732 4614 1824 4666 καὶ
1865 4614 1995 4666 ύπο-

2098 4625 2222 4664 eum
2255 4611 2308 4664 in
2328 4609 2574 4666 Beroeam
2601 4613 2851 4668 Thracia:
2883 4617 3132 4686 relegari.
3165 4617 3419 4688 Digresso
3437 4620 3677 4686 Liherio,

411 4717 630 4788 γράψας
659 4711 998 4784 ὑπόστρεψον
1023 4711 1101 4774 εἰς
1125 4709 1224 4778 τὴν
1251 4707 1488 4777 Ῥώμην.
1522 4704 1788 4772 Λιϐἐριος
1811 4721 1823 4732 ·
1855 4703 1992 4772 Ἤδη

411 4811 524 4870 τοῖς
568 4807 813 4874 ἀδελφοῖς
848 4806 959 4864 τοῖς
993 4802 1050 4853 ἐν
1095 4797 1281 4868 Ῥώμῃ
1327 4795 1706 4866 ἀπεταξάμην.
1759 4795 1996 4859 Μείζους

411 4901 523 4972 γάρ
575 4902 712 4952 εἰσιν
749 4898 799 4950 οἰ
831 4891 1276 4965 ἐκκλησιαστικοί
1323 4888 1513 4958 θεσμοὶ
1560 4888 1659 4957 τῆς
1706 4888 1764 4940 ἐν
1807 4888 1994 4958 Ῥώμῃ

411 4989 715 5056 διατριὸἧς.
754 4988 816 5040 '0
865 4983 1170 5050 ,βασιλεύς
1206 4997 1222 5012 ·
1282 4979 1492 5032 Οὐκοῦν
1549 4975 1720 5048 τριῶν
1771 4976 1994 5046 ἡμερῶν

414 5083 560 5152 ἔχεις
588 5080 829 5149 σκέψεως
849 5077 1144 5146 διάστημα,
1165 5075 1213 5127 εἰ
1241 5074 1286 5105 ⁸⁸
1304 5071 1481 5142 βούλει
1508 5069 1832 5140 ὑπογράψας
1857 5071 1992 5121 ὑπο-

417 5170 650 5242 στρέψαι
681 5170 760 5230 εἰς
785 5167 885 5238 τὴν
901 5165 1139 5236 Ῥώμην,
1170 5163 1202 5234 ἢ
1231 5164 1480 5233 ἐννοῆσαι
1506 5161 1550 5192 ⁸ο
1588 5161 1645 5214 ἐν
1676 5161 1814 5230 ποίῳ
1844 5159 1994 5230 τόπῳ

2099 4704 2400 4773 imperator
2425 4707 2754 4776 quingentos
2787 4723 2986 4765 aureos
3007 4711 3055 4765 ei
3087 4711 3236 4765 misit
3273 4713 3340 4766 ad
3383 4730 3676 4784 expensas.

2099 4794 2351 4850 Liberius
2382 4805 2563 4852 autem
2597 4799 2674 4852 illi
2699 4802 3070 4871 quiattulerat
3103 4806 3418 4875 respondit:
3453 4807 3592 4873 Abi,
3627 4821 3680 4863 et

2097 4885 2527 4957 daimperatori.
2579 4890 2674 4947 llis
2726 4894 2872 4947 enim
2925 4909 3064 4964 opus
3086 4895 3246 4952 habet
3296 4898 3362 4952 ad
3407 4901 3680 4969 stipendia

2100 4976 2355 5030 militum.
2399 4976 2667 5034 Similiter
2712 4982 3031 5052 imperatrix
3091 4985 3230 5041 alios
3282 4989 3401 5058 pari
3449 5007 3680 5046 numero

2099 5067 2268 5121 misit.
2295 5068 2360 5122 Et
2391 5069 2658 5127 Liberius:
2683 5073 2868 5130 Redde
2889 5116 2904 5140 ,
2942 5077 3149 5148 inquit,
3178 5078 3516 5150 imperatori.
3545 5081 3680 5138 Nam

2107 5158 2192 5214 his
2224 5162 2387 5215 etiam
2435 5164 2504 5218 ad
2551 5166 2842 5223 militarem
2875 5171 3278 5240 expeditionem
3322 5188 3460 5243 opus
3493 5175 3679 5232 habet.

1735 5343 1970 5400 νΑΒιΑε
2013 5343 2421 5401 LECTIONES.

487 5467 959 5532 ¹⁶καταδικάζετε.
981 5464 1164 5519 Allatii
1183 5463 1378 5524 codex,
1399 5459 1665 5532 probante
1683 5459 1927 5532 Valesio.

411 5550 469 5596 et
507 5540 647 5598 Lat.,
693 5537 908 5606 Steph..
938 5535 1100 5606 Allat.

2007 5462 2235 5539 ξ’κάγφ.
2266 5463 2511 5539 Basi_l._et
2549 5465 2836 5539 Stegmann

1181 5534 1223 5564 ¹⁰
1256 5535 1304 5586 0i
1341 5534 1492 5585 abest
1521 5545 1548 5582 a
1580 5531 1831 5601 Basil.4ct
1862 5531 2050 5601 Steph.

2926 5474 2968 5504 "'
2986 5476 3384 5542 xpoxsr'ptaat.
3425 5477 3549 5532 Bas.
3584 5478 3678 5535 Gr.

2222 5536 2340 5614 τήν.
2381 5536 2575 5616 Iidem.
2650 5533 2717 5616 "’1
2740 5540 2922 5616 pater).
2952 5533 3209 5616 abesti'ab
3244 5558 3476 5616 utroque
3509 5533 3676 5603 Basil.

413 5613 462 5644 ιι
527 5599 806 5679 εἰσφέρων
828 5607 961 5684 πρὸς
991 5605 1296 5684 ἄνθρωπον.
1334 5601 1513 5684 Basilo
1538 5601 1632 5684 (ir.
1664 5612 1718 5682 et
1749 5599 1892 5664 Lat.,
1925 5599 2097 5684 code;
2130 5603 2247 5656 l’ini
2280 5599 2355 5684 κει.
2378 5605 2614 5684 _Savi|ii._
2674 5599 2841 5664 ⁸³’ἐπὶ
2875 5612 3032 5684 abest
3070 5615 3140 5668 ab
3208 5599 3470 5684 utroqt'tei
3511 5599 3676 5672 Bas-il:

413 5682 463 5714 ιι
487 5671 641 5732 οὐδέχ)
677 5671 765 5748 μοι
793 5671 936 5730 οδε-ξω
963 5671 1183 5748 net-copi).
1215 5673 1397 5748 lde_in._
1423 5671 1757 5748 Epipltapius
1785 5690 1799 5728 :
1842 5673 1991 5748 nulla
2032 5675 2214 5748 itaque
2249 5675 2389 5748 mihi
2414 5678 2648 5748 iirictoria
2691 5690 2790 5735 est.

1273 5741 1318 5774 ³⁸
1337 5742 1437 5810 τῆς
1466 5741 1609 5794 κατὰ
1637 5741 1871 5794 Νίκαιαν
1900 5742 2110 5796 ἐκτεθεί

1732 5815 1992 5882 probante
2031 5814 2266 5870 Valesio.

412 5745 753 5816 Μαγνεντίου
778 5749 869 5800 καὶ
897 5745 1176 5816 Σιλὸανοῦ.

416 5823 462 5852 ⁸⁷
497 5811 709 5873 ε’ίδοῖεν.
740 5819 928 5871 Iidem.
1027 5815 1071 5847 ³⁸
1115 5813 1476 5885 ταραχθῆναι.
1507 5811 1695 5885 linat.2

2887 5683 2932 5714 ³³
2967 5683 3215 5739 Valesius
3251 5689 3456 5740 mavult
3485 5705 3498 5740 :
3535 5689 3678 5742 κατά

2115 5760 2212 5824 et];
2237 5745 2524 5824 ὀρθοδόξου
2547 5748 2806 5824 πίστεως.
2832 5749 2999 5807 Basil.
3029 5753 3124 5808 Gr.
3153 5764 3208 5809 et
3235 5755 3376 5821 ιω..
3410 5756 3674 5824 Stephan.

2373 5818 2416 5847 ⁸³
2446 5818 2538 5895 καὶ
2559 5820 2627 5872 εἰ.
2658 5819 2821 5876 Allat.
2937 5824 2982 5856 ³⁸
3020 5825 3288 5895 ἐννόησαι,
3323 5818 3379 5880 ut
3400 5827 3472 5882 sit
3499 5818 3615 5880 ἑοῖ.
3645 5827 3671 5879 1

417 5889 744 5961 imperativi,
779 5886 960 5942 Allatii
993 5878 1482 5958 codexfpr'obante
1515 5878 1753 5939 Valesio'.
1785 5883 1897 5939 Nec
1933 5883 2197 5954 Epiphan.
2235 5885 2518 5945 dissentit.
