4098 6402
474 435 610 498 103')

1376 423 1866 484 TIIEODORETI
1904 421 2242 481 EI’ISCOPI
2281 422 2650 483 CYRENSIS

3607 421 3742 487 1040

468 543 622 610 Quod
652 542 696 597 si
738 540 825 594 his
858 552 968 593 non
1017 543 1138 607 eget
1188 536 1512 606 imperator,
1558 533 1649 587 det
1685 532 1960 585 Ausculto
2002 536 2046 582 cl

2163 531 2527 602 μετατεθῆναι
2567 532 2767 602 βούλει.
2817 534 3085 606 Λισέριος
3113 551 3124 564 ·
3154 532 3227 586 Τὸ
3258 534 3366 586 τῶν
3396 531 3564 602 τριῶν
3597 536 3740 604 ἠμε-

469 635 755 704 Epicteto,
803 628 889 684 his
920 627 1065 683 enim
1105 640 1244 695 opus
1303 623 1527 677 habent.
1582 619 1798 676 Utvero
1831 620 1901 674 ab
1961 619 2050 675 his

470 742 578 780 non
613 722 858 792 accepit,
905 717 1177 774 Eusebius
1232 714 1524 770 eunuchus
1575 713 1715 768 alios
1760 712 1809 768 ei
1867 711 2045 766 aﬂcrt.

467 818 566 873 Cui
629 814 902 879 Liberius,
959 810 1038 864 Tu
1089 809 1240 864 orbis
1284 817 1591 874 terrarum,
1621 807 1735 871 ait,
1783 805 2047 860 ecclesias

463 906 754 979 expilasti,
785 912 840 958 et
875 901 1006 956 mibi
1033 909 1090 954 ut
1115 899 1378 955 damnato
1405 898 1810 966 elecmosynam
1844 894 2050 952 affers?

468 999 649 1064 Vade,
683 997 834 1068 prius
860 1002 980 1050 esto
1006 991 1383 1047 Christianus.
1406 991 1422 1008 ‘
1462 988 1539 1043 lta
1589 986 1776 1042 triduo
1830 987 2043 1059 elapso,

468 1091 619 1147 nulla
650 1095 882 1160 accepta
917 1085 1156 1160 pecunia
1179 1126 1195 1152 ,
1230 1083 1474 1139 mittitur
1502 1082 1559 1136 in
1587 1081 1871 1137 exsilium.

2161 621 2268 693 ρῶν
2289 623 2331 654 ³¹
2358 623 2636 696 διάστημα
2663 627 2724 680 ού
2755 625 3079 696 μετατίθησι
3111 625 3395 696 λογισμόν.
3418 625 3580 679 Ὅθεν
3605 626 3742 681 ὅπου

2158 713 2337 783 βούλει
2385 716 2708 772 ἀπόστειλον
2767 737 2856 790 με.
2900 719 2960 774 '0
2991 717 3048 771 δὲ
3065 718 3111 750 ³⁸
3145 717 3422 788 βασιλεὺς,
3463 718 3602 788 μετά
3649 719 3746 772 δύο

2155 807 2368 879 ἡμέρας
2421 810 2702 881 κριθέντος
2757 812 3037 883 Λιϐερίου,
3084 811 3179 866 καὶ
3225 811 3300 881 μὴ
3356 811 3744 880 μετατεθέντος

2162 900 2258 954 τοῦ
2279 901 2566 973 λογισμοῦ,
2605 900 2759 958 εἶπεν
2793 905 3135 976 ἐξορισθῆναι
3160 906 3238 967 είς
3267 903 3367 974 τὴν
3393 905 3622 976 Βέροιαν
3644 906 3745 974 τῆς

2160 993 2406 1065 Θρᾴκης.
2452 995 2742 1060 Ἐκϐἀντος
2785 997 3062 1067 Λιϐερίου,
3093 1001 3122 1052 δ
3152 997 3409 1069 βασιλεὺς
3454 994 3748 1050 ἀπέστειλε

2157 1089 2552 1152 πεντακοσίους
2582 1089 2874 1160 χρυσίνους
2897 1091 2943 1122 ³³
2973 1089 3122 1162 αὐτῷ
3151 1093 3232 1155 εἰς
3256 1089 3544 1164 βαπάνας.
3577 1087 3743 1141 Λιϐε-

469 1204 582 1258 ριος
618 1184 741 1239 εἷπε
767 1184 845 1256 τῷ
902 1177 1431 1254 προσκομίσαντι³⁵’
1466 1177 1724 1239 ’Δπελθε,
1756 1177 1843 1240 δὸς
1893 1178 2038 1231 αύτά
2075 1179 2161 1250 τῷ
2185 1181 2398 1250 βασιλεί
2419 1202 2432 1215 ο
2453 1184 2646 1254 χρείαν
2677 1185 2787 1256 γὰρ
2816 1184 2930 1256 ἔχει
2952 1185 3138 1240 δοῦναι
3199 1185 3315 1248 τοῖς
3379 1181 3745 1254 στρατιώταις

465 1284 653 1338 αὐτοῦ.
691 1281 927 1353 Ὁμοίως
957 1281 991 1348 ἡ
1017 1277 1306 1349 βασίλισσα
1343 1273 1592 1345 ἐπεμψεν
1623 1274 1773 1345 αὐτῷ
1799 1273 1867 1327 τὰ
1924 1275 2084 1330 αὐτά.
2131 1277 2385 1348 Λιὸέριος
2457 1276 2612 1335 εἶπεν
2637 1294 2656 1311 ⁸
2691 1282 2914 1347 Ἀπόδος
2968 1282 3108 1337 ούτά
3129 1282 3210 1354 τῷ
3258 1281 3496 1352 βασιλεῖ’
3556 1279 3746 1350 χρείαν

465 1378 576 1449 γὰρ
601 1375 781 1431 αὐτῶν
808 1372 922 1443 ἔχει
955 1371 1034 1434 εἱς
1063 1369 1164 1440 τὴν
1187 1368 1296 1422 τῶν
1327 1367 1675 1439 στρατιωτῶν
1696 1367 1740 1398 ³⁸
1762 1365 2050 1431 ὲξοδίασιν.
2105 1369 2230 1422 Ἐὰν
2255 1371 2312 1425 δὲ
2371 1372 2446 1445 μὴ
2473 1373 2662 1446 χρείαν
2722 1373 2821 1446 ἔχῃ
2849 1376 2878 1427 ὁ
2932 1374 3205 1444 βασιλεὺς,
3264 1373 3402 1427 δότω
3458 1371 3598 1426 αὐτὰ
3664 1367 3744 1438 τῷ

467 1469 739 1539 Λύξεντίῳ
804 1466 898 1520 καὶ
959 1464 1306 1534 Ἐπικτήτῳ·
1375 1461 1565 1533 χρείαν
1597 1461 1706 1533 γὰρ
1747 1462 1964 1532 έχουσιν
2007 1463 2215 1519 τούτων
2237 1467 2304 1522 ³⁸.
2351 1469 2440 1531 Ὡς
2471 1470 2528 1522 δὲ
2565 1471 2695 1541 παρ’
2750 1471 2929 1524 αὐτῶν
2978 1471 3079 1524 οὐκ
3132 1470 3342 1534 ἐλαϐεν,
3392 1468 3654 1532 Εὐσέϐιος
3715 1467 3746 1520 ὁ

465 1563 717 1633 εὐνοῦχος
741 1558 1042 1631 προσφέρει
1070 1557 1220 1627 αὐτῷ
1255 1555 1496 1626 ἐτέρους.
1529 1555 1788 1626 Δκιὸέριος
1807 1555 1863 1608 δὲ
1894 1550 2047 1609 εἶπεν
2087 1559 2238 1630 αὐτῷ
2270 1577 2284 1590 ο
2353 1559 2465 1626 Τὰς
2541 1563 2841 1634 ἐκκλησίας
2895 1564 2996 1634 τῆς
3035 1563 3364 1635 οἱκουμένης
3415 1563 3744 1634 ἠρήμωσας,

466 1659 562 1711 καὶ
615 1655 690 1719 ώς
739 1649 1016 1720 καταδίκῳ
1088 1646 1463 1718 ἐλεημοσύνην
1523 1663 1612 1716 μοι
1675 1645 2064 1718 προσφέρειςξ
2109 1649 2374 1717 Ἀπελθε,
2404 1653 2623 1726 πρῶτον
2654 1654 2812 1725 γενοῦ
2844 1653 3194 1726 Χριστιανός..
3246 1653 3356 1708 Καὶ
3398 1653 3535 1725 μετὰ
3598 1652 3747 1724 τρεῖς

464 1751 700 1822 ἡμέρας,
737 1745 900 1816 μηδὲν
924 1741 1218 1812 δεξάμενος
1247 1738 1499 1810 ἐξωρίσθη

627 1837 876 1909 σεπο·
907 1833 1060 1890 CAP.
1097 1831 1236 1887 xw.
1277 1831 1363 1904 [Β.
1404 1831 1485 1886 St.
1522 1832 1622 1885 cu.
1657 1830 1724 1884 ν.
1760 1831 1878 1901 17.]

749 1928 823 1982 De
844 1927 1035 1983 exsilio
1055 1935 1106 1980 et
1135 1924 1311 1980 reditu
1346 1925 1520 1979 sancti
1546 1923 1763 1980 Liberii.

531 2088 591 2144 In
647 2085 944 2142 Thraciam
1006 2099 1171 2155 ergo,
1235 2083 1381 2138 sicut
1446 2081 1623 2136 fuerat
1677 2081 2048 2152 imperatum,

461 2179 814 2252 tritunphans
841 2177 1092 2233 veritatis
1125 2175 1332 2230 athleta
1359 2175 1644 2246 profectus
1678 2183 1784 2229 est.
1817 2173 2050 2228 Biennio

461 2288 646 2336 autem
673 2278 890 2346 elapso,
935 2289 1062 2330 cum
1101 2272 1334 2326 Romam
1383 2272 1624 2328 venisset
1655 2269 2047 2335 Constantius,

463 2387 757 2444 procerum
831 2369 1345 2437 honoratorumque
1396 2365 1662 2436 coniuges
1716 2364 1866 2418 viros
1918 2379 2050 2419 suos

463 2471 770 2536 rogarunt,
797 2471 858 2516 ut
899 2467 1180 2531 pastorem
1234 2459 1388 2528 gregi
1421 2473 1523 2512 suo
1555 2457 1707 2511 reddi
1752 2456 1822 2510 ab
1856 2471 1922 2509 eo
1953 2471 2052 2524 po-

465 2557 764 2621 stularent,
807 2551 1074 2607 addentes
1117 2566 1209 2615 se,
1239 2549 1349 2604 nisi
1380 2555 1698 2610 exorarent,
1729 2546 2049 2601 deserturas

459 2664 590 2714 eos,
625 2657 679 2701 et
710 2646 777 2700 ad
812 2643 1094 2715 egregium
1125 2642 1280 2696 illum
1313 2628 1596 2710 pasiorem
1630 2637 2044 2692 convolaturas.

461 2745 532 2797 At
586 2740 667 2795 illi
721 2737 997 2810 principis
1045 2738 1184 2790 iram
1237 2731 1417 2789 vereri
1470 2748 1530 2787 se
1587 2730 1899 2785 dixerunt:
1940 2729 2044 2784 sibi

457 2835 644 2896 enim,
680 2829 828 2902 quod
865 2830 970 2885 viri
1028 2837 1252 2890 essent,
1287 2826 1502 2880 veniam
1559 2823 1795 2877 fortasse
1841 2820 2046 2875 nullam

458 2937 903 2982 concessurum:
962 2919 1134 2975 Vobis
1173 2932 1340 2982 vero,
1395 2916 1650 2981 aiebant,
1692 2913 1736 2968 si
1783 2911 2049 2983 deprece-

467 3015 597 3071 mini
627 3053 641 3078 ,
692 3009 1028 3067 condonabit
1079 3007 1230 3064 haud.
1263 3007 1429 3062 dubie
1465 3025 1480 3060 :
1532 3005 1881 3074 duorumque
1909 3003 2048 3058 alte-

459 3124 580 3162 rum
617 3104 874 3169 eveniet,
928 3110 988 3157 ut
1018 3102 1102 3156 vel
1135 3114 1328 3172 preces
1356 3109 1570 3153 vestras
1600 3096 1902 3165 suscipiat,
1959 3095 2045 3150 vel

2749 1835 3006 1888 ΚΕΦΔΛ.
3047 1836 3145 1888 ΙΔ¹.
3243 1851 3265 1871 ο

2165 1923 2303 1991 Περὶ
2333 1920 2442 1991 τῆς
2493 1925 2731 1993 ἐξορίας
2761 1926 2859 1978 καὶ
2895 1923 3198 2047 ἔπιεν-ὁδου
3227 1923 3335 1979 τοῦ
3371 1924 3543 1994 ἁγίου
3579 1927 3746 1980 Atte-

2857 2013 2890 2047 ο
2917 2014 3010 2047 ου.

2849 2013 3010 2063 ρίου.

2241 2085 2298 2140 '0
2334 2086 2434 2157 μὲν
2459 2087 2523 2158 δὴ
2556 2087 2850 2158 νικηφόρος
2877 2089 2977 2158 τῆς
3006 2088 3264 2159 ἀληθείας
3303 2088 3610 2158 ἀγωνιστὴς
3646 2089 3747 2161 τὴν

2155 2178 2380 2250 Θρᾴκην
2413 2179 2487 2242 ώς
2516 2179 2867 2249 προσετάχθη
2894 2179 3178 2232 κατέλαϐε.
3209 2178 3312 2231 Δύο
3340 2178 3396 2232 δὲ
3431 2179 3744 2250 διεληλυθό-

2156 2289 2265 2325 των
2328 2273 2506 2337 ὲτῶν,
2533 2273 2562 2324 δ
2605 2272 2704 2343 μὲν
2758 2273 3141 2335 Κωνστάντιος
3164 2272 3205 2304 ³⁷
3263 2273 3344 2335 εἱς
3380 2271 3478 2342 τὴν
3524 2271 3747 2344 Ῥώμην

2157 2361 2406 2430 ἀφίκετο.
2436 2363 2501 2414 Αἱ
2529 2362 2585 2416 δὲ
2610 2361 2718 2414 τῶν
2749 2364 2804 2414 ἐν
2836 2362 2982 2416 τέλει
3013 2365 3108 2417 καὶ
3133 2362 3440 2434 ἀξιώμασιν
3470 2363 3514 2396 ³⁸
3541 2363 3746 2435 ὁμόζυ·

2155 2472 2243 2522 γοι
2271 2456 2399 2517 τοὺς
2434 2455 2636 2526 ἄνδρας
2663 2455 2978 2527 ὲλιπάρουν,
3021 2456 3298 2511 ἱκετεῦσαι
3329 2457 3421 2511 τὸν
3445 2458 3746 2514 Κωνστάνο

2155 2563 2290 2612 τιον,
2359 2547 2652 2602 ἀποδοῦναι
2705 2549 2798 2601 τὸν
2845 2549 3018 2619 νομέα
3047 2552 3114 2620 τῇ
3167 2550 3394 2623 ποίμνῃ,
3429 2552 3746 2622 φάσκουσαι

2155 2638 2206 2691 εί
2243 2637 2318 2710 μὴ
2345 2639 2605 2704 πείσοιεν,
2639 2641 2838 2704 αὐτοὺς
2864 2641 2962 2712 μὲν
2985 2641 3355 2713 καταλείψειν,
3395 2645 3534 2716 πρὸς
3565 2645 3622 2699 δὲ
3654 2647 3753 2702 τδν

2163 2730 2338 2801 μέγαν
2366 2732 2572 2785 ἐκεῖνον
2601 2732 3012 2804 δωδραμείσθαι
3031 2734 3074 2767 ³³
3098 2735 3433 2806 ποιμένα..οἱ
3453 2735 3511 2789 δὲ
3537 2736 3748 2806 ἔφασαν

2155 2820 2385 2874 δεδιέναι
2412 2822 2504 2875 τὸν
2539 2822 2803 2893 βασιλέως
2837 2821 3010 2894 θυμόν
3029 2839 3043 2854 °
3072 2823 3271 2895 ἄνδρας
3295 2823 3404 2896 γὰρ
3431 2823 3589 2889 ὄντας
3624 2825 3747 2880 οὐδὲ

2160 2913 2292 2982 μιᾶς
2316 2913 2444 2976 ἴσως
2469 2912 2584 2984 [96]
2608 2913 2830 2980 ἀξιώσει
2855 2914 3188 2986 συγγνώμης
3209 2933 3221 2944 ·
3257 2916 3422 2988 Ὑμῖν
3455 2915 3512 2971 δὲ
3533 2917 3746 2972 ἀντιϐο-

2155 3004 2377 3068 λούσαις
2407 3004 2622 3072 φειδοῦς
2661 3005 2934 3074 δήπουθεν
2990 3005 3312 3076 μεταδώσει,
3351 3007 3448 3060 καὶ
3477 3006 3624 3062 δυοῖν
3654 3005 3746 3060 θά-

2155 3113 2335 3168 τερον,
2374 3095 2527 3167 ἤτὴν
2558 3098 2839 3168 ἱκετηρίαν
2868 3097 2914 3130 ⁸ο
2952 3097 3188 3164 δέξεται,
3223 3099 3258 3170 ἢ
3303 3098 3379 3171 μὴ
3419 3100 3741 3171 πειθόμενος

459 3197 506 3252 si
539 3194 772 3266 respuit,
795 3208 896 3247 vos
922 3191 1126 3247 illaesas
1159 3188 1426 3244 dimittat.
1458 3185 1574 3243 lloc
1596 3186 1892 3242 consilium
1931 3200 2046 3240 am-

2154 3188 2387 3254 ἀπαθεῖς
2409 3188 2750 3260 ἀποπέμψει.
2786 3189 3004 3262 Ταύτην
3028 3190 3318 3261 δεξάμεναι
3335 3190 3433 3262 τὴν
3457 3192 3748 3264 εἰσήγησιν

461 3289 632 3358 βιθκω
669 3291 996 3356 praestantes
1025 3281 1277 3346 feminze,
1315 3279 1466 3337 soliti
1503 3276 1822 3350 splendoris
1849 3285 2055 3334 ornatu

459 3379 527 3432 ad
557 3377 947 3446 imperatorem
996 3387 1058 3428 se
1081 3370 1378 3427 conferunt
1405 3411 1420 3436 ,
1453 3380 1512 3426 ut
1555 3371 1779 3428 nobiles
1801 3386 1896 3428 eas
1927 3386 2055 3427 esse

460 3485 531 3523 es
559 3473 713 3522 veste
739 3463 1046 3534 conjiciens
1090 3461 1461 3517 reverentiam
1499 3461 1610 3518 illis
1643 3471 1698 3516 et
1737 3461 2055 3532 benignita-

459 3572 570 3615 tem
602 3555 930 3628 impertiret.
979 3552 1072 3609 Sic
1116 3563 1502 3624 comparentes
1533 3560 1698 3608 orant
1734 3551 1937 3618 enixe,
1993 3559 2055 3605 ut

463 3659 670 3706 tantam
705 3648 898 3704 urbem
929 3655 1147 3718 pastore
1181 3646 1462 3710 orbatam,
1509 3645 1881 3715 luporumque
1912 3641 2054 3697 insi-

457 3743 568 3798 diis
619 3739 924 3811 expositam
977 3740 1290 3792 miseretur.
1341 3735 1434 3791 llle
1485 3749 1618 3790 vero
1663 3734 1773 3788 alio
1826 3742 2052 3806 pastore

457 3837 580 3893 urbi
616 3850 756 3906 opus
796 3847 906 3886 non
960 3845 1085 3887 esse
1111 3828 1402 3901 respondit
1434 3846 1447 3882 :
1502 3827 1706 3883 habere
1739 3827 1888 3882 illam
1926 3827 2050 3882 ido-

459 3944 620 3982 neum
652 3925 748 3996 qui
775 3922 895 3992 ejus
925 3937 1116 3977 curam
1162 3929 1338 3992 gerat.
1387 3917 1693 3974 Ordinatus
1721 3919 1871 3973 enim
1923 3927 2049 3989 post

461 4036 714 4092 magnum
769 4016 1048 4072 Liberium
1100 4013 1282 4069 fuerat
1311 4029 1378 4068 ex
1428 4011 1824 4082 cjusdiaconis
1865 4027 2045 4076 unus,

459 4111 606 4168 Felix
640 4109 867 4167 nomine
899 4126 911 4161 :
946 4105 1040 4177 qui
1082 4104 1390 4175 expositam
1439 4101 1636 4158 Nicaea:
1671 4101 1831 4156 fidem
1867 4101 2049 4157 illiba-

455 4215 566 4259 tam
610 4202 832 4274 quidem
863 4198 1155 4260 servabat,
1213 4195 1309 4251 sed
1355 4209 1481 4248 cum
1531 4194 1600 4248 iis
1629 4191 1723 4261 qui
1769 4191 1916 4246 hanc
1947 4192 2045 4247 de-

459 4305 724 4369 pravant,
766 4295 936 4350 libere
989 4287 1458 4346 communicabat.
1490 4284 1612 4352 Quo
1639 4283 1846 4338 factum
1880 4292 1940 4337 ut
1987 4284 2040 4338 in

457 4389 785 4453 ecclesiam,
832 4385 960 4439 dum
996 4385 1148 4439 intus
1175 4389 1354 4445 esset,
1394 4395 1556 4434 nemo
1597 4377 1800 4432 civium
1837 4374 2042 4430 Roma-

2161 3281 2219 3334 αί
2250 3279 2558 3346 ἀξιέπαινοι
2606 3283 2888 3349 γυναῖκες,
2920 3280 3063 3353 μετά
3088 3281 3189 3352 τῆς
3226 3282 3489 3354 συνήθους
3518 3285 3745 3338 πολυτεο

2157 3372 2309 3437 λείας
2353 3372 2659 3444 προσῆλθον
2705 3373 2783 3444 τῷ
2832 3373 3076 3444 βασιλεῖ’
3119 3374 3269 3439 ὅπως
3323 3377 3649 3446 περιφανεῖς
3679 3379 3746 3430 ἐκ

2155 3463 2255 3536 τῆς
2287 3465 2516 3536 ἐσθῆτος
2577 3464 2889 3531 ὑπολαϐὼν,
2937 3465 3118 3530 αἰδοῦς
3174 3465 3346 3531 αὐτὰς
3403 3467 3499 3521 καὶ
3529 3467 3743 3537 φειδοῇ

2154 3555 2387 3628 ἀξιώσῃ.
2433 3556 2592 3610 Οὕτω
2616 3557 2674 3612 δὲ
2713 3557 3131 3630 προσελθοῦσαι.
3177 3559 3419 3613 ἱκέτευον
3471 3560 3744 3632 οἰκτεῖραι

2154 3648 2309 3702 πόλιν
2333 3647 2604 3718 τοσαύτην
2641 3649 2900 3720 ποιμένος
2926 3651 3122 3722 ὲστερη
3134 3648 3324 3720 μένην,
3364 3651 3458 3704 κα.)⁵
3486 3654 3606 3714 ταῖς
3627 3652 3740 3704 τῶν

2152 3740 2335 3794 λύκων
2390 3739 2706 3804 ἐπιϐουλαῖς
2763 3741 3038 3794 εὐάλωτον
3094 3742 3414 3813 γενομένην.
3459 3743 3518 3796 '0
3549 3743 3608 3797 δὲ
3632 3743 3738 3817 ἔφη

2154 3832 2231 3903 μὴ
2273 3831 2480 3886 δεῖσθαι
2536 3832 2748 3903 νομέως
2799 3833 2990 3902 ἐτέρου
3037 3832 3136 3904 τὴν
3191 3832 3379 3888 πόλιν⁶
3421 3835 3657 3907 ποιμένα
3675 3836 3744 3892 δὲ

2150 3924 2295 3996 ἔχειν
2329 3925 2730 3996 προμηθεῖσθαι
2765 3925 3084 3995 δυνάμενον.
3121 3927 3231 3980 Καὶ
3261 3925 3371 4000 γὰρ
3397 3929 3741 4002 ἐκεχειροτό-

2147 4035 2277 4091 νητο
2313 4019 2453 4090 μετὰ
2480 4019 2571 4072 τὸν
2601 4018 2774 4091 μέγαν
2800 4018 3052 4090 Λιϐἐριον
3086 4018 3195 4075 τῶν
3227 4020 3492 4076 διακόνων
3515 4040 3605 4088 τις
3640 4042 3737 4077 πι-

2149 4107 2292 4160 στῶν
2335 4106 2545 4161 ἐκείνου
2580 4123 2596 4137 ’
2622 4107 2791 4178 Φίληξ
2834 4104 2903 4179 ἦν
2953 4108 3129 4180 ὄνομα
3182 4109 3356 4183 τούτῳ
3383 4129 3396 4142 ’
3424 4113 3483 4176 δς
3505 4112 3604 4185 τὴν
3634 4115 3740 4186 μὲν

2145 4195 2460 4249 ὲκτεθεῖσαν
2487 4199 2546 4250 ὲν
2568 4197 2774 4269 Νικαίᾳ
2805 4198 2991 4252 πίστιν
3019 4199 3212 4254 ἄσυλον
3243 4201 3590 4272 διεφύλαττε,
3619 4208 3736 4271 τοῖς

2143 4285 2200 4339 δέ
2231 4303 2294 4354 γε
2321 4286 2690 4357 διαφθείρουσι
2739 4289 2946 4360 ταύτην
2985 4291 3157 4356 ἀδεῶς
3211 4293 3507 4349 ἐκοινώνει.
3543 4297 3735 4363 θύδεὶς

2148 4377 2331 4447 μέντοι
2358 4377 2466 4430 τῶν
2491 4378 2782 4432 οἰκούντων
2808 4381 2908 4452 τὴν
2937 4381 3156 4454 Ῥώμην
3186 4385 3268 4450 είς
3296 4387 3588 4460 εὐκτήριον
3617 4391 3734 4442 εἱσ-

457 4497 654 4538 norum
691 4480 764 4536 sit
807 4479 1116 4550 ingressus.
1147 4475 1304 4541 Quod
1339 4488 1465 4528 eum
1513 4472 1678 4543 871
1715 4470 2036 4541 imperatori

2153 4467 2398 4540 ελήλυθεν
2455 4463 2622 4533 οἷκον,
2669 4469 2815 4524 ἔνδον
2875 4472 3029 4535 ὄντος
3083 4475 3316 4531 ἐκείνου.
3349 4477 3518 4532 Τοῦτο
3549 4479 3606 4533 δὲ
3635 4483 3734 4536 καὶ

456 4584 720 4630 matronae
756 4571 1206 4645 suggessissent,
1263 4583 1327 4623 ea
1372 4582 1432 4622 re
1470 4565 1739 4629 inﬂexus,
1771 4562 2038 4618 eximium

2153 4559 2203 4613 αἱ
2233 4561 2491 4627 γυναῖκες
2521 4559 2728 4630 ἔφασαν
2759 4563 2965 4616 ἐκεῖναι
2994 4563 3072 4636 τῷ
3104 4564 3334 4636 βασιλεῖ.
3375 4563 3450 4625 Οὗ
3475 4570 3540 4642 δὴ
3564 4573 3737 4644 χάριν

458 4667 608 4720 illum
667 4671 944 4736 pastorem
975 4661 1156 4715 redire
1205 4657 1414 4726 jussit,
1466 4663 1519 4709 et
1556 4664 1853 4724 utrumque
1886 4667 2041 4708 com-

456 4754 609 4808 muni
645 4767 813 4822 opera
854 4749 1152 4804 Ecclesiam
1189 4747 1514 4818 gubernare.
1562 4743 1745 4799 Lectis
1797 4743 1852 4797 in
1885 4745 2038 4798 circo

457 4849 541 4902 his
563 4846 762 4902 litteris
786 4884 800 4909 ,
834 4841 1074 4912 populus
1108 4837 1437 4893 exclamavit
1467 4852 1680 4907 aequam
1713 4850 1836 4890 esse
1865 4835 2037 4905 impe-

455 4939 656 4995 ratoris
697 4933 1054 4992 sententiam.
1101 4928 1362 4982 Bifariam
1415 4929 1619 4998 quippe
1647 4925 1859 4982 divisos
1913 4941 2036 4981 esse

453 5037 792 5102 spectatores
814 5066 828 5090 ,
861 5022 1119 5078 discretis
1141 5020 1456 5075 nominibus
1489 5036 1555 5074 ex
1582 5019 1831 5073 colorum
1859 5017 2035 5072 varie-

451 5129 564 5176 ratc
585 5161 599 5183 ,
629 5131 683 5174 et
710 5124 1001 5190 propterea
1034 5114 1250 5168 illorum
1280 5112 1365 5166 his
1399 5125 1568 5166 unum
1590 5152 1605 5176 ,
1637 5110 1873 5165 alterum
1907 5108 2033 5162 aliis

455 5226 690 5280 prmcssc
722 5219 1000 5280 oportere.
1044 5204 1156 5261 lloc
1212 5203 1377 5258 modo
1420 5201 1776 5272 imperatoris
1819 5200 2032 5253 litteras

2145 4649 2536 4720 ἐπικαμφθεὶς,
2554 4654 2864 4723 ,προσέταξε
2887 4654 2986 4725 μὲν
3012 4656 3102 4710 τὸν
3131 4658 3309 4712 πάντα
3339 4659 3560 4732 ἄριστον
3589 4665 3732 4718 ὲκεῖο

2144 4759 2238 4794 νον-
2274 4741 2611 4808 ἐπανελθεῖν,
2677 4747 2830 4816 κοινῇ
2863 4746 2918 4800 δὲ
2945 4747 3292 4819 ἀμφοτέρους
3340 4750 3440 4822 τὴν
3493 4753 3727 4825 Ἐκκλη-

2147 4834 2267 4887 σὶαν
2303 4835 2517 4889 ἰθύνειν.
2556 4835 2782 4891 Τούτων
2801 4840 2860 4890 έν
2886 4838 2963 4909 τῷ
2991 4841 3312 4913 ἱπποδρόμῳ
3332 4844 3442 4898 τῶν
3461 4848 3726 4918 γραμμά-

2142 4943 2252 4977 των
2303 4925 2778 4995 ἀναγνωσθέντων,
2828 4931 3084 5003 ὲξεεόησε
3108 4934 3170 4988 τὸ
3227 4934 3456 5006 πλῆθος,
3518 4939 3727 4994 δίκαιον

2143 5013 2284 5072 εἶναι
2315 5018 2476 5087 λέγον
2510 5020 2601 5074 τοῦ
2630 5021 2896 5092 βασιλέως
2927 5024 3025 5096 τὴν
3057 5025 3240 5096 ψῆφον
3268 5045 3282 5059 ο
3307 5017 3428 5101 διχῆ
3447 5030 3556 5102 γὰρ
3583 5032 3728 5087 διαι-

2145 5109 2358 5180 ρείσθαι
2378 5112 2422 5142 ⁸²
2447 5114 2573 5176 τοὺς
2597 5112 2815 5181 θεατὰς,
2849 5116 2957 5170 ἀπὸ
2982 5116 3090 5172 τῶν
3119 5120 3318 5190 χροιίῐιν
3385 5124 3480 5186 τὰς
3503 5125 3721 5178 ἐπωνυ-

2146 5203 2274 5271 μίας
2313 5203 2570 5274 ἐχοντας·
2607 5207 2701 5260 καὶ
2750 5207 2947 5278 χρῆναι
2979 5209 3070 5263 τὸν
3119 5211 3218 5277 μὲν
3257 5212 3485 5278 τούτων,
3543 5216 3634 5270 τὸν
3660 5217 3724 5270 δὲ’

1719 5358 1951 5415 VAllIA‘I
1993 5359 2166 5415 LECT
2175 5361 2288 5415 ΙοΝ
2297 5359 2403 5416 ES.

520 5511 562 5542 δι
598 5511 632 5581 ἧ
671 5510 853 5580 μηνῶν
882 5508 1090 5581 addunt
1120 5507 1466 5581 Basileenses
1494 5515 1553 5560 et
1574 5504 1761 5581 Steph.
1823 5481 1967 5581 32's:
1999 5504 2156 5581 abest
2187 5503 2506 5581 ab_iisd_em.
2585 5505 2740 5581 "ulta
2770 5516 2831 5581 et
2859 5505 2977 5560 Pini
3013 5508 3210 5581 codex,
3244 5509 3484 5581 itemque
3557 5510 3721 5565 Chri-

451 5573 632 5650 slopb.
672 5573 746 5634 'et'
779 5580 982 5650 Scalig.
1002 5579 1126 5650 _Setl
1165 5578 1328 5650 Basil.
1371 5577 1465 5631 Gr.
1502 5585 1566 5650 et
1590 5573 1706 5630 Lat.
1749 5593 1780 5650 ξ,
1813 5573 2046 5650 ὁλοκοττί

2154 5590 2225 5650 ςε-
2249 5573 2518 5650 ειπερίιιιηζ
2555 5576 2979 5650 εηὸλοκοτίνους.
3030 5579 3215 5650 ΑΙΙοιίἱ
3259 5573 3432 5634 οοθοίι
3470 5599 3481 5635 :
3516 5598 3718 5637 πεντα-

452 5646 608 5704 κάᾱια
636 5646 972 5720 ηόλοκότιναζᾼ
1001 5648 1352 5720 Epiphanius,
1378 5666 1392 5703 :
1429 5646 1652 5720 solidos.

453 5721 495 5748 ³⁵
517 5719 718 5774 αὐτῶν.
748 5718 917 5774 Basil.
957 5717 1139 5772 Latin.

453 5789 675 5842 Rectius
722 5789 901 5842 Allatii
945 5799 999 5842 et
1031 5788 1198 5842 Savil.
1235 5787 1636 5854 ἀξιωματικῶν.

457 5855 617 5912 Basil.
655 5858 747 5913 Gr.
787 5866 841 5913 et
868 5857 1056 5927 Steph.
1091 5858 1110 5909 1
1161 5856 1413 5910 ἱκετείαν.

1747 5643 2651 5725 “foramini.htlterquenffvasil.
2692 5657 2752 5725 et
2811 5648 3000 5725 Steph.

1240 5719 1282 5750 ³⁷
1311 5718 1736 5780 Κωνσταντῖνος.
1784 5713 1945 5769 Basil.
1979 5713 2073 5769 Gr.
2111 5715 2327 5769 vitiose.

1735 5787 1779 5819 ³ο
1807 5784 2149 5854 δραμεῖσθαι.
2188 5784 2354 5841 Basil.
2397 5784 2492 5841 Gr.

1505 5857 1544 5886 “
1577 5855 1884 5929 διῃρῆσθαι.
1935 5854 2100 5910 Basil.
2138 5855 2230 5908 Gr.

3106 5649 3157 5721 ³ξ
3200 5650 3468 5721 στρατῶν.
3525 5652 3716 5708 Iidem.

2419 5716 2465 5802 ξε
2493 5716 2840 5788 ἀξιωμάτων.
2897 5716 3066 5774 Basil.
3119 5719 3214 5774 Gr.
3257 5716 3312 5776 et
3364 5721 3482 5775 Pini
3517 5722 3712 5778 codex.

2419 5802 2492 5841 tr.
2589 5789 2634 5820 ιο
2665 5787 2745 5843 Ita
2777 5797 2832 5846 et
2864 5790 3052 5862 Steph.
3091 5789 3127 5844 2
3153 5806 3278 5848 cum
3309 5791 3575 5860 Casaub.,
3614 5791 3714 5850 sed
