4098 6406
402 328 538 393 1049

1410 334 2006 415 ΕρριιΕδΙΑεΤΙαιΕ
2045 342 2431 405 HISTORLE
2464 347 2615 407 LIB.
2639 346 2723 408 Π.

3544 349 3681 416 Ῑθὸθ

406 443 522 512 poi;
556 439 819 496 τοσαῦται
857 439 1177 512 Ἑκκλησίαι
1217 443 1349 498 ἄνευ
1392 444 1712 500 ἐπισκόπων
1755 446 1975 503 δοκῶσικ

2092 453 2230 512 sime
2292 456 2615 527 imperator,
2668 464 2728 510 ut
2776 463 2902 512 ante
2949 458 3297 529 asperitatem
3359 460 3581 528 hiemis,
3629 468 3678 520 si

398 527 564 597 εἶναι,
600 532 634 602 ή
666 530 733 604 σὴ
763 530 1020 603 εὐμένεια
1057 534 1263 604 ὁμοίως
1306 536 1438 607 ἡμῖν
1464 537 1746 605 γινώσκει.
1786 540 1879 594 Διὸ
1906 541 1982 614 δὴ

398 624 583 689 πάλιν,
615 623 923 689 ὲνδοξότατε
958 626 1325 698 αὐτοκράτορ,
1357 627 1590 699 δεόμεθα
1630 631 1717 684 ἵνα
1750 633 1856 698 πρὸ
1884 634 1984 704 τῆς

396 715 700 785 δεινότητος
747 713 841 768 τοῦ
872 716 1158 786 χειμῶνος,
1202 718 1252 770 εί
1307 717 1536 792 ἀρέσκει
1577 722 1643 791 τῇ
1681 723 1747 793 σῇ
1804 722 1987 790 φιλανο

396 808 639 880 θρωπίᾳ.
682 809 763 871 είς
791 808 891 872 τὰς
944 809 1271 880 Ἑκκλησίας
1318 811 1416 875 τὰς
1462 812 1737 885 ἡμετέρας
1765 814 1986 868 ἐπανελ-

394 903 508 955 θεῖν
554 899 841 973 κελεύσῃς,
888 901 1036 966 ὅπως
1088 902 1413 974 δυνηθῶμεν
1448 903 1525 975 τῷ
1579 908 1981 979 παντοκράτορι

390 995 531 1065 Θεῷ,
566 996 662 1048 καὶ
696 993 849 1067 [101]
888 994 967 1066 τῷ
1009 995 1233 1065 Χριστῷ
1283 996 1361 1067 τῷ
1402 997 1516 1069 Υἱῷ
1554 999 1744 1063 αὐτοῦ,
1774 1000 1853 1072 τῷ
1891 1002 1985 1054 Δε-

2090 543 2414 618 benignitati
2466 558 2575 604 tua:
2614 550 2818 620 placet,
2876 566 2980 605 nos
3030 552 3097 605 ad
3146 550 3424 609 Ecclesias
3459 563 3677 612 nostras

2087 639 2271 694 redire
2316 640 2625 711 praecipias,
2693 649 2754 695 ut
2801 645 3080 712 possimus
3121 644 3484 714 omnipotenti
3535 646 3667 715 Deo,

2091 736 2147 783 et
2175 729 2400 787 Christo
2442 732 2563 800 ejus
2583 731 2742 798 Filio,
2794 731 3022 789 Domino
3068 744 3122 789 et
3156 733 3436 792 Servatori
3485 747 3680 792 nostro

2088 836 2189 891 pro
2211 830 2356 878 statu
2377 823 2545 895 8'79
2566 824 2776 894 imperii
2797 825 2894 889 tui,
2921 826 3385 895 quemadmodum
3412 825 3678 882 hactenus

2051 971 2057 977 ,
2098 910 2330 969 fecimus
2360 922 2415 969 et
2466 913 2726 980 facimus,
2780 914 3055 974 solemnes
3088 930 3280 986 preces
3313 914 3513 972 oﬂ'erre
3570 931 3677 969 una

2086 1015 2212 1055 cum
2242 1004 2463 1073 p0pulo.

393 1091 568 1159 σπότῃ
596 1087 692 1141 καὶ
725 1086 943 1158 Σωτῆρι
972 1087 1154 1159 ἡμῶν,
1181 1087 1322 1159 ὑπὲρ
1347 1089 1447 1159 τῆς
1473 1091 1862 1156 καταστάσεως
1884 1089 1980 1145 τοῦ
2019 1091 2257 1164 κράτους
2280 1111 2376 1149 σου
2409 1095 2525 1167 ἆμα
2553 1096 2695 1167 μετὰ
2718 1095 2824 1150 τῶν
2857 1094 3027 1164 λαῶν,
3089 1097 3274 1163 καθὼς
3336 1098 3676 1171 ἐποιήσαμεν

390 1186 489 1240 καὶ
524 1184 812 1256 ποιοῦμεν,
855 1184 1121 1257 μεγίστας
1157 1184 1368 1248 ἱκεσίας
1400 1188 1810 1257 προσενεγκεῖν.

980 1275 1201 1331 ΛΟΓΟΣ
1231 1280 1351 1346 ις’.

386 1371 531 1440 Περὶ
574 1371 687 1438 τῆς
733 1370 803 1424 ἐν
839 1371 996 1439 Νίκῃ
1040 1369 1144 1436 τῆς
1176 1370 1411 1437 Θράκης
1446 1372 1491 1402 ’⁸⁵
1540 1372 1831 1436 συνόδου,
1874 1372 1976 1428 καὶ

492 1441 737 1508 ἕκθεσις
781 1441 1041 1506 πίστεως
1074 1441 1212 1508 παρ’
1264 1442 1513 1494 ἐκείνων
1552 1443 1866 1512 γραφεῖσα.

457 1532 616 1587 Μετὰ
659 1531 818 1603 τήνδε
854 1530 952 1601 τὴν
997 1530 1308 1601 ἐπιστολὴν,
1356 1533 1449 1584 τὸν
1499 1531 1763 1601 βασιλέως
1804 1532 1977 1604 θυμὸν

2371 1278 2526 1335 CAP.
2558 1279 2699 1334 xvr.
2733 1280 2831 1353 [Β.
2864 1281 2944 1337 St.
2976 1282 3077 1337 cn.
3103 1279 3324 1349 v.2t.]

2229 1366 2306 1422 De
2329 1370 2555 1423 concilio
2578 1373 2723 1438 apud
2750 1369 2943 1425 Nicam
2977 1371 3220 1426 Thracia:
3250 1372 3453 1429 habito.
3488 1380 3540 1426 et

2371 1442 2634 1510 expositio
2674 1440 2799 1510 ﬁdei
2832 1442 2897 1495 ab
2930 1441 3039 1495 illis
3069 1442 3391 1511 conscripta.

2160 1531 2375 1587 Pcrlata
2414 1533 2515 1586 hac
2562 1533 2822 1603 cpistola,
2864 1549 2990 1589 cum
3037 1532 3392 1604 imperatoris
3420 1534 3666 1589 animum

395 1625 829 1699 παραθήξαντες,
862 1623 1085 1693 ἄγουσιν
1107 1623 1341 1687 ἄκοντας
1371 1623 1480 1678 τῶν
1510 1627 1825 1680 ἐπισκόπων
1849 1627 1975 1691 τοὺς

2085 1624 2401 1679 irritassent
2427 1625 2639 1689 Ariani,
2663 1627 2934 1696 plurimos
2978 1627 3368 1697 episcoporum
3399 1626 3455 1681 in
3484 1627 3675 1683 urbem

392 1688 677 1779 πλείστους
702 1688 797 1781 εἷς
816 1688 943 1770 τινα
969 1715 1125 1770 πόλιν
1153 1715 1252 1787 τῆς
1279 1716 1502 1788 Θρᾴκης
1521 1734 1534 1747 ’
1560 1718 1705 1788 Νίκη
1731 1718 1786 1771 δὲ
1807 1688 1975 1787 ὄνομα

2085 1715 2377 1783 quamdam
2407 1713 2679 1779 Thracia},
2734 1714 2924 1770 Nicam
2962 1717 3206 1781 nomine,
3244 1715 3450 1772 invitos
3504 1716 3676 1772 dedu-

384 1811 598 1886 ταύτῃ¹
660 1812 754 1866 καὶ
809 1810 1055 1865 πείθουσι
1090 1810 1218 1875 τοὺς
1268 1811 1368 1880 μὲν
1415 1810 1847 1882 βουκολήσαντες
1910 1813 1979 1867 δι’

384 1904 693 1976 ἁπλότητα,
741 1903 869 1968 τοὺς
901 1903 959 1957 δὲ
993 1902 1331 1973 δεδιξάμενοι
1379 1903 1449 1970 ⁸⁷,
1495 1904 1595 1976 τὴν
1625 1905 1795 1959 πάλαι
1835 1906 1980 1961 κατὰ

381 1998 489 2068 τῆς
538 1994 823 2059 εὐσεϐείας
882 1995 1070 2059 αὐτοῖς
1119 1994 1503 2066 ὲξευρεθεῖσαν
1571 1995 1980 2068 ἐξεργάσασθαι

384 2090 639 2160 μηχανήν
663 2105 679 2121 ·
721 2089 815 2142 καὶ
861 2088 961 2160 τὴν
1007 2088 1108 2159 μὲν
1143 2089 1363 2143 οὐσίαν
1410 2088 1506 2142 καί¹
1546 2087 1607 2142 τὸ
1656 2089 1982 2159 ὁμοούσιον

380 2179 640 2253 ἐξορύξαι
678 2181 777 2252 τῆς
821 2181 1083 2245 πίστεως,
1133 2182 1369 2234 ἐνθεῖναι
1413 2180 1470 2234 δὲ
1516 2180 1635 2234 ἀντὶ
1674 2180 1878 2237 τούτων
1919 2183 1980 2237 τὸ

381 2273 613 2341 ὅμοιον.
660 2271 946 2341 Ἑντίθημι
968 2272 1027 2325 δὲ
1058 2272 1153 2326 καὶ
1176 2272 1380 2344 ταύτην
1407 2274 1473 2342 τῇ
1502 2272 1734 2346 ἱστορίᾳ,
1775 2275 1874 2346 οὐχ
1901 2276 1976 2339 ὡς

379 2358 442 2417 εὖ
511 2362 760 2435 ἔχουσαν,
821 2363 939 2417 ἀλλ’
983 2364 1061 2428 ὠς
1108 2364 1208 2435 τὴν
1268 2363 1478 2436 Ἀρείου
1531 2366 1844 2437 συμμορίαν
1897 2368 1978 2422 δι-

379 2453 713 2525 ιλέγχουσαν
738 2472 753 2487 ο
805 2454 927 2508 οὐδὲ
971 2455 1080 2526 γάρ
1108 2454 1313 2526 ταύτης
1351 2455 1400 2508 οἱ
1452 2453 1547 2509 νῦν
1589 2456 1978 2524 δυσσεϐοῦντες

379 2546 700 2616 ἀντέχονται
725 2546 792 2611 ⁸⁸,
832 2545 948 2600 ἀλλ’
989 2546 1110 2601 ἀντὶ
1150 2545 1240 2601 τοῦ
1286 2545 1478 2618 ὁμοίου
1537 2547 1870 2620 κηρύττουσι
1912 2551 1975 2605 τὸ

376 2638 690 2708 ἀνόμοιον.

378 2731 597 2798 meme
627 2731 940 2788 ἐκποθεῖσα
974 2732 1250 2858 ἐνέΝίκιέ,
1283 2731 1395 2803 τῆς
1432 2736 1691 2805 Θρᾴκης,
1743 2737 1856 2791 οὐκ
1902 2730 1973 2793 εὖ

1092 2820 1202 2858 γου
1250 2821 1309 2858 α.

1087 2820 1309 2873 χουσα.

454 2890 791 2964 Πιστεύομεν
820 2893 900 2956 είς
928 2892 1027 2946 ἕνα
1058 2892 1154 2946 καὶ
1185 2892 1347 2962 μόνον
1387 2894 1645 2967 ἀληθινὸν
1672 2896 1827 2960 Θεδν,
1859 2897 1967 2950 Πα⁸

378 2985 517 3058 τέρα
547 2986 991 3057 παντοκράτορα,
1044 2984 1104 3052 ἐξ
1153 2978 1215 3040 οῦ
1263 2987 1334 3043 τὰ
1380 2989 1580 3046 πάντα.
1630 2991 1741 3045 Καὶ
1767 2990 1851 3054 είς
1879 2990 1973 3045 τὸν

382 3078 652 3151 μονογενῆ
697 3079 829 3132 Υῐδν
870 3078 966 3132 τοῦ
1007 3078 1178 3147 Θεοῦ,
1228 3080 1321 3135 τὸν
1366 3083 1474 3153 πρὸ
1515 3084 1733 3138 πάντων
1767 3082 1879 3139 τῶν
1924 3086 1969 3118 ’⁵

378 3166 618 3232 αἰώνων,
654 3168 748 3222 καὶ
789 3168 896 3240 πρὸ
930 3167 1114 3240 πάσης
1155 3169 1332 3241 ἀρχῆς
1383 3171 1715 3244 γεννηθέντα
1765 3175 1829 3227 ὲκ
1876 3173 1971 3229 τοῦ

378 3257 542 3325 Θεοῦ,
576 3259 645 3312 δι1
674 3253 736 3312 οῦ
765 3259 836 3313 τὰ
867 3258 1045 3312 πάντα
1077 3260 1315 3327 ἐγένετο,
1352 3261 1423 3316 τά
1465 3279 1526 3315 τε
1566 3263 1741 3334 ὁρατὰ
1782 3264 1876 3318 καὶ
1905 3264 1974 3319 τά

379 3351 613 3423 ἀόρατα.
637 3348 978 3420 Γεννηθέντα
1011 3351 1070 3405 δὲ
1100 3353 1362 3423 μονογενῆ
1401 3354 1562 3427 μόνον
1591 3357 1656 3409 ἐκ
1680 3356 1845 3426 μόνου
1876 3355 1971 3410 τοῦ

377 3443 617 3515 Πατρδς,
651 3441 787 3501 Θεδν
820 3444 886 3497 ὲκ
913 3442 1048 3497 Θεοῦ
1071 3458 1087 3473 ·
1114 3444 1299 3516 ὅμοιον
1324 3444 1403 3516 τῷ
1425 3447 1781 3516 γεγεννηκότι
1808 3448 1972 3504 αὐτὸν

376 3532 748 3606 Daphnea
790 3533 889 3598 τὰς
940 3533 1186 3605 Γραφάς.
1240 3528 1315 3588 Οῦ
1352 3536 1452 3606 τὴν
1495 3537 1751 3608 γέννησιν
1796 3538 1971 3603 οὐδεὶς

375 3619 544 3689 οἶδεν,
572 3625 623 3677 εἰ
652 3623 729 3695 μὴ
760 3623 920 3694 μόνος
947 3624 975 3676 ὁ
1020 3626 1292 3694 γεννήσας
1325 3625 1489 3679 αὐτὸν
1523 3627 1736 3698 Πατήρ.
1769 3628 1970 3682 Τοῦτον

376 3716 603 3786 οἴδαμεν
640 3715 902 3786 μονογενῆ
929 3715 1067 3769 Θεοῦ
1100 3716 1249 3778 Υἱὺν,
1282 3706 1597 3788 πέμποντος
1616 3717 1710 3771 τοῦ
1731 3718 1968 3789 Πατρός,

376 3805 869 3879 παραγεγενῆσθαι
902 3805 966 3858 ὲκ
989 3805 1097 3859 τῶν
1124 3805 1389 3877 οὐρανῶν,
1416 3806 1602 3869 καθὼς
1634 3807 1966 3879 γέγραπται,

377 3903 464 3964 εἰς
505 3900 833 3971 καθαίρεσιν
872 3898 1153 3970 ἁμαρτίας
1187 3900 1282 3953 καὶ
1323 3898 1555 3954 θανάτου
1581 3914 1594 3930 ⁶
1649 3901 1744 3954 καὶ
1776 3917 1968 3973 γεννη-

375 3992 543 4046 θέντα
575 3992 641 4044 ὲκ
669 3988 988 4062 Πνεύματος
1024 3989 1179 4058 ἁγίου
1227 3990 1323 4043 καὶ
1365 3990 1587 4061 Μαρίας
1620 3991 1720 4062 τῆς
1754 3991 1970 4063 Παρθέ-

375 4100 499 4145 νου,
530 4080 718 4146 καθὼς
756 4081 1091 4152 γέγραπται,
1147 4082 1290 4135 κατὰ
1345 4082 1557 4153 σάρκα·
1604 4083 1700 4137 καὶ
1741 4101 1970 4139 συνανα-

377 4173 691 4247 στραφέντα
723 4172 863 4245 μετὰ
890 4172 997 4226 τῶν
1033 4172 1293 4243 μαθητῶν
1316 4189 1331 4204 ο
1367 4174 1464 4227 καὶ
1495 4173 1679 4247 πάσης
1699 4175 1798 4246 τῆς
1823 4176 1964 4230 οἰκο-

374 4267 573 4339 νομίας
598 4265 982 4339 πληρωθείσης
1016 4265 1157 4320 κατὰ
1185 4266 1284 4337 τὴν
1320 4264 1574 4337 βούλησιν
1596 4266 1689 4320 τοῦ
1730 4268 1965 4337 Πατρὸς,

2085 1815 2243 1871 cunt,
2272 1814 2328 1861 et
2378 1808 2579 1878 partim
2619 1808 2748 1863 dolo
2776 1808 3172 1865 circumventis
3230 1809 3302 1864 ob
3347 1809 3672 1880 simplicita-

2083 1904 2215 1964 tem,
2257 1898 2457 1969 partim
2515 1907 2662 1954 metu
2694 1899 2976 1955 exterritis
3008 1899 3365 1970 persuadent,
3395 1909 3457 1956 ut
3504 1917 3668 1973 quam

2084 1989 2190 2060 ipsi
2241 1989 2449 2045 dudum
2485 1990 2755 2046 adversus
2816 1991 3072 2061 pietatem
3114 1991 3424 2047 machinam
3456 1994 3675 2065 excogi-

2081 2089 2286 2146 tarant,
2323 2082 2613 2138 absolvant
2659 2091 2825 2153 atque
2858 2082 3168 2154 perﬁciant,
3211 2084 3585 2156 detractisque
3607 2087 3676 2142 de

2081 2175 2202 2230 litlci
2233 2175 2467 2232 formula
2494 2176 2721 2232 vocibus
2739 2175 3057 2231 substantia:
3084 2184 3139 2231 et
3164 2178 3662 2244 consubstantialis,

2082 2267 2276 2322 harum
2322 2269 2445 2324 loco
2474 2270 2649 2324 simile
2695 2271 3055 2326 substituant.
3105 2271 3280 2338 Quam
3314 2272 3529 2327 illorum
3563 2274 3675 2329 for-

2079 2360 2287 2416 mulam
2334 2362 2581 2418 historiae
2611 2374 2816 2419 nostrae
2855 2364 3064 2426 insero,
3094 2381 3201 2419 non
3245 2367 3404 2436 quasi
3438 2377 3586 2423 recte
3613 2383 3675 2423 se

2078 2451 2297 2517 habeat,
2323 2455 2415 2510 sed
2431 2458 2576 2526 quod
2599 2457 2712 2511 Arii
2735 2455 3032 2512 factionem
3054 2458 3348 2514 manifesto
3386 2471 3672 2530 coarguat.

2077 2542 2267 2614 Neque
2299 2547 2446 2600 enim
2475 2547 2625 2601 illam
2654 2550 3063 2618 amplectuntur
3088 2549 3257 2620 hujus
3286 2551 3464 2606 aetatis
3495 2551 3673 2623 impii,

2077 2637 2177 2694 sed
2207 2653 2309 2708 pro
2338 2640 2505 2694 simili
2536 2638 2801 2694 dissimile
2824 2639 3144 2711 praedicant.

2152 2728 2413 2812 Pegversn:
2437 2730 2564 2800 fidei
2590 2731 2824 2801 formula
2856 2730 3000 2814 apud
3031 2730 3229 2787 Nicam
3271 2731 3515 2789 Tltracitz

2724 2812 3037 2871 composita.

2153 2889 2450 2947 Credimus
2475 2890 2530 2945 in
2559 2908 2730 2946 unum
2751 2900 2805 2947 et
2828 2892 3006 2947 solum
3028 2909 3216 2948 verum
3244 2892 3436 2960 Deum,
3456 2892 3671 2948 Patrem

2074 2979 2535 3048 omnipotentem,
2564 2995 2629 3033 ex
2661 2994 2774 3050 quo
2799 2980 3008 3035 omnia.
3030 2979 3095 3035 Et
3124 2982 3178 3036 in
3200 2981 3542 3052 unigenitum
3584 2979 3676 3035 Fi-

2079 3072 2212 3127 lium
2248 3070 2363 3134 Dei,
2400 3082 2531 3126 ante
2555 3073 2742 3126 omnia
2776 3073 3000 3139 saecula,
3034 3081 3089 3129 et
3119 3083 3248 3130 ante
3270 3088 3436 3130 omne
3461 3073 3671 3145 princi-

2081 3165 2231 3236 pium
2261 3179 2327 3218 ex
2364 3162 2472 3218 Deo
2502 3164 2774 3233 genitum,
2806 3181 2903 3236 per
2921 3180 3098 3243 quem
3135 3167 3320 3221 omnia
3350 3165 3489 3221 facta
3519 3175 3670 3234 sunt,

2080 3255 2315 3311 visibilia
2334 3264 2386 3311 et
2404 3255 2723 3311 invisibilia.
2741 3256 2999 3313 Genitum
3016 3266 3198 3313 autem
3220 3259 3564 3331 unigenitum
3580 3275 3674 3315 so-

2078 3350 2192 3404 lum
2212 3365 2277 3403 ex
2311 3349 2431 3405 solo
2449 3349 2465 3367 ‘
2496 3347 2682 3412 Patre,
2705 3349 2872 3406 Deum
2899 3349 2967 3406 de
2986 3349 3119 3414 Deo,
3140 3351 3376 3408 similem
3397 3350 3548 3406 Patri
3577 3352 3674 3423 qui

2077 3456 2202 3497 eum
2248 3441 2440 3513 genuit
2491 3440 2797 3499 secundum
2849 3442 3192 3513 Scripturas.
3229 3441 3401 3513 Cujus
3438 3448 3675 3514 genera-

2077 3530 2283 3585 tionem
2320 3545 2484 3585 nemo
2531 3532 2706 3599 novit,
2741 3532 2850 3589 nisi
2881 3532 3033 3589 solus
3062 3531 3228 3589 Pater
3252 3533 3346 3603 qui
3388 3534 3579 3605 genuit
3604 3534 3672 3587 il-

2076 3620 2214 3676 lum.
2247 3620 2406 3676 Hunc
2442 3623 2697 3680 novimus
2728 3625 3069 3695 unigenitum
3104 3624 3199 3681 Dei
3228 3626 3427 3682 Filium
3458 3640 3487 3679 a
3513 3624 3673 3681 Patre

2077 3709 2309 3765 missum
2336 3712 2507 3782 880
2527 3711 2887 3770 descendisse
2915 3713 2983 3769 de
3010 3715 3189 3783 ctelis,
3218 3716 3367 3772 sicut
3390 3716 3661 3786 scriptum

2075 3814 2180 3867 est,
2217 3802 2273 3857 in
2307 3803 2742 3860 destructionem
2798 3806 3009 3876 peccati
3046 3813 3102 3862 et
3147 3808 3345 3862 mortis
3376 3826 3391 3863 :
3423 3817 3477 3863 et
3511 3807 3670 3879 geni-

2076 3900 2194 3948 tum
2222 3910 2290 3949 ex
2318 3893 2528 3964 Spiritu
2554 3904 2749 3951 sancto
2778 3909 2832 3952 et
2861 3896 3030 3952 Maria
3061 3899 3294 3968 virgine,
3332 3900 3480 3954 sicut
3519 3900 3660 3954 scri-

2076 3994 2231 4056 ptum
2286 3997 2393 4052 est,
2443 3986 2750 4042 secundum
2809 4003 3056 4054 carnem,
3089 3999 3145 4046 et
3191 4007 3317 4047 cum
3375 3992 3671 4063 discipulis

2074 4086 2354 4134 versatum
2407 4094 2577 4135 esse:
2627 4088 2682 4135 et
2737 4082 2998 4138 universa
3050 4084 3466 4154 dispensatione
3507 4084 3670 4156 juxta

2074 4167 2258 4224 Patris
2304 4168 2637 4224 voluntatem
2691 4170 2928 4241 expleta,
2976 4172 3331 4236 cruciﬁxum,
3386 4179 3668 4227 mortuum

2075 4272 2128 4318 et
2148 4263 2457 4333 sepultum,
2510 4263 2864 4321 descendisse
2896 4264 2963 4321 ad
3008 4265 3238 4338 inferos,
3272 4282 3437 4337 quem
3495 4264 3669 4321 infer-

377 4359 604 4431 σταυρῷ
635 4358 1083 4432 προσηλωθέντα,
1117 4358 1459 4412 ἀποθανόντα
1478 4360 1571 4413 καὶ
1583 4360 1843 4429 ταφέντα,
1874 4363 1970 4416 καὶ

2078 4369 2183 4410 nus
2216 4354 2336 4425 ipse
2384 4354 2694 4421 exhorruit,
2744 4358 3121 4415 resurrexisse
3157 4359 3453 4416 amortuis
3502 4359 3667 4416 tertia

375 4454 463 4519 είς
514 4452 586 4506 τὰ
648 4450 983 4522 καταχθόνια
1026 4451 1357 4505 κατελθόντα
1377 4468 1393 4483 σ
1436 4451 1497 4504 ὃν
1549 4452 1714 4517 αὐτὸς
1755 4455 1784 4506 ὁ
1836 4454 1969 4525 ᾅδης

2078 4448 2190 4513 die,
2218 4455 2500 4503 versatum
2536 4462 2663 4503 esse
2710 4462 2837 4503 cum
2875 4448 3166 4520 discipulis
3192 4450 3388 4507 diebus
3434 4451 3670 4521 integris

375 4542 655 4615 ὲτρὸμαξε
683 4558 698 4574 ·
737 4540 834 4595 καὶ
875 4540 1165 4595 ἀνελθόντα
1188 4542 1296 4596 ἀπὸ
1333 4542 1444 4595 τῶν
1476 4542 1685 4612 νεκρῶν
1717 4546 1784 4614 τῇ
1809 4543 1969 4617 τρίτῃ

2078 4538 2468 4609 quadraginta,
2508 4550 2851 4609 assumptum
2890 4540 2959 4595 ad
2996 4541 3191 4608 caelos,
3219 4542 3410 4598 sedere
3438 4543 3505 4597 atl
3535 4542 3667 4598 dex-

379 4635 570 4708 ἡμέρα
606 4634 1122 4704 συναναστραιρέντα
1163 4633 1304 4704 μετὰ
1348 4633 1457 4687 τῶν
1492 4634 1751 4704 μαθητῶν
1772 4654 1970 4691 τεσσα-

2078 4638 2253 4687 teram
2308 4630 2539 4687 Patris:
2590 4640 2881 4688 venturum
2915 4633 2969 4689 in
3020 4634 3216 4691 ultimo
3240 4635 3670 4692 resurrectionis

382 4728 627 4800 ράκοντα
645 4728 661 4758 ί
688 4726 915 4797 ἡμερῶν
941 4725 1047 4796 πλη
1057 4725 1356 4797 ρουμένων’
1375 4726 1471 4779 καὶ
1488 4725 1867 4796 ἀναληφθέντα
1886 4729 1969 4794 είς

2078 4723 2167 4778 die
2199 4737 2324 4777 cum
2370 4722 2543 4794 gloria
2590 4720 2795 4788 Patris,
2827 4734 2886 4779 ut
2911 4726 3109 4783 reddat
3156 4728 3459 4799 unicuique
3503 4727 3665 4799 juxta

377 4819 511 4882 τοὺς
536 4807 826 4889 οὐρανοὺς,
868 4816 966 4870 καὶ
1005 4814 1372 4886 καθεζόμενον
1407 4815 1472 4867 ὲκ
1504 4812 1695 4878 δεξιῶν
1736 4815 1831 4869 τοῦ
1859 4818 1972 4871 Πα-

2078 4830 2241 4887 opera
2269 4830 2393 4869 sua.
2425 4813 2492 4869 Et
2520 4815 2576 4869 in
2607 4814 2876 4885 Spiritum
2908 4827 3182 4887 sanctum,
3202 4836 3363 4892 quem
3396 4821 3515 4891 ipse
3539 4820 3663 4876 uni-

375 4908 510 4980 τρός
527 4922 543 4937 ⁶
576 4906 869 4978 ἐρχόμενον
897 4907 954 4960 δὲ
974 4909 1040 4979 τῇ
1069 4906 1272 4976 ἐσχάτῃ
1303 4903 1484 4980 ἡμέρᾳ
1502 4905 1602 4976 τῆς
1620 4908 1970 4974 ἀναστάσεως

2078 4905 2291 4976 genitus
2320 4904 2410 4958 Dei
2433 4903 2626 4969 Filius,
2657 4902 2820 4963 Jesus
2842 4906 3098 4966 Christus
3126 4908 3271 4966 Deus
3291 4916 3345 4965 et
3373 4908 3660 4976 Dominus,

378 4999 526 5074 μετὰ
554 4999 713 5070 δόξης
747 4998 899 5071 [I02]
928 4999 1222 5070 πατρικῆς,
1259 4996 1554 5052 ἀποδοῦναι
1585 4997 1803 5069 ἑκάστῳ
1825 5001 1969 5054 κατὰ

2078 4996 2327 5067 promisit
2373 5011 2434 5053 se
2471 4983 2769 5051 missurum
2804 5000 2990 5068 generi
3023 5000 3268 5056 humano
3288 5000 3664 5067 Paracletum,

373 5093 448 5149 τὰ
475 5092 613 5164 ἔργα
634 5092 824 5147 αὐτοῦ.
863 5094 974 5146 Καὶ
1001 5094 1081 5156 είς
1125 5090 1353 5162 Πνεῦμα
1382 5089 1562 5158 ἅγιον,
1580 5090 1719 5162 ὅπερ
1748 5092 1910 5157 αὐτὸς
1938 5094 1968 5147 ὁ

2078 5093 2223 5148 sicut
2250 5092 2520 5162 scriptum
2554 5100 2661 5157 est,
2713 5091 2980 5164 Spiritum
3032 5095 3305 5150 veritatis.
3338 5094 3512 5160 Quem
3544 5095 3668 5163 ipse

379 5185 683 5256 μονογενὴς
713 5185 807 5239 τοῦ
846 5184 982 5239 Θεοῦ
1015 5184 1141 5247 Υἱὸς
1181 5182 1390 5254 Ἰησοῦς
1422 5183 1659 5254 Χριστὸς
1679 5185 1846 5248 Θεὸς¹
1872 5188 1968 5240 καὶ

2078 5185 2229 5240 misit
2253 5193 2539 5256 postquam
2596 5193 2919 5255 assumptus
2947 5194 3033 5243 est
3063 5186 3134 5242 ad
3175 5187 3368 5252 cmlos,
3410 5185 3666 5255 seditque

376 5276 590 5348 Κύριος
618 5276 986 5350 ἐπηγγείλατο
1002 5276 1320 5333 ἀποστεῖλαι
1341 5274 1418 5346 τῷ
1442 5274 1592 5345 γένει
1613 5276 1724 5331 τῶν
1752 5277 1967 5341 ἀνθρώ-

2078 5270 2143 5333 ad
2160 5279 2438 5334 dexteram
2460 5280 2658 5349 Patris,
2685 5283 2829 5338 unde
2852 5290 3119 5338 venturus
3141 5287 3225 5339 est
3242 5279 3495 5351 judicare
3508 5280 3664 5335 vivos

1696 5462 1858 5518 VARI
1870 5463 1932 5518 1E
1973 5463 2379 5522 LECTIONES.

466 5574 515 5654 9f
540 5572 912 5654 γεγενημένης
939 5570 1148 5654 addunt
1197 5577 1566 5654 ueteranedit.
1659 5580 1703 5654 ῗτ
1737 5581 2133 5654 διαδεξάμενοι.
2167 5584 2404 5639 Casauh.
2450 5583 2803 5653 Διδαξάμενοι
2837 5585 3028 5654 Steph.
3075 5585 3112 5640 2
3155 5586 3335 5643 adhuc
3372 5585 3652 5642 vitiosius.

381 5643 431 5678 9"
470 5641 791 5725 qualemn.
809 5641 1001 5712 Steph.
1018 5642 1079 5725 β,
1108 5642 1718 5725 Casaub.,_Christ_0pl1.
1749 5660 1803 5706 et
1835 5641 2040 5725 Sc'al'ig.
2106 5654 2153 5687 ”
2176 5654 2477 5725 riiwﬁabest
2504 5669 2534 5708 a
2560 5641 2725 5711 B'asil.
2752 5655 2848 5710 Gr.
2868 5641 3133 5725 et'Steph.
3199 5641 3229 5689 V'
3266 5656 3354 5712 W.
3392 5641 3653 5711 Lowtltus

381 5713 675 5800 malebat}
706 5713 1107 5800 uincant-1..
1147 5714 1312 5800 1:139.
1349 5713 1641 5800 ἔναληφθί
1669 5720 1846 5800 Bene;
1879 5713 2131 5800 equidem
2170 5723 2311 5778 haud
2383 5724 2502 5780 scio
2529 5739 2743 5800 annon
2770 5734 2918 5800 recte
2959 5713 3174 5800 possint
3223 5727 3441 5800 vulgata
3487 5727 3651 5783 verba

386 5786 476 5841 sic
508 5785 666 5849 verti,
707 5783 1166 5854 quemadmodum
1209 5783 1315 5841 fert
1349 5783 1737 5850 Sirmondiana
1782 5783 2158 5866 interpretatio
2180 5809 2305 5851 cum
2360 5795 2595 5851 caneris.
2672 5797 2692 5827 '
2723 5798 2751 5851 ὁ
2777 5796 2929 5861 Θεὸς.
2961 5783 3152 5853 iidem.
