4098 6400
486 336 615 421 ιὸδι

1464 367 1957 432 THEODORETI
1988 365 2328 429 EPISCOPI
2359 367 2729 430 CYRENSIS

3619 361 3765 419 1052

476 481 532 525 et
569 480 839 528 mortuos.
869 473 1080 533 Nomen
1111 485 1294 535 autem
1344 480 1476 535 asia:
1516 481 1602 549 (id
1643 488 1749 546 est,
1800 481 2065 536 substan-

2172 498 2287 535 πων
2317 482 2408 536 τδν
2439 480 2823 553 Παράκλητον,
2854 476 3037 542 καθὼς
3067 479 3400 547 γέγραπται,
3438 470 3500 526 τδ
3537 469 3765 535 Πνεῦμα

479 563 617 630 tiae),
644 564 792 634 quod
820 567 1133 637 simplicius
1157 569 1428 624 insertum
1457 578 1543 625 est
1575 586 1605 624 a
1641 570 1922 634 Patribus,
1949 578 2005 625 et
2034 584 2066 623 a

480 657 681 726 popqu
707 672 817 711 non
854 660 1191 715 intellectum
1247 662 1569 716 scandalum
1623 663 1891 732 pariebat,
1926 677 2067 732 quo-

479 748 624 801 niam
663 748 715 801 in
749 747 1055 819 Scriptnris
1104 767 1213 805 non
1243 762 1445 815 exstat,
1479 754 1597 808 tolli
1636 754 1868 825 placuit,
1900 763 1953 809 ct
1988 753 2057 808 dc

478 849 680 894 caetero
706 841 911 894 nullam
948 845 1167 910 penitus
1205 845 1321 899 fieri
1354 847 1687 899 mentionem
1720 847 2062 911 substantiae,

480 932 721 987 maxime
771 948 895 987 cum
928 935 1127 989 divina:
1158 934 1381 992 Littera:
1412 938 1592 993 Patris
1657 946 1712 991 et
1762 937 1888 992 Filii
1938 939 2070 993 sub-

480 1020 697 1075 sxantiat
728 1037 1001 1091 nusquam
1043 1026 1422 1090 meminerint,
1462 1042 1646 1095 neque
1689 1028 1818 1080 item
1854 1032 1908 1081 in
1947 1042 2069 1096 per-

478 1125 613 1164 sona
648 1109 827 1167 Patris
855 1120 909 1167 et
937 1112 1059 1166 Filii
1093 1125 1147 1169 et
1190 1114 1431 1185 Spiritus
1460 1118 1636 1173 sancti
1681 1118 1845 1188 881
1904 1133 2067 1172 unam

480 1203 819 1271 hypostasim
855 1207 1130 1261 nominari
1188 1208 1412 1265 debere.
1457 1207 1707 1264 Similem
1757 1224 1884 1264 vero
1920 1208 2069 1263 Patri

478 1289 676 1346 Filium
705 1294 966 1356 dicimus.
1016 1297 1161 1352 sicut
1200 1305 1253 1352 ct
1285 1299 1488 1355 divinae
1548 1298 1847 1369 Scriptura:
1876 1300 2070 1354 dicunt

476 1392 533 1435 et
575 1384 796 1439 docent.
840 1385 1047 1444 Omnes
1095 1398 1276 1444 autem
1343 1391 1603 1455 haereses,
1659 1391 1744 1445 vel
1784 1391 1897 1459 jam
1944 1403 2071 1445 ante

478 1475 770 1542 damnatae,
807 1479 886 1531 rei
911 1481 954 1534 si
1000 1497 1122 1549 quae
1147 1497 1337 1537 recens
1362 1493 1493 1537 orla:
1516 1491 1664 1549 sunt,
1681 1498 1802 1551 qua:
1821 1483 2071 1553 exposito

478 1568 609 1623 huic
674 1571 883 1639 scripto
912 1583 1236 1643 repugnent,
1279 1577 1568 1632 anathema
1602 1577 1736 1631 sint.
1772 1574 1868 1630 liis
1903 1576 2071 1645 igitur

477 1659 570 1711 alii
601 1668 745 1713 metu
783 1664 1046 1729 perculsi,
1098 1665 1189 1717 alii
1218 1666 1408 1721 fraude
1430 1666 1639 1722 inducti
1668 1667 2068 1737 subscripsere.

478 1749 581 1817 Qui
620 1766 751 1806 vero
781 1754 1033 1809 assentiri
1095 1757 1416 1824 noluerunt,
1447 1759 1501 1813 in
1534 1759 1759 1813 ultimas
1791 1768 2063 1814 terrarum

477 1857 607 1899 oras
648 1844 868 1914 relegati
895 1858 1046 1902 sunt.

2173 573 2273 644 τῆς
2307 573 2590 644 ἀληθείας.
2630 572 2807 643 Ὅπερ
2851 569 2950 624 καὶ
2983 569 3145 632 αὐτὸς
3174 565 3493 623 ἀπέστειλεν
3522 560 3768 618 ἀνελθὼν

2174 663 2254 725 είς
2282 662 2407 725 τοὺς
2444 663 2728 733 οὐρανοὺς,
2758 661 2851 712 καὶ
2873 656 3105 720 καθίσας
3134 658 3191 708 ὲν
3217 654 3369 726 δεξιᾷ
3400 652 3493 706 τοῦ
3530 652 3761 721 Πατρός·

2175 753 2385 807 ἐκεῖθεν
2438 752 2496 806 δὲ
2547 752 2845 823 ἐρχόμενος
2898 750 3081 821 κρῖναι
3131 747 3340 812 ζῶντας
3375 746 3469 799 καί¹
3513 743 3765 815 νεκρούς.

2175 845 2249 898 Τὸ
2285 845 2341 898 δὲ
2374 845 2545 914 ὄνομα
2564 846 2663 913 τῆς
2692 844 2930 907 οὐσίας,
2966 842 3106 912 ὅπερ
3138 839 3507 909 ἁπλούστερον
3539 835 3758 905 ἐνετέθη

2175 935 2281 988 ὑπὸ
2310 935 2417 989 τῶν
2456 937 2739 1005 Πατέρων,
2780 933 3148 1004 ἀγνοούμενον
3188 932 3244 985 δὲ
3275 932 3387 994 τοῖς
3414 931 3565 993 λαοῖς
3598 929 3766 981 σκαν-

2174 1026 2331 1080 δαλον
2361 1026 2543 1096 ἔφερε,
2570 1026 2659 1079 διὰ
2690 1025 2750 1079 τὸ
2773 1026 2830 1077 ἐν
2856 1027 2979 1087 ταῖς
3004 1026 3249 1096 Γραφαῖς
3293 1022 3454 1076 τοῦτο
3484 1021 3558 1093 μὴ
3592 1019 3769 1090 ἐμφέ-

2179 1117 2368 1189 ρεσθαι
2404 1119 2445 1179 ³.
2472 1118 2640 1190 ⁴ἤρεσε
2671 1116 3110 1188 περιαιρεθῆναι,
3154 1117 3248 1169 καὶ
3289 1114 3569 1176 παντελῶς
3598 1114 3767 1185 μηδε-

2179 1210 2309 1281 μίαν
2357 1212 2578 1282 μνήμην
2632 1209 2822 1273 οὐσίας
2872 1207 2965 1262 τοῦ
3029 1208 3217 1261 λοιποῦ
3261 1205 3528 1277 γίνεσθαι,
3580 1206 3669 1259 διὰ
3703 1204 3768 1258 τὸ

2178 1302 2415 1374 μάλιστα
2433 1302 2532 1365 τὰς
2561 1301 2714 1364 θείας
2749 1300 2970 1372 Γραφὰς
3001 1297 3251 1370 μηδαμοῦ
3272 1299 3399 1370 περὶ
3430 1297 3524 1351 τοῦ
3554 1295 3772 1366 Πατρδς

2178 1391 2393 1445 καὶτοῦ
2418 1391 2549 1444 Υἱοῦ
2584 1390 2771 1454 οὐσίας
2800 1390 3131 1461 μεμνῆσθαι.
3180 1390 3339 1460 Μήτε
3380 1389 3487 1461 μὴν
3522 1388 3631 1441 δεῖν
3675 1386 3773 1438 ἐπὶ

2178 1484 2474 1550 προσώπου
2496 1482 2706 1554 [ἰατρὸς
2724 1484 2815 1536 καὶ
2844 1481 2976 1536 Υἱοῦ
2997 1485 3092 1536 καὶ
3113 1482 3269 1550 ἁγίου
3294 1479 3433 1535 Πνεύ
3443 1496 3610 1550 ματος
3641 1478 3773 1549 μίαν

2179 1577 2478 1630 ὑπόστασιν
2500 1575 2884 1645 ὀνομάζεσθαι.
2914 1573 3139 1646 Ὅμοιον
3158 1575 3215 1628 δὲ
3238 1573 3471 1644 λέγομεν
3492 1571 3569 1642 τῷ
3592 1569 3772 1641 Πατρὶ

2176 1667 2269 1721 τὸν
2315 1666 2466 1732 Υἱδν,
2518 1665 2703 1730 καθὼς
2758 1667 2853 1720 καὶ
2897 1668 2953 1720 αί
2995 1665 3136 1720 θεῖαι
3176 1666 3391 1735 Γραφαὶ
3421 1664 3640 1731 λέγουσι
3674 1661 3772 1713 καὶ

2178 1760 2518 1814 διδάσκουσι.
2560 1758 2748 1821 Πάσας
2780 1760 2838 1812 δὲ
2868 1758 2966 1822 τὰς
3003 1759 3269 1829 αἱρέσεις,
3298 1757 3399 1822 τὰς
3437 1755 3538 1827 ήδη
3570 1753 3770 1825 πρότε-

2102 1848 2143 1901 Β
2177 1868 2269 1923 ρον
2299 1848 2744 1921 καθαιρεθείσας,
2772 1849 2805 1921 ἢ
2839 1851 2932 1904 καὶ
2956 1849 3011 1903 εί
3034 1850 3056 1882 ⁸
3076 1867 3224 1913 τινες
3239 1849 3437 1904 νεωστὶ
3453 1845 3769 1918 ἀνεφύησαν

478 1940 794 1994 ὑπεναντίαι
822 1940 1027 2013 ταύτης
1060 1944 1158 2015 τῆς
1188 1945 1408 2016 γραφῆς
1436 1948 1533 2017 τῆς
1560 1946 1898 2018 ὲκτεθείσης,
1923 1946 2174 2017 ἀνάθεμα
2208 1946 2473 2002 εστωσαν.
2513 1944 2698 1998 Ταῦτα
2739 1945 2838 2016 μὲν
2903 1940 3019 2011 οὖν,
3046 1947 3124 2007 ,οί
3197 1944 3300 2016 μὲν
3346 1942 3644 2003 δείσαντες,
3710 1939 3765 1992 οι

478 2029 532 2083 δὲ
562 2033 995 2100 φενακισθέντες,
1037 2035 1382 2109 συνέγραψαν
1413 2040 1463 2070 ⁸·
1505 2038 1554 2091 οξ
1617 2037 1677 2091 δὲ
1726 2037 2017 2093 συνθέσθαι
2058 2037 2135 2110 μὴ
2171 2036 2547 2109 βουληθέντες,
2578 2040 2663 2103 είς
2708 2035 2806 2101 τὰς
2851 2036 2953 2108 τῆς
2994 2036 3348 2118 οἰκουμένης.
3384 2029 3644 2105 ἐσχατιὰς
3673 2027 3766 2093 ἑξ-

478 2123 863 2197 επέμφοησαν.

800 2227 817 2244 ⁶
844 2220 999 2277 CAP.
1029 2222 1190 2279 XVII.
1227 2225 1326 2299 [Β.
1363 2228 1446 2282 St.
1487 2229 1589 2284 Ch.
1627 2228 1696 2286 ν.
1721 2230 1853 2303 29.]

477 2307 748 2386 Synodica
795 2311 1017 2368 Damasi
1058 2318 1289 2386 episcopi
1331 2318 1532 2385 Romw,
1564 2332 1613 2375 et
1658 2323 2070 2378 occidentalium

544 2382 970 2464 episcoporumt
1005 2387 1074 2437 ad
1111 2382 1343 2464 myrra
1406 2382 1676 2463 episcopos
1741 2396 1943 2464 scripta
2003 2395 2069 2448 de

548 2453 770 2506 conciiio
800 2457 1140 2511 Ariminensi.

549 2543 709 2609 Quod
743 2552 926 2601 autem
966 2546 1259 2603 formulam
1306 2550 1467 2603 istam
1504 2569 1836 2626 magnopere
1869 2556 2072 2627 impro-

476 2635 912 2693 barintathletm
969 2654 1165 2695 omnes
1218 2643 1488 2706 veritatis.
1540 2654 1707 2717 atque
1757 2648 1811 2701 in
1875 2649 2070 2718 primis

2777 2217 3034 2271 ΚΕΦΛΛ.
3085 2217 3184 2270 ῐΖν.

2176 2309 2506 2377 Συνοδικός
2577 2311 2757 2378 τόμος
2825 2308 3109 2378 Δαμάσου
3178 2306 3431 2378 Ῥώμης,
3490 2307 3588 2361 καί
3647 2308 3769 2365 τῶν

2243 2381 2504 2437 δυτικῶν
2548 2380 2924 2447 ἐπισκόπων,
2961 2378 3241 2449 περὶτῆς
3270 2380 3421 2433 κατὰ
3469 2379 3767 2448 Ἀρίμινον

2242 2453 2513 2506 συνόδου
2527 2452 2570 2506 ⁸.

2242 2546 2365 2599 Ὀτι
2397 2544 2583 2615 μέντοι
2606 2543 2768 2614 τῆσδε
2820 2542 2922 2614 τῆς
2948 2541 3223 2607 ἐκθέσεως
3257 2540 3497 2604 ἅπαντες
3522 2559 3766 2614 κατηγο-

2173 2636 2359 2711 ροῦσιν
2401 2638 2451 2689 oi
2480 2638 2577 2707 τῆς
2609 2635 2870 2705 ἀληθείας
2908 2636 3232 2704 ἀγωνισταὶ,
3269 2635 3362 2688 καὶ
3399 2634 3768 2708 διαφερόντως

478 2725 877 2793 occidentales,
930 2735 1207 2784 testantur
1237 2748 1360 2802 qua:
1391 2736 1459 2787 ab
1492 2736 1577 2789 his
1607 2739 1809 2807 scripta
1845 2739 2068 2795 fuerunt

2172 2731 2217 2782 οἱ
2244 2727 2341 2798 τὴν
2366 2730 2609 2799 ἑσπέραν
2649 2725 2951 2790 οἰκοῦντες,
2992 2728 3265 2797 μαρτυρεῖ
3301 2725 3368 2778 τὰ
3396 2725 3533 2797 πρὸς
3594 2726 3767 2780 Ἰλλυ-

479 2816 544 2871 ad
573 2817 840 2888 Illyricos.
879 2819 1252 2876 Scribentium
1292 2840 1423 2878 vero
1463 2826 1719 2897 princeps
1752 2829 1850 2881 l'uit
1876 2828 2070 2883 Dama-

479 2920 597 2966 sus.
640 2906 722 2960 vir
755 2908 1009 2976 plurimis
1046 2913 1344 2969 virtutibus
1378 2915 1631 2985 insignis,
1664 2917 1926 2974 Romamn
1958 2919 2063 2974 Ec-

480 2997 661 3051 clesiae
680 3006 801 3067 post
822 2998 1101 3056 Liberium
1135 3006 1452 3061 catheder
1481 3011 1739 3064 sortitus.
1770 3009 2061 3081 Scripsere

480 3098 664 3145 autem
714 3107 838 3148 cum
881 3094 975 3147 illo
1022 3096 1268 3167 episcopi
1328 3099 1649 3171 nonaginta,
1685 3117 1751 3156 ex
1818 3102 1970 3156 Italia
2021 3113 2075 3158 et

478 3182 714 3248 Galatia,
742 3201 862 3256 qua:
881 3185 1053 3242 Gallia
1087 3206 1231 3245 nunc
1250 3204 1494 3258 vocatur,
1528 3192 1712 3248 Romae
1733 3194 2070 3266 congregati.

482 3273 730 3338 Quorum
755 3278 924 3330 etiam
964 3280 1211 3341 nomina.
1261 3283 1367 3337 nisi
1398 3299 1871 3353 supervacaneum
1906 3285 2071 3350 foret,

484 3366 574 3421 hic
601 3381 954 3439 apponerem.
990 3369 1211 3428 Littera:
1242 3390 1371 3430 vero
1404 3383 1536 3433 sunt
1567 3377 1885 3448 hujusutodi
1914 3395 1929 3433 :

556 3631 810 3705 Episcopi
865 3633 1051 3690 Roma:
1112 3635 1166 3691 in
1206 3651 1368 3693 sacro
1428 3639 1666 3695 concilio
1728 3643 2072 3713 congregati,

486 3725 775 3792 Damasus,
805 3736 859 3782 et
894 3726 1242 3791 Valerianus.
1291 3741 1346 3786 et
1379 3732 1586 3797 caeteri,
1624 3733 1849 3789 dilectis
1884 3733 2075 3789 fratri-

484 3819 587 3873 bus
616 3819 783 3891 882
813 3820 866 3875 in
899 3818 1117 3893 Illyrico
1138 3825 1458 3879 constitutis
1482 3826 1715 3880 salutem
1739 3825 1793 3879 In
1816 3824 2069 3881 Domino.

552 3995 844 4052 Credimus
893 4007 1141 4055 sanctam
1195 4000 1356 4057 fidem
1424 4012 1673 4060 nostram
1706 4006 1760 4060 in
1790 4008 2073 4078 apostolo-

476 4102 605 4141 rum
646 4087 897 4142 doctrina
932 4088 1214 4144 fundatam
1253 4109 1268 4144 :
1297 4090 1440 4147 hanc
1467 4100 1678 4158 tenere,
1710 4102 1764 4148 et
1792 4095 1935 4149 hanc
1969 4111 2071 4166 po-

486 4178 615 4248 pqu
644 4178 878 4242 tradere,
921 4195 1042 4249 qua:
1066 4196 1096 4233 a
1129 4180 1368 4238 decretis
1412 4181 1631 4237 Patrum
1661 4185 1810 4239 nulla
1861 4186 2076 4241 ratione

485 4270 787 4339 discrepat,
835 4272 1153 4327 sacerdotes
1183 4270 1299 4331 Dei.
1327 4287 1356 4325 a
1386 4273 1591 4342 quibus
1627 4273 1835 4344 justum
1865 4286 1946 4330 est
1973 4290 2079 4330 caa-

487 4370 639 4417 tcros
674 4362 902 4417 erudiri.
934 4364 1040 4419 Sed
1077 4365 1348 4421 relatione
1377 4364 1787 4422 Gallicanorum
1816 4379 1869 4423 et
1894 4367 2077 4424 Vene-

487 4464 667 4508 torum
728 4454 955 4509 fratrum
1013 4457 1282 4527 quosdam
1333 4457 1530 4514 haeresi
1593 4458 1816 4514 eludere
1871 4475 2079 4531 cogno-

486 4548 690 4607 vimus.
704 4547 859 4615 Quod
880 4550 1078 4604 malum
1094 4567 1161 4605 ne.
1181 4553 1432 4617 exsistat,
1451 4567 1554 4606 non
1579 4554 1753 4606 solum
1774 4569 2080 4623 praecavere

486 4640 691 4697 debent
727 4642 994 4714 episcopi,
1025 4644 1117 4697 sed
1154 4645 1319 4699 etiam
1347 4652 1538 4699 contra
1562 4661 1625 4700 ea
1657 4662 1777 4716 quae
1800 4648 2076 4718 impcritia

2176 2819 2326 2888 ρίους
2389 2818 2523 2888 παρ’
2580 2817 2807 2870 ἐκείνων
2860 2816 3166 2887 γραφέντα.
3250 2815 3480 2886 Ἐξῆρχε
3542 2815 3599 2869 δὲ
3655 2817 3768 2871 τῶν

2174 2912 2532 2983 γεγραφότων
2559 2909 2836 2979 Δάμασος,
2871 2907 2975 2978 τῆς
2999 2908 3098 2979 μὲν
3126 2907 3411 2978 Ῥωμαίων
3436 2909 3767 2980 Ἐκκλησίας

2172 3002 2309 3073 μετά
2341 3002 2591 3071 Λιϐέριον
2622 2999 2721 3070 τὴν
2751 2998 3048 3070 προεδρίαν
3078 2996 3283 3069 λαχὼν,
3318 2999 3661 3069 παμπόλλοις
3704 3000 3762 3053 δὲ

2179 3095 2380 3166 ἀρετῆς
2408 3093 2783 3164 κοσμούμενος
2815 3092 3037 3145 εἴδεσιν.
3085 3091 3471 3157 Ἐννενήκοντα
3498 3092 3555 3146 δὲ
3577 3110 3770 3145 κοινω-

2178 3188 2304 3251 νοὺς
2339 3187 2461 3258 ἔσχε
2498 3186 2606 3239 τῶν
2625 3185 2976 3256 γραμμάτων
3002 3181 3061 3248 ἐξ
3098 3182 3350 3245 Ἰταλίας.
3379 3183 3473 3236 καὶ
3500 3182 3771 3250 Γαλατίας

2177 3280 2279 3352 τῆς
2334 3280 2428 3334 νῦν
2481 3278 2715 3341 Γαλλίας
2768 3274 3204 3347 ὀνομαζομένης,
3260 3276 3340 3339 είς
3397 3274 3496 3347 τὴν
3550 3275 3771 3347 Ῥώμην

2101 3391 2147 3451 C
2180 3368 2626 3440 συνεληλυθότας.
2701 3365 2969 3435 Ἐνέθηκα
3030 3367 3076 3420 δ’
3142 3365 3209 3419 ἂν
3268 3366 3365 3419 καὶ
3425 3365 3495 3419 τὰ
3561 3366 3770 3420 τούτων

2176 3460 2439 3531 ὀνόματα,
2494 3461 2543 3514 εἰ
2606 3460 2681 3531 μὴ
2720 3457 2995 3531 παρέλκον
3042 3457 3334 3513 ὑπέλαϐον.
3386 3458 3671 3530 Ἔγραψαν
3707 3458 3770 3513 δὲ

2178 3552 2303 3606 τάδε
2314 3569 2327 3583 ·
2849 3564 2855 3571 ’

2248 3645 2310 3698 Oi
2345 3641 2635 3697 ἐπίσκοποι
2686 3641 2737 3696 οί
2786 3641 2881 3695 ἐπὶ
2916 3639 3019 3711 τῆς
3068 3639 3359 3711 Ῥωμαίων
3398 3642 3479 3704 είς
3522 3639 3583 3694 τὸ
3621 3640 3770 3711 ἱερὸν

2177 3733 2525 3798 συνελθόντες
2576 3732 2879 3805 συνέδριον,
2926 3731 3203 3802 Δάμασος,
3256 3733 3350 3785 καὶ
3381 3732 3767 3804 Οὐαλεριανὸς,

2174 3824 2270 3878 καὶ
2304 3825 2352 3878 οί
2376 3824 2572 3889 λοιποὶ,
2600 3825 2713 3888 τοῖς
2742 3824 3051 3892 ἀγαπητοῖς
3082 3821 3330 3890 ἀδελφοῖς
3359 3823 3470 3885 τοῖς
3498 3824 3557 3875 ἐν
3600 3821 3769 3875 Ἰλλυ-

2178 3917 2320 3990 ρικῷ
2352 3915 2693 3971 καθεστῶσιν
2723 3913 3067 3978 ἐπισκόποις,
3100 3916 3157 3967 έν
3186 3913 3307 3984 Θεῷ
3332 3914 3566 3985 χαίρειν.

2246 4009 2581 4080 Πιστεύομεν
2602 4008 2701 4079 τὴν
2731 4008 2891 4077 ἁγίαν
2925 4007 3110 4060 πίστιν
3139 4007 3300 4076 ἡμῶν
3329 4010 3351 4043 ⁷
3386 4012 3445 4062 ὲν
3498 4010 3564 4079 τῇ
3616 4008 3767 4062 διδα-

2178 4101 2378 4174 σκαλίᾳ
2392 4100 2502 4156 τῶν
2525 4098 2840 4154 ἀποστόλων
2871 4098 2929 4151 θε
2939 4098 3317 4169 μελιωθεῖσαν·
3346 4098 3500 4173 [I03]
3519 4101 3723 4172 ταύτην
3743 4101 3768 4134 ⁸

2176 4194 2445 4263 κατέχειν,
2482 4191 2580 4246 καὶ
2608 4189 2815 4261 ταύτην
2866 4190 2943 4260 τῷ
2972 4189 3087 4260 λαῷ
3133 4190 3480 4259 ὑφηγεῖσθαι.
3509 4192 3630 4262 ἥτις
3655 4191 3767 4246 ἀπδ

2176 4285 2286 4339 τῶν
2345 4283 2674 4355 δρισθέντων
2727 4282 2878 4353 παρὰ
2924 4281 3033 4335 τῶν
3078 4282 3337 4354 Πατέρων
3394 4283 3572 4337 οὐδενὶ
3618 4284 3767 4356 λόγῳ

2176 4376 2456 4446 διαφωνεῖ,
2489 4372 2626 4427 Θεοῦ
2652 4376 2840 4446 ἱερεῖς,
2878 4374 2968 4443 ὑφ’
2997 4366 3074 4427 ὧν
3105 4374 3316 4428 δίκαιόν
3343 4376 3460 4430 ἐστι
3496 4378 3622 4442 τοὺς
3650 4379 3765 4431 λοι-

2179 4468 2315 4532 ποὺς
2346 4464 2717 4521 παιδεύεσθαι.
2767 4465 2930 4520 Ἀλλά
2958 4467 3025 4520 δι’
3067 4469 3350 4540 ἀναφορᾶς
3382 4467 3494 4521 τῶν
3530 4470 3589 4523 ὲν
3626 4470 3766 4530 Γαλ-

2177 4561 2269 4633 λίᾳ
2315 4559 2411 4612 καὶ
2444 4557 2669 4629 Βενετία
2702 4557 2949 4627 ἀδελφῶν
2992 4558 3238 4630 έγνωμέν
3287 4577 3442 4623 τινας
3490 4562 3701 4632 αἵρεσιν
3738 4563 3762 4595 ⁹

2181 4651 2528 4715 σπουδάζειν.
2554 4650 2734 4722 Ὅπερ
2764 4650 2934 4705 κακὸν
2959 4654 3019 4705 οὐ
3055 4652 3216 4721 μόνον
3243 4652 3763 4723 παραφυλάττεσθαι

486 4741 541 4787 ct
573 4733 926 4804 simplicitate
981 4737 1347 4805 quorumdam
1382 4738 1569 4807 pravis
1602 4740 2068 4813 interpretationi-

2172 4743 2475 4814 ὀφείλουσιν
2502 4743 2551 4794 οἱ
2574 4741 2885 4805 ἐπίσκοποι,
2912 4742 3050 4796 ἀλλὰ
3079 4743 3175 4796 καλ⁵
3204 4743 3303 4797 ὅσα
3332 4745 3559 4816 ἀπειρίᾳ
3576 4746 3760 4815 τινῶν,

488 4826 592 4880 bus
619 4826 976 4897 deceptorum
1025 4836 1177 4898 gesta
1207 4837 1358 4894 sunt,
1392 4831 1564 4885 obniti
1596 4831 1887 4904 deinceps,
1935 4850 2066 4906 pro-

488 4917 732 4974 videntes
765 4934 832 4974 ne
862 4919 914 4973 in
947 4920 1194 4976 diversas
1251 4921 1534 4988 doctrinas
1563 4926 1940 4993 prolabantur,
1973 4928 2070 4982 sed

490 5010 717 5067 Patrum
750 5021 1065 5067 nostrorum
1107 5016 1393 5070 sententia:
1428 5017 1613 5085 potius
1658 5018 2066 5079 adhaerescant,

487 5106 929 5173 quotiescunque
961 5104 1193 5160 diversm
1227 5106 1512 5175 Opiniones
1561 5108 1804 5176 ipsorum
1838 5109 2066 5162 auribus

2174 4834 2208 4905 ἢ
2270 4831 2534 4900 ἁπλότητι
2599 4830 2709 4884 τῶν
2773 4833 2993 4893 σκαιαῖς
3040 4830 3399 4901 κεχρημένων
3446 4831 3766 4902 ἑρμηνείαις

2174 4926 2398 4995 γέγονεν
2426 4923 2492 4989 ιο,
2527 4921 2881 4976 ἀνθίστασθαι
2913 4923 3022 4976 ἀπὸ
3052 4922 3146 4975 τοῦ
3182 4922 3278 4975 νῦν
3310 4921 3593 4993 διαφόροις
3614 4924 3764 4978 διδα-

2178 5015 2448 5076 σκαλίαις,
2470 5013 2890 5083 διανοουμένους
2922 5012 2997 5085 μὴ
3024 5014 3163 5067 πάνυ
3196 5013 3235 5045 ¹¹
3258 5011 3602 5079 ὀλισθαίνειν,
3628 5015 3768 5068 ἀλλά

2182 5106 2383 5178 μᾶλλον
2412 5103 2522 5157 τῶν
2559 5104 2823 5176 Πατέρων
2855 5104 3016 5177 ἡμῶν
3036 5106 3080 5137 ¹⁸
3107 5120 3362 5174 κατεγειν
3392 5104 3492 5177 τὴν
3514 5105 3763 5177 γνώμην,

1762 5246 1999 5302 VARUS
2034 5244 2444 5303 LECTIONES.

563 5364 583 5392 ³
608 5362 686 5439 Ita
720 5363 959 5439 Casaub.
991 5374 1046 5421 et
1086 5365 1278 5439 Steph.
1306 5366 1364 5430 2,
1398 5370 1491 5424 sed
1530 5368 1692 5424 Basil.
1739 5368 1833 5424 Gr.
1878 5377 1930 5422 et
1974 5369 2166 5439 Steph.
2228 5370 2250 5423 1
2297 5367 2650 5439 ἐκφέρεσθαι.

2753 5365 2775 5398 ⁸
2817 5366 2865 5419 εί
2915 5366 3072 5422 abest
3124 5380 3154 5419 a
3198 5364 3368 5419 Basil.
3412 5363 3507 5420 Gr.
3603 5363 3624 5393 ³
3662 5362 3768 5416 ὑπ·-

494 5431 761 5517 ςγραψαν.
800 5431 940 5517 Idem
973 5452 1095 5517 cum
1130 5431 1317 5506 St'eph.
1349 5439 1406 5517 _.°
1434 5440 1656 5517 Caetera!
1677 5440 1835 5517 editi.
1870 5431 2114 5517 habvnt';
2142 5440 2199 5492 Σ.
2233 5455 2286 5493 τ.
2305 5431 2466 5517 ’παρὰ
2494 5441 2637 5507 Δαμ.
2664 5438 2966 5517 ἐπισκόπου
3009 5437 3091 5517 'Ii.
3119 5448 3177 5517 ιε.
3212 5434 3327 5517 τ’..ρ
3343 5436 3603 5517 ,ἠὲ-πισκ;’
3627 5433 3764 5517 προς

507 5502 797 5581 ςξλλυρίοςδς
816 5504 1149 5581 ἐπισκόπους
1169 5502 1404 5581 γραφεὶς
1440 5511 1569 5579 περὶ
1595 5526 1647 5563 τ.
1674 5526 1727 5563 κ.
1774 5511 1890 5581 ΪΑρ.
1920 5527 1970 5564 σ.
2006 5510 2201 5563 Eadem
2231 5502 2461 5577 epistola
2484 5502 2665 5581 exstat
2692 5508 2745 5560 in
2777 5505 2998 5581 S_ozom.
3036 5507 3106 5581 Η.
3139 5507 3199 5557 E.
3239 5503 3334 5581 lV_._
3369 5504 3535 5581 25,_et
3564 5502 3760 5581 E_p_iph.

498 5571 808 5649 I-iist.'_trip.
845 5571 909 5649 γ,
951 5576 1042 5649 29.
1078 5571 1308 5649 ille
1337 5593 1400 5631 ac
1435 5571 1607 5633 multo
1646 5580 1817 5647 magis
1838 5571 2018 5633 'etiam
2058 5581 2175 5649 ipse
2209 5571 2391 5633 Ieittus
2423 5576 3257 5649 archetypusiLati_nus_(quetn
3295 5573 3546 5649 valesius

496 5645 673 5716 t_|_urt_-_ti
703 5644 875 5716 textui
908 5646 1186 5716 adiunxit)
1219 5647 1495 5716 discrepat
1524 5649 1708 5701 multis
1736 5644 1789 5703 in
1821 5650 1956 5703 locis
1984 5644 2281 5703 ηἱιὲκδόσει
2333 5644 2689 5703 Theodoreti.
2765 5648 2784 5678 "
2819 5647 2996 5716 ὑμῶν.
3031 5644 3224 5716 Steph.

3636 5575 3764 5629 lico-

3326 5647 3349 5715 β
3378 5646 3524 5715 ὑμᾶς
3552 5646 3761 5699 addunt

497 5709 664 5789 Basil.
701 5711 807 5789 Gr_._
843 5709 1043 5789 eguit.
1076 5709 1209 5789 cum
1230 5709 1427 5789 Steph.
1460 5728 1514 5772 et
1544 5719 1765 5787 Epiph.,
1800 5734 2114 5789 quanquam
2150 5720 2354 5773 ahcsta
2380 5719 2510 5789 rod.
2559 5717 2679 5789 Pini
2720 5725 2774 5771 et
2804 5709 2993 5789 Ailatii
3045 5709 3284 5789 itemque
3328 5709 3553 5789 Soiom.
3611 5716 3653 5789 _'
3681 5715 3762 5776 εἰς

503 5781 735 5854 αἵρεσιν.
768 5781 1061 5854 Basil._Gr._
1090 5795 1145 5838 et
1177 5781 1368 5854 Steph.

1464 5789 1509 5821 ³⁸
1535 5783 1759 5857 γέγονεν
1791 5783 1946 5843 abest
1969 5783 2063 5842 'ab
2101 5798 2335 5858 utroque
2370 5786 2543 5858 Basil.
2578 5795 2632 5844 et
2662 5788 2853 5857 Steph.
2933 5788 2971 5820 “
3011 5783 3381 5840 πάλινᾟιιεὶί.
3411 5786 3505 5838 Gr.
3534 5794 3587 5837 et
3611 5783 3758 5844 ιρι..

504 5849 770 5921 Stephan.
801 5852 1247 5921 Παρολισθαίνειν
1274 5849 1494 5912 Sozom.
1546 5849 1557 5857 ⁷
1582 5849 1626 5888 ’ί
1657 5859 1813 5928 ἡμῶν
1841 5860 1994 5916 abest
2015 5859 2081 5913 ab
2108 5849 2340 5930 utroiiue
2367 5856 2534 5914 Basii.
