4098 6416
535 361 677 424 1οὒ5
1493 361 1985 422 THEODORETI
2060 363 2398 425 EPISCOPI
2459 364 2827 426 CYRENSIS
3662 363 3794 426 1051)

519 476 823 529 credimus.
860 471 956 530 Sic
988 490 1089 529 nos
1113 474 1280 531 etiam
1325 474 1613 530 vobiscum
1666 475 1895 530 credere
1942 475 2113 531 debe-

2219 478 2458 547 χειρήσει
2507 478 2617 530 ἀπὸ
2659 477 2760 550 τῆς
2810 476 3084 546 ἡμετέρας
3124 474 3410 537 κοινωνίας
3460 474 3790 544 χωρισθήσε-

523 582 671 622 mus.
738 565 1006 622 Recreate
1063 581 1166 620 nos
1220 565 1523 636 reciprocis
1567 566 1856 620 charitatis
1919 578 2113 622 vestrae

2222 569 2367 632 σθαι,
2410 570 2507 621 καὶ
2554 566 3074 640 περιαιρεθήσεσθαι
3105 567 3200 620 ἀπ’
3236 566 3417 619 αὐτῶν
3451 565 3510 618 τὸ
3552 565 3646 618 τοῦ
3673 569 3791 619 ὲπιο

521 657 748 712 litteris.
781 656 990 719 Valete,
1019 656 1220 710 fratres
1247 656 1683 711 honoratissimi.

2221 659 2425 710 σκόπου
2452 658 2646 729 ὄνομα,
2701 658 2844 712 ὥστε
2886 658 3012 721 τοὺς
3048 658 3211 722 λαοὺς
3249 659 3351 728 τῆς
3383 657 3593 728 πλάνης
3620 659 3794 712 αὐτῶν

523 749 989 820 ἐλευθερωθέντας
1013 750 1368 804 ἀναπνεῦσαι.
1411 751 1601 804 Ούδενὶ
1666 750 1792 820 γὰρ·
1841 750 2029 820 τρόπῳ
2080 751 2424 822 διορθοῦσθαι
2477 754 2794 824 δυνήσονται
2866 752 2966 823 τὴν
3017 751 3224 822 πλάνην
3263 751 3372 806 τῶν
3417 752 3607 822 ὖχλων,
3639 753 3793 806 ὁπότε

524 840 676 892 αὐτοὶ
707 841 809 893 ὑπὸ
862 840 960 908 τῆς
991 841 1199 907 πλάνης
1238 841 1579 909 κατέχονται.
1617 842 1985 912 Συμφωνείτω
2013 841 2192 896 τοίνυν
2223 845 2360 914 μετὰ
2400 845 2618 898 πάντων
2644 845 2752 897 τῶν
2791 843 2883 896 τοῦ
2918 844 3054 897 Θεοῦ
3086 844 3277 915 ἱερέων
3351 846 3444 898 καὶ
3505 849 3605 916 τῆς
3671 846 3794 914 ὑμε-

520 930 686 1001 τέρας
719 930 1031 998 τιμιότητος
1077 933 1108 1001 ή
1145 931 1362 1002 γνώμη,
1394 926 1520 1006 ὲνῇ
1567 932 1713 1001 ὑμᾶς
1788 932 2023 1001 παγίους
2085 932 2180 986 καὶ
2221 932 2474 1002 βεϐαίους
2510 930 2651 987 εἶναι
2703 934 3054 1004 πιστεύομεν.
3110 934 3266 988 Οὕτω
3313 933 3407 986 καὶ
3456 925 3617 1006 ἡμεῖς
3683 929 3796 1003 μεθ’

523 1021 679 1092 ὑμῶν
714 1023 754 1052 ³¹
831 1020 1111 1096 πιστεύειν
1157 1024 1466 1095 ὀφείλομεν.
1508 1027 1634 1090 Τοῖς
1682 1024 1994 1095 ἅμοιὸαίοις
2047 1027 2148 1098 τῆς
2216 1028 2488 1098 ὑμετέρας
2514 1027 2732 1099 ἀγάπης
2765 1026 3069 1098 εὐφράνατε
3101 1027 3268 1098 ἡμᾶς.
3306 1024 3612 1098 Ἔρρωσθε,
3651 1024 3798 1079 ἁδελο

517 1115 615 1184 φοι
645 1115 980 1186 τιμιώτατοι.

441 5855 444 5858 γ
534 5788 610 5852 ῶς
646 5789 849 5860 δράγμ.
886 5788 1284 5860 plane-omisit.

737 1211 965 1267 CAPUT
997 1213 1186 1268 xvm.
1230 1213 1288 1285 [·
1317 1213 1377 1266 B.
1406 1219 1489 1268 bl.
1520 1215 1620 1269 cn.
1658 1214 1722 1270 ν.
1755 1215 1896 1288 23.]
1959 1175 1970 1186 ’

592 1305 878 1360 Athanasii
909 1308 1136 1376 episcopi
1172 1306 1516 1428 Aleafanldriw
1544 1307 1608 1361 de
1636 1309 1817 1362 eodem
1849 1309 2074 1364 concilio

1197 1388 1363 1428 evtxto
1390 1395 1440 1428 τι.

1197 1388 1440 1446 epistola.

598 1467 706 1523 Sed
746 1479 797 1524 et
841 1485 1072 1538 magnus
1109 1485 1329 1538 quoque
1370 1469 1741 1533 Athanasius,
1785 1469 1839 1524 in
1881 1470 2114 1540 epistola

528 1576 692 1628 quam
741 1560 806 1613 ad
861 1560 1026 1615 Afros
1075 1561 1333 1630 Scripsit,
1385 1559 1451 1614 de
1497 1561 1734 1615 concilio
1776 1561 2114 1616 Ariminensi

520 1650 692 1720 935
743 1651 970 1705 disserit
1021 1652 1074 1705 in
1129 1652 1275 1705 hunc
1325 1651 1567 1704 modum.
1610 1650 1736 1706 Haec
1774 1667 1901 1706 cum
1944 1653 2017 1706 ita
2056 1669 2117 1709 se

528 1743 802 1807 habeant,
839 1744 964 1812 quis
997 1743 1187 1797 audiat
1235 1759 1370 1809 eos,
1422 1743 1515 1812 qui
1567 1744 1970 1800 Ariminensem
2021 1760 2116 1800 aut

523 1833 694 1898 aliam
745 1836 1015 1905 synodum
1067 1835 1354 1888 nominant
1408 1844 1606 1905 prmtcr
1652 1836 1974 1892 Nicaznam?
2021 1848 2114 1893 aut

2812 1214 3033 1268 ΚΕΦΑΛ
3047 1255 3062 1268 .
3092 1214 3202 1267 IH'.

2229 1307 2588 1362 Ἀθανασίου
2614 1306 2952 1359 ἐπισκόπου
3017 1304 3463 1372 Ἀλεξανδρείας
3511 1304 3800 1375 ἐπιστολὴ

2606 1376 2738 1445 περὶ
2772 1376 2882 1444 τῆς
2910 1375 3101 1442 αὐτῆς
3122 1376 3414 1434 συνόδου.

2286 1468 2401 1522 Καὶ
2463 1468 2780 1530 Ἀθανάσιος
2815 1466 2873 1519 δὲ
2921 1467 2949 1518 ὁ
3008 1465 3204 1535 μέγας,
3241 1466 3300 1520 ὲν
3343 1468 3408 1537 τῇ
3441 1465 3577 1536 πρὸς
3599 1465 3726 1530 τοὺς
3759 1466 3801 1497 ⁸⁸

2222 1557 2468 1628 Ἀφρους
2501 1557 2759 1628 ἐπιστολῇ
2792 1553 3018 1609 τοιαῦτα
3047 1555 3117 1622 ³³,
3153 1556 3284 1627 περὶ
3312 1556 3413 1626 τῆς
3441 1557 3500 1608 ὲν
3543 1557 3804 1628 Ἀριμίνῳ

2225 1649 2442 1702 συνόδου
2486 1648 2729 1714 διέξεισι.
2789 1647 3008 1702 Τούτων
3083 1647 3141 1701 δὲ
3192 1647 3369 1712 οὕτως
3419 1647 3802 1718 δεικνυμένων,

2221 1737 2305 1801 τίς
2334 1737 2653 1804 ἀποδέξεται
2697 1737 2743 1768 ³⁸
2796 1736 2923 1800 τοὺς
2957 1735 3055 1807 τὴν
3099 1735 3394 1806 Ἀρίμινον,
3419 1734 3454 1805 ἢ
3484 1734 3653 1806 ἄλλην
3679 1734 3803 1789 σύν-

2221 1829 2339 1882 οδον
2379 1827 2531 1898 παρὰ
2569 1826 2666 1892 τὴν
2709 1827 2767 1878 ἐν
2807 1825 3015 1897 Νικαίᾳ
3055 1825 3456 1896 ὀνομάζονταςς
3489 1824 3522 1895 ἦ
3575 1825 3659 1888 τίς
3705 1824 3806 1877 οὐκ

526 1922 656 1991 quis
698 1939 805 1976 non
839 1924 968 1977 odio
1010 1924 1203 1976 haheat
1231 1924 1390 1981 illos.
1429 1927 1520 1993 qui
1551 1939 1672 1992 quas
1717 1922 1940 1977 Patrum
1982 1932 2114 1979 sunt

2219 1920 2284 1973 ἂν
2317 1920 2564 1989 μισήσειε
2593 1919 2721 1978 τοὺς
2768 1915 3100 1980 ἀθετοῦντας
3135 1915 3235 1986 μὲν
3264 1917 3334 1971 τὰ
3384 1915 3493 1971 τῶν
3523 1915 3804 1988 Πατέρων,

532 2015 840 2083 abre-5am,
897 2016 1208 2070 recentiora
1264 2025 1446 2069 autem
1501 2032 1597 2085 per
1641 2018 1748 2069 vim
1789 2025 1842 2070 et
1881 2026 2112 2072 conten-

522 2108 730 2161 tionem
773 2109 991 2161 coudita
1044 2109 1429 2177 antepnnunl?
1468 2118 1560 2163 aut
1598 2110 1722 2178 quis
1764 2125 1891 2164 cum
1931 2111 2112 2165 homi-

526 2200 688 2254 nihus
726 2202 1026 2255 convenire
1059 2203 1227 2262 velit,
1263 2203 1354 2270 qui
1407 2218 1509 2256 nec
1558 2218 1657 2256 sua
1707 2203 1958 2271 ipsorum
2013 2216 2112 2272 ap-

526 2291 807 2357 probant?
842 2289 977 2344 Nam
1017 2294 1107 2360 qui
1155 2293 1206 2346 in
1251 2294 1475 2354 timent,
1510 2309 1686 2362 coque
1731 2291 2016 2362 pluribus,
2059 2301 2116 2346 ut

524 2384 734 2436 dictum
774 2393 892 2451 est,
935 2387 1166 2457 synodis
1223 2387 1340 2441 suis
1389 2387 1529 2442 alias
1576 2387 1682 2438 alia
1735 2385 2112 2454 scripserunt,

521 2486 714 2543 aperte
769 2477 970 2532 docent
1027 2495 1084 2534 se
1139 2480 1391 2550 singulas
1447 2478 1870 2548 reprehendere.
1939 2476 2116 2533 Idem»

521 2585 634 2637 que
669 2569 780 2624 illis
813 2569 1054 2634 accidit,
1093 2573 1238 2640 quod
1276 2571 1660 2640 proditoribus
1701 2571 1830 2624 olim
1887 2568 2114 2626 Iudaeis.

526 2655 600 2710 Ut
628 2657 773 2712 enim
807 2657 920 2724 illi,
957 2660 1125 2714 unico
1159 2662 1397 2716 viventis
1436 2676 1592 2730 aqua:
1633 2662 1782 2716 fonte
1816 2661 2113 2725 derelicto,

525 2747 675 2818 quod
745 2751 886 2820 apud
947 2749 1247 2806 Jeremiam
1307 2751 1632 2822 prophetam
1671 2748 1702 2800 i'
1755 2751 1938 2821 legere
1997 2761 2114 2817 est,

521 2840 833 2896 effoderunt
889 2843 992 2898 sibi
1050 2843 1326 2898 cisternas
1380 2842 1697 2906 contritas,
1735 2857 1859 2912 quae
1907 2858 2111 2914 aquam

523 2933 812 2989 continere
844 2949 949 2989 non
983 2944 1236 3004 poterant
1265 2934 1489 2989 :sicisti
1530 2949 1694 2987 uuam
1730 2943 2117 3005 oppugnantes

523 3024 794 3094 synodum
825 3026 1221 3080 mcumenicam
1244 3067 1259 3092 ,
1283 3025 1486 3080 multas
1517 3025 1622 3080 sibi
1653 3025 1892 3096 synodos
1915 3024 2116 3081 en‘ode-

524 3125 688 3182 runt,
724 3133 1029 3188 omnesque
1081 3119 1224 3189 apud
1280 3119 1433 3188 ipsos
1487 3119 1640 3173 velut
1684 3118 1950 3188 manipuli
1996 3119 2116 3175 sine

523 3209 738 3263 viribus
769 3217 1136 3265 evanuerunt.
1191 3211 1383 3278 itaque
1437 3225 1548 3264 non
1605 3209 1850 3265 feramus
1895 3224 1993 3264 eos
2021 3209 2113 3280 qui

2214 2011 2284 2066 τὰ
2312 2011 2368 2063 δὲ
2397 2009 2638 2080 νεώτερα
2667 2011 2726 2062 ὲν
2758 2011 2824 2081 τῇ
2874 2009 3138 2081 Ἀριμίνῳ
3177 2009 3320 2062 κατὰ
3350 2007 3679 2078 φιλονεικίαν
3711 2009 3806 2070 καὶ

2217 2102 2342 2173 βίαν
2385 2101 2711 2155 συντεθέντα
2751 2100 3184 2173 προκρίνοντας;
3220 2099 3301 2164 τίς
3332 2099 3392 2154 δὲ
3433 2099 3646 2162 τούτοις
3677 2115 3806 2152 συν-

2216 2194 2390 2248 ελθεῖν
2435 2195 2762 2265 ἐθελήσειεν,
2794 2193 3104 2264 ἀνθρώποις
3142 2194 3279 2264 μηδὲ
3315 2193 3386 2246 τὰ
3423 2193 3631 2246 ἑαυτῶν
3657 2192 3798 2244 ἀπο-

2215 2286 2568 2356 δεχομένοις;
2625 2288 2690 2339 Ui
2737 2285 2846 2357 γὰρ
2891 2287 2948 2338 ὲν
2986 2287 3109 2350 ταῖς
3154 2276 3364 2339 ἑαυτῶν
3417 2284 3547 2338 δέκα
3579 2302 3681 2338 που
3715 2284 3810 2337 καὶ

2217 2378 2400 2443 πλέον,
2433 2378 2576 2431 καθὰ
2610 2378 2968 2449 προείπομεν,
3009 2377 3252 2441 συνόδοις
3293 2375 3480 2432 ἄλλοτε
3507 2375 3635 2430 ἄλλο
3668 2375 3810 2446 γράρ

2218 2486 2430 2540 φοντες,
2461 2469 2612 2539 δῆλοί
2661 2471 2798 2523 εἰσιν
2835 2469 3074 2540 ἑκάστης
3112 2468 3267 2522 αὐτοὶ
3318 2468 3614 2540 κατήγοροι
3661 2466 3812 2536 γινό-

2221 2579 2392 2629 μενοι.
2431 2561 2710 2632 Πάσχουσι
2735 2561 2793 2615 δὲ
2817 2560 2995 2626 τοῦτο,
3034 2555 3146 2615 οἷον
3185 2561 3280 2615 καὶ
3323 2561 3373 2614 oi
3398 2560 3522 2613 τότε
3549 2559 3660 2614 τῶν
3675 2560 3811 2612 ἰου-

2217 2655 2384 2709 δαίων
2416 2655 2672 2725 προδόται
2714 2654 3067 2710 πεπόνθασιν.
3130 2655 3221 2718 Ὠς
3247 2655 3356 2726 γὰρ
3382 2657 3602 2721 ἐκεῖνοι,
3642 2670 3812 2707 κατα-

2217 2746 2506 2816 λείψαντες
2559 2746 2660 2818 τὴν
2721 2746 2891 2818 μόνην
2944 2746 3128 2818 πηγὴν
3180 2746 3274 2800 τοῦ
3335 2745 3535 2811 ζῶντος
3597 2744 3810 2810 ὓδατος,

2216 2836 2436 2910 ὤρυξαν
2479 2838 2693 2900 ἑαυτοῖς
2743 2837 3002 2902 λάκκους,
3056 2838 3106 2891 οἳ
3165 2837 3227 2891 οὐ
3293 2837 3611 2908 δυνήσονται
3665 2835 3810 2907 ὕδωρ

2222 2931 2490 3000 συνέχεινο
2543 2930 2855 3002 γέγραπται
2905 2929 2962 2983 δὲ
3016 2929 3176 2984 τοῦτο
3225 2929 3381 3001 παρὰ
3421 2928 3498 3000 τῷ
3553 2929 3814 3000 προφήτῃ

2230 3020 2493 3093 Ἰερεμίαο
2535 3020 2712 3084 οὕτως
2754 3016 2924 3086 οὗτοι,
2966 3021 3267 3092 μαχόμενοι
3307 3020 3442 3092 πρὸς
3485 3020 3582 3091 τὴν
3630 3021 3812 3072 οίκουο

2223 3113 2452 3187 μενικὴν
2500 3113 2739 3180 σύνοδον,
2776 3113 2992 3186 ὤρυξαν
3048 3117 3261 3179 ἑαυτοῖς
3312 3115 3560 3180 συνόδους
3587 3114 3810 3175 πολλὰς,

2220 3209 2316 3262 καὶ
2350 3209 2523 3262 πᾶσαι
2579 3207 2736 3262 κεναὶ
2767 3208 2896 3280 παρ’
2935 3209 3142 3273 αὐτοῖς,
3177 3210 3274 3262 καὶ¹
3320 3209 3397 3273 ῶς
3427 3208 3720 3280 δράγματα
3749 3201 3819 3233 ³⁵⁸

524 3301 931 3357 Ariminensem
963 3301 1046 3355 vel
1078 3301 1244 3354 aliam
1279 3301 1596 3370 quampiam
1631 3301 1902 3371 synodum
1936 3302 2115 3354 nomi-

2222 3300 2536 3371 μὴέχοντα
2581 3303 2733 3370 ἰσχὺν
2771 3300 3072 3372 ἐφάνησαν.
3121 3301 3215 3372 Μὴ
3259 3300 3442 3354 τοίνυν
3488 3298 3814 3371 ἁνεχώμεθα

524 3400 659 3446 naut
696 3400 895 3462 praeter
923 3389 1224 3446 Nicaenam.
1265 3389 1330 3444 Et
1365 3406 1500 3445 sane
1536 3390 1795 3447 videntur
1840 3393 1936 3462 qui
1989 3393 2117 3446 Ario

527 3485 832 3538 minensem
888 3483 942 3536 in
1000 3498 1096 3537 ore
1151 3481 1394 3546 habent,
1436 3497 1497 3536 ea
1535 3498 1659 3552 qua:
1711 3482 1786 3538 ibi
1829 3491 1951 3538 acta
1989 3492 2120 3539 sunt

523 3577 824 3648 ignorare:
875 3573 1079 3644 alioqui
1137 3573 1205 3628 de
1257 3574 1348 3627 illa
1411 3589 1642 3644 prorsus
1696 3575 1945 3631 silerent.
2006 3577 2118 3636 Vos

523 3669 672 3723 enim
695 3710 708 3729 ,
744 3667 1086 3723 dilectissimi
1108 3707 1122 3732 ,
1154 3683 1261 3722 non
1297 3667 1464 3734 latet,
1504 3668 1598 3739 qui
1632 3686 1697 3722 ex
1735 3670 1803 3726 iis
1836 3673 2118 3742 cognostis

524 3761 619 3830 qui
652 3760 821 3831 886
855 3759 1162 3813 Ariminum
1214 3775 1244 3812 a
1296 3761 1453 3814 vobis
1504 3759 1736 3830 profecti
1789 3772 1954 3830 sunt,
2004 3765 2119 3819 illic

530 3851 821 3908 lirsacium
859 3866 913 3906 et
948 3853 1263 3917 Valentem,
1303 3853 1612 3908 Eudoxium
1654 3864 1709 3909 et
1742 3857 2120 3923 Auxentium,

521 3956 579 4000 et
609 3961 734 3999 cmn
797 3945 885 3999 his
924 3944 1340 4016 Demophilum,
1383 3945 1665 4016 depositos
1716 3947 1887 4005 fuisse
1915 3990 1929 4014 ,
1970 3951 2115 4020 quod

525 4037 634 4090 alia
667 4037 906 4105 vellent,
935 4053 1100 4108 quam
1133 4053 1254 4112 quae
1279 4038 1422 4108 apud
1452 4037 1686 4094 Nicaeam
1721 4049 1924 4096 statuta
1953 4050 2115 4109 sunt,

521 4127 845 4194 decernere,
918 4129 1142 4198 quando
1199 4130 1373 4200 rogati
1433 4140 1491 4183 ut
1547 4133 1806 4186 Arianam
1864 4134 2115 4189 haeresim

527 4220 876 4274 anathemate
908 4219 1267 4287 damnarent,
1315 4231 1681 4287 recusarunt,
1734 4225 1968 4293 ejusque
2020 4242 2119 4296 pa-

526 4308 672 4374 troni
705 4324 773 4362 ac
807 4309 1052 4365 vindices
1079 4326 1204 4366 esse
1237 4312 1578 4367 maluerunt.
1610 4315 1681 4367 At
1725 4314 1970 4384 episcopi
2021 4317 2115 4387 qui

528 4402 643 4463 veri
681 4403 823 4457 servi
859 4411 1018 4457 erant
1051 4402 1294 4469 Domini,
1326 4411 1380 4460 et
1407 4416 1557 4460 recta
1591 4405 1695 4461 iide
1714 4408 1964 4476 praediti,
2014 4425 2111 4463 nu-

531 4507 682 4546 utero
718 4493 939 4548 circiter
973 4494 1240 4560 ducenti,
1299 4497 1767 4565 acquiescendum
1799 4499 1857 4552 in
1894 4498 2115 4556 Nicazna

526 4585 646 4639 sola
674 4587 1050 4655 scripserunt,
1101 4601 1206 4642 nec
1247 4587 1487 4658 amplius
1533 4588 1623 4642 illa
1669 4589 1967 4659 quidquam
2012 4594 2115 4647 mi-

2220 3392 2326 3445 τῶν
2375 3395 2474 3463 τὴν
2517 3392 2886 3465 ’Δρίμινον,ἢ
2930 3393 3099 3466 ἄλλην
3149 3393 3531 3464 ὀνομαζόντων
3593 3391 3814 3450 σύνοδον

2219 3485 2374 3556 παρὰ
2396 3487 2495 3555 τὴν
2527 3487 2583 3542 ὲν
2617 3486 2823 3559 Νικαίᾳ
2858 3488 3178 3558 γενομένην.
3207 3487 3318 3540 Καὶ
3365 3487 3473 3558 γὰρ
3511 3485 3606 3539 καὶ
3632 3485 3808 3552 αὐτοὶ,

2217 3581 2267 3632 οἱ
2298 3579 2398 3649 τὴν
2442 3578 2721 3650 Ἀρίμινον
2761 3579 3147 3650 ὀνομάζοντες.
3176 3578 3329 3652 [105]
3371 3579 3584 3634 ἐοίκασι
3621 3577 3696 3650 μὴ
3733 3581 3812 3630 εῖ-

2217 3668 2365 3721 δέναι
2393 3666 2462 3720 τὰ
2490 3670 2546 3720 ἐν
2577 3668 2714 3740 αὐτῇ
2747 3668 3062 3740 πραχθέντα
3085 3687 3098 3700 ·
3142 3669 3174 3738 ἢ
3206 3669 3315 3738 γὰρ
3364 3666 3432 3721 ἂν
3467 3667 3809 3738 ἐσιώπησαν.

2219 3761 2412 3813 Οἴδατε
2450 3759 2580 3832 γὰρ,
2629 3761 2928 3832 ἀγαπητοὶ,
2989 3760 3250 3832 μαθόντες
3307 3761 3402 3813 καὶ
3453 3760 3613 3831 ὑμεῖς
3659 3759 3812 3830 παρὰ

2218 3853 2326 3905 τῶν
2365 3851 2626 3906 ἐλθόντων
2660 3853 2719 3918 ὲξ
2769 3853 2922 3923 ὑμῶν
2953 3854 3031 3916 εἰς
3070 3852 3169 3924 τὴν
3209 3853 3508 3923 Ἀρίμινον,
3544 3852 3619 3916 ὡς
3672 3854 3816 3924 Οὐρ-

2220 3943 2409 4006 σάκιος
2440 3943 2536 3995 καὶ
2568 3942 2803 4013 Οὐάλης,
2841 3943 3088 4008 Εὐδόξιός
3120 3961 3177 3996 τε
3212 3945 3307 3998 καὶ
3357 3941 3664 4008 Αὐξέντιος,
3695 3946 3819 3999 ἐκεῖ
3895 3989 3898 3991 .

2217 4036 2274 4090 δὲ
2312 4033 2380 4107 ἦν
2409 4039 2504 4090 σὺν
2553 4037 2738 4100 αὐτοῖς
2779 4037 2873 4091 καὶ
2925 4036 3252 4108 Δημόφιλος,
3292 4037 3678 4109 καθῃρέθησαν
3721 4038 3815 4093 θε-

2217 4129 2483 4202 λήσαντες
2519 4131 2682 4201 ἕτερα
2736 4129 2889 4202 παρὰ
2931 4130 3001 4184 τὰ
3049 4132 3106 4184 ὲν
3164 4130 3370 4203 Νικαίᾳ
3416 4133 3673 4202 γράφειν·
3721 4132 3814 4184 ὅτε

2217 4223 2612 4293 ἀπαιτηθέντες
2656 4223 3055 4295 ἀναθεματίσαι
3110 4223 3210 4294 τὴν
3247 4225 3810 4297 Ἀρειανὴναίρεσιν,

2217 4315 2626 4386 παρῃτήσαντο,
2688 4315 2782 4370 καὶ
2846 4316 3047 4387 μᾶλλον
3107 4316 3276 4388 αὐτῆς
3340 4315 3614 4386 ἠθέλησαν
3668 4312 3813 4372 εἶναι

2219 4404 2540 4473 προστάται.
2577 4405 2639 4457 Οἱ
2685 4405 2744 4458 δέ
2780 4422 2845 4473 γε
2890 4407 3200 4468 ἐπίσκοποι,
3243 4406 3291 4458 οἱ
3345 4404 3563 4474 ἀληθῶς
3594 4407 3812 4477 γνήσιοι

2215 4495 2393 4549 δοῦλοι
2435 4495 2529 4548 τοῦ
2582 4497 2813 4568 Κυρίου,
2871 4497 2967 4550 καὶ
3005 4497 3183 4568 ὀρθῶς
3237 4498 3607 4562 πιστεύοντες,
3665 4494 3810 4569 ἦσαν

2216 4587 2275 4642 δὲ
2309 4589 2476 4657 ὲγγύς
2513 4606 2614 4642 που
2664 4589 2948 4655 διακόσιοι,
2999 4588 3241 4662 ἔγραψαν
3295 4591 3586 4660 ἀρκεῖσθαι
3635 4594 3703 4660 τῇ
3749 4593 3810 4645 ὲν

528 4691 742 4745 nusque
792 4677 1148 4744 qumremlum
1198 4677 1282 4732 vel
1338 4679 1706 4734 sentiendum.
1761 4681 1919 4748 Quod
1969 4683 2115 4736 Con-

2220 4651 2425 4753 Νικαία
2475 4682 2632 4754 μόνῃ,
2664 4682 2759 4734 καὶ
2781 4651 2946 4752 μηδὲν
2978 4651 3211 4753 πλέονΠῆ
3251 4651 3474 4735 ἔλαττον
3503 4684 3636 4755 παρ’
3659 4651 3810 4738 sicei-

527 4767 740 4822 stantio
776 4783 995 4837 quoque
1051 4768 1470 4838 signiﬁcarunt,
1520 4771 1615 4841 qui
1667 4773 1940 4844 synodum
1991 4777 2111 4844 cogi

527 4867 884 4927 prteceperat.
913 4863 930 4878 '
965 4857 1167 4913 Verum
1200 4860 1234 4914 ii
1280 4861 1371 4931 qui
1420 4860 1656 4918 Arimini
1705 4863 1942 4920 abdicati
1997 4865 2114 4922 fue-

602 4945 618 4998 i
667 4947 871 5004 Jerem.
907 4964 966 5016 ll,
1000 4951 1088 5006 15.

2220 4793 2318 4845 νην
2353 4775 2536 4845 ζητεῖν
2563 4776 2657 4829 καὶ
2697 4777 2936 4846 φρονεῖν.
2974 4775 3159 4828 Ταῦτα
3199 4775 3292 4828 καὶ
3325 4776 3690 4846 Κωνσταντιῳ
3731 4775 3812 4830 δεο

2218 4867 2516 4937 δηλὼκασι,
2569 4867 2648 4938 τῷ
2701 4866 2798 4921 καὶ
2845 4866 2944 4937 τὴν
2988 4866 3206 4920 σύνοδον
3236 4864 3489 4935 γενέσθαι
3532 4866 3580 4900 ³⁸
3621 4866 3808 4929 κελεύ-

1853 5047 2087 5102 VARle
2133 5047 2537 5104 LECTIONES.

616 5159 659 5193 ³⁸
689 5161 865 5244 όρθῶς
889 5163 1098 5244 addunt
1129 5163 1256 5244 pas.
1298 5174 1354 5220 et
1396 5165 1588 5244 Steph.

532 5231 810 5288 Benedirt.
841 5234 976 5288 edit.
1016 5231 1080 5287 T.
1131 5235 1172 5295 Ι,
1213 5250 1266 5303 p.
1313 5250 1372 5300 ιι,

534 5302 699 5357 Basil.
731 5303 825 5357 Gr.
921 5305 997 5336 “‘
1027 5305 1155 5357 Haec
1184 5306 1346 5357 lectio

1684 5166 1729 5199 ⁸²
1759 5167 1886 5239 τοὺς
1923 5168 2086 5239 αθοςι
2117 5181 2145 5220 a
2178 5167 2311 5239 Bas.
2357 5167 2452 5222 Gr.
2500 5177 2554 5239 et
2589 5167 2780 5239 Steph.

1419 5252 1474 5311 Ρ.
1501 5236 1615 5311 ’892
1645 5252 1730 5311 sq.
1769 5238 1983 5311 Partem
2021 5238 2261 5307 aliquam
2302 5238 2465 5311 habet
2495 5236 2702 5310 Epiph.
2743 5239 2882 5296 Hist.
2927 5241 3056 5311 trip.
3090 5241 3155 5304 V,
3187 5243 3277 5300 50.

921 5305 998 5382 ³ξζ
1027 5305 1155 5359 Haec
1184 5306 1346 5360 lectio
1387 5307 1875 5382 Gltristophorsoui
1906 5314 2010 5382 est,
2049 5322 2094 5382 _a
2118 5305 2248 5382 ‘quo
2281 5309 2505 5382 petiisse
2543 5305 2670 5364 eam
2715 5311 2935 5366 videtur
2981 5305 3336 5382 Sirmoudus,
3388 5305 3703 5382 quanquam
3753 5323 3812 5368 et

2879 5170 2925 5202 ³³
2957 5169 3140 5232 Locus
3175 5182 3258 5228 est
3288 5172 3361 5229 ibi
3399 5171 3426 5241 ᾗ
3453 5172 3509 5237 '5,
3540 5173 3575 5225 4
3601 5173 3739 5241 Ορρο
3775 5188 3807 5227 ³

3375 5241 3421 5274 ⁸⁸
3449 5241 3808 5314 ἀποδέξηται.

535 5372 1098 5452 ‘Athanasihcodices
1147 5390 1355 5452 omnes
1380 5372 1869 5452 _habent:89_&~{ua
1918 5377 1992 5446 μὴ
2045 5372 2180 5452 ἔχοῆ
2221 5372 2564 5452 ἰσχύνηΝοη
2610 5382 2802 5452 ignoro
2846 5382 3010 5436 Basil.
3061 5381 3156 5437 Gr.
3188 5392 3244 5438 et
3283 5372 3574 5452 Stephan:
3600 5383 3811 5438 habere

529 5441 1061 5519 Bpauaca,'fabuia§,
1085 5453 1142 5498 ut
1165 5445 1512 5519 Acod..Allatii
1550 5465 1562 5500 :
1596 5441 2041 5519 ὡς’δρᾶ;ια,’θίο.
2076 5441 2184 5502 Sed
2211 5441 2377 5504 verba
2405 5441 2691 5506 Athanasii
2727 5461 2821 5506 aut
2844 5452 3010 5507 dubie
3040 5453 3204 5509 ducta
3235 5470 3299 5509 ex
3330 5441 3469 5509 osee
3501 5469 3554 5508 c.
3592 5467 3711 5514 vin,
3750 5453 3806 5515 7,

534 5510 874 5594 uitiepdypa
903 5514 981 5594 μὴ
1013 5513 1132 5594 ἔχον
1165 5515 1317 5594 ἰσχῦν
1348 5517 1500 5581 item,
1534 5525 1593 5570 ut
1637 5510 1745 5581 hic;
1783 5510 1983 5594 dicitur
2011 5518 2080 5572 de
2108 5519 2264 5594 vanis
2295 5520 2723 5594 _consiliis,_qua:
2750 5532 3145 5594 comparantur
3165 5539 3288 5578 cum
3323 5523 3604 5594 manipulo
3630 5510 3806 5577 tritici

535 5587 708 5664 tanto,
748 5587 1162 5664 quantumfere
1201 5586 1335 5664 quis
1361 5602 1530 5664 _t_nanu
1574 5603 1766 5664 rapere
1815 5587 1898 5641 vel
1939 5589 2423 5664 comprehendere_
2449 5586 2643 5664 possit,
2681 5586 2982 5664 δέξό-ιι·ἰίἰοί
3028 5594 3374 5664 ignobilioris
3419 5586 3600 5664 quasi,
3653 5594 3804 5662 quod

537 5650 771 5733 [urinam
805 5667 913 5706 non
949 5653 1150 5733 reddit,
1179 5650 1242 5709 ut
1272 5654 1494 5733 additur
1523 5650 1666 5733 apud
1691 5650 2330 5733 Oseam,_prop'tereaquc
2359 5659 2424 5713 ad
2450 5650 2640 5715 cibum
2663 5661 2910 5717 adhiberi
2943 5650 3275 5733 nonupotest.
3304 5650 3460 5729 Quod
3492 5664 3537 5716 si
3569 5650 3802 5716 vidisset

537 5718 811 5808 Yalesius,
851 5737 984 5808 non,
1011 5718 1776 5808 opinor,_rcpudiasset_hauc
1812 5718 2119 5808 lectioneln,
2165 5718 2326 5808 cuius
2357 5745 2579 5808 sensum
2616 5747 2674 5789 se
2703 5734 2922 5808 assequi
2955 5718 3568 5806 negabat.Epi~phanius
3605 5733 3670 5799 V,
3696 5733 3796 5798 50,

1370 5797 1413 5827 ³⁸
1442 5798 1786 5865 γεγενῆσθαι.
1827 5795 1989 5852 Basil.
2029 5797 2121 5853 Gr.
2167 5795 2442 5870 et'Steph.
