4098 6402
528 478 661 541 1059

1477 475 1968 539 TBEUDOBETI
2008 472 2350 537 EPISCOPI
2379 476 2753 538 (SYRENSIS

3673 472 3813 563 IOtQ

528 595 587 641 ut
620 584 792 641 solam
826 583 1127 641 clausulam
1162 582 1251 638 IN
1288 583 1597 641 S£CULA
1633 580 2109 640 S.ECULORU.ll

2220 583 2343 652 σιγῇ
2394 586 2495 655 τὴν
2536 585 2845 653 δοξολογίαν
2895 584 3226 656 προσέφερε·
3280 583 3444 656 μόνον
3487 585 3543 639 δὲ
3595 585 3655 638 τὸ
3701 579 3811 639 ΕΙΣ

501 673 815 745 ἀυάἰινοηι,
855 678 948 748 qui
983 677 1208 748 propius
1258 676 1534 732 astabant.
1584 676 1663 730 Ac
1703 677 1809 732 nisi
1840 689 2108 729 summam

528 772 730 842 ingenii
765 768 884 838 ejus
912 768 1175 822 malitiam
1208 768 1316 821 alia
1351 768 1773 839 prodidissent,
1805 767 1920 822 haec
1954 768 2108 821 illum

527 864 733 917 diceret
762 861 996 916 fortasse
1019 861 1291 931 quispiam
1324 862 1634 915 communis
1662 861 1846 931 pOptlli
1881 875 2111 915 concor-

530 956 632 1009 dia:
657 953 841 1008 studio
866 953 1232 1024 excogitasse.
1269 952 1375 1007 Sed
1409 967 1533 1006 cum
1566 954 1831 1008 adversus
1863 952 2111 1008 veritatis

531 1057 790 1116 patronos
817 1046 1003 1116 gravia
1033 1046 1202 1099 multa
1233 1045 1544 1107 moliretur,
1579 1056 1632 1100 et
1662 1044 1958 1116 impietatis
1991 1061 2113 1115 par-

528 1138 724 1208 ticipes
758 1137 909 1191 omni
959 1136 1147 1193 studio
1195 1136 1437 1201 foveret,
1491 1146 1678 1207 aperte
1727 1138 1905 1208 patuit
1955 1136 2112 1190 illum

2220 1138 2559 1207 συνηγόρων,
2611 1137 2709 1190 καὶ
2750 1138 2877 1201 τοὺς
2918 1139 3013 1203 τῆς
3058 1138 3315 1203 ἀσεϐείας
3350 1141 3680 1210 μετέχοντας
3709 1142 3817 1194 πά-

2210 1244 2322 1299 μσης
2350 1227 2501 1299 ἠξίου
2543 1228 2887 1299 κηδεμονίας,
2918 1229 3078 1300 δῆλος
3103 1226 3171 1302 ἧν
3206 1231 3465 1302 κρύπτων
3486 1233 3585 1303 τήν
3609 1231 3814 1303 λώϐην,

529 1230 656 1283 mali
686 1229 860 1284 labem
890 1230 1150 1298 obtegere
1170 1270 1185 1295 ,
1220 1230 1420 1299 partim
1459 1230 1648 1299 populi
1681 1238 1829 1283 metu
1852 1271 1866 1294 ,
1910 1229 2113 1298 partim

527 1321 597 1375 ob
628 1337 826 1393 graves
874 1322 1057 1376 minas
1086 1320 1401 1376 Constantii
1431 1331 1626 1376 contra
1659 1337 1755 1377 eos
1787 1321 1880 1391 qui
1911 1317 2114 1375 Filium

526 1413 855 1469 dissimilem
889 1413 1075 1468 dicere
1109 1414 1396 1469 auderent.
1452 1412 1584 1484 Ejus
1627 1429 1792 1484 porro
1820 1413 2115 1469 consilium

529 1505 673 1559 facta
719 1506 839 1576 ipsa
881 1505 1258 1560 declararunt.
1295 1507 1576 1576 Quotquot
1618 1505 1764 1559 enim
1811 1505 2116 1575 apostolica

527 1598 786 1668 dogmata
817 1597 1214 1668 sequebantur,
1250 1597 1338 1653 his
1372 1615 1474 1653 nec
1509 1598 1751 1653 studium
1781 1599 1984 1663 ullum,
2010 1614 2120 1656 nec

526 1690 934 1744 ordinationem
978 1689 1331 1758 impertiebat
1363 1708 1377 1745 :
1413 1690 1631 1746 Arianae
1665 1699 1846 1745 autem
1882 1696 2120 1749 vesaniae

2213 670 2391 723 ΤΟΥΣ
2425 675 2677 728 ΑΙΩΝΑΣ
2701 675 2837 727 ΤΩΝ
2860 675 3116 729 ΑΙΩΝΩΝ
3154 676 3351 746 ἠκουον
3386 677 3435 730 οἱ
3465 676 3811 740 πελάζοντες.

2213 761 2329 816 Καὶ
2366 767 2420 818 εἰ
2445 766 2544 834 μὲν
2577 764 2645 819 τὰ
2677 765 2812 819 ἄλλα
2848 765 2921 838 μή
2973 766 3177 838 πολλὴν
3237 766 3426 837 ἐδήλου
3460 767 3558 838 τὴν
3576 768 3687 839 ’τῆς
3713 770 3816 839 ψυ-

2212 856 2316 925 χῆς
2354 858 2641 928 πονηρίαν,
2672 856 2825 911 εἶπεν
2853 861 2918 914 ἄν
2938 877 3020 923 τις
3049 860 3213 913 αὐτὸν
3261 859 3437 913 ταῦτα
3464 863 3814 931 μηχανᾶσθαι

2212 944 2312 1017 τῖς
2346 951 2441 1003 τοῦ
2484 950 2615 1005 λαοῦ
2662 952 3118 1023 προμηθούμενον
3159 952 3432 1023 ὁμονοίας.
3483 954 3707 1025 Ἐπειδὴ
3757 955 3814 1009 δέ

2212 1042 2368 1097 δεινὰ
2416 1044 2589 1099 πολλὰ
2628 1046 2673 1077 ⁸⁷
2723 1046 2865 1100 κατὰ
2921 1046 3030 1099 τῶν
3077 1046 3337 1116 ἀληθείας
3385 1046 3431 1079 ⁸⁸
3483 1048 3818 1119 ἐτεχνάσατο

2218 1321 2307 1375 διά
2333 1338 2393 1374 τε
2421 1321 2516 1374 τοῦ
2555 1321 2793 1392 πλήθους
2825 1322 2886 1375 τὸ
2908 1322 3025 1386 δέος
3066 1323 3159 1375 καὶ
3199 1323 3289 1377 διὰ
3313 1323 3413 1387 τὰς
3432 1326 3818 1381 Κωνσταντίου

2220 1412 2362 1466 κατὰ
2424 1410 2532 1465 τῶν
2600 1411 2852 1483 ἀνόμοιον
2903 1414 2994 1466 τὸν
3056 1413 3185 1468 Υἱδν
3247 1414 3431 1484 λέγειν
3489 1415 3817 1486 τολμώντων

2220 1503 2464 1577 χαλεπὰς
2498 1502 2750 1568 ἀπειλάς.
2782 1505 3063 1576 Δεδήλωκε
3105 1505 3159 1559 δὲ
3206 1506 3305 1577 τὴν
3337 1507 3547 1562 ἐκείνου
3592 1506 3819 1579 γνώμην

2220 1597 2290 1651 τὰ
2343 1598 2737 1669 πεπραγμένα.
2774 1598 2931 1651 Ὅσοι
2979 1600 3080 1670 μὲν
3125 1600 3233 1672 γὰρ
3280 1602 3395 1663 τοῖς
3435 1602 3817 1668 ἀποστολικοίς

2220 1690 2436 1743 εἵποντο
2463 1690 2750 1759 δόγμασιν,
2781 1689 2903 1743 οὐδὲ
2929 1693 3057 1761 μιᾶς
3091 1692 3221 1761 παρ’
3245 1692 3455 1746 ἐκείνου
3487 1694 3817 1765 κηδεμονίας

527 1780 859 1854 participes,
891 1789 946 1836 et
988 1782 1225 1836 maxima
1277 1782 1330 1836 in
1381 1784 1714 1839 auctoritate
1767 1786 1912 1856 apud
1964 1787 2117 1841 illum

2221 1782 2255 1852 ἢ
2290 1781 2627 1853 χειροτονίας
2676 1779 3029 1853 ἀπήλαυσαν·
3061 1784 3108 1834 οί
3146 1781 3203 1835 δὲ
3233 1783 3332 1854 τῆς
3376 1784 3588 1855 Ἀρείου
3615 1787 3817 1855 μανίας

526 1881 717 1935 erant,
751 1882 806 1928 et
835 1875 1014 1929 sacris
1062 1872 1366 1929 honoribus
1413 1877 1782 1945 augebantur.
1824 1872 1929 1933 Per
1972 1878 2115 1932 idem

2226 1871 2631 1942 μετειληχότες,
2676 1872 2771 1925 καὶ
2811 1871 3124 1943 παρρησίας
3170 1874 3571 1946 μετελάγχανον
3600 1877 3681 1931 ὅτι
3713 1879 3818 1942 μά-

527 1975 744 2036 tempus
767 1966 959 2021 Aetius
981 2005 1003 2034 ,.
1028 1967 1291 2036 magister
1322 1964 1576 2022 Eunomii
1604 2009 1619 2034 ,
1651 1969 1745 2039 qui
1776 1971 1894 2025 suis
1929 1971 2117 2026 inven-

2222 1956 2381 2011 λιστα
2426 1941 2708 2028 πλείστης,
2760 1941 2997 2023 καὶτοῖς
3049 1941 3343 2032 ἱερατικοῖς
3386 1941 3819 2034 ήέγκατελὲγοντο

527 2061 598 2115 tis
639 2056 901 2113 Arianam
946 2054 1347 2129 blasphemiam
1394 2058 1790 2129 locupletavit,
1833 2062 1886 2117 in
1928 2079 2119 2119 nume-

527 2167 649 2206 rum
696 2150 1059 2207 diaconorum
1110 2153 1388 2223 ascriptus
1430 2160 1537 2208 est.
1593 2155 1663 2208 At
1717 2152 2015 2211 Flavianus
2064 2166 2120 2212 et

529 2240 803 2298 Diodorus
834 2283 848 2307 ,
908 2243 1001 2314 qui
1051 2243 1369 2314 religiosam
1423 2245 1593 2299 vitam
1644 2248 2008 2311 excolebant,
2058 2257 2114 2303 et

526 2334 831 2402 apostolica
897 2335 1154 2406 dogmata
1206 2336 1384 2407 palam
1440 2339 1896 2408 propugnabant,
1950 2340 2121 2411 889

526 2423 742 2481 Leontii
778 2425 1046 2483 adversus
1096 2429 1352 2497 pietatem
1412 2428 1644 2484 insidias
1691 2441 1880 2501 aperte
1929 2433 2121 2486 redar-

528 2527 801 2587 guerunt,
834 2519 980 2589 quod
1014 2520 1290 2574 hominem
1321 2522 1508 2589 pravis
1558 2520 1834 2579 institutis
1882 2521 2123 2577 innnfri-

528 2618 642 2666 tum
670 2650 685 2674 ,
721 2625 784 2665 ac
816 2627 911 2680 per
942 2612 1279 2683 impietatem
1314 2612 1455 2666 viam
1488 2613 1595 2669 sibi
1623 2615 1690 2670 ad
1722 2615 1964 2671 honores
1998 2592 2120 2670 Ill.“-

531 2705 767 2757 nieutem
791 2745 806 2770 ,
838 2702 1167 2760 diaconatus
1196 2704 1416 2759 nomine
1440 2705 1507 2759 ad
1533 2708 1834 2776 perniciem
1864 2707 2123 2764 Ecclesiae

529 2788 787 2861 dignatus
818 2802 1007 2850 esset:
1042 2796 1511 2866 minabanturque
1535 2813 1597 2853 se
1644 2797 1713 2851 ab
1746 2799 2122 2873 ecclesiastica

530 2886 681 2941 illius
716 2888 1109 2942 communione
1144 2902 1467 2944 recessuros
1490 2928 1505 2953 ,
1557 2887 2018 2960 profecturosque
2066 2895 2121 2946 in

528 2977 883 3035 Occidentem
907 3019 923 3045 ,
970 2990 1024 3036 et
1073 2980 1459 3039 fraudulentos
1490 2982 1611 3051 ejus
1644 2992 1877 3038 conatus
1909 2984 2122 3054 patefa-

527 3083 735 3129 cturos.
768 3073 980 3141 Quibus
1010 3075 1175 3131 rebus
1209 3076 1441 3132 territus
1475 3075 1775 3142 Leontius,
1811 3079 1967 3133 Aetio
1997 3080 2119 3150 qui-

528 3165 649 3220 dem
683 3166 1051 3221 ministerium
1082 3168 1322 3233 ademit,
1354 3168 1454 3224 sed
1491 3168 1544 3223 in
1575 3171 1792 3225 caeteris
1828 3169 2014 3227 fovere
2049 3173 2120 3226 il-

2221 2053 2488 2122 τάγμασι.
2530 2051 2667 2105 Κατ’
2729 2054 2938 2106 ἐκεῖνον
2990 2053 3082 2106 τὸν
3137 2056 3329 2127 καιρὸν
3381 2058 3476 2111 καὶ
3538 2057 3743 2124 Ἀέτιος
3786 2062 3817 2113 ό

2222 2139 2492 2210 Εὑνομίου
2540 2140 2881 2208 διδάσκαλος,
2938 2143 2998 2209 δς
3054 2144 3153 2215 τὴν
3200 2146 3414 2218 Ἀρείου
3460 2148 3815 2222 βλασφημίαν

2220 2234 2343 2297 ταῖς
2400 2234 2668 2298 ἐπινοίαις
2721 2232 2874 2305 [107]
2928 2237 3228 2309 ἐπηύξησε,
3286 2239 3365 2312 τῷ
3396 2240 3507 2294 τῶν
3548 2242 3835 2298 διακόνων.

2222 2327 2559 2396 ἐγκατελέγη
2590 2328 2935 2399 χορῷ.Ἀλλὰ
2968 2330 3262 2397 Φλαϐιανὺς
3291 2334 3385 2388 καὶ
3408 2335 3693 2407 Διόδωρος,
3716 2338 3819 2406 τὴν

2226 2418 2324 2489 μὲν
2358 2419 2662 2489 ἁσκητικὴν
2695 2418 3069 2492 ἀσπαζόμενοι
3100 2423 3399 2492 πολιτείαν,
3433 2427 3729 2499 προφανῶς
3758 2429 3816 2483 δὲ

2222 2509 2328 2563 τῶν
2353 2508 2727 2564 ἀπστολικῶν
2758 2512 3206 2584 ὑπερμαχοῦντες
3237 2518 3281 2549 δ’
3323 2518 3631 2590 δογμάτων,
3669 2521 3820 2576 ἄντι-

2223 2616 2361 2670 κρυς
2415 2599 2511 2652 τοῦ
2561 2602 2814 2655 Λεοντίου
2854 2603 3143 2675 διήλεγξαν
3193 2607 3291 2672 τὰς
3352 2611 3496 2663 κατὰ
3530 2611 3634 2681 τῆς
3658 2613 3817 2666 εὐσε-

2222 2689 2374 2754 ϐείας
2434 2692 2751 2758 ἐπιϐουλὰς,
2799 2694 2968 2768 ἄνδρα
3039 2699 3343 2769 φήσαντες,
3404 2707 3663 2774 πονηροῖς
3717 2710 3818 2775 μὲν

2222 2783 2656 2854 ἐπιτηδεύμασιν
2711 2787 3072 2857 ἐντραφέντα,
3122 2792 3185 2844 ὲκ
3235 2790 3292 2846 δὲ
3335 2793 3437 2864 τῆς
3495 2794 3819 2860 δυσσεϐείας

2224 2878 2584 2946 περιφάνειαν
2618 2879 2922 2950 κτήσασθαι
2951 2884 3368 2955 μηχανώμενον,
3401 2888 3495 2940 ἐπὶ
3541 2888 3687 2962 λύμῃ
3716 2891 3818 2962 τῆς

2236 2968 2565 3038 Ἐκκλησίας
2607 2970 2701 3023 τοῦ
2752 2972 2852 3043 τῆς
2889 2973 3169 3039 διακονίας
3210 2977 3476 3049 ὀνόματος
3525 2980 3814 3051 ἠξιῶσθαι·

2222 3060 2484 3130 ἠπείλουν
2512 3060 2571 3114 δὲ
2622 3062 2719 3115 καὶ
2766 3064 2867 3134 τῆς
2910 3066 3373 3142 ἐκκλησιαπικῆς
3410 3072 3817 3143 ἀποστήσεσθαι

2224 3151 2532 3217 κοινωνίας,
2558 3154 2653 3207 καὶ
2689 3152 2787 3225 τὴν
2817 3156 3057 3229 ἑσπέραν
3091 3160 3521 3231 καταλήψεσθαι,
3556 3165 3651 3219 καὶ
3679 3166 3817 3236 δῆλα

533 3259 643 3311 lum
668 3267 724 3313 et
751 3259 890 3313 tueri
917 3275 1028 3313 non
1054 3258 1239 3316 desiit.
1268 3257 1387 3316 Duo
1414 3270 1595 3318 autem
1622 3262 1713 3318 isti
1741 3264 2116 3331 admirabiles,

2225 3245 2471 3314 ποιήσειν
2489 3244 2557 3299 τὰ
2593 3247 2953 3318 τυρευόμενα.
2986 3248 3167 3305 Ταῦτα
3206 3252 3387 3319 δείσας
3418 3257 3689 3324 Λεόντιος,
3716 3259 3818 3324 τῆς

532 3349 829 3406 Flavianus
863 3360 917 3406 et
945 3351 1256 3417 Diodorus,
1288 3357 1542 3425 quamvis
1585 3356 1876 3411 sacerdotii
1921 3374 2122 3415 munus

532 3442 777 3495 nondum
815 3442 998 3513 adepti
1020 3484 1035 3509 ,
1075 3443 1258 3499 adhuc
1294 3445 1439 3501 inter
1472 3446 1645 3503 laicos
1681 3450 1697 3467 ‘
1733 3460 2119 3514 censerentur,

531 3547 725 3587 omnes
781 3540 967 3588 tamen
1018 3534 1085 3589 ad
1131 3537 1355 3606 pietatis
1412 3538 1657 3593 studium
1709 3550 1873 3595 nocte
1923 3539 2123 3608 dieque

532 3625 873 3679 excitabant.
909 3625 973 3681 Hi
1012 3628 1212 3697 primi,
1244 3631 1597 3699 psallentium
1634 3631 1822 3687 choris
1851 3632 1905 3686 in
1935 3642 2122 3703 partes

532 3715 764 3780 divisis,
802 3717 1037 3790 hymnos
1069 3717 1360 3776 Davidicos
1400 3722 1631 3779 alternis
1672 3738 1877 3779 canere
1917 3723 2123 3779 docue-

532 3818 685 3862 runt.
717 3807 877 3875 Quod
911 3810 1132 3880 quidem
1173 3810 1483 3867 Antiochia:
1524 3811 1641 3867 ﬂeri
1684 3825 1923 3884 emptum
1948 3854 1964 3879 ,
1997 3814 2120 3868 ubi-

530 3916 639 3969 que
670 3900 931 3972 deinceps
959 3901 1232 3968 obtinuit,
1271 3912 1327 3959 et
1377 3903 1446 3959 ad
1498 3905 1723 3962 ultimos
1776 3914 1938 3961 terrae
1985 3908 2121 3962 lines

531 3993 792 4063 pervasit.
826 3994 889 4049 Ili
925 3996 1091 4049 etiam
1138 4010 1323 4050 rerum
1372 3997 1687 4053 divinarum
1734 4000 2003 4055 studiosis
2052 3998 2118 4053 ad

533 4094 834 4156 martyrum
885 4085 1088 4157 templa
1138 4090 1529 4161 congregatis,
1584 4099 1778 4147 noctes
1827 4107 1953 4147 cum
2010 4092 2121 4148 illis

532 4174 705 4231 Deum
742 4177 1020 4234 laudando
1051 4181 1450 4251 transigebant.
1501 4180 1617 4236 Hoc
1664 4197 1896 4238 cernens
1940 4182 2121 4239 Leon-

532 4268 679 4333 tius,
707 4268 1004 4338 prohihere
1034 4286 1094 4325 se
1126 4278 1245 4326 tuto
1293 4286 1460 4341 posse
1512 4286 1624 4327 non
1675 4273 1921 4342 putavit,
1968 4273 2117 4343 quod

533 4359 791 4428 populum
829 4375 1043 4415 summa
1074 4360 1455 4417 benevolentia
1489 4377 1613 4417 cum
1646 4362 1871 4432 Optimis
1905 4364 2014 4419 illis
2047 4365 2123 4418 vi-

532 4448 611 4505 ris
658 4451 1020 4522 conjunctum
1062 4453 1315 4509 videret:
1352 4454 1448 4509 sed
1504 4453 1901 4510 moderationis
1932 4456 2118 4525 specie

530 4545 696 4601 verba
727 4545 986 4601 colorans
1011 4584 1026 4610 ,
1060 4545 1128 4600 ab
1157 4547 1239 4602 eis
1275 4547 1607 4617 postulavit,
1647 4555 1709 4601 ut
1765 4561 1921 4602 suam
1971 4549 2116 4603 hanc

2230 3335 2331 3407 μὲν
2381 3335 2726 3409 λειτουργίας
2756 3339 2957 3395 ἔπαυσε
3015 3343 3107 3397 τὸν
3171 3345 3396 3411 Ἀέτιον,
3427 3349 3525 3420 τῆς
3565 3352 3623 3404 δὲ
3650 3352 3819 3424 ἄλλης

2224 3428 2389 3482 αὑτὸν
2424 3431 2720 3503 θεραπείας
2772 3433 2949 3501 ἠξίου.
3010 3435 3074 3490 Ἦ
3105 3436 3161 3490 δὲ
3200 3438 3529 3510 ἀξιάγαστος
3589 3443 3819 3517 ξυνωρὶς

2222 3517 2520 3583 Φλαϐιανὸς
2560 3521 2653 3573 καὶ
2695 3522 2981 3595 Διόδωρος,
3028 3527 3310 3598 ἱερατικῆς
3337 3531 3439 3601 μὲν
3474 3533 3819 3607 λειτουργίας

2227 3610 2458 3682 μηδέπω
2486 3613 2533 3644 ⁵⁸
2575 3616 2959 3685 τετυχηκότες,
2991 3618 3068 3689 τῷ
3113 3619 3170 3673 δὲ
3202 3620 3317 3692 λαῷ
3365 3631 3815 3699 συντεταγμένοι,

2223 3700 2441 3772 νύκτωρ
2494 3704 2586 3756 καὶ
2624 3705 2743 3773 μεθ’
2772 3707 2985 3778 ἡμέραν
3014 3711 3096 3773 είς
3123 3711 3216 3765 τὸν
3238 3713 3378 3786 ὑπὲρ
3410 3717 3507 3787 τῆς
3535 3719 3817 3786 εὐσεϐείας

2222 3792 2387 3864 ζῆλον
2413 3795 2688 3868 διήγειρον
2718 3797 2983 3863 ἅπαντας.
3016 3798 3174 3857 Οὗτοι
3208 3804 3437 3876 πρῶτοι⁹
3466 3809 3585 3881 διχῆ
3611 3811 3816 3868 διελόνο

2220 3905 2310 3951 τες
2339 3889 2467 3954 τοὺς
2498 3889 2607 3943 τῶν
2630 3889 2944 3960 ψαλλόντων
2972 3896 3188 3966 χοροὺς,
3222 3899 3285 3951 ὲκ
3314 3899 3565 3972 διαδοχῆς
3595 3903 3743 3975 ᾄδειν
3768 3908 3815 3939 εί

2222 3980 2321 4052 τὴν
2348 3981 2646 4053 Δαυῖτικήν
2675 3983 2921 4051 ἐδίδαξαν
2945 3986 3233 4059 μελῳδίαν.
3258 3991 3370 4045 Καὶ
3410 3992 3569 4048 τοῦτο
3592 3997 3650 4049 ἐν
3693 3999 3815 4051 Ἀνο

2220 4074 2429 4144 τιοχείᾳ.
2473 4074 2691 4146 πρῶτον
2748 4077 3076 4149 ἀρξάμενον,
3114 4083 3347 4136 πάντοσε
3396 4085 3674 4158 διέδραμε,
3718 4094 3815 4145 καὶ

2220 4171 2488 4225 κατέλαϐε
2539 4172 2639 4242 τῆς
2700 4176 3027 4247 οἰκουμένης
3075 4177 3143 4232 τὰ
3185 4180 3452 4252 τέρματα.
3486 4177 3647 4239 Οὗτοι
3701 4186 3813 4241 τῶν

2220 4261 2382 4317 θείων
2412 4265 2538 4329 τοὺς
2572 4267 2809 4337 ἐραστὰς
2841 4268 2922 4331 είς
2951 4270 3079 4334 τοὺς
3127 4270 3237 4326 τῶν
3271 4274 3567 4346 μαρτύρων
3606 4283 3812 4351 σηκοὺς

2221 4355 2635 4425 συναγείροντες
2656 4358 2723 4423 ⁵²,
2739 4359 3002 4430 πάννυχοι
3027 4361 3296 4418 διετέλουν
3329 4367 3427 4420 σὺν
3461 4370 3691 4435 ἐκείνοις
3714 4374 3811 4428 τὸν

2218 4447 2350 4501 Θεὸν
2376 4447 2759 4519 ἁνυμνοῦντες.
2812 4451 2999 4507 Ταῦτα
3053 4454 3110 4506 δὲ
3142 4457 3283 4526 ὁρῶν
3325 4460 3354 4512 ό
3397 4461 3672 4528 Λεόντιος,
3698 4482 3810 4519 κω-

2218 4537 2502 4630 λύεινήμέν
2535 4542 2635 4595 οὐκ
2664 4542 2914 4613 ἐνόμιζεν
2956 4546 3216 4615 ἁσφαλέςο
3252 4551 3399 4623 ἐώρα
3438 4554 3549 4626 γὰρ
3578 4557 3639 4610 τὸ
3670 4559 3809 4630 πλῆ..

531 4636 870 4694 iunctionem
903 4641 958 4692 in
992 4638 1247 4694 ecclesiis
1276 4639 1431 4694 obire
1464 4640 1687 4694 vellent.
1720 4638 1822 4695 Cui
1857 4641 1975 4707 illi,
2009 4644 2113 4698 etsi

2222 4632 2314 4698 θος
2344 4628 2403 4687 εὖ
2433 4633 2579 4704 μάλα
2600 4634 2728 4707 περὶ⁵
2755 4638 2878 4701 τοὺς
2899 4638 3155 4711 ἀρίστους
3186 4642 3430 4708 ἐκείνους
3467 4626 3809 4720 διακείμενον

532 4730 796 4785 malitiam
828 4730 952 4802 ejus
989 4737 1339 4801 perspectam
1372 4730 1662 4797 haberent,
1683 4747 1890 4787 morem
1930 4743 2113 4790 tamen

534 4836 766 4897 gerunt,
815 4837 870 4883 et
918 4827 1101 4897 operis
1160 4829 1344 4884 socios
1380 4827 1436 4883 in
1477 4828 1745 4886 ecclesias
1787 4829 1957 4901 89o
2000 4831 2112 4885 ala-

530 4921 610 4975 cri
641 4920 828 4974 animo
858 4929 1203 4987 convocant,
1245 4921 1313 4974 ad
1348 4920 1477 4975 boni
1515 4917 1733 4975 Domini
1767 4921 1984 4977 laudem
2020 4938 2114 4976 co-

531 5011 838 5069 hortantes.
893 5012 1165 5067 Cazterum
1218 5008 1511 5067 Leontium
1542 5021 1602 5066 ut
1632 5011 1899 5067 malitiam
1933 5014 2114 5067 corri-

530 5113 683 5178 geret
732 5104 871 5160 nihil
923 5104 1175 5160 inﬂexit:
1232 5103 1329 5160 sed
1381 5103 1780 5159 moderationis
1829 5114 2114 5174 assumpta

534 5211 766 5266 persona
788 5239 803 5266 ,
831 5204 885 5254 et
912 5195 1178 5267 Stephani
1205 5203 1260 5251 et
1283 5194 1481 5251 Placiti
1523 5196 1740 5252 scelera
1774 5194 2111 5251 obscuravit.

2221 4726 2442 4794 ἄνδρας·
2486 4727 2759 4800 ἐπιεικείᾳ
2805 4729 2864 4783 δὲ
2896 4733 3023 4795 τοὺς
3067 4733 3260 4803 λόγους
3301 4738 3568 4806 χρωννὺς,
3603 4743 3661 4792 ἐν
3689 4744 3819 4807 ταῖς

2220 4820 2540 4891 ἐκκλησίαις
2576 4820 2781 4895 ταύτην
2805 4823 3052 4893 γίνεσθαι
3083 4828 3215 4900 παρ’
3244 4828 3423 4884 αὐτῶν
3448 4831 3545 4902 τὴν
3569 4833 3809 4908 λειτουρ-

2220 4913 2349 4983 γίαν
2390 4912 2564 4984 ἠξίου.
2607 4916 2670 4968 Oi
2718 4915 2795 4981 δὲ,
2840 4917 2939 4969 καὶ
2982 4916 3105 4971 λίαν
3155 4920 3401 4991 ἀκριϐῶς
3449 4923 3550 4995 τήν
3600 4926 3807 4989 ἐκείνου

2221 5004 2491 5076 πονηρίαν
2532 5004 2758 5071 εἰδότες,
2816 5006 2876 5059 τὸ
2913 5007 3271 5080 κελευόμενον
3322 5012 3515 5082 ἔδρων,
3554 5015 3652 5069 καὶ
3684 5017 3811 5080 rei»;

2221 5100 2458 5171 ἐραστὰς
2479 5099 2526 5131 ⁸³
2558 5102 2636 5164 είς
2666 5100 2765 5171 τὴν
2795 5102 3094 5175 ἐκκλησίαν
3122 5104 3470 5177 συνήθροιζον
3503 5109 3650 5179 μάλα
3679 5127 3811 5182 προ-

2223 5188 2432 5260 θύμως,
2463 5189 2656 5261 ὑμνεῖν
2686 5191 2780 5245 τὸν
2812 5193 3016 5261 ἀγαθὸν
3045 5194 3094 5225 ⁵⁸
3133 5195 3413 5268 Δεσπότην
3450 5202 3809 5271 παρεγγυῶν-

1842 5378 2081 5436 VARUE
2115 5378 2520 5437 LECTIONES.

624 5481 667 5512 ⁸⁷
699 5477 871 5532 πολλὰ
913 5479 1008 5533 καὶ
1045 5476 1213 5532 δεινά.
1249 5474 1418 5530 Basil.
1457 5474 1551 5532 Gr.
1596 5482 1649 5529 et
1690 5472 1881 5543 Steph.

1975 5473 2220 5558 “‘lta'et
2251 5473 2432 5558 Allatii
2484 5472 2715 5556 Pinique
2763 5474 3093 5558 eodemeum
3124 5477 3452 5558 Epiphanio,
3486 5492 3635 5558 recte
3671 5503 3805 5558 pro.

534 5548 699 5604 bante
733 5546 970 5603 Valesio.
1007 5548 1113 5602 Sed
1142 5546 1310 5601 Basil.
1343 5544 1439 5616 Gr.
1476 5555 1531 5601 et
1567 5545 1784 5616 Steph.,
1810 5548 1911 5616 τῆς
1934 5544 2251 5613 ἐκκλησίας.
2293 5545 2339 5577 ⁸⁸
2367 5543 2779 5616 προμαχοῦντες
2807 5543 2997 5616 Steph.
3039 5548 3095 5602 2.
3172 5543 3478 5607 "besem.
3505 5543 3684 5611 ΒθεΗῘ
3704 5557 3801 5613 Gr.

530 5620 577 5697 ξξ
602 5620 788 5697 βγειν.
818 5618 1097 5697 Steph._2.
1133 5694 1141 5697 _
1173 5616 1220 5697 ξ’
1255 5617 1368 5697 Hoc
1400 5615 1563 5697 habet
1595 5614 2138 5697 Citristqphorsonus
2165 5630 2262 5683 pro
2292 5615 2529 5697 simplici
2577 5614 2891 5697 ἀγείροντες
2914 5614 3080 5697 codd.
3114 5618 3278 5697 Basil.
3321 5623 3419 5678 Gr.
3447 5633 3500 5679 et
3525 5624 3799 5697 Stephan.

500 5692 579 5727 -³⁸
598 5682 855 5761 ἐραστὰς,
881 5682 1030 5765 quod
1063 5694 1150 5765 est
1176 5686 1377 5765 incotl.
1408 5684 1673 5765 Stephan.
1700 5684 1771 5765 2_._
1802 5682 2211 5765 Si_r_t_nondus;e
2253 5682 2445 5765 codice
2500 5682 2586 5738 .lo.
2628 5682 2755 5765 'Pi'ni
2804 5686 2981 5765 duxit,
3022 5697 3080 5742 ut
3117 5692 3337 5758 quidem
3391 5696 3469 5749 ait
3525 5682 3799 5765 Valtr-sius,

531 5752 846 5837 quanquam
881 5752 970 5811 hic
998 5757 1252 5837 prae-ferat
1291 5752 1601 5811 secundum
1631 5755 1813 5837 godnl._
1839 5755 2037 5837 Allatii
2054 5752 2336 5837 et__S_avilii
2370 5775 2383 5809 :
2416 5756 2883 5837 συνεραστὰςηιι..
2915 5752 2975 5812 d.
3006 5752 3369 5837 contuetur“,
3398 5766 3456 5837 ί).
3487 5780 3537 5820 e.
3569 5752 3799 5837 quiﬁun‘a

531 5824 809 5908 gum-illis
843 5824 1368 5908 reriuji_divitiarum
1401 5840 1588 5908 amore
1616 5825 1966 5908 ﬂagrabant.
1997 5824 2181 5908 l}asil.'
2376 5836 2454 5908 et"
2487 5824 2701 5908 Steph;
2733 5824 2999 5908 i._liabent
3034 5829 3299 5903 ἐργάτας,
3335 5824 3615 5908 iidemque
3672 5824 3797 5896 cum

534 5894 724 5965 Steph.
756 5897 791 5950 ἓ
822 5905 874 5951 et
906 5894 1172 5965 Epiphan.
1207 5909 1220 5947 :
1267 5894 1347 5956 είς
1374 5892 1472 5957 τὰς
1514 5894 1829 5966 ἐκκλησίας.

1923 5895 1972 5929 ⁸⁸
2005 5894 2181 5964 ἅγιον.
2209 5893 2377 5951 Basil.
2414 5893 2511 5951 Gr.
2542 5905 2595 5950 et
2645 5895 2836 5967 Steph.
