4098 6412
425 468 560 534 1061

1376 464 1973 526 ECCLESIASTICE
2010 463 2401 525 H-ISTORIE
2458 465 2606 524 LIB.
2645 465 2726 525 II.

3582 464 3716 528 1062

422 601 539 646 τες.
575 580 678 634 Τὸν
735 578 921 650 μέντοι
958 578 1212 632 Λεόντιον
1243 578 1395 631 οὐδὲν
1426 579 1613 632 ἔπεισε
1648 577 1875 631 κολάσαι
1923 577 2021 647 τὴν

2132 577 2262 632 Nam
2292 578 2612 648 quicunque
2653 576 2969 648 pestiferam
3007 576 3319 631 doctrinam
3354 576 3713 641 imbiberant,

424 670 717 743 πονηρία),
749 669 886 723 ἀλλά
924 670 986 722 τὸ
1009 670 1105 739 τῆς
1134 669 1436 733 ἐπιεικείας
1466 668 1822 738 περιθέμενος
1857 683 2024 737 προσ-

423 766 649 828 ωπεῖον,
681 763 777 815 καὶ
808 762 1086 831 Στεφάνου
1119 760 1215 814 καὶ
1240 761 1512 813 Φλακίτου
1548 762 1593 792 ⁵⁵
1614 758 1712 830 τὴν
1740 757 2024 829 βδελυρίαν

423 853 734 924 ἀπέκρυψε.
769 853 908 916 Τοὺς
939 853 1049 923 γὰρ
1076 851 1189 904 τῶν
1209 851 1498 922 δογμάτων
1521 851 1620 922 τὴν
1655 848 1953 919 διαφθορὰν
1977 849 2023 881 ⁸⁸

424 946 858 1016 εἰσδεξαμένους,
893 946 943 996 εἰ
968 944 1064 998 καὶ
1089 942 1180 997 τὸν
1210 942 1509 997 ἀκόλαστον
1537 941 1857 1012 ἠσπάσαντο
1887 942 2022 1012 βίον,

420 1042 537 1102 τοῖς
604 1036 713 1090 τῶν
767 1036 1161 1108 πρεσϐυτέρων
1229 1034 1327 1088 καὶ
1381 1033 1645 1087 διακόνων
1694 1034 2022 1103 ὲγκατέλεγε

425 1130 697 1199 τάγμασι·
730 1129 859 1192 τοὺς
892 1128 950 1181 δὲ
971 1131 1083 1191 τοῖς
1107 1126 1471 1189 παντοδαποῖς
1501 1127 1665 1179 εἴδεσι
1688 1128 1788 1196 τῆς
1823 1126 2024 1197 ἀρετῆς

423 1220 856 1291 κοσμουμένους,
889 1218 1113 1273 καὶτῶν
1158 1218 1531 1273 ἀποστολικῶν
1574 1218 1860 1289 δογμάτων
1894 1220 2023 1273 ἀντ-

421 1312 720 1383 εχομένους
749 1351 764 1376 ,
807 1312 1146 1381 ἀγεράστους
1197 1312 1479 1366 κατέλιπε.
1513 1311 1719 1365 Τούτου
1752 1311 1816 1383 δὴ
1842 1311 2022 1384 χάριν,

421 1406 452 1457 ό
487 1404 587 1474 μὲν
618 1403 819 1475 κλῆρος
841 1402 1060 1467 πλείους
1090 1398 1203 1474 εἶχε
1232 1405 1356 1468 τοὺς
1397 1405 1497 1474 τῆς
1528 1404 1816 1475 αἱρετικῆς
1846 1402 2026 1474 λύμης

427 1495 841 1567 μετειληχότας,
872 1494 967 1549 τοῦ
1007 1496 1065 1550 δὲ
1091 1495 1220 1550 λαοῦ
1248 1497 1312 1550 τὸ
1338 1496 1588 1551 πλεῖστον
1620 1494 1729 1549 τῶν
1758 1496 1804 1528 ⁵⁷
1848 1495 2025 1569 ὀρθῶν

425 1588 775 1659 ὑπερεμάχει
798 1587 1107 1658 δογμάτων.
1160 1585 1311 1660 [108]
1340 1587 1476 1641 Οὐδὲ
1508 1587 1618 1657 γάρ
1650 1587 1699 1639 οί
1730 1586 1831 1650 τάς
1878 1584 2025 1638 διδα-

427 1679 661 1744 σκαλίας
692 1680 1100 1751 προσφέροντες
1136 1680 1379 1751 γυμνοῦν
1419 1680 1688 1752 ἐθάρρουν
1718 1679 1817 1749 τὴν
1864 1678 2027 1749 βλασ-

427 1772 663 1843 φημίαν.
697 1773 843 1826 Ὅσα
901 1774 1000 1844 μὲν
1044 1770 1137 1827 οὖν
1159 1773 1424 1837 Φλάκιτος
1443 1772 1490 1804 ⁸⁸
1517 1771 1612 1826 καὶ
1632 1770 1903 1839 Στέφανος
1932 1771 2027 1823 καὶ

427 1866 678 1930 Λεόντιος
705 1865 944 1936 δυσσεϐῆ
967 1866 1064 1920 καὶ
1093 1865 1388 1937 παράνομα
1415 1867 1473 1918 ὲν
1511 1862 1811 1934 Ἀντιοχείᾳ
1837 1862 2023 1932 δεδρά-

429 1976 583 2022 κασι,
607 1958 937 2030 συγγραφῆς
976 1958 1076 2030 μὲν
1122 1958 1332 2022 οἰκείας
1375 1957 1552 2011 δεῖται
1592 1956 1680 2011 διὰ
1712 1956 1774 2009 τὸ
1799 1954 2023 2026 πλῆθος,

425 2050 529 2119 τῆς
551 2047 611 2101 δὲ
640 2046 736 2100 τοῦ
759 2047 927 2101 Δαϐὶδ
949 2047 1252 2119 θρηνῳδίας
1278 2046 1367 2101 διά
1394 2046 1456 2100 τὸ
1487 2045 1735 2118 μέγεθος.
1768 2044 1877 2098 Καὶ
1900 2045 2028 2115 περὶ

428 2137 635 2191 τούτων
686 2138 797 2210 γὰρ
847 2138 1025 2208 λέγειν
1070 2141 1196 2212 χρή·
1258 2158 1277 2193 ‹
1308 2138 1432 2192 Ὅτι
1461 2138 1571 2191 ἰδοὺ
1617 2139 1666 2191 οἱ
1711 2135 1900 2209 ἐχθροί
1932 2153 2025 2190 σου

428 2230 664 2300 ἤχησαν,
697 2230 803 2283 καὶ
817 2230 868 2283 οί
899 2228 1188 2301 μισοῦντές
1216 2248 1276 2285 σε
1306 2225 1450 2303 ἦραν
1480 2229 1748 2301 κεφαλήν.
1791 2228 1914 2282 Ἐπὶ
1934 2229 2026 2283 τὸν

426 2322 560 2377 λαόν
613 2339 707 2377 σου
756 2324 1381 2397 κατεπανουργεύσαντο
1426 2322 1673 2395 γνώμην,
1730 2322 1826 2376 καὶ
1870 2319 2026 2374 ἐϐου-

427 2418 692 2473 λεύσαντο
723 2419 870 2473 κατά
894 2420 1004 2475 τῶν
1036 2422 1207 2489 ἁγίων
1255 2440 1369 2475 σου.
1397 2410 1574 2477 Εἶπαν
1605 2422 1672 2454 ⁸³⁸
1704 2420 1893 2485 Δεῦτε,
1930 2420 2026 2473 καὶ

2131 672 2349 726 tametsi
2378 673 2502 726 vitae
2528 678 2715 727 essent
2745 670 3104 740 turpissimae,
3137 671 3242 725 hos
3276 671 3330 725 in
3362 672 3710 742 presbytero

2129 778 2248 816 rum
2290 761 2766 830 diaconorumque
2803 760 3050 815 ordinem
3094 760 3409 830 allegabat:
3451 775 3548 815 eos
3582 776 3717 815 Vero

2128 854 2220 924 qui
2259 853 2587 923 apostolicis
2624 852 2976 921 dogmatibus
3026 852 3426 919 adhtercbant,
3462 854 3716 922 quamvis

2125 945 2274 999 omni
2307 959 2514 1016 genere
2546 944 2771 998 virtutis
2803 944 3121 1011 elucerent,
3152 943 3516 998 inhonoratos
3550 944 3717 997 relin-

2124 1038 2349 1106 quebat.
2378 1035 2501 1104 Quo
2532 1035 2735 1090 factum
2768 1046 2889 1100 est,
2922 1047 2981 1090 ut
3011 1037 3065 1089 in
3094 1036 3243 1090 clero
3273 1036 3587 1105 complures
3617 1036 3717 1089 hze-

2125 1131 2296 1185 rctica
2336 1131 2461 1185 labe
2494 1128 2747 1199 corrupti
2782 1139 3165 1192 cernerentur,
3199 1129 3385 1197 populi
3420 1144 3549 1182 vero
3587 1144 3719 1196 pars

2126 1223 2368 1276 maxima
2389 1230 2599 1276 rectam
2621 1220 2930 1274 doctrinam
2952 1228 3221 1274 tueretur.
3247 1217 3433 1288 Neque
3456 1219 3599 1273 enim
3625 1234 3720 1271 auo

2126 1313 2331 1369 debant
2364 1314 2758 1383 praedicatores
2791 1311 3064 1366 doctrina:
3099 1311 3500 1380 blasphemiam
3529 1319 3727 1381 aperte

2127 1405 2377 1460 omnium
2422 1404 2656 1463 auribus
2694 1418 2990 1472 exponere.
3025 1400 3224 1457 Verum
3258 1419 3379 1472 quae
3406 1417 3436 1455 a
3470 1400 3714 1466 Placito,

2127 1507 2182 1553 et
2213 1496 2531 1567 Stephano,
2564 1505 2615 1552 et
2648 1494 2882 1550 Leontio
2916 1495 3083 1564 impie
3113 1503 3170 1550 et
3205 1496 3397 1565 inique
3431 1493 3577 1564 apud
3610 1500 3720 1547 An.

2126 1590 2388 1645 tiochiam
2418 1599 2571 1661 gesta
2605 1596 2773 1653 sunt,
2822 1590 3103 1659 peculiare
3133 1605 3273 1659 opus
3321 1590 3549 1657 exigunt
3596 1602 3720 1657 pro-

2126 1691 2250 1754 pter
2299 1682 2746 1747 multitudinem,
2800 1694 2855 1737 et
2908 1680 3168 1737 Davidico
3219 1681 3443 1751 planctu
3486 1680 3722 1750 lugenda

2130 1786 2263 1833 sunt
2314 1784 2543 1847 propter
2592 1774 3047 1846 magnitudinem.
3101 1771 3237 1828 Nam
3270 1773 3458 1828 dehis
3501 1787 3724 1843 quoque

2130 1869 2239 1924 dici
2272 1868 2574 1923 convenit:
2603 1886 2622 1919 ι
2652 1866 2923 1933 Quoniam
2958 1882 3087 1922 ecce
3129 1865 3343 1919 inimici
3390 1867 3468 1919 tui
3521 1879 3722 1920 sonue-

2132 1967 2298 2023 runt,
2342 1968 2398 2017 et
2443 1959 2535 2031 qui
2580 1959 2820 2015 oderunt
2856 1969 2908 2014 te
2943 1960 3261 2013 extulerunt
3305 1966 3493 2028 caput.
3545 1956 3721 2026 Super

2132 2054 2394 2126 pupulum
2440 2062 2595 2109 tuum
2630 2054 3079 2124 malignaverunt
3117 2052 3449 2114 consilium,
3486 2061 3540 2105 et
3573 2050 3725 2119 cogi-

2132 2154 2390 2202 taverunt
2421 2146 2689 2202 adversus
2721 2154 2947 2202 sanctos
2978 2154 3129 2201 tuos.
3181 2145 3491 2209 Dixerunt:
3530 2141 3725 2197 Venite

2132 2245 2185 2294 et
2208 2238 2596 2310 diSperdamns
2624 2254 2722 2294 eos
2765 2239 2835 2295 de
2887 2250 3086 2309 gente,
3132 2247 3186 2294 et
3229 2255 3338 2292 non
3390 2245 3725 2293 memoratur

2133 2345 2334 2385 nomen
2374 2331 2595 2387 lsraelis
2638 2331 2780 2385 ultra
2818 2331 2868 2384 ιι.
2903 2350 2923 2383 ι
2951 2329 3065 2386 Nos
3106 2346 3238 2387 vero
3285 2330 3599 2385 institutam
3635 2327 3724 2381 bi-

2132 2420 2362 2475 storiam
2395 2434 2823 2491 prosequamur.

431 2511 910 2584 ἑξολοθρεύσωμεν
946 2514 1148 2579 αὐτοὺς
1189 2516 1250 2583 ἐξ
1286 2515 1501 2582 ἔθνους
1549 2516 1645 2571 καὶ
1680 2517 1742 2571 οὐ
1785 2516 1861 2589 μὴ
1895 2514 2110 2588 μνησθῇ
2148 2516 2209 2569 τὸ
2261 2516 2434 2586 ὄνομα
2485 2517 2704 2588 Ἰσραὴλ
2758 2516 2860 2571 ἔτι.
2896 2536 2916 2570 ι
2954 2516 3145 2589 Ἡμεῖς
3197 2516 3255 2571 δὲ
3300 2515 3371 2570 τὰ
3416 2512 3583 2569 λοιπὰ
3625 2508 3727 2580 τῆς

429 2609 679 2680 ἱστορίας
703 2609 1135 2682 συγγράψωμεν.

1043 2707 1298 2762 ΚΕΦΑΛ.
1339 2710 1426 2764 κ’.

428 2796 570 2865 Περὶ
592 2795 707 2871 τῆς
732 2796 1031 2871 Εὐδοξίου
1054 2799 1161 2871 τοῦ
1183 2798 1598 2870 Γερμανικέως
1621 2802 2023 2871 καινοτομίας,

506 2867 607 2939 καί
646 2869 974 2922 Βασίλειον
1026 2868 1134 2924 τοῦ
1192 2867 1502 2939 Ἀγκύρας,
1553 2873 1653 2926 καὶ
1685 2867 2028 2928 Εὐστὶιθίου

500 2935 609 3061 τιέξ
673 2940 1075 3061 ιιξεξϐαοτείας,
1130 2935 1284 2996 κατὰ
1340 2935 1559 2996 fodiat)
1627 2942 2030 3013 γεγενημένης

503 3024 549 3061 σ
598 3025 670 3061 ου
711 3027 807 3061 nc.

503 3024 807 3077 σπουοης.

502 3096 875 3167 Γερμανίκεια
905 3097 1061 3162 πόλις
1090 3098 1241 3153 ἐστὶν
1271 3101 1330 3154 ὲν
1374 3099 1612 3174 μεθορίῳ
1639 3103 1738 3174 τῆς
1766 3102 2026 3167 Κιλίκιον,

429 3190 527 3243 καὶ
563 3188 771 3263 Σύρων,
818 3190 914 3244 καὶ
961 3190 1352 3248 Καππαδοκῶν
1405 3194 1657 3267 κειμένη,
1709 3196 1791 3259 είς
1838 3196 1896 3249 δὲ
1928 3195 2029 3267 τὴν

431 3281 822 3352 Εὑφρατησίαν
847 3281 1186 3355 καλουμένην
1207 3283 1481 3356 ἐπαρχίαν
1510 3286 1673 3340 τελεῖ.
1708 3287 1819 3357 Τῆς
1847 3286 1903 3341 δὲ
1928 3286 2029 3358 τῆς

444 3372 777 3445 Ἐκκλησίας
834 3374 1222 3446 προστατεύων
1274 3376 1548 3444 Εὑδόξιος,
1602 3374 1724 3433 εἶτα
1777 3379 2028 3434 Λεόντιον

430 3466 757 3535 τεθνηκέναι
813 3465 1023 3537 μαθὼν,
1073 3466 1341 3522 κατέλαϐε
1394 3468 1497 3539 μὲν
1528 3471 1628 3542 τὴν
1674 3471 2029 3542 Ἀντιόχειαν,

432 3560 653 3630 ἥρπασε
677 3557 734 3610 δὲ
765 3556 863 3631 τὴν
913 3557 1225 3630 προεδρίαν,
1261 3559 1388 3623 συὸς
1418 3560 1614 3631 ἀγρίου
1647 3561 1803 3631 δίκην
1836 3562 2034 3633 λυμαι-

433 3651 662 3721 νόμενος
705 3649 796 3703 τὸν
828 3649 1131 3720 ἀμπελῶνα
1153 3649 1243 3705 τὸν
1271 3649 1433 3705 θεῖον.
1474 3652 1611 3706 Οὐδὲ
1644 3654 1755 3724 γὰρ
1793 3652 2032 3722 Λεοντίῳ

436 3743 838 3815 παραπλησίως
886 3743 980 3815 τὴν
1031 3742 1361 3814 κακοήθειαν
1418 3745 1853 3800 συνεκάλυπτεν·
1917 3745 2033 3800 ἀλλ’

435 3836 699 3904 ἄντικρυς
743 3834 887 3888 κατά
916 3834 1025 3889 τῶν
1067 3835 1439 3890 ἀποστολικῶν
1474 3836 1671 3892 ὲλύττα
1720 3838 2032 3908 δογμάτων,

436 3929 536 3983 καὶ
588 3928 710 3991 τοὺς
742 3927 1062 3998 ἀντιλέγειν
1110 3928 1426 4000 τολμῶντας
1478 3931 1848 3993 παντοδαπαῖς
1883 3948 2037 4002 περι-

437 4018 635 4072 έϐαλλε
660 4021 988 4090 συμφοραῖς.
1016 4020 1176 4074 Κατά
1195 4019 1383 4075 τοῦτον
1402 4021 1458 4076 δὲ
1478 4022 1570 4076 τὸν
1594 4023 1808 4095 χρόνον,
1847 4023 2039 4093 Ἀγκύ-

442 4127 546 4184 ρας
578 4112 678 4183 μὲν
723 4112 825 4182 τῆς
865 4111 1124 4166 Γαλατῶν
1174 4114 1564 4186 μητροπόλεως
1594 4115 1874 4181 Βασίλειος
1900 4133 2035 4171 κατ-

437 4208 558 4271 εῖχε
592 4202 662 4255 τὰ
690 4203 790 4272 τῆς
838 4201 1165 4273 Ἐκκλησίας
1208 4203 1466 4274 πηδάλια,
1509 4205 1829 4276 Μάρκελλον
1870 4206 2039 4261 διαδε-

439 4294 706 4364 ξάμενος⁸
766 4294 1066 4358 Εὑστάθιος
1121 4296 1178 4349 δὲ
1212 4297 1538 4361 Σεϐαστείας
1590 4302 1797 4370 ἡγεῖτο,
1857 4301 1892 4374 ἢ
1940 4303 2039 4375 τῆς

452 4387 745 4458 ’Λρμενίας
783 4390 1116 4461 ἐπρώτευεν.
1168 4386 1336 4448 υῦτοι
1382 4394 1480 4466 τὴν
1507 4395 1756 4461 Εὑδοξίου
1798 4414 2035 4468 παρανο-

441 4480 577 4551 μίαν
609 4481 703 4535 καὶ
725 4480 921 4535 λύτταν
943 4485 1349 4557 μεμαθηκότες,
1387 4488 1753 4560 Κωνσταντίῳ
1780 4489 1857 4559 τῷ
1888 4488 2042 4560 βασι-

438 4572 530 4625 λεῖ
557 4571 627 4626 τὰ
652 4572 994 4643 τολμηθέντα
1014 4574 1101 4628 διὰ
1127 4578 1473 4649 ⁸γραμμάτων
1505 4578 1799 4650 ἐδήλωσαν.
1836 4580 1957 4634 Ἔτι
1982 4560 2043 4634 δὲ’

2310 2699 2474 2770 391
2519 2702 2537 2723 ί
2570 2697 2725 2754 CAP.
2762 2697 2885 2756 xx.
2928 2698 3011 2771 [Β.
3057 2700 3140 2758 ει.
3182 2699 3282 2757 cn.
3318 2697 3387 2756 ν.
3423 2699 3546 2775 25.]

2133 2790 2214 2846 De
2252 2790 2494 2845 Eudoxii
2529 2790 2976 2845 Germaniciensis
3025 2792 3278 2856 novitate,
3330 2801 3380 2846 et
3429 2793 3494 2847 de
3530 2791 3729 2848 Basilii

2202 2861 2435 2944 Ancyrre
2482 2871 2640 2933 atque
2694 2862 2971 2917 Eustathit'
3014 2859 3273 2917 Sebastia:
3329 2875 3517 2917 contra
3572 2866 3726 2919 iitum

2202 2943 2554 2988 contentione.

2201 3093 2556 3150 Germanicia
2591 3091 2792 3149 civitas
2842 3099 2929 3147 est
2973 3092 3028 3146 in
3076 3089 3310 3146 Cilicum
3354 3096 3409 3145 et
3458 3088 3724 3159 Syrorum

2131 3184 2633 3256 Cappadocumque
2707 3182 2968 3239 conﬁniis
3041 3182 3265 3253 posita,
3352 3181 3729 3251 Euphratesite

2130 3292 2296 3349 quam
2331 3284 2529 3331 vocant
2566 3275 2866 3347 provincia:
2916 3275 3206 3329 attributa.
3255 3270 3433 3341 Hujus
3468 3271 3731 3327 Ecclesiae

2136 3370 2375 3424 antistes
2435 3368 2741 3433 Eudoxius,
2774 3367 3001 3438 cognita
3036 3374 3214 3421 morte
3263 3363 3503 3430 Leontii,
3542 3365 3733 3417 Antio-

2138 3464 2320 3518 chiam
2356 3478 2416 3518 se
2464 3462 2727 3528 contulit,
2768 3460 3262 3531 episcopatumquc
3300 3459 3519 3515 invasit.
3555 3458 3734 3511 instar

2136 3556 2256 3625 apri
2283 3553 2555 3611 silvestris
2583 3556 2798 3608 vineam
2832 3551 3174 3606 Dominicam
3203 3550 3521 3606 devastatus.
3548 3548 3735 3616 Neque

2135 3649 2282 3703 enim
2333 3644 2603 3700 malitiam
2658 3659 2815 3700 suam
2868 3643 3013 3699 sicut
3094 3641 3361 3697 Leontius
3400 3641 3731 3695 occultabat.

2137 3737 2233 3795 sed
2282 3746 2473 3808 aperte
2531 3735 2807 3792 adversus
2866 3733 3174 3802 apostolica
3224 3732 3478 3803 dogmata
3522 3732 3729 3784 rabiem

2136 3846 2294 3886 suam
2325 3843 2616 3889 exercens,
2642 3841 2741 3883 eos
2762 3824 2856 3896 qui
2888 3822 3275 3878 contradicere
3319 3822 3585 3876 auderent
3609 3835 3731 3874 om-

2136 3922 2305 3977 nibus
2339 3917 2707 3976 incommodis
2737 3915 3085 3972 conﬁcicbat.
3118 3914 3197 3970 Eo
3232 3923 3480 3983 tempore
3504 3913 3735 3981 Ancyra:

2143 4012 2471 4083 metrOpolis
2534 4008 2768 4065 Galatia.
2824 4007 3128 4062 Ecclesiam
3186 4006 3407 4078 regebat
3479 4002 3731 4067 Basilius,

2139 4107 2388 4163 Marcelli
2436 4120 2752 4167 successor,
2784 4102 3111 4159 Eustathius
3161 4108 3345 4156 autem
3375 4108 3611 4171 praeerat
3638 4097 3736 4153 Sc-

2138 4201 2355 4263 bastiaz.
2386 4213 2509 4269 quae
2531 4196 2806 4252 Armenia:
2857 4194 2992 4251 urbs
3026 4202 3113 4250 est
3164 4193 3450 4264 primaria.
3483 4190 3547 4245 Hi
3599 4207 3736 4262 per-

2141 4300 2329 4365 specta
2355 4289 2588 4346 Eudoxii
2622 4288 2918 4359 iniquitate
2942 4302 3005 4343 ac
3039 4287 3215 4346 rabie.
3245 4288 3315 4342 de
3341 4287 3490 4341 illius
3504 4285 3736 4341 audacia

2142 4386 2436 4443 certiorem
2473 4398 2571 4454 per
2608 4381 2824 4436 litteras
2846 4377 3098 4433 fecerunt
3131 4376 3522 4433 Constantium
3555 4376 3736 4444 impia-

2141 4488 2405 4541 ratorem,
2439 4475 2533 4546 qui
2561 4482 2676 4529 tum
2715 4471 2898 4527 adhuc
2934 4471 2989 4525 in
3030 4468 3330 4525 Occidente
3386 4467 3735 4528 morabatur,

2141 4583 2198 4629 et
2230 4569 2465 4627 sublatis
2488 4584 2518 4622 e
2550 4563 2735 4621 medio
2768 4562 3047 4635 tyrannis,
3074 4559 3297 4615 inﬂictis
3333 4574 3431 4629 per
3464 4558 3588 4613 illos
3617 4557 3739 4611 vul-

438 4659 603 4729 οὗτος
638 4665 697 4719 ὲν
725 4664 805 4735 τῷ
852 4666 989 4737 πρὸς
1028 4648 1297 4737 δυόμενον
1311 4669 1465 4741 ἥλιον
1507 4648 1743 4742 διέτριϐε
1769 4672 2029 4740 τμήματι.

2148 4662 2377 4718 neribus
2406 4657 2754 4714 medebatur.
2808 4652 3137 4708 Familiares
3171 4650 3335 4705 ambo
3377 4657 3535 4705 erant
3568 4648 3737 4718 impe-

440 4759 546 4830 τὴν
568 4756 721 4828 παρά
744 4756 853 4810 τῶν
875 4757 1153 4829 τυράννων
1181 4762 1555 4833 γεγενημένην
1582 4762 1787 4834 βλάϐην
1810 4764 2039 4833 ίὼμενος

446 4848 589 4920 μετά
616 4849 716 4918 τὴν
748 4847 973 4903 ἐκείνων
1009 4848 1309 4920 ἀναίρεσιν.
1340 4851 1602 4921 Συνήθεις
1631 4852 1688 4906 δὲ
1720 4848 1860 4923 ἦσαν
1892 4847 2038 4905 οὗτοι

441 4939 527 5011 τῷ
572 4938 802 5008 βασιλεῖ,
856 4939 949 4992 καὶ
987 4938 1249 5010 πλείστης
1301 4940 1433 5012 ὅσης
1462 4940 1549 4994 διὰ
1578 4941 1679 5010 τὴν
1726 4940 2037 5008 ἀξιέπαινον

445 5031 635 5104 βιοτὴν
656 5031 938 5104 ἀπήλαυον
970 5032 1308 5105 παρρησίας.

491 5148 513 5162 -
941 5121 1093 5195 [109]
1138 5125 1388 5179 ΚΕΦΑΛ,
1429 5127 1539 5180 xm

447 5212 594 5281 Περὶ
623 5212 735 5283 τῆς
762 5212 835 5267 ἐν
862 5214 1078 5281 Νίκαια
1099 5215 1433 5285 γενομένης
1460 5216 1649 5271 adduc
1669 5218 1712 5249 ⁸ο
1747 5217 2039 5271 συνόδου.

525 5301 712 5357 Ταῦτα
760 5300 948 5374 μαθὼν
997 5304 1025 5355 ὀ
1077 5304 1472 5370 Κωνστάντιος,
1546 5305 1879 5377 Ἀντιοχεῦσι
1943 5306 2042 5377 μὲν

530 5459 554 5498 ιι
593 5457 737 5515 Psal.
763 5471 972 5521 Luxu,
1003 5456 1057 5513 2.

2146 4752 2344 4815 ratori,
2375 4758 2430 4806 et
2453 4759 2677 4820 propter
2720 4744 3056 4801 laudabilem
3113 4742 3277 4798 vitam
3308 4743 3606 4815 plurimum
3637 4756 3732 4794 an-

2146 4846 2406 4901 cloritate
2426 4840 2575 4913 apud
2606 4840 2785 4911 ipsum
2816 4837 3095 4893 valebant.

2454 5101 2611 5160 CAP.
2651 5094 2795 5155 XXI.
2829 5098 2915 5170 [Β.
2960 5100 3044 5154 ει.
3089 5098 3189 5155 cn.
3218 5096 3283 5154 ν.
3320 5097 3439 5169 26.]

2380 5196 2456 5251 De
2487 5193 2711 5251 concilio
2750 5191 2951 5247 Nicwae
2978 5192 3170 5248 iterum
3210 5198 3515 5246 convocato.

2220 5291 2321 5349 His
2346 5287 2582 5361 cognitis
2607 5282 2965 5341 Constantius
2993 5283 3059 5339 ad
3089 5281 3465 5338 Antiochenos
3491 5276 3743 5353 scripsit,

1772 5540 2007 5597 VARM‘I
2052 5539 2458 5599 LECTIONES.

554 5643 601 5675 "
661 5641 956 5697 Πλακίτου.
1008 5635 1325 5709 Christoph.

456 5716 503 5749 ³⁷
534 5712 645 5766 τῶν
676 5714 830 5767 abest
865 5729 895 5767 a
936 5711 1103 5767 Basil.
1136 5710 1230 5765 Gr.

1421 5635 1469 5669 "
1518 5637 1595 5688 ita
1652 5633 1777 5688 cod.
1810 5632 2141 5703 Casauboni
2181 5640 2237 5686 et
2285 5631 2547 5703 Scaliger.
2591 5629 2701 5703 sed
2752 5629 2917 5685 Basil.
2959 5630 3056 5703 Gr.
3104 5638 3161 5703 et
3220 5628 3411 5700 Steph.
3454 5628 3738 5703 διαφοράν.

1330 5707 1378 5740 ⁸⁸
1413 5705 1586 5760 Πλάκ.
1614 5704 1934 5772 Christoph.
2014 5706 2059 5736 "
2091 5701 2266 5760 εἷπον.
2304 5700 2446 5756 Bas.
2473 5702 2598 5765 Gr.,
2636 5701 2896 5770 Stcphan.
2976 5702 3020 5733 ‘°
3044 5700 3208 5755 πάλιν
3227 5700 3735 5771 γεγενημένηςΊιιι-

457 5787 549 5840 bet
572 5783 705 5839 edit.
733 5770 1057 5852 Ch‘ristoph.
1093 5780 1154 5835 ln
1191 5778 1340 5842 Bas.,
1370 5777 1563 5852 Steph.
1591 5783 1646 5829 et
1676 5770 1861 5852 Yalcs.
1896 5773 2026 5829 cdd.
2057 5774 2271 5843 plenior
2299 5781 2382 5852 est
2405 5774 2608 5852 titulus
2643 5791 2658 5828 :
2701 5774 2765 5826 ll.
2797 5790 2848 5827 τ.
2894 5774 2951 5826 ὲν
2995 5772 3124 5825 Νικ.
3173 5771 3269 5827 καὶ
3310 5770 3482 5852 πάλιν
3536 5770 3594 5825 ἐν
3638 5772 3736 5823 Σε-

448 5853 682 5925 λευκείᾳ
724 5856 821 5921 τῆς
853 5843 1128 5924 Ἰσαὶιρίας
1165 5843 1538 5920 γεγενημένης
1583 5846 1825 5911 συνόδου,
1874 5855 2161 5916 propterea
2206 5845 2350 5915 quod
2404 5844 2507 5898 illa:
2546 5852 2717 5916 caput
2763 5858 3004 5915 sequens
3047 5858 3173 5899 cum
3229 5849 3423 5897 nostro
3469 5843 3524 5897 in
3568 5855 3739 5896 unum

460 5923 836 5993 coniungunt.
