4098 6394
449 493 466 551 i
479 492 584 553 (tin

1442 470 1934 537 THEODORETI
1992 466 2334 531 EPISCOPI
2378 462 2746 529 CYRENSIS

3589 456 3727 523 106i

445 599 877 669 haudquaquam
920 608 950 647 a
994 606 1055 648 se
1084 588 1250 662 892
1282 601 1612 643 concessum
1651 584 1903 640 Eudoxio
1927 582 2036 637 Ec-

2156 578 2480 644 ἐπέστειλεν,
2521 578 2597 641 ὡς
2623 578 2724 631 οὐκ
2749 575 2914 641 αὐτὸς
2941 568 3178 644 Εύδοξίῳ
3203 568 3304 643 τὴν
3336 570 3437 642 τῆς
3502 568 3728 636 Ἐκκλη-

445 690 630 746 clesias
663 687 811 742 illius
835 682 1215 755 episcopatum
1259 679 1453 740 fuisse,
1476 676 1581 732 hoc
1605 676 1753 731 enim
1788 675 1882 730 ille
1906 674 2031 729 vul-

444 785 691 853 gaverat,
725 772 1147 841 Eudoxiumque
1201 768 1403 838 expelli
1443 766 1514 822 ab
1559 766 1700 823 urbe
1745 765 1936 834 jussit,
1968 779 2034 819 ac

447 887 548 943 pro
585 870 754 926 rebus
793 864 990 920 Nicaeae
1043 854 1099 917 in
1141 859 1416 932 Bithyniae
1453 858 1647 931 gestis,
1688 857 2036 927 concilioque

448 965 581 1019 illuc
608 965 939 1021 convocato,
971 970 1166 1027 punias
1210 953 1365 1008 dare.
1417 949 1703 1022 Siquidem
1750 948 2038 1005 Eudoxius

445 1055 589 1128 apud
624 1070 718 1111 eos
749 1051 846 1123 qui
880 1065 973 1106 res
994 1049 1052 1104 in
1082 1046 1291 1119 palatio
1329 1042 1799 1101 administrabant
1838 1040 2037 1098 etl'ece-

448 1157 554 1215 rat,
592 1154 654 1201 ut
700 1144 941 1200 Nicaeam
993 1137 1327 1196 celebrando
1381 1135 1620 1193 concilio
1670 1135 2036 1205 assignarent.

448 1239 555 1296 Sed
585 1236 973 1292 universorum
1015 1230 1346 1293 Moderator,
1375 1227 1468 1298 qui
1494 1241 1586 1282 res
1615 1225 1829 1281 futuras
1860 1224 2038 1290 novit,

447 1341 509 1387 ut
562 1331 675 1401 jam
710 1325 1040 1400 praeteritas,
1093 1321 1368 1392 stupende
1402 1318 1643 1391 quodam
1686 1326 1848 1373 terra;
1884 1325 2038 1372 motu

445 1432 779 1480 conventum
809 1416 1115 1488 impedivit.
1148 1414 1442 1468 Maximam
1465 1412 1610 1468 enim
1637 1410 1793 1466 urbis
1827 1419 2036 1480 partem

450 1519 468 1540 ‘
498 1523 660 1569 terras
688 1519 882 1566 motus
918 1509 1011 1563 ille
1038 1506 1280 1576 disiecit,
1311 1512 1365 1559 et
1403 1502 1709 1558 incolarum
1747 1500 2040 1571 quamplu-

448 1610 623 1663 rimos
647 1602 943 1676 oppressit.
978 1600 1101 1666 Quo
1136 1596 1524 1652 animadverso
1547 1594 1641 1665 qui
1661 1606 1729 1647 eo
1760 1590 2043 1647 conﬂuxe-

450 1706 594 1764 rant,
628 1695 781 1767 gravi
814 1704 1027 1748 terrore
1069 1686 1333 1761 perculsi,
1368 1684 1435 1740 ad
1471 1682 1748 1739 Ecclesias
1800 1696 1931 1738 suas
1957 1696 2044 1736 re-

448 1798 724 1846 mearunt.
750 1783 909 1853 Quod
933 1782 1063 1838 mihi
1082 1779 1304 1851 quidem
1330 1777 1517 1832 divina
1542 1774 1813 1847 sapientia
1837 1773 2042 1829 factum

450 1885 688 1938 videtur.
717 1878 853 1933 Nam
878 1892 1002 1933 cum
1033 1876 1089 1930 in
1121 1874 1258 1929 urbe
1286 1871 1378 1927 illa
1409 1869 1533 1926 ﬁdei
1567 1868 1881 1940 apostolica:
1909 1867 2045 1922 doc-

2138 672 2260 736 σίας
2282 671 2500 742 ἐκείνης
2526 667 2794 739 ἐπέτρεψε
2828 664 3119 738 προεδρίαν
3140 683 3156 696 ο
3189 662 3347 716 τοῦτο
3371 661 3481 733 γὰρ
3523 662 3729 724 ἐκεῖνος

2135 764 2438 836 ὲθρύλησεν
2459 778 2474 793 ⁸
2511 760 2764 825 Εὐδόξιον
2794 759 2851 813 δὲ
2884 760 2985 828 τῆς
3015 758 3114 829 μὲν
3144 756 3357 818 πόλεως
3385 752 3728 823 ἐξελαθῆναι,

2135 856 2324 911 δοῦναι
2364 856 2423 909 δὲ
2466 853 2624 917 δίκας
2659 846 2734 906 ὧν
2756 851 2982 924 ἔδρασεν
3016 851 3075 903 ἐν
3107 847 3315 919 Νικαία
3339 847 3442 916 τῆς
3475 846 3732 909 Βιθυνίας

2139 945 2496 1017 προσέταξεν,
2519 947 2637 998 ἐκεῖ
2689 942 3017 1013 συνδραμεῖν
3048 939 3444 1011 παρεγγυήσας
3472 937 3572 1009 τὴν
3598 936 3729 990 σύν-

2137 1039 2277 1094 οδον.
2322 1037 2437 1110 Τὴν
2480 1036 2539 1091 δὲ
2581 1036 2818 1089 Νίκαιαν
2858 1033 3021 1097 αὐτὸς
3063 1029 3314 1096 Εὐδόξιος
3360 1028 3623 1099 ἀφορίσαι
3653 1026 3733 1098 τῷ

2140 1130 2404 1203 συνεδρίῳ
2450 1132 2579 1193 τοὺς
2629 1128 2699 1181 τά
2742 1126 2991 1199 βασίλεια
3025 1120 3496 1194 πεπιστευμένους
3525 1122 3733 1174 οἰκονο-

2143 1226 2268 1296 μεῖν
2288 1223 2527 1277 ἔπεισεν.
2578 1221 2719 1275 Ἀλλ’
2744 1223 2774 1275 ὁ
2797 1219 2905 1273 τῶν
2936 1219 3075 1272 ὅλων
3101 1216 3376 1291 Πρύτανις
3404 1213 3475 1268 τά
3495 1214 3732 1284 ἐσόμενα

2141 1314 2508 1385 ἐπιστάμενος
2536 1313 2613 1378 ὡς
2643 1313 2747 1384 ἤδη
2775 1309 3139 1381 γεγενημένα,
3178 1304 3392 1377 σεισμῷ
3419 1321 3526 1358 τινι
3556 1321 3736 1374 παρα-

2140 1408 2277 1480 δόξῳ
2325 1406 2605 1461 κεκώλυκε
2637 1405 2698 1459 τὸ
2745 1404 3043 1474 συνέδριον.
3096 1401 3179 1454 Τά
3208 1398 3318 1470 γὰρ
3379 1397 3608 1451 πλεῖστα
3637 1395 3737 1465 τῆς

2143 1503 2354 1564 πτόλεως
2379 1501 2407 1553 ὁ
2440 1499 2664 1571 σεισμὸς
2700 1499 2909 1559 ἐκεῖνος
2937 1494 3300 1565 κατήνεγκεν,
3329 1489 3425 1544 καὶ
3445 1491 3553 1542 τῶν
3583 1488 3738 1554 οἰκη-

2142 1598 2317 1671 τόρων
2345 1598 2472 1661 τοὺς
2500 1595 2787 1658 πλείστους
2828 1590 3123 1661 διέφθειρε.
3151 1586 3323 1640 Τοῦτο
3355 1582 3738 1656 μεμαθηκότες

2143 1692 2192 1744 οἱ
2220 1689 2589 1756 συνελθόντες,
2624 1688 2719 1742 καὶ⁵
2748 1685 2945 1757 κομιδῇ
2973 1683 3273 1745 δείσαντες,
3297 1679 3378 1741 είς
3407 1676 3506 1740 τὰς
3530 1674 3739 1738 οἰκείας

2157 1775 2489 1850 Ἐκκλησίξις
2541 1777 2903 1850 ἀνέστρεψαν.
2950 1774 3062 1845 Τῆς
3105 1772 3162 1825 δὲ
3204 1770 3301 1825 τοῦ
3352 1766 3489 1822 Θεοῦ
3544 1765 3739 1834 σοφίας

2147 1872 2391 1947 ἠγοῦμαι
2439 1870 2603 1926 τοῦτο
2651 1869 2977 1941 μηχάνημα.
3035 1862 3256 1934 Ἐπειδὴ
3300 1860 3410 1932 γὰρ
3457 1861 3516 1912 ἐν
3555 1857 3740 1932 ἐκείνῃ

451 1977 599 2030 trina
662 1972 980 2043 conscripta
1020 1967 1219 2024 fuisset
1271 1979 1302 2019 a
1343 1962 1624 2028 Patribus,
1657 1970 1712 2016 et
1764 1959 2045 2016 contraria

2156 1968 2212 2035 τῇ
2242 1964 2397 2017 πόλει
2430 1961 2586 2033 παρὰ
2607 1959 2718 2013 τῶν
2761 1958 2933 2028 άγίων
2966 1955 3225 2026 Πατέρων
3253 1954 3288 2023 ἡ
3318 1950 3422 2020 τῆς
3449 1948 3737 2003 ἀποστολι-

449 2067 719 2139 scripturi
762 2074 954 2120 essent
1004 2061 1099 2132 qui
1152 2059 1270 2114 illic
1306 2058 1505 2114 iterum
1545 2054 2046 2125 congregabantur,

449 2169 616 2231 atque
650 2172 842 2213 ansam
872 2153 1110 2209 fallaciae
1139 2150 1256 2204 Arii
1278 2148 1649 2205 sectatoribus
1676 2145 1872 2201 datura
1901 2152 2052 2201 esset

452 2250 695 2308 nominis
729 2245 1056 2310 similitudo,
1090 2259 1197 2314 qua
1250 2242 1623 2312 simpliciores
1675 2237 2049 2293 circumveni-

454 2352 596 2408 rent,
624 2341 902 2397 Niraenam
928 2339 1070 2393 hanc
1099 2348 1323 2408 quoque
1362 2333 1634 2406 synodum
1682 2331 2047 2402 appellantes,

451 2450 689 2506 eamque
724 2449 826 2504 pro
857 2437 1089 2502 antiqua
1115 2427 1209 2483 illa
1259 2426 1629 2498 proferentes,
1679 2422 1825 2478 Deus
1860 2419 2052 2476 Eccle-

453 2528 668 2583 siarutn
700 2540 892 2582 curam
918 2538 1119 2595 gerens
1147 2526 1483 2576 conventum
1521 2516 1782 2571 inhibuit.

934 2842 1087 2900 CAP.
1118 2836 1286 2897 xxu.
1318 2837 1444 2913 [ειι.
1470 2834 1590 2911 27.]

605 2962 682 3018 Dc
709 2958 934 3017 concilio
960 2949 1102 3028 apud
1128 2953 1429 3011 Seleuciam
1453 2949 1683 3006 Isauria:
1702 2948 1905 3004 habito.

527 3123 661 3177 Post
698 3114 922 3190 aliquod
977 3122 1219 3185 tempus,
1268 3109 1662 3173 Constantius,
1712 3107 2055 3179 suggerenti-

456 3217 564 3270 hus
592 3208 1018 3268 accusatoribus
1051 3202 1308 3267 Eudoxii,
1351 3200 1623 3272 synodum
1658 3196 1927 3253 Seleucia:
1950 3195 2056 3258 ha-

458 3307 577 3363 heri
602 3301 879 3375 praecepit.
910 3297 1056 3354 Urbs
1097 3296 1216 3351 haec
1250 3302 1337 3349 est
1375 3292 1604 3348 Isauriae
1630 3289 1700 3344 ad
1745 3305 1894 3343 mare
1922 3288 2052 3351 sita,

2150 2058 2253 2129 κῆς
2277 2055 2516 2120 πίστεως
2537 2052 2754 2124 ἐγράφη
2779 2047 3117 2113 διδασκαλία,
3163 2045 3380 2100 ἐναντία
3420 2042 3478 2096 δὲ
3505 2040 3741 2111 γράφειν

2148 2152 2207 2203 ἐν
2233 2149 2372 2219 αὐτῇ
2405 2145 2629 2217 ἔμελλον
2653 2145 2703 2197 οἱ
2735 2142 2964 2212 ὕστερον
2996 2136 3400 2211 ἀθροιζόμενοι,
3430 2131 3655 2203 ἀφορμὴ
3681 2129 3738 2183 δὲ

2146 2243 2264 2304 τοῖς
2319 2238 2533 2312 Ἀρείου
2573 2234 2868 2298 θιασώταις
2914 2235 2947 2302 ή
2983 2231 3081 2302 τῆς
3123 2226 3443 2298 ἐπωνυμίας
3475 2224 3742 2294 ταυτότης

2150 2333 2360 2401 ἐγίνετο
2384 2329 2682 2399 ἐξαπάτης,
2712 2329 2806 2384 καὶ¹
2831 2324 3109 2397 βουκολεῖν
3137 2320 3370 2394 ήμελλον
3392 2319 3520 2383 τοὺς
3550 2316 3740 2381 ἁπλοῖς

2150 2425 2308 2497 ἤθεσι
2351 2422 2748 2494 κεχρημένους,
2794 2418 2904 2473 ἀπὸ
2926 2415 3163 2478 Νικαίας
3213 2413 3309 2468 καὶ
3333 2410 3539 2481 ταύτην
3570 2422 3743 2481 προσ-

2151 2516 2530 2589 αγορεύοντες,
2564 2514 2661 2570 καὶ
2689 2514 2767 2578 ὡς
2812 2512 2912 2584 τὴν
2960 2507 3201 2563 παλαιὰν
3242 2505 3460 2577 ἐκείνην
3502 2503 3746 2575 προσφέ-

2156 2627 2364 2683 ροντες,
2419 2608 2662 2662 διέλυσεν
2703 2607 2734 2661 ό
2773 2604 2882 2658 τῶν
2921 2599 3256 2673 Ἐκκλησιῶν
3289 2595 3746 2670 προμηθούμενος

2153 2700 2217 2756 τδ
2243 2700 2547 2773 συνέδριον.

2746 2828 2999 2884 ΚΕΦΑΔ.
3034 2825 3164 2881 ΚΒ’.

2158 2950 2298 3022 nep!
2344 2949 2458 3020 τῆς
2497 2949 2569 3004 ἐν
2614 2944 2940 3022 Σελευκείᾳ
2997 2936 3110 3022 τῆς
3164 2938 3463 3009 ἰσαυρίας
3507 2948 3750 3007 referq-

2684 3016 2876 3086 μένης
2908 3012 3200 3067 συνόδου.

2227 3114 2436 3185 Χρόνου
2483 3109 2540 3164 δὲ
2570 3107 2897 3172 διελθόντος,
2939 3105 3046 3159 ὑπὸ
3074 3103 3185 3158 τῶν
3223 3100 3478 3169 Εύδοξίου
3512 3098 3751 3169 κατηγό·

2161 3224 2270 3279 ρων
2305 3201 2673 3275 ὑπομνησθεὶς
2700 3199 2730 3253 ὁ
2754 3198 3158 3262 Κωνστάντιος,
3194 3197 3276 3259 είς
3302 3192 3626 3247 Σελεύκειαν
3649 3191 3753 3259 τὴν

2158 3297 2375 3352 σύνοδον
2432 3293 2689 3365 γενέσθαι
2745 3289 3084 3364 προσέταξε·
3138 3287 3296 3350 πόλις
3351 3285 3408 3340 δὲ
3461 3284 3601 3354 αὕτη
3650 3282 3752 3354 τῆς

459 3366 635 3453 totius
661 3366 840 3465 gentis
897 3389 1113 3444 urbium
1158 3388 1500 3458 princepset
1533 3391 1715 3452 caput.
1770 3379 1851 3434 Ad
1909 3379 2053 3434 hanc

2167 3388 2439 3462 Ἰσαυρίας
2469 3388 2606 3460 πρὸς
2633 3390 2700 3459 τῇ
2726 3384 2971 3455 θαλάττῃ
3000 3383 3255 3453 κειμένη,
3284 3380 3380 3435 καὶ
3405 3378 3513 3433 τῶν
3542 3377 3752 3447 ὁμοφύ-

460 3480 952 3555 convenirejussit
976 3478 1274 3534 orientales
1303 3475 1621 3547 episcopos,
1658 3471 1824 3545 893
1866 3470 2054 3547 Ponti-

461 3593 565 3633 cos
591 3576 756 3632 etiam
783 3582 837 3628 et
862 3572 1120 3627 Asianos.
1170 3567 1414 3622 Praeerat
1474 3576 1655 3621 autem
1682 3581 1749 3621 eo
1804 3572 2049 3634 tempore

460 3669 731 3726 Caesareae
745 3664 970 3737 quidem
997 3660 1287 3731 metropoli
1309 3658 1616 3714 Palaestinae
1639 3655 1900 3719 Aeacius,
1929 3669 2056 3710 sue-

465 3776 654 3819 eessor
672 3756 921 3823 Eusebii,
952 3769 1116 3826 quem
1144 3753 1405 3808 Acacium
1433 3750 1678 3823 synodus
1705 3746 2055 3803 Sardicensis

465 3855 750 3912 nbdicarat
797 3871 812 3908 :
847 3849 943 3906 sed
971 3849 1042 3913 is,
1080 3855 1161 3901 tot
1191 3843 1517 3917 pentiﬁcum
1573 3849 1759 3913 spreta
1804 3840 2056 3894 multitu-

465 3949 621 4013 dine,
675 3942 1007 4003 sententiam
1061 3949 1257 3994 contra
1318 3952 1379 3993 se
1427 3936 1594 3990 latam
1643 3948 1753 3989 non
1807 3930 2055 3987 admisit.

470 4037 978 4109 Hierosolymorum
1012 4045 1165 4098 vero,
1203 4037 1329 4101 post
1351 4026 1652 4106 Macarium
1695 4024 1872 4091 illum,
1898 4022 2059 4089 cujus

468 4149 498 4185 a
566 4144 656 4184 me
715 4141 862 4197 saepe
919 4123 1066 4179 facta
1116 4130 1202 4177 est
1238 4118 1472 4182 mentio,
1514 4115 1836 4172 cathedram
1886 4113 2063 4167 tenuit

470 4222 763 4285 Maximus,
792 4220 876 4272 vir
907 4214 1183 4285 susceptis
1213 4211 1435 4283 pietatis
1462 4224 1632 4264 causa
1661 4205 2061 4262 certaminibus

472 4312 707 4369 illustris
749 4325 764 4362 :
792 4310 878 4363 cui
906 4317 960 4363 et
989 4306 1186 4362 oculus
1210 4305 1404 4360 dexter
1429 4309 1625 4357 erutus
1654 4299 1777 4364 fuit,
1802 4304 1857 4354 et
1883 4297 2060 4353 dextri

475 4405 628 4478 pedis
649 4401 894 4471 sull'rago
932 4398 1174 4455 succisa.
1209 4396 1325 4451 Hoc
1364 4392 1562 4451 deinde
1597 4390 1665 4448 ad
1697 4389 2061 4446 immortalem

476 4500 641 4554 vitam
671 4494 964 4560 translato,
996 4490 1264 4564 Cyrillus,
1291 4488 1493 4543 alacris
1519 4494 1575 4542 et
1613 4493 1900 4555 promptus
1931 4497 2063 4553 apo-

474 4592 799 4649 stolicorum
833 4588 1151 4659 dogmatum
1174 4590 1580 4654 propugnator,
1606 4577 1907 4649 episcopali
1937 4590 2066 4649 gra-

2153 3484 2261 3539 λων
2287 3482 2496 3536 πόλεων
2524 3478 2805 3551 ἡγουμένη
2824 3493 2837 3507 ·
2871 3479 2952 3541 είς
2981 3475 3184 3547 ταύτην
3217 3472 3578 3547 ἀθροισθῆναι
3624 3469 3754 3531 τοὺς

2153 3579 2253 3648 τῆς
2283 3574 2425 3646 ἑῴας
2449 3572 2798 3635 ἐπισκόπους,
2834 3569 2930 3624 καὶ
2967 3568 3066 3640 μὲν
3104 3566 3169 3639 δὴ
3202 3567 3295 3621 καὶ
3326 3566 3451 3628 τοὺς
3480 3563 3579 3633 τῆς
3609 3562 3752 3615 Πον-

2155 3669 2335 3740 τικῆς,
2379 3667 2475 3720 καὶ
2505 3667 2632 3724 τοὺς
2670 3664 2771 3734 τῆς
2816 3660 3071 3732 ’Δσιανῆς
3105 3656 3469 3730 παρηγγύησε
3492 3654 3559 3707 ’³.
3596 3652 3755 3706 Κατά

2156 3761 2350 3816 τοῦτον
2377 3759 2434 3813 δὲ
2457 3759 2547 3812 τὸν
2584 3754 2799 3827 καιρὸν,
2828 3750 3171 3823 Καισαρείας
3206 3748 3304 3821 μὲν
3330 3748 3429 3818 τῆς
3461 3744 3757 3799 Παλαιστί-

2157 3868 2265 3905 νων
2297 3847 2684 3921 μητροπόλεως
2721 3843 2979 3906 ’Δκάκιος
3007 3842 3214 3911 ἠγεῖτο,
3249 3838 3634 3906 διαδεξάμενος
3658 3837 3754 3888 τὸν

2162 3940 2449 3997 Εὐσέϐιον.
2474 3936 2677 3992 Τοῦτον
2710 3936 2766 3989 δὲ
2790 3935 2882 3989 τὸν
2921 3932 3176 3987 ’Ᾱκάκιον
3205 3932 3239 4003 ὴ
3279 3933 3335 3984 ἐν
3363 3928 3599 3998 Σαρδικῇ
3629 3943 3756 3979 συν-

2162 4031 2514 4103 αθροισθεῖσα
2557 4027 2777 4089 σύνοδος
2807 4018 3185 4097 ἀπεκήρυξεν·
3232 4020 3370 4077 ἀλλά
3398 4019 3498 4092 τὴν
3536 4018 3756 4090 ἐξενεχ-

2163 4125 2351 4179 θεῖσαν
2382 4125 2484 4176 οὐκ
2525 4119 2739 4185 ἐδέξατο
2765 4119 2966 4191 ψῆφον,
3002 4116 3257 4171 τοσούτου
3298 4113 3537 4186 πλήθους
3565 4112 3755 4182 ἀρχιε-

2165 4216 2306 4288 ρέων
2348 4214 2791 4285 καταφρονήσας.
2827 4210 2950 4263 Τῶν
2989 4208 3044 4262 δέ
3076 4225 3141 4277 γε
3186 4203 3577 4277 Ἰεροσολύμων
3613 4202 3756 4273 μετὰ

2162 4306 2452 4377 Μακάριον
2503 4307 2732 4367 ἐκεῖνον,
2776 4295 2842 4357 οὗ
2867 4301 3128 4365 πολλάκις
3169 4297 3469 4371 ἐμνήσθην,
3500 4294 3756 4366 Μάξιμος

2164 4400 2262 4470 τὴν
2308 4396 2600 4469 προεδρίαν
2656 4394 2982 4466 παρέλαϐεν,
3033 4392 3174 4463 ἀνὴρ
3228 4394 3287 4445 ἐν
3333 4392 3447 4453 τοῖς
3487 4388 3628 4459 ὑπὲρ
3657 4387 3754 4440 εύ-

2167 4490 2383 4553 σεϐείας
2419 4476 2737 4560 διαπρέψας
2756 4486 2965 4553 ἁγῶσν
2993 4484 3085 4537 τόν
3122 4500 3181 4537 τε
3212 4482 3323 4554 γάρ
3353 4478 3525 4546 δεξιὸν
3548 4478 3754 4551 ὀφθαλ-

2169 4582 2269 4654 μὸν
2312 4580 2581 4651 ἀφῄρητο,
2615 4576 2765 4651 [HO]
2808 4573 3038 4645 καὶτῆς
3075 4575 3318 4646 ἀγκύλης
3359 4574 3621 4645 ἐστέρητο
3653 4574 3754 4643 τῆς

473 4686 553 4739 tia
585 4692 639 4739 et
664 4683 873 4737 honore
905 4678 1145 4734 donatus
1185 4684 1294 4731 est.
1338 4674 1402 4729 Hi
1450 4673 1519 4728 de
1542 4671 1779 4743 primatu
1817 4671 1963 4726 inter
2005 4684 2053 4725 se

2167 4674 2366 4739 δεξιᾶς.
2399 4671 2601 4725 Τούτου
2648 4669 2704 4722 δὲ
2733 4671 2814 4732 ε-ἰς
2852 4668 2943 4722 τὸν
2975 4668 3169 4739 ἀγήρω
3199 4667 3567 4739 μεταστάντος
3617 4661 3752 4734 βίον,

473 4771 900 4838 contendentes,
952 4766 1319 4823 maximorum
1376 4764 1648 4817 malorum
1688 4771 1946 4816 auctores
1982 4760 2053 4813 rei

2170 4733 2439 4832 Κύριλὶος
2495 4760 2594 4829 τῆς
2663 4733 3035 4828 ὲπισκοπικῆς
3071 4733 3302 4829 ’χάρίτος
3352 4753 3581 4828 ἠξιώθη,
3619 4733 3757 4807 ἀστῶν

480 4865 716 4936 publicae
734 4862 909 4917 tuere.
926 4857 1167 4914 Aeacius
1189 4855 1365 4920 enim,“
1378 4853 1481 4910 levi
1508 4861 1724 4922 arrepta
1750 4852 2062 4915 occasione,

476 4958 743 5032 tlyrillum
774 4951 1056 5024 deposuit,
1083 4949 1401 5020 expulitque
1426 4945 1819 5016 Hierosolymis
1848 4961 1860 4997 :
1891 4942 2068 5014 Cyril-

482 5056 570 5110 ius
600 5066 733 5107 vero
763 5044 1080 5108 Antiochia,
1121 5055 1284 5110 quam
1316 5047 1537 5111 pastore
1566 5037 1817 5093 orbatam
1842 5033 2066 5107 reperit,

482 5144 878 5216 praetermissa,
921 5134 1155 5192 Tarsum
1182 5140 1401 5205 petens,
1427 5145 1553 5186 cum
1590 5129 1902 5184 admirabili
1958 5127 2071 5182 Sil-

390 5308 395 5311 ‘
484 5247 628 5290 sano
692 5233 918 5296 mansit,
976 5229 1070 5301 qui
1129 5226 1390 5280 Ecclesiae
1454 5231 1586 5277 tunc
1636 5230 1892 5293 praeerat.
1948 5218 2068 5286 Quo

482 5325 709 5399 cognito
760 5328 779 5349 ’
845 5324 1083 5378 Aeacius
1142 5318 1211 5375 ad
1261 5316 1547 5371 Silvanum
1606 5311 1853 5383 scripsit,
1911 5309 2073 5381 eique

484 5418 680 5498 tiyrilli
712 5415 1117 5486 depositionem
1162 5407 1448 5466 indicavit.
1484 5405 1557 5460 At
1589 5405 1681 5460 ille
1714 5410 1769 5458 et
1806 5402 2074 5475 Cyrillum

490 5494 788 5573 reveritus,
823 5512 878 5560 et
904 5504 1171 5576 populum
1198 5509 1475 5565 metuens,
1507 5497 1602 5569 qui
1629 5494 1819 5569 Cyrilli
1851 5495 2077 5550 institu-

491 5601 739 5659 tionibus
787 5597 1192 5670 iucundissime
1241 5593 1545 5659 fruebatur,
1584 5590 1652 5645 ab
1696 5576 2075 5646 ecclesiastico

2170 4850 2548 4906 ἀποστολικῶν
2569 4850 2856 4921 δογμάτων
2884 4848 3179 4921 προθύμως
3208 4846 3564 4919 ὑπερμαχῶν.
3595 4838 3759 4900 Οὗτοι

2172 4944 2311 5016 πρὸς
2356 4941 2622 5013 ἀλλήλους
2655 4941 2783 5014 περὶ
2835 4939 3118 5012 πρωτείων
3169 4938 3620 5009 φιλονεικοῦντες,
3660 4955 3761 5007 με-

2173 5037 2373 5105 γίστων
2404 5032 2588 5088 κακῶν
2624 5035 2738 5097 τοῖς
2789 5034 2986 5095 κοινοῖς
3017 5032 3062 5071 ‘I
3089 5030 3337 5101 ἐγένοντο
3380 5029 3651 5101 πρόξενοι.
3698 5028 3760 5081 ’0

2180 5128 2277 5199 μὲν
2324 5126 2434 5198 γάρ
2492 5125 2767 5190 Ἀκάκιος,
2822 5124 3024 5196 μικράς
3075 5140 3229 5187 τινας
3256 5122 3432 5193 εὑρὼν
3479 5121 3760 5192 ἀφορμάς,

2175 5217 2393 5273 καθεῖλε
2426 5217 2517 5270 τὸν
2546 5216 2833 5287 Κύριλλον,
2873 5217 2967 5270 καὶ
2995 5214 3106 5269 τῶν
3146 5212 3536 5285 Ἱεροσολύμων
3567 5213 3763 5284 eget:-

2179 5330 2304 5369 a-sV'
2339 5313 2369 5365 ὁ
2416 5311 2473 5365 δὲ
2522 5308 2813 5381 Κύριλλος,
2847 5308 2949 5378 τὴν
2995 5307 3095 5378 μὲν
3134 5306 3466 5378 Ἀντιόχειαν
3516 5305 3761 5377 παρελή-

2178 5405 2327 5470 λυθε,
2377 5402 2637 5475 ποιμένος
2680 5399 2850 5472 αὐτὴν
2902 5401 3278 5472 ἐστερημένην
3329 5398 3537 5471 εὑρών·
3575 5401 3654 5461 είς
3702 5398 3761 5452 δὲ
3870 5450 3875 5456 ,

2184 5495 2399 5568 Ταρσὸν
2443 5494 2797 5566 ἀφικόμενος,
2835 5491 2913 5564 τῷ
2947 5492 3235 5564 θαυμασίῳ
3288 5491 3452 5563 συνῆν
3490 5491 3757 5570 mgna.

2183 5582 2352 5652 Οὗτος
2390 5587 2498 5660 γὰρ
2531 5588 2653 5641 κατ’
2680 5585 2889 5639 ἐκεῖνον
2915 5584 3006 5639 τὸν
3050 5584 3240 5658 χρόνον
3263 5584 3308 5615 ⁸³
3336 5583 3554 5656 ἐκείνης
3574 5585 3761 5657 ἡγεῖτο

1814 5764 2052 5821 ἾΑΒΙιΕ
2089 5756 2496 5822 LECTIONES.

571 5887 612 5920 61

512 5957 621 6022 ρόν.
659 5952 784 6014 Bas.
809 5952 991 6012 'Grzec.
1024 5962 1072 6008 et
1108 5952 1297 6022 Steph.

794 5898 885 5954 γγ.
918 5882 1043 5940 Bas.
1076 5878 1253 5954 Graec.
1329 5881 1373 5914 “
1404 5880 1483 5938 ita
1506 5880 1694 5951 Steph.
1722 5881 1758 5938 2
1779 5888 1833 5938 ει
1858 5882 2018 5936 Allat.
2053 5879 2160 5937 Sed
2199 5879 2325 5936 Bas.
2356 5886 2413 5935 et
2450 5876 2639 5949 Steph.
2675 5877 2703 5934 1
2732 5876 3009 5934 habebant
3036 5877 3148 5943 τοῖς
3185 5878 3481 5941 κοινωνοῖς.

3557 5873 3602 5908 ⁸³
3637 5887 3754 5927 και-
