4098 6446
391 429 528 496 lilCS

1364 425 1962 488 ECCLESIASTIC.'E
2003 423 2389 486 HISTORle
2431 425 2576 484 LIB.
2620 425 2704 484 Il.

3531 427 3669 492 1066

387 541 486 608 τῆς
520 536 874 608 Ἐκκλησίας.
904 533 1074 590 Τοῦτο
1106 531 1291 604 μαθὼν
1317 534 1346 586 6
1389 533 1664 596 ’Λκάκιος,
1697 529 1974 584 ἐπέστειλε

2105 547 2262 602 psum
2288 530 2594 585 ministerio
2621 546 2728 585 non
2752 529 3060 600 prohibuit.
3088 529 3187 586 Ubi
3215 547 3342 587 vero
3365 532 3671 594 Seleuciam

387 629 466 700 τῷ
499 626 769 698 Σιλϐανῷ,
794 625 888 680 καὶ
911 625 1010 699 τῂν
1036 623 1354 693 καθαίρεσιν
1379 621 1473 675 τοῦ
1503 621 1770 694 Κυρίλλου
1801 621 1978 692 μεμή-

386 736 572 775 νυκεν.
628 720 690 773 '0
742 719 820 784 δὲ,
849 718 946 772 καὶ
984 716 1076 770 τὸν
1119 713 1388 788 Κύριλλον
1418 713 1756 784 αἰδούμενος,
1791 715 1890 766 καὶ
1919 711 1980 765 τὸ

387 810 594 882 πλῆθος
625 809 1000 881 ὑφορώμενος,
1051 808 1246 880 ἥδιστα
1293 808 1400 878 γὰρ
1433 807 1532 878 τῆς
1581 805 1678 859 τού
1710 805 1977 877 Κυρίλλου

387 903 739 967 διδασκαλίας
779 902 1050 974 ἁπήλαυε,
1080 901 1181 971 τῆς
1226 899 1686 970 ἐκκλησιαστικῆς
1715 898 1816 951 ούκ
1844 895 1982 950 ἐκώ-

388 997 518 1051 λυσε
545 997 913 1068 λειτουργίας.
952 994 1172 1066 Ἐπειδὴ
1195 994 1253 1047 δὲ
1274 993 1534 1064 συνῆλθον
1560 993 1640 1054 εἰς
1658 990 1757 1062 τὴν
1788 989 1981 1044 Σελεύ-

389 1109 568 1154 κειαν,
603 1089 880 1144 ἐκοινώνει
933 1089 1033 1161 μὲν
1073 1091 1185 1152 τοῖς
1222 1087 1366 1158 ἀμφὶ
1404 1086 1498 1140 τὸν
1555 1084 1851 1149 Βασίλειον,
1885 1083 1982 1136 καὶ

391 1183 712 1249 Εὐστάθιον,
751 1184 845 1238 καὶ
878 1183 1161 1248 Σιλϐανὸν,
1205 1182 1298 1236 καὶ
1328 1181 1456 1244 τοὺς
1484 1179 1702 1243 λοιποὺς
1727 1177 1772 1210 ⁸⁸
1802 1180 1830 1232 6
1865 1177 1980 1230 Κύ-

393 1277 575 1350 ριλλος
601 1276 696 1330 τοῦ
732 1276 1014 1348 συνεδρίου
1041 1276 1106 1331 “.
1150 1275 1208 1330 Ὀ
1247 1275 1306 1329 δέ
1335 1290 1400 1342 γε
1454 1273 1708 1335 Ἀκάκιος
1754 1269 1984 1340 ἀφίκετο

392 1369 494 1440 μὲν
521 1371 611 1423 καὶ
637 1369 798 1434 αὐτὸς
826 1369 964 1441 πρὸς
1003 1370 1132 1426 τοὺς
1161 1367 1584 1439 συνεληλυθότας
1617 1363 1947 1426 ἐπισκόπους
1964 1379 1979 1392 ι

389 1464 734 1534 πεντήκοντα
761 1463 819 1516 δὲ
846 1457 988 1533 ἦσαν
1017 1462 1112 1516 καὶ
1145 1461 1339 1515 ἑκατόν
1360 1475 1374 1490 ³
1411 1459 1616 1528 ἔφασκε
1653 1457 1711 1510 δὲ
1737 1457 1812 1527 μὴ
1845 1454 1984 1527 πρό-

389 1571 550 1626 τερον
581 1553 763 1616 αὐτοῖς
782 1554 1133 1624 κοινωνήσειν
1163 1551 1272 1626 τῶν
1295 1550 1702 1623 βουλευμάτων,
1727 1547 1856 1620 πρὶν
1881 1545 1986 1612 ἔξω

391 1646 646 1715 γενέσθαι
697 1644 790 1698 τοῦ
839 1643 1098 1713 συλλόγου
1149 1644 1240 1697 τὸν
1301 1641 1590 1714 Κύριλλον,
1628 1639 1724 1694 ἆτε
1772 1637 1836 1709 δὴ
1889 1637 1986 1708 τῆς

390 1735 806 1810 ἀρχιερωσύνης
835 1736 1281 1808 γεγυμνωμένον.
1315 1735 1423 1787 Καί
1451 1749 1596 1796 τινες
1627 1731 1728 1802 μὲν
1749 1729 1858 1783 τῶν
1885 1729 1986 1799 τῆς

393 1826 617 1896 εἰρήνης
662 1820 1153 1896 προμηθοιῆαένων,
1187 1823 1542 1895 ὑποχωρῆσαι
1575 1820 1668 1874 τὸν
1715 1819 1986 1892 Κύριλλον

2087 628 2479 693 pervenerunt,
2507 620 2750 693 Cyrillus
2776 635 2904 676 cum
2943 621 3166 690 Basilio,
3206 633 3261 678 et
3283 623 3596 692 Eustathio,
3621 641 3676 683 ot

2087 708 2335 775 Silvano,
2371 717 2428 764 et
2473 710 2691 766 caneris
2735 711 2981 766 concilio
3017 712 3186 786 894
3225 713 3508 772 intererat.
3532 719 3676 772 Aca-

2076 794 2209 859 ‘eius
2239 803 2393 859 venit
2429 801 2651 874 quidem
2685 810 2739 858 et
2761 803 2882 874 ipse
2930 804 2998 859 ad
3045 807 3336 878 episcopos
3367 823 3674 882 congrega-

2087 903 2196 960 tos,
2231 911 2466 952 numero
2497 906 2722 951 centum
2762 907 2814 952 et
2847 899 3272 970 quinquaginta,
3313 901 3410 957 sed
3457 904 3676 974 negarit

2086 1004 2147 1044 se
2178 1004 2301 1044 cum
2337 989 2473 1060 ipsis
2500 989 2570 1044 de
2594 1005 2650 1044 re
2682 990 2790 1044 ulla
2831 991 2984 1060 prius
3013 991 3472 1060 deliberaturum,
3507 1012 3674 1066 quam

2086 1082 2349 1154 Cyrillus,
2383 1091 2444 1138 ut
2481 1082 2806 1153 episcopatu
2833 1084 3108 1154 privatus,
3148 1086 3444 1156 ejiceretur
3479 1103 3509 1144 e
3543 1105 3677 1144 con-

2085 1173 2234 1229 cilio.
2273 1172 2459 1242 Itaque
2489 1173 2744 1227 nonnulli
2781 1174 2931 1244 pacis
2966 1175 3202 1232 studiosi
3236 1177 3504 1250 Cyrillmn
3551 1195 3678 1235 ora-

2086 1266 2220 1320 bant
2247 1274 2307 1319 ut
2333 1264 2634 1330 recederet,
2674 1267 3058 1334 promittentes
3098 1285 3158 1325 se
3186 1279 3312 1341 post
3357 1275 3674 1344 dogmatum

2085 1356 2496 1411 diseussionem
2524 1357 2591 1412 de
2613 1357 2788 1427 ipsius
2811 1372 2979 1414 causa
3002 1359 3434 1431 disceptaturas.
3463 1363 3678 1430 Quibus

2088 1461 2214 1502 eum
2249 1463 2462 1502 morem
2501 1462 2610 1503 non
2643 1457 2880 1518 gereret,
2912 1451 3152 1507 Aeacius
3191 1441 3312 1509 illis
3343 1455 3556 1512 relictis
3583 1472 3680 1512 cx-

2088 1541 2260 1596 cessit
2284 1559 2300 1596 :
2335 1547 2388 1596 et
2417 1557 2750 1613 congressus
2777 1557 2900 1598 cum
2929 1543 3196 1608 Eudoxio,
3229 1555 3432 1602 metum
3462 1547 3540 1603 illi
3569 1565 3682 1620 quo

2089 1632 2384 1688 tenebatur
2425 1633 2652 1700 exemit,
2699 1633 3068 1707 ﬁduciamque
3107 1637 3340 1704 addidit,
3399 1641 3682 1711 spondens
3773 1629 3778 1638 ’

2089 1739 2150 1778 se
2174 1731 2472 1794 patronum
2506 1725 2586 1779 illi
2633 1727 2960 1798 sociumque
3005 1731 3372 1786 certaminum
3408 1730 3680 1789 futurum.

2092 1815 2158 1870 Et
2211 1817 2384 1872 vetuit
2429 1817 2657 1888 quidem
2723 1833 2791 1874 ne
2819 1819 2874 1873 in
2921 1821 3218 1876 concilium
3271 1823 3526 1892 intraret,
3584 1827 3682 1882 sed

396 1917 668 1981 ἱκέτευον,
710 1913 1134 1985 ὑπισχνούμενοι
1201 1913 1338 1984 μετὰ
1385 1912 1484 1982 τὴν
1533 1909 1646 1962 τῶν
1698 1907 1985 1978 δογμάτων

2098 1907 2631 1978 Constantinopolim
2673 1924 2801 1965 cum
2839 1925 2905 1967 eo
2937 1897 3225 1981 protectus
3250 1921 3357 1970 est.

391 2010 689 2082 διάκρισιν,
721 2011 816 2060 καὶ
849 2006 949 2078 τὴν
979 2009 1099 2060 κατ’
1139 2005 1302 2059 αὐτόν
1331 2003 1608 2068 ἐξετάζειν
1638 2001 1896 2055 ὑπόθεσιν
1933 2000 2000 2054 ⁸⁸.
2052 2000 2272 2073 Ἐπειδὴ
2301 2001 2360 2054 δὲ
2393 2001 2494 2055 οὐκ
2563 1997 2697 2069 εἶξε,
2729 2003 3048 2060 καταλιπὼν
3080 2004 3180 2076 μὲν
3204 2006 3402 2072 αὐτοὺς
3429 2009 3460 2064 6
3515 2011 3682 2064 Ἀκά-

395 2119 514 2166 ιι.ο;
547 2101 901 2173 ἐξελήλυθεν’
933 2098 1172 2170 ane.th
1217 2098 1275 2152 δὲ
1316 2097 1736 2168 συγγενόμενος,
1783 2097 1845 2150 τὸ
1891 2095 1991 2167 μὲν
2039 2095 2363 2167 ἐγκείμενον
2401 2097 2633 2170 ἐξήλασε
2669 2098 2810 2167 δέος,
2879 2099 3082 2172 θάρσος
3148 2100 3206 2154 δὲ
3251 2102 3500 2176 ἐνέθηκε,
3555 2123 3684 2160 συν..

393 2197 596 2268 ἠγορος
654 2195 818 2250 αὐτοῦ
881 2194 977 2250 καὶ
1042 2193 1451 2264 συναγωνιστὴς
1499 2193 1929 2265 ὑπισχνούμενος
1967 2192 2013 2223 ⁸⁷
2051 2191 2296 2246 ἔσεσθαιο
2348 2193 2445 2248 καὶ
2483 2195 2564 2260 είς
2614 2195 2714 2278 μὲν
2760 2195 2822 2249 τὸ
2870 2186 3148 2269 συνέδριον
3193 2198 3456 2256 εἰσελθεῖν
3523 2202 3687 2258 αὐτὸν

392 2287 715 2354 διεκώλυσε,
763 2286 862 2360 τὴν
913 2287 969 2342 δὲ
1019 2285 1592 2340 Κωνσταντινούπολιν
1638 2285 1737 2340 σὺν
1787 2283 1985 2356 ἐκείνῳ
2023 2283 2316 2339 κατέλαϐε.

993 2381 1243 2434 ΚΕΦΑΛ.
1277 2381 1405 2434 K1".

397 2479 540 2550 Περὶ
587 2477 707 2533 τῶν
731 2477 831 2550 ἐν’,
852 2474 1492 2550 Κῳνξσζαξτινομπόλει
1527 2471 1991 2544 συμϐεϐηκότων

733 2547 859 2614 τοῖς
889 2545 1232 2615 ὀρθοδόεοις
1267 2545 1646 2612 ἐπισκόποις.

471 2641 853 2704 Κωνστάντιος
885 2638 996 2710 γὰρ
1026 2639 1134 2692 άπὸ
1166 2639 1266 2708 τῆς
1295 2637 1535 2709 ἑσπέρας
1563 2635 1898 2702 ἐπανελθὼν,
1931 2637 1990 2689 ἐν

397 2735 573 2806 ταύτῃ
599 2732 859 2804 διέτριϐε.
890 2729 1066 2784 Πολλὰ
1093 2729 1149 2784 δέ
1175 2729 1282 2783 τῶν
1311 2727 1748 2799 συνεληλυθότων
1777 2729 1869 2782 ἐττί
1895 2728 1991 2782 τοῦ

404 2826 672 2898 βασιλέως
716 2823 1126 2896 κατηγορήσας,
1171 2823 1265 2876 καὶ
1308 2821 1563 2896 σύστημα
1602 2821 1861 2894 πονηρῶν
1895 2822 1994 2876 ἀν-

403 2917 642 2990 θρώπων
680 2915 1046 2982 ἀποκαλέσας,
1078 2915 1162 2967 ἐπ’
1193 2913 1401 2986 ὀλέθρῳ
1427 2913 1522 2967 καὶ
1550 2913 1697 2988 λύμῃ
1721 2913 1830 2967 τῶν
1872 2913 1994 2967 Ἐκ-

403 3009 644 3080 κλησιῶν
677 3005 976 3078 συγκροτού
986 3021 1166 3075 μενον,
1195 3005 1287 3060 τὸν
1315 3005 1579 3076 βασιλέως
1601 3005 1776 3076 ἀνῆψε
1799 3005 1990 3076 θυμόν.

405 3101 559 3176 [ll-1]
607 3101 722 3172 Ούχ
752 3101 954 3172 ἣκιστα
981 3098 1037 3152 δὲ
1086 3097 1249 3152 αὑτὸν
1293 3097 1597 3170 χαλεπῆναι
1627 3098 1930 3168 πεποίηκεν
1960 3097 1995 3152 ἃ

403 3195 550 3252 κατὰ
578 3195 671 3248 τοῦ
705 3191 975 3264 Κυρίλλου
1011 3189 1344 3246 συντέθεικε.
1392 3190 1505 3262 Τὴν
1537 3189 1646 3262 γὰρ
1682 3188 1835 3261 ἱερὰν
1876 3207 2000 3242 στος

2449 2381 2604 2438 CAP.
2637 2379 2832 2437 xxut.
2873 2381 2960 2455 [Β.
2991 2382 3075 2440 St.
3107 2385 3324 2460 v.21]

2089 2471 2168 2528 De
2206 2473 2274 2528 iis
2331 2491 2450 2545 quae
2509 2475 2978 2558 Constantinopoli
3037 2477 3364 2558 orthodoxi:
3423 2483 3685 2552 episcopis

2711 2557 3064 2617 contigerunt.

2162 2635 2243 2692 Ibi
2271 2644 2406 2692 tunc
2435 2637 2583 2692 enim
2613 2637 2981 2696 Constantius
3005 2640 3076 2696 ab
3107 2639 3408 2700 Occidente
3427 2659 3690 2703 reversus

2091 2729 2567 2786 commorabatur.
2626 2730 2788 2802 Apud
2829 2747 2994 2802 quem
3053 2748 3180 2789 cum
3239 2736 3537 2808 episcopos
3587 2737 3690 2793 Se-

2090 2823 2286 2879 leucia:
2305 2830 2670 2894 congregatos
2701 2825 2892 2880 multis
2915 2835 3243 2884 accusasset
3277 2830 3542 2895 Aeacius,
3567 2847 3692 2902 per-

2094 2910 2336 2972 ditorum
2361 2915 2650 2972 hominum
2682 2924 2888 2973 cretum
2925 2919 3232 2990 appellans,
3270 2921 3338 2977 ad
3387 2923 3690 2993 perniciem

2095 3009 2439 3082 exitiumque
2490 3007 2868 3065 Ecclesiarmn
2908 3022 3298 3079 convocatum,
3341 3014 3549 3071 exarsit
3583 3016 3693 3071 ira-

2097 3101 2302 3160 cundia
2330 3102 2651 3172 imperator.
2685 3099 2972 3172 Praecipue
2997 3118 3128 3158 vero
3153 3103 3308 3160 illum
3347 3121 3413 3162 ea
3441 3121 3693 3164 commo~

2096 3202 2320 3261 verunt,
2383 3210 2506 3266 qua:
2542 3193 2807 3250 adversus
2864 3193 3134 3266 Cyrillum
3179 3205 3528 3254 commentus
3583 3211 3694 3256 cst.

403 3289 525 3359 λὴν,
559 3288 626 3359 ἢν
653 3289 681 3340 6
709 3284 1064 3356 πανεύφημος
1099 3285 1511 3347 Κωνσταντῖνος
1539 3284 1568 3336 ὁ
1615 3281 1870 3354 βασιλεὺς
1902 3283 1996 3356 τὴν

2101 3286 2330 3344 Sacram
2353 3287 2501 3344 enim
2529 3296 2758 3352 vestem,
2783 3287 2969 3344 aureis
3023 3289 3130 3345 ﬁlis
3159 3299 3496 3358 contextam,
3527 3308 3696 3362 qttam

418 3379 814 3452 Ἱεροσολύμων
876 3376 1204 3448 Ἐκκλησίαν
1255 3375 1530 3448 γεραίρων
1592 3376 1792 3430 δέδωκε
1821 3376 1866 3408 ⁸⁸
1921 3376 1996 3445 τε)

2105 3381 2256 3436 omni
2307 3379 2472 3436 laude
2508 3381 2876 3437 celebrandus
2919 3381 3324 3441 Constantinus
3369 3386 3696 3458 imperator.

406 3471 684 3544 Μακαρίῳ
709 3471 788 3543 τῷ
819 3470 921 3541 τῆς
954 3469 1162 3534 πόλεως
1195 3469 1411 3540 ἐκείνης
1437 3470 1706 3541 ἀρχιερεῖ,
1747 3469 1836 3522 ἵνα
1869 3467 1998 3522 ταύ-

405 3584 510 3638 την
563 3563 1046 3638 περιϐαλλόμενος,
1102 3561 1202 3633 τὴν
1255 3560 1350 3615 τοῦ
1414 3559 1560 3616 θείου
1623 3561 1997 3632 βαπτίσματος

408 3661 633 3732 ἐπιτελῇ
651 3657 1010 3730 λειτουργίαν,
1037 3659 1099 3712 ἐκ
1120 3657 1338 3730 χρυσῶν
1359 3657 1412 3710 δὲ
1427 3655 1567 3728 αὕτη
1593 3654 2002 3710 κατεσκεύαστο

408 3753 695 3825 νημάτων,
727 3752 1076 3824 πεπρακέναι
1101 3751 1192 3804 τὸν
1225 3749 1492 3822 Κύριλλον
1519 3749 1646 3820 ἔφη,
1681 3749 1774 3802 καὶ
1796 3747 2001 3819 ταύτην

409 3849 535 3903 τινὰ
565 3846 676 3899 τῶν
728 3845 820 3899 ἐπὶ
853 3845 954 3914 τῆς
983 3843 1224 3916 θυμέλης
1269 3839 1641 3913 λυγιζομένων
1674 3840 1999 3912 πριάμενον,

411 3937 806 4012 περιϐαλέσθαι
852 3937 969 4007 μέν,
1028 3935 1358 4007 ὀρχούμενον
1405 3933 1462 3988 δὲ
1493 3935 1702 3995 πεσεῖν,
1750 3932 1844 3986 καὶ
1879 3948 2005 3985 συν-

413 4031 696 4102 τριϐἧναι,
755 4029 849 4082 καὶ
906 4027 1122 4098 θανάτῳ
1168 4026 1558 4099 παραδοθῆναι.
1594 4024 1815 4090 Τοῦτον,
1875 4023 2000 4093 ἔφη,

413 4125 675 4179 κοινωνὸν
708 4122 946 4195 ἔχοντες,
975 4119 1182 4194 κρίνειν
1213 4120 1308 4174 καὶ
1333 4121 1448 4183 τοῖς
1480 4117 1660 4182 ἄλλοις
1683 4118 1728 4150 ⁸⁸
1761 4115 2006 4182 δικάζειν

419 4215 779 4288 ἐπιχειροῦσι.
819 4213 1039 4285 Ταύτην
1065 4213 1322 4279 λαϐόντες
1361 4212 1458 4284 τὴν
1483 4212 1740 4284 ἀφορμὴν
1771 4211 1881 4265 τῶν
1910 4210 2007 4281 βα-

424 4307 644 4361 σιλείων
675 4310 723 4362 οί
769 4307 1254 4379 προστατεύοντες,
1305 4304 1554 4363 πείθουσι
1609 4303 1700 4357 τὸν
1757 4301 2004 4375 βασιλέα,

421 4399 502 4471 μὴ
529 4401 708 4454 πᾶσαν
738 4401 990 4471 ἀθροῖσαι
1018 4399 1066 4432 ⁷ο
1096 4398 1193 4470 τὴν
1218 4397 1454 4462 σύνοδον,
1487 4397 1756 4452 ἐδεδίεσαν
1780 4395 1890 4468 γὰρ
1913 4394 2007 4450 τοῦ

417 4491 662 4566 πλήθους
689 4493 788 4564 τὴν
809 4493 1148 4563 συμφωνίαν,
1172 4491 1308 4546 ἀλλὰ
1336 4492 1468 4546 δέκα
1491 4492 1618 4554 τοὺς
1645 4493 1782 4561 ἠγου
1792 4489 2006 4562 μένους.

431 4590 524 4643 Ἐν
553 4588 764 4654 τούτοις
820 4584 1122 4649 Εὐστάθιος
1166 4581 1234 4656 ῆν
1280 4586 1308 4638 6
1357 4585 1454 4653 τῆς
1501 4581 1880 4656 ’Δρμενίας’¹¹,
1917 4580 2011 4634 καὶ

419 4679 706 4742 Βασίλειος
737 4677 766 4730 6
791 4679 891 4748 τῆς
925 4675 1276 4740 Γαλατίαςτί,
1309 4677 1402 4730 καὶ
1429 4673 1685 4738 Σιλϐανὸς
1712 4675 1740 4728 6
1769 4671 2006 4744 Ταρσοῦ,

421 4774 518 4828 καὶ
560 4771 833 4836 Ἐλεύσιος
869 4770 896 4823 6
928 4769 1193 4834 Κυζίκου.
1219 4761 1378 4824 Οὗτοι
1407 4765 1842 4838 παραγενόμενοι
1872 4781 2012 4835 παρ-

422 4863 658 4920 εκάλουν
703 4863 796 4918 τὸν
835 4860 1077 4933 βασιλέα,
1126 4858 1224 4931 τὴν
1263 4857 1516 4924 Εύδοξίου
1553 4856 1901 4927 βλασφημίαν
1955 4873 2015 4910 τε

2099 3473 2166 3529 ad
2199 3472 2668 3530 cobonestandam
2691 3471 3199 3547 Hierosolymorum
3225 3475 3552 3541 Ecelesiam,
3583 3476 3701 3532 Ma-

2101 3566 2260 3620 cario
2292 3565 2442 3619 illius
2471 3564 2626 3620 urbis
2655 3565 2924 3636 episcopo
2955 3566 3212 3634 donarat,
3233 3575 3315 3636 ut,
3339 3583 3403 3624 ea
3428 3567 3594 3640 895
3620 3569 3702 3624 ἰιιι

2103 3659 2295 3722 dutus,
2332 3657 2504 3714 divini
2540 3657 2799 3726 baptismi
2841 3657 3112 3714 solemnia
3142 3659 3472 3727 celebraret,
3508 3661 3700 3717 vcndi-

2104 3749 2255 3805 disse
2289 3748 2473 3803 aiebat
2517 3748 2808 3819 Cyrillum,
2852 3757 2908 3804 et
2957 3748 3104 3804 hanc
3137 3761 3444 3808 mercatum
3485 3752 3702 3824 thyme-

2107 3841 2272 3896 licum
2306 3839 2599 3910 quemdam
2655 3841 3000 3906 saltatorem,
3033 3857 3160 3898 eum
3215 3843 3410 3900 eadem
3459 3845 3700 3902 amictus

2106 3935 2357 4000 saltaret,
2387 3935 2600 4004 lapsum
2629 3950 2776 3999 esse,
2814 3950 3060 4008 casuque
3087 3935 3355 3992 obtritum
3395 3936 3698 3994 interiisse.

2106 4027 2252 4092 Tali,
2284 4029 2486 4099 inquit,
2526 4023 2654 4082 edin
2705 4027 2860 4084 socio
2908 4026 3185 4098 judicare,
3219 4029 3398 4101 deque
3415 4031 3540 4087 aliis
3569 4041 3706 4088 seu:

2107 4121 2314 4178 tentias
2348 4121 2494 4177 ferre
2523 4121 2947 4193 aggrediuntur.
2976 4119 3093 4178 Hac
3130 4129 3352 4194 arrepta
3376 4123 3698 4188 occasione,

2112 4228 2374 4284 proceres
2415 4212 2603 4284 palatii
2664 4199 3004 4284 persuadent
3053 4215 3071 4236 ⁶
3111 4213 3456 4285 imperatori,
3498 4228 3560 4270 ut
3590 4231 3700 4272 nou

2111 4314 2286 4361 totum
2359 4305 2658 4361 concilium
2725 4305 3123 4377 (multitudinis
3173 4307 3324 4363 enim
3367 4323 3700 4366 consensum

2113 4398 2483 4470 metuebant),
2527 4398 2624 4456 sed
2657 4397 2846 4455 decem
2881 4406 3096 4455 tantmn
3121 4389 3436 4474 praecipuos
3487 4389 3706 4460 evocet.

2113 4487 2169 4542 lu
2201 4489 2286 4544 his
2317 4487 2474 4545 fuere
2498 4487 2828 4544 Eustathius
2855 4487 3154 4559 Armeniae,
3195 4498 3251 4546 et
3276 4491 3514 4549 Basilius
3539 4491 3705 4550 Gala-

2066 4636 2072 4642 ,
2114 4583 2224 4647 tiae,
2252 4591 2307 4638 et
2342 4581 2602 4638 Silvanus
2631 4580 2816 4647 Tarsi,
2845 4589 2900 4639 et
2920 4582 3180 4640 Eleusius
3201 4582 3408 4656 Cyzici.
3449 4583 3704 4652 Quicum

2119 4675 2501 4738 advenissent,
2533 4675 2912 4731 hortabantur
2944 4674 3361 4746 imperatorem,
3395 4683 3455 4730 ut
3501 4676 3557 4731 in
3590 4675 3702 4730 Eu-

2117 4763 2266 4820 doxii
2297 4763 2666 4835 blasphemias
2709 4773 2764 4822 et
2804 4764 3153 4836 iniquitatem
3197 4765 3421 4835 iuberet
3471 4767 3702 4838 inquiri.

2118 4854 2227 4912 Sed
2256 4859 2394 4926 ipse,
2432 4856 2558 4912 aliis
2609 4857 2888 4913 contraria
2920 4859 3370 4931 suggerentibus,
3419 4860 3706 4932 respondit

423 4957 523 5011 καὶ
573 4957 922 5026 παρανομίαν
957 4950 1362 5024 ἐξελεγχθῆναι.
1429 4950 1486 5004 '0
1537 4949 1594 5003 δέ
1645 4947 1799 5022 παρὰ
1833 4949 1941 5002 τῶν
1967 4949 1990 4980 ⁷

2117 4946 2184 5002 de
2239 4947 2407 5004 rebus
2451 4948 2574 5004 [ὶόοί
2597 4948 2776 5005 decidi
2812 4949 2970 5021 prius
3022 4959 3299 5022 oportere,
3359 4960 3474 5008 tum
3506 4951 3706 5008 deinde

423 5049 606 5104 ἄλλων
677 5045 937 5102 τάναντία
997 5043 1402 5114 διδασκόμενος,
1443 5040 1595 5110 ἔλεγε
1643 5041 1840 5113 χρῆναι
1881 5040 2017 5112 πρό-

424 5159 589 5212 τερον
617 5140 686 5194 1}:
717 5139 858 5194 κατὰ
885 5139 985 5210 τὴν
1009 5137 1192 5191 πίστιν
1239 5135 1606 5208 διακριθῆναι,
1637 5127 1738 5187 εἷθ’
1765 5134 1906 5188 οὕτω
1951 5135 2020 5187 τά

426 5233 554 5289 κατ’
595 5234 803 5286 ἐκεῖνον
834 5228 1210 5300 ἐξετασθῆναι.
1243 5227 1350 5281 Τοῦ
1381 5227 1438 5280 δέ
1476 5227 1758 5280 Βασιλείου
1791 5229 1856 5296 τῇ
1889 5243 2022 5294 προ-

427 5326 569 5396 τέρᾳ
603 5322 858 5394 συνηθείᾳ
910 5321 1305 5393 θαῤῥήσαντος,
1340 5319 1435 5372 καὶ
1485 5319 1580 5371 σὺν
1623 5315 1902 5388 παρρησίᾳ
1928 5317 2018 5368 τὸν

2120 5036 2272 5092 illius
2329 5053 2554 5094 causam
2591 5039 2920 5096 examinari.
2960 5037 3207 5112 Cumque
3267 5041 3526 5108 Basilius,
3590 5044 3706 5112 pri-

2123 5129 2268 5184 stina
2309 5126 2482 5186 fretus
2517 5127 2911 5196 familiaritate,
2944 5137 3358 5202 imperatorem,
3393 5139 3454 5191 ut
3481 5142 3707 5205 aposto-

2124 5221 2246 5276 licis
2277 5221 2632 5292 dogmatibus
2665 5222 3046 5291 insidiantem,
3091 5222 3322 5280 liberius
3361 5239 3707 5298 coarguerct.

2126 5315 2318 5386 iniquo
2359 5314 2546 5372 animo
2589 5315 2718 5370 tulit
2760 5315 3144 5384 Constantius,
3177 5323 3232 5372 et
3283 5317 3547 5374 Basilium
3589 5331 3713 5376 tau-

1719 5494 1956 5553 ΥΑΠΙΑΞ
2001 5494 2412 5552 LECTIONES.

517 5599 703 5663 “cat;
722 5596 950 5660 λοιποῖς.
983 5595 1106 5650 Bas.
1153 5593 1327 5651 Graec.

1435 5594 1480 5626 “
1517 5593 1610 5646 καὶ
1638 5589 1753 5660 τῶν
1793 5589 2178 5660 βουλευμάτων
2208 5589 2351 5645 addit
2389 5590 2560 5645 codex
2593 5591 2798 5646 Allatii.

2913 5591 2960 5622 “
2988 5589 3066 5662 [ta
3097 5599 3148 5646 et
3180 5591 3500 5662 Chrisloph.
3543 5599 3712 5662 recte.

435 5659 710 5726 Scthat-‘L
753 5659 927 5722 Graec.
951 5675 1005 5722 et
1027 5666 1217 5736 Steph.
1247 5666 1368 5736 κατ’
1399 5663 1576 5736 αὗτῷν
1594 5732 1608 5736 Δ
1630 5659 1886 5736 ὑπόθεσιν
1932 5659 2257 5736 ἐξετάζεινίρ
2303 5661 2364 5736 ‘_"_
2382 5662 2773 5736 ὑποσχόμενος,
2826 5660 2961 5736 Bas:-
2990 5659 3166 5736 βφπθ.
3203 5731 3215 5736 Δ
3241 5663 3288 5694 sa
3315 5659 3557 5736 δεδῴκειο
3586 5661 3714 5719 BM.

435 5745 615 5798 ϐίαις.
667 5747 722 5793 et
750 5737 940 5808 Steph.

435 5813 636 5880 Steph.
745 5809 789 5880 7³
839 5806 866 5860 6
897 5807 1161 5880 Γαλάτης.
1212 5806 1398 5860 Iidem.

437 5877 864 5952 πεᾲροιηκότων
899 5877 1282 5949 διδασκόμενος

729 5972 999 6031 ΡΑΤιιοῐ..
1033 5974 1147 6031 Gn.
1179 5969 1465 6032 LXXXII.

1042 5739 1086 5768 "
1125 5729 1236 5799 τοῖς
1266 5735 1446 5798 ἄλλοις
1469 5733 1562 5786 καὶ
1589 5731 1765 5794 δικαζ.
1805 5732 1928 5786 Bas.
1963 5729 2137 5785 Graec.

1509 5804 1555 5834 ⁷³
1604 5802 1679 5857 Ita
1725 5809 1772 5857 et
1823 5802 2014 5873 Steph.
2051 5801 2106 5856 2.

2214 5731 2278 5802 "A
2305 5727 2607 5802 ᾁθροέσξαῑξ
2645 5731 2810 5788 Idem.
2921 5731 2962 5802 '7'
2987 5733 3014 5784 6
3046 5731 3352 5802 Ἀρμένιος.
3402 5731 3541 5786 Idem
3587 5747 3711 5802 t'tttlt

2176 5800 2284 5856 Sed
2329 5798 2454 5858 Bas.
2497 5798 2671 5858 Crtee.
2717 5809 2770 5859 ct
2808 5801 2994 5872 Steph.
3041 5802 3056 5854 l
3101 5798 3254 5874 ἑταρόε
3303 5801 3412 5856 τῶν
3449 5801 3709 5856 τάναντία

3306 5962 3383 6022 3's
