4098 6398
432 359 571 424 ΜΠ

1504 351 1995 412 TIIEODORETI
2039 348 2376 409 EPISCOPI
2415 344 2779 407 CYRENSIS

3566 334 3702 397 10C8

437 485 601 538 quam
624 467 907 520 turbarum
941 464 995 519 in
1025 462 1289 517 Ecclesiis
1312 469 1594 517 auctorem
1626 469 1809 516 tacere
1831 462 2020 528 jussit.

2129 456 2352 528 βασιλέα
2384 455 2778 524 διελέγξαντος,
2830 452 2905 514 ὡς
2932 452 3044 512 τοῖς
3078 446 3457 509 ἀποστολικοῖς
3487 444 3711 501 ἐπιϐου·

438 561 864 615 tllnnutesccntc
927 554 1151 617 Basilio,
1211 554 1534 608 Eustathius
1569 551 1709 606 dixit
1743 572 1755 608 :
1790 551 2021 619 Quando

439 650 606 719 igitur
632 647 700 701 de
741 645 844 700 ﬁde
873 645 1168 713 disceptari
1202 643 1400 715 placet,
1432 647 1748 711 imperator,
1787 642 2018 699 Eudoxii

442 740 812 811 hlaspbemias
841 748 1047 794 temere
1101 739 1156 792 in
1221 735 1570 807 Unigenittnn
1614 734 1819 791 eﬁ‘nsas
1844 737 2024 790 consi-

2122 551 2343 604 λεύοντα
2393 549 2679 619 δόγμασιν,
2728 544 3032 616 ἐχαλέπηνε
3089 542 3185 613 μὲν
3229 543 3257 594 6
3303 540 3705 603 Κωνστάντιος,

2125 644 2348 713 σιγῆσαι
2375 643 2421 673 ⁷⁸
2454 642 2511 695 δὲ
2556 637 2864 711 ,προσέταξε
2918 636 3010 689 τὸν
3061 633 3364 698 Βασίλειον,
3409 631 3485 695 ὡς
3543 630 3711 699 ζάλης

2125 735 2302 787 αἴτιον
2346 736 2466 797 ταῖς
2521 731 2867 800 Ἐκκλησίαις
2909 727 3213 796 γινόμενον.
3261 722 3620 793 Παυσαμένου
3653 721 3714 775 δὲ

439 810 588 890 dera.
623 833 686 887 Et
721 834 837 887 haec
862 831 1052 886 dicens
1079 829 1370 884 formulam
1409 828 1532 883 ﬁdei
1563 829 1631 883 ab
1658 843 1723 883 eo
1759 829 2022 897 scriptam

2129 825 2218 880 τοῦ
2255 824 2537 878 Βασιλείου
2591 825 2691 892 τῆς
2728 819 3050 885 διαλέξεωςο
3101 813 3320 886 Ἐπειδὴ
3370 814 3438 867 τά
3484 813 3585 884 τῆς
3620 810 3712 866 πί-

440 926 659 989 obtulit,
686 925 737 979 in
760 941 866 994 qua
887 924 1029 977 inter
1052 931 1247 976 (uetera
1272 920 1438 990 impie
1455 919 1603 975 dicta
1628 921 1741 975 haec
1765 921 1979 974 inerant
2007 936 2021 972 :

440 1020 572 1085 Qure
618 1017 872 1072 dissimili
911 1016 1075 1069 modo
1136 1012 1518 1084 proferuntur,
1564 1014 1860 1069 dissimilia
1894 1020 2026 1068 sunt

436 1110 742 1166 secundum
775 1109 1148 1164 substantiam
1174 1126 1217 1162 ει
1249 1105 1402 1162 Unus
1434 1106 1577 1160 Deus
1595 1106 1930 1178 896Patcr
1958 1123 2023 1162 ex

428 1218 550 1273 quo
577 1202 786 1267 omnia,
830 1209 879 1255 et
912 1217 1057 1256 unus
1092 1198 1357 1254 Dominus
1415 1198 1576 1255 Jesus
1620 1200 1895 1258 Christus.
1930 1215 2027 1270 per

437 1310 602 1365 quem
626 1295 846 1348 omnia:
881 1312 898 1345 ι
926 1291 1220 1347 dissimilia
1256 1299 1437 1344 autem
1470 1299 1600 1346 sunt
1631 1306 1695 1345 ea:
1724 1308 1825 1361 quo
1847 1299 1901 1346 et
1935 1307 2027 1359 per

438 1403 590 1460 quem
610 1402 629 1441 :
654 1385 940 1442 dissimilis
961 1399 1093 1455 ergo
1117 1381 1289 1437 Filius
1318 1381 1429 1437 Deo
1450 1392 1504 1437 et
1527 1381 1697 1437 Patri.
1722 1381 1874 1437 Hanc
1904 1382 2026 1438 ﬁdei

439 1478 849 1548 expositionem
900 1491 1026 1531 cum
1089 1475 1310 1529 recitari
1341 1475 1600 1545 jussissct
1646 1473 2025 1537 Constantius.

438 1569 727 1638 impietate
779 1566 873 1620 illa
933 1566 1288 1619 Vehementer
1333 1573 1663 1625 commotus,
1716 1560 2025 1615 Eudoxium

441 1658 827 1729 interrogavit,
859 1664 1044 1710 utrum
1096 1656 1215 1726 ipse
1270 1655 1376 1710 ista
1408 1655 1747 1724 scripsisset.
1799 1652 2030 1725 Negavit

438 1751 714 1820 extemplo
742 1757 795 1804 et
823 1749 1038 1803 Aetium
1063 1739 1355 1818 scripsisse
1388 1744 1688 1817 respondit.
1720 1746 1817 1799 llic
1845 1754 2025 1799 autem

2125 932 2295 977 στεως
2338 911 2681 985 διακριθῆναι
2737 910 2942 980 βούλει,
2996 904 3217 978 βασιλεῦ
3238 905 3305 969 ⁷⁸,
3341 903 3368 955 6
3416 901 3712 963 Εύστάθιος

2124 1004 2250 1075 ἔφη,
2278 1005 2377 1074 ὅρα
2427 1003 2523 1066 τάς
2568 1001 2710 1055 κατὰ
2742 999 2836 1053 τοῦ
2867 996 3207 1067 Μονογενοῦς
3243 993 3591 1065 βλασφημίας
3620 991 3713 1045 ὑπ’

2125 1096 2379 1162 Εύδοξίου
2420 1093 2853 1164 τετολμημένας.
2890 1090 3000 1143 Kal
3033 1090 3149 1158 ἅμα
3196 1088 3392 1157 λέγων,
3438 1086 3711 1140 ἐπέδωκεν

2124 1187 2361 1251 ἔκθεσιν,
2462 1187 2598 1258 πρὸς
2624 1186 2802 1249 ἄλλοις
2834 1183 3049 1246 πολλοῖς
3076 1180 3360 1234 δυσσεϐέσι
3406 1179 3500 1231 καὶ
3539 1177 3712 1231 ταῦτα

2126 1281 2477 1351 προσέκειτο·
2530 1278 2611 1331 Τά
2657 1276 2925 1347 ἀνομοίως
2989 1270 3429 1346 προσφερόμενα,
3480 1271 3713 1341 ἀνόμοια

2130 1372 2272 1426 κατὰ
2299 1374 2396 1443 τὴν
2429 1370 2617 1425 οὐσίαν
2642 1368 2808 1422 ἐστίν·
2838 1387 2855 1419 ι
2877 1360 2973 1430 Εἷς
3004 1365 3135 1429 Θεὸς
3163 1366 3190 1417 6
3224 1362 3434 1432 Πατὴρ,
3467 1359 3527 1425 ἐξ
3563 1351 3625 1413 οὗ
3650 1358 3723 1413 τά

2128 1466 2325 1528 πάντα,
2366 1464 2459 1517 καὶ
2507 1457 2588 1526 εἷς
2635 1461 2839 1532 Κύριος
2902 1455 3108 1528 Ἰησοῦς
3159 1454 3414 1525 Χριστὸς,
3446 1453 3514 1506 δι’
3544 1444 3606 1505 οὗ
3644 1452 3712 1505 τά

2131 1557 2331 1610 πάντα·
2364 1554 2653 1625 »ἀνόμοιον
2686 1551 2847 1617 δὲτὸ,
2873 1548 2943 1614 ἐξ
2975 1543 3070 1614 οὗ,
3101 1547 3199 1618 τῷ,
3231 1546 3304 1599 δι’
3338 1541 3434 1601 οὗ·
3463 1544 3714 1615 ἀνόμοιος

2127 1649 2236 1720 ἄρα
2262 1648 2289 1700 6
2310 1646 2436 1709 Υἱὸς
2458 1645 2535 1716 τῷ
2563 1642 2680 1715 Θεῴ
2706 1642 2801 1697 καὶ
2826 1638 3023 1712 Πατρί.
3049 1638 3266 1709 Ταύτην
3292 1635 3709 1706 ἀναγνωσθῆναι

2128 1739 2392 1804 κελεύσας
2436 1737 2535 1809 τὴν
2578 1734 2794 1788 ἔκθεσιν
2837 1735 2865 1788 6
2912 1731 3312 1794 Κωνστάντιος,
3369 1729 3463 1784 καὶ
3511 1728 3715 1798 σφόδρα

438 1845 631 1900 Aetius
673 1844 720 1898 is
767 1849 904 1906 erat,
948 1854 1110 1912 quem
1167 1840 1298 1895 olim
1348 1836 1630 1903 Leontius,
1673 1835 1925 1891 Flaviani
1974 1846 2026 1890 et

2129 1831 2440 1903 χαλεπήνας
2465 1827 2603 1899 πρὸς
2636 1826 2736 1898 τὴν
2769 1824 3094 1899 ἐγκειμένην
3126 1821 3400 1885 ἀσέϐειαν,
3427 1822 3592 1892 ἤρετο
3624 1821 3715 1874 τὸν

441 1931 663 1989 Diodori
713 1932 1101 1986 accusationes
1122 1929 1355 1993 veritus,
1394 1927 1694 1983 diaconatu
1738 1926 2019 1997 privarat;

438 2024 712 2094 Georgius
765 2035 918 2084 vero,
958 2019 1223 2075 Ecclesiae
1262 2017 1649 2073 Alexandriam
1706 2014 2022 2080 insidiator,

441 2114 738 2183 impiorum
821 2124 1140 2166 sermonum
1214 2107 1668 2178 nefariorumque
1721 2114 2021 2161 conatuum

439 2202 745 2271 adjutorcm
788 2200 1055 2253 habuerat
1107 2217 1120 2253 :
1174 2209 1307 2252 tunc
1351 2212 1484 2253 vero
1523 2197 1665 2267 apud
1718 2197 2022 2251 Eudoxium

437 2290 670 2361 degebat
701 2303 808 2342 una
838 2303 963 2342 cum
988 2286 1279 2343 Eunomio.
1306 2286 1525 2343 Mortuo
1557 2288 1830 2358 siquidem
1859 2286 2025 2342 Leon-

441 2385 540 2448 tio,
594 2397 718 2437 cum
768 2380 1167 2436 Antiochenam
1210 2380 1511 2436 Ecclesiam
1566 2381 1859 2437 invasisset
1917 2380 2025 2434 Ett-

438 2474 659 2538 doxius,
686 2473 847 2528 rediit
873 2472 962 2528 ille
994 2472 1062 2526 ab
1093 2471 1349 2543 Egypto,
1391 2486 1577 2528 secum
1599 2473 1810 2529 ducens
1842 2472 2023 2527 Euno—

439 2567 637 2633 mium,
670 2574 724 2622 et
755 2564 1047 2621 sententiae
1089 2580 1203 2620 suae
1263 2572 1658 2635 congruentem
1704 2572 1868 2634 atque
1915 2577 2023 2617 una

440 2674 568 2714 cum
628 2657 906 2727 impietate
988 2654 1309 2727 Sybariticis
1375 2655 1588 2712 deliciis
1650 2655 2023 2726 indulgentem

442 2768 677 2809 cernens
705 2749 1037 2815 Eudoxium,
1057 2748 1459 2804 Antiochenam
1488 2747 1882 2803 habitationem
1914 2762 2023 2801 ca:-

443 2845 577 2901 teris
605 2840 947 2913 anteposuit,
996 2840 1183 2912 ibique
1216 2854 1341 2895 cum
1378 2837 1649 2894 Eunomio
1681 2838 1830 2893 illius
1863 2838 2025 2893 stiba-

442 2936 550 2991 diis
586 2935 786 2990 afﬁxus
818 2942 922 2990 est.
955 2932 1135 2988 Vitam
1178 2931 1324 2988 enim
1366 2931 1603 2985 ducebat
1642 2929 2021 3001 parasitieam,

440 3042 495 3085 et
521 3030 682 3085 modo
709 3029 777 3082 ad
815 3028 987 3095 hunc,
1027 3025 1189 3082 modo
1229 3026 1297 3081 ad
1357 3026 1513 3079 illum
1564 3024 1771 3079 ventris
1802 3031 1819 3047 ‘
1855 3040 2024 3079 causa

440 3124 580 3177 itare
612 3127 995 3176 consueverat.
1025 3117 1239 3184 Quibus
1264 3117 1468 3173 auditis
1516 3117 1816 3187 imperator
1849 3117 2024 3171 intro-

2130 1920 2381 1987 Εὑδόξιον
2410 1922 2456 1973 εί
2481 1919 2640 1982 αὐτὸς
2671 1916 2843 1971 ταῦτα
2866 1913 3204 1985 συνέγραψεν
3229 1914 3295 1967 ⁷⁸.
3335 1914 3392 1967 '0
3417 1913 3473 1966 δὲ
3500 1912 3715 1985 ἠρνήθη

2130 2012 2466 2085 παραυτίκα,
2497 2011 2589 2064 καὶ
2627 2008 2801 2063 ταῦτα
2822 2006 3159 2077 γεγραφέναι
3202 2004 3292 2058 τὸν
3336 2004 3543 2058 Ἀέτιον
3573 2004 3709 2072 ἔφη·

2128 2118 2220 2155 σεν
2265 2102 2332 2154 ⁷⁷.
2380 2101 2586 2164 Ἀέτιος
2629 2099 2686 2152 δέ
2716 2092 2870 2159 οὗτος
2909 2096 2956 2128 ⁷⁸
2996 2092 3085 2166 ἦν,
3127 2095 3186 2148 ὃν
3224 2094 3390 2148 πάλαι
3427 2095 3525 2166 μὲν
3555 2095 3717 2148 Λεόν-

2123 2210 2258 2259 τιος,
2292 2190 2391 2254 τάς
2423 2189 2724 2245 Φλαϐιανοῦ
2754 2189 2848 2242 καὶ
2878 2185 3032 2260 [HQ]
3060 2185 3326 2258 Διοδώρου
3378 2186 3715 2259 κατηγορίας

2124 2283 2500 2353 δεδειξάμενος
2518 2283 2590 2347 ⁷⁸,
2639 2283 2737 2351 τῆς
2771 2279 3045 2343 διακονίας
3081 2278 3367 2349 ἐγύμνωσε
3390 2294 3405 2308 ⁸
3443 2279 3717 2350 Γεώργιος

2125 2375 2180 2429 δὲ
2203 2377 2230 2428 6
2256 2375 2353 2446 τῆς
2390 2373 2783 2445 Ἀλεξανδρέων
2817 2370 3101 2433 ἐπίϐουλος
3124 2370 3385 2440 συνεργὸν
3408 2364 3522 2439 εἶχε
3553 2372 3646 2425 καὶ
3666 2368 3713 2402 ⁸⁸

2125 2467 2234 2521 τῶν
2278 2465 2557 2520 δυσσεϐῶν
2609 2464 2891 2536 ῥημάτων,
2925 2464 3018 2518 καί⁵
3050 2463 3161 2517 τῶν
3193 2462 3424 2516 ἀνοσίων
3455 2463 3497 2495 δ’
3532 2465 3713 2534 ἐγχει-

2130 2560 2422 2632 ρημάτων
2473 2558 2595 2612 τότε
2645 2560 2828 2629 μέντοι
2864 2555 2982 2627 μετ’
3044 2555 3320 2625 Εὐνομίου
3368 2553 3445 2626 τῷ
3482 2555 3716 2627 Εύδοξίῳ

2128 2652 2313 2723 συνῆν.
2341 2651 2593 2705 Λεοντίου
2618 2651 2728 2722 γὰρ
2751 2651 2815 2722 δὴ
2842 2652 3310 2725 τετελευτηκότος,
3336 2656 3430 2708 καὶ
3460 2654 3715 2721 Εύδοξίου

2125 2745 2224 2816 τῆς
2285 2743 2605 2814 Ἀντιοχέων
2677 2743 3002 2813 Ἐκκλησίας
3054 2746 3367 2816 ἡρπακότος
3422 2745 3521 2817 τὴν
3582 2764 3718 2819 προ.

2126 2836 2332 2907 εδρίαν,
2361 2836 2636 2905 ἐπανῆκεν
2686 2835 2794 2889 ἀπὸ
2825 2836 2924 2905 τῆς
2981 2837 3261 2907 Αἰγύπτου
3309 2839 3401 2893 τὸν
3450 2840 3718 2910 Εὐνόμιον

2128 2930 2297 3000 ἄγων,
2334 2929 2546 2983 καὶτὸν
2577 2927 2833 2993 Εὑδόξιον
2876 2928 3052 3000 εὑρὼν
3095 2930 3405 3002 ὁμόφρονα,
3437 2932 3531 2986 καὶ
3581 2933 3717 3001 πρὸς

2124 3025 2193 3093 τῇ
2243 3021 2533 3093 δυσσεϐείᾳ
2583 3021 2676 3074 καί⁵
2744 3020 3079 3093 Συϐαριτικῇ
3141 3022 3482 3093 κεχρημένον
3538 3024 3714 3094 χλιδῇ.

2129 3114 2349 3168 πάντων
2407 3113 2750 3184 προὺτίμησε
2796 3112 2895 3181 τὴν
2941 3113 2999 3165 ἐν
3051 3113 3350 3185 Ἀντιοχείᾳ
3396 3113 3714 3185 διατριϐήν·

441 3213 568 3267 duci
616 3213 784 3281 jussit
821 3209 1064 3272 Aetium,
1110 3218 1164 3263 et
1225 3208 1476 3277 ingresso
1518 3206 1815 3261 formulam
1876 3206 2023 3260 illam

2129 3207 2224 3260 καὶ
2251 3207 2349 3259 σὺν
2382 3181 2633 3276 Εὐνομίῲ
2664 3181 2783 3269 ταῖς
2816 3205 3026 3259 ἐκείνου
3058 3181 3386 3277 προσηλώθη
3404 3206 3451 3271 9⁸
3476 3181 3714 3264 στιϐάσι.

441 3305 709 3366 ostendit,
752 3301 1079 3372 rogavitque
1111 3315 1179 3354 an
1208 3299 1356 3355 illius
1383 3305 1581 3352 auctor
1610 3306 1780 3354 esset.
1813 3299 1879 3353 At
1912 3299 2023 3364 ille,

444 3410 628 3451 rerum
679 3401 957 3465 gestarum
991 3398 1045 3444 et
1087 3404 1351 3458 quorsum
1392 3390 1829 3459 interrogaretur
1871 3404 2026 3460 pror-

444 3503 542 3542 sus
570 3486 819 3557 ignarus,
860 3483 1188 3551 laudemque
1209 3480 1374 3551 897
1419 3495 1484 3535 ex
1521 3480 1871 3536 confessione
1899 3474 2026 3536 ade.-

444 3589 666 3648 ptnrunt
686 3591 744 3630 se
771 3584 946 3641 ratus,
968 3573 1161 3643 scripti
1182 3573 1331 3628 illius
1357 3580 1639 3627 auctorem
1668 3588 1726 3628 se
1745 3573 2028 3644 professus

440 3678 549 3723 est.
598 3667 737 3723 Tum
788 3668 1109 3737 imperator,
1158 3664 1459 3735 impietatis
1499 3673 1785 3737 perspecta
1819 3666 2031 3735 magni-

448 3758 661 3822 tudine,
696 3756 952 3812 exsulare
982 3771 1108 3809 mox
1131 3754 1309 3819 illum,
1340 3760 1394 3809 et
1430 3753 1483 3807 in
1528 3753 1705 3807 locum
1733 3752 2027 3824 quemdam

448 3851 697 3922 Phrygia:
731 3847 1014 3918 deportari
1051 3846 1242 3917 jussit.
1274 3845 1365 3900 Sic
1388 3845 1479 3901 ille
1504 3846 1731 3916 palatio,
1765 3844 2031 3916 blasphe-

446 3944 571 3999 miae
609 3942 853 3997 fructum
884 3940 1135 3996 referens
1184 3937 1497 4003 infamiam,
1537 3938 1878 4017 odeturhatus
1919 3944 2028 3993 est.

448 4033 771 4090 Eustathius
825 4048 957 4089 vero
1028 4031 1084 4086 in
1138 4031 1328 4087 eadem
1380 4031 1656 4087 sententia
1720 4031 2029 4085 Eudoxium

446 4127 609 4180 etiam
645 4138 773 4179 esse
794 4121 1134 4189 alﬁrmabat;
1165 4122 1381 4178 Aetium
1412 4121 1558 4176 enim
1582 4120 1704 4188 ejus
1732 4121 2028 4176 contuber-

449 4218 628 4272 nalem
672 4222 728 4270 et
773 4214 1063 4269 convivam
1119 4212 1318 4280 fuisse,
1357 4214 1592 4284 ejusque
1644 4212 1918 4287 voluntati
1969 4220 2032 4267 ut

446 4304 680 4362 serviret
712 4304 1105 4375 blasphemiam
1140 4304 1287 4359 illam
1325 4305 1666 4361 condidisse.
1698 4304 1876 4374 Atque
1898 4303 2031 4359 hinc

447 4400 581 4454 satis
608 4396 922 4469 argumenti
952 4411 1077 4452 esse
1106 4397 1313 4463 aiebat,
1351 4399 1635 4452 conscium
1675 4395 1840 4467 hujus
1885 4396 2030 4451 scri-

447 4490 653 4560 ptionis
696 4487 888 4554 fuisse,
925 4490 1073 4561 quod
1122 4498 1321 4559 praeter
1369 4490 1551 4559 ipsum
1600 4503 1761 4544 nemo
1810 4488 2027 4544 Aetium
2060 4528 2105 4584 Β

446 4581 593 4638 illius
625 4590 911 4637 auctorem
943 4581 1288 4636 memorarit.
1345 4579 1509 4650 Atqui
1548 4596 1614 4635 ex
1663 4579 2026 4648 conjecturis,

446 4672 523 4727 ait
558 4672 879 4743 imperator,
908 4671 1210 4728 decernere
1247 4671 1469 4739 judices
1496 4685 1606 4725 non
1650 4670 1872 4736 debent,
1929 4669 2027 4727 sed

444 4777 538 4818 res
567 4774 751 4835 gestas
777 4761 1072 4833 diligenter
1117 4761 1476 4833 investigare.
1516 4759 1617 4816 Cui
1654 4760 1976 4819 Eustathius
2010 4780 2024 4817 :

445 4851 637 4908 Fidem
665 4868 799 4924 ergo
829 4852 993 4909 nobis
1026 4852 1287 4909 omnibus
1323 4853 1492 4907 faciat
1521 4851 1804 4907 Eudoxius
1831 4868 1892 4907 se
1925 4852 2028 4906 ista

447 4959 556 4999 non
587 4943 812 5012 sentire,
851 4943 1204 4999 anathemate
1250 4943 1525 4998 damnans
1565 4943 1833 5011 scriptum
1860 4942 2026 4997 Aetii.

444 5035 620 5102 Quam
680 5036 1115 5105 postulationem
1168 5050 1294 5089 cum
1351 5035 1642 5104 probasset
1688 5034 2026 5104 imperator,

447 5136 614 5197 atque
673 5127 748 5179 ita
805 5127 926 5183 ﬁeri
978 5126 1292 5194 mandaret,
1340 5125 1740 5195 tergiversatus
1788 5133 1874 5179 est
1922 5123 2029 5177 Eu-

445 5219 666 5286 doxius,
725 5220 1028 5290 multisque
1070 5218 1247 5272 modis
1310 5218 1759 5289 provocationem
1799 5215 2023 5271 eludere

2129 3300 2235 3353 Τὸν
2273 3298 2383 3369 γὰρ
2412 3297 2520 3351 τῶν
2571 3297 2819 3352 κολάκων
2865 3297 3131 3368 ἐζηλώκει
3160 3298 3296 3370 βίον,
3339 3304 3436 3355 καὶ
3485 3299 3580 3356 νύν
3617 3302 3718 3372 μὲν

2132 3389 2285 3462 παρὰ
2310 3388 2523 3452 τοῦτον,
2562 3389 2655 3442 νῦν
2680 3386 2735 3441 δέ
2770 3388 2901 3459 παρ’
2943 3391 3148 3442 ἐκεῖνον
3171 3389 3395 3443 διετέλει
3427 3390 3627 3459 φοιτῶν
3656 3408 3717 3445 τε

2132 3482 2223 3536 καὶ
2277 3478 2725 3553 γαστριζόμενος.
2776 3480 2909 3533 Τότε
2964 3480 3147 3550 μέντοι
3197 3482 3227 3534 6
3275 3482 3529 3552 βασιλεὺς
3557 3484 3719 3538 τοῦτο

2138 3570 2350 3645 μαθὼν,
2402 3570 2724 3642 εἰσαχθῆναί
2766 3587 2827 3623 τε
2877 3571 3176 3641 προσέταξε
3224 3573 3315 3631 τὸν
3364 3574 3588 3642 Ἀέτιον,
3624 3577 3721 3631 καὶ

2130 3661 2562 3735 εἰσεληλυθότος,
2614 3661 2716 3732 τὴν
2775 3661 2991 3715 ἔκθεσιν
3033 3660 3248 3735 ἐκείνην
3272 3664 3534 3732 ἐπέδειξε,
3586 3685 3721 3721 πυν-

2132 3755 2426 3826 θανόμενος
2469 3754 2517 3807 εἰ
2566 3752 2729 3815 αὐτὸς
2781 3753 3023 3818 ἐκείνους
3060 3753 3297 3820 τετοκὼς
3343 3757 3429 3827 εἴη
3470 3759 3598 3823 τοὺς
3632 3758 3722 3812 λό-

2130 3862 2280 3915 γους.
2322 3846 2382 3900 Ὁ
2410 3846 2467 3899 δέ
2496 3845 2589 3899 καὶ
2622 3845 2688 3898 τὰ
2720 3847 3063 3915 γεγενημένα
3098 3847 3331 3918 πάμπαν
3361 3850 3592 3918 ἀγνοῶν,
3624 3851 3721 3904 καὶ

2129 3938 2222 3992 τὸν
2256 3940 2355 4009 τῆς
2386 3936 2631 4002 πεύσεως
2663 3939 2762 3992 οὐκ
2791 3939 3157 4009 ἐπιστάμενος
3188 3941 3411 4013 τρόπον,
3443 3944 3720 4015 εὐφημίαν

2130 4029 2187 4083 δὲ
2216 4030 2280 4083 ἐκ
2303 4030 2403 4098 τῆς
2434 4029 2723 4099 ὁμολογίας
2756 4029 3153 4101 καρπώσασθαι
3188 4033 3588 4104 προσδοκήσας,
3614 4036 3718 4109 ἔφη

2131 4120 2241 4174 τῶν
2277 4120 2452 4189 λόγων
2482 4121 2706 4174 ἐκείνων
2736 4119 2898 4185 αὐτὸς
2931 4117 3070 4175 εἶναι
3105 4123 3405 4196 γεννήτωρ.
3446 4125 3503 4179 Ὀ
3531 4125 3587 4178 δὲ
3619 4126 3720 4197 βα-

2135 4211 2334 4278 σιλεὺς,
2356 4211 2455 4282 τὴν
2474 4211 2575 4284 τῆς
2598 4211 2915 4275 δυσσεϐείας
2938 4213 3244 4286 ὑπερϐολὴν
3268 4216 3524 4285 κατιδὼν,
3558 4218 3722 4284 εὐθὺς

2131 4303 2296 4357 αὐτὸν
2353 4304 2776 4375 ἐξωστράκισεν,
2843 4304 2924 4371 είς
2982 4324 3036 4359 τι
3092 4307 3291 4378 χωρίον
3334 4309 3434 4380 τῆς
3480 4311 3721 4382 Φρυγίας

2132 4394 2445 4466 ἀπαχθῆναι
2493 4395 2778 4460 κελεύσας.
2825 4397 2935 4451 Καὶ
2988 4398 3196 4461 ἐκεῖνος
3247 4400 3345 4470 μὲν
3384 4400 3483 4471 τὴν
3516 4404 3577 4455 ἐκ
3622 4403 3721 4473 τῆς

2136 4485 2486 4558 βλασφημίας
2537 4487 2974 4559 καρπωσάμενος
3011 4489 3258 4561 ἀτιμίαν,
3303 4490 3566 4565 ἐξεϐλήθη
3611 4494 3721 4548 τῶν

2135 4577 2444 4650 βασιλείων.
2472 4577 2769 4642 Εὑστάθιος
2796 4578 2851 4632 δὲ
2881 4579 2976 4634 καὶ
3010 4580 3101 4634 τὸν
3139 4582 3387 4648 Εὐδόξιον
3419 4583 3520 4654 ἔφη
3546 4585 3720 4641 ταῦτα

2132 4673 2379 4742 φρονεῖν’
2442 4669 2688 4724 σύνοικον
2744 4670 2855 4743 γάρ
2919 4671 3084 4726 αὐτοῦ
3145 4674 3240 4727 καὶ
3306 4673 3556 4728 σύσσιτον
3627 4677 3719 4730 τὸν

2145 4762 2350 4815 Ἀέτιον
2395 4754 2557 4826 εῖναι,
2612 4761 2706 4815 καὶ
2753 4764 2818 4832 τῇ
2879 4760 3070 4816 τούτου
3116 4763 3313 4836 γνώμῃ
3366 4765 3720 4821 διακονοῦντα

2133 4853 2340 4911 ἐκεῖνον
2365 4851 2464 4923 τὴν
2493 4851 2841 4924 βλασφημίαν
2873 4856 3333 4924 συγγεγραφέναι.
3366 4857 3478 4911 Kal
3511 4860 3721 4929 τεκμή-

2139 4963 2252 5017 ριον
2277 4945 2462 5013 ἔλεγεν
2492 4941 2629 4998 εἶναι
2661 4946 2830 5015 σαφὲς
2858 4946 2953 4999 τοῦ
2995 4946 3294 5001 συνειδέναι
3331 4953 3442 5012 τοῖς
3468 4967 3718 5021 γεγραμ-

2140 5037 2339 5106 μένοις,
2359 5037 2419 5089 τὸ
2443 5036 2647 5107 μηδένα
2663 5036 2751 5089 έτε
2759 5053 2870 5107 ρον,
2888 5038 3004 5090 ἀλλ’
3024 5038 3185 5093 αὑτὸν
3202 5040 3479 5111 εἰρηκέναι
3511 5042 3716 5098 Ἀετίου

2137 5121 2396 5197 εἶναιτὴν
2425 5125 2658 5181 ἔκθεσιν.
2706 5127 2848 5181 Ἀλλ’
2876 5129 2938 5182 οὒ
2973 5130 3078 5202 χρὴ
3108 5131 3445 5198 τοπάζοντας
3487 5136 3611 5199 τοὺς
3639 5137 3720 5189 δι-

2132 5216 2396 5281 κάζοντας
2426 5216 2652 5288 κρίνειν,
2681 5219 2710 5271 6
2733 5217 2982 5287 βασιλεὺς
3007 5219 3135 5292 ἔφη,
3170 5221 3238 5275 τὰ
3264 5222 3321 5276 δὲ
3350 5226 3717 5297 πεπραγμένα

1709 5390 1943 5448 VARIAE
1985 5390 2391 5450 LECTIONES.

518 5535 566 5589 ⁷9⁵
596 5534 831 5605 σιγῆναι.
876 5537 1004 5591 Bas.
1050 5535 1224 5592 Graec.
1294 5536 1342 5569 ⁷⁸

442 5595 488 5627 ⁷⁸
527 5595 862 5665 αὑτός.”Βτιε.
898 5606 1072 5661 Graec.

1596 5532 1643 5567 ἧι·
1682 5560 1690 5567 .
1718 5532 1865 5567 Iliam
1965 5532 2012 5563 ⁸16

1177 5551 1224 5639 5..
1257 5532 1690 5623 ~73'916tAE6gu
1718 5530 1889 5587 Idem.
1965 5532 2012 5563 ⁷⁸
2047 5533 2446 5636 συγγέγραφεν,
2481 5533 2606 5591 Bas.
2662 5534 2837 5590 Graec.
2880 5548 2936 5592 et
2982 5537 3167 5610 Steph.
3276 5542 3321 5577 "
3364 5540 3492 5613 ἔφη.
3521 5539 3707 5597 Iidem.

1217 5678 1229 5683 _
1252 5604 1540 5683 ιξξαμξνος
1581 5602 1779 5683 Steph;
1804 5603 1839 5654 2
1861 5611 1918 5683 et
1946 5603 2181 5683 Qasaub.
2281 5604 2302 5635 °
2333 5605 2427 5683 καὶ
2466 5609 2620 5683 abest
2647 5623 2675 5659 a
2700 5605 2824 5683 Bas.
2856 5608 3061 5683 {haecL
3107 5610 3151 5642 ⁸·
3184 5609 3296 5683 H_oc
3327 5623 3412 5667 est
3439 5621 3491 5668 et
3520 5613 3707 5683 Steph.

2291 5550 2446 5613 αφεν,
2481 5533 2606 5613 Bas.
2662 5534 2837 5613 G_r:ec.
2865 5548 2936 5613 et
2982 5537 3167 5613 Steph.
3187 5609 3224 5613 __
3276 5542 3321 5577 "
3364 5540 3492 5613 ἔφη.
3521 5539 3711 5597 Iidem.

452 5674 486 5726 ὀὶ
513 5686 564 5752 et
593 5676 830 5752 Casaub.
877 5677 1092 5752 codice1
1128 5675 1230 5752 Sed
1260 5673 1591 5752 BaSJGranu
1642 5673 1921 5752 etISteph.
1966 5675 1990 5727 l
2038 5673 2427 5745 ἀνοσιουργῶν.
2504 5677 2549 5707 ⁸³
2591 5676 2985 5747 προσηλωθείς.
3030 5681 3155 5737 Bas.
3200 5680 3377 5737 Graec.
3403 5692 3457 5739 et
3516 5673 3706 5752 Steph.

453 5747 657 5800 omisso
686 5746 847 5815 paulo
882 5754 1005 5815 post
1026 5743 1123 5813 τῷ,
1148 5746 1275 5816 γὰρ,
1305 5754 1431 5802 ante
1457 5744 1562 5797 τῶν
1590 5742 1854 5797 κολάκων.
