4098 6444
343 447 480 512 1069

1300 451 1896 512 ECCLESIASTIC.E
1937 450 2322 510 IIISTORUE
2353 451 2500 515 LIB.
2535 451 2617 512 II.

3478 448 3612 512 1070

341 560 440 612 σὺν
475 558 732 631 ἀκριϐείᾳ
766 558 971 630 ζητεῖν.
999 560 1231 624 Οὑκοῦνξ
1260 560 1364 633 ἔφη
1393 563 1421 614 6
1454 561 1773 637 Εὐστάθιος,
1805 578 1922 615 πει-

2038 569 2260 616 :onatns
2286 571 2392 616 est.
2417 560 2664 616 Tandem
2709 559 2840 633 quia
2870 558 3265 634 indignabatur
3292 559 3611 632 imperator,

342 651 491 704 σάτω
537 652 745 717 πάντας
790 654 937 724 ἡμᾶς
987 652 1063 724 μὴ
1109 652 1284 708 ταῦτα
1315 656 1529 723 φρονεῖν
1577 656 1607 707 6
1654 653 1923 721 Εὑδόξιος,

341 742 755 813 ἅναθεματίζων
778 744 872 797 τοῦ
911 744 1118 799 Ἀετίου
1149 744 1207 798 τὸ
1236 744 1594 816 σύγγραμμα.
1627 745 1734 799 Τοῦ
1754 746 1810 800 δὲ
1833 746 1929 817 βα-

343 833 536 897 σιλέως
561 833 858 899 ἀσπαστῶς
871 835 918 868 ⁸³
938 835 1231 907 δεξαμένου
1260 836 1358 907 τὴν
1386 836 1623 905 αἴτησιν,
1651 837 1747 891 καὶ
1772 837 1929 892 τοῦτο

341 926 597 996 γενέσθαι
644 927 1094 998 προστεταχότος,
1152 927 1404 982 ἀνεδύετο
1444 929 1541 999 μὲν
1572 929 1601 981 6
1657 928 1926 995 Εὺδόξιος,

343 1018 438 1071 καὶ
472 1017 692 1081 πολλαῖς
724 1018 989 1091 ἐκέχρητο
1040 1022 1332 1090 μηχαναῖς,
1384 1020 1627 1075 ἐκκλῖναι
1655 1021 1755 1091 τὴν
1796 1020 1927 1092 πρό-

343 1109 536 1181 κλησιν
556 1109 621 1164 ³⁸.
658 1110 873 1180 Ἐπειδὴ
905 1111 963 1163 δὲ
992 1109 1324 1181 ἐχαλέπηνεν
1352 1113 1380 1165 ό
1407 1110 1677 1181 βασιλεὺς,
1708 1112 1802 1166 καὶ
1832 1111 1928 1164 σὺν

356 1203 547 1275 Ἀετίῳ
567 1203 804 1275 πέμψειν
832 1203 1147 1275 ἠπείλησεν,
1183 1204 1259 1270 ὼς
1284 1203 1378 1258 τοῦ
1406 1204 1696 1269 δυσσεϐοῦς
1724 1204 1928 1276 φρονή-

347 1312 517 1366 ματος
574 1295 848 1360 κοινωνὸν,
891 1294 988 1367 τὴν
1033 1296 1241 1349 οἰκείαν
1293 1296 1503 1369 ἠρνήθη
1552 1295 1926 1361 διδασκαλίαν,

345 1386 414 1457 ἣν
443 1387 537 1441 καὶ
568 1387 690 1441 τότε
740 1388 836 1441 καὶ
872 1386 1011 1458 μετὰ
1043 1387 1216 1443 ταῦτα
1255 1387 1407 1460 [H5]
1455 1387 1777 1460 πρεσϐεύων
1812 1387 1929 1442 δια⁹

346 1479 647 1536 τετέλεκεν.
701 1480 1077 1551 Ἀντεπήγαγε
1122 1479 1304 1550 μέντοι
1338 1480 1431 1535 καὶ
1461 1479 1625 1544 αὐτὸς
1656 1480 1769 1542 τοῖς
1801 1477 1932 1548 περὶ

347 1567 437 1621 τὸν
470 1567 790 1633 Εὐστάθιον,
833 1569 1029 1639 χρῆναι
1060 1568 1154 1623 καὶ
1179 1569 1378 1632 αὐτοὺς
1418 1567 1816 1639 ἁναθεματίσαι
1841 1566 1930 1620 λέ-

347 1677 458 1728 γων
489 1660 736 1731 ἄγραφον
763 1659 823 1713 δν
849 1659 944 1714 τοῦ
972 1660 1303 1729 ὁμοουσίου
1329 1659 1388 1712 τὸ
1416 1656 1735 1730 πρόσρημα.
1770 1655 1931 1711 Ἀλλὰ

350 1751 443 1806 καὶ¹
474 1752 534 1804 τὸ
569 1750 638 1815 ἐξ
666 1753 778 1805 οὐκ
821 1750 1035 1816 ὄντων,
1069 1751 1098 1804 6
1144 1749 1403 1814 Σιλεανδς
1434 1748 1560 1819 ἔφη,
1598 1748 1692 1803 καὶ
1722 1748 1783 1801 τὸ
1810 1748 1932 1801 κτί-

346 1857 491 1911 σμα,
527 1842 620 1896 καὶ
650 1842 711 1895 τὸ
748 1843 1131 1911 ἐτεροούσιον
1158 1841 1384 1913 ἄγραφα
1427 1841 1785 1910 τυγχάνοντα,
1836 1838 1931 1894 καὶ

2033 659 2088 707 et
2111 653 2366 707 exsilium
2393 668 2517 708 cum
2536 652 2716 719 Actio,
2749 654 2898 710 velut
2920 654 3100 724 impiae
3124 653 3414 709 sententia:
3440 652 3613 718 socio,

2035 743 2379 805 minabatur,
2442 742 2720 814 propriam
2803 745 2921 815 ipse
2977 742 3287 800 doctrinam
3353 741 3613 813 ejuravit,

2034 850 2201 905 quam
2229 845 2285 892 et
2319 838 2414 893 illo
2457 845 2728 908 tempore,
2779 845 2835 893 et
2892 845 3086 907 postea
3117 850 3335 907 semper
3367 834 3618 907 proﬁteri

2034 941 2146 982 non
2176 927 2410 983 destitit.
2448 930 2710 984 Attamen
2736 928 2941 999 objccit
2979 939 3035 986 ct
3065 931 3184 1000 ipse
3222 926 3469 985 vicissim
3500 925 3617 981 Eu-

2035 1019 2242 1076 atathio
2274 1029 2328 1075 et
2351 1021 2541 1087 sociis,
2587 1022 2851 1077 homousii
2880 1038 3100 1094 quoque
3127 1038 3348 1090 nomen,
3382 1019 3531 1092 quod
3562 1020 3618 1073 in

2037 1108 2344 1182 Scriptura:
2399 1127 2512 1167 non
2560 1119 2759 1179 exstet,
2824 1113 3088 1171 damnare
3140 1114 3293 1186 ipsos
3335 1119 3615 1184 oportere.

2040 1201 2147 1258 Sed
2193 1212 2247 1258 et
2292 1218 2357 1257 ea:
2387 1219 2491 1259 non
2518 1203 2874 1271 exstantibus,
2903 1206 2982 1259 ait
3011 1204 3294 1270 Silvanus,
3321 1213 3376 1261 et
3403 1212 3618 1258 creatu-

2038 1311 2177 1360 ram,
2206 1303 2262 1350 et
2295 1295 2520 1351 alterius
2561 1295 2897 1362 substantia},
2931 1313 3057 1367 quae
3085 1298 3143 1352 in
3186 1297 3478 1367 Scriptura
3504 1308 3616 1351 non

2039 1391 2190 1448 sunt,
2223 1393 2281 1439 et
2311 1401 2492 1456 neque
2528 1386 2583 1440 in
2612 1387 2971 1456 propheticis,
3007 1402 3186 1458 neque
3216 1387 3271 1441 in
3301 1384 3623 1457 apostolicis

2038 1476 2266 1547 scriptis
2312 1468 2483 1548 893
2535 1494 2770 1551 usquam
2828 1480 3225 1550 reperiuntur,
3283 1492 3502 1548 aequum
3536 1484 3623 1532 est

2040 1566 2169 1623 illos
2208 1583 2492 1639 respuere,
2522 1577 2689 1642 atque
2736 1586 2800 1626 ex
2833 1571 3040 1627 divinis
3092 1570 3334 1625 coetibus
3360 1567 3620 1623 extermi-
3716 1627 3723 1633 ,

2038 1670 2195 1712 nare.
2224 1654 2321 1713 His
2353 1672 2620 1715 assensus
2646 1667 2732 1716 est
2779 1661 3102 1730 imperator,
3142 1666 3198 1715 et
3232 1668 3290 1714 ut
3320 1656 3624 1713 anathema

2038 1747 2289 1805 dicerent
2317 1748 2629 1821 imperavit.
2666 1750 2749 1806 Illi
2783 1762 2967 1809 autem
2999 1752 3241 1823 primum
3278 1749 3503 1822 quidem
3532 1761 3623 1804 re-

2037 1847 2354 1912 pugnarunt
2383 1860 2398 1895 :
2442 1851 2633 1915 postea
2669 1860 2802 1901 vero
2830 1844 3182 1915 imperatoris
3212 1844 3353 1899 iram
3384 1855 3624 1899 cernen-

342 1933 471 1986 οὕτε
511 1936 895 2004 προφητικοῖς,
938 1931 1063 1987 οὔτε
1109 1932 1487 1996 ἀποστολικοῖς
1533 1930 1735 2000 λογίοις
1763 1948 1931 2001 προσ-

2038 1938 2140 1995 tes,
2172 1945 2316 2003 aegre
2367 1932 2612 2002 quidem,
2649 1935 2744 1992 sed
2783 1936 3117 1991 damnarunt
3154 1945 3339 1990 tamen
3385 1948 3450 1989 ea
3496 1948 3625 2003 quas

347 2026 601 2097 κείμενα,
626 2026 834 2080 δίκαιον
876 2026 1077 2090 αὐτοὺς
1113 2023 1483 2096 ἀποκηρῦξαι,
1534 2025 1627 2079 καὶ
1658 2024 1818 2078 θείων
1851 2022 1936 2091 ἐξ·

346 2118 537 2173 ελάσαι
586 2117 878 2185 συλλόγωνι
910 2116 1134 2181 Τούτοις
1186 2116 1280 2171 καὶ⁸
1312 2115 1565 2186 βασιλεὺς
1604 2115 1933 2187 ἐπεψήφισε,

293 2253 301 2259 .
346 2207 444 2263 καὶ
473 2206 894 2277 ἀναθεματίζειν
920 2206 1162 2270 ἐκείνους
1205 2206 1514 2260 ἐκέλευσεν.
1544 2209 1606 2261 υί
1646 2208 1702 2261 δὲ
1730 2208 1799 2261 τά
1835 2207 1936 2278 μὲν

348 2298 543 2370 πρῶτα
586 2300 666 2360 εἰς
698 2297 1008 2367 ἀντιλογίαν
1057 2296 1419 2352 καθίσταντοο
1456 2297 1683 2369 ὕστερον
1730 2288 1809 2365 δέ,
1838 2298 1935 2354 τοῦ

348 2391 616 2463 βασιλέως
645 2390 735 2444 τὸν
763 2391 935 2462 θυμὸν
968 2390 1316 2463 θεασάμενοι,
1346 2374 1787 2464 δυσχεραίνοντες
1812 2392 1930 2463 μὲν,

346 2484 703 2556 ἀπεκήρυξαν
736 2485 794 2539 δέ
825 2486 976 2553 ὅμως
1021 2486 1164 2558 άπερ
1195 2487 1224 2539 6
1265 2485 1523 2549 Σιλεανδς
1550 2487 1735 2551 αὐτοῖς
1763 2486 1936 2557 προῦ-

346 2595 544 2633 τεινεν.
589 2577 904 2633 Ἐπέκειντο
927 2577 984 2631 δὲ
1007 2576 1193 2632 λοιπὸν
1216 2576 1595 2650 σφοδρότερον,
1620 2577 1714 2630 τοῦ
1745 2579 1938 2648 όμοουσ-

349 2674 468 2726 σίου
503 2672 596 2725 τὸν
624 2670 1070 2742 άναθεματισμὸν
1099 2670 1572 2742 εἰσπραττόμενοι.
1619 2670 1782 2724 Ἀλλὰ
1812 2669 1938 2723 συλ-

347 2764 677 2835 λογιστικῶς
721 2782 783 2818 τε
812 2765 906 2818 καὶ
944 2763 1163 2834 άληθῶς
1214 2765 1243 2817 6
1273 2762 1534 2827 Σιλδανδς
1568 2763 1704 2835 πρός
1736 2780 1796 2815 τε
1840 2763 1937 2816 αὺ-

346 2859 474 2921 τοῦς
504 2858 597 2911 καὶ
624 2856 716 2910 τὸν
747 2855 971 2925 βασιλέα
995 2854 1099 2926 ἔφη
1121 2871 1134 2885 ·
1157 2855 1220 2909 Et
1242 2853 1303 2919 ἐξ
1330 2855 1429 2925 οὐκ
1454 2854 1624 2908 ὄντων
1644 2854 1742 2908 οὐκ
1768 2852 1935 2917 ἔστιν,

346 2950 474 3006 οὔτε
528 2951 753 3021 κτίσμα,
805 2948 928 3003 οὔτε
968 2948 1027 3015 ἐξ
1056 2947 1252 3018 ἐτέρας
1299 2946 1487 3011 οὐσίας
1519 2948 1549 3000 6
1576 2946 1709 3010 Θεὸς
1741 2946 1934 3014 Λόγος,

345 3042 633 3114 ὁμοούσιος
667 3042 775 3114 ἄρα
804 3040 921 3094 ἐστὶ
948 3038 1025 3110 τῷ
1055 3040 1406 3111 γεγεννηκότι
1434 3037 1576 3110 Θεῷ,
1604 3037 1679 3103 ὡς
1705 3037 1838 3101 Θεὸς
1872 3038 1938 3091 ἐκ

346 3136 508 3200 Θεοῦ,
540 3137 633 3189 καὶ
664 3134 780 3205 φῶς
809 3135 873 3188 ἐκ
901 3134 1100 3203 φωτὸς,
1125 3133 1219 3187 καὶ
1247 3134 1346 3204 τὴν
1374 3131 1542 3203 αὐτὴν
1568 3130 1681 3201 ἔχει
1709 3130 1786 3200 τῷ
1816 3147 1938 3199 γεν-⁸

346 3230 537 3300 νήτορι
585 3227 766 3297 φύσιν.
837 3225 999 3281 Ἀλλὰ
1054 3223 1229 3279 ταῦτα
1264 3224 1363 3292 μὲν
1409 3224 1505 3277 καὶ
1553 3220 1794 3285 δυνατῶς
1842 3222 1937 3276 καὶ

2037 2021 2296 2078 Silvanus
2348 2035 2734 2096 proposuerat.
2773 2026 2914 2082 Tum
2960 2028 3243 2085 instabant
3278 2026 3382 2097 ipsi
3415 2025 3486 2081 de
3515 2040 3624 2080 ca:-

2038 2122 2158 2168 tero
2180 2114 2590 2183 vehementius,
2630 2114 2942 2188 ﬂagitantes
2974 2125 3032 2171 ut
3056 2115 3369 2171 homousion
3393 2113 3624 2168 damna-

2035 2217 2210 2263 retur.
2243 2208 2351 2265 Scd
2379 2208 2644 2266 Silvanus
2665 2213 2684 2234 ‘
2726 2211 2793 2267 ad
2832 2211 2957 2267 illus
2993 2219 3049 2267 et
3094 2212 3490 2282 imperatorem
3525 2224 3620 2264 ar-

2037 2309 2166 2371 gute
2219 2310 2272 2357 et
2297 2316 2428 2358 vere
2469 2320 2484 2357 :
2527 2300 2584 2356 Si
2623 2301 2773 2359 Deus
2815 2301 3079 2370 Verbum,
3141 2302 3342 2373 inquit,
3392 2317 3461 2359 ex
3508 2316 3621 2357 non

2035 2392 2389 2450 exstantibus
2414 2408 2526 2449 non
2548 2402 2657 2462 est,
2691 2410 2870 2466 neque
2902 2403 3181 2461 creatura,
3222 2411 3400 2467 neque
3432 2410 3502 2452 ex
3534 2394 3621 2449 αι.

2038 2492 2155 2540 tera
2198 2487 2533 2551 substantia,
2571 2488 3073 2544 consubstantialis
3129 2495 3217 2544 est
3273 2488 3468 2559 utique
3508 2486 3623 2543 Deo

2037 2577 2131 2647 qui
2157 2578 2367 2648 genuit,
2393 2586 2457 2633 ut
2485 2578 2628 2635 Deus
2651 2580 2720 2635 de
2750 2579 2881 2642 Deo,
2914 2589 2969 2638 et
2992 2582 3176 2636 lumen
3208 2581 3278 2636 de
3309 2581 3537 2644 lumine,
3567 2590 3625 2635 et

2037 2669 2287 2724 eamdem
2343 2685 2468 2725 cum
2505 2669 2764 2728 Genitore
2812 2681 3068 2726 naturam
3106 2672 3289 2728 habet.
3326 2671 3462 2739 Quae
3498 2672 3627 2727 licet

2037 2760 2108 2816 ab
2133 2761 2229 2817 illo
2264 2760 2421 2815 ﬁrma
2455 2769 2512 2817 et
2566 2778 2700 2818 vera
2756 2763 2973 2819 ratione
3013 2763 3359 2826 dicerentur,
3390 2764 3625 2820 audien-

2040 2853 2177 2908 tium
2202 2861 2387 2909 tamen
2415 2855 2622 2911 nemini
2658 2864 3059 2927 persuaserunt
3094 2877 3110 2913 :
3146 2858 3244 2913 sed
3288 2858 3507 2913 clamor
3534 2858 3625 2914 in-

2039 2961 2173 3017 gens
2196 2947 2451 3003 sublatus
2475 2957 2561 3002 est
2589 2948 2768 3018 partis
2800 2948 2988 3003 Acacii
3026 2957 3082 3005 et
3129 2949 3388 3006 Eudoxii.
3431 2947 3624 3021 Itaque

2039 3038 2303 3095 incensus
2349 3040 2672 3110 imperator,
2727 3039 2992 3097 Ecclesiis
3040 3055 3100 3097 se
3130 3041 3256 3097 illos
3309 3041 3622 3111 ejecturum

2040 3129 2286 3186 minatus
2324 3138 2430 3185 est;
2475 3130 2574 3186 Cui
2605 3129 2865 3187 Eleusius
2895 3139 2949 3186 et
2990 3128 3270 3198 Silvanus,
3310 3147 3436 3187 cum
3462 3140 3626 3188 caete-

2040 3222 2141 3287 ris,
2167 3222 2221 3275 in
2254 3223 2427 3292 ipsius
2469 3230 2742 3292 potestate
2765 3223 2933 3279 situm
2966 3238 3090 3280 esse
3110 3223 3442 3294 supplicium
3465 3223 3626 3280 dixe-

347 3288 567 3391 dinﬂibg
597 3288 841 3390 εἰρήκει·
882 3317 1132 3370 ἐπείθετο
1157 3316 1212 3369 δέ
1252 3288 1360 3369 τῶν
1404 3315 1687 3389 παρόντων
1719 3312 1895 3375 οὐδείς
1920 3329 1932 3342 ·

2043 3321 2194 3377 runt,
2238 3313 2291 3367 in
2328 3328 2425 3369 sua
2455 3314 2712 3383 pietatem
2744 3314 2827 3370 vel
2864 3312 3236 3384 impietatem;
3271 3323 3531 3372 caeterum
3563 3331 3628 3372 se

346 3415 485 3475 ἀλλὰ
512 3413 607 3485 βοή
634 3429 696 3466 τε
730 3410 897 3481 πολλὴ
929 3410 1039 3464 τῶν
1085 3409 1213 3481 περὶ
1258 3408 1514 3462 Ἀκάκιον
1561 3407 1654 3461 καὶ
1685 3405 1934 3470 Εὐδόξιον

348 3508 581 3578 ἐγίνετο,
612 3505 708 3561 καὶ
736 3505 764 3558 6
795 3503 1046 3575 βασιλεὺς
1077 3501 1402 3571 ἐχαλέπηνε,
1431 3499 1526 3554 καὶ
1548 3499 1657 3554 τῶν
1703 3499 1935 3569 Ἐκκληη

354 3598 490 3654 σιῶν
520 3597 795 3662 ἐξελάσειν
814 3595 1134 3666 ἠπείλησεν.
1170 3591 1443 3655 Ἐλεύσιος
1458 3590 1515 3643 δὲ
1540 3590 1634 3643 καὶ
1656 3588 1935 3653 Σιλδανὸς,

348 3692 450 3745 σὺν
474 3692 587 3752 τοῖς
614 3687 811 3751 ἄλλοις,
841 3687 934 3741 καὶ
963 3684 1123 3739 αὐτὸν
1155 3682 1365 3752 ἔφασαν
1393 3681 1641 3749 ἐξουσίαν
1671 3681 1815 3752 ἔχειν
1840 3684 1938 3752 τῆς

346 3781 639 3853 τιμωρίας,
685 3780 780 3833 καὶ
829 3779 971 3847 σφᾶς
1024 3775 1222 3838 αὐτοὺς
1275 3774 1378 3842 τῆς
1425 3772 1710 3836 εὐσεϐείας
1740 3772 1775 3843 ἢ
1808 3771 1935 3825 δυσσ-

350 3872 595 3935 σεϐείας·
640 3871 702 3925 οὐ
749 3869 855 3940 μὴν
899 3865 1238 3939 προήσεσθαι
1265 3868 1364 3937 τὴν
1383 3864 1639 3935 πατρῴαν
1682 3864 1937 3941 διδασκα-

346 3965 492 4019 λίαν.
557 3963 616 4017 Ὀ
648 3962 705 4016 δὲ
743 3959 1144 4023 Κωνστάντιος,
1201 3956 1498 4028 θαυμάζειν
1528 3954 1659 4010 ’δέον
1713 3955 1807 4009 καὶ
1840 3953 1938 4025 τὴν

356 4055 575 4124 σοφίαν,
625 4055 720 4108 καὶ
774 4053 873 4123 τὴν
911 4051 1187 4122 ἀνδρείαν,
1235 4049 1376 4120 ὑπὲρ
1407 4046 1515 4101 τῶν
1562 4045 1937 4101 ἀποστολικῶν

2040 3406 2350 3461 doctrinam
2412 3406 2639 3463 Patrum
2698 3424 2809 3464 non
2854 3408 3198 3480 prodituros.
3260 3408 3624 3466 Constantinus

2040 3513 2195 3563 vero,
2228 3513 2355 3553 cum
2388 3499 2652 3555 admirari
2686 3515 2880 3557 eorum
2914 3501 3242 3572 sapientiam
3267 3510 3322 3557 et
3349 3501 3629 3558 fortitudi-

2044 3604 2191 3654 nem,
2227 3601 2393 3659 atque
2443 3589 2499 3644 in
2541 3591 2766 3647 tuendis
2817 3590 3139 3661 apostolicis
3175 3591 3528 3661 dogmatibus
3560 3591 3631 3645 Ιίν-

2046 3681 2316 3737 bertatem
2356 3681 2607 3746 deberet,
2640 3683 2907 3739 Ecclesiis
2938 3683 3065 3740 illos
3092 3685 3324 3754 expulit,
3379 3686 3637 3755 aliosque

2043 3788 2233 3829 eorum
2281 3775 2404 3830 loco
2456 3776 2747 3847 subrogari
2803 3779 3084 3849 praecepit.
3149 3776 3306 3832 Tunc
3362 3778 3629 3848 temporis

2041 3861 2714 3934 Constantinopolitanam
2782 3864 3086 3921 Ecclesiam
3138 3879 3233 3934 per
3277 3863 3628 3934 tyrannidem

2041 3955 2333 4024 occupavit
2365 3954 2672 4022 Eudoxius,
2723 3956 2926 4028 Cyzico
2961 3963 3144 4011 autem
3193 3953 3474 4010 Eleusium
3514 3953 3631 4025 pel-

2042 4047 2241 4111 lentes,
2276 4046 2612 4102 Eunomium
2648 4048 2772 4119 ejus
2802 4048 2923 4103 loco
2948 4047 3375 4103 substituerunt.
3482 4070 3485 4077 ν
3514 4034 3526 4045 ’

347 4148 640 4217 δογμάτων
661 4146 997 4227 παρρησίαν,
1030 4147 1158 4209 τοὺς
1191 4146 1289 4216 μὲν
1310 4142 1540 4214 ἐξήλασε
1569 4140 1678 4195 τῶν
1710 4141 2068 4213 Ἐκκλησιῶν,
2100 4143 2320 4213 ἐτέρους
2351 4143 2408 4198 δὲ
2440 4144 2557 4198 ἀντ’
2583 4145 2764 4199 αὐτῶν
2788 4143 3127 4215 καταστῆναι
3155 4141 3477 4215 προσέταξε.
3497 4141 3631 4201 Τότε

352 4240 454 4312 τῆς
482 4239 580 4309 μὲν
600 4237 1221 4301 Κωνσταντινουπόλεως
1241 4236 1288 4268 ⁸⁸
1321 4234 1646 4306 Ἑκκλησίας
1669 4237 1697 4287 6
1716 4235 1762 4266 ⁸⁸
1795 4235 2045 4300 Εὐδόξιος
2074 4238 2413 4308 τυραννικῶς
2439 4237 2673 4311 ἁρπάζει
2697 4237 2792 4293 τὸν
2816 4236 3003 4310 θρόνον
3019 4253 3034 4269 ο
3067 4235 3171 4308 τῆς
3188 4236 3247 4291 δὲ
3267 4235 3507 4302 Κυζίκου
3539 4235 3634 4296 τὸν

365 4331 637 4393 Ἐλεύσιον
668 4331 1019 4399 ἐξελάσαντες
1039 4330 1131 4395 λε’,
1159 4330 1276 4384 ἀντ’
1317 4327 1530 4383 ἐκείνου
1575 4325 1918 4398 κατέστησαν
1944 4328 2034 4383 τὸν
2074 4329 2360 4400 Εὐνόμιον.

937 4490 1188 4547 ΚΕΦΑΛ.
1230 4490 1352 4546 KA'.
1698 4562 1703 4567 ο

421 4608 726 4678 Συνοδυιὴ
764 4605 1062 4674 ἐπιστολὴ
1100 4603 1396 4676 γραφεῖσα
1425 4604 1576 4657 κατὰ
1617 4602 1865 4656 Ἀετίου.

426 4725 540 4780 Καὶ
572 4724 777 4778 τούτων
808 4720 866 4777 δὲ
912 4720 1090 4783 οὕτως
1122 4716 1525 4789 γεγενημένων,
1554 4713 1941 4785 ἀποκηρυχθῆ-

2525 4480 2697 4552 399
2732 4477 2884 4537 CAP.
2920 4477 3111 4534 xxw.

2226 4594 2473 4665 Epistola
2497 4594 2753 4666 synodica
2785 4603 2973 4648 contra
3001 4592 3209 4647 Aetium
3232 4591 3450 4661 scripta.

2120 4709 2219 4766 His
2255 4709 2328 4763 ita
2363 4708 2557 4779 gestis,
2614 4706 2835 4763 Aetium
2898 4705 3104 4776 scripto
3161 4702 3412 4759 damnari
3458 4700 3627 4773 jussit

349 4835 442 4870 ναι
483 4815 576 4869 τὸν
620 4815 825 4868 Ἀέτιον
858 4811 1152 4883 ἐγγράφως
1182 4807 1485 4882 προσέταξε
1525 4805 1780 4877 βασιλεύς
1805 4822 1819 4836 ο
1855 4804 1934 4860 καὶ

2051 4800 2352 4872 imperator
2381 4819 2395 4857 :
2431 4800 2520 4854 cui
2562 4798 3011 4870 obtemperantes
3062 4794 3369 4867 impietatis
3394 4809 3629 4851 consor-

347 4909 454 4980 τῆς
486 4904 807 4969 δυσσεϐείας
838 4905 887 4958 οἱ
932 4903 1180 4958 κοινωνοὶ
1227 4898 1543 4960 πεισθέντες
1589 4894 1945 4967 άπεκήρυξαν

345 5001 446 5055 τὸν
478 5000 777 5069 ὁμόφρονα.
815 4995 1105 5068 Ἔγραψαν
1149 4993 1206 5049 δέ
1241 4993 1336 5049 καὶ
1376 4991 1511 5062 πρὸς
1544 4988 1812 5059 Γεώργιον
1853 4988 1948 5040 τὸν

347 5094 455 5162 τῆς
487 5087 885 5157 Ἀλεξανδρέων
909 5085 1211 5159 ἡγούμενον
1235 5082 1302 5137 τὰ
1330 5081 1471 5137 κατὰ
1500 5078 1689 5150 τοῦτον
1714 5076 1947 5148 μηνύον-

345 5197 467 5243 τες.
511 5177 656 5248 Ἐγὼ
696 5179 754 5231 δὲ
787 5178 947 5249 τήνδε
980 5176 1078 5248 τὴν
1129 5175 1421 5246 ἐπιστολὴν
1453 5171 1665 5243 ἐνθήσω
1711 5172 1777 5241 τῇ
1812 5186 1944 5237 συγ-

347 5274 568 5343 γραφῇ,
593 5269 693 5342 τὴν
720 5269 945 5324 ἐκείνων
971 5268 1273 5340 μοχθηρίαν
1298 5264 1626 5327 ἐπιδεικνύς.
1654 5260 1808 5335 [114]
1833 5262 1943 5319 Καὶ

348 5365 467 5435 γάρ
501 5365 613 5427 τοῖς
643 5361 1080 5433 συμφρονοῦσι⁸⁷
1118 5361 1212 5415 καὶ
1246 5361 1357 5421 τοῖς
1392 5353 1731 5423 ἀντιλέγουσι
1761 5367 1937 5423 παρα·

347 5455 601 5527 πλησίως
629 5455 946 5525 ἐκέχρηντο.

2040 4901 2123 4948 tes
2157 4891 2449 4948 sententia
2477 4906 2594 4947 suae
2628 4889 2843 4946 socium
2883 4889 3345 4945 condenmarunt.
3378 4884 3630 4958 Sci-ipsc'

2039 4990 2170 5038 runt
2222 4983 2391 5038 etiam
2453 4983 2520 5039 de
2575 4982 2670 5037 illo
2724 4980 2791 5036 ad
2851 4977 3149 5050 Georgium
3196 4977 3630 5034 Alexandrinum

2039 5075 2351 5143 epistolam,
2382 5089 2547 5145 quam
2580 5074 2800 5145 quidem
2843 5071 3091 5127 historia
3136 5068 3397 5134 inseram,
3430 5074 3490 5121 ut
3536 5082 3632 5122 eo-

2040 5183 2161 5221 rum
2220 5167 2547 5238 improbitas
2628 5164 2902 5237 pateﬁat:
2946 5163 3149 5234 quippe
3214 5160 3310 5231 qui
3366 5158 3632 5216 doetrime

2044 5274 2159 5313 sua:
2212 5258 2462 5314 faventes
2518 5266 2572 5312 et
2619 5254 2983 5329 adversarios.
3014 5269 3125 5309 non
3166 5250 3422 5308 dissimili
3465 5249 3631 5306 modo

2045 5349 2354 5406 tractarint.

1662 5616 1900 5674 νΑῐιιΑς
1939 5613 2343 5672 LECTIONES.

429 5813 479 5847 ⁸³
510 5811 813 5873 ἀσπασίως.
840 5809 959 5864 Bas.
991 5806 1163 5862 Graer.
1224 5804 1269 5838 "‘
1302 5803 1656 5874 πρόσκλησιν.
1688 5799 1854 5855 idem.
1920 5797 1966 5829 ⁸³
1997 5792 2683 5874 ιιξωνσταντινουπολιτῶνζ
2700 5792 2848 5874 Idem
2872 5805 2996 5874 cunt!
3027 5788 3217 5861 Steph.
3277 5788 3323 5821 “
3349 5787 3630 5844 Articulus

355 5885 525 5940 abest
578 5884 647 5938 ab
705 5869 956 5950 utroque.
1032 5879 1098 5911 ’θ’
1129 5869 1472 5941 ἐξελάσές-
1500 5869 1827 5935 κατέστησε,
1860 5870 1980 5927 Bas.
2011 5869 2183 5926 Graec.

2294 5868 2336 5899 ⁸⁷
2393 5862 2765 5937 συμφωνοῦσι.
2812 5862 2934 5920 Bas.
2957 5860 3130 5919 Graec.
