4124 6426
518 410 654 475 1070

1491 412 1981 477 TIIEODORETI
2036 412 2377 473 EPISCOPI
2414 416 2784 478 CYRENSIS

3643 416 3778 486 1080

512 522 792 593 Deumque
829 538 928 594 pro
951 520 1216 581 Romanis
1257 537 1506 594 pugnare
1535 521 1695 576 dixit.
1730 519 1795 574 Et
1836 518 2071 591 indigna-

2191 520 2292 592 τὴν
2326 520 2522 594 αἴγλην
2555 525 3006 598 ἐκπεμπομένην.
3059 524 3317 593 Terram;
3372 529 3427 584 δὲ
3487 523 3627 584 εῖναι
3684 534 3775 587 τὸν

504 617 658 672 tione
687 618 936 686 percitus
968 618 1139 673 miser
1170 618 1424 687 sagittam
1462 613 1613 670 misit
1646 614 1698 667 in
1729 628 1945 678 aerem,
1981 626 2088 666 non

506 710 768 780 ignorans
793 710 992 780 conligi
1045 725 1170 765 eum
1222 725 1331 764 non
1386 722 1547 777 posse
1582 706 1676 776 qui
1733 705 1985 773 corporis
2016 704 2089 759 sit

504 818 724 873 expers,
757 802 851 858 sed
885 801 1088 857 furoris
1124 790 1385 871 impetum
1420 815 1529 853 non
1562 798 1760 854 ferens.
1785 796 1924 851 Tum
1959 812 2090 852 vero

506 894 865 949 admirandus
903 892 1177 963 Ephrzem,
1214 892 1458 963 scriptor
1508 891 1653 946 inter
1720 888 1895 961 Syros
1946 904 2088 959 prae-

503 985 906 1053 stantissimus,
938 984 1206 1041 Jacobum
1242 985 1423 1040 oravit
1448 984 1612 1055 907
1649 992 1707 1038 ut
1737 982 1940 1038 mmnia
1965 997 2091 1038 con-

501 1080 815 1144 seenderet.
879 1089 934 1137 et
969 1080 1245 1137 Barbaros
1307 1082 1629 1147 contuitus,
1683 1077 2087 1135 exsecrationis

502 1175 557 1228 in
588 1188 684 1230 eos
731 1174 839 1228 tela
869 1174 1195 1244 conjireret.
1244 1172 1434 1229 Paruit
1483 1173 1570 1226 vir
1599 1172 1854 1237 divinus,
1889 1179 1939 1227 et
1973 1180 2089 1225 tur-

499 1264 603 1321 rim
636 1265 930 1336 quamdam
966 1265 1328 1329 conscendit,
1360 1275 1416 1320 et
1454 1263 1917 1319 innumerabilem
1965 1277 2087 1317 cer-

500 1373 640 1413 nens
664 1357 1099 1425 multitudinem,
1119 1358 1509 1414 exsecratione
1538 1356 1644 1412 alia
1673 1372 1780 1411 non
1808 1364 1896 1412 est
1925 1373 2083 1424 usus,

499 1450 597 1506 sed
627 1450 879 1521 siniphes
908 1459 962 1505 et
982 1452 1189 1507 culices
1226 1451 1281 1505 in
1307 1465 1404 1506 eos
1429 1450 1649 1505 immitti
1677 1449 2000 1521 postulavit,
2025 1459 2085 1504 ut

498 1558 569 1598 ex
600 1543 829 1599 minutis
866 1543 1117 1599 bestiolis
1164 1543 1512 1620 auxiliatoris
1566 1541 1864 1612 potentiam
1914 1557 2085 1613 agno.

499 1643 740 1690 seercnt.
765 1635 986 1692 Orontis
1004 1643 1191 1689 votum
1222 1644 1424 1691 secutae
1452 1642 1580 1689 sunt
1608 1633 1884 1699 siniphum
1914 1641 1967 1688 et
1987 1649 2085 1687 cu—

498 1724 665 1780 licum
708 1724 919 1789 nubes,
951 1740 1073 1795 qua:
1101 1740 1267 1780 cavas
1310 1724 1675 1794 proboscides
1705 1723 2082 1794 elephantum,

496 1832 900 1888 equorumque,
930 1825 985 1872 et
1010 1817 1347 1887 reliquorum
1375 1817 1754 1887 jumentorum
1785 1832 1950 1873 aures
1980 1832 2077 1871 na-

435 1979 441 1984 _
498 1926 694 1982 resque
723 1911 1158 1983 compleverunt.
1185 1910 1289 1978 Qui
1319 1926 1446 1966 eum
1486 1909 1948 1965 animalculorum
1981 1910 2080 1963 im-

495 2003 839 2073 pressionem
867 2005 1011 2062 ferre
1047 2020 1153 2061 non
1181 2014 1428 2075 possent,
1467 2004 1646 2075 ruptis
1680 2004 1846 2071 loris,
1876 2018 2080 2059 excus-

494 2096 684 2166 sisque
729 2095 1077 2157 sessoribus.
1111 2095 1337 2151 ordines
1376 2094 1691 2148 turbarunt.
1739 2093 1933 2163 Itaque
1984 2107 2081 2147 ca-

492 2188 628 2243 stris
651 2187 861 2244 relictis
891 2187 946 2242 iu
998 2187 1341 2258 repentinam
1396 2185 1580 2257 fugam
1646 2200 1705 2241 se
1763 2185 2077 2240 dederunt:

491 2287 656 2351 atque
690 2280 766 2336 ita
801 2297 896 2337 rex
934 2280 1391 2364 infelicissimus,
1433 2294 1604 2352 parva
1652 2280 1875 2349 lenique
1913 2282 2081 2335 casti-

489 2373 713 2441 gatione
762 2371 857 2429 Dei
907 2372 1029 2444 pios
1074 2373 1416 2445 protegentis
1444 2373 1591 2427 vires
1644 2370 1909 2437 edoctus,
1943 2370 2073 2426 inde

489 2480 551 2520 se
589 2465 817 2537 recepit,
864 2482 933 2522 ex
985 2466 1283 2523 obsidione
1338 2466 1433 2521 illa
1466 2465 1748 2521 infamiam
1801 2464 2069 2531 referens,

486 2572 597 2629 non
634 2557 947 2619 victoriam.

491 2670 644 2724 μενοι
666 2654 775 2706 τῶν
798 2653 1055 2724 ζωῦφίων
1091 2654 1191 2726 τὴν
1217 2654 1549 2726 προσϐολὴν,
1578 2653 1707 2718 τούς
1738 2672 1798 2708 τε
1829 2654 2069 2724 ῥυτῆρας
2106 2650 2448 2721 ἀπέρρηξαν.
2487 2653 2585 2706 καὶ
2605 2653 2650 2685 ³⁸
2687 2653 2819 2716 τοὺς

2205 611 2494 683 Ῥωμαίων
2544 614 2769 685 βασιλέα
2791 615 2857 682 ³⁵,
2910 618 3138 674 θάνατον
3194 621 3461 691 ἠπείλησε
3510 625 3622 686 τοῖς
3698 624 3775 696 μὴ

2196 707 2450 772 παρεῖναι
2496 702 2687 762 τοῦτον
2726 706 3156 781 ἀπηγγελκόσιν.
3214 711 3665 785 Ἰσχυριζομένων
3716 716 3776 769 δέ

2194 798 2418 852 ἐκείνων
2474 798 2647 871 ἀληθῆ
2720 799 2859 855 εἶναι
2912 804 2981 856 τὰ
3049 804 3181 877 παρ’
3230 805 3412 860 αὐτῶν
3480 806 3773 878 εἰρημένα,

2191 890 2403 943 καὶτὸν
2433 892 2810 948 Κωνστάντιον
2854 896 2913 949 ἐν
2953 894 3256 970 Ἀντιοχείᾳ
3295 895 3505 968 διάγειν
3549 899 3771 970 είρηκόο

2189 997 2319 1046 των,
2352 981 2567 1052 ἐπέγνω
2592 985 2691 1056 τῆς
2716 985 2893 1056 ὅψεως
2931 987 3004 1042 τὰ
3036 988 3351 1060 μηνύματα,
3392 990 3487 1044 καὶ
3516 989 3610 1045 τὸν
3636 989 3777 1044 Θεὸν

2189 1072 2295 1142 ἔφη
2325 1073 2434 1127 τῶν
2482 1076 2770 1148 Ῥωμαίων
2803 1081 3164 1153 ὑπερμαχεῖν.
3218 1082 3328 1135 Καὶ
3365 1083 3702 1154 δυσχεράνας
3742 1083 3775 1136 6

2188 1168 2453 1235 δείλαιος,
2487 1169 2643 1239 βέλος
2676 1172 2889 1244 ἀφῆκεν
2929 1174 3009 1237 είς
3036 1174 3130 1229 τὸν
3162 1173 3331 1246 ἀέρα,
3361 1174 3517 1238 εἰδὼς
3549 1176 3648 1246 μὲν
3694 1174 3775 1239 ὡς

2186 1262 2249 1316 οὐ
2284 1261 2437 1333 βαλεῖ
2471 1262 2562 1317 τὸν
2599 1263 2893 1335 ἀσώματον
2917 1305 2932 1332 ,
2985 1266 3085 1337 τῆς
3129 1264 3186 1318 δὲ
3222 1265 3420 1337 μανίας
3449 1266 3550 1339 τὴν
3590 1265 3773 1337 ῥύμην

2188 1354 2289 1411 οὐκ
2334 1344 2597 1424 ἐνεγκῶν,
2641 1356 2776 1410 Τότε
2819 1356 3061 1428 Ἐφραίμ
3109 1359 3137 1411 ὁ
3168 1356 3493 1428 θαυμάσιος,
3528 1374 3772 1427 συγγρα-

2188 1447 2325 1514 φεὺς
2370 1447 2426 1501 δὲ
2471 1439 2629 1513 οὗτος
2671 1449 2893 1521 ἄριστος
2925 1442 3079 1522 παρὰ
3122 1450 3319 1523 Σύροις
3372 1452 3623 1519 ἐγένετο,
3678 1450 3778 1504 τὸν

2189 1540 2331 1592 θετον
2377 1539 2635 1594 Ἰάκωϐον
2683 1541 3039 1619 ἡντιϐόλησεν
3091 1542 3351 1613 ἐπιϐῆναι
3399 1542 3492 1596 τοῦ
3532 1542 3774 1613 τείχους,

2187 1628 2342 1704 [119]
2384 1633 2479 1686 καὶ
2507 1632 2634 1697 τοὺς
2674 1633 2987 1705 βαρϐάρους
3024 1635 3173 1699 ἰδεῖν,
3219 1635 3315 1689 καὶ
3345 1634 3449 1705 τῆς
3478 1635 3619 1706 ἀράς
3647 1650 3774 1688 κατ’

2187 1721 2368 1776 αὐτῶν
2410 1722 2634 1792 ἀφιέναι
2664 1725 2734 1777 τὰ
2780 1724 2933 1795 βέλη.
2985 1724 3149 1789 Elia;
3189 1724 3254 1796 δὴ
3296 1720 3389 1779 οὖν
3420 1726 3451 1779 ὁ
3482 1724 3765 1787 θεσπέσιος

2185 1814 2492 1886 ἄνθρωπος,
2530 1816 2701 1886 ἀνέϐη
2739 1817 2839 1886 μὲν
2869 1819 2950 1882 εἷς
2974 1834 3097 1872 τινα
3125 1817 3336 1890 πύργον
3358 1833 3374 1848 ’
3409 1816 3471 1870 τὸ
3492 1816 3547 1870 δὲ
3572 1815 3767 1887 μυρίον

2186 1907 2387 1978 πλῆθος
2421 1907 2563 1972 ἰδὼν,
2598 1907 2768 1981 ἄλλην
2809 1909 2910 1980 μὲν
2955 1910 3056 1964 οὐκ
3089 1909 3303 1981 ἀφῆκεν
3332 1910 3497 1980 ἀρὰν,
3535 1911 3767 1972 σκνῖπας

2182 1999 2240 2052 δὲ
2291 2000 2475 2064 αὐτοῖς
2530 2001 2794 2073 ἐξῄτησεν
2851 2001 3265 2074 ἐπιπεμφθῆναι
3319 2002 3417 2055 καὶ
3474 1999 3765 2064 κώνωπας,

2183 2090 2325 2145 ὥστε
2353 2092 2447 2146 καὶ
2467 2092 2557 2147 διὰ
2579 2093 2689 2147 τῶν
2715 2094 2930 2165 μικρῶν
2954 2092 3206 2163 ζωῦφίων
3242 2093 3337 2147 τοῦ
3373 2093 3558 2163 σφίσιν
3594 2094 3767 2163 ἐπαρ-

2181 2183 2409 2249 κοῦντος
2444 2185 2746 2253 ἐπιγνῶναι
2773 2186 2873 2256 τὴν
2908 2187 3163 2256 δύναμιν.
3197 2187 3398 2241 Εἵπετο
3444 2185 3502 2238 δὲ
3533 2187 3599 2255 τῇ
3629 2184 3762 2256 εὐχῇ

2182 2276 2291 2331 τῶν
2323 2277 2569 2331 σκνιπῶν
2603 2278 2839 2333 καὶτῶν
2887 2280 3170 2334 κωνώπων
3203 2279 3273 2333 τὰ
3317 2279 3486 2350 νέφη·
3526 2278 3620 2331 zeal.
3655 2275 3765 2330 τῶν

2185 2367 2285 2438 μὲν
2317 2367 2631 2437 ἐλεφάντων
2669 2370 2770 2435 τὰς
2801 2371 3141 2444 προνομαίας
3167 2372 3215 2404 ³⁵
3263 2371 3560 2435 αύλοειδείς
3590 2387 3764 2438 πεφυο

2178 2460 2338 2524 κυίας
2369 2460 2633 2533 ἐπλήρου,
2664 2462 2773 2516 τῶν
2803 2465 2860 2517 δὲ
2892 2464 3098 2532 ἵππων,
3133 2464 3227 2519 καὶ
3270 2464 3382 2519 τῶν
3424 2464 3600 2518 ἄλλων
3627 2480 3761 2534 κτη-

2184 2554 2313 2619 νῶν,
2345 2554 2413 2609 τά
2443 2572 2502 2608 τε
2528 2549 2644 2612 ὦτα
2669 2556 2766 2611 καὶ
2786 2557 2888 2621 τὰς
2915 2559 3086 2629 ῥῖνας.
3117 2556 3182 2611 0i
3209 2557 3266 2611 δὲ
3297 2557 3484 2628 φέρειν
3513 2557 3575 2610 ού
3606 2554 3766 2609 δυνάι-

2904 2653 3316 2725 ἐποχουμένους
3395 2653 3762 2723 κατήνεγκαν,

485 2750 588 2820 τήν
639 2767 701 2803 τε
753 2748 910 2817 τάξιν
965 2750 1241 2821 συνέχεον.
1295 2748 1369 2802 Τό
1431 2765 1493 2801 τε
1567 2747 1932 2818 στρατόπεδον
1980 2748 2406 2814 καταλιπόντες,
2458 2746 2661 2816 ἔφυγον
2697 2748 3071 2817 κατακράτος.
3115 2747 3307 2811 Οὕτως
3352 2748 3377 2800 ὁ
3452 2744 3766 2818 τρισάθλιος

488 2842 746 2914 βασιλεὺς
792 2844 860 2914 τῇ
916 2843 1128 2913 σμικρᾷ
1158 2842 1201 2874 ³⁷
1258 2841 1354 2896 καὶ
1416 2839 1790 2911 φιλανθρώπῳ
1848 2837 2069 2910 παιδείᾳ
2105 2838 2202 2891 τοῦ
2233 2838 2344 2892 τῶν
2401 2837 2778 2892 εὐσεϐούντων
2860 2837 3320 2910 προμηθουμένου
3396 2837 3534 2892 Θεοῦ
3586 2854 3767 2908 μεμα-

485 2934 671 3007 θηκὼς
695 2936 796 3007 τὴν
828 2936 1014 3008 ίσχὺν,
1040 2934 1330 3002 ἀνέζευξεν
1361 2935 1601 3001 ἐκεῖθεν,
1648 2934 1915 3007 αἰσχύνην
1938 2973 1953 3001 ,
2004 2933 2067 2987 ού
2101 2933 2260 3006 νίκην
2281 2975 2296 3000 ,
2329 2933 2395 2987 ἐκ
2420 2933 2521 3004 τῆς
2550 2932 2871 3005 πολιορκίας
2896 2933 3261 3005 δρεψάμενος.

777 3050 931 3107 CAP.
956 3050 1170 3108 XXVII.
1204 3050 1304 3125 [Β.
1334 3051 1414 3107 St.
1452 3051 1551 3107 Ch.
1589 3050 1655 3106 V.
1692 3054 1783 3107 51.

490 3145 561 3201 De
584 3144 788 3217 synodo
817 3146 1165 3209 Antiochum,
1217 3154 1266 3199 et
1284 3162 1423 3217 fluat
1450 3146 1525 3199 ibi
1555 3156 1704 3215 gesta
1734 3155 1857 3201 sunt
1882 3155 2069 3201 contra

785 3246 787 3248 -
997 3225 1241 3270 sanctum
1274 3214 1567 3271 Meletium.

2772 3051 3029 3107 ΚΕΦΑΛ.
3064 3053 3192 3106 ΚΖ’.

2177 3145 2319 3215 Περὶ
2368 3144 2478 3211 τῆς
2522 3144 2593 3199 ἐν
2633 3143 2953 3215 Ἀντιοχείᾳ
2995 3143 3398 3213 γεγενημένης
3458 3142 3766 3212 συνόδουν
3803 3145 3807 3149 '

2246 3216 2345 3341 ςὲαὶ
2374 3216 2494 3269 τῶν
2513 3215 2664 3270 κατὰ
2686 3214 2794 3269 τὸν
2844 3214 3015 3284 ἅγιον
3044 3215 3337 3270 Μελέτιον
3375 3216 3581 3272 αὐτόθι
3610 3232 3764 3286 συμ-

2286 3304 2502 3342 arnor.

553 3372 665 3429 [ioc
698 3380 944 3443 tempore
977 3373 1370 3431 Constantinus
1393 3374 1696 3430 Antiochiae
1727 3376 2067 3430 morabatur.

2247 3378 2408 3434 Κατὰ
2429 3378 2618 3432 τοῦτον
2635 3378 2690 3432 δὲ
2705 3377 2795 3432 τὸν
2811 3378 3002 3449 χρόνον
3025 3378 3054 3431 ὀ
3084 3377 3465 3442 Κωνστάντιος
3485 3379 3543 3431 ἐν
3559 3378 3763 3430 Ἀντιο-

483 3468 539 3523 Is
564 3464 747 3537 quiete
774 3465 1051 3531 restituta,
1079 3473 1134 3521 et
1160 3464 1386 3521 Persico
1433 3466 1576 3522 bello
1629 3465 1902 3532 confecto,
1948 3469 2067 3537 epi-

481 3571 682 3628 scopos
710 3572 908 3612 rursus
931 3556 1278 3623 convocavit,
1306 3571 1498 3613 omnes
1540 3565 1650 3612 tum
1693 3557 1759 3612 ad
1792 3558 2067 3626 ejusdem,

480 3659 597 3704 tum
628 3648 696 3704 ad
718 3648 951 3705 diversae
980 3649 1306 3705 substantiae
1324 3650 1670 3720 negationem
1701 3650 2063 3720 compellens.

478 3742 728 3799 Eudoxio
742 3753 944 3806 autem,
968 3744 1059 3814 qui
1090 3751 1211 3814 post
1230 3742 1514 3799 Leontium
1536 3743 1721 3799 sedem
1746 3745 1891 3798 illam
1914 3744 2070 3798 inva—

477 3844 651 3905 serat,
679 3836 809 3893 inde
841 3847 966 3907 post.
997 3837 1254 3908 expulso,
1296 3847 1351 3892 et
1380 3836 1913 3906 Constantinopolim
1943 3843 2066 3904 post

468 3924 722 4002 synodos
755 3930 1071 4001 complures
1100 3937 1298 3984 contra
1319 3930 1462 4000 leges
1496 3927 1908 3999 intruso.908
1951 3927 2065 3981 Αη·

479 4024 733 4081 tiochena
791 4022 1037 4080 Ecclesia
1100 4031 1325 4094 pastore
1384 4022 1649 4078 destituta
1696 4029 2060 4075 remanserat.

476 4115 633 4172 Tunc
666 4117 833 4188 igitur
867 4115 1131 4187 episcopi,
1155 4116 1250 4186 qui
1296 4115 1544 4185 undique
1594 4114 1806 4169 collecti
1839 4112 2061 4183 plurimi

475 4209 723 4273 aderant,
763 4215 892 4263 ante
920 4207 1105 4263 omnia
1151 4214 1429 4277 pastorem
1475 4205 1623 4276 gregi
1661 4202 2059 4275 assignandum

474 4318 601 4357 esse
625 4301 868 4363 aiebant,
899 4298 1098 4355 deinde
1136 4315 1242 4354 una
1287 4314 1412 4354 cum
1464 4298 1565 4352 illo
1594 4298 1661 4352 de
1710 4295 2062 4365 dogmatibus

474 4390 927 4446 consultandum.
957 4389 1065 4446 Per
1088 4391 1229 4447 idem
1262 4400 1481 4460 tempus
1509 4390 1731 4445 divinus
1765 4387 2018 4442 Melctius
2043 4426 2058 4451 ,

475 4485 768 4556 cujusdam
828 4484 983 4541 urbis
1033 4484 1312 4539 Armeniae
1362 4484 1635 4545 antistes,
1708 4481 2057 4536 subditorum

474 4580 720 4635 oll‘cnsus
750 4576 1144 4642 inobedientia,
1165 4577 1273 4631 alio
1301 4591 1360 4631 se
1391 4574 1726 4637 contulerat,
1770 4572 1958 4643 ibique
2004 4573 2055 4627 in

473 4673 586 4726 otio
634 4670 886 4741 degebat.
945 4668 1104 4725 Hunc
1150 4667 1339 4722 Ariani
1405 4665 1725 4736 conspirare
1768 4682 1953 4722 secum
2004 4676 2058 4721 et

471 4765 741 4819 doctrina:
763 4779 878 4818 sua:
906 4763 1191 4817 adhaerere
1220 4761 1493 4824 arbitrati,
1525 4760 1811 4830 postulant
1851 4775 1880 4813 a
1913 4760 2060 4815 Con-

473 4854 679 4908 stantio
726 4863 787 4907 ut
833 4851 1141 4906 Ecclesiam
1208 4851 1603 4907 Antiochenam
1652 4851 1706 4905 ei
1765 4851 2058 4920 regendam

473 4943 807 5000 committat.
848 4940 1064 4996 Nullam
1125 4942 1329 5013 quippe
1394 4944 1568 5012 legem
1634 4957 1745 4997 non
1798 4942 2063 4997 audacter

471 5035 776 5099 violabant,
805 5033 935 5090 dum
968 5034 1300 5104 impietatem
1326 5034 1573 5089 stabilire
1594 5033 1842 5097 student,
1868 5032 2063 5088 funda-

474 5137 829 5199 mentumque
876 5126 985 5182 illis
1023 5134 1139 5182 erat
1192 5127 1545 5193 blasphemia:
1572 5125 1779 5196 jurium
1815 5126 2061 5178 onmium

474 5219 862 5290 transgressio.
898 5216 1065 5273 Multa
1095 5218 1242 5273 enim
1281 5218 1558 5289 ejusmodi
1588 5218 1779 5272 multis
1829 5217 1882 5270 in
1912 5216 2053 5273 locis

473 5321 764 5373 novarum.
788 5313 1224 5381 Apostolicornm
1242 5327 1374 5367 vero
1389 5311 1704 5382 dogmatum
1730 5318 2051 5374 sectatores,

471 5403 674 5467 quibus
709 5406 889 5474 magni
920 5404 1118 5459 Meletii
1143 5413 1197 5460 et
1231 5405 1439 5459 sanitas
1494 5404 1786 5462 doctrinae,
1846 5412 1899 5456 et
1931 5402 2054 5457 vita:

476 5502 734 5559 praeterea
763 5495 1007 5559 claritas,
1033 5478 1364 5565 virtutisque
1394 5494 1674 5566 opulentia
1714 5493 1874 5564 plane
1924 5508 2051 5564 pcr-

2177 3472 2300 3544 χεία
2321 3471 2577 3544 διέτριϐε.
2622 3472 2806 3543 Τῆςδὲ
2861 3469 3153 3541 ἀνακωχῆς
3196 3470 3516 3542 γενομένης,
3553 3469 3648 3522 καὶ
3665 3469 3758 3522 τοῦ

2176 3564 2448 3635 Περσικοῦ
2506 3563 2858 3634 παυσαμένου
2911 3562 3174 3633 πολέμου,
3232 3563 3396 3617 πάλιν
3430 3560 3760 3623 ἐπισκόπους

2176 3658 2526 3728 συνήθροισεν
2558 3657 2858 3726 ἀρνηθῆναι
2873 3655 3079 3719 πάντας
3096 3656 3190 3707 καὶ
3212 3655 3274 3708 τὸ
3288 3653 3573 3725 δμοούσιον
3586 3653 3758 3720 ἀναγ-

2172 3749 2379 3812 κάζων,
2398 3748 2491 3801 καὶ
2520 3747 2582 3802 τὸ
2613 3746 2973 3819 ἐτεροούσιον.
3001 3745 3253 3812 Εύδοξίου
3274 3745 3328 3798 δὲ
3351 3744 3491 3816 μετὰ
3508 3744 3758 3797 Λεόντιον

2174 3842 2379 3894 ἐκεῖνον
2407 3839 2498 3893 τὸν
2522 3838 2709 3909 θρόνον
2739 3840 3107 3911 ἁρπάσαντος,
3137 3833 3257 3891 εἶτα
3273 3837 3635 3903 ἐξελαθέντας,
3664 3836 3757 3889 καὶ

2177 3935 2313 4004 μετὰ
2338 3932 2538 3995 πολλὰς
2586 3933 2833 3995 συνόδους
2851 3930 2952 4002 τὴν
2980 3929 3549 3984 Κωνσταντινούπολιν
3579 3945 3756 3999 παρα-

2173 4026 2351 4095 νόμως
2366 4025 2783 4095 κατεσχηκότος,
2797 4027 2830 4095 ἡ
2850 4022 3166 4093 Ἀντιοχέων
3181 4021 3381 4093 Ἐκκλη
3390 4022 3478 4075 σία
3501 4022 3756 4091 ποιμένος

2169 4118 2451 4189 ἐστέρητο.
2478 4118 2611 4170 Τότε
2656 4117 2725 4189 δὴ
2769 4112 2861 4169 οὖν
2885 4117 2936 4169 οἱ
2979 4114 3399 4186 συνεληλυθότες
3428 4113 3753 4175 ἐπίσκοποι,

2168 4209 2354 4262 πολλοὶ
2398 4210 2453 4262 δὲ
2514 4206 2655 4279 ἦσαν
2710 4208 2977 4263 πάντοθεν
3036 4206 3442 4276 συνειλεγμένοι
3463 4207 3530 4269 ³⁸,
3556 4208 3754 4276 χρῆναι

2168 4301 2353 4369 ἔλεγον
2385 4302 2756 4372 προϐληθῆιαι
2786 4301 3052 4371 πρότερον
3083 4301 3149 4370 τῇ
3193 4298 3399 4372 ποίμνῃ
3432 4299 3622 4369 νομέα,
3652 4294 3753 4350 εἷθ’

2167 4394 2311 4448 οὕτω
2354 4397 2505 4464 κοινῇ
2540 4395 2639 4447 σὺν
2686 4395 2880 4465 ἐκείνῳ
2940 4394 3068 4464 περὶ
3114 4392 3402 4461 δογμάτων
3461 4391 3751 4462 βουλεύσα-

2170 4487 2312 4541 σθαι.
2340 4487 2476 4541 Κατ’
2501 4489 2708 4542 ἐκεῖνον
2734 4487 2790 4540 δὲ
2815 4487 2907 4541 τὸν
2951 4486 3144 4556 καιρὸν
3201 4485 3464 4549 Μελέτιος
3490 4488 3519 4538 ὁ
3548 4485 3751 4538 θεσπέ-

2169 4597 2282 4643 σιος
2331 4579 2482 4633 πόλιν
2530 4581 2651 4633 τινά
2690 4583 2790 4649 τῆς
2834 4578 3125 4649 Ἀρμενίας
3188 4576 3405 4642 ἰθύνων,
3476 4573 3597 4631 εἶτα
3639 4577 3752 4631 τῶν

2167 4672 2493 4742 ἀρχομένων
2535 4671 2596 4723 τὸ
2628 4671 2877 4741 δυσὴνιον
2930 4669 3292 4741 δυσχεράνας,
3341 4669 3572 4742 ἡσυχίαν
3614 4666 3751 4741 ἦγεν

2163 4764 2391 4836 ἑτέρωθι
2450 4763 2764 4835 διατρίϐων.
2813 4761 3013 4817 Τοῦτον
3054 4763 3453 4831 ὑπονοήσαντες
3480 4763 3524 4793 ³⁸
3567 4764 3614 4816 οἱ
3648 4762 3750 4831 τῆς

2169 4857 2381 4929 Ἀρείου
2411 4857 2720 4929 συμμορίας
2743 4858 3024 4928 ὁμόφρονα
3047 4850 3208 4920 εἶναι,
3239 4856 3333 4909 καὶ
3362 4855 3619 4909 κοινωνὸν
3639 4855 3750 4908 τῶν

2159 4950 2464 5018 δογμάτων,
2525 4948 2793 5020 ἐξῄτησαν
2823 4950 2915 5004 τὸν
2976 4949 3355 5003 Κωνστάντιον
3413 4947 3591 5017 τούτῳ
3646 4947 3749 5014 τῆς

2173 5039 2490 5110 Ἀντιοχέων
2519 5040 2845 5111 Ἐκκλησίας
2877 5038 3211 5110 παραδοῦναι
3232 5038 3330 5102 τὰς
3357 5039 3534 5109 ἡνίας.
3558 5039 3746 5092 Πάντα

2161 5133 2270 5203 γάρ
2293 5134 2455 5202 νόμον
2493 5132 2824 5203 παρέϐαινον
2853 5133 3046 5198 ἀδεῶς,
3092 5131 3355 5205 κρατῦναι
3413 5130 3746 5204 πειρώμενοι

2160 5224 2257 5294 τὴν
2289 5222 2545 5275 ἀσέϐειαν
2569 5237 2585 5254 ο
2631 5223 2725 5276 καὶ
2765 5224 2873 5277 τῶν
2908 5222 3128 5292 θεσμῶν
3164 5224 3196 5293 ἡ
3237 5221 3550 5292 παράϐασις
3608 5222 3745 5273 ὑπο-

2161 5314 2337 5384 ϐάθρα
2397 5314 2496 5383 τῆς
2555 5313 2904 5385 βλασφημίας
2959 5315 3170 5384 ἐγίνετο
3239 5313 3415 5366 Πολλὰ
3437 5312 3495 5365 δέ
3517 5310 3745 5366 τοιαῦτα

2163 5404 2426 5475 πολλαχοῦ
2465 5406 2567 5476 γῆς
2628 5406 2995 5475 ἐνεόχμωσαν.
3046 5407 3106 5458 Οἱ
3134 5405 3190 5459 δὲ
3228 5403 3336 5457 τῶν
3370 5402 3745 5458 ἀποστολικῶν

2161 5496 2511 5568 ἀντεχόμενοι
2550 5497 2859 5568 δογμάτων,
2910 5495 3006 5550 τοῦ
3049 5496 3285 5568 μεγάλου
3328 5495 3592 5549 Μελετίου
3646 5493 3744 5546 καὶ

1717 5667 1952 5725 VARLE
2010 5669 2416 5726 LECTIONES.

569 5781 612 5816 "
639 5786 748 5837 τῶν
786 5784 1073 5853 Ῥωμαίων
1102 5787 1189 5838 τὸν
1214 5786 1457 5853 βασιλέα,
1489 5785 1674 5839 Iidem.

1774 5785 1817 5815 ³⁵
1848 5786 2168 5855 προνομίας.
2200 5786 2385 5841 Iidem.

2491 5788 2655 5865 "imi.
2682 5788 2843 5865 addit
2866 5791 2990 5865 Bas.
3016 5791 3190 5849 (Irrue.
3270 5794 3315 5826 ³⁷
3347 5794 3538 5865 μικρᾷ.
3585 5791 3732 5848 idem

477 5867 599 5909 cum
625 5855 812 5927 Steph.
892 5857 938 5887 ³⁸
965 5856 1307 5925 συνηγμένοι.
1344 5856 1462 5911 Bas.
1500 5855 1671 5911 Grece.
1753 5856 1794 5885 ³³
1831 5856 2320 5929 Ὑποτοπήσαντες.
2358 5859 2479 5914 Bas.
2511 5857 2681 5915 (lucc.
2718 5870 2766 5916 ct
2813 5861 3003 5933 Steph.
3046 5865 3094 5919 Ι.
