4124 6432
501 407 520 465 1
533 406 640 469 033

1493 397 1981 461 TlIEODOBETl
2015 397 2355 461 EPISCOPI
2385 400 2752 463 CYRE'NSIS

3636 407 3768 474 1084

493 518 641 571 dicta
674 514 886 570 fuerant
916 531 928 568 :
970 533 986 565 ι
1026 512 1256 567 Salvaus
1290 508 1440 563 salva
1472 508 1710 561 animam
1748 516 1895 562 tuam
1928 518 1965 544 ω
2007 529 2025 560 ο
2054 525 2068 572 ;

2204 510 2312 574 τοὺς
2351 512 2448 581 μὲν
2480 513 2587 565 τῶν
2632 508 3008 567 ἀποστολικῶν
3043 514 3433 585 ἀντεχομένους
3462 517 3770 588 δογμάτων,

496 620 608 663 tum
647 608 1082 678 evangelicarum
1127 605 1326 673 legum,
1363 617 1487 671 qua:
1516 611 1700 670 aperte
1718 601 2040 671 prmeipiuut
2068 620 2079 655 :

499 721 520 754 ι
563 700 619 755 Si
654 701 848 755 oculus
882 701 1042 753 ‘tuus
1072 698 1263 752 dexter
1291 694 1630 750 scandalizat
1662 702 1732 757 te,
1763 708 1897 748 erue
1927 707 2078 755 cum,

495 804 550 848 et
572 792 778 862 projice
810 791 910 844 abs
936 798 986 844 te
1012 797 1061 842 υ.
1103 786 1460 856 »Ειιάεηιῳιθ
1518 784 1659 841 etde
1724 784 1862 855 pede
1907 792 1962 839 et
2016 783 2084 839 de

500 899 666 937 manu
710 880 975 936 Dominus
1012 878 1217 943 sanxit,
1282 884 1337 932 et
1389 876 1642 931 addidit:
1678 894 1697 926 ι
1746 875 1956 929 Bonmn
1997 883 2083 932 est

496 975 616 1038 tibi,
652 983 710 1027 ut
750 982 933 1043 pereat
968 987 1137 1026 unum
1173 985 1237 1026 ex
1291 969 1553 1025 men'ibris
1607 969 1719 1024 tuis
1750 1008 1767 1032 ,
1834 975 1889 1024 et
1958 984 2069 1023 non

2195 604 2289 656 καὶ
2331 605 2626 673 προφανῶς
2659 606 3120 676 πολεμουμένους,
3153 609 3247 661 καὶ
3273 608 3512 680 κρύϐδην
3556 611 3776 665 ὲπιδουυ

2191 695 2534 766 λευομένους,
2575 696 2669 751 καὶ
2699 698 2792 749 τὸν
2830 698 2929 766 μὲν
2959 697 3103 751 θεῖον
3134 699 3458 766 ἐξελαθέντα
3484 700 3775 767 Μελέτιον,

2191 787 2433 854 Εὐζώῖον
2461 789 2518 843 δὲ
2544 789 2634 843 τὸν
2667 791 2766 861 τῆς
2798 792 3061 861 αἱρέσεως
3095 792 3409 864 προστάτην
3475 794 3593 847 ἀντ’
3630 795 3773 847 ὲκεί-

2191 897 2284 934 νου
2336 880 2433 952 τὴν
2484 882 2777 954 προεδρίαν
2814 883 3129 954 δεξάμενον,
3184 887 3292 938 τῶν
3344 885 3481 957 πρὸς
3520 886 3613 939 τὸν
3652 884 3778 940 Λὼτ

2192 971 2612 1043 ἀνεμνήσθησαν
2637 976 2947 1045 εἰρημένων
2973 992 2986 1005 ·
3015 994 3033 1026 ι
3062 974 3259 1039 Σώζων
3289 975 3431 1040 σῶζε
3471 977 3571 1046 τὴν
3616 993 3780 1030 σεαυ-

495 1073 670 1118 totum
700 1078 903 1134 corpus
939 1074 1090 1117 tuum
1117 1063 1368 1116 mittatur
1392 1061 1446 1115 in
1464 1061 1796 1130 gehennam;
1839 1080 1857 1114 ι
1893 1060 2082 1116 Eccle-

2204 1064 2281 1116 τοῦ
2303 1065 2510 1137 ψυχήν·
2552 1085 2570 1117 ›
2611 1068 2748 1138 πρὸς
2778 1067 2836 1121 δὲ
2860 1068 2925 1138 δὴ
2950 1066 3181 1131 τούτοις,
3204 1068 3301 1122 καὶ
3331 1069 3439 1122 τῶν
3473 1068 3777 1137 Εὐαγγελιο

496 1155 593 1210 size
620 1155 804 1225 itaque
830 1154 1029 1209 divisio
1056 1154 1122 1207 ad
1160 1153 1308 1208 hunc
1343 1152 1566 1207 modum
1598 1152 1744 1208 facta
1774 1162 1880 1209 est.

2191 1154 2305 1208 κῶν
2327 1157 2533 1226 νόμων,
2558 1157 2608 1210 οἳ
2641 1160 2828 1229 σαφῶς
2858 1159 3300 1231 διαγορεύουσιν·
3336 1180 3354 1213 ι
3381 1160 3547 1214 Είὸδτ
3575 1159 3779 1229 ὀφθαλ-

499 1246 597 1320 μὸς
624 1264 718 1300 σου
757 1249 785 1299 6
806 1246 975 1313 δεξιὸς
1004 1245 1346 1312 σκανδαλίζει
1375 1261 1455 1310 σε,
1490 1244 1721 1315 ἔκκοψον
1753 1244 1937 1308 αὐτὸν,
1982 1244 2078 1298 καὶ
2119 1243 2246 1314 βάλε
2276 1248 2384 1301 ἀπὸ
2415 1249 2529 1304 σού.
2559 1270 2577 1303 ι
2611 1251 2796 1305 Ταῦτα
2821 1252 2879 1305 δὲ
2905 1254 2998 1306 καὶ
3034 1253 3162 1324 περὶ
3196 1252 3379 1324 χειρὸς
3438 1254 3536 1307 καὶ
3619 1253 3790 1317 ποδὸς·

496 1338 824 1408 ὁΔεσπότης
876 1339 1263 1414 ἐνομοθέτησε,
1326 1338 1423 1391 καὶ
1462 1336 1855 1407 προστέθεικει
1894 1354 1911 1388 ι
1942 1334 2218 1407 Συμφέρει
2280 1338 2391 1410 γάρ
2436 1357 2540 1407 σοι,
2576 1342 2661 1405 ἵνα
2715 1343 2985 1415 ἀπόληται
3026 1343 3085 1397 ἓν
3138 1345 3248 1397 τῶν
3306 1343 3483 1414 μελῶν
3504 1361 3621 1407 σου,
3684 1340 3781 1397 καὶ

502 1433 578 1505 μὴ
600 1432 721 1486 ὅλον
751 1434 811 1486 τὸ
856 1433 1017 1504 σῶμά
1075 1450 1169 1487 σου
1211 1431 1383 1503 βληθῇ
1440 1433 1517 1496 είς
1548 1431 1791 1501 γέενναν.
1830 1450 1847 1483 ι
1928 1432 1992 1485 Ἦ
2062 1430 2163 1501 μὲν
2201 1427 2295 1487 οὖν
2342 1435 2441 1500 τῑπς
2477 1437 2807 1508 Ἐκκλησίας
2854 1438 3123 1509 διαίρεσις
3181 1435 3373 1491 τοῦτον
3422 1437 3515 1492 τὸν
3577 1435 3783 1508 τρόπον

502 1527 741 1595 ἐγένετο.

748 1615 900 1670 me.
935 1614 1174 1670 xxvm.
1213 1615 1232 1688 ι
1274 1615 1332 1668 B.
1368 1616 1449 1671 St.
1480 1616 1580 1671 cu.
1615 1614 1681 1669 v.
1712 1613 1849 1686 τε]

785 1708 860 1761 De
893 1706 1121 1761 Eusebio
1153 1709 1390 1776 episcopo
1419 1707 1809 1763 Samosalensi.

572 1799 941 1854 Admirandus
969 1808 1146 1854 autem
1179 1794 1450 1855 Eusebius
1468 1799 1536 1853 de
1566 1813 1675 1867 quo
1733 1812 1903 1867 supra
1974 1810 2087 1851 me-

504 1893 664 1956 mini,
729 1891 891 1961 cujus
959 1891 1081 1945 fidei
1159 1891 1513 1946 commissum
1575 1890 1754 1944 fuerat
1801 1904 2093 1944 commune

506 1983 789 2039 decretum
811 2024 825 2048 ,
853 1998 983 2037 eum
1017 1984 1250 2038 violatas
1285 1984 1678 2039 conventiones
1709 1991 1982 2046 cerneret,
2039 1982 2094 2035 in

508 2075 699 2130 urbem
729 2076 832 2131 sibi
877 2075 1318 2130 commendatam
1348 2090 1638 2146 regressus
1684 2082 1789 2130 est.
1836 2073 1944 2129 Sed
2006 2074 2084 2127 illi

505 2167 713 2236 scripto
744 2181 1057 2234 expressam
1118 2154 1524 2223 conviCtionem
1581 2174 1912 2230 metuentes,
1954 2165 2095 2219 (Zon-

508 2257 715 2311 stantio
799 2256 959 2326 911
1023 2267 1321 2327 suggerunt
1363 2265 1422 2310 ut
1475 2257 1712 2327 aliquem
1776 2257 1950 2312 mittat
2004 2257 2097 2327 qui

508 2347 791 2403 decretum
827 2357 1131 2418 recuperet.
1168 2348 1474 2405 Persuasus
1503 2351 1809 2421 imperator
1831 2367 1999 2404 umun
2030 2366 2099 2404 ex

510 2440 579 2494 iis
604 2440 773 2504 misit,
810 2440 903 2511 qui
939 2442 1161 2497 mutatis
1189 2442 1347 2511 equis
1388 2442 1585 2496 itinera
1608 2444 1880 2498 coniicere
1921 2444 2101 2499 solent

510 2538 563 2582 et
582 2544 844 2598 responsa
871 2546 1036 2600 quam
1078 2531 1346 2587 citissime
1374 2533 1600 2587 referre.
1636 2531 1684 2589 ls
1725 2541 1785 2587 ut
1828 2534 2096 2604 pervenit,

478 2627 565 2675 'et
607 2622 956 2692 imperatoris
982 2624 1299 2677 mandatum
1344 2624 1646 2695 exposuit:
1697 2624 1814 2680 Non
1847 2641 2097 2696 possum,

513 2712 695 2782 inquit
727 2712 1073 2768 admirabilis
1115 2713 1385 2770 Eusebius
1410 2756 1424 2779 ,
1462 2731 1752 2771 commune
1794 2717 2098 2787 depositum

511 2804 759 2870 reddere,
780 2805 882 2860 nisi
902 2804 955 2858 in
980 2822 1145 2860 uiuum
1160 2807 1486 2862 conveniant
1503 2822 1693 2863 omnes
1715 2811 1806 2879 qui
1824 2825 2103 2865 commen-

512 2897 735 2951 darunt.
773 2896 1119 2968 Responsum
1156 2900 1383 2953 nuntius
1415 2897 1581 2953 refert
1600 2901 1666 2954 ad
1693 2902 2100 2972 imperatorem.

512 2991 580 3043 At
616 2991 702 3045 ille
738 2990 815 3043 ira
842 2990 1213 3048 inﬂammatus
1259 2994 1484 3063 scripsit
1536 2995 1759 3058 iterum,
1818 2996 2112 3051 decretum-

517 3081 669 3134 reddi
698 3080 922 3151 jubens,
946 3082 1261 3153 adjecitque
1282 3086 1574 3142 mandasse
1592 3101 1673 3151 se,
1694 3086 1799 3142 nisi
1825 3087 2098 3146 redderet.

515 3172 766 3228 dextram
827 3173 1002 3244 ipsius
1040 3191 1264 3230 manum
1316 3179 1613 3248 amputari.
1659 3176 1817 3246 Quod
1866 3180 2097 3237 terroris
2128 3200 2172 3262 ε

518 3269 734 3313 tantum
800 3263 997 3329 gratia,
1040 3264 1304 3334 scripsit;
1365 3267 1652 3323 tabellario
1713 3270 1861 3323 enim
1924 3270 2105 3327 minas

517 3352 745 3422 exsequi
767 3361 1038 3410 vetuerat.
1068 3352 1370 3425 POStquam
1407 3358 1628 3414 divinus
1661 3359 1753 3415 ille
1793 3361 1895 3427 vir,
1949 3378 2101 3419 rese-

521 3445 659 3499 ratis
716 3444 935 3511 litteris,
981 3449 1236 3517 cognovit
1293 3448 1424 3518 quid
1458 3451 1715 3520 supplicii
1801 3454 2138 3510 minaretur'

523 3535 845 3605 imperator,
875 3552 998 3593 cum
1050 3537 1249 3592 dextra
1307 3539 1495 3594 heram
1559 3557 1778 3612 quoque
1836 3547 2102 3614 porrexit,

521 3642 745 3681 manum
771 3638 1060 3698 utramque
1086 3641 1141 3685 ut
1170 3639 1382 3686 secaret
1404 3631 1704 3688 admonens
1726 3653 1737 3688 :
1761 3633 1895 3688 Nam
1918 3635 2107 3691 decre-

523 3727 658 3781 tum,
693 3719 789 3785 ait,
833 3735 942 3774 non
979 3721 1224 3786 reddam,
1287 3725 1434 3791 quod
1487 3726 1757 3781 Ariauica:
1813 3728 2107 3798 pravitatis

520 3812 730 3866 clarum
762 3821 847 3867 est
878 3823 1286 3883 argumentum.
1329 3815 1480 3873 llaue
1530 3816 1698 3887 igitur
1733 3821 2104 3875 constantiam

464 3921 485 3929 ν
521 3911 582 3958 ut
608 3905 865 3974 cognovit
892 3904 1275 3973 Constantius,
1305 3917 1359 3963 ct
1382 3919 1494 3964 tum
1530 3911 1827 3981 plurimum
1865 3911 2107 3966 admira-

523 4002 613 4049 tus
645 4002 749 4057 est,
774 4002 829 4048 et
854 3995 1078 4052 laudare
1106 3997 1368 4068 deinceps
1402 4015 1511 4054 non
1545 4002 1773 4056 destitit.
1817 4003 2106 4059 Admiran-

524 4092 616 4138 tur
643 4086 790 4141 enim
822 4087 987 4142 etiam
1046 4089 1257 4145 inimici
1315 4094 1606 4161 praeclaras
1660 4093 2106 4151 adversariorum

524 4177 778 4244 virtutes,
805 4193 988 4233 rerum
1023 4182 1403 4253 magnitudine
1452 4184 1749 4255 compulsi.
1804 4184 1907 4241 Per
1964 4186 2108 4242 idem

529 4278 747 4339 tempus
781 4269 1198 4336 Constantinus,
1224 4290 1348 4329 cum
1381 4277 1597 4332 audiret
1620 4276 1920 4342 Julianum,
1949 4296 2108 4349 quem

2757 1615 3007 1668 ΚΕΦΑΛ.
3062 1616 3198 1670 KH’.

2287 1706 2422 1773 Περὶ
2438 1706 2735 1760 Εὐσεὸίου
2761 1706 2867 1760 τοῦ
2902 1706 3242 1760 ἐπισκόπου
3269 1706 3660 1777 Σαμοσάτων.

2266 1792 2523 1857 Εὐσέϐιος
2554 1794 2610 1847 δὲ
2641 1797 2668 1848 6
2697 1795 3020 1865 θαυμάσιος,
3075 1789 3137 1849 οὗ
3184 1798 3280 1851 καὶ
3321 1799 3560 1870 πρόσθεν
3607 1801 3783 1871 ἐμνή-

2198 1885 2353 1956 σθην,
2389 1889 2417 1940 ὁ
2455 1887 2516 1940 τὸ
2532 1887 2795 1958 ψήφισμα
2820 1888 2880 1941 τὸ
2904 1888 3085 1943 κοινὸν
3136 1891 3474 1955 πιστευθεὶς,
3507 1892 3617 1945 τῶν
3650 1910 3779 1946 συν-

2198 1975 2383 2048 θηκῶν
2417 1976 2512 2049 τὴν
2539 1979 2854 2049 παράϐασιν
2881 1979 3239 2049 Θεασάμενος,
3270 1982 3350 2044 είς
3381 1982 3482 2054 τὴν
3528 1985 3781 2054 ὲγκεχειυ

2202 2068 2460 2140 ρισμένην
2489 2067 2661 2140 ᾤχετο
2689 2070 2860 2123 πόλιν.
2880 2072 2942 2124 Ui.
2957 2072 3015 2125 δὲ
3034 2071 3124 2125 τὸν
3140 2073 3491 2142 ἀνάγραπτον
3510 2072 3782 2145 ἐλεγχον⁸⁸

2199 2160 2574 2232 ὑφορώμενοι,
2622 2163 2711 2217 τὸν
2751 2164 3131 2219 Κωνστάντιον
3175 2166 3402 2222 ἔπεισαν
3459 2169 3780 2223 ἀποστεῖλαί

2199 2268 2319 2304 τινα
2340 2252 2401 2313 τὸ
2430 2251 2688 2324 ψήφισμα
2710 2253 2757 2287 ⁸⁸
2801 2255 3187 2327 κομιούμενον.
3233 2260 3345 2311 Καὶ
3387 2258 3452 2330 δὴ
3487 2259 3729 2324 πεισθεὶς
3754 2263 3785 2313 6

2201 2342 2455 2412 βασιλεὺς
2493 2345 2781 2399 ἀπέστειλέ
2848 2364 2991 2411 τινα,
3041 2347 3169 2410 τοὺς
3217 2347 3360 2402 κατὰ
3395 2349 3494 2418 τὴν
3554 2350 3785 2421 πορείαν

2201 2436 2691 2505 ὲναλλαττομένους
2740 2438 2944 2500 ἵππους
2983 2437 3229 2492 ἐλαύνειν
3273 2438 3521 2500 εἰωθότα.
3558 2441 3785 2505 καὶτὰς

2201 2527 2520 2599 ἀποκρίσεις
2548 2529 2623 2590 ὡς
2652 2528 2881 2598 τάχιστα
2906 2527 3163 2597 φέροντα.
3194 2528 3415 2600 Ἐπειδὴ
3447 2529 3505 2581 δὲ
3530 2530 3783 2598 ἀφίκετο,

2202 2621 2295 2673 καὶ
2334 2619 2402 2673 τά
2442 2621 2591 2689 παρά
2625 2619 2890 2690 βασιλέως
2930 2622 3269 2691 ἀπήγγειλεν
3300 2638 3313 2652 ·
3342 2623 3456 2676 Οὐκ
3495 2623 3784 2694 ἀνέχομαι,

2204 2714 2305 2783 ἔφη
2338 2714 2593 2776 Εὐσέϐιος
2615 2716 2643 2766 6
2660 2713 2984 2783 Θαυμάσιος,
3008 2715 3106 2784 τὴν
3138 2713 3325 2784 κοινὴν
3364 2715 3659 2769 ἀποδοῦναι
3684 2733 3788 2770 πα⁴

2206 2805 2614 2876 ρακαταθήκην,
2647 2806 2772 2876 πρὶν
2790 2805 2836 2837 ⁸ο
2857 2803 3096 2869 ἅπαντες
3109 2808 3155 2858 οἱ
3176 2806 3466 2870 δεδωκότες
3496 2807 3635 2860 κατά
3652 2824 3786 2861 ταυ-

2207 2899 2298 2951 τὸν
2318 2899 2579 2966 γένοιντο.
2609 2895 2760 2969 [122]
2792 2896 2976 2950 Ταῦτα
2993 2899 3021 2951 6
3039 2897 3135 2968 μὲν
3168 2898 3469 2969 ἀπήγγειλε
3485 2898 3563 2968 τῷ
3576 2916 3785 2970 πεπομ-

2206 2989 2327 3057 ιξότι
2349 3006 2360 3019 '
2391 2990 2418 3042 6
2442 2989 2497 3041 δὲ
2522 2987 2597 3059 τῷ
2626 2987 2783 3058 θυμῷ
2829 2988 3015 3053 ζέσας,
3052 2989 3368 3043 ἐπέστειλεν
3415 2988 3565 3059 αὐτῷ
3603 2990 3783 3052 πάλιν,

2207 3080 2504 3136 ἀποδοῦναι
2540 3081 2865 3151 παρεγγυῶν
2887 3081 3016 3134 ’καὶ
3057 3080 3459 3153 προστέθεικεν
3494 3083 3571 3145 ὡς
3617 3099 3788 3153 προσο

2208 3170 2393 3236 έταξεν
2444 3170 2785 3242 ἐκτμηθῆναι
2818 3169 2984 3223 αὐτοῦ
3015 3170 3115 3242 τὴν
3165 3172 3328 3241 χεῖρα
3379 3172 3480 3241 τὴν
3502 3172 3707 3238 δεξιὰν,
3738 3171 3789 3224 εί

2210 3265 2284 3336 μὴ
2313 3262 2430 3333 δοίη
2474 3261 2534 3316 τὸ
2575 3262 2854 3332 ψήφισμα.
2918 3260 3107 3314 Ταῦτα
3180 3261 3363 3330 μέντοι
3420 3260 3790 3330 δεδιττόμενος

2208 3355 2413 3427 ἔγραψε
2433 3371 2446 3385 ο
2482 3353 2562 3425 τῷ
2582 3354 2690 3425 γὰρ
2724 3352 3006 3423 κομίζοντι
3024 3353 3125 3423 τὴν
3155 3353 3447 3423 ἐπιστολὴν
3469 3353 3786 3422 ἀπηγόρευ-

2210 3462 2301 3501 σεν
2327 3448 2471 3517 άπερ
2490 3445 2754 3515 ἠπείλησε
2782 3445 3000 3516 δρᾶσαι.
3035 3444 3254 3516 Ἐπειδὴ
3281 3445 3338 3498 δὲ
3370 3444 3468 3515 τὴν
3485 3443 3777 3516 ἐπιστολὴν

2208 3539 2522 3607 ἀναπτύξας
2552 3539 2580 3591 6
2610 3537 2752 3602 θεῖος
2779 3538 2985 3602 ἐκεῖνος
3019 3537 3179 3609 ἀνὴρ,
3211 3533 3352 3591 εἶδεν
3374 3540 3432 3591 ὲν
3461 3539 3575 3599 τοῖς
3609 3537 3792 3607 γράμ-

2212 3649 2375 3703 μασιν
2400 3631 2465 3701 ἣν
2484 3631 2512 3683 6
2536 3630 2788 3701 βασιλεὺς
2837 3629 3103 3701 ἠπείλησε
3138 3629 3387 3693 κόλασιν,
3425 3628 3565 3699 μετά
3589 3627 3688 3697 τῆς
3717 3626 3796 3680 δε-

2211 3723 2328 3789 ξιᾶς
2354 3723 2449 3776 καὶ
2476 3722 2574 3793 τὴν
2616 3720 2898 3792 εὐώνυμον
2929 3719 3264 3792 προύθηκεν,
3315 3720 3484 3790 ἄμφω
3518 3719 3597 3773 τὼ
3642 3722 3795 3791 χεῖρε

2208 3817 2395 3886 τεμεῖν
2439 3813 2791 3886 παρεγγυῶν·
2822 3813 2895 3866 Τδ
2927 3812 3035 3883 γὰρ
3072 3812 3351 3883 ψήφισμα,
3376 3811 3503 3883 ἔφη,
3529 3813 3590 3866 ού
3611 3811 3792 3875 δώσω,

2208 3907 2310 3977 τῆς
2380 3906 2723 3977 ’Ᾱρειανικῆς
2786 3904 3089 3976 μοχθηρίας
3147 3905 3369 3975 ἔλεγχον
3429 3905 3561 3959 ὄντα
3620 3904 3793 3975 σαφῆ.

2211 3997 2427 4067 Ταύτην
2471 3992 2564 4050 οὖν
2614 3995 2710 4068 τὴν
2736 3996 2780 4028 ⁸¹
2816 3994 3068 4065 ἀνδρείαν
3126 3995 3313 4065 μαθὼν
3336 3997 3364 4048 6
3392 3997 3793 4059 Κωνστάντιος,

2211 4090 2306 4143 καὶ
2338 4089 2460 4142 τότε
2488 4087 2726 4158 ἠγάσθη,
2758 4086 2850 4140 καὶ
2875 4085 3143 4139 διετέλεσε
3167 4086 3543 4158 ⁵³οαυμάζων.
3568 4087 3794 4156 Θαυμά-

2211 4178 2363 4242 Coum.
2380 4178 2488 4250 γὰρ
2505 4177 2601 4230 καὶ
2617 4178 2901 4248 δυσμενεῖς
2917 4176 2987 4230 τὰ
3000 4177 3108 4230 τῶν
3124 4177 3440 4232 ἀντιπάλων
3472 4178 3797 4250 πλεονεκτή-

2216 4288 2382 4341 ματα,
2405 4271 2509 4323 ύπὸ
2535 4268 2628 4322 τοῦ
2657 4269 2923 4340 μεγέθους
2986 4268 3096 4321 τῶν
3123 4271 3515 4340 πραττομένων
3561 4272 3797 4340 ἀναγκαυ

528 4359 758 4430 Europa:
781 4362 1048 4419 Cmsarcm
1073 4374 1312 4430 crearat,
1345 4368 1549 4437 majora
1580 4369 1784 4434 moliri,
1813 4378 1869 4423 et
1917 4380 2100 4425 contra

2213 4362 2452 4432 ζόμενοι.
2510 4361 2666 4415 Κατά
2722 4361 2910 4417 τοῦτον
2962 4360 3053 4414 τὸν
3107 4362 3297 4432 χρόνον
3341 4362 3369 4414 6
3419 4363 3796 4426 Κωνστάντιος

530 4463 811 4507 auctorem
869 4469 1030 4509 suum
1080 4459 1383 4513 exercitum
1425 4474 1767 4529 comparare,
1814 4461 2100 4520 decessitc

2214 4453 2516 4525 πυθόμενος
2542 4454 2624 4506 ὅτι
2659 4451 2961 4515 Ἰουλιανὸς,
2993 4452 3052 4505 δν
3100 4454 3200 4522 τῆς
3245 4454 3518 4523 Εὐρώπης
3549 4455 3795 4525 ἀπέφηνε

530 4541 712 4616 Syria,
748 4545 963 4615 vitaque
986 4546 1206 4604 functus
1228 4558 1311 4605 cst
1330 4549 1384 4603 in
1418 4551 1631 4605 Cilicia.
1656 4550 1765 4607 Nec
1788 4554 1932 4609 enim
1958 4554 2100 4625 adju-

2217 4547 2493 4615 Καίσαρα,
2546 4543 2806 4615 μειζόνων
2852 4543 3197 4614 πραγμάτων
3238 4545 3471 4613 ἐφίεται,
3517 4548 3611 4598 καὶ
3658 4546 3797 4600 κατὰ

531 4646 707 4690 torem
739 4634 903 4705 912
975 4638 1165 4693 habuit
1226 4655 1387 4709 quem
1440 4642 1491 4696 ei
1550 4651 1702 4712 pater
1766 4646 2100 4716 reliquerat:

2212 4637 2308 4692 τοῦ
2336 4635 2692 4706 τετιμηκότος
2719 4634 3007 4705 στρατείαν
3038 4632 3371 4705 συναγείρει,
3400 4635 3511 4688 ἀπὸ
3559 4636 3658 4706 μὲν
3700 4636 3796 4704 τῆς

531 4729 733 4798 quippe
768 4731 859 4798 qui
893 4739 1131 4797 paterna:
1160 4732 1173 4751 ¹
1202 4732 1422 4800 pietatis
1446 4733 1816 4793 litereditatem
1842 4739 2100 4811 integram

2215 4730 2473 4809 Συρίαςδτι
2505 4730 2737 4800 ἀπῆρεν,
2763 4730 2821 4782 ἐν
2847 4727 2903 4781 δὲ
2927 4730 2992 4800 τῇ
3025 4727 3250 4799 Κιλικίᾳ.
3278 4727 3368 4780 τὸν
3406 4728 3521 4796 βίον
3557 4728 3792 4782 κατέλυ-

532 4832 644 4873 uon
703 4821 938 4873 servarit
985 4861 999 4875 .
1056 4838 1219 4892 quam
1283 4824 1356 4880 ob
1413 4841 1677 4895 causam,
1745 4836 1892 4902 quod
1951 4835 2100 4889 tidem

2216 4843 2328 4879 σεν.
2358 4825 2433 4877 Οὐ
2464 4821 2571 4892 γάρ
2599 4818 2743 4893 εἶχεν
2765 4821 3078 4891 ἐπίκουρον,
3104 4819 3163 4873 ὃν
3188 4820 3216 4871 6
3246 4820 3430 4891 πατὴρ
3456 4819 3604 4891 αὐτῷ
3627 4836 3798 4875 κατα-

533 4918 823 4977 mutasset,
851 4912 1048 4967 acerbe
1082 4914 1509 4973 lamentabatur.

2213 4915 2452 4978 λέλοιπε,
2485 4913 2582 4983 τῆς
2610 4910 2873 4982 πατρῴας
2900 4910 3182 4974 εὐσεϐείας
3215 4909 3417 4962 ἄσυλον
3447 4909 3508 4962 ού
3547 4909 3796 4980 φυλάξας

2225 5008 2314 5061 τὸν
2338 5006 2562 5075 κλῆρον,
2605 5000 2679 5060 Οἵ)
2725 5004 2789 5076 δὴ
2830 5004 3011 5057 εἵνεκα
3046 5003 3259 5075 πικρῶς
3292 5002 3661 5075 ώλοφύρετο⁸⁸
3702 5002 3800 5073 τῆς

2226 5101 2462 5163 πίστεως
2490 5100 2588 5169 τὴν
2627 5097 2934 5169 μετάθεσιν.

603 5255 645 5287 ω
666 5251 801 5307 Gen.
828 5268 944 5320 xIx,
982 5254 1065 5309 l7.
1144 5261 1170 5290 ¹¹
1195 5253 1389 5319 Matth,
1424 5272 1476 5320 v,
1505 5257 1600 5310 ‘29.

1839 5383 2068 5442 VARUE
2105 5386 2508 5453 LECTIONES.

647 5525 689 5557 ⁸⁷
716 5526 994 5585 Articulus
1021 5531 1090 5585 ab
1124 5529 1313 5585 eodem
1350 5530 1524 5585 abest.
1600 5528 1645 5559 ⁵⁸
1679 5527 1876 5597 ἀνάγρ.
1915 5526 2079 5597 habet
2110 5527 2272 5581 etiam
2310 5527 2499 5597 Steph.
2529 5528 2564 5581 2
2585 5535 2639 5581 et
2665 5526 2846 5597 Allatii
2878 5526 3068 5597 codex.
3099 5525 3207 5582 Sed
3247 5528 3435 5597 Steph.
3517 5544 3638 5583 cum
3672 5529 3792 5584 llas.

537 5592 739 5669 graec"
771 5597 1070 5669 ἔγγραφον,
1102 5608 1162 5654 ιιι
1188 5599 1371 5654 Savilii
1404 5602 1537 5654 liber
1557 5592 1885 5667 ἐγγραπτον.
1962 5597 2008 5628 ἰ’
2034 5596 2194 5669 llaec:
2218 5597 2277 5650 τὸ
2294 5592 2431 5667 ψήφῖ
2458 5615 2585 5669 κομ.
2609 5614 2663 5649 κ.
2694 5596 2741 5651 δ.
2772 5614 2831 5669 π..
2859 5598 2886 5649 6
2917 5595 2968 5665 β.
3005 5598 3199 5651 ἀπέστ.
3223 5592 3368 5669 τινα,
3391 5600 3589 5654 absunt
3611 5615 3640 5652 a
3669 5599 3795 5669 Bas.

436 5678 443 5685 ·
537 5662 740 5739 liram”
768 5662 1020 5739 idemque
1060 5662 1186 5739 ante
1212 5670 1326 5724 haec
1362 5673 1524 5724 verba
1556 5662 1722 5739 habet
1766 5684 1920 5739 τινας
1953 5684 2016 5739 ac
2048 5668 2207 5739 paulo
2243 5662 2646 5739 ρθε-ί-είωθότας
2669 5674 2721 5721 et
2756 5662 3042 5739 φέροντας.
3121 5669 3168 5699 ¹⁰
3207 5668 3273 5721 ἂν
3299 5668 3793 5739 interponuntllas.

540 5733 729 5808 Illaec:
749 5747 803 5790 ct
830 5733 1017 5808 Steph.
1090 5738 1132 5770 "
1167 5739 1372 5808 ταύτην
1408 5739 1572 5792 αὐτοῦ
1606 5738 1725 5806 τήν.
1763 5735 1886 5808 Bas.
1930 5733 2302 5808 Greec.l*lpipli.
2336 5735 2397 5801 V,
2428 5737 2530 5795 49:
2568 5737 2702 5792 hanc
2736 5733 2849 5806 ejus
2893 5738 3222 5806 ﬁrmitatem.
3302 5742 3345 5772 ⁸³
3371 5733 3613 5797 διετέλει.
3650 5738 3794 5794 Idem

543 5816 669 5857 cum
699 5806 884 5873 Steph.
960 5808 1005 5837 ⁵³
1027 5806 1475 5876 ΣυριακῆςίΒίιε.
1518 5809 1692 5863 Graec.
1772 5807 1815 5839 δι
1847 5807 2183 5877 ὠλοφύρατο.
2220 5807 2383 5861 Idem.
