4124 6404
503 375 641 443 1087

1477 377 1965 442 THEODORETI
2008 374 2342 440 EPISCOPI
2379 377 2570 437 tli'IiE
2580 372 2745 437 NSIS

3647 371 3782 436 1088

502 490 613 542 rari
641 504 699 543 se
731 488 893 554 dixit,
929 486 1090 556 cujus
1119 486 1290 560 ﬁgura
1338 490 1585 544 exterriti
1612 492 1891 545 daemones
1925 488 2084 543 aufu-

2189 485 2319 555 γόης
2370 486 2576 548 ἐκεῖνος
2634 487 2734 554 τῆς
2788 485 2966 555 φυγῆς
3017 483 3117 556 τὴν
3168 485 3367 551 αἰτίαν,
3410 482 3701 555 ἐμέμψατο
3731 486 3777 516 ⁸³

504 581 732 651 gissent.
760 579 905 636 Cave
925 580 1028 635 ltoe
1063 588 1244 651 putes,
1272 581 1356 635 vir
1378 582 1541 646 boue,
1572 583 1649 636 ait
1691 582 2079 652 praestigiator.

501 662 623 726 Non
658 672 802 727 (‘llilli
830 672 1151 734 timuerunt,
1180 681 1239 726 ut
1269 683 1325 727 ιιι
1364 673 1505 730 dicis
1539 693 1550 728 :
1579 673 1673 728 sed
1700 674 1905 727 factum
1927 680 2083 727 tuum

503 761 762 816 detestati
798 763 1076 815 abierunt.
1108 758 1185 816 Ita
1211 762 1651 817 circumventum
1677 764 1939 818 miserum
1976 763 2081 818 ini-

504 851 661 906 tiavit
703 851 1003 922 mysteriis,
1077 865 1133 907 et
1209 852 1488 909 horrendo
1539 856 1751 909 scelere
1818 855 2085 925 implevit,

502 943 873 1014 spoliavitqne
894 945 1163 1016 religione
1193 943 1361 1018 914
1394 945 1839 1002 infelicissimum
1866 946 2084 1017 cupidi-

501 1047 587 1092 tas
630 1037 804 1108 regni.
858 1035 1152 1108 Imperium
1194 1049 1374 1093 tamen
1417 1040 1650 1110 adeptus
1695 1039 1792 1094 diu
1840 1039 2087 1094 occuluit

500 1129 870 1200 impietatem,
903 1137 1051 1186 metu
1084 1131 1438 1202 potissimum
1470 1126 1705 1186 militum
1756 1132 1980 1201 pietatis
2001 1132 2086 1187 di—

497 1221 731 1292 sciplina
795 1222 1225 1278 instructorum.
1282 1223 1411 1279 Illos
1468 1225 1616 1278 enim
1674 1223 1887 1294 primus
1937 1216 2085 1278 omni

499 1313 663 1370 laude
690 1313 1080 1386 pradicandus
1128 1313 1528 1371 Constantinus
1562 1317 1630 1369 ah
1667 1331 1858 1371 errore
1892 1316 2090 1372 libera-

502 1414 594 1462 tos
629 1407 885 1462 veritatis
914 1406 1208 1477 praeceptis
1242 1406 1580 1461 instituerat.
1613 1406 1746 1475 Ejus
1768 1406 1967 1462 deinde
1991 1407 2086 1461 ﬁlii

503 1498 763 1553 traditam
794 1498 904 1554 illis
946 1515 975 1554 a
1005 1509 1158 1569 patre
1185 1496 1491 1553 doctrinam
1523 1498 1940 1570 conﬁrmarent.
1970 1497 2087 1554 Etsi

503 1591 651 1645 enim
690 1589 1055 1646 Constantius
1106 1606 1299 1646 eorum
1344 1606 1373 1644 a
1425 1591 1630 1661 quibus
1667 1590 1959 1661 regebatur
2011 1590 2089 1645 in-

505 1683 712 1746 ductu,
770 1682 1246 1737 cousubstautialis
1302 1698 1492 1737 vocem
1531 1699 1639 1738 non
1683 1683 1931 1747 admisit,
1965 1685 2087 1755 ejus

502 1783 684 1830 tamen
712 1791 937 1830 sensum
989 1776 1211 1831 sincere
1264 1776 1556 1830 confessus
1594 1784 1699 1831 cst.
1746 1775 2084 1832 Germanum

499 1877 706 1947 quippe
733 1875 957 1939 Filium,
984 1862 1111 1932 ante
1146 1878 1345 1933 sa‘cnla
1372 1877 1439 1932 de
1460 1877 1622 1933 Patre
1640 1879 1884 1948 genitum
1915 1879 2080 1934 Deum

500 1966 740 2024 Verbum
782 1969 1337 2039 nominavit,eosque
1361 1973 1454 2040 qui
1486 1981 1800 2025 creaturam
1836 1974 2087 2027 dicerent

500 2060 679 2130 palam
725 2060 1024 2125 abdicavit,
1064 2073 1117 2117 et
1172 2062 1449 2117 idolorum
1483 2066 1692 2119 cultum
1740 2065 1961 2134 penitus
1997 2064 2085 2118 in-

501 2152 747 2209 terdixit.
782 2152 947 2208 Aliud
997 2154 1162 2209 etiam
1198 2154 1360 2211 laude
1410 2154 1636 2227 dignum
1691 2155 1813 2225 ejus
1872 2154 2086 2212 facinus

498 2255 968 2324 Commemorabo,
996 2272 1061 2311 ex
1090 2272 1202 2326 quo
1231 2256 1299 2312 de
1327 2258 1502 2328 ipsius
1542 2274 1674 2329 erga
1722 2275 1812 2315 res
1864 2258 2083 2315 divinas

498 2344 686 2400 studio
719 2345 846 2401 duci
888 2348 1205 2417 conjectura
1230 2350 1427 2419 possit.
1459 2350 1612 2407 Bello
1648 2352 1794 2405 enim
1825 2350 2087 2423 Magnen-

500 2438 674 2501 tiauo,
709 2438 889 2509 copiis
921 2440 1182 2497 omnibus
1212 2444 1560 2507 convocatis,
1609 2444 1863 2500 hortatus
1900 2453 1985 2500 est
2027 2453 2085 2499 ut

496 2529 685 2585 divina
713 2534 975 2603 mysteria
1005 2534 1250 2591 universi
1290 2538 1662 2609 perciperent,
1702 2554 1922 2610 semper
1960 2541 2084 2611 qui-

496 2631 622 2687 dem
653 2633 922 2689 incertum
950 2651 1073 2692 esse
1095 2635 1289 2693 dicens
1311 2639 1518 2693 exitum
1544 2639 1687 2701 vitm,
1720 2647 1834 2694 tum
1860 2642 1913 2695 in
1941 2642 2084 2698 bello

499 2724 758 2788 maxime,
785 2725 876 2779 ubi
902 2725 1150 2797 conjecta
1177 2728 1436 2799 utrinque
1473 2730 1731 2794 telorum,
1746 2728 2082 2801 jaculorum,

498 2812 783 2871 has:arum
825 2827 905 2873 tot
940 2820 1131 2885 millia,
1175 2821 1464 2893 strictique
1505 2838 1688 2889 enses,
1718 2831 1772 2879 et
1795 2822 1987 2894 gladii,
2020 2840 2084 2879 ac

497 2907 723 2978 reliquae
786 2911 1052 2967 machinae
1115 2913 1411 2969 violentam
1482 2923 1713 2970 mortem
1776 2916 2081 2971 intentant.

497 3007 738 3066 Proinde
792 3029 1241 3087 unumquemque
1282 3017 1527 3088 pretiosa
1586 3018 1681 3072 illa
1731 3019 1874 3073 stola
1927 3018 2085 3074 indui

496 3110 778 3171 Oportere,
845 3121 953 3175 qua
1009 3109 1250 3164 maxime
1283 3110 1339 3165 in
1399 3109 1586 3166 futura
1629 3112 1740 3166 vita
1780 3121 1869 3167 est
1920 3126 2081 3181 opus.

2188 577 2380 648 τούτῳ.
2426 577 2709 640 Ἰουλιανὸς
2758 577 2814 630 δὲ
2844 578 2939 631 καὶ
2987 578 3048 630 τὸ
3073 578 3191 641 δέος
3216 578 3475 646 ἐδήλωσε,
3529 576 3622 630 καὶ
3686 577 3780 630 τοῦ

2190 668 2427 740 σταυροῦ
2475 668 2774 739 θαυμάζειν
2796 667 2964 739 ἔφησε
2988 668 3088 740 τὴν
3131 669 3302 740 ίσχύνο
3327 669 3640 741 ἀπέδρασαν
3671 670 3781 743 γὰρ

2187 765 2236 816 οἱ
2277 760 2551 833 δαίμονες,
2575 761 2766 815 τούτου
2813 762 2906 814 τὸν
2952 762 3121 815 τύπον
3155 764 3254 816 οὐκ
3282 763 3596 832 ἐνεγκόντες
3629 764 3778 819 ἰδεῖν.

2188 857 2281 927 Μὴ
2328 855 2392 927 δὴ
2443 854 2597 909 τοῦτο
2649 854 2947 927 ὑπολάϐῃς,
2978 848 3024 907 ὦ
3053 854 3246 923 ἀγαθὲ,
3299 858 3328 909 6
3364 855 3498 927 γόης
3543 855 3670 926 ἔφη’
3717 859 3779 912 οὐ

2188 948 2299 1019 γὰρ
2330 949 2561 1013 ἔδεισαν,
2614 946 2689 1013 ὥς
2741 964 2805 1016 γε
2834 949 2899 1001 σὺ
2948 948 3073 1018 φής’
3110 947 3245 1002 ἀλλὰ
3287 948 3669 1020 βδελυξάμενοι
3719 948 3782 1003 τὸ

2190 1040 2340 1113 παρά
2392 1041 2485 1096 σοῦ
2536 1042 2829 1111 γενόμενον
2855 1039 3081 1112 ᾤχοντο.
3133 1039 3289 1094 υῦτω
3329 1041 3661 1114 βουκολήσας
3689 1042 3783 1097 τὸν

2187 1135 2441 1201 δείλαιον,
2471 1134 2681 1206 ἐμύησέ
2706 1150 2766 1187 τε
2794 1134 2890 1188 καὶ
2917 1133 3012 1187 τοῦ
3046 1132 3252 1205 μύσους
3280 1134 3564 1206 ἐνέπλησε⁸
3619 1135 3715 1189 καὶ
3744 1138 3779 1206 ἡ

2188 1232 2288 1299 τῆς
2316 1229 2595 1300 βασιλείας
2624 1228 2892 1300 ἐπιθυμία
2922 1231 3019 1301 τῆς
3052 1228 3339 1295 εὐσεϐείας
3376 1229 3663 1299 ἐγύμνωσε
3691 1232 3781 1285 τὸν

2188 1327 2521 1400 τρισάθλιον.
2555 1325 2901 1397 Παραλαϐὼν
2930 1324 2987 1379 δὲ
3017 1325 3168 1397 ὅμως
3197 1325 3295 1398 τὴν
3338 1325 3660 1379 δυναστείαν
3689 1325 3783 1378 ἐπὶ

2190 1422 2440 1476 πλεῖστον
2493 1420 2699 1493 ἔκρυψε
2750 1420 2850 1490 τὴν
2914 1418 3191 1475 ἀσέϐειαν.
3241 1418 3620 1490 Διαφερόντως
3671 1418 3782 1489 γὰρ

2187 1513 2380 1570 ἐδεδίει
2414 1514 2543 1578 τοὺς
2593 1513 2951 1584 στρατιιῖιτας,
2980 1512 3048 1567 τὰ
3093 1512 3192 1583 τῆς
3228 1511 3511 1575 εὐσεϐείας
3549 1510 3779 1565 εἰσδεδε-

2188 1610 2427 1678 γμένους
2458 1608 2775 1679 μαθήματα.
2811 1604 3035 1677 Πρῶτον
3070 1606 3169 1676 μὲν
3212 1604 3322 1676 γὰρ
3356 1606 3555 1669 αὐτοὺς
3583 1606 3612 1658 6
3645 1621 3781 1659 παν-

2190 1699 2437 1770 εύφημος
2501 1701 2935 1766 Κωνσταντίνος,
3001 1699 3102 1769 τῆς
3173 1699 3445 1772 προτέρας
3501 1698 3782 1767 ἐξαπάτης

2191 1791 2586 1864 ἐλευθερώσας,
2636 1791 2984 1857 ἐξεπαίδευσε
3031 1792 3101 1846 τὰ
3139 1793 3239 1862 τῆς
3296 1790 3558 1862 ἀληθείας
3606 1791 3781 1861 μαθή-

2194 1903 2363 1957 ματα.
2396 1885 2634 1940 Ἔπειτα
2659 1885 2788 1939 δὲοὶ
2834 1885 3046 1939 ἐκείνου
3089 1884 3279 1948 παῖδες
3319 1884 3671 1955 βεϐαιοτέραν
3721 1886 3780 1938 ἐν

2188 1980 2375 2042 αὐτοῖς
2397 1980 2497 2049 τὴν
2537 1977 2689 2051 παρά
2717 1976 2813 2032 τοῦ
2857 1977 3066 2048 πατρὸς
3104 1977 3481 2048 γεγενημένην
3523 1976 3779 2030 διδασκα-

2188 2072 2311 2125 λίαν
2361 2072 2706 2142 εἰργάσαντο.
2768 2071 2829 2125 Εἰ
2887 2071 2995 2141 γὰρ
3059 2072 3153 2124 καὶ
3205 2070 3298 2123 τοῦ
3359 2069 3687 2139 όμοουσίου
3718 2069 3781 2123 τὸ

2190 2166 2490 2237 πρόσρημα
2546 2163 2899 2235 βουκοληθε“ις
2932 2164 3038 2217 ὑπὸ
3090 2164 3199 2216 τῶν
3250 2162 3497 2231 ἀγόντων
3537 2160 3700 2215 αὐτδν
3751 2164 3781 2215 6

2188 2259 2571 2321 Κωνστάντιος
2617 2258 2679 2310 οὐ
2716 2257 2992 2330 προσίετο,
3020 2257 3120 2328 τὴν
3147 2254 3279 2324 γοῦν
3311 2256 3508 2309 τούτου
3540 2256 3782 2309 διάνοιαν

2186 2351 2505 2422 ἀκραιφνῶς
2556 2351 2850 2422 ὡμολόγεις
2906 2351 3134 2422 Γνήσιον
3180 2349 3290 2422 γὰρ
3331 2349 3461 2403 Υἱδν
3513 2349 3620 2420 πρὸ
3672 2347 3782 2402 τῶν

2186 2444 2398 2498 αἰώνων
2432 2446 2497 2498 ἐκ
2537 2443 2633 2497 τοῦ
2660 2444 2872 2516 [ἰατρὸς
2909 2443 3309 2514 γεγεννημένον
3339 2444 3428 2496 τὸν
3450 2442 3581 2496 Θεὸν
3611 2441 3781 2509 Λόγον

2185 2539 2459 2609 ὠνόμαζε,
2493 2539 2589 2593 καὶ
2638 2537 2768 2602 τοὺς
2819 2537 3027 2608 κτίσμα
3072 2536 3255 2604 λέγειν
3286 2533 3603 2607 τολμῶντας
3631 2533 3782 2589 ἄντι-

2187 2648 2321 2703 κρυς
2378 2633 2745 2703 ἀπεκήρυττε·
2795 2630 2894 2701 τὴν
2943 2629 2999 2683 δὲ
3047 2630 3156 2683 τῶν
3213 2627 3447 2683 εἰδώλων
3506 2627 3782 2690 παντελῶς

2185 2726 2535 2796 ἀπηγόρευσε
2577 2722 2900 2795 θεραπείαν.
2964 2722 3107 2794 Ἐρῶ
3152 2722 3210 2775 δέ
3265 2721 3427 2775 αὐτοῦ
3460 2721 3553 2778 καὶ
3596 2720 3783 2790 ἓτερον

2184 2817 2521 2884 ἀξιέπαινον,
2558 2815 2741 2870 ἱκανὸν
2798 2814 3191 2887 τεκμηριῶσαι
3226 2814 3322 2885 τὴν
3374 2815 3503 2886 περὶ
3548 2814 3614 2866 τά
3663 2814 3786 2866 θεῖα

2187 2914 2447 2986 σπουδήν.
2508 2913 2598 2968 Ἐν
2640 2914 2751 2985 γάρ
2779 2912 2845 2985 δὴ
2874 2912 2953 2984 τῷ
2992 2911 3132 2985 πρὸς
3171 2911 3515 2981 Μαγνέντιον
3558 2907 3784 2976 πολέμῳ

2186 3011 2408 3066 ἃπασαν
2450 3009 2743 3073 συναλίσας
2772 3010 2871 3081 τὴν
2902 3007 3197 3080 στρατιὰν,
3236 3006 3563 3079 μεταλαχεῖν
3607 3003 3781 3061 ἅπαν.-

2185 3121 2287 3169 τας
2318 3105 2427 3160 τῶν
2475 3104 2639 3158 θείων
2693 3103 3084 3158 συνεϐούλευσε
3142 3102 3482 3173 μυστηρίων,
3536 3098 3623 3153 ἀεὶ
3686 3096 3785 3165 μὲν

496 3191 653 3260 Quod
685 3195 731 3250 si
760 3197 886 3265 quis
914 3206 1122 3254 vestem
1156 3199 1303 3255 hanc
1359 3216 1509 3256 nunc
1545 3201 1728 3256 diil'ert
1780 3217 2085 3270 assumere,

2192 3197 2387 3269 ἄδηλον
2415 3191 2558 3251 εἶναι
2601 3196 2778 3266 λέγων
2806 3195 2900 3250 τοῦ
2934 3195 3050 3267 βίου
3076 3195 3137 3250 τὸ
3171 3195 3347 3261 τέλος,
3371 3195 3470 3264 οὐχ
3495 3194 3694 3273 ἤκξστα
3726 3188 3783 3240 δέ

502 3287 631 3340 hinc
665 3286 926 3343 recedens
956 3290 1177 3344 domum
1197 3291 1380 3358 abeat,
1406 3292 1619 3363 inquit:
1648 3292 1951 3349 mihienim
1977 3308 2086 3349 non

504 3377 735 3432 initiatis
767 3378 892 3433 belli
930 3381 1098 3437 sociis
1133 3383 1209 3437 uti
1241 3398 1348 3437 non
1387 3384 1543 3453 place

2195 3294 2253 3345 ἐν
2312 3288 2555 3361 πολέμῳ,
2612 3290 2826 3361 μυρίων
2906 3285 3251 3359 ἑκατέρωθεν
3325 3284 3639 3355 ἀφιεμένων
3692 3283 3786 3335 καὶ

2191 3382 2383 3456 βελῶν,
2413 3383 2507 3437 καὶ
2541 3380 2752 3436 πελτῶν
2789 3380 2858 3447 ⁸⁸,
2892 3380 2988 3434 καὶ
3028 3380 3292 3451 δοράτων,
3332 3379 3424 3433 καὶ
3464 3378 3563 3449 μὲν
3590 3376 3655 3444 δὴ
3690 3374 3786 3426 καὶ

499 3464 692 3538 ξιφῶν,
746 3473 840 3525 καὶ
881 3472 1117 3527 κοπίδων
1146 3476 1581 3548 ἐπιφερομένων,
1629 3476 1725 3530 καὶ
1748 3478 1857 3531 τῶν
1920 3477 2095 3533 ἄλλων
2135 3476 2406 3546 ὁργάνων,
2458 3473 2527 3527 δι’
2566 3467 2642 3528 ὧν
2702 3475 2731 3527 6
2776 3472 2950 3544 βίαιος
2978 3473 3241 3541 ἐπάγεται
3300 3470 3550 3533 θάνατος.
3590 3462 3665 3522 υἷι
3715 3466 3780 3534 δὴ

497 3565 660 3619 ἕνεκα
711 3564 816 3637 χρὴ
861 3566 1089 3621 ἕκαστον
1149 3568 1247 3641 τὴν
1285 3569 1600 3643 ἀξιόκτητον
1651 3572 1867 3643 ἐκείνην
1904 3572 2048 3643 ἔχειν
2080 3569 2294 3642 στολὴν,
2326 3562 2394 3639 ἧς
2435 3567 2514 3620 ὅτι
2592 3566 2825 3638 μάλιστα
2889 3567 2947 3618 ἐν
2981 3565 3174 3636 ἐκείνῳ
3190 3563 3269 3635 τῷ
3304 3564 3404 3635 βίῳ
3426 3562 3677 3633 δεόμεθα.
3722 3560 3785 3612 Εἰ

502 3657 561 3712 ἐέ
617 3676 702 3723 τις
742 3660 907 3732 τήνδε,
954 3660 1138 3717 λαϐεῖν
1194 3663 1294 3736 τὴν
1346 3665 1665 3737 ἀμπεχόνην
1719 3664 2098 3731 ἀναϐάλλεται,
2141 3662 2235 3717 νῦν
2292 3658 2540 3715 ἐντεῦθεν
2584 3659 2803 3729 ἀπάρας
2860 3657 3045 3712 οἴκαδε
3088 3657 3307 3712 ἁπίτω’
3355 3655 3625 3725 ἀμυήτοις
3675 3653 3787 3726 γὰρ

502 3753 873 3825 συμπολεμεῖν
917 3753 1018 3807 οὐκ
1073 3755 1360 3827 ἀνέξομαι.

735 3845 900 3916 915
941 3845 1136 3903 ‘CAP.
1179 3847 1244 3904 ιι.
1290 3847 1374 3921 [Β.
1401 3848 1483 3904 St.
1512 3849 1615 3905 cu.
1656 3849 1717 3905 v.
1753 3848 1833 3922 4.]

571 3936 649 3991 De
688 3938 861 3993 reditu
899 3941 1282 4010 episcoporum,
1314 3952 1364 3996 et
1399 3944 1736 3999 ordinatione
1772 3943 2009 3999 Paulini.

573 4110 699 4167 llaec
729 4111 951 4168 .Iuliano
996 4122 1280 4186 comperta
1329 4129 1454 4170 cum
1497 4124 1703 4180 essent,
1740 4115 2082 4185 impietatem

2790 3841 3042 3895 ΚΕΨΑΛ.
3098 3839 3171 3893 ιγ.

2187 3935 2325 4005 Περὶ
2358 3936 2403 3968 ⁵⁸
2434 3935 2543 4004 τῆς
2577 3933 2881 4005 ἐπανόδου
2941 3929 3061 3987 τῶν
3129 3932 3502 4005 ἐπισκόπων,
3547 3930 3648 3983 καὶ
3675 3929 3787 3999 τῆς

2563 4066 2569 4075 .
2604 4004 2915 4059 Παυλίνου
2957 4003 3350 4073 χειροτονίας.

2251 4099 2440 4156 Ταῦτα
2505 4097 2790 4163 Ἰουλιανὸς
2816 4096 3004 4167 σαφῶς
3053 4095 3441 4167 ἐπιστάμενος,
3493 4095 3554 4147 τὸ
3597 4093 3789 4148 δυσσε-

499 4204 672 4258 animi
715 4204 801 4260 sui
835 4220 941 4259 non
983 4185 1269 4275 prodebat.
1295 4206 1549 4260 Omnium
1587 4215 1772 4260 autem
1818 4212 2085 4274 appetens

2189 4193 2275 4257 ϐἐς
2314 4194 2414 4265 τῆς
2465 4192 2646 4265 ψυχῆς
2679 4192 2781 4246 οὐκ
2810 4190 3066 4261 ἐπίδηλον
3112 4185 3284 4261 εἶχεν.
3339 4190 3433 4252 Εἰς
3479 4187 3700 4242 εὔνοιαν
3727 4189 3787 4243 δὲ

503 4296 967 4361 benevolentiam,
996 4297 1290 4368 episcopos
1328 4296 1593 4354 Ecclesiis
1640 4297 1849 4367 ejectos
1873 4312 1901 4349 a
1937 4295 2084 4350 Cou-

2189 4286 2433 4350 ἅπαντας
2463 4285 2851 4358 ἐφελκόμενος,
2902 4285 2999 4340 καὶ
3053 4284 3182 4349 τοὺς
3246 4283 3352 4337 ὑπὸ
3402 4282 3785 4337 Κωνσταντίου

503 4388 732 4454 stautio,
783 4388 996 4445 ultimis
1031 4389 1088 4444 in
1137 4390 1254 4446 Oris
1300 4390 1632 4458 habitantes,
1693 4389 1762 4444 ad
1808 4387 2085 4444 Ecclesias

2189 4378 2293 4431 τῶν
2355 4377 2695 4449 Ἐκκλησιῶν
2733 4376 3091 4442 ἐξελαθέντας
3136 4376 3499 4441 ἐπισκόπους,
3545 4376 3639 4428 καὶ
3688 4376 3787 4439 τὰς

503 4495 634 4535 suas
657 4478 871 4550 regredi
889 4479 1082 4550 jussit.
1107 4480 1225 4549 Qua
1258 4482 1377 4554 lege
1401 4483 1706 4553 proposita,
1733 4480 2085 4535 Antiochiam

2189 4472 2445 4543 ἐσχατιὰς
2467 4470 2567 4542 τῆς
2607 4471 2938 4542 οἰκουμένης
2985 4470 3296 4538 οἰκοῦντας,
3334 4470 3413 4533 εἰς
3444 4469 3543 4533 τὰς
3581 4471 3788 4532 οἰκείας

502 4582 731 4638 divinus
759 4581 1034 4646 Meletius.
1068 4583 1455 4641 Alexandriam
1493 4583 1889 4639 celeberrimus
1916 4581 2087 4635 Atha-

506 4675 721 4740 nasius,
749 4676 984 4732 rediere.
1012 4675 1287 4735 Eusebius
1317 4693 1449 4733 vero
1468 4686 1524 4733 et
1543 4675 1791 4731 Hilarius
1822 4677 2086 4739 abitalia,

2186 4565 2505 4619 ἐπανελθεῖν
2573 4564 2905 4636 Ἐκκλησίας
2956 4563 3280 4634 προσέταξε.
3343 4563 3547 4617 Τούτου
3588 4563 3653 4634 δὴ
3694 4560 3787 4617 οὖν

2185 4660 2279 4713 eo}
2309 4659 2474 4731 νόμου
2502 4659 2774 4727 τεθέντος,
2800 4660 2895 4723 είς,
2914 4659 3016 4730 μὲν
3048 4658 3146 4729 τὴν
3181 4658 3514 4727 Ἀντιόχειαν
3548 4657 3787 4728 ἐπανῆλ-

502 4777 559 4822 et
588 4766 807 4824 Lucifer
835 4769 1120 4837 Sardiniae.
1157 4770 1354 4828 insulae
1397 4769 1653 4832 antistes,
1685 4768 1739 4822 in
1792 4767 2076 4825 Thebaide

2191 4753 2281 4807 Οεν
2335 4754 2364 4806 6
2416 4753 2557 4817 θεῖος
2600 4752 2889 4818 Μελέτιος,
2941 4754 3021 4816 εἰς
3075 4751 3131 4804 δὲ
3176 4750 3273 4822 τὴν
3322 4748 3731 4822 Ἀλεξάνδρειαν
3760 4753 3787 4803 6

500 4850 747 4932 zi'lgypto'
770 4861 1001 4916 ﬁnitima
1055 4862 1353 4934 degebant,
1388 4878 1499 4934 quo
1540 4862 1769 4933 relegati
1806 4863 2025 4919 fuerant
2056 4877 2086 4916 a

506 4956 855 5011 Constantio.
901 4953 967 5010 lli
1019 4970 1147 5010 cum
1170 4956 1297 5012 aliis
1326 4956 1518 5012 eadem
1559 4954 1929 5011 sentientibus
1955 4971 2090 5010 con-

507 5047 740 5119 gregati,
782 5046 1062 5103 Ecclesias
1094 5045 1351 5103 dicebant
1405 5046 1461 5101 in
1496 5045 1851 5102 concordiam
1898 5045 2089 5102 reduci

507 5149 785 5211 oportere.
824 5139 940 5197 Non
973 5140 1120 5197 enim
1160 5155 1256 5197 eas
1316 5139 1496 5195 solum
1538 5139 1964 5209 oppugnabant,
1997 5138 2091 5207 qui

508 5232 848 5289 contrariam
884 5231 1192 5288 doctrinam
1225 5231 1601 5295 sectabantur,
1633 5230 1730 5286 sed
1771 5231 1905 5301 ipsa:
1929 5229 2092 5284 etiam

512 5325 655 5381 inter
694 5343 755 5382 se
789 5327 1139 5382 dissidebant
1170 5343 1185 5380 :
1227 5326 1534 5382 Antiochia:
1572 5326 1844 5397 siquidem
1897 5340 2091 5381 sanum

512 5432 712 5487 corpus
737 5416 997 5474 Ecclesiae
1025 5417 1162 5475 duas
1193 5417 1248 5473 in
1294 5426 1479 5489 partes
1508 5418 1744 5475 divisum
1773 5424 1916 5474 erat.
1952 5414 2089 5471 Nam

2196 4847 2577 4920 πολυΰμνητος
2622 4847 2960 4911 Ἀθανὰσιος.
2992 4845 3254 4908 Εὐσέϐιος
3305 4845 3383 4911 δὲ,
3414 4844 3509 4897 καὶ
3561 4844 3787 4915 Ίλὰριος

2195 4942 2313 4995 ὀέκ
2346 4946 2442 5013 τῆς
2494 4940 2722 5004 Ἰταλίας
2779 4940 2846 5008 ⁸⁸,
2908 4940 3004 4994 καὶ
3040 4939 3319 5011 Λουκίφερ
3375 4939 3404 4992 6
3459 4936 3645 5009 Σαρδὼ
3689 4937 3788 5009 τὴν

2195 5035 2358 5106 νῆσον
2392 5035 2702 5106 ποιμαίνειν
2751 5033 2954 5104 λαχὼν,
3001 5035 3059 5087 ἐν
3106 5035 3174 5105 τῇ
3233 5031 3490 5104 Θηϐαίων
3533 5034 3603 5102 τῇ
3653 5032 3790 5099 πρὸς

2197 5130 2472 5200 Αἴγυπτον
2525 5131 2729 5202 διῆγον·
2789 5133 2906 5185 ἐκεῖ
2934 5130 3043 5202 γὰρ
3081 5130 3277 5193 αὐτοὺς
3328 5131 3357 5183 6
3410 5127 3787 5191 Κωνστάντιος

2202 5227 2625 5299 ἐξωστράκισεν.
2666 5223 2823 5283 Οὗτοι
2855 5230 2951 5283 σὺν
2976 5230 3091 5292 τοῖς
3136 5228 3315 5291 ἄλλοις
3357 5225 3786 5297 όμόφροσικατὰ

2200 5321 2396 5375 ταύτὸν
2423 5322 2468 5354 ⁶⁷
2499 5321 2803 5393 γενόμενοι,
2845 5322 3048 5392 χρῆναι
3084 5320 3183 5385 τὰς
3233 5319 3559 5390 Ἐκκλησίας
3603 5318 3785 5384 ἔλεγον

2201 5419 2279 5482 είς
2313 5419 2442 5489 μίαν
2482 5421 2813 5488 συναγαγεῖν
2853 5418 3196 5489 συμφωνίαν.
3227 5418 3301 5471 Οὐ
3338 5416 3447 5490 γὰρ
3492 5416 3651 5487 μόνον
3684 5414 3783 5468 αὖ·-

1808 5552 2045 5608 ἾΑΙΚΙᾸΞ
2089 5552 2499 5610 LECTIONES.

587 5693 635 5725 "
671 5690 1052 5761 ἐπεμέμψατο.
1089 5693 1233 5763 ldrtn
1275 5709 1399 5747 rum
1432 5694 1621 5763 Steph.

1724 5695 1770 5726 “
1813 5694 2029 5751 παλτῶν
2060 5697 2296 5751 malebat
2320 5694 2589 5752 Valesius.
2624 5709 2940 5764 quanquatn
2972 5701 3022 5747 et
3056 5695 3260 5763 πέλτην
3294 5694 3533 5760 jaeulum
3569 5693 3780 5763 signiti-

516 5776 641 5815 eare
668 5763 937 5836 concedit.
997 5764 1065 5836 _“_
1088 5762 1286 5836 lterum
1325 5765 1411 5836 hic
1443 5762 1675 5819 duorum
1698 5766 1955 5836 capitum_
1978 5779 2322 5836 argumenta,
2385 5775 2442 5818 ut
2471 5762 2662 5836 capita
2682 5762 2830 5836 ipsa,
2860 5767 2915 5821 iu
2954 5780 3120 5818 unum
3175 5762 3493 5836 ronjuncta
3521 5762 3637 5836 per:
3661 5765 3776 5836 Sir—

517 5834 799 5891 tuendum.

877 5833 921 5861 ⁸⁵
950 5833 1011 5885 Ui
1053 5833 1115 5884 ἐκ
1140 5848 1187 5885 τ.
1235 5834 1480 5899 Ἰταλίας.
1516 5836 1676 5892 Basil.
1719 5833 1811 5890 Gr.
1847 5846 1902 5892 et
1930 5833 2268 5905 Pini'codcx,
2328 5833 2591 5907 probante
2650 5833 2885 5892 Valesio.

2992 5836 3037 5867 ⁵⁷
3072 5835 3192 5890 κατ’
3242 5836 3419 5890 αὐτόν.
3479 5834 3642 5892 Basil.
3678 5833 3773 5889 Gr.
