4124 6400
420 379 550 444 1089

1407 383 1998 444 ECCLESIASTICJ‘]
2043 386 2426 447 IIISTORL’E
2467 389 2611 449 LIB.
2655 390 2736 449 ΙΙ.

3541 390 3678 454 1020

409 495 507 556 τὰς
541 492 592 544 οἱ
633 489 896 544 τάναντία
956 489 1282 560 φρονοῦντες
1313 490 1684 560 ἐπολιόρκουν,
1712 491 1846 543 ἀλλά
1898 491 1991 544 καὶ

2099 502 2147 547 et
2176 496 2268 564 qui
2323 512 2380 551 se
2416 497 2484 551 ab
2529 497 2652 552 aliis
2693 496 2850 552 initio
2913 497 3355 567 prtcstantissimi
3401 497 3674 555 Eustathii

409 586 571 637 αὐταὶ
610 583 746 654 πρὸς
777 581 974 643 ἑαυτὰς
1020 582 1356 645 ἐστασίαζον.
1394 583 1502 636 Καὶ
1544 583 1652 652 γὰρ
1687 584 1744 634 ἐν
1789 583 1990 636 Ἀντιο-

409 679 533 750 χείᾳ
567 679 690 750 διχῆ
719 679 782 732 τὸ
819 680 1061 748 ὑγιαῖνον
1109 679 1272 749 σῶμα
1310 681 1408 748 τῆς
1442 679 1768 749 Ἐκκλησίας
1807 680 1994 750 διῄρη-

407 788 490 828 το.
537 772 604 824 Οἵ
639 789 697 824 τε
727 772 836 844 γὰρ
872 772 931 837 ἐξ
971 771 1146 845 ἀρχῆς
1196 772 1493 825 Ιυίὐσταθίου
1531 773 1690 842 χάριν
1717 771 1811 824 τοῦ
1858 790 1993 825 παν-

411 866 660 935 ευφήμου
731 866 840 918 τῶν
907 866 1080 920 ἄλλων
1131 863 1518 935 ἀποκριθέντες
1579 865 1699 918 καθ’
1769 866 1995 928 ἑαυτοὺς

413 957 848 1028 συνηθροίζοντο,
882 960 975 1010 καὶ
1007 959 1055 1011 οἱ
1086 958 1228 1028 μετά
1269 957 1531 1010 Μελετίου
1565 957 1657 1009 τοῦ
1689 957 1992 1027 Θαυμασίου

411 1050 512 1120 τῆς
553 1051 899 1122 Ἀρειανικῆς
935 1052 1244 1122 συμμορίας
1289 1051 1669 1123 χωρισθέντες,
1715 1052 1772 1103 ἐν
1804 1053 1869 1122 τῇ
1907 1051 1995 1102 λεο

409 1143 624 1214 γομένῃ
672 1143 716 1174 ⁸⁸
770 1144 983 1216 Παλαιᾷ
1036 1144 1136 1206 τὰς
1176 1143 1520 1213 λειτουργίας
1559 1142 1845 1195 ἐπετέλουν
1897 1143 1994 1205 τὰς

413 1235 585 1298 Θείας.
613 1235 724 1290 Καὶ
754 1233 820 1308 ἦν
858 1237 956 1306 μὲν
985 1237 1189 1290 τούτων
1233 1238 1500 1290 κάκείνων
1549 1237 1645 1308 μία
1685 1236 1993 1306 ήὸμολογία

409 1327 512 1398 τῆς
550 1328 808 1391 πίστεως·
841 1330 1101 1400 ἑκάτερον
1128 1329 1171 1361 ⁶⁹
1219 1329 1328 1399 γὰρ
1369 1330 1619 1400 σύστημα
1649 1331 1743 1398 τῆς
1771 1330 1813 1360 ⁷⁰
1849 1331 1996 1382 ἐντε-

413 1420 599 1491 Θείσης
633 1422 690 1474 ἐν
720 1421 926 1492 Νικαίᾳ
959 1421 1304 1484 διδασκαλίας
1340 1422 1697 1493 ὑπερεμάχει.
1745 1422 1896 1491 Μόνη
1939 1420 1994 1472 δὲ

414 1516 612 1578 αὐτοὺς
658 1515 772 1586 ἔρις
825 1518 919 1569 ἀπ’
956 1517 1199 1587 ἀλλήλων
1251 1517 1447 1585 διίστη,
1502 1519 1593 1570 καὶ
1627 1519 1660 1587 ἡ
1703 1517 1830 1585 περὶ
1870 1517 1995 1577 τοὺς

413 1609 752 1679 ἡγουμένους
775 1609 1010 1671 διάθεσις
1042 1609 1080 1640 ⁷⁸
1108 1608 1281 1680 [1‘28].
1316 1609 1451 1661 Οὐδὲ
1473 1611 1517 1640 τ’
1555 1609 1662 1680 γὰρ
1697 1611 1729 1678 ἡ
1768 1608 1994 1678 Οατὲρου

410 1703 639 1773 τελευτὴ
678 1703 889 1756 διέλυσε
920 1703 1017 1773 τὴν
1048 1703 1350 1757 διάστασιν·
1387 1703 1498 1774 πρὸ
1537 1705 1647 1774 γὰρ
1689 1704 1788 1773 τῆς
1818 1703 1994 1756 Μελε-

411 1795 527 1848 τίου
554 1795 882 1866 χειροτονίας
909 1795 1206 1848 Εὐσταοίου
1242 1795 1709 1865 τετελευτηκότος,
1761 1793 1855 1847 καὶ
1885 1794 1992 1845 τῶν

2095 601 2262 642 causa
2301 597 2676 658 segregarant,
2707 590 2934 644 seorsim
2975 599 3283 645 conventus
3317 596 3552 660 agebant
3582 610 3594 645 :
3624 601 3677 644 ct

2096 679 2188 747 qui
2226 694 2283 734 se
2315 695 2438 732 cum
2473 679 2782 734 admirabili
2835 679 3053 736 Meletio
3092 683 3162 736 ab
3199 682 3405 738 Ariana
3439 685 3677 738 factione

2095 771 2498 838 disjunxerant,
2524 770 2576 823 in
2597 769 2793 834 Palma,
2813 787 2977 840 quam
3003 783 3220 837 vocant,
3251 773 3436 829 divina
3470 783 3676 846 myste-

2095 863 2174 915 ria
2205 861 2577 915 celebrabant.
2611 860 2848 930 Eratque
2883 871 2997 914 ttttn
3043 863 3273 917 istorum
3299 873 3413 918 tum
3452 866 3672 919 illorutu

2097 967 2202 1005 una
2241 951 2359 1006 fidei
2389 952 2688 1006 confessio.
2724 953 2952 1022 Utrique
2982 956 3122 1007 enim
3153 957 3456 1024 expositam
3481 956 3676 1012 Nicaeae

2096 1042 2406 1096 doctrinam
2445 1043 2887 1112 propugnabant.
2923 1044 3050 1096 Sola
3089 1046 3212 1100 illos
3247 1046 3414 1117 916
3442 1058 3675 1101 conten-

2097 1134 2194 1197 tio,
2233 1144 2286 1190 et
2349 1135 2404 1188 in
2465 1137 2726 1205 praesules
2757 1151 2886 1191 suos
2922 1152 3076 1190 amor
3105 1139 3402 1193 divellebat
3445 1157 3459 1195 :
3497 1155 3560 1193 ac
3608 1157 3675 1195 ne

2099 1232 2274 1279 tuorte
2332 1227 2551 1295 quidem
2599 1227 2827 1283 alterius
2881 1228 3150 1295 dirempta
3220 1238 3304 1283 cst
3373 1230 3672 1285 discordia.

2098 1315 2312 1368 llortuo
2343 1318 2487 1370 enim
2541 1327 2668 1372 ante
2710 1319 2910 1373 Meletii
2974 1319 3309 1374 creationem
3364 1323 3674 1386 Eustathio,

2097 1424 2219 1462 cum
2247 1409 2469 1478 pietatis
2507 1411 2770 1475 cultores,
2811 1420 2930 1482 post
2963 1413 3223 1467 exsilium
3272 1413 3471 1468 Meletii
3521 1431 3676 1470 crea-

2095 1512 2417 1581 tionemque
2456 1511 2670 1574 Euzoii,
2727 1513 2795 1566 ab
2854 1513 3146 1582 impiorum
3197 1515 3582 1570 communione
3620 1534 3679 1572 sc

2098 1605 2517 1671 thtluxissent,
2547 1617 2600 1659 et
2623 1615 2908 1674 separatos
2939 1617 3244 1662 conventus
3269 1609 3553 1674 haberent,
3582 1611 3680 1664 ad-

2099 1697 2228 1751 duci
2264 1714 2370 1751 non
2407 1705 2704 1766 potuerunt
2729 1699 3101 1764 Eustathiani,
3129 1708 3186 1753 ut
3209 1715 3332 1754 cum
3357 1701 3436 1756 eis
3461 1717 3519 1756 se
3542 1717 3678 1756 con-

2093 1791 2402 1860 iungerent.
2458 1789 2629 1858 llujus
2683 1806 2813 1857 ergo
2871 1792 3277 1859 coniunctionis
3333 1795 3680 1864 perﬁciendae

411 1888 512 1955 τῆς
557 1887 834 1951 εὐσεϐείας
865 1886 1241 1957 ἀντεχομένων
1280 1887 1418 1958 μετά
1469 1887 1566 1958 τὴν
1607 1887 1868 1941 Μελετίου
1902 1887 1996 1956 μὲν

2102 1882 2240 1934 viam
2300 1882 2679 1951 rationemque
2731 1881 3000 1938 Eusebius
3050 1891 3104 1937 et
3151 1882 3376 1938 Lucifer
3419 1888 3678 1956 exquire-

409 1975 648 2046 ὲξορίαν,
701 1977 940 2040 Εὐζωῒου
999 1976 1054 2028 δὲ
1115 1976 1468 2045 χειροτονίαν,
1506 1975 1606 2046 τῆς
1652 1974 1760 2026 τῶν
1807 1973 1995 2024 δυσσε-

409 2067 651 2119 ϐοὐντων
685 2069 966 2131 κοινωνίας
1018 2068 1064 2099 ⁷³
1113 2067 1538 2139 ἀποκριθέντων,
1571 2067 1666 2119 καὶ
1721 2064 1992 2118 καθ’έαυ-

406 2162 538 2223 τοὺς
583 2159 1104 2232 συναθροιζομένων,
1165 2159 1505 2229 συναφθῆναι
1542 2160 1752 2221 τούτοις
1804 2159 1854 2209 oi
1897 2155 1990 2209 ἀπ’

411 2252 708 2306 Εὐσταοίου
741 2257 840 2324 τὴν
894 2252 1210 2323 ἐπωνυμίαν
1249 2253 1458 2322 ἔχοντες
1495 2252 1592 2304 οὐκ
1639 2249 1988 2320 ἐπείσθησαν.

2101 1973 2230 2027 bant
2268 1988 2282 2026 :
2324 1971 2626 2042 orabatque
2665 1971 2939 2028 Eusebius
2977 1972 3318 2041 Luciferum,
3349 1983 3408 2029 ut
3436 1978 3678 2032 Alexan-

2099 2063 2276 2118 driam
2322 2069 2551 2132 peteret,
2595 2072 2648 2116 et
2701 2077 2826 2116 eum
2862 2078 3060 2133 magno
3095 2063 3397 2120 Athanasio
3421 2081 3483 2119 ea
3514 2068 3582 2122 de
3621 2082 3680 2120 re

2098 2153 2556 2215 communicaret,
2582 2153 2684 2206 sibi
2716 2161 2895 2207 autem
2926 2155 3238 2212 concordia!
3265 2157 3509 2212 laborem
3532 2174 3680 2212 curre

2100 2245 2368 2300 futurutn.

408 2347 586 2417 Τῆσδε
640 2349 738 2418 τῆς
795 2347 1090 2416 συναφείας
1145 2349 1193 2399 οἱ
1242 2348 1368 2416 περὶ
1421 2347 1512 2399 τὸν
1566 2345 1824 2397 Εὐσέϐιον
1890 2343 1982 2396 καὶ
2019 2340 2330 2408 Λουκίφερα
2352 2338 2518 2405 πόρον
2569 2336 2869 2407 ἐπεζήτουν
2931 2339 3134 2410 εὑρεῖν.
3194 2340 3304 2394 Καὶ
3361 2340 3678 2413 Λουκίφερα

409 2437 513 2507 μὲν
558 2440 585 2491 ό
638 2439 898 2502 Εὐσέϐιος
962 2439 1062 2508 τὴν
1123 2439 1530 2510 Ἀλεξάνδρειαν
1583 2438 1734 2507 ἠξίου
1815 2435 2164 2497 καταλαϐεῖν,
2219 2432 2314 2485 καὶ
2356 2431 2656 2500 ἈΟανασίῳ
2703 2430 2782 2502 τῷ
2839 2433 3059 2504 μεγάλῳ
3129 2433 3489 2488 κοινώσασθαι
3552 2437 3681 2504 περὶ

405 2526 625 2581 τούτουο
673 2528 836 2592 αὐτὸς
882 2528 940 2581 δέ
996 2545 1060 2597 γε
1117 2529 1206 2582 τὸν
1259 2530 1386 2599 περὶ
1432 2529 1530 2598 τῆς
1573 2528 1615 2558 ⁷⁴
1668 2527 1990 2598 συμϐάσεως
2036 2523 2223 2595 ἢθελεν
2279 2520 2633 2587 ἀναδέξασθαι
2661 2521 2706 2552 ⁷⁸
2764 2522 2942 2576 πόνον.

495 2729 635 2782 Ἀλλ’
695 2731 722 2783 ὁ
774 2731 1050 2802 Λουκίφερ
1113 2733 1192 2792 εἰς
1271 2731 1369 2800 μὲν
1426 2730 1524 2801 τὴν
1593 2729 1997 2800 ’Λλεξάνδρειαν

408 2823 516 2877 οὐκ
562 2823 812 2891 ἀφίκετο,
863 2823 962 2894 τὴν
1032 2823 1305 2893 Ἀντιόχου
1375 2824 1432 2875 δὲ
1495 2823 1649 2876 πόλιν
1710 2823 1997 2876 κατέλαϐε.

411 2916 650 2979 Πολλοὺς
695 2917 752 2969 δὲ
813 2920 940 2986 περὶ
1009 2917 1334 2988 συμϐάσεως
1388 2916 1581 2984 λόγους
1631 2916 1724 2970 καὶ
1788 2915 2000 2979 τούτοις

411 3008 690 3071 κάκείνοις
723 3007 1128 3079 προσενεγκὼν,
1158 3003 1277 3062 εἶτα
1324 3007 1446 3061 ἰδὼν
1477 3009 1856 3076 ἀντιλέγοντας
1872 3009 1998 3072 τοὺς

407 3104 513 3172 τῆς
566 3104 868 3157 Εὐσταοίου
918 3104 1250 3175 συμμορίας,
1289 3106 1474 3173 ἡγεῖτο
1533 3105 1588 3157 δὲ
1618 3103 1817 3174 ταύτης
1847 3105 1994 3156 Παυ-

409 3197 556 3263 λῖνος
607 3198 974 3270 πρεσϐύτερος
1027 3199 1122 3263 ὢν,
1189 3201 1599 3270 ἐχειροτόνησεν
1660 3199 1861 3264 αὐτοῖς,
1897 3201 1996 3252 οὐκ

409 3288 475 3345 εὖ
514 3309 578 3361 γε
631 3292 822 3357 ποιῶν,
854 3292 943 3346 τὸν
978 3292 1241 3346 Παυλῖνον
1264 3292 1582 3348 ἐπίσκοπον.

484 3493 655 3548 Τοῦτο
702 3492 800 3563 τὴν
853 3491 1137 3546 διάστασιν
1188 3492 1402 3563 ἐκείνην
1438 3491 1782 3562 μακροτέραν
1814 3489 2000 3559 εἰργά-

411 3603 565 3644 σατο.
625 3587 794 3639 Πέντε
851 3585 960 3655 γὰρ
1013 3587 1108 3638 καὶ
1167 3585 1499 3656 ὀγδοήκοντα
1561 3583 1829 3653 διέμεινεν
1880 3583 1995 3653 ἔτη,

412 3680 581 3750 μέχρι
630 3681 728 3749 τῆς
799 3674 1150 3747 Ἀλεξάνδρου
1180 3676 1272 3730 τοῦ
1311 3677 1491 3748 πάσης
1541 3675 1816 3746 εὐφημίας
1847 3674 1997 3739 ἀξίου

411 3773 724 3845 προεδρίας·
786 3772 848 3836 ὂς
912 3771 1012 3840 τῆς
1077 3772 1393 3841 Ἀντιοχέων
1454 3770 1782 3840 Ἐκκλησίας
1823 3769 1999 3839 ἐγχει-

410 3866 624 3937 ρισθεὶς
672 3865 741 3918 τά
801 3865 1054 3935 πηδάλια,
1119 3865 1297 3918 πάντα
1365 3865 1531 3934 πόρον
1590 3864 1838 3934 κινήσας,
1904 3863 1999 3916 καὶ

409 3961 598 4013 πᾶσαν
649 3958 789 4028 ὑπὲρ
840 3960 939 4028 τῆς
993 3956 1247 4026 ὁμονοίας
1299 3955 1617 4024 εἰσενέγκας
1666 3954 1901 4024 σπουδήν
1939 3972 1998 4007 τε

409 4054 509 4105 καὶ
563 4050 893 4122 προθυμίαν,
953 4050 1014 4103 τὸ
1054 4049 1457 4121 κεχωρισμένον
1520 4048 1678 4118 μέλος
1718 4047 1791 4118 τῷ
1825 4047 1998 4116 λοιπῷ

414 4144 516 4214 τῆς
561 4143 888 4215 Ἐκκλησίας
941 4143 1249 4213 συνήρμοσε
1304 4140 1536 4211 σώματι.
1567 4140 1700 4193 Τότε
1727 4140 1784 4193 δὲ
1821 4141 1864 4171 'Is
1901 4141 1999 4212 τὴν

416 4237 697 4290 διάστασιν
745 4238 773 4290 ὁ
835 4235 1111 4307 Λουκίφερ
1163 4234 1427 4304 αὐξήσας,
1486 4233 1739 4286 πλεῖστον
1781 4234 1838 4287 ὲν
1885 4233 2002 4286 ’Λν-

413 4331 625 4401 τιοχεία
695 4329 940 4402 διέτριψε
1021 4329 1234 4401 χρόνον.
1292 4327 1351 4380 '0
1403 4327 1461 4380 δέ
1513 4345 1576 4397 γε
1621 4326 1878 4389 Εὐσέϐιος
1921 4332 2001 4394 είς

410 4425 515 4496 τὴν
578 4423 908 4494 Ἀντιόχειαν
927 4493 939 4502 _
965 4421 1317 4493 ἀφικόμενος,
1354 4422 1449 4474 καὶ
1487 4421 1648 4490 γνοὺς
1677 4423 1738 4472 ὲκ
1773 4419 1872 4489 τῆς
1900 4423 2001 4475 οὐκ

411 4520 628 4591 ἀγαθῆς
672 4519 915 4590 ἰατρείας
973 4519 1223 4571 δυσίατον
1287 4517 1346 4570 τὸ
1399 4516 1566 4580 πάΟος
1615 4517 1996 4585 γεγενημένον,

416 4613 498 4678 είς
557 4613 657 4682 τὴν
716 4611 954 4683 ἑσπέραν
987 4610 1348 4664 ἀπέπλευσεν.
1401 4610 1458 4661 ὐ
1511 4609 1568 4662 δὲ
1615 4607 1890 4678 Λουκίφερ
1919 4611 1999 4673 εἰς

413 4706 515 4777 τὴν
568 4704 757 4776 Σαρδὼ
821 4703 1281 4775 παραγενόμενος,
1335 4702 1502 4772 ἕτερά
1571 4718 1695 4754 τινα
1745 4702 1857 4762 τοῖς
1907 4703 1999 4754 ὲκ-

413 4799 828 4868 κλησιαστικοῖς
878 4794 1230 4867 προστέθεικε
1271 4795 1552 4863 δόγμασιν
1615 4795 1663 4846 οἱ
1717 4792 1774 4846 δὲ
1831 4793 2002 4848 ταῦτα

413 4890 868 4960 καταδεξάμενοι,
925 4891 989 4943 ὲκ
1055 4887 1157 4957 τῆς
1225 4885 1417 4941 τούτου
1481 4885 1851 4958 προσηγορίας
1913 4891 2004 4942 καὶ

412 4989 518 5058 τὴν
553 4985 868 5056 ἐπωνυμίαν
911 4985 1168 5055 εἰλήφασι
1203 4984 1267 5014 ⁷⁷·
1309 4981 1726 5054 Λουκιιρεριανοὶ
1761 4981 1868 5050 γὰρ
1913 4985 2004 5037 ἐπὶ

412 5080 674 5133 πλεῖστον
716 5077 1056 5148 ὠνομάζοντο
1087 5077 1294 5148 χρόνον.
1343 5073 1581 5140 ’Λπέσϐη
1614 5074 1670 5127 δὲ
1712 5073 1808 5126 καὶ
1845 5075 2001 5130 τοῦτο

412 5173 481 5227 τὸ
525 5172 722 5243 δόγμα,
771 5171 862 5224 καὶ
911 5169 1182 5240 παρεδόθη
1217 5171 1282 5238 τῇ
1334 5169 1492 5239 λήθῃ.
1551 5167 1734 5220 Ταῦτα
1775 5167 1874 5236 μὲν
1908 5166 2000 5222 οὖν

417 5264 564 5337 μετὰ
590 5265 690 5337 τὴν
720 5264 974 5319 ἐπάνοδον
1004 5265 1108 5316 τῶν
1137 5262 1450 5314 ἐπισκόπων
1479 5261 1715 5330 ἐγένετο.

2175 2724 2296 2798 [Ch.
2335 2723 2397 2778 Υ.
2423 2723 2502 2796 5.]
2531 2725 2593 2778 At
2617 2724 2840 2780 Lucifer
2868 2725 3262 2783 Alexandriam
3293 2746 3402 2785 non
3435 2741 3518 2788 est
3554 2749 3680 2803 pro-

2101 2817 2302 2879 fectus,
2341 2816 2434 2875 sed
2466 2816 2813 2871 Antiochiam
2854 2819 3161 2874 contendit.
3203 2819 3302 2875 Ubi
3327 2827 3682 2887 concordiam

2101 2913 2114 2928 ‘
2149 2909 2439 2978 utriusque
2482 2908 2706 2977 cepiosa
2739 2910 2992 2964 oratione
3022 2927 3144 2965 cum
3185 2915 3461 2982 suaderet,
3501 2934 3564 2972 ac
3593 2938 3679 2972 ro-

2101 3001 2408 3054 clamantes
2445 2999 2654 3052 videret
2692 3001 3110 3067 Eustathiauos,
3157 3019 3389 3072 quorum
3423 3009 3680 3078 |ll‘lllCt'|lS

2102 3099 2221 3146 erat
2247 3090 2513 3143 Paulinus
2545 3092 2851 3160 presbyter,
2872 3090 3164 3146 Paulinqu
3199 3095 3355 3164 ipsis,
3387 3099 3532 3169 quod
3564 3102 3680 3154 fieri

2104 3185 2330 3238 minime
2359 3184 2571 3249 debuit,
2603 3170 2925 3254 episcopum
2958 3184 3255 3242 ordinavit.

3271 3265 3322 3280 ‘

2173 3505 2257 3577 [Β.
2285 3506 2442 3562 etSt.
2477 3505 2553 3578 5.]
2597 3505 2669 3560 Ea
2704 3523 2794 3563 res
2816 3507 3220 3566 dissensionem
3272 3511 3417 3566 illam
3469 3513 3686 3569 diutur~

2101 3598 2307 3650 niorem
2339 3598 2537 3652 effecit.
2563 3597 2796 3653 Duravit
2817 3600 2962 3654 enim
2987 3603 3154 3656 annis
3190 3603 3434 3674 quinque
3456 3615 3512 3660 et
3539 3616 3687 3660 octo-

2099 3691 2270 3759 ginta.
2309 3706 2485 3759 usque
2521 3691 2587 3743 ad
2625 3693 2978 3761 praesulatum
3039 3694 3410 3752 laudatissimi
3444 3698 3682 3754 Alexan-

2097 3779 2204 3843 dri,
2248 3780 2364 3848 qui,
2393 3780 2745 3835 Antiochense
2781 3781 3044 3838 Ecclesia)
3078 3785 3518 3853 gubernaculum
3554 3791 3685 3846 ade-

2099 3880 2245 3941 ptus,
2283 3872 2390 3925 viis
2426 3871 2684 3926 omnibus
2725 3874 2974 3937 tentatis,
3029 3889 3357 3946 summoque
3404 3893 3504 3947 pro
3548 3894 3683 3932 con-

2099 3965 2287 4020 cordia
2338 3965 2523 4019 studio
2579 3972 2634 4019 et
2698 3965 2979 4021 voluntate
3032 3967 3300 4034 adhibita,
3354 3969 3680 4026 distractum

2099 4059 2408 4114 membrum
2431 4072 2554 4112 cum
2585 4058 2798 4127 reliquo
2833 4057 3095 4114 Ecclesia:
3117 4075 3350 4131 corpore
3379 4064 3678 4133 copulavit.

2100 4150 2202 4205 Sed
2237 4147 2479 4209 Lucifer.
2508 4157 2668 4202 aucta
2701 4156 2836 4204 tunc
2888 4151 3190 4215 discordia,
3244 4153 3409 4223 longo
3441 4163 3683 4225 tempore

2104 4240 2415 4295 Antiochiae
2469 4249 2715 4296 moratus
2746 4251 2848 4297 est.
2890 4240 3160 4298 Eusebius
3202 4243 3366 4314 917
3405 4261 3532 4299 vero
3569 4248 3683 4301 Λιι-

2101 4334 2363 4389 tiochiam
2405 4349 2531 4387 cum
2584 4333 2850 4396 venisset,
2893 4335 3146 4388 morbum
3189 4351 3425 4393 cernens
3473 4354 3536 4393 ex
3572 4357 3680 4394 non

2101 4436 2250 4480 recta
2281 4425 2564 4480 curatione
2592 4422 2950 4478 diﬂiciliorem
2987 4423 3216 4491 factum,
3253 4427 3306 4481 in
3340 4427 3681 4484 occidentem

2100 4519 2220 4573 vela
2259 4517 2409 4572 fecit.
2439 4516 2661 4572 Lucifer
2707 4527 2887 4572 autem
2939 4517 2992 4570 in
3035 4517 3345 4572 Sardiniam
3400 4535 3680 4586 reversus,

2104 4611 2208 4663 alia
2231 4609 2476 4679 qnzetlam
2511 4609 2910 4665 ecclesiasticis
2928 4609 3283 4680 dogmatibus
3307 4611 3529 4681 adjecit,
3563 4630 3685 4682 (ιιιςιι

2103 4705 2198 4773 qui
2230 4703 2464 4770 amplexi
2498 4712 2626 4757 sunt
2663 4704 2731 4758 ab
2773 4703 2893 4773 ejus
2922 4703 3141 4758 nomine
3187 4718 3494 4774 cognomen
3528 4722 3681 4760 sum-

2101 4799 2354 4861 pserunt,
2387 4800 2440 4844 et
2463 4790 2804 4846 Luciferiani
2846 4791 2938 4846 ditt
2987 4792 3240 4862 appellati
3300 4801 3447 4849 sunt.
3483 4792 3680 4850 Verum

2101 4884 2206 4938 hoc
2237 4898 2457 4953 quoque
2499 4882 2694 4955 dogma
2727 4885 3089 4949 exstinctum,
3120 4892 3175 4939 et
3221 4885 3497 4941 oblivione
3528 4903 3684 4954 pror-

2103 4994 2198 5034 sus
2231 4977 2471 5032 deletum
2499 4985 2604 5030 est.
2646 4974 2772 5032 llaec
2827 4977 2995 5048 igitur
3030 4985 3153 5048 post
3198 4978 3436 5033 reditum
3469 4978 3683 5050 episco-

2104 5078 2297 5132 porum
2326 5068 2627 5139 contigere.

1719 5487 1953 5544 VARle
1989 5489 2393 5547 LECTIONES.

496 5666 545 5748 ‘2
573 5663 899 5748 xalourpév'q.
947 5665 1116 5748 “Idem”
1149 5665 1501 5748 ιξιιιιιβιςρη.
1537 5669 1623 5748 ﬁ“
1663 5667 1958 5748 ἑκατέρων.
2001 5668 2176 5748 Eas";
2213 5669 2306 5748 Gr.
2368 5669 2431 5748 3°
2475 5668 3033 5748 tjséxiclqciastﬁ;
3056 5668 3416 5748 ἐπίνεια-(ξιιμ
3485 5678 3525 5709 ⁷¹
3581 5677 3683 5748 τὴν

419 5736 686 5789 ῖιάοεσιν.
728 5736 912 5806 Steph.
945 5738 997 5791 ἓ.

1076 5738 1117 5767 ⁷²
1145 5738 1204 5789 οὐ
1233 5739 1339 5806 γάρ
1375 5735 1496 5823 llas.
1704 5735 2111 5823 7:69;.tzﬁopia;
2145 5738 2332 5823 Steph:
2366 5741 2420 5793 2.

2498 5741 2544 5769 7"
2566 5741 2842 5818 Articulus
2872 5741 3022 5818 ali-est.
3040 5757 3080 5818 _a
3103 5741 3264 5818 Basil.
3292 5744 3384 5798 Gr.
3410 5756 3457 5800 t-t
3492 5741 3678 5818 Steph.

421 5805 858 5872 Haustanen.
888 5805 1382 5877 tjln'istophors.76
1419 5808 1503 5880 δή.
1538 5807 1700 5863 Basil.
1733 5807 1826 5863 Gr.
1857 5805 1865 5809 ”
1902 5805 1944 5839 ττ
1975 5805 2254 5876 ἐδέξαντο(
2277 5809 2417 5864 ldem
2456 5824 2584 5864 cum
2615 5809 2803 5864 Savilii
2841 5821 2892 5866 ct
2937 5811 3052 5865 Pmi
3089 5812 3248 5866 codd.
