4124 6404
542 384 685 452 1οτζὸ

1546 381 2037 442 TIIEODORETI
2066 381 2405 443 EPISCOPI
2429 384 2795 445 CYRENSIS

3682 391 3813 457 1093

542 515 640 571 per
668 495 947 553 contraria
978 496 1035 552 in
1064 496 1345 552 contraria
1376 494 1536 566 921
1583 502 1953 550 transeuntes.
1997 493 2129 549 Nam

2238 499 2353 551 ἴσον
2406 499 2485 563 εἰς
2506 499 2763 555 ἀσέϐειαν
2808 498 2934 571 ἔφη,
2986 499 3048 553 τδ
3093 500 3278 555 ὀϐολὸν
3322 503 3453 572 γοῦν
3499 502 3597 559 ἕνα
3633 504 3817 563 δοῦναι

539 608 604 646 cx
630 591 752 661 ejus
787 605 883 646 ore
913 597 1101 661 postea
1129 589 1385 659 pietatem
1411 587 1676 643 didicere.

2228 590 2307 660 τῷ
2362 590 2541 643 πάντα
2606 590 2811 645 δοῦναι.
2887 590 3076 655 Οὕτως
3141 591 3459 662 ἡττηθέντες
3520 593 3816 660 ἀπέλυσαν,

540 684 1021 757 ὑπεραγασθέντες
1048 684 1151 753 τὴν
1188 682 1505 752 καρτερίαν,
1552 683 1648 735 καὶ
1700 681 1788 735 διά
1829 681 1937 734 τῶν
1979 680 2235 735 ἐναντίων
2285 684 2364 746 εἰς
2395 683 2654 737 τάναντία
2686 683 3132 755 μετατεθέντες¹.
3185 685 3287 739 Διά
3344 685 3454 758 γὰρ
3517 690 3615 759 τῆς
3678 688 3827 743 ἐκεί-

541 794 633 832 νου
675 775 920 847 γλώττης
950 773 1256 847 μετέμαθον
1284 774 1381 843 τὴν
1401 773 1702 829 εὐσέϐειαν.

927 911 944 929 ο
982 905 1136 963 CAP.
1181 907 1271 963 tv.
1305 907 1427 979 ton.
1464 908 1537 989 7.,
1560 908 1623 962 v.
1657 909 1739 982 8.]

715 1021 865 1088 Quas
910 1020 1165 1076 adversus
1202 1019 1539 1076 Christianos
1581 1021 1715 1093 leges
1747 1025 1950 1080 tulerit.

606 1135 725 1190 Atia
777 1150 1001 1206 quoque
1054 1135 1346 1191 innumera
1408 1136 1501 1190 illo
1557 1145 1808 1209 tempore
1864 1141 2133 1195 adversus

536 1229 763 1300 pictatis
815 1229 1059 1284 cultores
1101 1230 1171 1283 ab
1216 1229 1401 1300 impiis
1444 1237 1592 1284 terra
1635 1233 1885 1301 marique
1931 1246 2132 1302 perpe-

538 1335 679 1379 trata
726 1334 876 1380 sunt.
921 1321 1042 1377 Jam
1078 1323 1222 1377 enim
1276 1330 1464 1393 aperte
1509 1322 1618 1378 Deo
1668 1321 1901 1379 infestus
1942 1334 2132 1379 contra

538 1415 797 1486 pietatem
829 1416 976 1485 leges
1016 1412 1245 1469 ferebat.

609 1505 688 1560 Ac
718 1506 894 1575 primo
923 1504 1145 1575 quidem
1180 1503 1265 1577 [Β.
1306 1504 1388 1558 St.
1423 1503 1504 1577 8.]
1540 1506 1718 1560 vetuit
1747 1522 1815 1562 ne
1848 1506 1941 1561 ﬁlii
1978 1509 2131 1563 Gali-

540 1598 764 1651 laeorum
801 1596 905 1667 (sic
935 1597 1083 1650 enim
1126 1596 1438 1651 Servatoris
1480 1598 1653 1651 nostri
1700 1605 2002 1654 sectatores
2037 1613 2134 1668 ap-

539 1687 800 1759 pellabat)
863 1687 1119 1757 poeticis,
1183 1687 1517 1753 rhetoricis,
1579 1689 1664 1743 vel
1734 1689 2135 1760 philosophicis

538 1780 737 1835 studiis
775 1793 999 1849 operam
1036 1781 1251 1833 darent.
1288 1777 1423 1833 Nam
1459 1782 1719 1851 propriis,
1755 1782 1955 1849 aiebat,
1994 1799 2129 1853 pcn-

2845 911 3098 965 ΚΕΦΑΛ.
3132 914 3196 966 Δ’.

2343 1023 2481 1077 Τίνα
2509 1021 2659 1077 κατὰ
2688 1021 2809 1077 τῶν
2836 1022 3211 1091 Χριστιανῶν
3241 1023 3639 1096 ἐνομοθέτησε
3667 1030 3709 1085 ⁸.

2299 1137 2412 1191 Καὶ
2442 1137 2605 1209 ἕτερα
2633 1137 2691 1191 δὲ
2735 1138 2905 1209 μυρία
2957 1138 3236 1210 πανταχοῦ
3274 1138 3381 1210 γῆς
3422 1141 3519 1194 καὶ
3548 1140 3822 1217 Θαλάττης

2229 1228 2352 1282 κατ’
2385 1231 2592 1282 ἐκεῖνον
2626 1229 2717 1282 τὸν
2746 1231 2939 1298 καιρὸν
2961 1229 3064 1282 ὑπὸ
3101 1230 3211 1284 τῶν
3236 1230 3514 1284 δυσσεϐὦν
3544 1235 3824 1291 κατὰ-τῶν

2229 1321 2471 1375 εὐσεϐῶν
2497 1321 2790 1393 ἐτολμήθη.
2822 1323 2930 1376 Καὶ
2976 1323 3086 1393 γὰρ
3124 1323 3417 1396 προφανῶς
3449 1324 3634 1380 λοιπὸν
3668 1330 3697 1381 ὸ
3728 1346 3837 1399 μιν

2232 1415 2417 1478 σόθεος
2439 1414 2458 1445 ³
2488 1414 2631 1468 κατά
2662 1414 2759 1482 τῆς
2800 1413 3079 1478 εὐσεϐείας
3103 1415 3434 1487 ἐνομοθέτει.

2302 1509 2412 1559 Καὶ
2437 1506 2654 1579 πρῶτον
2707 1506 2805 1575 μὲν
2857 1506 3207 1578 ἀπηγόρευσε
3234 1507 3343 1563 τῶν
3370 1508 3672 1564 Γαλιλαίων
3696 1514 3822 1577 τοὺς

2231 1600 2451 1663 παῖδας,
2479 1598 2622 1653 οὕτω
2652 1598 2761 1671 γὰρ
2782 1600 2877 1653 τοῦ
2916 1601 3168 1671 Σωτῆρος
3205 1602 3237 1671 ἡ
3248 1600 3364 1671 μῶν
3389 1602 3516 1665 τοὺς
3546 1601 3822 1668 θιασώτας

2230 1690 2481 1760 ὠνόμαζε
2507 1690 2547 1755 ⁸,
2586 1691 2907 1761 ποιητικῶν,
2951 1691 3048 1744 καὶ
3103 1693 3407 1764 ῥητορικῶν
3429 1733 3443 1758 ,
3475 1694 3572 1747 καὶ
3609 1695 3823 1763 φιλοσό-

2234 1801 2351 1853 φων
2385 1782 2817 1853 μεταλαγχάνειν
2861 1781 3057 1850 λόγων.
3090 1784 3215 1845 Τοῖς
3242 1783 3463 1848 οἰκείοις
3506 1785 3635 1857 γὰρ,
3665 1788 3819 1857 φησὶ,

494 1867 648 1932 ἰιίε,
684 1866 834 1937 quod
873 1876 960 1924 est
990 1866 1047 1922 in
1078 1868 1393 1938 proverbio,
1426 1870 1780 1941 contigitnur.
1804 1871 1885 1925 Ex
1921 1871 2130 1928 nostris

2235 1840 2456 1945 πτεροῖς
2479 1914 2494 1938 ,
2524 1840 2666 1927 κατά
2700 1872 2798 1944 τὴν
2840 1840 3145 1944 παροιμίαν
3164 1840 3541 1946 ,νβαλλὸμεϋθαί
3583 1840 3689 1929 ζεκ,
3714 1840 3823 1948 γάρ

535 1961 683 2016 enim
715 1961 874 2017 libris
922 1977 1076 2017 arma
1117 1971 1368 2029 sumunt,
1396 1965 1600 2034 quibus
1641 1965 1902 2021 instructi
1938 1976 2131 2022 contra

536 2069 640 2109 nos
673 2055 876 2110 bellum
910 2064 1132 2126 gerunt.
1169 2056 1372 2112 Postea
1414 2058 1585 2127 legem
1629 2058 1793 2113 aliam
1845 2059 1989 2122 tulit,
2020 2074 2130 2130 qua

536 2148 810 2214 Galilaeos,
866 2148 974 2204 hoc
1019 2158 1141 2215 est,
1182 2150 1552 2215 Christianos,
1602 2165 1634 2205 ε
1684 2150 1877 2206 militia
1931 2153 2129 2223 expelli

532 2237 722 2306 jussit.

854 2370 1011 2431 CAP.
1049 2370 1113 2428 ν.
1146 2371 1233 2447 [Β.
1276 2372 1361 2430 St.
1399 2369 1465 2430 v.
1508 2372 1562 2433 9.
1593 2374 1698 2432 cn.
1728 2339 1840 2451 8.].

678 2484 755 2542 De
785 2496 976 2557 quarto
1009 2488 1201 2543 milia
1230 2495 1282 2542 et
1320 2487 1451 2559 fuga
1479 2490 1651 2543 sancti
1682 2489 1985 2546 Athanasii.

608 2681 716 2738 Per
760 2682 904 2737 idem
955 2692 1172 2752 tempus
1208 2682 1589 2745 Athanasius.
1639 2684 2133 2745 exercitatissimus

537 2775 744 2832 athleta
772 2775 1051 2840 veritatis,
1078 2774 1227 2829 aliud
1262 2790 1462 2831 rursus
1498 2776 1552 2830 in
1582 2775 1881 2833 discrimen
1908 2790 2134 2838 vocatus

535 2876 642 2924 cst.
660 2865 797 2921 Nam
821 2866 1101 2923 dzemones
1121 2868 1228 2921 vim
1264 2867 1465 2938 lingua:
1488 2883 1827 2939 precumque
1846 2869 2135 2929 Athanasii

537 2974 648 3015 non
689 2958 956 3023 ferentes,
991 2959 1057 3013 ad
1097 2960 1349 3014 convicia
1401 2960 1455 3014 in
1506 2976 1632 3014 eum
1688 2962 1997 3033 spargenda
2034 2964 2136 3019 mi-

542 3051 752 3106 nistros
784 3065 918 3106 suos
953 3059 1264 3105 armarunt.
1315 3049 1420 3118 Qui
1459 3066 1585 3106 cum
1622 3052 1758 3106 alias
1806 3054 2007 3110 multas
2056 3056 2137 3124 ia-

537 3150 752 3198 ctarent
784 3157 969 3209 voces,
998 3142 1285 3213 praesidem
1322 3144 1645 3212 impietatis,
1680 3152 1739 3198 ut
1773 3145 2132 3203 Athanasium

538 3233 594 3288 in
630 3233 888 3288 exsiliqu
939 3233 1166 3304 pelleret
1207 3232 1372 3302 922
1419 3234 1787 3302 obtestantes,
1818 3245 1933 3290 tum
1988 3237 2133 3292 hanc

539 3325 608 3379 ad
644 3336 917 3380 cmteras:
954 3322 1011 3378 Si
1050 3325 1681 3391 tnancretAthauasius,
1714 3329 1974 3396 gentiletn
2009 3331 2131 3385 ttul-

541 3416 653 3470 ltun
688 3430 1073 3471 remansurutn
1110 3431 1252 3470 :suo
1278 3416 1481 3486 quippe
1514 3418 1680 3471 cmtui
1708 3431 2131 3489 aggregaturunt

541 3505 854 3560 universos.
908 3503 1152 3569 Quorum
1207 3505 1467 3574 precibus
1525 3505 1786 3561 admissis
1854 3504 2130 3570 Julianus,

541 3614 653 3653 non
694 3596 820 3667 pelli
868 3605 1109 3659 tantum,
1154 3596 1247 3651 sed
1301 3596 1479 3650 occidi
1522 3597 1691 3664 jussit
1745 3597 2132 3654 Athanasium.

543 3689 691 3746 Metu
727 3696 913 3742 autem
948 3687 1223 3757 perculsis
1255 3686 1641 3751 fatttiliaribus,
1666 3689 1991 3758 pra-dixisse
2022 3690 2134 3743 fer-

541 3791 636 3837 tur
669 3781 820 3838 brevi
857 3789 1207 3835 cessaturum
1242 3781 1565 3846 tumultum,
1599 3781 1916 3851 nubemque
1947 3780 2135 3851 appel-

540 3876 709 3941 lasse,
735 3888 856 3945 quae
880 3872 1148 3928 citissime
1173 3871 1534 3928 dissolvatur.
1561 3872 1741 3928 Cessit
1777 3881 1982 3939 tamen,
2005 3888 2131 3928 cum

541 3971 764 4025 venisse
784 3974 977 4023 contra
1007 3980 1067 4020 se
1089 3965 1290 4020 missos
1318 3965 1707 4036 comperisset,
1738 3974 2048 4036 nactusque
2074 3965 2131 4020 in

541 4058 790 4114 ﬂuminis
832 4058 951 4126 ripa
993 4055 1295 4125 navigium,
1328 4055 1381 4108 in
1426 4055 1761 4110 Thebaidem
1811 4057 2132 4122 vehebatur,

541 4166 671 4207 cum
702 4150 885 4204 audita
916 4149 1038 4218 ejus
1072 4146 1197 4218 luga
1227 4147 1273 4201 is
1300 4145 1394 4216 qui
1426 4160 1776 4201 eum-necare
1797 4147 1989 4217 jussus
2020 4146 2137 4202 fue-

542 4251 654 4307 rat,
679 4243 829 4297 ontni
855 4248 1056 4295 conatu
1091 4238 1309 4308 insequi
1334 4236 1567 4293 studuit.
1596 4236 1768 4302 Quem
1800 4247 2135 4309 ptmvertetts

543 4336 766 4409 quidam
797 4333 865 4388 de
893 4333 1109 4396 amicis,
1139 4347 1265 4386 eunt
1304 4330 1568 4386 festinare
1601 4329 1753 4382 illum
1799 4330 2130 4395 nuntiasset,

542 4436 874 4497 orarentque
902 4440 969 4479 ex
998 4424 1311 4479 astantibus
1341 4421 1619 4484 nonnulli,
1640 4429 1698 4475 ut
1730 4422 1922 4475 sesein
1946 4420 2135 4476 deser-

2231 1967 2342 2021 τῶν
2397 1966 2683 2038 ἡμετέρων
2740 1965 3195 2037 συγγραμμάτων
3244 1965 3695 2034 καθοπλιζόμενοι
3731 1969 3823 2021 τὸν

2234 2060 2357 2115 καθ’
2382 2059 2538 2133 ἡμῶν
2564 2060 2918 2130 ἀναδέχονται
2955 2059 3209 2129 πόλεμον.
3244 2059 3400 2114 Μετά
3428 2059 3616 2113 τοῦτον
3635 2061 3823 2131 ἕτερον

2231 2153 2447 2207 τέθεικε
2496 2154 2683 2222 νόμον,
2717 2152 2845 2216 τοὺς
2895 2150 3212 2217 Γαλιλαίους
3253 2149 3494 2207 κελεύων
3526 2152 3627 2223 τῆς
3653 2169 3823 2224 στρα-

2233 2246 2381 2310 τείας
2394 2251 2414 2282 ⁸
2431 2244 2832 2313 ἐξελαύνεσθαι.

2757 2377 2912 2452 [152]
2947 2380 3197 2434 ΚΕΦΑΛ.
3231 2380 3311 2433 εν.

2234 2495 2373 2564 Περὶ
2423 2493 2535 2565 τῆς
2581 2491 2867 2563 τετάρτης
2896 2492 3135 2560 ἐξορίας
3179 2492 3276 2565 καὶ
3327 2491 3443 2565 τῆς
3496 2492 3695 2563 φυγῆς
3715 2489 3824 2545 τοῦ

2716 2566 2891 2634 ἁγίου
2936 2564 3296 2619 Ἀθανασίου
3320 2563 3362 2617 ⁸.

2302 2680 2463 2736 Κατὰ
2481 2678 2670 2733 τοῦτον
2711 2677 3019 2749 τὸν,χρόνον
3056 2675 3374 2739 Ἀθανάσιος
3404 2674 3565 2728 πάλιν
3596 2675 3625 2728 ὁ
3657 2672 3823 2728 πέντ-

2234 2772 2395 2837 αθλος
2443 2772 2547 2844 τῆς
2597 2769 2894 2842 ἀληθείας⁷
2966 2769 3275 2840 ἀγωνιστὴς
3327 2767 3513 2840 ἕτερον
3560 2767 3822 2838 ὑπέμεινε

2236 2868 2503 2925 κίνδυνον.
2540 2867 2655 2920 Οὐκ
2687 2864 3002 2934 ἐνεγκόντες
3029 2863 3138 2935 γὰρ
3171 2864 3220 2916 oi
3248 2861 3500 2933 δαίμονες
3532 2860 3632 2934 τῆς
3661 2859 3823 2914 Ἀθα-

2235 2963 2424 3019 νασίου
2452 2959 2701 3031 γλώττης
2733 2958 2827 3013 ml.
2873 2956 3184 3030 προσευχῆς
3232 2955 3330 3025 τὴν
3384 2955 3558 3027 ἰσχὺν,
3584 2956 3711 3018 τοὺς
3747 2955 3822 3006 οξ-

2236 3055 2416 3118 κείους
2444 3053 2755 3123 ὑπουργοὺς
2781 3051 2861 3113 είς
2883 3048 2981 3113 τὰς
3015 3048 3135 3103 κατ’
3160 3047 3371 3101 ἐκείνου
3400 3045 3667 3115 λοιδορίας
3692 3043 3823 3098 καθ-

2238 3145 2508 3200 ώπλισαν.
2542 3144 2657 3197 Καὶ
2691 3140 2891 3205 πολλὰς
2924 3141 3021 3211 μὲν
3058 3139 3153 3194 καὶ
3177 3138 3344 3201 ἄλλας
3366 3138 3585 3208 ἀφῆκαν
3618 3136 3821 3205 φωνὰς,

2236 3236 2643 3299 ἀντιϐολοῦντες
2671 3236 2762 3290 τὸν
2804 3234 3114 3306 προστάτην
3150 3232 3250 3303 τῆς
3293 3231 3549 3295 ἀσεϐείας
3575 3230 3823 3296 ἐξελάσαι

2234 3332 2328 3386 τὸν
2356 3331 2671 3385 Ἀθανάσιον
2691 3345 2705 3359 ⁶
2731 3328 3079 3399 προσέθηκαν
3094 3326 3182 3380 ⁸δὲ
3201 3326 3293 3379 καὶ
3314 3323 3537 3396 ταύτην,
3563 3324 3627 3377 Εἰ
3660 3324 3822 3377 Ἀθα-

2236 3424 2421 3486 νάσιος
2456 3422 2686 3493 μείνοιθ,
2732 3420 2906 3484 οὐδεὶς
2945 3420 3147 3490 Ἕλλην
3203 3420 3393 3488 μενεῖ,
3422 3414 3537 3470 ἀλλ’
3577 3414 3821 3478 ἅπαντας

2236 3519 2316 3580 είς
2348 3516 2440 3570 τὸν
2480 3517 2679 3570 οἰκεῖον
2718 3514 3047 3586 μεταστήσει
3076 3511 3258 3582 χορόν.
3291 3509 3509 3573 Ταύτας
3536 3508 3823 3571 Ἰουλιανὸς

2236 3608 2335 3673 τὰς
2361 3608 2596 3671 ἱκετείας
2634 3607 2947 3678 δεξάμενος,
2973 3606 3073 3658 οὐκ
3110 3602 3431 3673 ἐξελαθῆναι
3464 3602 3624 3672 μόνον
3651 3617 3821 3673 προσ-

2236 3702 2448 3767 έταξεν,
2485 3702 2625 3756 ἀλλά
2667 3700 2760 3755 καὶ
2809 3698 3163 3772 ἀναιρεθῆναι
3201 3696 3292 3750 τον
3330 3694 3666 3748 Ἀθανάσιον.
3704 3693 3823 3745 Τῶν

2234 3795 2292 3849 δὲ
2322 3794 2605 3850 θιασωτῶν
2630 3793 3035 3867 ὁρῤωδούντων,
3060 3788 3449 3862 προειρηκέναι
3480 3787 3702 3856 λέγεται
3722 3784 3821 3854 τὴν

2234 3890 2456 3959 ταχεῖαν
2492 3887 2589 3941 τοῦ
2641 3884 2873 3957 θορύϐου
2909 3883 3207 3938 κατάλυσιν
3236 3898 3249 3912 ·
3286 3881 3445 3951 νέξος
3497 3880 3607 3951 γὰρ
3657 3878 3822 3931 αὐτὸν

2235 3980 2649 4054 προσηγόρευσε
2670 3976 3071 4047 ’θδιαλυόμενον
3097 3975 3179 4028 ὅτι
3204 3975 3449 4044 τάχιστα.
3464 3969 3755 4041 ’Υπεχῶρη
3765 3987 3822 4023 σε

2233 4074 2291 4127 δὲ
2314 4073 2484 4143 ὅμως,
2528 4068 2851 4143 ἐληλυθέναι
2893 4069 3018 4130 τοὺς
3070 4065 3518 4135 ἀπεσταλμένους
3568 4062 3823 4135 μεμαθη-

2236 4164 2496 4230 κὼς.’καὶ
2547 4161 2846 4234 πορθμεῖον
2902 4159 3078 4231 εὑρὼν
3128 4156 3466 4231 παραυτὴν
3514 4155 3683 4227 ὄχθην
3728 4152 3821 4207 τοῦ

2235 4253 2518 4324 ποταμοῦ,
2566 4253 2659 4306 ἐπὶ
2711 4252 2813 4323 τὴν
2861 4250 3115 4320 Θηϐαίων
3161 4248 3342 4319 χώραν
3391 4247 3627 4319 ἀνήγετο
3652 4262 3669 4277 ’
3709 4247 3738 4299 ό
3766 4243 3822 4297 δὲ

2235 4343 2442 4398 ἀνελεῖν
2461 4344 2624 4397 αὑτὸν
2657 4342 3151 4415 προστεταγμένος,
3170 4340 3473 4411 πυθόμενος
3512 4338 3612 4409 τὴν
3644 4336 3823 4407 φυγὴν

2237 4434 2580 4505 κατακράτος
2606 4433 2850 4487 ἐδίωκεν.
2889 4431 3109 4502 Ἐτέρου
3142 4430 3198 4484 δέ
3227 4448 3372 4494 τινος
3399 4429 3507 4483 τῶν
3530 4428 3823 4498 γνωρίμων

546 4531 654 4574 tam
674 4516 1026 4575 solitudinem
1049 4516 1407 4578 subduceret,
1426 4515 1544 4585 ipse
1561 4513 1841 4582 navigium
1867 4529 1896 4568 a
1920 4522 2132 4569 rectore

2240 4526 2650 4601 προειληφότος,
2680 4524 2774 4578 καὶ
2809 4522 3013 4595 σφόδρα
3044 4520 3291 4576 ἐλαύνειν
3320 4521 3484 4575 αὑτὸν
3514 4518 3819 4590 εἰρηκότος,

545 4610 930 4667 Alexandriam
957 4614 974 4630 ⁴
994 4608 1154 4679 dirigi
1181 4606 1357 4677 jubet.
1394 4604 1475 4659 Ita
1509 4620 1635 4658 cum
1667 4604 1935 4662 adversus
1981 4607 2135 4663 inse-

545 4711 803 4773 quentem
832 4701 1212 4771 narigarent,‘
1243 4694 1531 4758 ﬁtobvjam
1550 4695 1643 4765 qui
1675 4695 1994 4752 mandatum
2025 4712 2135 4753 cte-

544 4795 633 4849 dis
666 4801 974 4863 acceperat,
996 4801 1261 4860 cuquam
1294 4788 1485 4858 procul
1521 4789 1741 4844 abesset.
1761 4788 2130 4855 Athanasius,

547 4888 870 4955 interrogat.
899 4881 1001 4939 Cui
1027 4882 1260 4951 ipsemet
1290 4893 1460 4949 prope
1495 4879 1647 4933 illum
1679 4893 1802 4934 esse
1825 4879 2130 4950 respondit,

544 4989 600 5035 et
630 4994 700 5033 eo
750 4977 945 5032 relicto
972 4972 1362 5030 Alexandriam
1391 4973 1667 5045 pervenit,
1694 4972 1881 5044 ibique
1915 4975 2132 5046 reliquo

544 5072 746 5127 Juliani
787 5079 1032 5140 tempore
1063 5067 1243 5123 latuit.

2237 4622 2381 4684 τινὲς
2421 4620 2520 4691 μὲν
2553 4618 2662 4673 τῶν
2718 4619 2984 4671 συνόντων
3038 4616 3131 4668 ἐπὶ
3168 4614 3267 4686 τὴν
3314 4613 3519 4686 ἔρημον
3552 4609 3822 4665 ἐκκλίνειν

2239 4711 2517 4765 ἱκέτευον·
2549 4709 2713 4772 αὐτὸς
2758 4706 2915 4778 δεκτῷ
2939 4707 3246 4778 κυϐερνήτῃ
3289 4703 3380 4758 ἐπὶ
3420 4703 3521 4773 τήν
3568 4699 3822 4766 Ἀλεξάν-

2235 4801 2419 4872 δρειαν
2448 4798 2625 4853 ίθῦναι
2660 4798 2720 4852 τὸ
2752 4796 3047 4866 πορθμεῖον
3069 4795 3341 4848 ἐκέλευεν.
3372 4790 3529 4845 Οὕτω
3553 4790 3618 4863 δὴ
3644 4787 3823 4843 αὐτῶν

2239 4891 2575 4962 καταντικρὺ
2624 4889 2719 4944 τοῦ
2773 4887 3060 4952 διώκοντος
3119 4884 3464 4957 φερομένων,
3495 4879 3630 4956 ἧκεν
3673 4881 3703 4933 ὁ
3728 4877 3823 4931 τοῦ

2239 4984 2471 5038 θανάτου
2502 4982 2601 5044 τὰς
2643 4979 2862 5043 ἐντολὰς
2892 4979 3231 5049 δεδεγμένος,
3262 4978 3356 5032 καὶ
3395 4977 3558 5031 πόσον
3584 4972 3825 5043 ἀφέστη-

2238 5090 2334 5127 κεν
2366 5073 2397 5125 ὁ
2427 5070 2747 5133 Ἀθανάσιος
2785 5068 3123 5141 ἐπηρῶταη.
3162 5069 3219 5124 '0
3255 5068 3311 5121 δὲ
3352 5065 3608 5130 πελάζειν
3640 5059 3822 5115 τοῦτον

548 5168 740 5232 εἰπὼν,
766 5169 972 5222 ἐκεῖνον
1030 5170 1131 5239 μὲν
1181 5164 1529 5236 ἀπέπεμψεν,
1562 5164 1722 5228 αὐτὸς
1768 5164 1824 5219 δὲ
1859 5165 1957 5238 τὴν
1989 5166 2396 5241 Ἀλεξάνδρειαν
2423 5168 2713 5235 κατέλαϐε,
2762 5166 2857 5222 καὶ
2878 5166 2939 5221 τὸ
2992 5165 3312 5237 λειπόμενον
3369 5164 3469 5236 τῆς
3533 5150 3820 5218 Ἰουλιανοῧ

552 5258 734 5330 βιοτῆς
752 5259 797 5292 ¹³
823 5257 1009 5312 αὐτόθι
1040 5254 1303 5311 διέλαθεν.

1754 5459 1764 5471 '
1862 5454 2097 5511 VARUE
2127 5455 2528 5549 ιΕρτιοΝιεε.

556 5687 588 5775 ί
608 5687 884 5775 στρατιᾶς.
919 5687 1084 5759 ιιςῖεῑι.

558 5772 744 5845 ξ’τιριὶὶι.
780 5778 831 5828 τί.
870 5843 879 5845 Α
938 5774 1341 5845 “aptissimam.
1403 5775 1567 5829 Ihtsil.
1596 5776 1691 5845 (ir.

560 5840 604 5871 ⁸³
645 5846 823 5914 ᾔρετο.
869 5840 1169 5899 Ιὰριιίριιιιι
1202 5844 1462 5913 Stephztn.

625 5631 641 5664 ¹
677 5633 1024 5704 μεταθέντες.
1056 5634 1221 5706 Bas“.
1252 5633 1348 5689 Cr.
1368 5705 1371 5706 ν
1392 5637 1410 5666 ²
1438 5632 1863 5706 ἐνομοθέτησαν.
1887 5632 2074 5706 Basil.
2106 5634 2284 5706 Cnet
2312 5632 2503 5704 Steph.
2583 5633 2603 5666 ³
2631 5636 2659 5687 ὁ
2678 5634 2960 5706 θεομισής.
2987 5632 3175 5688 Iidem.
3253 5632 3275 5664 "
3300 5631 3601 5706 ῲνόμαζον.
3629 5631 3816 5706 Steph.

1283 5706 1304 5737 ο
1339 5703 1560 5759 (factura:
1615 5703 2071 5775 cditt._habeutizr
2105 5705 2237 5774 Περὶ
2284 5721 2334 5758 τ.
2380 5703 2524 5775 ἐξορ.
2556 5723 2607 5758 τ.
2632 5707 2725 5773 ἀγ.
2767 5703 3021 5759 Ἄθανασ.
3056 5707 3152 5758 καὶ
3186 5704 3385 5775 φυγῆς.
3428 5773 3434 5775 Α
3463 5704 3481 5733 ⁷
3513 5703 3677 5775 sitast;

1775 5773 1795 5802 ⁹
1818 5775 1987 5843 μενεῖ.
2021 5774 2187 5828 Idem.

1542 5847 1583 5876 ’³
1614 5844 1857 5914 βιότητος
1885 5845 2073 5913 Str-ph.
2110 5847 2164 5898 ‘2.

3463 5704 3481 5733 ⁷
3513 5703 3815 5762 εὐσεϐείας.

2300 5775 2341 5806 ²⁰
2374 5772 2733 5847 προηγόρευε.
2779 5777 2923 5833 ldcm
2965 5791 3087 5831 cum
3131 5772 3330 5846 Steph.
3399 5773 3439 5805 ”
3473 5773 3621 5844 περί.
3654 5772 3816 5825 Basil.
