4124 6404
336 455 465 524 1101

965 571 1214 628 ΚΕΦΑΛ.
1256 573 1333 629 8'.

338 667 420 722 Τὰ
456 664 610 720 κατὰ
643 664 1311 791 Ἰουλιανὸνᾶὀῖῑκῗῗζον
1336 668 1665 736 βασιλέως,
1693 670 1789 725 καὶ
1823 670 1929 725 τὸν

1060 755 1202 792 ,ιικα
1228 755 1293 794 ’⁸.

405 827 698 893 Ἰουλιανὸς
727 827 829 900 μὲν
854 828 963 900 γὰρ
995 828 1312 902 παραυτίκα
1342 832 1484 904 νόσῳ
1532 832 1743 905 χαλεπῇ
1771 848 1930 904 περι-

334 923 541 987 πεσὼν,
579 923 685 978 ὑπὸ
717 923 1012 995 σηπεδόνος
1051 923 1319 998 διεφθάρη
1352 927 1421 981 τά
1441 925 1672 997 ἔγκατα,
1705 927 1800 982 καὶ
1829 927 1929 1000 τὴν

335 1017 543 1091 κόπρον
599 1015 788 1071 οὐκέτι
817 1016 905 1071 διὰ
938 1016 1050 1071 τῶν
1099 1018 1477 1091 ἀποκριτικῶν
1522 1012 1745 1091 μορίων¹
1786 1036 1931 1091 παρ-

343 1111 617 1180 έπεμπεν,
648 1108 787 1164 ἀλλά
827 1107 892 1162 τὸ
948 1111 1192 1182 μυσαρὸν
1230 1112 1405 1183 στόμα
1427 1149 1443 1175 ,
1468 1111 1529 1165 τὸ
1563 1113 1663 1183 τῆς
1696 1111 1930 1183 βλασφηο

335 1199 467 1270 μίας
518 1199 814 1270 γενόμενον
870 1198 1126 1271 ὄργανον,
1178 1202 1527 1274 ἀποκρίσεως
1562 1203 1605 1234 ³⁷
1649 1203 1857 1275 κόπρου
1884 1202 1929 1236 ³⁸

336 1290 556 1360 ἐγένετο
591 1289 798 1361 μόριον.
831 1289 969 1342 Φασὶ
1000 1289 1058 1343 δὲ
1102 1289 1271 1343 αὐτοῦ
1305 1290 1403 1362 τὴν
1458 1293 1695 1360 γυναῖκα
1746 1291 1930 1344 πίστει

332 1379 819 1452 λαμπρυνομένην,
845 1378 1021 1435 ταῦτα
1052 1380 1219 1450 φάναι
1262 1382 1399 1453 πρὸς
1428 1381 1520 1435 τὸν
1572 1379 1926 1453 ὁμόζυγον³⁹’

338 1494 357 1525 ι
380 1473 626 1544 ’Υμνεῖν,
655 1464 702 1528 ὦ
724 1471 877 1543 ἄνερ,
908 1474 1174 1544 προσήκει
1205 1472 1294 1527 τὸν
1320 1474 1548 1545 Σωτῆρα
1577 1474 1831 1546 Χριστὸν,
1849 1473 1932 1528 ὅτι

333 1583 419 1619 σοι
454 1564 543 1619 διὰ
577 1566 672 1636 τῆς
711 1564 987 1628 ,παιδείας
1016 1566 1116 1637 τὴν
1162 1564 1372 1620 οἰκείαν
1404 1564 1652 1631 ὑπέδειξε
1679 1566 1929 1637 δύναμιν.

333 1656 409 1709 Οὐ
432 1654 476 1686 ⁵⁸
512 1654 620 1726 γὰρ
659 1654 726 1709 ἂν
754 1653 927 1724 ἔγνως
959 1654 1044 1718 τίς
1071 1655 1101 1708 ὁ
1125 1655 1276 1726 παρά
1304 1654 1400 1708 σοῦ
1425 1654 1852 1727 πολεμούμενος,
1882 1655 1931 1709 εί

331 1748 402 1818 τῇ
426 1746 647 1819 συνήθει
674 1745 1031 1818 μακροθυμίᾳ
1066 1747 1438 1819 χρησάμενος,
1466 1746 1670 1811 ταύτας
1716 1762 1798 1801 σοι
1830 1746 1933 1811 τὰς

330 1835 636 1908 θεηλάτους
680 1835 898 1907 πληγὰς
928 1837 1029 1889 οὐκ
1074 1836 1379 1908 ἐπήγαγεν.
1416 1854 1437 1889 ι
1482 1835 1580 1890 Ἐκ
1625 1836 1793 1889 τῶνδε
1824 1837 1931 1890 τῶν

1289 464 1884 527 ECCLESIASTICE
1924 465 2309 526 HISTORIA;
2352 467 2499 529 LIB.
2535 470 2625 529 III

1963 589 2010 638 A

3487 477 3624 548 1102

2500 576 2650 633 car.
2688 577 2777 634 IX.
2816 578 2900 652 to.
2937 580 3018 637 sn.
3057 582 3165 655 ιδ.)

2033 665 2180 733 Quas
2205 682 2386 735 poenas
2422 668 2713 736 impietatis
2748 684 2861 723 sum
2890 669 3129 725 dederint
3169 670 3421 730 Juiiattus
3455 695 3624 734 avun-

2406 738 2559 793 culus
2596 740 2954 809 imperatoris,
2979 751 3030 796 et
3067 740 3242 797 Felix.

2101 826 2238 883 Nam
2271 826 2527 886 Julianus
2556 830 2743 887 statim
2782 832 2935 903 gravi
2967 834 3161 891 morbo
3198 848 3489 909 correptus
3521 856 3624 912 pu-

2031 926 2405 983 trescentibus
2423 925 2703 984 intestinis
2730 928 2962 996 interiit,
2986 946 3112 986 cum
3140 946 3492 991 excrementa
3516 954 3625 994 nun

2026 1018 2141 1089 jam
2191 1020 2385 1076 solitos
2413 1036 2512 1089 per
2555 1027 2771 1078 meatus
2796 1031 3065 1093 egereret,
3093 1025 3188 1082 sed
3212 1028 3506 1085 scelestum
3537 1047 3622 1093 os.

2032 1111 2179 1181 quod
2219 1112 2577 1184 blasphemiae
2605 1111 2786 1169 fuerat
2819 1114 3271 1183 instrumentum,
3302 1134 3627 1178 excremen-

2031 1211 2215 1259 torum
2253 1203 2619 1260 famularetur
2649 1207 2944 1276 egestioni.
2972 1207 3179 1265 Ferunt
3217 1220 3401 1267 autem
3446 1214 3626 1286 ipsius

2032 1295 2346 1367 coniugem,
2360 1297 2624 1367 praeclara
2643 1296 3050 1368 iidefeminam,
3066 1301 3151 1359 his
3173 1304 3425 1359 maritum
3444 1307 3626 1364 verbis

2034 1387 2333 1442 allocutam
2364 1407 2378 1443 :
2408 1407 2427 1441 ι
2454 1387 2698 1459 Equum
2725 1397 2831 1453 est,
2860 1391 2933 1444 mi
2959 1391 3066 1457 vir,
3093 1393 3324 1451 laudare
3344 1405 3399 1453 te
3423 1400 3442 1420 ‘
3466 1395 3627 1453 Cltri.

2034 1487 2182 1535 stum
2229 1478 2606 1547 Servatorem,
2648 1482 2743 1553 qui
2791 1482 2891 1537 tibi
2922 1483 3294 1557 castigatione
3324 1488 3432 1545 ista
3467 1506 3625 1547 suam

2033 1571 2333 1641 potentiam
2365 1573 2693 1629 ostenderit.
2713 1572 2969 1633 Nescires
2994 1578 3142 1633 enim
3171 1580 3439 1639 adversus
3459 1600 3628 1655 quem

2034 1676 2366 1732 pugnasses,
2407 1663 2455 1721 si
2494 1676 2775 1722 consuetae
2831 1668 3121 1738 patientia
3153 1670 3472 1743 indulgens,
3528 1675 3628 1732 bas

2034 1749 2136 1806 tibi
2180 1752 2372 1823 plagas
2400 1752 2668 1809 divinitus
2709 1769 2821 1809 non
2855 1755 3171 1813 inﬂixisset.
3219 1778 3239 1812 ι
3277 1759 3352 1816 Ex
3385 1762 3471 1819 his
3503 1779 3629 1818 ver-

2035 1842 2143 1909 bis,
2180 1850 2236 1900 et
2265 1851 2493 1914 urgente
2530 1845 2698 1914 malo,
2726 1846 2905 1902 morbi
2939 1862 3163 1904 causam
3196 1851 3372 1908 miser
3417 1852 3627 1910 intelii-

329 1924 534 1994 λόγων,
560 1925 789 1979 καὶτῶν
837 1925 1211 1997 ἐπικειμένων
1246 1926 1456 1993 παθῶν,
1492 1928 1673 1992 συνεὶς
1717 1928 1817 1999 τῆς
1845 1928 1930 1982 νό-

2036 1947 2191 2005 gens,
2218 1933 2605 2006 imperatorem
2640 1938 2841 2004 oravit,
2887 1946 2947 1995 ut
2977 1941 3270 1998 ecclesiam
3322 1945 3393 2002 iis
3422 1947 3629 2017 quibus

331 2035 431 2071 σου
462 2017 562 2090 τὴν
603 2017 783 2073 αἰτίαν
805 2018 835 2070 ὁ
867 2017 1123 2084 δείλαιος,
1159 2018 1455 2073 ἀποδοῦναι
1488 2019 1586 2092 τὴν
1632 2020 1930 2092 ἐκκλησίαν

326 2108 426 2163 τὸν
464 2108 693 2180 βασιλέα
745 2108 994 2163 ἱκέτευσε
1024 2111 1141 2175 τοῖς
1191 2110 1397 2184 ταύτην
1416 2112 1460 2145 ⁸⁸
1492 2112 1882 2185 ἐστερημένοις
1914 2130 1928 2144 °

326 2204 451 2259 ἀλλ’
480 2203 605 2258 οὔτε
626 2204 839 2259 ἐκεῖνον
872 2202 1081 2270 ἔπεισε,
1117 2206 1213 2258 καὶ
1242 2206 1407 2269 αὐτὸς
1429 2204 1523 2260 τοῦ
1558 2205 1676 2277 βίου
1701 2206 1761 2261 τὸ
1781 2205 1933 2271 τέλος

325 2294 572 2360 ἐδέξατο.
634 2293 692 2349 'O
732 2294 790 2348 δὲ
818 2292 972 2359 Φίλιξ
1023 2292 1290 2365 ἐξαπίνης
1330 2293 1590 2365 θεήλατον
1632 2293 1728 2348 καὶ
1772 2291 1934 2357 αὐτὸς

322 2385 629 2457 δεξάμενος
659 2385 928 2455 μάστιγα,
960 2378 1103 2455 αἷμα
1146 2384 1492 2456 πανημέρ;όν
1520 2401 1580 2437 τε
1606 2385 1700 2439 καὶ
1726 2386 1933 2457 παννύτ

328 2494 454 2550 χιον
478 2478 542 2531 ὲκ
564 2474 660 2530 τοῦ
699 2476 967 2548 στόματος
993 2475 1157 2548 ἔφερε
1173 2477 1242 2544 ⁸⁸,
1274 2475 1382 2530 τῶν
1408 2476 1648 2548 ἀγγείων
1669 2474 1766 2530 τοῦ
1823 2475 1933 2531 σώ-

328 2586 511 2641 ματος
564 2566 831 2622 πάντοθεν
863 2567 912 2601 ⁸³
948 2568 1030 2632 είς
1052 2568 1211 2621 τοῦτο
1243 2566 1584 2639 συρρεόντων
1629 2566 1691 2622 τὸ
1721 2568 1932 2640 μόριον.

329 2660 496 2716 Οὕτω
518 2659 575 2713 δὲ
608 2658 811 2723 παντὸς
839 2658 1246 2731 δαπανηθέντος
1279 2657 1377 2713 τοῦ
1425 2659 1682 2729 αἵματος,
1717 2658 1936 2730 ἀπέσϐη

328 2750 432 2805 καὶ
466 2750 629 2814 αὐτὸς
645 2749 710 2814 ⁸⁸,
749 2750 846 2805 καὶ
878 2750 959 2822 τῷ
1001 2750 1210 2823 αίωνίῳ
1261 2749 1637 2823 παρεπέμφθη
1694 2749 1934 2822 θανάτῳ.

327 2839 499 2902 Οὗτοι
539 2843 644 2913 μὲν
676 2839 772 2901 οὖν
802 2844 902 2916 τῆς
944 2843 1271 2909 δυσσεϐείας
1297 2843 1507 2909 ταύτας
1538 2843 1726 2900 ἔτισαν
1757 2843 1933 2903 δίκας.

961 2938 1217 2991 ΚΕΦΑΛ.
1244 2938 1302 2991 I'.

722 3029 861 3098 Περὶ
896 3027 1006 3083 τοῦ
1037 3028 1172 3084 υἱοῦ
1200 3028 1310 3084 τοῦ
1334 3028 1552 3098 ἱερέως.

406 3122 545 3188 Νέος
587 3122 645 3178 δέ
694 3139 798 3186 τις,
837 3121 1029 3193 ἱερέως
1075 3121 1211 3186 υίὸς,
1242 3123 1301 3176 ἐν
1349 3121 1642 3194 δυσσεϐείᾳ
1682 3121 1935 3196 τραφεὶς,

326 3216 458 3272 κατ’
491 3218 700 3271 ἐκεῖνον
729 3214 822 3270 τὸν
851 3214 1042 3285 καιρὸν
1078 3214 1158 3279 είς
1187 3215 1280 3269 τὸν
1307 3215 1416 3269 τῶν
1450 3214 1695 3270 εὐσεϐῶν
1730 3215 1777 3249 ⁸⁸
1811 3232 1941 3287 μετ-

2031 2025 2288 2097 adempta
2342 2025 2525 2084 fuerat
2572 2029 2893 2086 restitueret
2920 2049 2935 2087 :
2962 2033 3058 2088 sed
3109 2048 3221 2090 non
3253 2034 3419 2109 927
3451 2038 3628 2110 impe-

2036 2119 2221 2187 travit,
2269 2127 2437 2190 atque
2470 2119 2544 2176 ita
2591 2122 2761 2177 vitam
2804 2123 2967 2179 finiit.
3008 2123 3161 2182 Felix
3217 2144 3371 2195 vero,
3419 2137 3475 2186 et
3510 2132 3629 2203 ipse

2031 2208 2220 2267 divino
2268 2210 2486 2284 flagello
2541 2223 2769 2286 repente
2821 2232 3144 2288 percussus,
3175 2223 3500 2292 sanguinem
3555 2239 3626 2279 ex

2032 2317 2129 2359 ore
2159 2303 2248 2361 die
2277 2309 2825 2412 nocteque'mittens,
2850 2324 2978 2366 cum
3007 2326 3073 2369 eo
3090 2312 3334 2385 undique
3366 2316 3627 2373 omnibus

2033 2412 2102 2453 ex
2134 2396 2290 2454 venis
2335 2396 2591 2471 corporis
2627 2402 2953 2471 conﬂueret,
2981 2405 3057 2459 ita
3095 2406 3367 2478 sanguine
3404 2409 3626 2464 tandem

2035 2489 2184 2544 omni
2231 2489 2407 2548 eﬂ‘uso
2460 2493 2777 2549 exstinctus
2814 2502 2921 2561 est,
2952 2496 3235 2567 mortique
3264 2507 3483 2555 aeternae
3515 2507 3627 2555 trao

2035 2579 2207 2636 ditus.
2243 2582 2424 2652 Atque
2451 2583 2552 2641 has
2589 2584 2681 2641 isti
2719 2599 2913 2656 poenas
2946 2588 3337 2657 persolverunt
3368 2590 3630 2664 impieta-

2037 2669 2111 2727 tis
2145 2686 2276 2727 suae.

2336 2931 2493 2989 CAP.
2547 2932 2615 2990 χ.
2647 2932 2736 3007 [Β.
2771 2934 2856 2994 ει.
2888 2936 2955 2993 v.
2987 2939 3076 2995 ιι.
3105 2939 3209 2997 Ch.
3242 2941 3357 3018 ια]

2456 3076 2466 3083 .
2540 3024 2619 3082 De
2652 3029 2770 3098 ﬁlio
2804 3031 3103 3088 sacerdotis

2114 3114 2218 3173 Per
2249 3116 2395 3176 idem
2426 3131 2559 3175 vero
2581 3125 2802 3192 tempus
2846 3122 3175 3182 adolescens
3202 3126 3452 3198 quidam,
3482 3128 3632 3187 illius

2043 3209 2376 3274 sacerdotis,
2418 3210 2476 3266 in
2505 3209 2643 3267 falsa
2680 3214 2949 3285 religione
2980 3217 3272 3284 educatus,
3313 3219 3382 3274 ad
3415 3221 3631 3292 piorum

327 3312 468 3379 έστη
523 3310 706 3383 χορόν.
736 3309 897 3380 Γυνὴν
925 3308 1034 3381 γάρ
1077 3325 1163 3372 τις
1199 3308 1474 3380 ἐπίσημος
1519 3311 1578 3362 ὲν
1604 3307 1756 3381 [156]
1783 3308 1934 3362 εὐλα-

2045 3312 2250 3359 costum
2275 3311 2607 3375 aggregatus
2636 3312 2745 3362 est.
2776 3305 3002 3364 Femina
3034 3310 3181 3365 enim
3232 3312 3482 3383 quaedam
3519 3316 3638 3387 pic-

326 3403 480 3475 ϐείᾳ,
516 3400 732 3457 καὶτοῦ
765 3401 868 3472 τῆς
921 3400 1203 3465 διακονίας
1246 3398 1526 3473 ἡξιωμένη
1574 3402 1939 3473 χαρίσματος,

331 3496 576 3568 συνήθης
617 3490 688 3569 ἦν
731 3494 833 3567 τῆς
865 3493 1061 3548 τούτου
1111 3492 1338 3565 μητρός.
1369 3492 1520 3565 Αὕτη
1562 3492 1751 3548 τοῦτον
1802 3493 1942 3565 μετά

328 3587 438 3657 τῆς
470 3587 680 3658 μητρὸς
704 3584 1126 3657 ἀφικνούμενον,
1159 3583 1241 3637 ἔτι
1270 3584 1378 3656 γὰρ
1409 3584 1794 3656 μειρακύλλιον
1847 3580 1939 3655 ἦν,

327 3678 616 3751 ἠσπάζετό
647 3697 709 3733 τε
744 3679 841 3733 καὶ
874 3676 1220 3750 προύτρεπεν
1241 3678 1321 3742 είς
1345 3676 1656 3733 εὐσέϐειαν.
1683 3677 1795 3733 Καὶ
1840 3678 1941 3749 τῆς

333 3772 549 3843 μητρὸς
590 3770 997 3842 τελευτησάσης
1035 3770 1314 3838 ἀφικνεῖτο
1344 3770 1482 3843 πρὸς
1509 3768 1713 3840 ταύτην
1736 3770 1767 3822 ὁ
1796 3767 1938 3833 νέος,

331 3865 434 3918 καὶ
464 3864 556 3935 τῆς
585 3861 850 3934 συνήθους
899 3861 1254 3925 διδασκαλίας
1289 3861 1560 3933 ἀπήλαυε.
1609 3858 1832 3930 Παγίως
1880 3859 1940 3913 δὲ

326 3956 436 4020 τὰς
484 3954 799 4027 συμϐουλὰς
829 3954 1234 4025 είσδεξάμενος,
1267 3954 1433 4026 ἤρετο
1460 3953 1561 4027 τὴν
1595 3950 1936 4019 διδάσκαλον,

328 4046 420 4111 τίς
459 4046 527 4101 ἂν
553 4046 764 4115 γένοιτο
795 4045 982 4117 πόρος,
1010 4045 1078 4099 δι’
1107 4040 1168 4098 οὗ
1196 4045 1420 4101 δυνατὸν
1453 4045 1548 4099 καὶ
1571 4045 1669 4117 τὴν
1703 4042 1797 4098 τοῦ
1828 4061 1936 4098 πα-

329 4138 467 4210 τρὸς
514 4138 940 4210 δεισιδαιμονίαν
993 4140 1212 4208 φυγεῖν,
1268 4136 1492 4209 καὶτῆς
1522 4136 1851 4209 παράὑτῆς
1889 4137 1938 4171 ⁸⁸

331 4231 752 4303 κηρυττομένης
795 4230 1056 4303 ἀληθείας
1106 4229 1452 4302 μεταλαχεῖν.
1499 4229 1564 4284 Ἦ
1598 4229 1656 4284 δὲ
1688 4230 1843 4299 ἔλεγε
1867 4230 1935 4298 ⁸⁷,

327 4324 539 4394 χρῆναι
566 4321 656 4377 τὸν
680 4321 898 4394 πατέρα
920 4324 1138 4392 φυγεῖν,
1162 4322 1259 4375 καὶ
1291 4322 1630 4394 προτιμῆσαι
1648 4320 1741 4376 τδν
1770 4320 1937 4376 αὐτοῦ

326 4433 393 4469 τε
442 4415 696 4469 κάκείνου
730 4415 1106 4486 Δημιουργόν,
1159 4414 1257 4470 καὶ
1280 4415 1437 4469 πόλιν
1470 4415 1669 4487 ἑτέραν
1694 4414 1937 4470 καταλα-

329 4508 474 4573 ϐεῖν,
520 4509 580 4562 ὲν
712 4507 897 4562 λαθεῖν
924 4507 1170 4575 δυνατὸν,
1196 4510 1291 4563 καὶ
1315 4508 1597 4582 διαδρᾶναι
1622 4507 1717 4563 τοῦ
1744 4508 1938 4563 δυσσεο

331 4600 465 4664 ϐοῦς
495 4600 763 4671 βασιλέως
784 4600 883 4665 τὰς
917 4603 1131 4671 χεῖρας·
1160 4602 1474 4673 ὑπισχνεῖτο
1505 4602 1563 4656 δὲ
1585 4601 1776 4657 τούτου
1805 4619 1938 4674 προ-

329 4696 553 4765 νοήσειν
588 4694 747 4766 αὐτή.
795 4695 963 4766 ’Λτάρ
988 4694 1091 4765 ἔφη
1116 4695 1145 4747 ὁ
1172 4695 1292 4758 νέος
1317 4713 1330 4726 ·
1362 4714 1382 4747 ι
1424 4694 1579 4760 Ἤξω
1606 4693 1809 4761 λοιπὸν,
1841 4695 1936 4749 καὶ

328 4787 437 4856 τὴν
466 4786 708 4857 ἐμαυτοῦ
745 4802 826 4841 σοι
849 4785 1163 4857 παραδώσω
1185 4784 1386 4857 ψυχήν.
1413 4804 1431 4837 ι
1461 4785 1688 4855 Ὀλίγων
1716 4785 1773 4840 δὲ
1801 4785 1939 4839 διελ-

329 4876 549 4931 Θουτῶν
581 4877 827 4950 ἡμερῶν,
872 4877 1160 4940 Ἰουλιανδς
1196 4878 1294 4948 μὲν
1323 4879 1403 4942 εἰς
1443 4876 1541 4950 τὴν
1574 4876 1792 4949 Δάφνην
1839 4876 1937 4947 δη-

332 4968 624 5040 μοθοινίαν
675 4970 1008 5025 ὲπιτελέσων
1057 4969 1294 5042 ἀνῆλθε·
1347 4968 1644 5039 συνανῆλθε
1687 4968 1745 5023 δὲ
1786 4968 1881 5023 καὶ
1908 4969 1937 5022 ὁ

328 5062 531 5117 τούτου
583 5062 787 5135 πατὴρ,
832 5062 1013 5135 ἱερεύς
1056 5081 1119 5118 τε
1170 5062 1266 5130 ὣν,
1302 5062 1397 5117 καὶ
1438 5059 1648 5125 είωθὼς
1707 5059 1935 5113 συνέπε-

334 5154 468 5209 σθαι
500 5154 546 5187 ⁸⁸
570 5155 647 5226 τῷ
672 5154 903 5225 βασιλεῖ’
937 5155 1017 5227 τῷ
1040 5156 1097 5210 δὲ
1128 5154 1300 5228 πατρὶ
1331 5155 1495 5223 συνῆν
1520 5153 1614 5207 καὶ
1641 5143 1816 5218 οὗτος,
1839 5151 1934 5206 καὶ

327 5250 362 5302 ὁ
397 5247 589 5302 τούτου
625 5266 689 5319 γε
717 5249 943 5319 ἀδελφός
969 5265 984 5281 ο
1020 5250 1278 5321 νεωκὸρω
1309 5246 1418 5317 γὰρ
1446 5246 1641 5317 ἤστην,
1675 5243 1743 5297 τά
1775 5241 1934 5314 βασις

326 5337 480 5403 item;
511 5340 785 5411 ἐδέσματα
818 5342 1282 5413 περιρραίνοντες.
1329 5337 1503 5393 Ἐπτά
1547 5337 1604 5390 δὲ
1634 5334 1847 5409 ἡμέρας
1875 5336 1934 5389 ὲν

329 5434 404 5501 τῇ
453 5431 639 5503 Δάφνῃ
674 5434 1069 5505 πανηγυρίζειν
1100 5432 1377 5488 εἰώθασιν.
1404 5430 1484 5501 Τῇ
1514 5423 1607 5483 οὖν
1650 5428 1835 5500 ἡμέρᾳ
1861 5430 1929 5500 τῇ

2046 3403 2161 3452 tate
2206 3396 2467 3469 insignis,
2520 3406 2575 3454 et
2634 3398 2831 3455 ordine
2861 3401 3200 3469 diaconissa,
3236 3404 3402 3474 bujus
3466 3409 3630 3461 matri

2042 3486 2335 3544 familiaris
2369 3504 2496 3545 cum
2540 3497 2711 3559 esset,
2740 3507 2867 3547 cum
2919 3502 3100 3550 matre
3132 3496 3437 3552 venientem
3467 3497 3633 3570 (nam

2042 3575 2259 3630 tenellae
2297 3577 2599 3633 admodum
2635 3589 2757 3635 erat
2812 3583 3018 3662 aetatis)
3064 3594 3314 3642 amanter
3348 3587 3502 3642 illum
3536 3604 3636 3645 ex-

2042 3663 2305 3734 cipiebat,
2327 3666 2774 3741 hortabaturque
2790 3671 2860 3726 ad
2888 3675 3312 3744 ample.;andam
3348 3678 3632 3749 pietatem.

2041 3754 2214 3812 Matre
2242 3772 2372 3814 vero
2403 3770 2646 3830 mortua,
2683 3762 3077 3834 frequentabat
3112 3767 3263 3822 illam
3287 3768 3633 3829 adolescens.

2040 3858 2098 3907 et
2129 3860 2397 3910 consueta
2430 3854 2686 3912 doctrina
2711 3857 3092 3915 erudiebatur.
3119 3862 3490 3933 Consiliisque
3511 3865 3635 3933 ejus

2039 3944 2097 4000 in
2128 3947 2317 4002 animo
2347 3946 2568 4016 deﬁxis,
2599 3950 2835 4022 rogabat
2861 3944 3208 4024 magistram,
3245 3969 3352 4026 qua
3376 3956 3463 4009 ria
3501 3972 3632 4027 pos-

2040 4044 2127 4094 set
2156 4042 2272 4093 tum
2313 4039 2492 4110 patris
2531 4041 2983 4112 superstitionem
3016 4042 3279 4117 effugere,
3315 4054 3432 4102 tum
3484 4050 3631 4103 veri-

2038 4136 2210 4186 tatem
2267 4132 2487 4203 assequi
2522 4148 2686 4203 quam
2738 4135 3096 4207 praedicabat.
3129 4138 3231 4194 Cui
3281 4140 3376 4196 illa
3424 4140 3633 4213 fugien-

2040 4223 2171 4278 dum
2201 4238 2327 4280 esse
2352 4232 2563 4296 patrem
2590 4228 2905 4299 respondit,
2939 4230 3104 4301 eique
3142 4232 3431 4304 utriusque
3466 4234 3633 4291 Crea-

2041 4323 2214 4373 torem
2241 4317 2698 4388 prazponendum,
2729 4328 2786 4375 et
2809 4320 3039 4377 alteram
3073 4324 3267 4379 urbem
3305 4325 3595 4396 petendam
3616 4369 3629 4389 .

2040 4409 2096 4465 in
2127 4426 2236 4482 qua
2259 4410 2429 4467 latere
2463 4413 2664 4483 possit,
2689 4424 2743 4470 et
2766 4414 2919 4487 impii
2944 4417 3098 4489 regis
3129 4433 3328 4476 manus
3359 4421 3591 4477 evadere
3615 4466 3632 4487 ,

2040 4509 2207 4574 atque
2256 4502 2364 4559 ltoc
2410 4519 2557 4560 cura:
2607 4506 2713 4562 sibi
2768 4505 3018 4564 futurum
3066 4510 3454 4580 pollicebatur.
3492 4509 3631 4570 Tum

2042 4594 2412 4655 adolescens:
2449 4614 2469 4650 ι
2503 4596 2732 4655 Veniam
2783 4600 2851 4655 ad
2884 4609 2959 4669 te,
2992 4601 3193 4674 inquit,
3240 4602 3525 4675 deinceps,
3578 4614 3634 4661 et

2039 4690 2185 4759 apud
2216 4696 2272 4746 te
2294 4691 2532 4746 animam
2561 4707 2741 4749 meam
2767 4693 3062 4766 deponam.
3097 4714 3117 4747 ο
3146 4694 3350 4752 Paucis
3375 4703 3498 4767 post
3518 4697 3633 4753 haec

2038 4780 2257 4845 diebus,
2285 4780 2456 4852 928
2518 4780 2772 4839 Julianus
2804 4784 3088 4856 publicum
3129 4786 3352 4857 epulum
3387 4787 3633 4843 celebra”

2040 4883 2201 4931 turus
2250 4858 2536 4945 Daphnem
2574 4877 2829 4932 ascendit
2875 4896 2889 4934 :
2948 4879 3307 4951 ascenditque
3355 4895 3482 4936 cum
3537 4880 3633 4937 illo

2037 4971 2205 5043 hujus
2239 4979 2417 5043 pater,
2456 4979 2649 5043 utpote
2672 4973 2958 5039 sacerdos,
2982 4984 3040 5031 et
3063 4974 3452 5046 imperatorem
3482 4990 3631 5034 asse-

2035 5065 2176 5120 ctari
2207 5063 2443 5120 solitus:
2497 5078 2623 5119 eum
2669 5072 2829 5137 patre
2883 5077 3068 5122 autem
3120 5074 3176 5121 et
3229 5066 3320 5122 hic
3381 5076 3523 5136 erat,
3574 5077 3627 5122 et

2031 5156 2204 5213 frater
2258 5156 2424 5228 ejus:
2505 5158 2669 5243 ambs
2717 5158 2862 5214 enim
2926 5158 3155 5216 neocori
3222 5168 3401 5225 erant,
3450 5162 3626 5231 impe-

2030 5247 2347 5320 ratorisque
2378 5247 2550 5318 dapes
2595 5249 2919 5320 aspersione
2955 5250 3294 5308 lustrabant.
3326 5252 3344 5273 ⁶
3397 5249 3618 5324 Septem

2031 5335 2230 5394 diebus
2268 5338 2414 5409 apud
2446 5338 2734 5410 Daphnem
2768 5339 2970 5399 festum
3006 5342 3092 5416 agi
3123 5359 3246 5401 mos
3291 5350 3399 5401 est.
3446 5342 3630 5411 Prima

2032 5429 2203 5502 igitur
2253 5430 2344 5488 die
2381 5441 2570 5491 astans
2604 5433 2931 5493 adolescens
2979 5435 3185 5493 lectulo
3232 5437 3618 5509 imperatoris.

1616 5532 1857 5589 VARI/IS
1893 5533 2310 5595 LECTIONES.

414 5630 462 5664 ⁸⁸
486 5634 613 5697 τοὺς
643 5633 837 5697 ἄλλους
868 5632 1085 5698 ἀσεϐεῖς
1109 5632 1313 5688 habent
1349 5638 1560 5685 extera:
1618 5624 1751 5698 edit.
1832 5626 1880 5658 ³⁷
1898 5626 2222 5698 ἐκκρίσεως.
2263 5626 2385 5684 Pini
2415 5628 2608 5686 codex.

331 5702 463 5769 Gr.,
499 5695 619 5759 Puni
648 5714 701 5758 et
723 5695 937 5772 Sarilii,
973 5695 1214 5773 itemque
1236 5703 1305 5758 ab
1341 5698 1643 5770 Epiphanio
1677 5696 1824 5752 Hist.
1859 5697 1983 5766 (rip.
2005 5695 2116 5762 ‘Vl,
2145 5698 2236 5754 ὅτ.
2307 5698 2352 5731 ³⁸
2374 5698 2636 5771 ὁμόζυγα.
2676 5701 2844 5759 Basil.

335 5774 511 5799 Qn--l.
628 5772 671 5799 ιι
705 5774 905 5799 ..._.'.-..-
983 5775 1128 5799 1)--“
1181 5773 1257 5799 ιτ-
1372 5770 1419 5799 δ’
1450 5770 1675 5799 ιηλιιροιι
1754 5768 1902 5799 Ιιιηιη
2004 5766 2051 5799 ιι
2100 5767 2441 5799 auum-ulna...
2496 5770 2640 5799 'r'nnn‘
2674 5781 2721 5799 ,ιι
2755 5773 2844 5799 Ω.-

335 5767 537 5843 Steph.
628 5772 671 5807 δ’
702 5774 835 5829 ταύτ
880 5767 932 5839 ς.
983 5767 1151 5831 Βοεὶῐ.
1180 5773 1277 5832 Gr.
1372 5767 1694 5843 δ”ὲφέρετα
1753 5768 1924 5824 Idem.
2004 5767 2051 5799 "
2100 5767 2462 5852 πανταχρθεν.
2496 5767 2641 5853 Idem
2670 5781 2726 5831 et
2755 5773 2947 5845 Steph.

339 5844 389 5877 “
414 5843 803 5899 εὐσεϐούντων.
839 5794 1007 5899 Επεὶ.
1046 5844 1142 5899 Gr.
1160 5860 1283 5899 cum
1310 5841 1503 5912 Steph.
1576 5841 1621 5875 “
1644 5838 1990 5910 πσράὐτῶν.
2024 5837 2198 5896 Codd.
2224 5838 2342 5894 Ptttl
2376 5847 2430 5897 et
2452 5836 2665 5900 Savnlti.
2763 5848 2801 5882 ⁸⁷
2831 5849 2947 5912 λέγε

339 5844 389 5877 ⁸⁸
414 5843 803 5899 εὐσεϐούντων.

336 5914 390 5946 ³⁸⁸
413 5912 645 5970 ἔπεσθαι
705 5916 865 5971 Fusii.
915 5916 1009 5972 (ἓν.

2724 5631 2767 5665 ⁸⁸
2792 5631 2997 5689 κόπρου
3035 5629 3193 5688 abest
3215 5646 3245 5687 a
3270 5633 3430 5689 codd.
3460 5632 3629 5689 Basil.

2927 5718 3005 5761 r._
3050 5701 3097 5735 ⁸⁸
3134 5702 3276 5758 οὐδέ.
3312 5704 3460 5761 Idem
3500 5721 3625 5759 cum

3048 5772 3096 5805 “
3123 5765 3301 5838 οὗτος.
3339 5768 3503 5828 Basil.
3533 5773 3626 5826 Ct.

2763 5848 2801 5882 ⁸⁷
2831 5842 2997 5922 λέγει.
3034 5848 3202 5906 Basii.
3238 5842 3330 5900 Gr.
3361 5854 3411 5899 et
3438 5843 3626 5910 Stepit.
