4124 6422
569 442 599 506 -1
615 442 712 507 103

1563 441 2053 508 THEODORETI
2093 439 2431 507 EPISCOPI
2465 441 2831 503 CYRENSIS

3697 441 3831 507 116$

567 569 696 612 cum
723 556 915 628 epulas
945 557 1011 612 de
1045 571 1195 612 more
1224 556 1538 622 lustrasset,
1573 572 1637 612 ac
1665 557 1882 628 piaculo
1916 560 2143 630 polluis-

2247 555 2439 629 πρώτῃ
2476 555 2760 627 παραστάς
2808 549 2962 620 οὗτος
2990 559 3055 627 τῇ
3091 555 3354 627 βασιλέως
3383 557 3613 623 στιϐάδι,
3643 560 3737 612 καὶ
3765 564 3832 614 sit

569 661 673 720 set,
705 651 986 706 curriculo
1021 649 1299 705 contendit
1342 649 1714 718 Antiochiam,
1767 659 1820 706 et
1857 651 2140 707 admiran-

568 743 692 796 dam
720 741 912 796 adiens
944 740 1242 796 feminam:
1284 759 1302 794 ι
1345 739 1458 812 Ego
1495 740 1717 812 quidem
1761 742 1828 798 ad
1877 751 1928 799 te
1962 746 2144 813 venio,

569 832 769 902 inquit.
805 833 949 888 sicut
978 831 1340 902 promiseram
1365 848 1380 885 :
1412 839 1472 885 tu
1495 831 1618 886 vide
1646 840 1707 887 ut
1732 833 1952 904 utrique
1980 823 2144 890 saluti

567 925 896 996 prospicias,
944 931 998 980 et
1039 923 1315 994 promissa
1352 931 1600 994 praestes.
1640 941 1658 975 ι
1699 921 1794 978 Illa
1848 941 1974 982 mox
2014 941 2148 982 con-

569 1031 802 1086 surgens
831 1014 1238 1070 adolescentem
1269 1015 1494 1070 deducit
1523 1015 1590 1070 ad
1619 1015 1801 1072 virum
1844 1015 1940 1072 Dei
1978 1017 2144 1073 Mele-

568 1107 725 1169 tium,
768 1105 864 1174 qui
896 1104 1065 1174 jussit
1113 1120 1238 1160 eum
1276 1104 1331 1159 in
1383 1105 1670 1175 superiore
1731 1104 1958 1175 hospitii
1991 1114 2146 1176 parte

567 1195 790 1250 interim
823 1194 1150 1250 consistere.
1181 1193 1252 1249 At
1298 1203 1454 1265 pater
1490 1193 1663 1248 filium
1693 1209 1946 1264 querens
1978 1203 2145 1250 totam

572 1288 853 1359 Daphnem
881 1288 1229 1355 circumibat,
1265 1302 1636 1358 reversusque
1663 1288 1717 1341 in
1746 1287 1939 1342 urbem
1991 1287 2147 1342 vicos

570 1389 624 1435 et
669 1380 994 1450 angiportus
1042 1379 1434 1450 perlustrabat,
1471 1379 1666 1435 oculos
1699 1394 2145 1450 quoquoversum

571 1470 876 1541 conjiciens
901 1470 1066 1540 huius
1093 1469 1407 1525 inveniendi
1434 1469 1734 1525 desiderio.
1755 1468 2000 1525 Tandem
2021 1486 2143 1526 cum

572 1562 641 1617 ad
680 1578 806 1618 eum
853 1563 1036 1617 locum
1070 1561 1434 1634 pervenisset,
1485 1561 1578 1616 ubi
1614 1562 1984 1617 diversorium
2029 1570 2149 1616 erat

573 1653 796 1722 Meletii,
852 1655 1085 1710 sublatis
1115 1655 1290 1710 oculis
1337 1654 1472 1708 vidit
1521 1654 1673 1708 illum
1717 1654 2145 1725 prospicientem

571 1760 669 1816 per
697 1745 994 1809 cancellos,
1014 1751 1068 1800 et
1097 1759 1396 1799 accurrens
1424 1743 1696 1814 corripuit
1741 1752 1795 1799 et
1835 1743 2141 1810 abstraxit,

571 1837 905 1908 domumque
937 1838 1227 1893 reductum
1260 1837 1580 1894 verberibus
1610 1838 1846 1908 primum
1877 1837 2144 1892 acerrime

2247 646 2352 715 δψα
2383 645 2525 700 κατὰ
2552 646 2614 699 τὸ
2645 646 2767 710 ἔθος
2801 645 3097 719 διαρράνας
3127 647 3219 700 καὶ
3250 647 3344 700 τοῦ
3387 647 3592 718 μύσους
3619 650 3828 723 ἐμπλήο
3919 717 3923 720 ι

2250 756 2366 806 σας,
2403 739 2587 811 δρόμῳ
2636 739 3001 810 χρησάμενος,
3054 740 3153 810 τὴν
3215 739 3492 809 Ἀντιόχου
3541 741 3830 807 κατέλαϐε,

2250 831 2344 884 καὶ
2374 829 2511 902 πρὸς
2538 828 2638 902 τὴν
2669 829 2979 900 θαυμασίαν
3010 830 3227 900 ἐκείνην
3254 830 3586 902 ἀφικόμενος
3618 832 3833 904 ἄνθρω-

2247 937 2379 975 πον·
2409 940 2429 974 ι
2474 920 2614 990 Ἐγὼ
2651 921 2750 993 μὲν
2790 923 2911 991 ήκω
2941 938 3044 988 σοι,
3075 921 3200 992 ἔφη,
3241 921 3315 994 μή
3343 921 3685 993 ψευσάμενος
3732 923 3832 995 τὴν

2249 1013 2544 1085 ὑπόσχεσιν
2575 1029 2588 1042 ·
2656 1014 2719 1066 σὺ
2752 1013 2809 1066 δέ
2855 1012 3128 1082 σωτηρίας
3158 1013 3423 1091 ἑκατέρας
3450 1013 3829 1086 ἐπιμελήθητε,

2247 1106 2341 1159 καὶ
2371 1107 2469 1176 τὴν
2502 1104 2834 1174 ἐπαγγελίαν
2861 1105 3272 1176 ἐκπλήρωσον.»
3297 1105 3618 1177 Παραυτίκα
3639 1107 3704 1178 δὴ
3735 1102 3830 1160 οὖν

2247 1196 2429 1267 ἐκείνη
2492 1196 2842 1264 διαναστᾶσα,
2899 1196 3038 1268 πρὸς
3091 1197 3182 1251 τὸν
3224 1197 3318 1250 τοῦ
3372 1197 3507 1252 Θεοῦ
3546 1199 3833 1269 ἄνθρωπον

2246 1288 2508 1342 Μελέτιον
2544 1288 2635 1342 τὸν
2682 1287 2801 1342 νέον
2845 1289 3155 1359 ἀπήγαγεν·
3190 1292 3220 1344 ὀ
3252 1290 3306 1343 δὲ
3339 1290 3478 1354 τέως
3523 1292 3685 1345 αὑτὸν
3721 1293 3834 1346 ἄνω

2246 1379 2453 1447 διάγειν
2483 1380 2541 1432 ἐν
2573 1380 2651 1449 τῷ
2681 1379 3011 1450 καταγωγίῳ
3041 1381 3397 1451 προσέταξεν.
3440 1382 3500 1435 '0
3549 1382 3605 1436 δὲ
3648 1384 3834 1454 πατὴρ

2247 1471 2337 1524 τὸν
2368 1471 2532 1525 παῖδα
2565 1470 2860 1541 ἐπιζητῶν,
2898 1472 2997 1542 τήν
3019 1487 3078 1523 τε
3103 1472 3322 1544 Δάφνην
3357 1473 3714 1542 περιενόστει,
3741 1481 3833 1530 καὶ

2247 1563 2325 1626 είς
2357 1563 2418 1616 τὸ
2449 1563 2582 1616 ἄστυ
2613 1563 2962 1632 ἀφικόμενος,
2991 1563 3208 1634 περιῄει
3241 1565 3340 1627 τὰς
3363 1564 3559 1632 ἀγυιάς
3591 1565 3830 1626 καὶτοὺς

2251 1655 2582 1718 στενωποὺς,
2619 1655 2853 1707 πάντοσε
2880 1655 3158 1725 περιάγων
3180 1655 3258 1708 τὼ
3277 1654 3562 1726 ὀφθαλμὼ,
3601 1658 3691 1709 καὶ
3712 1656 3832 1710 τοῦ·

2247 1763 2338 1800 τον
2374 1745 2689 1816 ἀνιχνεῦσαι
2713 1745 2912 1801 ποθῶν.
2953 1747 3168 1817 Ἐπειδὴ
3201 1747 3257 1800 δέ
3280 1750 3399 1802 κατ’
3427 1749 3605 1801 ἐκεῖνο
3638 1747 3698 1800 τὸ
3727 1766 3828 1818 χω-

2251 1838 2364 1910 ρίον
2393 1837 2628 1907 ἐγένετο,
2660 1836 2787 1890 ἔνθα
2821 1837 2881 1890 τὸ
2905 1838 3248 1907 καταγώγιον
3282 1841 3310 1892 ὁ
3339 1840 3479 1903 θεῖος
3511 1835 3622 1909 εἶχε
3657 1841 3828 1893 Μελέ-

570 1927 773 1982 cecidit
791 1947 804 1983 :
823 1929 1021 1984 deinde
1037 1929 1337 1985 candentes
1369 1944 1499 1986 acus
1528 1929 1782 1984 manibus
1805 1929 2143 1999 pedibusque

2245 1948 2382 1996 τιος,
2432 1930 2738 2000 ἀναϐλέψας
2789 1927 2928 1984 εἶδεν
2976 1934 3184 1986 ἐκεῖνον
3230 1933 3336 1985 ἀπὸ
3369 1932 3462 1986 τοῦ
3519 1933 3831 2004 δρυφάκτου

567 2029 622 2076 et
655 2021 822 2078 dorso
857 2022 1074 2078 infixit:
1109 2033 1390 2094 postremo
1434 2025 1709 2080 conclusit
1741 2025 1796 2079 in
1847 2024 2140 2088 cubiculo,

568 2108 894 2181 foribusque
928 2111 1202 2168 obseratis
1243 2112 1525 2184 Daphnem
1560 2113 1744 2170 rediit.
1789 2113 1916 2168 Haec
1946 2129 2047 2184 ego
2077 2113 2144 2167 il-

566 2200 677 2256 lum
734 2203 848 2272 jam
908 2214 1165 2276 provecta
1215 2222 1402 2263 senem
1459 2215 1623 2264 aetate
1662 2215 1981 2262 narrantem
2045 2220 2143 2260 au—

567 2291 699 2356 divi,
769 2293 1115 2366 addebatque
1164 2304 1426 2366 praeterea
1483 2313 1544 2354 se
1607 2295 1840 2352 Numine
1903 2295 2142 2351 amatum

563 2383 732 2455 929
797 2394 853 2441 et
905 2387 1090 2442 divina
1164 2389 1387 2460 plenum
1457 2367 1656 2459 gratia,
1747 2387 1919 2458 patris
1991 2386 2139 2441 idola

567 2478 754 2531 omnia
805 2479 1158 2545 contrivisse,
1210 2487 1378 2550 atque
1439 2479 1657 2534 illorum
1711 2478 2142 2534 imbecillitatem

567 2569 854 2625 derisisse.
878 2568 1076 2626 Postea
1109 2586 1260 2636 vero,
1306 2585 1432 2626 cum
1462 2571 1649 2626 animo
1705 2573 1935 2641 agitaret
1996 2567 2143 2637 quod

567 2658 794 2725 fecerat,
849 2661 1020 2730 patris
1071 2661 1310 2716 reditum
1353 2661 1701 2727 extimuisse,
1753 2660 2145 2730 Christumque

567 2749 862 2805 Dominum
894 2766 1107 2816 orasse,
1136 2762 1194 2808 ut
1224 2760 1516 2818 annueret,
1561 2761 1616 2809 et
1644 2767 1799 2810 seras
1830 2750 2144 2821 confringe-

569 2850 676 2909 ret,
708 2843 962 2914 ostiaque
993 2843 1344 2916 patefaceret.
1381 2863 1398 2898 ι
1431 2844 1547 2899 Tua
1570 2845 1737 2910 enim,
1759 2843 2144 2916 inquit,causa

567 2935 683 2988 haec
718 2934 915 3002 pertuli
939 2942 993 2991 et
1025 2933 1185 2990 feci.»
1210 2933 1360 3000 Haec,
1379 2934 1580 3001 aiebat,
1607 2950 1732 2991 cum
1766 2935 2029 2998 dicerem,
2057 2947 2146 2988 τεο

567 3025 840 3080 siluerunt
863 3040 1022 3090 serae,
1056 3032 1110 3080 et
1141 3033 1345 3089 aperta:
1374 3035 1505 3082 sunt
1539 3024 1703 3081 fores.
1738 3023 1851 3096 Ego
1901 3038 2030 3080 vero
2074 3023 2142 3077 ad

567 3117 885 3190 magistram
939 3119 1119 3174 denuo
1177 3117 1499 3174 festinanter
1557 3117 1770 3173 recurri
1820 3135 1834 3172 :
1881 3132 2004 3189 qua:
2057 3131 2143 3172 me

565 3217 720 3265 veste
755 3209 992 3265 induens
1017 3209 1294 3276 muliebri,
1327 3225 1623 3280 secumque
1648 3217 1898 3264 statuens
1928 3209 1984 3264 in
2007 3223 2142 3264 con-

2244 2022 2610 2077 διακύπτοντα
2639 2040 2653 2054 ο
2691 2023 2784 2076 καὶ
2816 2021 3039 2094 δραμὼν
3066 2024 3288 2077 εἵλκυσέ
3319 2041 3376 2076 τε
3410 2025 3501 2077 καὶ
3528 2027 3830 2096 κατήγαγε,

2246 2117 2342 2169 καὶ
2395 2116 2473 2178 είς
2518 2115 2616 2184 τὴν
2671 2115 2848 2167 οἰκίαν
2883 2115 3209 2184 ἀπαγαγὼν,
3247 2118 3462 2187 πρῶτον
3527 2117 3626 2186 μὲν
3682 2117 3834 2186 αύτῷ

2249 2207 2519 2277 μάστιγας
2582 2206 2908 2277 παμπόλλας
2971 2208 3288 2278 ἐπήγαγεν,
3341 2204 3460 2261 εἶτα
3516 2209 3834 2271 ὀϐελίσκους

2244 2294 2632 2366 πυρακτώσας,
2670 2295 2764 2347 καὶ
2797 2297 2914 2359 ταῖς
2945 2297 3120 2366 χερσὶ,
3153 2297 3246 2350 καὶ
3278 2301 3388 2361 τοῖς
3419 2300 3566 2361 ποσὶ,
3603 2299 3836 2360 καὶτοῖς

2244 2385 2435 2450 νώτοις
2481 2386 2748 2456 ἐπέθηκεν
2773 2403 2787 2416 ·
2835 2386 3023 2441 ἔπειτα
3056 2387 3347 2460 καθείρξας
3375 2390 3431 2444 ἐν
3457 2389 3534 2460 τῷ
3579 2389 3832 2462 θαλάμῳ,

2246 2479 2340 2532 καὶ
2383 2478 2608 2550 κλεῖθρα
2640 2478 2836 2543 ἔξωθεν
2870 2478 3099 2542 ἐπιθεὶς,
3138 2481 3218 2545 είς
3263 2481 3362 2552 τήν
3420 2483 3636 2552 Δάφνην
3672 2481 3832 2554 [ιδη

2245 2569 2465 2641 ἀνῆλθε.
2498 2569 2684 2623 Ταῦτα
2710 2569 2820 2638 ἐγὼ
2843 2569 2936 2622 τοῦ
2972 2570 3163 2641 ἀνδρὸς
3196 2571 3504 2643 πρεσϐύτου
3535 2573 3636 2642 ἤδη
3667 2589 3835 2642 γεγο-

2244 2661 2392 2724 νότος
2409 2660 2768 2731 διηγουμένου
2785 2661 3018 2732 άκήκοα.
3037 2661 3396 2733 Προστὲθεικε
3424 2662 3480 2715 δὲ
3512 2665 3604 2716 καὶ
3629 2663 3832 2728 ταῦτα,

2245 2750 2322 2815 ὼς
2347 2751 2532 2815 ἔνθους
2562 2750 2873 2821 γενόμενος,
2915 2751 3010 2804 καὶ
3041 2750 3193 2815 θείας
3222 2753 3442 2824 χάριτος
3469 2753 3834 2824 ἐμπλησθεὶς,

2247 2839 2529 2911 συνέτριψε
2577 2839 2677 2910 μὲν
2712 2841 2926 2894 ἅπαντα
2951 2841 3017 2893 τά
3047 2840 3141 2894 τοῦ
3174 2841 3382 2912 πατρὸς
3431 2843 3648 2909 εἴδωλα,
3686 2846 3835 2899 ἐκω-

2248 2931 2413 3002 μῴδει
2437 2931 2493 2985 δέ
2532 2931 2710 2984 αὐτῶν
2756 2930 2852 3002 τὴν
2887 2931 3188 2985 ἀσθένειαν.
3219 2933 3487 3004 ’Ὕστερον
3509 2934 3565 2987 δὲ
3596 2937 3675 2998 είς
3705 2936 3837 2990 νοῦν

2243 3023 2425 3076 λαϐὼν
2454 3024 2590 3095 ὅπερ
2621 3023 2869 3095 ἔδρασεν,
2904 3023 3074 3076 ἔδεισὲ
3118 3041 3174 3077 τε
3204 3024 3302 3094 τὴν
3333 3024 3425 3078 τοῦ
3457 3027 3664 3098 πατρὸς
3691 3046 3839 3098 παρ-

2244 3113 2450 3180 ουσίαν,
2475 3113 2568 3166 καλ.
2592 3111 2680 3165 τὸν
2701 3113 2976 3183 Δεσπότην
3006 3112 3240 3182 Χριστὸν
3271 3113 3591 3184 ήντιϐόλησε
3615 3113 3835 3177 νεῦσαι,

2245 3204 2338 3259 καὶ
2359 3203 2647 3275 συντρίψαι
2673 3204 2738 3257 τὰ
2760 3203 2999 3274 κλεῖθρα,
3028 3203 3238 3268 καὶτὰς
3265 3204 3433 3276 θύρας
3463 3207 3831 3261 ἀναπετάσαι·

566 3300 704 3352 clavi
739 3298 1067 3371 [basterna],
1111 3299 1308 3354 iterum
1353 3277 1580 3354 deduxit
1611 3298 1678 3353 ad
1726 3298 1972 3353 divinum
2027 3297 2139 3352 Me-

2251 3315 2269 3347 (
2309 3295 2409 3349 Σοῦ
2437 3296 2544 3365 γάρ
2571 3296 2635 3366 δὴ
2665 3297 2846 3363 ἕνεκα,
2872 3297 2998 3368 ἐφη,
3037 3296 3209 3350 ταῦτα
3241 3299 3488 3352 πέπονθά
3518 3317 3576 3353 τε
3617 3303 3708 3354 καὶ
3741 3301 3836 3356 δὲ-

568 3390 796 3444 letium:
841 3390 890 3445 is
939 3396 1123 3443 autem
1173 3387 1404 3460 Cyrillo,
1455 3388 1962 3458 Hierosolymorum
2013 3395 2144 3441 tunc

567 3481 850 3551 episcopo,
871 3496 956 3535 me
981 3481 1227 3536 tradidit.
1242 3481 1418 3552 Atque
1436 3481 1509 3536 ita
1528 3489 1689 3536 nocte
1710 3481 1937 3551 profecti
1953 3494 2144 3535 sumus

571 3576 625 3625 in
653 3571 1025 3626 Palaestinam.
1059 3571 1188 3627 Post
1221 3580 1449 3627 mortem
1476 3587 1641 3642 porro
1681 3570 1910 3636 Juliani,
1935 3579 2142 3641 patrem

566 3675 787 3731 quoque
811 3675 971 3716 suum
1007 3661 1074 3716 ad
1094 3677 1278 3718 veram
1297 3662 1615 3733 religionem
1637 3663 1915 3734 perduxit.
1939 3661 2071 3716 Nam
2091 3670 2146 3716 et

567 3752 672 3806 hoc
688 3753 852 3807 etiam
871 3752 1031 3809 nobis
1060 3753 1201 3809 inter
1228 3762 1427 3810 caetera
1458 3756 1726 3810 narravit.
1745 3753 1838 3810 Sic
1856 3755 2025 3826 igitur
2052 3753 2144 3808 isti

2239 3390 2436 3460 δρακα.
2468 3407 2487 3441 ›
2520 3387 2705 3442 Ταῦτά
2731 3405 2854 3459 μου,
2877 3388 3003 3459 ἔφη,
3027 3387 3296 3456 λέγοντος,
3326 3390 3550 3456 ἐξέπεσε
3566 3390 3610 3423 ⁸³
3640 3392 3740 3462 μὲν
3765 3393 3836 3446 τά

2237 3480 2480 3551 κλεῖθρα,
2506 3477 2855 3552 ἀνεῴχθησαν
2885 3480 2942 3533 δὲ
2973 3481 3028 3535 αἱ
3075 3481 3237 3551 θύραι
3256 3498 3270 3512 ο
3291 3480 3401 3549 ἐγὼ
3424 3481 3480 3534 δὲ
3514 3483 3672 3536 πάλιν
3697 3483 3836 3552 πρὸς

2238 3567 2337 3637 τὴν
2384 3567 2703 3621 διδάσκαλον
2736 3567 2990 3638 ἔδραμον.
3035 3570 3097 3622 ’Π
3132 3570 3188 3623 δὲ
3221 3570 3406 3641 σχῆμά
3453 3589 3543 3641 μοι
3574 3574 3834 3640 γυναικὸς

2240 3659 2546 3730 περιθεῖσα,
2585 3659 2676 3712 καὶ
2731 3661 2828 3714 σὺν
2857 3661 2991 3731 αύτῄ
3023 3677 3086 3730 γε
3137 3662 3216 3725 είς
3248 3663 3346 3732 τὴν
3381 3664 3638 3735 καμάραν
3690 3663 3833 3718 καθ·-

2247 3751 2428 3816 ίσασα,
2452 3751 2530 3821 τῷ
2560 3750 2688 3822 θείῳ
2723 3769 2788 3822 με
2823 3753 2986 3806 πάλιν
3008 3752 3254 3824 Μελετίῳ
3288 3756 3640 3826 προσήγαγεν
3667 3772 3679 3784 ·
3714 3757 3742 3807 ὁ
3775 3755 3836 3808 δὲ

570 3846 636 3904 ad
655 3846 749 3901 Dei
766 3847 1136 3918 cognitionem
1153 3847 1323 3903 delati
1344 3848 1540 3906 salutis
1553 3851 1851 3922 participes
1870 3848 1998 3904 facti
2018 3855 2143 3905 sunt

2245 3847 2312 3917 τῷ
2358 3847 2468 3901 τῶν
2505 3846 2895 3918 Ἱεροσολύμων
2927 3865 2995 3918 με
3027 3849 3341 3917 παρέδωκεν
3371 3851 3675 3922 ἐπισκόπῳ·
3715 3851 3837 3903 Κύ-

573 3937 754 4005 ριλλος
813 3937 870 3990 δὲ
937 3937 1239 4009 τηνικαῦτα
1274 3934 1343 4010 ἦν
1368 3957 1381 3970 ο
1426 3940 1522 3994 καὶ
1564 3938 1707 3994 οὕτω
1754 3940 1970 4013 νύκτωρ
2012 3939 2092 4000 είς
2139 3936 2237 4006 τὴν
2287 3935 2654 4005 Παλαιστίνην
2696 3936 3058 4008 ὡρμήσαμεν.
3115 3939 3268 3992 Μετὰ
3311 3939 3367 3992 δέ
3406 3956 3504 4010 την
3539 3937 3835 3992 Ἰουλιανοῦ

569 4028 844 4101 τελευτὴν,
888 4030 982 4083 καὶ¹
1034 4031 1124 4085 τὸν
1157 4032 1369 4104 πατέρα
1409 4028 1561 4098 οὗτος
1602 4033 1737 4103 πρὸς
1807 4034 1904 4104 τὴν
1953 4029 2212 4103 ἀλήθειαν
2241 4029 2564 4101 ἐποδήγησε.
2617 4030 2728 4083 Καὶ
2778 4029 2937 4084 τοῦτο
2984 4032 3092 4103 γὰρ
3137 4033 3284 4103 ἡμᾶς
3340 4033 3478 4101 μετὰ
3513 4033 3619 4086 τῶν
3653 4033 3838 4087 ἄλλων

569 4119 795 4185 ἐδίδαξε.
832 4119 1038 4174 Τοῦτον
1089 4122 1189 4194 μὲν
1219 4123 1282 4195 δὴ
1331 4124 1422 4178 τὸν
1467 4125 1664 4196 τρόπον
1717 4117 1864 4177 οὗτοι
1922 4123 2060 4195 πρὸς
2118 4121 2449 4192 θεογνωσίαν
2496 4120 2913 4192 ποδηγηθέντες,
2945 4123 3042 4193 τῆς
3073 4123 3346 4195 σωτηρίας
3379 4124 3691 4194 μετέλαχον.

831 4211 1022 4268 'CAP.
1050 4214 1140 4271 χι.
1179 4214 1262 4288 [Β.
1301 4215 1380 4272 SI.
1413 4216 1475 4272 v.
1512 4217 1598 4273 ιε.
1631 4217 1732 4274 Ch.
1768 4215 1883 4289 ιι]

645 4305 718 4359 De
752 4303 1036 4360 Juventino
1063 4316 1113 4361 et
1143 4305 1459 4378 Maximino,
1497 4310 1697 4364 sanctis
1722 4309 2069 4381 martyribus.

633 4469 738 4524 Sed
765 4468 1017 4527 Julianus
1046 4473 1301 4529 licentius
1324 4475 1438 4544 jam
1465 4482 1517 4530 et
1538 4471 1914 4543 impudentius
1947 4477 2144 4527 contra

2846 4215 3099 4268 ΚΕΦΑΛ.
3124 4217 3228 4269 IA'.

2241 4306 2379 4374 Περὶ
2409 4307 2514 4360 τοῦ
2541 4305 2939 4361 Ἰουϐεντίνου
2959 4306 3057 4378 καὶ
3073 4307 3430 4376 Μαξιμίνου,
3451 4305 3569 4360 τῶν
3584 4308 3768 4378 ἁγίων
3788 4306 3844 4336 ⁸ο

2857 4377 3196 4444 μαρτύρων.

2327 4466 2607 4531 Ἰουλιανὸς
2637 4467 2691 4520 δέ
2720 4468 3183 4540 παρρησιαίτερον
3209 4471 3277 4533 ³⁸,
3309 4470 3507 4541 μᾶλλον
3530 4471 3587 4524 δέ
3608 4472 3653 4504 ⁸⁸
3679 4473 3838 4526 ἀναι-

569 4563 825 4632 pietatem
863 4565 1204 4631 armabatur,
1235 4566 1473 4636 speciem
1512 4565 1735 4636 quidem
1787 4563 2143 4634 benignitatis

2245 4558 2492 4630 δέστερον
2521 4558 2662 4612 κατά
2694 4557 2793 4628 τῆς
2847 4558 3129 4622 εὐσεϐείας
3162 4559 3207 4592 ⁸³
3235 4559 3523 4629 ὡπλίζετο,
3559 4561 3619 4615 τὸ
3645 4561 3693 4594 ⁸⁸
3728 4564 3833 4632 μὲν

571 4669 681 4724 prae
713 4670 772 4710 se
806 4654 1010 4720 ferens,
1051 4657 1146 4712 sed
1187 4658 1413 4726 laqueos
1445 4655 1701 4721 tendens,
1738 4666 1792 4711 et
1819 4654 1978 4722 retia,
2020 4671 2141 4726 qua:

2245 4651 2340 4721 τῆς
2380 4649 2680 4713 ἐπιεικείας
2713 4649 3096 4720 περικείμενος
3145 4653 3512 4721 προσωπεῖον,
3558 4653 3737 4720 πάγας
3771 4653 3836 4706 δὲ

569 4747 868 4815 impietatis
930 4747 1103 4803 exitio
1161 4748 1420 4818 deceptos
1477 4749 1838 4804 involverent.
1895 4747 2140 4803 Primum

2247 4743 2666 4807 κατασκευάζων
2701 4742 2794 4796 καὶ
2829 4741 3099 4812 θήρατρα,
3130 4742 3266 4813 πρὸς
3295 4742 3387 4796 τὸν
3441 4743 3540 4812 τῆς
3573 4741 3835 4806 ἀσεϐείας

569 4837 715 4891 enim
758 4838 956 4905 fontes,
991 4840 1083 4910 qui
1136 4840 1188 4894 in
1233 4842 1386 4906 urbe,
1424 4847 1478 4896 et
1531 4842 1624 4912 qui
1687 4841 1828 4911 apud
1865 4839 2143 4912 Daphnem

2245 4833 2463 4906 δλεθρον
2514 4836 2640 4897 τοὺς
2699 4831 3160 4902 ἐξαπατωμένους
3217 4833 3541 4903 ἀγρεύοντα.
3603 4831 3836 4902 Πρῶτον

569 4936 747 4993 erant,
783 4928 1125 4985 detestandis
1170 4929 1459 4986 sacrificiis
1491 4931 1704 5002 polluit,
1740 4939 1798 4985 ut
1847 4933 1937 5002 qui
1986 4931 2143 5002 aquis

2245 4925 2344 4995 μὲν
2374 4925 2419 4956 ⁸⁵
2451 4925 2558 4996 γὰρ
2587 4924 2682 4988 τὰς
2714 4925 2771 4978 ἐν
2814 4923 2894 4994 τῷ
2930 4924 3104 4987 ἄστει,
3137 4923 3232 4976 καὶ
3273 4923 3370 4987 τὰς
3416 4926 3472 4976 ἐν
3503 4923 3688 4997 Δάφνῃ
3723 4942 3838 4992 πη.

569 5026 879 5086 uterentur,
913 5019 1078 5091 930
1101 5019 1567 5075 abominationcm
1593 5018 2011 5091 participarent.
2045 5018 2146 5074 De-

568 5109 696 5165 inde
747 5125 870 5180 quae
924 5111 980 5164 in
1035 5111 1153 5166 foro
1221 5112 1544 5181 prostabant
1608 5110 1824 5182 piaculo
1892 5111 2140 5180 replevit.

567 5200 1014 5271 Aspergebantur
1043 5203 1185 5257 enim
1210 5212 1264 5258 et
1293 5219 1486 5274 panes,
1507 5212 1558 5258 et
1585 5217 1802 5264 carnes,
1829 5208 1883 5256 et
1907 5201 2140 5266 fructus,

569 5297 624 5344 et
655 5291 825 5358 olera,
854 5300 908 5346 et
947 5294 1050 5348 alia
1083 5295 1370 5362 esculenta
1408 5295 1612 5350 omnia.
1669 5292 1802 5359 Qua:
1854 5307 1978 5346 cum
2015 5306 2134 5346 cer-

558 5392 765 5465 nerent
813 5385 1011 5454 quibus
1048 5401 1078 5441 a
1120 5385 1405 5444 Salvatore
1464 5385 1700 5444 inditum
1759 5390 1844 5439 est
1898 5397 2133 5448 nomen,

2242 5015 2344 5080 γὰς
2387 5016 2506 5076 ταῖς
2555 5015 2826 5084 μυσαραῖς
2883 5012 3092 5076 θυσίαις
3145 5013 3439 5083 ἐμόλυνεν,
3499 5013 3565 5070 ἶν’
3597 5014 3837 5078 ἕκαστος

2244 5105 2533 5161 ἀπολαύων
2578 5105 2672 5158 τοῦ
2725 5107 2961 5175 νάματος
3017 5123 3110 5158 του
3159 5106 3364 5176 μύσους
3420 5106 3834 5178 μεταλαγχάνῃ.

2253 5200 2484 5252 Ἔπειτα
2512 5197 2567 5250 δὲ
2592 5199 2686 5251 κοιλ⁸
2713 5197 2782 5250 τά
2822 5199 2962 5252 κατὰ
2989 5199 3085 5270 τὴν
3135 5198 3341 5268 ἀγορὰν
3368 5199 3703 5270 προκείμεδα
3729 5201 3834 5252 τοῦ

2251 5291 2556 5361 μιάσματος
2587 5290 2915 5360 ἐνεπίμπλα.
2963 5290 3413 5361 Περιερῤαίνοντο
3465 5288 3574 5361 γάρ
3606 5291 3700 5343 καὶ
3729 5292 3838 5361 ἆρ-

2245 5399 2346 5448 τοι,
2365 5382 2457 5435 καὶ
2478 5381 2636 5454 κρέα,
2659 5384 2756 5437 καὶ
2777 5381 2988 5454 ὀπῶραι
3013 5383 3080 5450 ⁸⁸,
3115 5383 3207 5435 καὶ
3235 5381 3461 5452 λάχανα,
3478 5384 3568 5435 καὶ
3595 5382 3761 5436 τᾶλλα
3779 5385 3830 5418 ⁸⁷

1856 5565 2092 5624 VARle
2122 5567 2520 5626 LECTiONES.

635 5723 680 5753 ιο
705 5719 984 5784 ἐξέπεσαν.
1043 5719 1205 5776 Basil.
1251 5723 1346 5778 Gr.

570 5787 741 5862 epdex
799 5804 828 5862 :_
864 5789 1366 5862 mpp‘qcténepov.
1456 5793 1500 5824 "
1527 5787 1849 5851 xat.’Basil.
1909 5795 2002 5852 Gr.

1464 5723 1509 5755 ⁸ο
1551 5725 1838 5795 Ῥωμαιων
1886 5725 2088 5782 habent
2129 5732 2338 5780 caetera:
2387 5727 2542 5781 editt.

1464 5793 1500 5824 η
1529 5796 1618 5825 νηΐ
1670 5794 1827 5825 Ἰὶιηιέι
1909 5795 1983 5825 Ρ..
2111 5795 2156 5825 ιη
2182 5795 2435 5825 ιδοορι..-
2495 5797 2542 5825 CI

575 5795 741 5843 codex
799 5804 813 5839 :
864 5795 1350 5862 παρῤησιέστερον.
1456 5795 1500 5824 ⁸²
1527 5796 1638 5848 καί.
1670 5795 1849 5851 ‘Basil.
1909 5795 2002 5852 Gr.
2111 5795 2455 5865 ⁸³ἀ).ηθείας.
2495 5796 2682 5867 Steph.
2713 5797 2766 5849 2.

575 5854 729 5914 abest
782 5855 850 5912 ab
899 5859 1107 5910 eodem.
1189 5861 1234 5892 ⁵⁸
1261 5860 1470 5930 ὀπῶρα.
1511 5863 1688 5937 _Basil.
1731 5865 1824 5922 Gr.
1907 5868 1949 5900 ⁵⁷
1983 5867 2082 5924 ὅσα
2121 5865 2271 5922 ἄλλα.
2317 5867 2461 5924 idem
2503 5882 2626 5924 cum
2653 5866 2844 5940 Steph.

2646 5727 2688 5758 '“
2717 5725 2793 5799 l_ta
2833 5737 2887 5799 et
2921 5727 3112 5799 Steph.
3138 5727 3241 5784 Sed
3263 5727 3436 5799 Basil.
3467 5727 3565 5799 ρι’.
3608 5726 3824 5799 ct__l’in|

2876 5798 2921 5831 “
2943 5795 3041 5871 τῆς
3093 5799 3232 5873 μέν..
3259 5797 3425 5856 Basil.
3453 5795 3548 5856 Gr.
3651 5797 3696 5831 "
3724 5798 3825 5869 μέν
