4124 6400
334 392 472 462 1105

1284 399 1876 465 ECCLESIASTICIE
1910 460 1912 464 Α

2012 406 2296 469 STORLE
2334 407 2481 469 LIB.
2522 407 2637 468 III.
3110 424 3149 462 η

3454 407 3593 475 11506

330 512 432 565 ὅσα
460 506 719 579 ιδώδιμα.
756 507 941 564 Ταῦτα
985 507 1220 579 ὁρῶντες
1251 510 1302 563 οἱ
1347 512 1444 583 τῆς
1476 511 1569 566 τοῦ
1618 513 1912 579 σεσωκότος

2021 517 2315 588 gemebant
2342 517 2421 572 illi
2446 517 2665 588 quidem
2691 522 2746 572 et
2773 513 3217 572 lamentabantur
3268 514 3402 571 talia
3435 517 3589 576 dete-

334 599 707 672 προσηγορίας
737 601 1117 672 τετυχηκότες,
1150 599 1363 657 ἔστενον
1399 602 1497 673 μὲν
1545 605 1640 659 καὶ
1696 604 1908 676 ὠλοφύ-

335 706 491 762 ροντο
519 689 924 762 βδελυττόμενοι
955 692 1024 747 τὰ
1066 693 1327 765 γινόμενα
1350 711 1364 725 ·
1418 694 1824 779 μετελάμῄινον
1853 697 1911 751 δὲ

331 783 503 851 ὅμως,
531 778 875 851 ἀποστολικῷ
903 780 1208 851 πειθόμενοι
1239 782 1409 856 νόμῳ·
1445 803 1465 836 ι
1501 786 1617 839 Πᾶν
1647 778 1774 856 γὰρ,
1807 804 1912 858 φη-

332 873 407 936 σὶ,
434 870 497 923 τὸ
528 870 588 923 ὲν
618 870 873 942 μακέλλῳ
925 870 1270 942 πωλούμενον
1314 873 1541 940 ἐσθίετε,
1573 876 1738 947 μηδὲν
1779 878 1913 932 ἁνα-

332 960 609 1030 κρίνοντες
631 961 724 1015 διὰ
744 960 842 1033 τὴν
872 962 1230 1032 συνείδησιν.»
1267 964 1370 1018 Δύο
1392 964 1451 1019 δέ
1484 983 1630 1030 τινες
1662 967 1719 1020 έν
1750 985 1911 1041 στρα·

330 1049 448 1121 τεὶᾳ
473 1051 885 1122 διαπρέποντες,
916 1054 1276 1127 ἀσπιδῆφόροι
1309 1057 1416 1127 γὰρ
1443 1053 1586 1129 ἦσαν
1628 1059 1721 1113 καί
1752 1058 1908 1130 βασι-

331 1141 469 1205 λέως
517 1141 829 1215 πεζαίτεροι
864 1145 930 1209 ⁵⁸,
991 1145 1051 1200 ἐν
1082 1164 1189 1201 τινι
1247 1150 1530 1222 συμποσῖῳ
1582 1151 1910 1225 θερμότερον

330 1232 442 1287 τῶν
474 1234 811 1311 γιγνομένων
842 1236 902 1289 τὸ
946 1236 1114 1307 μῦσος
1143 1238 1468 1312 ὲθρήνησαν,
1499 1242 1591 1295 καὶ
1636 1245 1747 1307 τοῖς
1776 1243 1909 1297 θαυ-

334 1324 551 1394 μασίοις
579 1324 686 1380 τῶν
711 1327 769 1380 ὲν
803 1326 1080 1382 Βαϐυλῶνι
1105 1328 1517 1401 διαπρεψάντων
1538 1331 1690 1404 [1581
1722 1328 1912 1405 μειρα-

329 1415 468 1468 κίων
501 1416 796 1487 ἐκέχρηντο
828 1417 872 1451 ⁸9
902 1419 1111 1489 ῥήμασι
1138 1436 1151 1448 ·
1183 1440 1202 1472 ι
1237 1422 1567 1493 Παρέδωκας
1596 1424 1707 1496 γὰρ
1737 1426 1907 1495 ἡμᾶς,

331 1505 540 1573 ἔλεγον,
574 1505 787 1575 βασιλεῖ
823 1510 1124 1582 παρανόμῳ
1145 1512 1429 1588 ἀποστάτῃ
1462 1515 1612 1585 παρὰ
1640 1516 1815 1570 πάντα
1843 1516 1911 1571 τὰ

333 1594 462 1666 ἔθνη
490 1594 559 1649 τὰ
586 1596 712 1650 ὄντα
739 1598 833 1652 ἐπὶ
862 1599 963 1668 τῆς
988 1601 1111 1670 γῆς.
1149 1620 1170 1653 ι
1202 1602 1389 1658 Ταῦτά
1420 1622 1504 1669 τις
1534 1605 1641 1659 τῶν
1674 1607 1911 1678 ὁμοτρα-

333 1685 515 1750 πέζων
567 1688 791 1743 ἐκείνων
839 1690 882 1722 ⁸ο
934 1693 1268 1763 μεμήνυκεν.
1308 1697 1367 1750 '0
1408 1697 1465 1752 δὲ
1518 1700 1832 1770 παραυτίκα
1866 1703 1907 1735 ⁶¹

329 1777 558 1847 ἀγαγὼν
581 1780 707 1846 τοὺς
745 1782 1003 1852 ἀρίστους
1035 1787 1276 1851 ἐκείνους
1321 1787 1545 1862 ἄνδρας,
1579 1793 1912 1847 ἐπυνθάνετο

2013 617 2225 667 stantes
2253 630 2267 666 :
2304 609 2542 667 edebant
2573 617 2780 675 tamen,
2802 607 2907 681 legi
2943 606 3256 679 apostolicae
3281 616 3586 678 parentes:

2017 724 2036 758 ι
2081 705 2254 762 Omne
2287 704 2437 776 quod
2474 705 2528 760 in
2570 703 2804 761 macello
2849 704 3000 759 venit
3048 690 3403 772 manducata,
3455 703 3592 759 nihil

2018 797 2425 869 interrogantes
2490 804 2714 869 propter
2787 795 3181 852 conscientiam
3206 803 3252 851 ο.
3308 814 3327 848 ι
3379 795 3449 851 At
3482 795 3592 851 duo

2013 889 2261 960 quidam,
2288 889 2497 944 militiae
2521 889 2696 960 gradu
2728 888 2965 955 nobiles,
2992 896 3150 944 erant
3180 888 3329 945 enim
3355 886 3591 944 scutarii

2015 980 2311 1051 stipatores
2358 980 2730 1051 imperatoris,
2768 995 2894 1035 cum
2939 980 2996 1035 in
3043 980 3279 1051 quodam
3327 980 3589 1035 convivio

2014 1089 2197 1129 rerum
2245 1074 2477 1129 istarum
2536 1073 2843 1129 l‘mditatem
2880 1072 3260 1129 vehementius
3293 1071 3585 1142 deploras-

2013 1172 2154 1230 sent,
2185 1150 2513 1218 admiranda
2556 1176 2876 1234 puerorum,
2915 1161 3009 1231 qui
3056 1159 3588 1231 Babyloneclarue-

2013 1260 2165 1320 runt,
2195 1254 2361 1310 verba
2388 1261 2754 1324 usurpantes:
2794 1271 2812 1305 ι
2851 1251 3155 1306 Tradidisti
3192 1266 3293 1308 nos
3318 1250 3433 1320 regi
3479 1250 3585 1306 ini-

2014 1361 2123 1416 quo
2153 1345 2420 1401 desertori
2448 1359 2616 1415 supra
2645 1359 2838 1399 omnes
2859 1349 3049 1414 gentes
3072 1350 3232 1397 terra!
3253 1352 3303 1406 P,
3338 1360 3357 1393 ι
3384 1339 3452 1396 ab
3475 1356 3586 1394 uno

2012 1452 2043 1493 e
2078 1436 2324 1492 convivis
2349 1437 2460 1493 illis
2487 1435 2688 1506 proditi
2722 1443 2870 1489 sunt.
2908 1432 3034 1488 Mox
3079 1432 3404 1503 imperator,
3441 1431 3588 1501 optio

2014 1543 2136 1583 mos
2166 1528 2317 1583 viros
2348 1526 2472 1584 sisti
2494 1527 2720 1598 jubens,
2756 1530 3116 1597 percontatur
3156 1523 3291 1595 quid
3324 1522 3583 1578 dixerint.

2014 1616 2096 1671 illi
2125 1632 2253 1673 vero
2277 1632 2342 1673 ex
2375 1616 2726 1687 imperatoris
2775 1612 3153 1671 sciscitatione
3198 1610 3458 1681 loquendi
3501 1610 3586 1665 fa-

2014 1706 2270 1762 cultatem
2304 1706 2474 1770 nacti,
2521 1712 2873 1776 praestantem
2927 1704 3105 1759 zelum
3155 1710 3419 1758 acuentes
3468 1702 3586 1757 haec

2016 1796 2111 1851 fati
2136 1806 2303 1853 sunt:
2346 1815 2366 1850 ι
2408 1795 2539 1859 Nos,
2572 1796 2889 1867 imperator,
2922 1794 2981 1849 in
3025 1792 3224 1865 pietate
3255 1791 3496 1858 educati,
3530 1799 3586 1847 et

330 1871 453 1925 τίνα
480 1872 566 1943 εἴη
589 1872 658 1927 τὰ
679 1874 966 1946 εἰρημένα.
993 1878 1054 1930 Οἱ
1077 1856 1475 1952 δὲπαρρησίας
1518 1883 1776 1957 ἀφορμὴν
1806 1887 1910 1939 ὑπ-

2015 1888 2290 1961 praeclaris
2329 1856 2545 1959 legibus
2569 1856 2842 1953 obsecuti,
2874 1856 3238 1941 Constantini
3268 1856 3491 1956 quippei
3519 1898 3586 1937 ac

329 1963 615 2035 ειληφότες
649 1967 746 2037 τὴν
777 1967 871 2021 τοῦ
903 1967 1169 2038 βασιλέως
1210 1972 1500 2044 ἐρώτησιν,
1540 1977 1632 2029 τὸν
1663 1978 1910 2044 ἀξιέπαι-

329 2071 425 2108 νον
454 2055 870 2127 παραθήξαντες
918 2056 1100 2128 ζῆλον,
1143 2055 1294 2114 εἶπον
1336 2062 1534 2117 τοιάδε·
1574 2081 1593 2116 ι
1645 2066 1732 2118 Ἐν
1760 2066 1912 2119 εὐσε-

328 2144 458 2217 ϐείᾳ
503 2147 821 2217 τραφέντες,
856 2143 902 2202 ὧ
952 2149 1194 2218 βασιλεύ,
1227 2153 1320 2206 καὶ
1360 2152 1547 2224 νόμοις
1578 2155 1911 2222 ἀξιεπαίνοις

328 2235 760 2303 δεδουλευκότες,
793 2239 1200 2295 Κωνσταντίνου
1247 2244 1357 2315 γὰρ
1400 2245 1494 2298 καὶ
1542 2247 1651 2299 τῶν
1700 2248 1909 2302 ἐκείνου

330 2326 538 2382 παίδων
552 2324 691 2400 ἦσαν
709 2331 757 2383 οἱ
780 2331 1345 2406 νόμοι,ὀλοφυρόμεθα
1375 2334 1472 2389 νῦν
1501 2336 1704 2407 μύσους
1734 2340 1910 2394 ἃπαν-

330 2437 401 2474 τα
430 2420 840 2493 πεπληρωμένα
867 2422 1152 2494 θεώμενοι,
1171 2427 1266 2480 καὶ
1297 2429 1419 2491 ταῖς
1448 2428 1666 2498 ὲναγέσι
1698 2431 1909 2498 θυσίαις

329 2510 402 2563 τα
456 2509 724 2582 βρώματα
774 2515 870 2567 καὶ
923 2515 1063 2569 ποτὰ
1092 2518 1137 2549 ⁵³
1174 2518 1530 2590 μολυνόμενα.
1583 2521 1769 2577 Ταῦτα
1816 2526 1910 2578 καὶ

328 2602 472 2655 οἶκοι
504 2601 941 2677 τεθρηνήκαμεν,
966 2607 1058 2661 καὶ
1089 2610 1184 2662 σοῦ
1213 2611 1477 2679 παρόντος
1507 2614 1907 2686 ἀποδυρόμεθα.

329 2692 503 2747 Τοῦτο
531 2694 641 2766 γὰρ
687 2695 751 2767 δὴ
802 2697 962 2767 μόνον
991 2699 1090 2769 τῆς
1139 2699 1238 2769 σῆς
1284 2700 1707 2775 δυσχεραίνομεν
1756 2707 1909 2777 βασι-

325 2785 502 2850 λείας.
540 2805 561 2840 ι
596 2787 812 2842 Τούτων
833 2789 1073 2855 ἀκούσας
1097 2791 1206 2844 τῶν
1229 2792 1402 2862 λόγων
1428 2797 1456 2847 6
1484 2796 1791 2865 πραότατος
1816 2800 1911 2852 καὶ

327 2870 768 2942 φιλοσοφώτατος
800 2876 953 2949 παρά
983 2877 1091 2933 τῶν
1121 2879 1315 2950 ἐκείνῳ
1347 2885 1689 2954 προσομοίων
1721 2886 1765 2918 ⁵⁸
1794 2887 1910 2941 δνο-

332 2962 665 3032 μαζόμενος,
710 2965 769 3020 τὸ
816 2968 913 3038 μὲν
941 2971 1039 3040 τῆς
1066 2972 1367 3037 ἐπιεικείας
1402 2975 1709 3030 ἀπεδύσατο
1740 2994 1908 3050 προσ-

326 3056 553 3120 ωπεῖον,
581 3061 641 3109 τὸ
663 3056 720 3110 δὲ
750 3061 846 3130 τῆς
875 3060 1196 3126 δυσσεϐείας
1257 3064 1545 3135 ἐγύμνωσε
1592 3069 1906 3140 πρόσωπον,

2012 1980 2252 2034 ﬁliorum
2287 1978 2408 2050 eius
2434 1979 2580 2050 leges
2607 1986 2785 2043 erant,
2824 1978 3077 2050 lugemus
3108 1991 3279 2039 nunc,
3307 1974 3586 2032 abomina-

2015 2072 2160 2128 tione
2196 2071 2393 2143 repleri
2419 2071 2606 2126 omnia
2629 2077 2938 2136 cernentes,
2985 2078 3040 2124 et
3075 2067 3328 2126 scelestis
3355 2064 3586 2123 sacrill-

2011 2164 2114 2217 ciis
2142 2162 2300 2217 cibos
2326 2168 2601 2232 potusque
2630 2159 2995 2217 contaminari
3023 2177 3037 2215 :
3074 2158 3189 2214 haec
3218 2156 3366 2212 domi
3407 2153 3578 2210 deﬂe-

2009 2255 2210 2322 vimus,
2243 2240 2300 2309 et
2343 2267 2491 2309 nunc
2548 2251 2690 2323 apud
2725 2259 2779 2306 te
2828 2251 3215 2307 lamentamur.
3265 2246 3425 2318 93],
3467 2243 3585 2302 Hoc

2011 2349 2157 2403 enim
2191 2361 2361 2402 unum
2384 2352 2489 2409 est.
2516 2344 2661 2415 quod
2682 2343 2739 2398 in
2771 2350 2866 2399 tuo
2890 2342 3122 2414 imperio
3143 2356 3246 2397 nos
3277 2337 3526 2395 ollendit.
3557 2356 3579 2392 ι

2012 2438 2224 2506 Quibus
2279 2437 2502 2506 auditis,
2563 2436 3043 2493 mansuetissimus
3093 2434 3185 2489 ille
3234 2430 3585 2502 sapientissi-

2011 2543 2264 2600 musque,
2292 2536 2352 2583 ut
2381 2544 2412 2583 a
2450 2529 2535 2585 sui
2559 2528 2834 2584 similibus
2857 2527 3186 2598 appellatur,
3226 2521 3585 2594 benignitatis

2010 2620 2219 2676 larvam
2252 2621 2438 2686 exuit,
2495 2628 2551 2676 et
2583 2619 2880 2690 impietatis
2935 2630 3223 2688 personam
3260 2612 3584 2676 ostendens,

2013 2712 2273 2783 gravibus
2300 2713 2422 2767 illos
2444 2720 2499 2767 et
2519 2711 2731 2766 acerbis
2752 2710 3102 2766 excruciatos
3134 2706 3462 2763 verberibus
3480 2704 3586 2759 hac

2011 2801 2122 2857 vita
2152 2802 2409 2871 privavit,
2435 2802 2520 2857 vel
2555 2816 2623 2856 ex
2658 2801 2752 2857 illo
2776 2800 2960 2870 potius
2989 2798 3313 2855 calamitose
3342 2805 3585 2866 tempore

2011 2891 2236 2963 eripuit,
2257 2899 2311 2947 et
2342 2891 2411 2945 ad
2444 2891 2692 2947 victoriae
2725 2891 2744 2913 '
2770 2904 3006 2948 coronas
3038 2887 3366 2944 transmisit.
3405 2886 3581 2947 Crete-

2011 2999 2135 3039 rum
2184 2984 2440 3055 supplicii
2473 2998 2697 3039 causam
2742 2982 2970 3047 ellinxit,
3006 2997 3117 3037 non
3165 2979 3447 3051 pietatem,
3485 2990 3595 3047 pro

2013 3090 2121 3147 qua
2149 3074 2411 3131 exstincti
2451 3084 2600 3141 sunt,
2661 3074 2756 3130 sed
2819 3072 3203 3144 petulantiam.
3263 3068 3391 3125 Ideo
3437 3067 3585 3123 enim

329 3147 427 3199 καὶ
456 3149 659 3220 πικρὰς
691 3152 873 3217 αὐτοῖς
903 3156 997 3208 καὶ
1024 3155 1269 3226 χαλεπὰς
1299 3160 1482 3224 αἰκίας
1513 3162 1782 3216 ἐπιθεῖναι
1812 3171 1912 3217 κε-“

2012 3181 2184 3223 caesos
2233 3167 2390 3234 dixit,
2444 3166 2593 3236 quod
2643 3163 3028 3221 contumeliosi
3077 3164 3135 3218 in
3195 3162 3586 3231 imperatorem

329 3238 553 3304 λεύσας,
586 3243 848 3314 ἐστέρησε
895 3246 996 3317 μὲν
1024 3248 1123 3319 τῆς
1174 3250 1458 3323 παρούσης
1506 3252 1674 3326 ζωῆς,
1713 3254 1914 3325 μᾶλλον

327 3329 389 3383 δὲ
418 3329 791 3404 ἠλευθέρωσεν
846 3333 1060 3390 ἐκείνου
1112 3338 1204 3392 τοῦ
1259 3339 1522 3412 δυστήνου
1571 3342 1786 3417 καιροῦ,
1823 3347 1917 3400 καὶ

328 3423 459 3486 τοὺς
491 3425 822 3499 νικηφόρους
867 3429 1166 3499 στεφάνους
1199 3431 1585 3505 προύξένησεν.
1634 3436 1827 3492 Δίτίαν
1859 3438 1917 3493 δὲ

328 3518 401 3587 τῇ
427 3517 671 3590 τιμωρίᾳ
708 3520 1070 3593 συνήρμοσεν,
1104 3523 1166 3577 ού
1226 3524 1324 3596 τὴν
1359 3526 1644 3582 εὐσέϐειαν
1679 3529 1820 3601 ὑπὲρ
1847 3523 1915 3602 ἦς

328 3606 697 3679 ἀνῃρέθησαν,
728 3608 864 3665 ἀλλά
909 3610 1008 3683 τὴν
1049 3613 1355 3683 παροινίαν.
1398 3615 1487 3680 Ὠς
1538 3617 1649 3689 γὰρ
1683 3618 1907 3689 βασιλέα

331 3696 626 3768 ὑϐρικότας
649 3700 817 3773 ἔφησε
842 3704 1278 3775 τιμωρήσασθαι·
1309 3705 1483 3761 ταῦτα
1508 3707 1566 3761 δὲ
1593 3708 1905 3779 θρυλεῖσθαι

333 3790 664 3861 προσέταξε,
690 3792 998 3864 βασκαίνων
1023 3796 1068 3828 ⁸⁵
1098 3799 1217 3861 τοῖς,
1238 3798 1336 3870 τῆς
1357 3798 1616 3871 ἀληθείας
1646 3800 1906 3873 ἀθληταῖς

2015 3257 2286 3315 fuissent:
2316 3267 2482 3329 atque
2512 3260 2653 3313 bane
2672 3257 2874 3312 famam
2898 3255 3084 3327 spargi
3116 3254 3307 3327 jussit,
3333 3250 3587 3309 veritatis

2014 3348 2237 3405 athletis
2284 3357 2591 3421 martyrum
2632 3364 2834 3405 nomen
2868 3355 2923 3405 et
2981 3347 3249 3406 honorem
3310 3343 3587 3400 invidens.

2013 3436 2222 3497 [lorum
2258 3454 2400 3495 unus
2426 3439 2778 3508 Juventinus,
2813 3439 2954 3495 alter
2986 3436 3331 3495 Maximinus.
3348 3433 3589 3490 vocaba-

2014 3537 2123 3585 tur.
2160 3529 2312 3596 Quos
2339 3528 2682 3586 Antiochena
2731 3529 2935 3587 civitas.
2979 3535 3248 3598 tanquam
3301 3524 3590 3595 religionis

2015 3617 2255 3674 athletas
2283 3619 2492 3676 honore
2516 3635 2882 3691 prosequens,
2908 3619 3155 3690 pretioso
3181 3616 3437 3688 sepulcro
3464 3629 3593 3670 con-

2014 3708 2174 3776 didit,
2208 3716 2262 3767 et
2306 3725 2491 3767 annuo
2529 3710 2671 3768 festo
2709 3711 2779 3769 ad
2816 3711 2963 3767 hunc
3002 3723 3191 3782 usque.
3224 3707 3370 3764 diem
3418 3720 3586 3762 vene-

2013 3809 2189 3861 ratur.

332 3881 435 3952 τῆς
457 3884 567 3937 τῶν
608 3885 902 3958 μαρτύρων
927 3889 1297 3962 προσηγορίας
1338 3908 1397 3945 τε
1434 3892 1529 3945 καὶ
1556 3893 1739 3965 τιμῆς.
1767 3893 1983 3951 Τούτων
2041 3893 2069 3947 6
2120 3893 2218 3964 μὲν
2264 3893 2597 3962 Ἰοὸεντῖνος,
2656 3895 2684 3949 6
2733 3894 2791 3949 δὲ
2853 3896 3157 3965 Μαξιμῖνος
3211 3893 3256 3926 ⁸⁸
3309 3904 3585 3962 προσηγο-

333 3972 616 4043 γορεύετο.
684 3975 917 4042 Τούτους
970 3980 1004 4050 ἠ
1073 3981 1348 4052 Ἀντιόχου
1400 3982 1557 4049 πόλις
1602 3983 1678 4048 ὡς
1718 3983 1764 4020 ⁸⁸
1847 3985 2154 4054 ἀγωνιστὰς
2210 3985 2493 4050 εὐσεϐείας
2538 3985 2843 4057 τιμήσασα,
2896 3983 3175 4040 πολυτελεῖ
3237 3980 3587 4049 παραδέδωκε

331 4062 506 4135 θήκῃ,
550 4065 646 4119 καὶ
693 4066 852 4139 μέχρι
882 4067 939 4122 δὲ
989 4070 1230 4141 τήμερον
1256 4072 1456 4143 ἐτησίῳ
1480 4071 1798 4145 δημοθοινίᾳ
1824 4073 2197 4147 γεραίρονται.

412 4158 524 4211 Καὶ
550 4159 695 4214 ἄλλοι
724 4160 782 4214 δὲ
814 4162 924 4215 τῶν
957 4164 1015 4216 ἐν
1041 4163 1185 4217 τέλει
1207 4166 1302 4219 καὶ
1332 4164 1603 4236 ἀξιώματι
1635 4167 1702 4234 ⁸⁷,
1736 4185 1917 4240 παρα-

340 4248 557 4323 πλησίῳ
584 4253 867 4325 παρρησίᾳ
896 4254 1235 4328 χρησάμενοι
1309 4258 1420 4313 τῶν
1455 4258 1582 4314 ῐσων
1638 4261 1918 4332 στεφάνων

337 4341 685 4411 ἀπήλαυσαν.

932 4437 1181 4494 ΚΕΦΛΛ.
1220 4438 1320 4493 ΙΒ’.

337 4525 482 4594 Περὶ
527 4528 997 4583 Βαλεντινιανοῦ
1039 4529 1145 4584 τοῦ
1185 4530 1444 4601 ὕστερον
1484 4533 1919 4597 βασιλεύσαν-

1060 4616 1185 4666 τος.

2086 4167 2196 4242 [ν.
2233 4168 2316 4225 16.
2347 4168 2447 4228 Ch.
2487 4166 2610 4241 15.]
2643 4165 2751 4222 Sed
2780 4171 2837 4222 et
2866 4164 2958 4221 alii
2989 4179 3209 4237 quoque
3237 4175 3495 4235 proceres
3522 4177 3587 4217 ac

2000 4261 2390 4332 ‘magistratus,
2440 4260 2559 4332 pari
2615 4260 2866 4316 libertate
2920 4256 3033 4324 usi,
3091 4255 3299 4313 similes
3352 4269 3589 4313 coronas

2012 4351 2192 4424 adepti
2211 4362 2360 4409 sunt.

2437 4444 2589 4500 CAP.
2621 4442 2737 4499 XII.
2773 4441 2871 4515 [Β.
2905 4439 2986 4495 St.
3021 4438 3149 4513 16.]

2060 4536 2138 4592 De
2180 4536 2572 4603 Valentiniano,
2621 4537 2712 4608 qui
2743 4542 2926 4606 postea
2962 4531 3183 4601 imperio
3215 4528 3413 4600 potitus
3441 4536 3541 4583 est.

409 4687 520 4741 Καὶ
549 4687 656 4758 γὰρ
689 4689 1091 4753 Βαλεντινιανὸς
1121 4662 1166 4721 οδ
1199 4690 1424 4756 ἐκεῖνος,
1455 4692 1484 4745 6
1525 4694 1722 4766 μικρὸν
1759 4694 1912 4750 ὓστε-

2059 4697 2195 4753 Nam
2218 4707 2272 4754 et
2288 4694 2705 4753 Valentinianus
2722 4693 2835 4757 ille,
2856 4690 2950 4763 qui
2970 4688 3134 4762 paulo
3155 4695 3279 4758 post
3299 4683 3590 4757 imperium

338 4794 434 4849 ρον
463 4778 807 4849 βασιλεύσας,
825 4782 1101 4854 χιλίαρχος
1120 4781 1177 4836 δὲ
1207 4778 1275 4854 ἦν
1303 4784 1628 4854 τηνικαῦτα,
1654 4787 1766 4842 τῶν
1788 4790 1912 4861 περὶ

2020 4789 2279 4855 obtinuit,
2315 4796 2444 4843 tunc
2466 4794 2646 4842 autem
2677 4785 2935 4843 tribunus
2963 4788 3104 4848 erat,
3128 4780 3378 4843 hastatos
3396 4789 3592 4845 regens

333 4869 412 4923 τὰ
441 4868 690 4940 βασίλεια
741 4873 1091 4943 τεταγμένων
1139 4873 1486 4947 λογχοφόρων
1512 4876 1836 4949 ἡγούμενος,
1860 4878 1912 4933 δν

2022 4884 2115 4956 qui
2150 4878 2462 4935 militabant
2493 4876 2547 4932 in
2596 4876 2822 4947 palatio,
2857 4871 3074 4954 pietatis
3125 4871 3328 4934 zelum,
3357 4879 3466 4938 quo
3496 4865 3595 4956 lla-

335 4956 489 5030 εἶχεν
515 4961 658 5033 ὑπὲρ
685 4964 782 5033 τῆς
812 4963 1094 5028 εὐσεϐείας
1114 4965 1214 5020 οὐκ
1248 4963 1533 5037 ἀπέκρυψε
1564 4966 1610 4999 ⁸⁸
1638 4965 1822 5039 ζῆλον.
1859 4970 1912 5024 '0

2024 4954 2238 5043 grabat,
2270 4968 2497 5023 minime
2539 4964 2931 5021 dissimulavit.
2964 4960 3099 5016 Nam
3132 4974 3256 5017 cum
3286 4971 3476 5013 amens
3504 4954 3597 5009 ille

337 5051 447 5125 μὲν
471 5052 582 5125 γάρ
604 5053 969 5129 ὲμϐρόντητος
998 5059 1203 5122 ἐκεῖνος
1232 5058 1313 5122 είς
1337 5057 1398 5111 τὸ
1421 5058 1519 5129 τῆς
1541 5057 1723 5131 Τύχης
1755 5060 1912 5132 τέμε-

2025 5061 2080 5116 in
2114 5060 2302 5115 fanum
2331 5057 2588 5112 Fortunae
2615 5054 2928 5127 tripudians
2959 5059 3106 5109 esset
3134 5050 3511 5122 ingressurus,
3541 5049 3597 5099 et

414 5241 445 5273 ο
468 5234 489 5292 l
514 5234 642 5292 Cor.
667 5251 723 5304 κ,
762 5234 854 5291 25.
929 5245 957 5286 P
982 5234 1265 5307 Supplem.
1294 5235 1362 5291 ad
1394 5234 1532 5292 Dan.
1563 5251 1649 5302 ιιι,
1681 5236 1738 5301 8,
1769 5236 1857 5293 vel
1890 5237 1981 5292 52.

1626 5355 1862 5413 VARI/1'3
1904 5353 2311 5413 LECTIONES.

410 5451 462 5484 ⁸⁸
492 5451 831 5533 πεζέταιροι.
897 5450 1061 5507 Basil.
1094 5450 1214 5517 Gr.,
1250 5448 1367 5533 [fini
1396 5457 1451 5506 et
1479 5451 1667 5509 Savilii
1700 5455 1922 5517 rectius,
1972 5453 2128 5524 prob.
2181 5449 2417 5533 Valesio:
2505 5450 2548 5483 ⁸⁸
2570 5449 2888 5572 ἐχρίήσαντο.
2946 5443 3256 5527 Βοείιηϐτ.
3331 5444 3375 5527 ξ’
3408 5442 3604 5528 ἐκείνῳ

419 5541 469 5572 m
498 5525 622 5572 cod.
680 5521 797 5572 l’im
851 5520 1066 5572 praefert
1117 5520 1401 5572 Valesms:
1453 5521 1615 5572 iduue
1675 5527 1988 5572 cnnlirnmri
2036 5532 2213 5572 potest
2266 5539 2298 5572 ιε
2356 5518 2580 5572 Nicenh.
2690 5559 2705 5572 .
2750 5534 2801 5572 c.
2850 5515 2938 5572 12.
2969 5524 3025 5570 et
3050 5514 3247 5572 Emnh.
3279 5512 3420 5569 Hist.
3478 5526 3603 5572 trm.

337 5541 470 5581 cum
498 5512 622 5578 cod.
680 5512 797 5575 l’ini
850 5520 1066 5591 praefert
1117 5512 1402 5591 Valesius;
1453 5521 1615 5591 idque
1675 5512 1990 5580 continuari
2036 5532 2213 5591 potest
2266 5539 2315 5591 e7
2344 5512 2705 5591 _Niceph."X,
2750 5534 2801 5591 ο.
2850 5515 2938 5591 12,
2969 5524 3025 5570 et
3050 5514 3247 5591 Epiph:
3279 5512 3603 5591 Hjst._trig',

339 5595 439 5656 Vl,
475 5592 563 5649 54.
643 5591 683 5625 ⁸⁸
719 5608 781 5658 γε
802 5583 972 5646 addit.
1007 5590 1171 5662 Basil.
1205 5590 1300 5645 Gr.
1378 5583 1423 5662 ξ’
1454 5583 1693 5662 πόματα.
1745 5593 1914 5647 Idem.
1994 5583 2229 5662 deum;
2256 5589 2406 5662 addit
2428 5583 2729 5662 idemgcum
2759 5589 3064 5662 Steph-an.“
3100 5583 3404 5662 “3900mm.
3434 5583 3603 5662 Basil.

338 5653 525 5719 Crine.
603 5663 647 5694 "
676 5653 1022 5732 Μαξιμιάνος
1050 5661 1205 5732 idem
1234 5676 1356 5732 cum
1384 5653 1571 5732 Steph.
1650 5662 1695 5695 “
1722 5662 1796 5732 ὡς
1824 5663 1979 5717 abest
2012 5677 2041 5717 a
2074 5653 2243 5732 Basil.
2289 5660 2383 5716 Gr.
2460 5653 2871 5732 '1_&Eu_t)1i_tw_y:
2921 5654 3089 5732 Ιξειεὶιἶ
3140 5653 3259 5732 Gr._
3275 5653 3605 5732 ἀξιωμάτων

340 5734 469 5791 Pini
496 5742 549 5788 et
585 5733 757 5786 Savil.
783 5724 974 5786 codex.
1006 5729 1389 5800 ἀξιωματικῶν
1419 5724 1669 5789 rescribit
1692 5724 1962 5791 Valesius.
2045 5731 2090 5766 ⁸⁸
2116 5728 2579 5793 Οὐαλεντινιανός.
2612 5727 2774 5784 Basil.
2796 5724 2915 5793 Gn,
2938 5724 3206 5796 Stephan.
3247 5724 3321 5778 Ita
3361 5732 3412 5779 ct
3442 5726 3602 5796 paufo

345 5814 498 5878 post.
568 5803 613 5836 ‘9
642 5803 701 5856 οὐ
737 5800 1064 5873 κατέκρυψε.
1104 5799 1266 5856 Basil.
1301 5799 1394 5854 Gr.
