4124 6408
488 384 621 452 1107

1480 384 1972 448 THEODORETI
2004 382 2345 447 EPISCOPI
2383 383 2751 448 CYRENSIS

3628 384 3764 454 1103

488 507 554 563 ad
581 506 784 576 januas
810 504 974 577 932
1005 501 1264 574 utrinque
1295 504 1531 559 neocori
1544 504 1942 567 consisterent,
1973 500 2071 574 qui

2189 517 2264 565 ιος
2288 504 2463 573 εἰσῄει
2484 505 2751 574 χορεύων*
2778 500 3122 572 ἑκατέρωθεν
3149 502 3205 557 δὲ
3237 504 3346 558 τῶν
3380 501 3561 574 θυρῶν
3584 503 3767 574 εἱστή-

491 605 834 657 introeuntes
880 598 1298 670 aspersionibus
1341 596 1650 666 expiarent,
1705 602 1765 650 ut
1792 595 2075 651 existima-

490 694 644 761 bant,
696 693 1084 764 imperatorem
1135 689 1466 747 antecedens
1497 687 1942 752 Valentinianus,
1993 687 2075 744 rei

491 785 656 853 hujus
685 783 861 855 gratia
892 792 1189 853 utrumque
1219 782 1510 853 imperium
1565 788 1925 844 consecutus,
1956 789 2076 852 gut-

493 888 599 931 tam
631 890 786 946 aqua:
828 873 1106 947 cblamydi
1148 888 1261 931 suae
1316 888 1600 944 aspersam
1654 890 1783 929 cum
1838 874 2071 941 videret,

492 984 675 1040 pugno
690 968 1231 1033 ceciditneocorum,
1252 967 1525 1039 pollutum
1556 982 1617 1024 se
1648 966 1823 1023 fuisse
1854 964 2072 1032 dicens,

2179 595 2727 667 κεισαν.νεωκόροι,
2783 596 3269 668 ¹ιτεριῤῥαντηρίοις
3319 595 3447 659 τοὺς
3495 596 3766 658 εἰσιόντας

2177 686 2665 757 προκαθαίροντες,
2687 685 2839 761 [I39]
2862 687 2937 751 ὡς
2958 686 3230 759 ὲνόμιζοψ
3261 686 3450 757 ἐπειδὴ
3469 686 3526 740 δὲ
3540 685 3633 740 τοῦ
3664 685 3765 757 βα-

2179 775 2371 842 σιλέως
2402 777 2706 850 ἡγούμενος
2744 782 2814 850 τῇ
2856 776 3062 849 χλανίδι
3088 777 3277 849 ρανίδα
3317 777 3634 831 πελάσασαν
3656 771 3763 829 εἶδε

2176 867 2605 935 Βαλεντινιανδς,
2624 872 2654 924 ό
2707 870 2985 941 βασιλείας
3014 869 3282 941 ἑκατέρας
3311 870 3473 941 χάριν
3497 870 3544 901 ’θ
3572 867 3765 922 τούτου

2175 954 2512 1032 τετυχηκῶς,
2545 960 2653 1029 πὺξ
2708 962 2902 1016 ἔπαισε
2958 960 3051 1015 τδν
3107 960 3397 1032 νεωκόρον,
3433 960 3765 1031 μεμολύνθαι

490 1077 601 1117 non
634 1069 949 1133 purgatum.
984 1062 1104 1128 Quo
1151 1067 1453 1131 conspecto
1484 1057 1917 1117 scelestissimus
1947 1071 2072 1111 eum

2189 1056 2378 1127 ρήσας,
2409 1055 2469 1108 οὐ
2517 1054 2880 1126 κεκαθάρθαι.
2908 1043 3259 1126 Θεέσάμενος
3289 1054 3348 1108 δὲ
3377 1054 3439 1107 τὸ
3481 1052 3704 1122 γεγονὸς
3737 1053 3770 1104 ό

490 1153 559 1209 ad
588 1153 883 1210 castellum
918 1152 1192 1225 quoddam
1225 1152 1280 1207 in
1312 1150 1611 1209 solitudine
1662 1149 1826 1205 silum
1860 1150 2076 1218 relega-

2178 1144 2464 1215 ὲξάγιστος
2493 1145 2560 1214 τί,
2589 1146 2671 1210 είς
2711 1145 2970 1218 φρούριον
3019 1145 3183 1200 αὑτὸν
3221 1145 3375 1218 παρά
3419 1144 3522 1216 τὴν
3561 1144 3771 1217 ἔρημον

491 1246 590 1312 vit,
624 1244 813 1315 ibique
869 1259 1097 1299 manere
1151 1242 1345 1313 jussit.
1376 1240 1449 1296 At
1476 1238 1899 1296 Valentinianus
1952 1244 2078 1307 post

2189 1237 2434 1308 κείμενον
2479 1237 2807 1309 ἐξέπεμψεν,
2857 1237 3044 1292 αὐτόθι
3095 1238 3304 1306 διάγειν
3356 1236 3767 1309 προστεταχὼς.

491 1352 699 1392 annum
731 1343 787 1392 et
817 1335 1030 1406 aliquot
1060 1348 1301 1399 menses,
1322 1330 1689 1388 confessionis
1720 1344 1835 1385 suae
1866 1342 2077 1384 merce-

2192 1319 2335 1383 Ἀλλ“
2371 1331 2580 1394 ἐκεῖνος
2608 1332 2708 1399 μὲν
2741 1332 2991 1385 ἐνιαυτοῦ
3025 1331 3119 1385 καὶ
3160 1329 3345 1402 μηνῶν
3378 1329 3772 1400 διεληλυθότων

492 1425 616 1479 dem
648 1424 942 1495 imperium
973 1422 1206 1494 adeptus
1251 1430 1355 1479 est.
1386 1419 1507 1476 Non
1538 1420 1685 1477 enim
1719 1419 1809 1474 illa
1863 1427 2074 1473 tantum

2189 1419 2398 1489 ὀλίγων,
2433 1420 2625 1492 μισθὸν
2647 1422 2747 1492 τῆς
2770 1421 3061 1493 ὁμολογίας
3091 1421 3192 1493 τὴν
3221 1420 3499 1492 βασιλείαν
3526 1420 3767 1484 ἐδέξατο.

495 1522 554 1572 in
580 1517 690 1571 vita
740 1517 863 1586 pios
893 1516 1147 1571 honestat
1172 1514 1359 1585 justus
1384 1513 1574 1583 judex,
1610 1512 1706 1569 sed
1756 1518 2077 1569 sanctorum

2189 1510 2257 1564 Οὐ
2285 1511 2395 1580 γὰρ
2445 1511 2606 1582 μόνον
2632 1514 2690 1566 ἐν
2719 1512 2913 1584 ἐκείνῳ
2936 1512 3016 1584 τῷ
3044 1512 3143 1584 βίῳ
3162 1513 3288 1576 τοὺς
3321 1511 3430 1566 τῶν
3460 1512 3621 1565 θείων
3648 1514 3772 1565 tm-

496 1609 747 1664 iaborum
780 1606 1002 1678 praemia
1038 1605 1316 1661 interdum
1347 1610 1532 1661 statim
1582 1602 1826 1685 exhibet,
1858 1601 2078 1657 collatis

491 1704 605 1772 jam
637 1701 801 1757 donis
838 1700 1151 1755 futurorum
1207 1712 1361 1769 spem
1391 1697 1750 1754 conlirmans.
1782 1693 1956 1750 Porro
2000 1700 2080 1765 ty-

497 1808 707 1847 rannus
735 1791 884 1846 aliud
905 1806 1126 1861 quoque
1149 1789 1417 1845 adversus
1447 1787 1704 1859 pietatem
1728 1787 1956 1844 molitus
1971 1793 2076 1841 est.

2186 1599 2517 1672 μελομένους
2537 1602 2567 1653 δ
2589 1601 2797 1666 δίκαιος
2816 1601 3067 1674 γεραίρει
3094 1601 3315 1672 κριτής·
3359 1600 3474 1654 ἀλλ’
3504 1599 3651 1653 ἔστιν
3679 1601 3771 1653 ὅτε

2183 1692 2279 1746 καὶ
2306 1693 2622 1763 παραυτίκα
2668 1694 2776 1747 τῶν
2798 1692 3021 1762 ἀγαθῶν
3052 1693 3230 1747 πόνων
3258 1692 3438 1763 ὀρέγει
3488 1692 3588 1756 τὰς
3618 1692 3771 1746 άντιο

2183 1781 2361 1848 δόσεις
2391 1784 2460 1851 τ’,
2484 1786 2607 1849 ταῖς
2652 1784 2780 1856 ἄρτι
2815 1785 3256 1858 χορηγουμέναις
3303 1785 3533 1856 δωρεαῖς
3552 1784 3651 1848 τὰς
3681 1785 3773 1837 ἐλ-

499 1885 634 1940 Nam
655 1899 781 1940 cum
814 1883 1153 1938 militaribus
1181 1880 1431 1937 numeris
1459 1895 1654 1935 aurum
1674 1879 1904 1949 antiquo
1929 1891 2080 1933 more

2189 1875 2488 1947 πιξομένας
2512 1877 2891 1947 πιστούμενος.
2935 1880 2996 1933 Ὀ
3026 1879 3085 1933 δὲ
3133 1882 3397 1951 τύραννος
3436 1879 3533 1931 καὶ
3582 1878 3774 1948 ἕτερον

496 1974 786 2038 divideret,
820 1985 986 2045 atque
1014 1973 1070 2028 in
1103 1972 1240 2028 solio
1272 1971 1426 2043 regio
1457 1970 1579 2041 ipse
1610 1968 1956 2033 consideret,
1987 1979 2082 2021 ara

497 2082 623 2123 cum
656 2065 849 2136 prunis
897 2072 1097 2134 praeter
1139 2077 1348 2118 morem
1397 2060 1677 2132 opposita,
1712 2068 1769 2116 et
1820 2059 1987 2114 thure
2030 2058 2084 2113 in

500 2174 692 2215 mensa
723 2157 1031 2229 prOposito,
1064 2155 1346 2227 praecepit,
1372 2163 1433 2210 ut
1455 2155 1550 2225 qui
1572 2169 1775 2209 aurum
1800 2150 2085 2223 accepturi

499 2256 680 2314 erant,
711 2246 913 2319 singuli
944 2245 1074 2302 thus
1104 2245 1160 2299 in
1192 2260 1343 2299 arant
1376 2247 1395 2268 ‘
1430 2244 1585 2314 prius
1617 2232 1936 2313 injicerent,
1968 2238 2107 2295 tum

502 2334 702 2391 deinde
731 2350 926 2390 aurum
954 2349 1020 2389 ex
1052 2332 1229 2404 ipsius
1258 2331 1451 2387 dextra
1483 2337 1788 2388 sumerent.
1808 2327 1962 2384 ilanc
1992 2327 2089 2383 de-

501 2427 740 2499 eipulam
773 2425 1019 2498 plerique
1047 2438 1279 2495 prorsus
1307 2423 1637 2505 ignorarunt
1671 2440 1685 2477 :
1716 2421 1808 2492 qui
1842 2427 1970 2475 ante
1996 2432 2092 2475 co-

501 2528 760 2593 gnorant,
792 2519 1048 2575 morbum
1080 2518 1431 2582 simulantes,
1466 2531 1609 2573 saeva
1648 2515 1742 2571 illa
1793 2515 1930 2571 retia
1961 2528 2091 2569 eva-

504 2619 719 2669 serunt.
750 2611 861 2665 Alii
915 2610 1161 2680 pecuniae
1233 2614 1549 2678 appetentes
1618 2607 1852 2662 salutem
1932 2619 2091 2661 suam

506 2703 865 2774 neglexerunt
899 2718 913 2756 :
946 2700 1039 2756 alii
1072 2699 1371 2756 timiditate
1413 2699 1674 2769 pietatem
1706 2696 2092 2768 prodiderunt.

2184 1967 2330 2022 κατὰ
2352 1967 2453 2039 τῆς
2470 1968 2754 2034 εὐσεϐείας
2778 1970 2968 2041 ἐξεῦρε
2989 1969 3205 2042 μηχάνη
3216 1987 3310 2041 μα.
3325 1970 3452 2033 Τοῖς
3479 1968 3588 2038 γὰρ
3616 1984 3777 2039 στρα-

2184 2062 2461 2124 τιωτικοῖς
2488 2060 2811 2129 καταλόγοις
2841 2061 2985 2116 κατὰ
3004 2062 3066 2116 τὸ
3096 2060 3331 2116 παλαιὸν
3352 2060 3472 2125 ἔθος
3500 2061 3774 2131 διανέμων

2186 2150 2429 2221 χρυσίον,
2460 2150 2697 2222 ἐκάθητο
2725 2152 2771 2184 ⁷³
2803 2153 2902 2224 μὲν
2938 2152 3099 2216 αὐτὸς
3132 2153 3226 2206 ἐπὶ
3249 2151 3442 2223 θρόνου
3467 2150 3773 2222 βασιλικοῶ

2186 2239 2465 2313 προῦθηκε
2497 2241 2553 2295 δὲ
2590 2242 2739 2314 παρὰ
2762 2244 2824 2297 τδ
2856 2243 2977 2309 ἔθος
3023 2243 3207 2315 βωμὸν
3237 2243 3523 2316 ἀνθράκων
3568 2243 3776 2315 πλήρη,

2190 2337 2285 2392 καὶ
2316 2337 2612 2392 λιϐανωτὸν
2664 2339 2758 2392 ἐπί
2802 2356 2952 2403 τινος
2993 2339 3275 2411 τραπέζης
3322 2336 3675 2410 παρεπέθηκε
3705 2337 3776 2402 ⁷³,

2191 2430 2494 2504 προσέταξε
2543 2430 2601 2485 δὲ
2635 2430 2742 2485 τῶν
2772 2432 2833 2486 τὸ
2885 2433 3107 2504 χρυσίον
3136 2430 3516 2504 κομιζομένων
3544 2429 3781 2483 ἕκαστον

2194 2520 2461 2592 πρότερον
2502 2521 2782 2576 ἐπιϐαλεῖν
2815 2521 2896 2593 τῷ
2941 2521 3113 2594 βωμῷ
3146 2523 3239 2577 τὸν
3288 2520 3607 2583 λιϐανωτὸν,
3656 2515 3780 2572 εἶτα

2193 2611 2255 2664 τὸ
2315 2613 2538 2683 χρυσίον
2591 2614 2743 2678 παρὰ
2801 2614 2902 2686 τῆς
2954 2613 3120 2669 αὐτοῦ
3179 2612 3511 2686 κομίσασθαι
3575 2612 3779 2676 δεξιᾶς.

2198 2701 2368 2773 Τήνδε
2401 2703 2500 2776 τὴν
2554 2705 2736 2777 πάγην
2769 2706 2819 2759 οί
2855 2705 3100 2761 πλεῖστοι
3138 2706 3237 2778 μὲν
3265 2706 3540 2778 ἠγνόησαν
3584 2721 3786 2758 παντε-

503 2794 647 2861 λῶςο
707 2795 760 2850 οἱ
802 2793 858 2849 δὲ
901 2792 1414 2864 προμεμαθηκότες,
1462 2790 1800 2864 σκηψάμενοι
1853 2790 2008 2845 νόσον
2068 2791 2165 2863 τὴν
2207 2795 2449 2868 χαλεπὴν
2502 2799 2718 2871 ἐκείνην
2772 2800 3027 2870 διέφυγον
3090 2800 3284 2873 θήραν.
3320 2801 3504 2854 ’Ἄλλοι
3553 2798 3611 2852 δὲ
3670 2796 3787 2851 τῶν

505 2889 804 2962 χρημάτων
853 2887 1215 2961 ὀρεγόμενοι,
1267 2887 1367 2958 τῆς
1419 2887 1691 2958 σφετέρας
1725 2885 2088 2958 ὠλιγώρησαν
2112 2889 2159 2920 ⁷³
2200 2893 2520 2964 σωτηρίας·
2572 2895 2752 2966 ἕτεροι
2799 2896 2858 2950 δι
2891 2896 3064 2969 δειλίᾳ
3113 2896 3435 2970 προῦδωκαν
3475 2895 3573 2967 τὴν
3625 2891 3785 2948 εὐσέ-

503 2985 675 3040 ϐειαν.

747 3078 913 3153 933
944 3076 1099 3134 CAP.
1135 3076 1274 3134 xm.
1315 3076 1420 3151 [γ.
1455 3077 1544 3132 n.
1567 3077 1669 3133 cn.
1704 3075 1837 3147 ιιι]

968 3172 1045 3228 De
1069 3174 1194 3228 aliis
1214 3171 1626 3242 confessoribus.

2787 3079 3043 3133 ΚΕΦΑΛ.
3106 3077 3206 3137 ll".

2505 3170 2645 3241 Περὶ
2671 3170 2792 3225 τῶν
2835 3170 3042 3226 ἄλλων
3072 3170 3475 3242 όμολογητῶιο.

575 3265 708 3322 Post
759 3257 1055 3320 exitiosam
1112 3262 1263 3316 illam
1315 3261 1561 3332 pecunia:
1614 3259 2086 3327 distributionem,

2268 3265 2424 3321 Μετὰ
2457 3264 2640 3337 μέντοι
2686 3262 2786 3334 τὴν
2816 3262 3069 3335 ὀλεθρίαν
3097 3262 3313 3336 ἐκείνην
3342 3264 3451 3317 τῶν
3480 3263 3788 3337 χρημάτων

506 3354 762 3413 nonnulli
789 3368 858 3411 ex
889 3352 960 3408 iis
986 3352 1078 3423 qui
1110 3366 1307 3406 aurum
1331 3358 1682 3421 acceperant,
1713 3352 1770 3406 in
1796 3352 2092 3407 contuber-

509 3449 601 3503 nio
630 3445 868 3518 quodam
898 3458 1009 3499 una
1040 3443 1498 3499 convivabantur.
1532 3442 1738 3499 Horum
1770 3458 1915 3500 unus
1943 3458 2097 3500 sum-

512 3548 606 3610 pto
636 3536 860 3609 poculo,
892 3548 1005 3590 non
1045 3534 1202 3605 prius
1233 3534 1391 3602 bibit,
1414 3549 1579 3605 quam
1604 3533 1847 3590 salutare
1868 3534 2091 3606 signum

509 3631 873 3704 imprimeret.
904 3627 1026 3696 Quo
1057 3628 1200 3695 viso,
1250 3643 1374 3684 cum
1410 3627 1722 3699 increparet
1751 3627 1904 3682 illum
1958 3626 2096 3682 alter

508 3725 785 3796 quispiam
817 3724 885 3780 de
913 3722 1185 3788 convivis,
1216 3728 1273 3778 et
1313 3722 1417 3778 hoc
1464 3721 1807 3777 contrarium
1839 3720 1890 3777 ei
1944 3718 2094 3791 quod

509 3819 675 3889 paulo
728 3824 857 3873 ante
884 3823 1132 3891 gesserat
1163 3816 1373 3872 diceret
1426 3830 1571 3881 esse,
1605 3814 1822 3885 roganti
1878 3813 2012 3886 quid
2042 3811 2097 3868 id

508 3919 655 3969 esset
678 3910 825 3983 quod
855 3910 1199 3966 contrarium
1224 3908 1543 3980 appellaret,
1577 3908 1668 3964 ille
1697 3923 1869 3974 aram,
1890 3917 1948 3963 et
1968 3906 2097 3963 thus

509 4012 565 4061 et
592 4013 843 4076 negatam
872 4002 1033 4058 ﬁdem
1060 4002 1514 4057 commemoravit
1546 4019 1559 4056 :
1595 4002 1709 4058 haec
1738 4001 1885 4058 enim
1930 3998 2096 4055 Chri-

511 4099 706 4161 stiana:
734 4095 1076 4153 confessioni
1113 4088 1392 4150 contraria
1421 4110 1564 4151 esse.

583 4276 670 4351 [Β.
687 4274 769 4334 St.
791 4275 904 4350 17.]
928 4274 1143 4343 Quibus
1163 4274 1388 4344 auditis,
1410 4273 1725 4346 complures
1742 4272 2096 4329 convivarum

513 4371 725 4442 ejulare
776 4375 832 4425 et
875 4367 1166 4425 lamentari
1216 4382 1487 4440 coepere:
1547 4367 1830 4437 vulsisque
1885 4367 2100 4436 capillis

2195 3357 2478 3430 διανομὴν,
2528 3357 2585 3411 ἐν
2636 3373 2742 3410 τινι
2794 3354 3055 3427 συσσιτίῳ
3104 3356 3250 3420 τινὲς
3298 3355 3410 3410 τῶν
3452 3356 3513 3410 τὸ
3558 3357 3784 3429 χρυσίον

2195 3449 2499 3522 εἰληφότων
2524 3449 2667 3503 κατὰ
2686 3447 2883 3502 ταύτὸν
2907 3447 3209 3507 εἱστιῶντο.
3232 3447 3451 3504 Τούτων
3473 3446 3553 3513 εἷς
3582 3448 3786 3520 φιάλην

2195 3543 2511 3615 δεξάμενος,
2538 3542 2599 3598 οὐ
2621 3543 2888 3615 πρότερον
2917 3541 3061 3609 ἔπιε,
3090 3541 3221 3614 πρὶν
3249 3541 3346 3612 τὴν
3371 3543 3638 3614 σωτήριον
3666 3542 3788 3595 ἐπι-

2197 3634 2371 3690 θεῖναι
2391 3634 2682 3705 σφραγῖδα.
2723 3631 2881 3697 Τινδς
2916 3632 2972 3687 δὲ
3012 3631 3120 3685 τῶν
3153 3633 3422 3686 συσσίτων
3462 3631 3786 3702 ἐπιμεμψα-

2200 3727 2387 3801 μένου,
2427 3728 2521 3782 καὶ
2566 3728 2839 3798 φήσαντος
2883 3723 3125 3779 ἐναντίον
3159 3719 3302 3778 εἶναι
3352 3722 3511 3777 τοῦτο
3554 3723 3632 3795 τῷ
3677 3723 3785 3796 πρὸ

2199 3817 2447 3890 βραχέως
2478 3818 2836 3891 γεγενημένῳ
2883 3818 2949 3881 ⁷⁸,
2985 3818 3150 3889 ἤρετο
3189 3817 3396 3881 ἐκεῖνος
3444 3816 3496 3871 τί
3545 3817 3652 3871 τῶν
3691 3818 3785 3871 ὑπ’

2197 3911 2367 3969 αὐτοῦ
2414 3913 2825 3984 πεπραγμένων
2868 3911 3139 3983 κέκληκεν
3185 3911 3449 3964 ἐναντίον.
3488 3911 3548 3964 Ὀ
3588 3911 3645 3965 δὲ
3688 3909 3786 3964 τοῦ

2201 4004 2411 4079 βωμοῦ,
2460 4004 2557 4060 καὶ
2598 4003 2694 4059 τοῦ
2740 4000 3061 4069 λιϐανωτοῦ,
3112 4002 3206 4056 καὶ
3251 4002 3350 4074 τῆς
3404 4000 3782 4072 γεγενημένης

2198 4101 2482 4172 ἀρνήσεως
2504 4098 2787 4170 ὑπέμνησε
2816 4096 2885 4129 ⁷⁷⁸
2915 4092 3089 4148 ταῦτα
3130 4094 3239 4166 γὰρ
3266 4092 3365 4164 τῆς
3389 4093 3433 4146 Χ
3441 4091 3785 4165 ριστιανικῆς

2199 4189 2490 4263 ὁμολογίας
2517 4189 2787 4243 ἀντίπαλα
2819 4188 2885 4243 ⁷⁸.

2273 4281 2493 4336 Τούτων
2525 4280 2860 4343 ἀκούσαντες
2896 4278 3004 4333 τῶν
3048 4276 3397 4347 ἑστιωμένων
3442 4277 3491 4330 οἱ
3546 4276 3787 4339 πλείους,

2202 4372 2546 4440 ἀνωλόλυξαν
2594 4389 2655 4425 τε
2701 4372 2796 4426 καὶ
2840 4371 3224 4442 ὠλοφύραντο,
3272 4371 3367 4425 καὶ
3425 4370 3627 4434 πολλάς
3680 4369 3788 4422 τῶν

486 4460 772 4518 'cxsiliere
817 4459 886 4516 de
945 4459 1217 4526 convivio,
1269 4469 1320 4516 et
1365 4460 1543 4515 l'orum
1594 4457 2086 4515 circumcursantes

2204 4459 2460 4532 κεφαλῶν
2512 4460 2891 4524 ἀποτίλλοντες
2910 4461 2959 4493 ⁷⁸
2986 4460 3198 4531 τρίχας.
3245 4460 3403 4525 ἐξανέ
3417 4461 3622 4533 στησάν
3652 4478 3710 4513 τε
3737 4460 3790 4492 ⁸ο

513 4553 857 4610 Christianos
911 4568 972 4610 se
1023 4568 1144 4610 esse
1197 4552 1591 4617 inclamabant,
1622 4566 1683 4607 se
1732 4550 2086 4622 imperatoriis

2201 4552 2298 4609 τοῦ
2335 4552 2659 4626 συμποσίου,
2712 4553 2807 4608 καὶ
2837 4553 2925 4608 διὰ
2969 4554 3069 4624 τῆς
3112 4555 3317 4626 ἀγορᾶς
3364 4553 3601 4621 θέοντες,
3648 4555 3787 4625 Χρι-

516 4643 805 4701 fraudibus
820 4644 1231 4701 circumventos
1250 4642 1581 4714 palinodiam
1599 4656 1817 4708 canere,
1835 4656 2086 4713 pugnam

2212 4648 2420 4704 στιανοί
2443 4665 2504 4702 τε
2535 4643 2676 4702 εἶναι
2715 4646 2906 4714 ἐϐόων,
2943 4647 3039 4702 καὶ
3078 4646 3376 4718 βασιλικοῖς
3412 4645 3562 4719 [140]
3606 4662 3790 4717 παρα-

513 4753 622 4810 que
652 4737 709 4793 in
739 4753 845 4811 qua
878 4753 974 4810 per
1006 4736 1375 4809 ignorantiam
1405 4734 1736 4791 cecidissent
1760 4735 2086 4808 redintegra-

2203 4739 2537 4814 κεκροῦσθαι
2571 4739 2935 4811 τεχνάσμασι,
2980 4738 3076 4792 καὶ
3124 4737 3452 4809 παλινῳδίαν
3482 4737 3649 4811 ᾅδειν,
3697 4737 3790 4791 καὶ

396 4828 401 4833 ’
514 4838 690 4887 turos.
748 4830 885 4888 Cum
931 4831 1021 4886 bis
1061 4829 1402 4885 clamoribus
1435 4828 1491 4904 in
1553 4829 1815 4901 palatium
1870 4844 2086 4901 propere

2200 4836 2302 4906 τὴν
2341 4831 2401 4900 ἐξ
2423 4833 2647 4903 ἀγνοίας
2680 4831 2972 4904 συμϐᾶσαν
3003 4825 3176 4903 ἧτταν
3210 4829 3593 4885 ἀναπαλαίειν.
3633 4829 3788 4883 Μετὰ

512 4924 872 4993 contendunt,
891 4922 1160 4980 adversus
1178 4924 1396 4997 tyranni
1419 4924 1690 4980 versutias
1711 4922 2086 4979 vociferantes

2200 4927 2407 4982 τούτων
2440 4926 2655 4990 θέοντες
2714 4924 2823 4978 τῶν
2879 4923 3017 4995 βοῶν
3055 4922 3356 4978 κατέλαϐον
3404 4923 3473 4978 τά
3521 4920 3786 4994 βασίλεια,

513 5018 653 5074 etin
686 5017 868 5091 ignem
908 5032 969 5073 se
998 5016 1199 5087 conjici
1231 5015 1596 5086 postulantes,
1645 5025 1704 5070 ut
1742 5016 1866 5087 igne
1909 5014 2084 5086 pollut

2203 5018 2313 5072 τῶν
2367 5018 2462 5072 τοῦ
2524 5016 2789 5089 τυράννου
2840 5014 3191 5086 σοφισμάτων
3240 5014 3638 5081 καταϐοῶντες,
3694 5013 3790 5068 καὶ

515 5110 622 5166 alio
652 5110 779 5182 igne
804 5116 1192 5181 repurgentur.
1217 5107 1344 5165 Haec
1385 5109 1461 5163 illi
1494 5117 1549 5165 et
1570 5108 1775 5164 similia
1802 5107 2080 5178 jactantcs

2210 5109 2348 5183 πυρὶ
2379 5108 2752 5181 παραδοθῆναι
2791 5106 3257 5179 παρακαλοῦντες,
3309 5107 3396 5161 ἵνα
3442 5106 3577 5175 πυρὶ
3627 5122 3789 5176 μιαν-

516 5202 735 5258 scelesti
769 5203 917 5259 illius
955 5201 1201 5257 animum
1234 5201 1558 5268 etferaruut,
1599 5200 1696 5271 qui
1731 5216 1856 5254 mox
1903 5213 2086 5268 ampu‘

2209 5200 2392 5263 θέντες
2435 5198 2525 5254 διὰ
2580 5198 2754 5270 πυρὸς
2813 5198 3002 5270 ἑτέρου
3052 5197 3154 5268 τὴν
3195 5195 3463 5269 κάθαρσιν
3508 5195 3785 5263 δέξωνται.

515 5295 619 5351 tari
651 5296 733 5381 eis
766 5296 948 5367 capita
968 5296 1152 5367 jussit.
1186 5295 1324 5352 Cum
1344 5306 1503 5353 extra
1526 5294 1716 5350 urbem
1742 5293 2086 5357 ducerentur,

2207 5294 2395 5349 Ταῦτα
2452 5293 2548 5348 καὶ
2598 5293 2699 5348 ὅσα
2754 5291 2966 5356 τούτοις
3024 5291 3327 5364 προσόμοια
3379 5290 3510 5364 παρ’
3567 5288 3787 5344 ἐκείνων

1819 5405 2053 5463 VARle
2094 5404 2497 5464 LEliTlONES.

587 5567 639 5599 ἀ
657 5565 845 5640 τούτου
880 5566 1060 5640 χάριν.
1090 5567 1260 5640 Basil.
1422 5583 1546 5640 cum
1571 5564 2096 5640 Δ(31]ι’ᾒιοριιοςεοιιο.
2139 5567 2207 5640 ςη
2242 5564 2620 5640 ἐναγέστατος.
2648 5563 2972 5640 _Basil._Gr.__
3023 5565 3067 5640 "_’
3094 5564 3302 5634 ἀγαθὰς
3321 5564 3496 5640 digitio.
3526 5563 3786 5640 Casaub.,

516 5637 831 5707 Christopb.
882 5633 967 5692 δι’
992 5638 1195 5726 δεοιίς.
1294 5638 1339 5673 ⁷³
1361 5635 1653 5718 ὲκαθέσθη.
1698 5633 1865 5690 Basil.
1899 5635 1993 5691 Gr.
2042 5645 2096 5693 rt
2134 5636 2324 5704 Steph.
2355 5633 2361 5634 ί
2439 5638 2485 5668 ⁷⁸
2518 5635 2799 5707 παρέθηκε
2831 5635 2996 5689 Basil.
3023 5633 3150 5701 Gn,
3187 5637 3332 5705 quod
3365 5633 3584 5689 Valesio
3616 5637 3790 5705 magis

517 5710 714 5764 placet.
813 5707 859 5737 ⁷⁸
887 5706 1376 5764 καθωλιγωοησαν.
1403 5707 1566 5762 liastl.
1599 5707 1694 5763 Gr.
1715 5717 1769 5761 et
1798 5708 1984 5764 Steph.
2092 5708 2139 5739 ‘“‘
2175 5709 2272 5761 τοῦ
2303 5739 2373 5751 --
2402 5706 2789 5764 γεγενημένου.
2833 5705 2996 5761 Basil.
3052 5705 3145 5760 Gr.
3234 5706 3279 5736 ⁷⁷
3312 5706 3405 5759 καὶ
3454 5706 3553 5764 τῆς
3590 5708 3786 5764 ἀρνήσ.

517 5722 714 5777 placet.
818 5722 859 5737 "
887 5722 1376 5779 καοωλιγωρησαν.
1403 5722 1566 5762 tias".
1599 5722 1694 5763 ur.
1715 5722 1769 5761 et
1798 5722 1984 5776 atepu.
2097 5722 2139 5739 ι’·
2175 5725 2272 5761 του
2303 5739 2373 5751 —-
2402 5724 2789 5777 γεγενημενου,
2833 5722 2996 5761 uasu.
3052 5722 3145 5760 ur.
3239 5722 3275 5736 ἰ
3312 5722 3405 5759 και
3454 5722 3553 5773 της
3590 5722 3786 5775 αρνησ.

517 5778 614 5842 τῆς
642 5791 765 5841 γεγ.
802 5774 1105 5845 ὑπέμνησε.
1134 5777 1322 5846 Steph.
1359 5777 1557 5832 Eodem
1589 5776 1780 5831 ordine
1817 5777 1976 5831 llasil.
2008 5776 2125 5843 Gr.,
2157 5781 2247 5847 qui
2288 5788 2468 5831 taweu
2527 5778 2686 5833 bal-ct
2736 5778 3032 5847 ἀνέμνησε.
3113 5776 3161 5808 ⁷⁸
3192 5792 3323 5847 φησι
3371 5775 3575 5831 addunt
3600 5777 3784 5832 iialvm.

530 5843 577 5875 τ’
621 5842 997 5910 ἀποτίλαντες.
1052 5846 1222 5900 Basil.
1257 5846 1354 5899 Gr.
1428 5847 1472 5877 ⁸⁰
1511 5862 1568 5899 τε
1606 5846 1759 5901 abest
1804 5849 1870 5902 ab
1908 5848 2098 5903 eodem
2140 5857 2184 5904 ct
2227 5850 2412 5895 *τη-ιδ’).

733 5850 997 5904 τίλαντες.
1052 5850 1222 5900 Basil.
1257 5850 1354 5899 Gr.
1428 5850 1472 5877 '°
1511 5862 1568 5899 τε
1606 5850 1759 5901 abest
1804 5850 1870 5902 ab
1908 5850 2098 5903 eodem
2140 5857 2184 5904 ct
2227 5850 2412 5895 “una.
