  <div class='ocr_page' id='page_1' title='image "/cluster/home/n/w/nwhite01/storage/ocr_20150623/82:no.3/coo.31924054869833/563.png"; bbox 0 0 4124 6402; ppageno 0'>
   <div class='ocr_carea' id='block_1_1' title="bbox 479 380 612 450">
    <p class='ocr_par' dir='ltr' id='par_1_1' title="bbox 479 380 612 450">
     <span class='ocr_line' id='line_1_1' title="bbox 479 380 612 450; baseline -0.008 -3"><span class='ocrx_word' id='word_1_1' title='bbox 479 380 612 450; x_wconf 70' lang='lat' dir='ltr'><strong>fill</strong></span> 
     </span>
    </p>
   </div>
   <div class='ocr_carea' id='block_1_2' title="bbox 1484 380 2769 449">
    <p class='ocr_par' dir='ltr' id='par_1_2' title="bbox 1484 380 2769 449">
     <span class='ocr_line' id='line_1_2' title="bbox 1484 380 2769 449; baseline 0 -2"><span class='ocrx_word' id='word_1_2' title='bbox 1484 383 1979 448; x_wconf 79' lang='lat' dir='ltr'><strong>THEODORETI</strong></span> <span class='ocrx_word' id='word_1_3' title='bbox 2018 380 2360 445; x_wconf 80' lang='lat' dir='ltr'><strong>EPISCOPI</strong></span> <span class='ocrx_word' id='word_1_4' title='bbox 2394 384 2769 449; x_wconf 70' lang='lat' dir='ltr'><strong>CYRENSIS&#39;</strong></span> 
     </span>
    </p>
   </div>
   <div class='ocr_carea' id='block_1_3' title="bbox 3623 373 3768 449">
    <p class='ocr_par' dir='ltr' id='par_1_3' title="bbox 3623 373 3768 449">
     <span class='ocr_line' id='line_1_3' title="bbox 3623 373 3768 449; baseline -0.007 0"><span class='ocrx_word' id='word_1_5' title='bbox 3623 373 3768 449; x_wconf 62' lang='lat' dir='ltr'><strong>fit!</strong></span> 
     </span>
    </p>
   </div>
   <div class='ocr_carea' id='block_1_4' title="bbox 471 495 2065 571">
    <p class='ocr_par' dir='ltr' id='par_1_4' title="bbox 471 495 2065 571">
     <span class='ocr_line' id='line_1_4' title="bbox 471 495 2065 571; baseline -0.001 -18"><span class='ocrx_word' id='word_1_6' title='bbox 471 498 609 553; x_wconf 77' lang='lat' dir='ltr'><strong>ﬁant</strong></span> <span class='ocrx_word' id='word_1_7' title='bbox 639 497 734 570; x_wconf 85' lang='lat' dir='ltr'><strong>qui</strong></span> <span class='ocrx_word' id='word_1_8' title='bbox 768 495 981 554; x_wconf 86' lang='lat' dir='ltr'><strong>faciunt</strong></span> <span class='ocrx_word' id='word_1_9' title='bbox 1036 514 1121 565; x_wconf 84' lang='lat' dir='ltr'><strong>ea,</strong></span> <span class='ocrx_word' id='word_1_10' title='bbox 1179 509 1234 557; x_wconf 87' lang='lat' dir='ltr'><strong>et</strong></span> <span class='ocrx_word' id='word_1_11' title='bbox 1293 515 1485 557; x_wconf 89' lang='lat' dir='ltr'><strong>omnes</strong></span> <span class='ocrx_word' id='word_1_12' title='bbox 1536 501 1632 571; x_wconf 85' lang='lat' dir='ltr'><strong>qui</strong></span> <span class='ocrx_word' id='word_1_13' title='bbox 1671 498 1956 555; x_wconf 93' lang='lat' dir='ltr'><strong>conﬁdunt</strong></span> <span class='ocrx_word' id='word_1_14' title='bbox 2007 495 2065 552; x_wconf 94' lang='lat' dir='ltr'><strong>in</strong></span> 
     </span>
    </p>
   </div>
   <div class='ocr_carea' id='block_1_5' title="bbox 2166 495 3760 571">
    <p class='ocr_par' dir='ltr' id='par_1_5' title="bbox 2170 498 3760 571">
     <span class='ocr_line' id='line_1_5' title="bbox 2170 498 3760 571; baseline -0.001 -18"><span class='ocrx_word' id='word_1_15' title='bbox 2170 498 2421 571; x_wconf 82' lang='grc' dir='ltr'>διήγησιν</span> <span class='ocrx_word' id='word_1_16' title='bbox 2449 498 2635 570; x_wconf 75' lang='grc' dir='ltr'>ἔλεγον</span> <span class='ocrx_word' id='word_1_17' title='bbox 2657 517 2671 531; x_wconf 76' lang='grc' dir='ltr'><strong>ο</strong></span> <span class='ocrx_word' id='word_1_18' title='bbox 2703 500 2951 571; x_wconf 75' lang='grc' dir='ltr'>ιὈμοιοι</span> <span class='ocrx_word' id='word_1_19' title='bbox 2983 498 3165 565; x_wconf 70' lang='grc' dir='ltr'>αὐτοῖς</span> <span class='ocrx_word' id='word_1_20' title='bbox 3193 499 3435 569; x_wconf 76' lang='grc' dir='ltr'><strong>γένοιντο</strong></span> <span class='ocrx_word' id='word_1_21' title='bbox 3463 498 3513 552; x_wconf 87' lang='grc' dir='ltr'><strong>οί</strong></span> <span class='ocrx_word' id='word_1_22' title='bbox 3546 498 3760 552; x_wconf 79' lang='grc' dir='ltr'>ποιοῦν-</span> 
     </span>
    </p>
   </div>
   <div class='ocr_carea' id='block_1_6' title="bbox 468 589 2065 664">
    <p class='ocr_par' dir='ltr' id='par_1_6' title="bbox 468 589 2065 664">
     <span class='ocr_line' id='line_1_6' title="bbox 468 589 2065 664; baseline -0.001 -17"><span class='ocrx_word' id='word_1_23' title='bbox 468 593 553 648; x_wconf 83' lang='lat' dir='ltr'><strong>eis</strong></span> <span class='ocrx_word' id='word_1_24' title='bbox 586 599 631 645; x_wconf 73' lang='grc' dir='ltr'><strong>τ.</strong></span> <span class='ocrx_word' id='word_1_25' title='bbox 671 609 691 643; x_wconf 76' lang='grc' dir='ltr'><strong>ι</strong></span> <span class='ocrx_word' id='word_1_26' title='bbox 725 589 857 657; x_wconf 70' lang='lat' dir='ltr'><strong>Quae</strong></span> <span class='ocrx_word' id='word_1_27' title='bbox 889 593 1040 664; x_wconf 87' lang='lat' dir='ltr'><strong>gravi</strong></span> <span class='ocrx_word' id='word_1_28' title='bbox 1086 607 1211 649; x_wconf 87' lang='lat' dir='ltr'><strong>cum</strong></span> <span class='ocrx_word' id='word_1_29' title='bbox 1253 593 1445 649; x_wconf 90' lang='lat' dir='ltr'><strong>dolore</strong></span> <span class='ocrx_word' id='word_1_30' title='bbox 1484 593 1716 649; x_wconf 89' lang='lat' dir='ltr'><strong>audiens</strong></span> <span class='ocrx_word' id='word_1_31' title='bbox 1759 591 1869 658; x_wconf 89' lang='lat' dir='ltr'><strong>ille,</strong></span> <span class='ocrx_word' id='word_1_32' title='bbox 1902 591 2065 647; x_wconf 89' lang='lat' dir='ltr'><strong>silere</strong></span> 
     </span>
    </p>
   </div>
   <div class='ocr_carea' id='block_1_7' title="bbox 468 681 2061 754">
    <p class='ocr_par' dir='ltr' id='par_1_7' title="bbox 468 681 2061 754">
     <span class='ocr_line' id='line_1_7' title="bbox 468 681 2061 754; baseline -0.003 -16"><span class='ocrx_word' id='word_1_33' title='bbox 468 682 597 738; x_wconf 85' lang='lat' dir='ltr'><strong>illas</strong></span> <span class='ocrx_word' id='word_1_34' title='bbox 626 681 893 752; x_wconf 81' lang='lat' dir='ltr'><strong>deinceps</strong></span> <span class='ocrx_word' id='word_1_35' title='bbox 942 683 1071 738; x_wconf 89' lang='lat' dir='ltr'><strong>dum</strong></span> <span class='ocrx_word' id='word_1_36' title='bbox 1122 684 1384 740; x_wconf 90' lang='lat' dir='ltr'><strong>transiret</strong></span> <span class='ocrx_word' id='word_1_37' title='bbox 1413 687 1429 703; x_wconf 89' lang='lat'>&#39;</span> <span class='ocrx_word' id='word_1_38' title='bbox 1468 683 1785 754; x_wconf 76' lang='lat' dir='ltr'><strong>impera-vit.</strong></span> <span class='ocrx_word' id='word_1_39' title='bbox 1822 683 1893 738; x_wconf 79' lang='lat' dir='ltr'><strong>At</strong></span> <span class='ocrx_word' id='word_1_40' title='bbox 1945 681 2061 749; x_wconf 89' lang='lat' dir='ltr'><strong>illa,</strong></span> 
     </span>
    </p>
   </div>
   <div class='ocr_carea' id='block_1_8' title="bbox 469 772 2063 847">
    <p class='ocr_par' dir='ltr' id='par_1_8' title="bbox 469 772 2063 847">
     <span class='ocr_line' id='line_1_8' title="bbox 469 772 2063 847; baseline -0.001 -21"><span class='ocrx_word' id='word_1_41' title='bbox 469 772 595 841; x_wconf 86' lang='lat' dir='ltr'><strong>ejus</strong></span> <span class='ocrx_word' id='word_1_42' title='bbox 626 773 769 846; x_wconf 80' lang='lat' dir='ltr'><strong>leges</strong></span> <span class='ocrx_word' id='word_1_43' title='bbox 797 774 951 847; x_wconf 85' lang='lat' dir='ltr'><strong>parvi</strong></span> <span class='ocrx_word' id='word_1_44' title='bbox 987 772 1256 844; x_wconf 82' lang='lat' dir='ltr'><strong>pendens,</strong></span> <span class='ocrx_word' id='word_1_45' title='bbox 1300 772 1558 830; x_wconf 81' lang='lat' dir='ltr'><strong>ﬁduciam</strong></span> <span class='ocrx_word' id='word_1_46' title='bbox 1594 772 1766 829; x_wconf 86' lang='lat' dir='ltr'><strong>choro</strong></span> <span class='ocrx_word' id='word_1_47' title='bbox 1798 773 2063 842; x_wconf 81' lang='lat' dir='ltr'><strong>majorem</strong></span> 
     </span>
    </p>
   </div>
   <div class='ocr_carea' id='block_1_9' title="bbox 470 863 2061 936">
    <p class='ocr_par' dir='ltr' id='par_1_9' title="bbox 470 863 2061 936">
     <span class='ocr_line' id='line_1_9' title="bbox 470 863 2061 936; baseline 0.001 -19"><span class='ocrx_word' id='word_1_48' title='bbox 470 863 685 920; x_wconf 88' lang='lat' dir='ltr'><strong>addidit</strong></span> <span class='ocrx_word' id='word_1_49' title='bbox 717 881 731 917; x_wconf 90' lang='lat'><strong>:</strong></span> <span class='ocrx_word' id='word_1_50' title='bbox 761 872 819 918; x_wconf 85' lang='lat' dir='ltr'><strong>et</strong></span> <span class='ocrx_word' id='word_1_51' title='bbox 858 872 1226 935; x_wconf 71' lang='lat' dir='ltr'><strong>praetereunte</strong></span> <span class='ocrx_word' id='word_1_52' title='bbox 1250 866 1345 921; x_wconf 92' lang='lat' dir='ltr'><strong>illo</strong></span> <span class='ocrx_word' id='word_1_53' title='bbox 1381 881 1598 932; x_wconf 80' lang='lat' dir='ltr'><strong>rursus,</strong></span> <span class='ocrx_word' id='word_1_54' title='bbox 1623 880 1827 921; x_wconf 89' lang='lat' dir='ltr'><strong>canere</strong></span> <span class='ocrx_word' id='word_1_55' title='bbox 1852 863 2061 936; x_wconf 86' lang='lat' dir='ltr'><strong>jussit:</strong></span> 
     </span>
    </p>
   </div>
   <div class='ocr_carea' id='block_1_10' title="bbox 476 954 2059 1029">
    <p class='ocr_par' dir='ltr' id='par_1_10' title="bbox 476 954 2059 1029">
     <span class='ocr_line' id='line_1_10' title="bbox 476 954 2059 1029; baseline 0.003 -23"><span class='ocrx_word' id='word_1_56' title='bbox 476 975 497 1006; x_wconf 84' lang='grc'><em>‹</em></span> <span class='ocrx_word' id='word_1_57' title='bbox 540 954 816 1027; x_wconf 78' lang='lat' dir='ltr'><strong>Exsurgat</strong></span> <span class='ocrx_word' id='word_1_58' title='bbox 860 954 1030 1021; x_wconf 90' lang='lat' dir='ltr'><strong>Deus,</strong></span> <span class='ocrx_word' id='word_1_59' title='bbox 1069 965 1125 1012; x_wconf 88' lang='lat' dir='ltr'><strong>et</strong></span> <span class='ocrx_word' id='word_1_60' title='bbox 1161 957 1506 1029; x_wconf 73' lang='lat' dir='ltr'><strong>dissipentur</strong></span> <span class='ocrx_word' id='word_1_61' title='bbox 1553 957 1759 1013; x_wconf 87' lang='lat' dir='ltr'><strong>inimici</strong></span> <span class='ocrx_word' id='word_1_62' title='bbox 1789 957 1911 1028; x_wconf 85' lang='lat' dir='ltr'><strong>ejus</strong></span> <span class='ocrx_word' id='word_1_63' title='bbox 1946 968 1988 1009; x_wconf 78' lang='grc' dir='ltr'>ι.</span> <span class='ocrx_word' id='word_1_64' title='bbox 2038 976 2059 1010; x_wconf 68' lang='grc' dir='ltr'><strong>ι</strong></span> 
     </span>
    </p>
   </div>
   <div class='ocr_carea' id='block_1_11' title="bbox 468 1049 2062 1122">
    <p class='ocr_par' dir='ltr' id='par_1_11' title="bbox 468 1049 2062 1122">
     <span class='ocr_line' id='line_1_11' title="bbox 468 1049 2062 1122; baseline 0.001 -19"><span class='ocrx_word' id='word_1_65' title='bbox 468 1049 584 1116; x_wconf 85' lang='lat' dir='ltr'><strong>Qua</strong></span> <span class='ocrx_word' id='word_1_66' title='bbox 625 1065 692 1106; x_wconf 81' lang='lat' dir='ltr'><strong>ex</strong></span> <span class='ocrx_word' id='word_1_67' title='bbox 746 1064 806 1105; x_wconf 91' lang='lat' dir='ltr'><strong>re</strong></span> <span class='ocrx_word' id='word_1_68' title='bbox 859 1050 1102 1122; x_wconf 78' lang='lat' dir='ltr'><strong>graviter</strong></span> <span class='ocrx_word' id='word_1_69' title='bbox 1149 1058 1482 1117; x_wconf 90' lang='lat' dir='ltr'><strong>commotus,</strong></span> <span class='ocrx_word' id='word_1_70' title='bbox 1526 1050 1683 1107; x_wconf 88' lang='lat' dir='ltr'><strong>chori</strong></span> <span class='ocrx_word' id='word_1_71' title='bbox 1741 1051 2062 1121; x_wconf 74' lang='lat' dir='ltr'><strong>magistram</strong></span> 
     </span>
    </p>
   </div>
   <div class='ocr_carea' id='block_1_12' title="bbox 468 1140 2063 1212">
    <p class='ocr_par' dir='ltr' id='par_1_12' title="bbox 468 1140 2063 1212">
     <span class='ocr_line' id='line_1_12' title="bbox 468 1140 2063 1212; baseline 0 -18"><span class='ocrx_word' id='word_1_72' title='bbox 468 1140 669 1196; x_wconf 82' lang='lat' dir='ltr'><strong>adduci</strong></span> <span class='ocrx_word' id='word_1_73' title='bbox 714 1140 1000 1212; x_wconf 82' lang='lat' dir='ltr'><strong>praecepit,</strong></span> <span class='ocrx_word' id='word_1_74' title='bbox 1050 1148 1107 1198; x_wconf 92' lang='lat' dir='ltr'><strong>et</strong></span> <span class='ocrx_word' id='word_1_75' title='bbox 1161 1149 1441 1197; x_wconf 85' lang='lat' dir='ltr'><strong>senectam</strong></span> <span class='ocrx_word' id='word_1_76' title='bbox 1480 1156 1716 1197; x_wconf 85' lang='lat' dir='ltr'><strong>cernens</strong></span> <span class='ocrx_word' id='word_1_77' title='bbox 1752 1141 2063 1197; x_wconf 84' lang='lat' dir='ltr'><strong>reverentia</strong></span> 
     </span>
    </p>
   </div>
   <div class='ocr_carea' id='block_1_13' title="bbox 466 1233 2064 1306">
    <p class='ocr_par' dir='ltr' id='par_1_13' title="bbox 466 1233 2064 1306">
     <span class='ocr_line' id='line_1_13' title="bbox 466 1233 2064 1306; baseline 0.002 -18"><span class='ocrx_word' id='word_1_78' title='bbox 466 1233 871 1305; x_wconf 76' lang='lat' dir='ltr'><strong>dignissimam,</strong></span> <span class='ocrx_word' id='word_1_79' title='bbox 918 1249 1021 1291; x_wconf 91' lang='lat' dir='ltr'><strong>nec</strong></span> <span class='ocrx_word' id='word_1_80' title='bbox 1072 1235 1325 1306; x_wconf 90' lang='lat' dir='ltr'><strong>corporis</strong></span> <span class='ocrx_word' id='word_1_81' title='bbox 1381 1249 1552 1291; x_wconf 89' lang='lat' dir='ltr'><strong>canos</strong></span> <span class='ocrx_word' id='word_1_82' title='bbox 1582 1233 1751 1306; x_wconf 74' lang='lat'><strong>936</strong></span> <span class='ocrx_word' id='word_1_83' title='bbox 1803 1235 2064 1291; x_wconf 86' lang='lat' dir='ltr'><strong>misertus</strong></span> 
     </span>
    </p>
   </div>
   <div class='ocr_carea' id='block_1_14' title="bbox 466 1328 2063 1399">
    <p class='ocr_par' dir='ltr' id='par_1_14' title="bbox 466 1328 2063 1399">
     <span class='ocr_line' id='line_1_14' title="bbox 466 1328 2063 1399; baseline 0 -15"><span class='ocrx_word' id='word_1_84' title='bbox 466 1334 573 1394; x_wconf 86' lang='lat' dir='ltr'><strong>est,</strong></span> <span class='ocrx_word' id='word_1_85' title='bbox 602 1342 704 1385; x_wconf 83' lang='lat' dir='ltr'><strong>nec</strong></span> <span class='ocrx_word' id='word_1_86' title='bbox 734 1328 904 1384; x_wconf 80' lang='lat' dir='ltr'><strong>animi</strong></span> <span class='ocrx_word' id='word_1_87' title='bbox 956 1330 1220 1385; x_wconf 80' lang='lat' dir='ltr'><strong>virtutem</strong></span> <span class='ocrx_word' id='word_1_88' title='bbox 1268 1329 1480 1385; x_wconf 91' lang='lat' dir='ltr'><strong>honore</strong></span> <span class='ocrx_word' id='word_1_89' title='bbox 1525 1335 1854 1399; x_wconf 90' lang='lat' dir='ltr'><strong>prosecutus</strong></span> <span class='ocrx_word' id='word_1_90' title='bbox 1909 1346 1923 1383; x_wconf 92' lang='lat'><strong>:</strong></span> <span class='ocrx_word' id='word_1_91' title='bbox 1968 1328 2063 1385; x_wconf 87' lang='lat' dir='ltr'><strong>sed</strong></span> 
     </span>
    </p>
   </div>
   <div class='ocr_carea' id='block_1_15' title="bbox 468 1406 2060 1490">
    <p class='ocr_par' dir='ltr' id='par_1_15' title="bbox 468 1406 2060 1490">
     <span class='ocr_line' id='line_1_15' title="bbox 468 1406 2060 1490; baseline 0 -17"><span class='ocrx_word' id='word_1_92' title='bbox 468 1418 686 1490; x_wconf 84' lang='lat' dir='ltr'><strong>aliquos</strong></span> <span class='ocrx_word' id='word_1_93' title='bbox 710 1418 779 1476; x_wconf 90' lang='lat' dir='ltr'><strong>de</strong></span> <span class='ocrx_word' id='word_1_94' title='bbox 817 1406 1153 1475; x_wconf 79' lang='lat' dir='ltr'><strong>satellitibus</strong></span> <span class='ocrx_word' id='word_1_95' title='bbox 1173 1425 1472 1489; x_wconf 89' lang='lat' dir='ltr'><strong>utramque</strong></span> <span class='ocrx_word' id='word_1_96' title='bbox 1497 1418 1573 1473; x_wconf 90' lang='lat' dir='ltr'><strong>illi</strong></span> <span class='ocrx_word' id='word_1_97' title='bbox 1607 1418 1804 1472; x_wconf 86' lang='lat' dir='ltr'><strong>malam</strong></span> <span class='ocrx_word' id='word_1_98' title='bbox 1828 1417 2060 1484; x_wconf 82' lang='lat' dir='ltr'><strong>caedere,</strong></span> 
     </span>
    </p>
   </div>
   <div class='ocr_carea' id='block_1_16' title="bbox 467 1508 2062 1583">
    <p class='ocr_par' dir='ltr' id='par_1_16' title="bbox 467 1508 2062 1583">
     <span class='ocr_line' id='line_1_16' title="bbox 467 1508 2062 1583; baseline -0.001 -17"><span class='ocrx_word' id='word_1_99' title='bbox 467 1526 752 1583; x_wconf 74' lang='lat' dir='ltr'><strong>genasque</strong></span> <span class='ocrx_word' id='word_1_100' title='bbox 774 1511 1033 1568; x_wconf 82' lang='lat' dir='ltr'><strong>manibus</strong></span> <span class='ocrx_word' id='word_1_101' title='bbox 1053 1519 1347 1567; x_wconf 89' lang='lat' dir='ltr'><strong>cruentare</strong></span> <span class='ocrx_word' id='word_1_102' title='bbox 1365 1511 1557 1582; x_wconf 86' lang='lat' dir='ltr'><strong>jussit.</strong></span> <span class='ocrx_word' id='word_1_103' title='bbox 1576 1508 1669 1565; x_wconf 91' lang='lat' dir='ltr'><strong>llla</strong></span> <span class='ocrx_word' id='word_1_104' title='bbox 1692 1525 1824 1566; x_wconf 89' lang='lat' dir='ltr'><strong>vero</strong></span> <span class='ocrx_word' id='word_1_105' title='bbox 1860 1510 2062 1566; x_wconf 91' lang='lat' dir='ltr'><strong>summi</strong></span> 
     </span>
    </p>
   </div>
   <div class='ocr_carea' id='block_1_17' title="bbox 469 1596 2060 1666">
    <p class='ocr_par' dir='ltr' id='par_1_17' title="bbox 469 1596 2060 1666">
     <span class='ocr_line' id='line_1_17' title="bbox 469 1596 2060 1666; baseline -0.003 -9"><span class='ocrx_word' id='word_1_106' title='bbox 469 1603 702 1659; x_wconf 81' lang='lat' dir='ltr'><strong>honoris</strong></span> <span class='ocrx_word' id='word_1_107' title='bbox 751 1602 872 1658; x_wconf 92' lang='lat' dir='ltr'><strong>loco</strong></span> <span class='ocrx_word' id='word_1_108' title='bbox 905 1602 1114 1659; x_wconf 81' lang='lat' dir='ltr'><strong>habens</strong></span> <span class='ocrx_word' id='word_1_109' title='bbox 1149 1596 1565 1665; x_wconf 77' lang='lat' dir='ltr'><strong>contumeliam,</strong></span> <span class='ocrx_word' id='word_1_110' title='bbox 1616 1599 1839 1655; x_wconf 91' lang='lat' dir='ltr'><strong>domum</strong></span> <span class='ocrx_word' id='word_1_111' title='bbox 1871 1599 2060 1666; x_wconf 87' lang='lat' dir='ltr'><strong>rediit,</strong></span> 
     </span>
    </p>
   </div>
   <div class='ocr_carea' id='block_1_18' title="bbox 470 1692 2062 1765">
    <p class='ocr_par' dir='ltr' id='par_1_18' title="bbox 470 1692 2062 1765">
     <span class='ocr_line' id='line_1_18' title="bbox 470 1692 2062 1765; baseline -0.001 -17"><span class='ocrx_word' id='word_1_112' title='bbox 470 1695 618 1751; x_wconf 85' lang='lat' dir='ltr'><strong>unde</strong></span> <span class='ocrx_word' id='word_1_113' title='bbox 650 1694 1030 1765; x_wconf 88' lang='lat' dir='ltr'><strong>spiritualibus</strong></span> <span class='ocrx_word' id='word_1_114' title='bbox 1062 1695 1219 1749; x_wconf 87' lang='lat' dir='ltr'><strong>illum</strong></span> <span class='ocrx_word' id='word_1_115' title='bbox 1259 1693 1518 1749; x_wconf 88' lang='lat' dir='ltr'><strong>cantibus</strong></span> <span class='ocrx_word' id='word_1_116' title='bbox 1549 1692 1617 1749; x_wconf 90' lang='lat' dir='ltr'><strong>de</strong></span> <span class='ocrx_word' id='word_1_117' title='bbox 1651 1707 1805 1749; x_wconf 89' lang='lat' dir='ltr'><strong>more</strong></span> <span class='ocrx_word' id='word_1_118' title='bbox 1837 1692 2062 1763; x_wconf 86' lang='lat' dir='ltr'><strong>impete-</strong></span> 
     </span>
    </p>
   </div>
   <div class='ocr_carea' id='block_1_19' title="bbox 468 1786 2063 1858">
    <p class='ocr_par' dir='ltr' id='par_1_19' title="bbox 468 1786 2063 1858">
     <span class='ocr_line' id='line_1_19' title="bbox 468 1786 2063 1858; baseline -0.001 -16"><span class='ocrx_word' id='word_1_119' title='bbox 468 1788 583 1853; x_wconf 84' lang='lat' dir='ltr'><strong>hat,</strong></span> <span class='ocrx_word' id='word_1_120' title='bbox 623 1786 1087 1858; x_wconf 86' lang='lat' dir='ltr'><strong>quemadmodum</strong></span> <span class='ocrx_word' id='word_1_121' title='bbox 1128 1797 1392 1843; x_wconf 87' lang='lat' dir='ltr'><strong>cantuum</strong></span> <span class='ocrx_word' id='word_1_122' title='bbox 1454 1789 1700 1858; x_wconf 88' lang='lat' dir='ltr'><strong>ipsorum</strong></span> <span class='ocrx_word' id='word_1_123' title='bbox 1757 1792 1950 1841; x_wconf 84' lang='lat' dir='ltr'><strong>auctor</strong></span> <span class='ocrx_word' id='word_1_124' title='bbox 2009 1798 2063 1841; x_wconf 90' lang='lat' dir='ltr'><strong>et</strong></span> 
     </span>
    </p>
   </div>
   <div class='ocr_carea' id='block_1_20' title="bbox 468 1860 2138 1953">
    <p class='ocr_par' dir='ltr' id='par_1_20' title="bbox 468 1860 2138 1953">
     <span class='ocr_line' id='line_1_20' title="bbox 468 1860 2138 1953; baseline 0.002 -19"><span class='ocrx_word' id='word_1_125' title='bbox 468 1879 731 1950; x_wconf 80' lang='lat' dir='ltr'><strong>magister</strong></span> <span class='ocrx_word' id='word_1_126' title='bbox 759 1880 967 1934; x_wconf 86' lang='lat' dir='ltr'><strong>malum</strong></span> <span class='ocrx_word' id='word_1_127' title='bbox 999 1879 1153 1936; x_wconf 87' lang='lat' dir='ltr'><strong>illum</strong></span> <span class='ocrx_word' id='word_1_128' title='bbox 1188 1880 1443 1953; x_wconf 82' lang='lat' dir='ltr'><strong>spiritum</strong></span> <span class='ocrx_word' id='word_1_129' title='bbox 1477 1879 1763 1952; x_wconf 82' lang='lat' dir='ltr'><strong>repressit,</strong></span> <span class='ocrx_word' id='word_1_130' title='bbox 1796 1879 1888 1950; x_wconf 90' lang='lat' dir='ltr'><strong>qui</strong></span> <span class='ocrx_word' id='word_1_131' title='bbox 1924 1878 2064 1940; x_wconf 81' lang='lat' dir='ltr'><strong>Sau-</strong></span> <span class='ocrx_word' id='word_1_132' title='bbox 2092 1860 2138 1922; x_wconf 77' lang='grc' dir='ltr'>Β</span> 
     </span>
    </p>
   </div>
   <div class='ocr_carea' id='block_1_21' title="bbox 467 1970 929 2028">
    <p class='ocr_par' dir='ltr' id='par_1_21' title="bbox 467 1970 929 2028">
     <span class='ocr_line' id='line_1_21' title="bbox 467 1970 929 2028; baseline -0.006 0"><span class='ocrx_word' id='word_1_133' title='bbox 467 1972 576 2028; x_wconf 80' lang='lat' dir='ltr'><strong>lem</strong></span> <span class='ocrx_word' id='word_1_134' title='bbox 609 1970 929 2027; x_wconf 78' lang='lat' dir='ltr'><strong>divexahat.</strong></span> 
     </span>
    </p>
   </div>
   <div class='ocr_carea' id='block_1_22' title="bbox 877 2247 1656 2323">
    <p class='ocr_par' dir='ltr' id='par_1_22' title="bbox 877 2247 1656 2323">
     <span class='ocr_line' id='line_1_22' title="bbox 877 2247 1656 2323; baseline 0.001 -19"><span class='ocrx_word' id='word_1_135' title='bbox 877 2247 1032 2304; x_wconf 75' lang='lat' dir='ltr'><strong>CAP.</strong></span> <span class='ocrx_word' id='word_1_136' title='bbox 1062 2247 1176 2304; x_wconf 77' lang='lat' dir='ltr'><strong>XV.</strong></span> <span class='ocrx_word' id='word_1_137' title='bbox 1209 2249 1295 2323; x_wconf 85' lang='grc' dir='ltr'><strong>[Β.</strong></span> <span class='ocrx_word' id='word_1_138' title='bbox 1323 2248 1404 2305; x_wconf 85' lang='lat' dir='ltr'><strong>St.</strong></span> <span class='ocrx_word' id='word_1_139' title='bbox 1440 2250 1504 2306; x_wconf 84' lang='lat' dir='ltr'><strong>V.</strong></span> <span class='ocrx_word' id='word_1_140' title='bbox 1536 2250 1656 2323; x_wconf 67' lang='lat'><strong>20.]</strong></span> 
     </span>
    </p>
   </div>
   <div class='ocr_carea' id='block_1_23' title="bbox 475 2338 2064 2413">
    <p class='ocr_par' dir='ltr' id='par_1_23' title="bbox 475 2338 2064 2413">
     <span class='ocr_line' id='line_1_23' title="bbox 475 2338 2064 2413; baseline 0.002 -18"><span class='ocrx_word' id='word_1_141' title='bbox 475 2338 548 2395; x_wconf 76' lang='lat' dir='ltr'><strong>De</strong></span> <span class='ocrx_word' id='word_1_142' title='bbox 577 2341 644 2395; x_wconf 76' lang='lat' dir='ltr'><strong>iis</strong></span> <span class='ocrx_word' id='word_1_143' title='bbox 680 2356 799 2413; x_wconf 72' lang='lat' dir='ltr'><strong>qua:</strong></span> <span class='ocrx_word' id='word_1_144' title='bbox 841 2338 1054 2413; x_wconf 61' lang='lat' dir='ltr'><strong>Judagis</strong></span> <span class='ocrx_word' id='word_1_145' title='bbox 1096 2342 1294 2413; x_wconf 69' lang='lat' dir='ltr'><strong>templi</strong></span> <span class='ocrx_word' id='word_1_146' title='bbox 1332 2338 1745 2413; x_wconf 73' lang='lat' dir='ltr'><strong>(edi/irationem</strong></span> <span class='ocrx_word' id='word_1_147' title='bbox 1800 2344 2064 2413; x_wconf 68' lang='lat' dir='ltr'><strong>aggressi:</strong></span> 
     </span>
    </p>
   </div>
   <div class='ocr_carea' id='block_1_24' title="bbox 541 2410 1989 2485">
    <p class='ocr_par' dir='ltr' id='par_1_24' title="bbox 541 2410 1989 2485">
     <span class='ocr_line' id='line_1_24' title="bbox 541 2410 1989 2485; baseline 0.003 -19"><span class='ocrx_word' id='word_1_148' title='bbox 541 2410 871 2479; x_wconf 80' lang='lat' dir='ltr'><strong>acciderunt,</strong></span> <span class='ocrx_word' id='word_1_149' title='bbox 890 2411 1027 2468; x_wconf 82' lang='lat' dir='ltr'><strong>etde</strong></span> <span class='ocrx_word' id='word_1_150' title='bbox 1045 2410 1224 2485; x_wconf 67' lang='lat' dir='ltr'><strong>plagis</strong></span> <span class='ocrx_word' id='word_1_151' title='bbox 1246 2410 1447 2469; x_wconf 72' lang='lat' dir='ltr'><strong>eisdem</strong></span> <span class='ocrx_word' id='word_1_152' title='bbox 1467 2413 1719 2469; x_wconf 71' lang='lat' dir='ltr'><strong>divinitus</strong></span> <span class='ocrx_word' id='word_1_153' title='bbox 1741 2410 1989 2483; x_wconf 64' lang='lat' dir='ltr'><strong>inﬂictis.</strong></span> 
     </span>
    </p>
   </div>
   <div class='ocr_carea' id='block_1_25' title="bbox 540 2569 2070 2645">
    <p class='ocr_par' dir='ltr' id='par_1_25' title="bbox 540 2569 2070 2645">
     <span class='ocr_line' id='line_1_25' title="bbox 540 2569 2070 2645; baseline 0.003 -19"><span class='ocrx_word' id='word_1_154' title='bbox 540 2569 758 2626; x_wconf 85' lang='lat' dir='ltr'><strong>Etenim</strong></span> <span class='ocrx_word' id='word_1_155' title='bbox 783 2578 840 2626; x_wconf 88' lang='lat' dir='ltr'><strong>et</strong></span> <span class='ocrx_word' id='word_1_156' title='bbox 859 2569 996 2643; x_wconf 90' lang='lat' dir='ltr'><strong>ipse,</strong></span> <span class='ocrx_word' id='word_1_157' title='bbox 1023 2570 1335 2627; x_wconf 58' lang='lat' dir='ltr'><strong>daemonum</strong></span> <span class='ocrx_word' id='word_1_158' title='bbox 1362 2571 1524 2630; x_wconf 88' lang='lat' dir='ltr'><strong>furiis</strong></span> <span class='ocrx_word' id='word_1_159' title='bbox 1548 2573 1694 2628; x_wconf 86' lang='lat' dir='ltr'><strong>intra</strong></span> <span class='ocrx_word' id='word_1_160' title='bbox 1718 2588 1779 2629; x_wconf 90' lang='lat' dir='ltr'><strong>se</strong></span> <span class='ocrx_word' id='word_1_161' title='bbox 1798 2573 2038 2645; x_wconf 89' lang='lat' dir='ltr'><strong>receptis</strong></span> <span class='ocrx_word' id='word_1_162' title='bbox 2056 2606 2070 2631; x_wconf 72' lang='grc' dir='ltr'><strong>ι</strong></span> 
     </span>
    </p>
   </div>
   <div class='ocr_carea' id='block_1_26' title="bbox 475 2664 2062 2737">
    <p class='ocr_par' dir='ltr' id='par_1_26' title="bbox 475 2664 2062 2737">
     <span class='ocr_line' id='line_1_26' title="bbox 475 2664 2062 2737; baseline 0.003 -18"><span class='ocrx_word' id='word_1_163' title='bbox 475 2664 837 2737; x_wconf 83' lang='lat' dir='ltr'><strong>eorybantum</strong></span> <span class='ocrx_word' id='word_1_164' title='bbox 910 2680 1066 2722; x_wconf 90' lang='lat' dir='ltr'><strong>more</strong></span> <span class='ocrx_word' id='word_1_165' title='bbox 1112 2665 1297 2722; x_wconf 87' lang='lat' dir='ltr'><strong>furere</strong></span> <span class='ocrx_word' id='word_1_166' title='bbox 1357 2682 1472 2721; x_wconf 89' lang='lat' dir='ltr'><strong>non</strong></span> <span class='ocrx_word' id='word_1_167' title='bbox 1533 2666 1819 2724; x_wconf 86' lang='lat' dir='ltr'><strong>desinebat</strong></span> <span class='ocrx_word' id='word_1_168' title='bbox 1867 2676 2062 2724; x_wconf 89' lang='lat' dir='ltr'><strong>contra</strong></span> 
     </span>
    </p>
   </div>
   <div class='ocr_carea' id='block_1_27' title="bbox 470 2755 2066 2828">
    <p class='ocr_par' dir='ltr' id='par_1_27' title="bbox 470 2755 2066 2828">
     <span class='ocr_line' id='line_1_27' title="bbox 470 2755 2066 2828; baseline 0.002 -18"><span class='ocrx_word' id='word_1_169' title='bbox 470 2755 790 2826; x_wconf 73' lang='lat' dir='ltr'><strong>religionem</strong></span> <span class='ocrx_word' id='word_1_170' title='bbox 831 2756 1136 2813; x_wconf 85' lang='lat' dir='ltr'><strong>insaniens.</strong></span> <span class='ocrx_word' id='word_1_171' title='bbox 1168 2757 1360 2828; x_wconf 83' lang='lat' dir='ltr'><strong>Itaque</strong></span> <span class='ocrx_word' id='word_1_172' title='bbox 1409 2756 1631 2813; x_wconf 64' lang='lat' dir='ltr'><strong>Iudaeos</strong></span> <span class='ocrx_word' id='word_1_173' title='bbox 1674 2758 1841 2812; x_wconf 86' lang='lat' dir='ltr'><strong>etiam</strong></span> <span class='ocrx_word' id='word_1_174' title='bbox 1884 2772 2066 2813; x_wconf 86' lang='lat' dir='ltr'><strong>arma-</strong></span> 
     </span>
    </p>
   </div>
   <div class='ocr_carea' id='block_1_28' title="bbox 468 2848 2066 2922">
    <p class='ocr_par' dir='ltr' id='par_1_28' title="bbox 468 2848 2066 2922">
     <span class='ocr_line' id='line_1_28' title="bbox 468 2848 2066 2922; baseline 0.002 -19"><span class='ocrx_word' id='word_1_175' title='bbox 468 2850 548 2904; x_wconf 88' lang='lat' dir='ltr'><strong>vit</strong></span> <span class='ocrx_word' id='word_1_176' title='bbox 572 2848 838 2906; x_wconf 88' lang='lat' dir='ltr'><strong>adversus</strong></span> <span class='ocrx_word' id='word_1_177' title='bbox 870 2848 1219 2911; x_wconf 82' lang='lat' dir='ltr'><strong>Christianos</strong></span> <span class='ocrx_word' id='word_1_178' title='bbox 1260 2868 1275 2904; x_wconf 91' lang='lat'><strong>:</strong></span> <span class='ocrx_word' id='word_1_179' title='bbox 1311 2849 1663 2920; x_wconf 83' lang='lat' dir='ltr'><strong>primumque</strong></span> <span class='ocrx_word' id='word_1_180' title='bbox 1693 2848 1805 2906; x_wconf 88' lang='lat' dir='ltr'><strong>illis</strong></span> <span class='ocrx_word' id='word_1_181' title='bbox 1833 2864 2066 2922; x_wconf 86' lang='lat' dir='ltr'><strong>congre-</strong></span> 
     </span>
    </p>
   </div>
   <div class='ocr_carea' id='block_1_29' title="bbox 469 2941 2064 3014">
    <p class='ocr_par' dir='ltr' id='par_1_29' title="bbox 469 2941 2064 3014">
     <span class='ocr_line' id='line_1_29' title="bbox 469 2941 2064 3014; baseline 0 -19"><span class='ocrx_word' id='word_1_182' title='bbox 469 2941 633 3013; x_wconf 85' lang='lat' dir='ltr'><strong>gatis,</strong></span> <span class='ocrx_word' id='word_1_183' title='bbox 664 2941 948 3013; x_wconf 69' lang='lat' dir='ltr'><strong>quaerebat</strong></span> <span class='ocrx_word' id='word_1_184' title='bbox 971 2942 1107 3014; x_wconf 88' lang='lat' dir='ltr'><strong>quid</strong></span> <span class='ocrx_word' id='word_1_185' title='bbox 1132 2956 1316 2998; x_wconf 81' lang='lat' dir='ltr'><strong>causae</strong></span> <span class='ocrx_word' id='word_1_186' title='bbox 1348 2948 1517 3007; x_wconf 84' lang='lat' dir='ltr'><strong>esset,</strong></span> <span class='ocrx_word' id='word_1_187' title='bbox 1554 2955 1657 2997; x_wconf 84' lang='lat' dir='ltr'><strong>cur</strong></span> <span class='ocrx_word' id='word_1_188' title='bbox 1688 2956 1815 2995; x_wconf 92' lang='lat' dir='ltr'><strong>cum</strong></span> <span class='ocrx_word' id='word_1_189' title='bbox 1852 2941 2064 2997; x_wconf 84' lang='lat' dir='ltr'><strong>sacriﬁ-</strong></span> 
     </span>
    </p>
   </div>
   <div class='ocr_carea' id='block_1_30' title="bbox 469 3032 2065 3107">
    <p class='ocr_par' dir='ltr' id='par_1_30' title="bbox 469 3032 2065 3107">
     <span class='ocr_line' id='line_1_30' title="bbox 469 3032 2065 3107; baseline -0.001 -16"><span class='ocrx_word' id='word_1_190' title='bbox 469 3034 557 3091; x_wconf 78' lang='lat' dir='ltr'><strong>cia</strong></span> <span class='ocrx_word' id='word_1_191' title='bbox 602 3034 690 3090; x_wconf 78' lang='lat' dir='ltr'><strong>lex</strong></span> <span class='ocrx_word' id='word_1_192' title='bbox 744 3035 1000 3106; x_wconf 90' lang='lat' dir='ltr'><strong>imperet,</strong></span> <span class='ocrx_word' id='word_1_193' title='bbox 1034 3035 1142 3107; x_wconf 87' lang='lat' dir='ltr'><strong>ipsi</strong></span> <span class='ocrx_word' id='word_1_194' title='bbox 1173 3049 1203 3089; x_wconf 88' lang='lat' dir='ltr'><strong>a</strong></span> <span class='ocrx_word' id='word_1_195' title='bbox 1238 3034 1533 3091; x_wconf 87' lang='lat' dir='ltr'><strong>sacriﬁciis</strong></span> <span class='ocrx_word' id='word_1_196' title='bbox 1593 3033 1958 3090; x_wconf 80' lang='lat' dir='ltr'><strong>abstinerent.</strong></span> <span class='ocrx_word' id='word_1_197' title='bbox 2000 3032 2065 3089; x_wconf 85' lang='lat' dir='ltr'><strong>Et</strong></span> 
     </span>
    </p>
   </div>
   <div class='ocr_carea' id='block_1_31' title="bbox 469 3127 2061 3200">
    <p class='ocr_par' dir='ltr' id='par_1_31' title="bbox 469 3127 2061 3200">
     <span class='ocr_line' id='line_1_31' title="bbox 469 3127 2061 3200; baseline -0.001 -17"><span class='ocrx_word' id='word_1_198' title='bbox 469 3128 941 3200; x_wconf 85' lang='lat' dir='ltr'><strong>respondentibus</strong></span> <span class='ocrx_word' id='word_1_199' title='bbox 980 3128 1112 3194; x_wconf 90' lang='lat' dir='ltr'><strong>illis,</strong></span> <span class='ocrx_word' id='word_1_200' title='bbox 1144 3127 1628 3198; x_wconf 86' lang='lat' dir='ltr'><strong>circumscriptum</strong></span> <span class='ocrx_word' id='word_1_201' title='bbox 1677 3142 1803 3184; x_wconf 84' lang='lat' dir='ltr'><strong>esse</strong></span> <span class='ocrx_word' id='word_1_202' title='bbox 1851 3129 2061 3184; x_wconf 87' lang='lat' dir='ltr'><strong>cultum</strong></span> 
     </span>
    </p>
   </div>
   <div class='ocr_carea' id='block_1_32' title="bbox 2167 588 3752 671">
    <p class='ocr_par' dir='ltr' id='par_1_32' title="bbox 2167 588 3752 671">
     <span class='ocr_line' id='line_1_32' title="bbox 2167 588 3752 671; baseline -0.004 -26"><span class='ocrx_word' id='word_1_203' title='bbox 2167 607 2261 655; x_wconf 86' lang='grc' dir='ltr'><strong>τες</strong></span> <span class='ocrx_word' id='word_1_204' title='bbox 2295 590 2456 659; x_wconf 77' lang='grc' dir='ltr'>αὑτά,</span> <span class='ocrx_word' id='word_1_205' title='bbox 2509 591 2605 645; x_wconf 80' lang='grc' dir='ltr'>καὶ</span> <span class='ocrx_word' id='word_1_206' title='bbox 2652 590 2855 654; x_wconf 87' lang='grc' dir='ltr'>πάντες</span> <span class='ocrx_word' id='word_1_207' title='bbox 2902 590 2952 644; x_wconf 86' lang='grc' dir='ltr'><strong>οἰ</strong></span> <span class='ocrx_word' id='word_1_208' title='bbox 2996 588 3321 671; x_wconf 75' lang='grc' dir='ltr'>πεποιθότες</span> <span class='ocrx_word' id='word_1_209' title='bbox 3367 588 3456 642; x_wconf 75' lang='grc' dir='ltr'><strong>ἐπ’</strong></span> <span class='ocrx_word' id='word_1_210' title='bbox 3494 588 3699 652; x_wconf 80' lang='grc' dir='ltr'>αὐτοῖς.</span> <span class='ocrx_word' id='word_1_211' title='bbox 3732 606 3752 639; x_wconf 76' lang='grc' dir='ltr'><strong>ι</strong></span> 
     </span>
    </p>
   </div>
   <div class='ocr_carea' id='block_1_33' title="bbox 2168 680 3755 752">
    <p class='ocr_par' dir='ltr' id='par_1_33' title="bbox 2168 680 3755 752">
     <span class='ocr_line' id='line_1_33' title="bbox 2168 680 3755 752; baseline -0.004 -13"><span class='ocrx_word' id='word_1_212' title='bbox 2168 683 2387 740; x_wconf 84' lang='grc' dir='ltr'><strong>Τούτων</strong></span> <span class='ocrx_word' id='word_1_213' title='bbox 2419 684 2662 749; x_wconf 84' lang='grc' dir='ltr'>ἀκούσας</span> <span class='ocrx_word' id='word_1_214' title='bbox 2692 685 2922 749; x_wconf 79' lang='grc' dir='ltr'>ὲκείνος,</span> <span class='ocrx_word' id='word_1_215' title='bbox 2978 682 3074 737; x_wconf 69' lang='grc' dir='ltr'>καὶ</span> <span class='ocrx_word' id='word_1_216' title='bbox 3127 683 3250 736; x_wconf 86' lang='grc' dir='ltr'>λίαν</span> <span class='ocrx_word' id='word_1_217' title='bbox 3277 680 3542 745; x_wconf 76' lang='grc' dir='ltr'>ἀνιαθεὶς,</span> <span class='ocrx_word' id='word_1_218' title='bbox 3599 682 3755 752; x_wconf 81' lang='grc' dir='ltr'>σιγᾷν</span> 
     </span>
    </p>
   </div>
   <div class='ocr_carea' id='block_1_34' title="bbox 2169 773 3755 849">
    <p class='ocr_par' dir='ltr' id='par_1_34' title="bbox 2169 773 3755 849">
     <span class='ocr_line' id='line_1_34' title="bbox 2169 773 3755 849; baseline -0.004 -18"><span class='ocrx_word' id='word_1_219' title='bbox 2169 776 2366 841; x_wconf 87' lang='grc' dir='ltr'>αύταῖς</span> <span class='ocrx_word' id='word_1_220' title='bbox 2418 776 2725 849; x_wconf 81' lang='grc' dir='ltr'>προσέταξε</span> <span class='ocrx_word' id='word_1_221' title='bbox 2774 775 2920 830; x_wconf 87' lang='grc' dir='ltr'>κατά</span> <span class='ocrx_word' id='word_1_222' title='bbox 2963 774 3056 828; x_wconf 77' lang='grc' dir='ltr'>τὸν</span> <span class='ocrx_word' id='word_1_223' title='bbox 3109 774 3211 845; x_wconf 84' lang='grc' dir='ltr'>τῆς</span> <span class='ocrx_word' id='word_1_224' title='bbox 3264 773 3503 846; x_wconf 83' lang='grc' dir='ltr'><strong>παρόδου</strong></span> <span class='ocrx_word' id='word_1_225' title='bbox 3542 773 3755 844; x_wconf 76' lang='grc' dir='ltr'>καιρόν.</span> 
     </span>
    </p>
   </div>
   <div class='ocr_carea' id='block_1_35' title="bbox 2180 865 3756 940">
    <p class='ocr_par' dir='ltr' id='par_1_35' title="bbox 2180 865 3756 940">
     <span class='ocr_line' id='line_1_35' title="bbox 2180 865 3756 940; baseline -0.003 -17"><span class='ocrx_word' id='word_1_226' title='bbox 2180 867 2246 923; x_wconf 86' lang='grc' dir='ltr'><strong>Ἡ</strong></span> <span class='ocrx_word' id='word_1_227' title='bbox 2301 868 2360 923; x_wconf 77' lang='grc' dir='ltr'>δὲ</span> <span class='ocrx_word' id='word_1_228' title='bbox 2431 868 2629 940; x_wconf 85' lang='grc' dir='ltr'>μικρὸν</span> <span class='ocrx_word' id='word_1_229' title='bbox 2680 868 2791 922; x_wconf 86' lang='grc' dir='ltr'><strong>τῶν</strong></span> <span class='ocrx_word' id='word_1_230' title='bbox 2846 868 3060 921; x_wconf 74' lang='grc' dir='ltr'>ἐκείνου</span> <span class='ocrx_word' id='word_1_231' title='bbox 3121 868 3303 938; x_wconf 88' lang='grc' dir='ltr'>νόμων</span> <span class='ocrx_word' id='word_1_232' title='bbox 3377 865 3714 937; x_wconf 82' lang='grc' dir='ltr'>φροντίσασα</span> <span class='ocrx_word' id='word_1_233' title='bbox 3738 905 3756 930; x_wconf 86' lang='grc'><strong>,</strong></span> 
     </span>
    </p>
   </div>
   <div class='ocr_carea' id='block_1_36' title="bbox 2168 948 3759 1032">
    <p class='ocr_par' dir='ltr' id='par_1_36' title="bbox 2168 948 3759 1032">
     <span class='ocr_line' id='line_1_36' title="bbox 2168 948 3759 1032; baseline -0.004 -17"><span class='ocrx_word' id='word_1_234' title='bbox 2168 960 2415 1025; x_wconf 88' lang='grc' dir='ltr'>πλείονος</span> <span class='ocrx_word' id='word_1_235' title='bbox 2453 948 2545 1015; x_wconf 79' lang='grc' dir='ltr'><strong>τὸν</strong></span> <span class='ocrx_word' id='word_1_236' title='bbox 2588 960 2750 1032; x_wconf 85' lang='grc' dir='ltr'>χορὸν</span> <span class='ocrx_word' id='word_1_237' title='bbox 2781 959 3092 1031; x_wconf 77' lang='grc' dir='ltr'>προθυμίας</span> <span class='ocrx_word' id='word_1_238' title='bbox 3118 959 3387 1031; x_wconf 75' lang='grc' dir='ltr'><strong>ἐνέπλησε</strong></span> <span class='ocrx_word' id='word_1_239' title='bbox 3413 977 3426 990; x_wconf 93' lang='grc'><strong>·</strong></span> <span class='ocrx_word' id='word_1_240' title='bbox 3457 959 3549 1012; x_wconf 74' lang='grc' dir='ltr'>καὶ</span> <span class='ocrx_word' id='word_1_241' title='bbox 3593 957 3759 1012; x_wconf 87' lang='grc' dir='ltr'>πάλιν</span> 
     </span>
    </p>
   </div>
   <div class='ocr_carea' id='block_1_37' title="bbox 2168 1050 3761 1123">
    <p class='ocr_par' dir='ltr' id='par_1_37' title="bbox 2168 1050 3761 1123">
     <span class='ocr_line' id='line_1_37' title="bbox 2168 1050 3761 1123; baseline -0.003 -17"><span class='ocrx_word' id='word_1_242' title='bbox 2168 1051 2379 1107; x_wconf 79' lang='grc' dir='ltr'>ἐκείνου</span> <span class='ocrx_word' id='word_1_243' title='bbox 2413 1052 2641 1117; x_wconf 85' lang='grc' dir='ltr'>διῖόντος</span> <span class='ocrx_word' id='word_1_244' title='bbox 2681 1050 2907 1123; x_wconf 74' lang='grc' dir='ltr'>ψάλλειν</span> <span class='ocrx_word' id='word_1_245' title='bbox 2938 1052 3261 1106; x_wconf 73' lang='grc' dir='ltr'>ἐκέλευσεν·</span> <span class='ocrx_word' id='word_1_246' title='bbox 3309 1070 3328 1104; x_wconf 80' lang='grc' dir='ltr'><strong>ι</strong></span> <span class='ocrx_word' id='word_1_247' title='bbox 3370 1052 3687 1121; x_wconf 81' lang='grc' dir='ltr'>Ἀναστήτω</span> <span class='ocrx_word' id='word_1_248' title='bbox 3728 1050 3761 1102; x_wconf 88' lang='lat'><strong>6</strong></span> 
     </span>
    </p>
   </div>
   <div class='ocr_carea' id='block_1_38' title="bbox 2166 1141 3761 1217">
    <p class='ocr_par' dir='ltr' id='par_1_38' title="bbox 2166 1141 3761 1217">
     <span class='ocr_line' id='line_1_38' title="bbox 2166 1141 3761 1217; baseline -0.003 -18"><span class='ocrx_word' id='word_1_249' title='bbox 2166 1144 2321 1212; x_wconf 81' lang='grc' dir='ltr'>Θεὸς,</span> <span class='ocrx_word' id='word_1_250' title='bbox 2360 1146 2456 1199; x_wconf 78' lang='grc' dir='ltr'>καὶ</span> <span class='ocrx_word' id='word_1_251' title='bbox 2483 1144 3073 1217; x_wconf 79' lang='grc' dir='ltr'>διασκορπισθήτωσαν</span> <span class='ocrx_word' id='word_1_252' title='bbox 3102 1145 3151 1197; x_wconf 85' lang='grc' dir='ltr'>οἱ</span> <span class='ocrx_word' id='word_1_253' title='bbox 3182 1142 3369 1214; x_wconf 70' lang='grc' dir='ltr'>ἐχθροὶ</span> <span class='ocrx_word' id='word_1_254' title='bbox 3411 1141 3601 1196; x_wconf 78' lang='grc' dir='ltr'>αὐτού.</span> <span class='ocrx_word' id='word_1_255' title='bbox 3632 1160 3652 1194; x_wconf 78' lang='grc' dir='ltr'><strong>ι</strong></span> <span class='ocrx_word' id='word_1_256' title='bbox 3697 1142 3761 1194; x_wconf 84' lang='lat'><strong>&#39;0</strong></span> 
     </span>
    </p>
   </div>
   <div class='ocr_carea' id='block_1_39' title="bbox 2165 1234 3757 1309">
    <p class='ocr_par' dir='ltr' id='par_1_39' title="bbox 2165 1234 3757 1309">
     <span class='ocr_line' id='line_1_39' title="bbox 2165 1234 3757 1309; baseline -0.003 -18"><span class='ocrx_word' id='word_1_257' title='bbox 2165 1237 2222 1291; x_wconf 75' lang='grc' dir='ltr'>δὲ</span> <span class='ocrx_word' id='word_1_258' title='bbox 2267 1236 2604 1309; x_wconf 78' lang='grc' dir='ltr'><strong>χαλεπήνας,</strong></span> <span class='ocrx_word' id='word_1_259' title='bbox 2654 1235 2751 1290; x_wconf 83' lang='grc' dir='ltr'>τοῦ</span> <span class='ocrx_word' id='word_1_260' title='bbox 2804 1235 2967 1308; x_wconf 81' lang='grc' dir='ltr'>χοροῦ</span> <span class='ocrx_word' id='word_1_261' title='bbox 3012 1237 3115 1308; x_wconf 82' lang='grc' dir='ltr'>τὴν</span> <span class='ocrx_word' id='word_1_262' title='bbox 3166 1235 3484 1290; x_wconf 83' lang='grc' dir='ltr'>διδάσκαλον</span> <span class='ocrx_word' id='word_1_263' title='bbox 3521 1234 3757 1305; x_wconf 83' lang='grc' dir='ltr'>ἀχθῆναι</span> 
     </span>
    </p>
   </div>
   <div class='ocr_carea' id='block_1_40' title="bbox 2167 1324 3758 1401">
    <p class='ocr_par' dir='ltr' id='par_1_40' title="bbox 2167 1324 3758 1401">
     <span class='ocr_line' id='line_1_40' title="bbox 2167 1324 3758 1401; baseline -0.003 -18"><span class='ocrx_word' id='word_1_264' title='bbox 2167 1327 2476 1401; x_wconf 77' lang='grc' dir='ltr'>προσέταξε</span> <span class='ocrx_word' id='word_1_265' title='bbox 2504 1344 2518 1359; x_wconf 75' lang='grc'><strong><em>⁸</em></strong></span> <span class='ocrx_word' id='word_1_266' title='bbox 2559 1329 2658 1384; x_wconf 76' lang='grc' dir='ltr'><strong>καί</strong></span> <span class='ocrx_word' id='word_1_267' title='bbox 2680 1328 2862 1400; x_wconf 79' lang='grc' dir='ltr'>γῆρας</span> <span class='ocrx_word' id='word_1_268' title='bbox 2898 1328 3023 1383; x_wconf 86' lang='grc' dir='ltr'>ἰδὼν</span> <span class='ocrx_word' id='word_1_269' title='bbox 3055 1327 3236 1392; x_wconf 76' lang='grc' dir='ltr'>αἰδοῦς</span> <span class='ocrx_word' id='word_1_270' title='bbox 3266 1326 3589 1392; x_wconf 80' lang='grc' dir='ltr'><strong>ἀξιώτατον,</strong></span> <span class='ocrx_word' id='word_1_271' title='bbox 3629 1324 3758 1378; x_wconf 76' lang='grc' dir='ltr'>οὔτε</span> 
     </span>
    </p>
   </div>
   <div class='ocr_carea' id='block_1_41' title="bbox 2164 1415 3756 1492">
    <p class='ocr_par' dir='ltr' id='par_1_41' title="bbox 2164 1415 3756 1492">
     <span class='ocr_line' id='line_1_41' title="bbox 2164 1415 3756 1492; baseline -0.003 -19"><span class='ocrx_word' id='word_1_272' title='bbox 2164 1419 2261 1474; x_wconf 80' lang='grc' dir='ltr'><strong>τοῦ</strong></span> <span class='ocrx_word' id='word_1_273' title='bbox 2312 1420 2568 1491; x_wconf 82' lang='grc' dir='ltr'>σώματος</span> <span class='ocrx_word' id='word_1_274' title='bbox 2617 1421 2718 1492; x_wconf 78' lang='grc' dir='ltr'>τὴν</span> <span class='ocrx_word' id='word_1_275' title='bbox 2771 1418 2967 1474; x_wconf 85' lang='grc' dir='ltr'>πολιὰν</span> <span class='ocrx_word' id='word_1_276' title='bbox 3011 1418 3296 1491; x_wconf 77' lang='grc' dir='ltr'>ᾤκτειρεν,</span> <span class='ocrx_word' id='word_1_277' title='bbox 3341 1415 3468 1470; x_wconf 74' lang='grc' dir='ltr'>οὔτε</span> <span class='ocrx_word' id='word_1_278' title='bbox 3519 1416 3620 1487; x_wconf 78' lang='grc' dir='ltr'><strong>τὴν</strong></span> <span class='ocrx_word' id='word_1_279' title='bbox 3654 1416 3756 1485; x_wconf 78' lang='grc' dir='ltr'>τῆς</span> 
     </span>
    </p>
   </div>
   <div class='ocr_carea' id='block_1_42' title="bbox 2165 1508 3749 1584">
    <p class='ocr_par' dir='ltr' id='par_1_42' title="bbox 2165 1508 3749 1584">
     <span class='ocr_line' id='line_1_42' title="bbox 2165 1508 3749 1584; baseline -0.001 -21"><span class='ocrx_word' id='word_1_280' title='bbox 2165 1512 2343 1583; x_wconf 73' lang='grc' dir='ltr'>ψυχῆς</span> <span class='ocrx_word' id='word_1_281' title='bbox 2373 1512 2671 1584; x_wconf 82' lang='grc' dir='ltr'>τετίμηκεν</span> <span class='ocrx_word' id='word_1_282' title='bbox 2714 1511 2935 1584; x_wconf 77' lang='grc' dir='ltr'>ἀρετὴν,</span> <span class='ocrx_word' id='word_1_283' title='bbox 2978 1511 3116 1566; x_wconf 83' lang='grc' dir='ltr'>ἀλλὰ</span> <span class='ocrx_word' id='word_1_284' title='bbox 3150 1510 3263 1565; x_wconf 80' lang='grc' dir='ltr'>τισὶ</span> <span class='ocrx_word' id='word_1_285' title='bbox 3294 1511 3340 1543; x_wconf 72' lang='grc'>⁸³</span> <span class='ocrx_word' id='word_1_286' title='bbox 3365 1508 3475 1563; x_wconf 84' lang='grc' dir='ltr'><strong>τῶν</strong></span> <span class='ocrx_word' id='word_1_287' title='bbox 3522 1508 3749 1579; x_wconf 70' lang='grc' dir='ltr'>δορυφο-</span> 
     </span>
    </p>
   </div>
   <div class='ocr_carea' id='block_1_43' title="bbox 2169 1600 3755 1678">
    <p class='ocr_par' dir='ltr' id='par_1_43' title="bbox 2169 1600 3755 1678">
     <span class='ocr_line' id='line_1_43' title="bbox 2169 1600 3755 1678; baseline 0.001 -21"><span class='ocrx_word' id='word_1_288' title='bbox 2169 1620 2279 1675; x_wconf 87' lang='grc' dir='ltr'>ρων</span> <span class='ocrx_word' id='word_1_289' title='bbox 2310 1603 2598 1659; x_wconf 80' lang='grc' dir='ltr'>ὲκέλευσεν</span> <span class='ocrx_word' id='word_1_290' title='bbox 2631 1605 2724 1659; x_wconf 73' lang='grc' dir='ltr'>ἐπὶ</span> <span class='ocrx_word' id='word_1_291' title='bbox 2753 1605 2961 1678; x_wconf 70' lang='grc' dir='ltr'>κόρρης</span> <span class='ocrx_word' id='word_1_292' title='bbox 2984 1605 3030 1637; x_wconf 76' lang='grc'><strong>⁸³</strong></span> <span class='ocrx_word' id='word_1_293' title='bbox 3053 1601 3220 1675; x_wconf 76' lang='grc' dir='ltr'>αὐτὴν</span> <span class='ocrx_word' id='word_1_294' title='bbox 3246 1600 3515 1678; x_wconf 69' lang='grc' dir='ltr'>ἑκατέραις</span> <span class='ocrx_word' id='word_1_295' title='bbox 3538 1602 3755 1671; x_wconf 62' lang='grc' dir='ltr'>παῖσαι,</span> 
     </span>
    </p>
   </div>
   <div class='ocr_carea' id='block_1_44' title="bbox 2165 1694 3759 1770">
    <p class='ocr_par' dir='ltr' id='par_1_44' title="bbox 2165 1694 3759 1770">
     <span class='ocr_line' id='line_1_44' title="bbox 2165 1694 3759 1770; baseline 0.002 -21"><span class='ocrx_word' id='word_1_296' title='bbox 2165 1696 2261 1749; x_wconf 66' lang='grc' dir='ltr'>καὶ</span> <span class='ocrx_word' id='word_1_297' title='bbox 2312 1698 2434 1761; x_wconf 79' lang='grc' dir='ltr'>ταῖς</span> <span class='ocrx_word' id='word_1_298' title='bbox 2510 1697 2669 1770; x_wconf 85' lang='grc' dir='ltr'>χερσί</span> <span class='ocrx_word' id='word_1_299' title='bbox 2724 1697 2963 1770; x_wconf 79' lang='grc' dir='ltr'>φοινίξαι</span> <span class='ocrx_word' id='word_1_300' title='bbox 3012 1694 3112 1765; x_wconf 75' lang='grc' dir='ltr'><strong>τὰς</strong></span> <span class='ocrx_word' id='word_1_301' title='bbox 3163 1699 3420 1769; x_wconf 83' lang='grc' dir='ltr'>παρειάς.</span> <span class='ocrx_word' id='word_1_302' title='bbox 3466 1698 3530 1752; x_wconf 83' lang='grc' dir='ltr'><strong>Ἦ</strong></span> <span class='ocrx_word' id='word_1_303' title='bbox 3581 1697 3638 1752; x_wconf 85' lang='grc' dir='ltr'>δὲ</span> <span class='ocrx_word' id='word_1_304' title='bbox 3679 1699 3759 1762; x_wconf 84' lang='grc' dir='ltr'>ὠς</span> 
     </span>
    </p>
   </div>
   <div class='ocr_carea' id='block_1_45' title="bbox 2165 1787 3771 1866">
    <p class='ocr_par' dir='ltr' id='par_1_45' title="bbox 2165 1787 3771 1866">
     <span class='ocr_line' id='line_1_45' title="bbox 2165 1787 3771 1866; baseline -0.004 -18"><span class='ocrx_word' id='word_1_305' title='bbox 2165 1787 2345 1859; x_wconf 78' lang='grc' dir='ltr'>ἄκραν</span> <span class='ocrx_word' id='word_1_306' title='bbox 2387 1787 2555 1866; x_wconf 68' lang='grc' dir='ltr'>τιμὴν</span> <span class='ocrx_word' id='word_1_307' title='bbox 2595 1787 2866 1865; x_wconf 78' lang='grc' dir='ltr'>δεξαμένη</span> <span class='ocrx_word' id='word_1_308' title='bbox 2907 1793 3007 1866; x_wconf 81' lang='grc' dir='ltr'>τὴν</span> <span class='ocrx_word' id='word_1_309' title='bbox 3034 1791 3285 1863; x_wconf 80' lang='grc' dir='ltr'>ἀτιμίαν,</span> <span class='ocrx_word' id='word_1_310' title='bbox 3324 1789 3619 1860; x_wconf 71' lang='grc' dir='ltr'>ἀνελήλυθε</span> <span class='ocrx_word' id='word_1_311' title='bbox 3658 1789 3771 1860; x_wconf 68' lang='grc' dir='ltr'>μὲν</span> 
     </span>
    </p>
   </div>
   <div class='ocr_carea' id='block_1_46' title="bbox 2166 1880 3759 1958">
    <p class='ocr_par' dir='ltr' id='par_1_46' title="bbox 2166 1880 3759 1958">
     <span class='ocr_line' id='line_1_46' title="bbox 2166 1880 3759 1958; baseline -0.003 -19"><span class='ocrx_word' id='word_1_312' title='bbox 2166 1880 2249 1948; x_wconf 74' lang='grc' dir='ltr'>εἷς</span> <span class='ocrx_word' id='word_1_313' title='bbox 2279 1884 2341 1938; x_wconf 81' lang='grc' dir='ltr'>τὸ</span> <span class='ocrx_word' id='word_1_314' title='bbox 2394 1884 2687 1955; x_wconf 87' lang='grc' dir='ltr'>δωμάτιον,</span> <span class='ocrx_word' id='word_1_315' title='bbox 2724 1887 2969 1958; x_wconf 79' lang='grc' dir='ltr'><strong>συνήθως</strong></span> <span class='ocrx_word' id='word_1_316' title='bbox 3012 1885 3067 1938; x_wconf 79' lang='grc' dir='ltr'>δὲ</span> <span class='ocrx_word' id='word_1_317' title='bbox 3118 1882 3284 1937; x_wconf 72' lang='grc' dir='ltr'>αὐτὸν</span> <span class='ocrx_word' id='word_1_318' title='bbox 3307 1884 3430 1946; x_wconf 86' lang='grc' dir='ltr'>ταῖς</span> <span class='ocrx_word' id='word_1_319' title='bbox 3459 1898 3759 1951; x_wconf 73' lang='grc' dir='ltr'>πνευματιο</span> 
     </span>
    </p>
   </div>
   <div class='ocr_carea' id='block_1_47' title="bbox 2167 1974 3760 2049">
    <p class='ocr_par' dir='ltr' id='par_1_47' title="bbox 2167 1974 3760 2049">
     <span class='ocr_line' id='line_1_47' title="bbox 2167 1974 3760 2049; baseline -0.003 -18"><span class='ocrx_word' id='word_1_320' title='bbox 2167 1980 2295 2042; x_wconf 85' lang='grc' dir='ltr'><strong>καῖς</strong></span> <span class='ocrx_word' id='word_1_321' title='bbox 2351 1976 2545 2030; x_wconf 73' lang='grc' dir='ltr'>ἔϐαλλε</span> <span class='ocrx_word' id='word_1_322' title='bbox 2593 1977 2905 2049; x_wconf 79' lang='grc' dir='ltr'>μελῳδίαις,</span> <span class='ocrx_word' id='word_1_323' title='bbox 2957 1976 3215 2048; x_wconf 87' lang='grc' dir='ltr'>καθάπερ</span> <span class='ocrx_word' id='word_1_324' title='bbox 3249 1976 3277 2029; x_wconf 98' lang='lat'><strong>6</strong></span> <span class='ocrx_word' id='word_1_325' title='bbox 3329 1974 3430 2045; x_wconf 84' lang='grc' dir='ltr'>τῆς</span> <span class='ocrx_word' id='word_1_326' title='bbox 3487 1974 3760 2045; x_wconf 78' lang='grc' dir='ltr'>μελῳδίας</span> 
     </span>
    </p>
   </div>
   <div class='ocr_carea' id='block_1_48' title="bbox 2166 2066 3765 2141">
    <p class='ocr_par' dir='ltr' id='par_1_48' title="bbox 2166 2066 3765 2141">
     <span class='ocr_line' id='line_1_48' title="bbox 2166 2066 3765 2141; baseline -0.003 -19"><span class='ocrx_word' id='word_1_327' title='bbox 2166 2071 2384 2140; x_wconf 79' lang='grc' dir='ltr'>ἐκείνης</span> <span class='ocrx_word' id='word_1_328' title='bbox 2410 2072 2764 2141; x_wconf 73' lang='grc' dir='ltr'>συγγραφεὺς</span> <span class='ocrx_word' id='word_1_329' title='bbox 2787 2071 2883 2125; x_wconf 70' lang='grc' dir='ltr'>καὶ</span> <span class='ocrx_word' id='word_1_330' title='bbox 2897 2069 3220 2133; x_wconf 85' lang='grc' dir='ltr'>διδάσκαλος</span> <span class='ocrx_word' id='word_1_331' title='bbox 3243 2066 3305 2121; x_wconf 80' lang='grc' dir='ltr'>τὸ</span> <span class='ocrx_word' id='word_1_332' title='bbox 3326 2066 3564 2139; x_wconf 74' lang='grc' dir='ltr'>πονηρὸν</span> <span class='ocrx_word' id='word_1_333' title='bbox 3583 2067 3765 2119; x_wconf 67' lang='grc' dir='ltr'>ἐκεῖνον</span> 
     </span>
    </p>
   </div>
   <div class='ocr_carea' id='block_1_49' title="bbox 2167 2159 3401 2235">
    <p class='ocr_par' dir='ltr' id='par_1_49' title="bbox 2167 2159 3401 2235">
     <span class='ocr_line' id='line_1_49' title="bbox 2167 2159 3401 2235; baseline -0.003 -18"><span class='ocrx_word' id='word_1_334' title='bbox 2167 2162 2444 2218; x_wconf 80' lang='grc' dir='ltr'>κατέπαυε</span> <span class='ocrx_word' id='word_1_335' title='bbox 2469 2162 2685 2235; x_wconf 81' lang='grc' dir='ltr'>πνεῦμα</span> <span class='ocrx_word' id='word_1_336' title='bbox 2719 2162 2780 2217; x_wconf 78' lang='grc' dir='ltr'>τὸ</span> <span class='ocrx_word' id='word_1_337' title='bbox 2807 2162 2884 2234; x_wconf 82' lang='grc' dir='ltr'><strong>τῷ</strong></span> <span class='ocrx_word' id='word_1_338' title='bbox 2914 2163 3087 2218; x_wconf 81' lang='grc' dir='ltr'>Σαοὺλ</span> <span class='ocrx_word' id='word_1_339' title='bbox 3128 2159 3401 2232; x_wconf 76' lang='grc' dir='ltr'>ἐνοχλοῦν.</span> 
     </span>
    </p>
   </div>
   <div class='ocr_carea' id='block_1_50' title="bbox 2752 2255 3162 2309">
    <p class='ocr_par' dir='ltr' id='par_1_50' title="bbox 2752 2255 3162 2309">
     <span class='ocr_line' id='line_1_50' title="bbox 2752 2255 3162 2309; baseline -0.002 0"><span class='ocrx_word' id='word_1_340' title='bbox 2752 2255 3005 2309; x_wconf 74' lang='grc' dir='ltr'><strong>ΚΕΦΑΛ.</strong></span> <span class='ocrx_word' id='word_1_341' title='bbox 3062 2255 3162 2308; x_wconf 86' lang='grc' dir='ltr'><strong>ῙΕ’.</strong></span> 
     </span>
    </p>
   </div>
   <div class='ocr_carea' id='block_1_51' title="bbox 2167 2344 3758 2421">
    <p class='ocr_par' dir='ltr' id='par_1_51' title="bbox 2167 2344 3758 2421">
     <span class='ocr_line' id='line_1_51' title="bbox 2167 2344 3758 2421; baseline -0.003 -17"><span class='ocrx_word' id='word_1_342' title='bbox 2167 2347 2320 2421; x_wconf 59' lang='lat' dir='ltr'><strong>[HQ]</strong></span> <span class='ocrx_word' id='word_1_343' title='bbox 2350 2349 2425 2404; x_wconf 87' lang='grc' dir='ltr'><em>Τὰ</em></span> <span class='ocrx_word' id='word_1_344' title='bbox 2448 2348 2599 2405; x_wconf 83' lang='grc' dir='ltr'>κατὰ</span> <span class='ocrx_word' id='word_1_345' title='bbox 2637 2347 2982 2421; x_wconf 66' lang='grc' dir='ltr'>Ἰουδαίους,</span> <span class='ocrx_word' id='word_1_346' title='bbox 3015 2347 3114 2421; x_wconf 78' lang='grc' dir='ltr'>καὶ</span> <span class='ocrx_word' id='word_1_347' title='bbox 3144 2346 3263 2411; x_wconf 81' lang='grc' dir='ltr'><strong>τὴν</strong></span> <span class='ocrx_word' id='word_1_348' title='bbox 3285 2346 3398 2421; x_wconf 72' lang='grc' dir='ltr'>τῆς</span> <span class='ocrx_word' id='word_1_349' title='bbox 3428 2344 3758 2421; x_wconf 68' lang='grc' dir='ltr'>οἰκοδομῆς</span> 
     </span>
    </p>
   </div>
   <div class='ocr_carea' id='block_1_52' title="bbox 2237 2414 3762 2489">
    <p class='ocr_par' dir='ltr' id='par_1_52' title="bbox 2237 2414 3762 2489">
     <span class='ocr_line' id='line_1_52' title="bbox 2237 2414 3762 2489; baseline -0.005 -14"><span class='ocrx_word' id='word_1_350' title='bbox 2237 2414 2636 2489; x_wconf 64' lang='grc' dir='ltr'>ἐπιχείρησιν,</span> <span class='ocrx_word' id='word_1_351' title='bbox 2698 2419 2800 2473; x_wconf 76' lang='grc' dir='ltr'>καὶ</span> <span class='ocrx_word' id='word_1_352' title='bbox 2864 2414 2975 2486; x_wconf 60' lang='grc' dir='ltr'>τὰς</span> <span class='ocrx_word' id='word_1_353' title='bbox 3050 2417 3484 2487; x_wconf 81' lang='grc' dir='ltr'>ἐπενεχθείσας</span> <span class='ocrx_word' id='word_1_354' title='bbox 3550 2414 3762 2481; x_wconf 80' lang='grc' dir='ltr'>αὐτοῖς</span> 
     </span>
    </p>
   </div>
   <div class='ocr_carea' id='block_1_53' title="bbox 2239 2489 2869 2561">
    <p class='ocr_par' dir='ltr' id='par_1_53' title="bbox 2239 2489 2869 2561">
     <span class='ocr_line' id='line_1_53' title="bbox 2239 2489 2869 2561; baseline -0.003 -15"><span class='ocrx_word' id='word_1_355' title='bbox 2239 2491 2575 2559; x_wconf 77' lang='grc' dir='ltr'>θεηλάτους</span> <span class='ocrx_word' id='word_1_356' title='bbox 2607 2489 2869 2561; x_wconf 73' lang='grc' dir='ltr'>πληγάς.</span> 
     </span>
    </p>
   </div>
   <div class='ocr_carea' id='block_1_54' title="bbox 2237 2576 3760 2653">
    <p class='ocr_par' dir='ltr' id='par_1_54' title="bbox 2237 2576 3760 2653">
     <span class='ocr_line' id='line_1_54' title="bbox 2237 2576 3760 2653; baseline -0.005 -16"><span class='ocrx_word' id='word_1_357' title='bbox 2237 2584 2348 2638; x_wconf 74' lang='grc' dir='ltr'><strong>Καὶ</strong></span> <span class='ocrx_word' id='word_1_358' title='bbox 2398 2582 2509 2653; x_wconf 85' lang='grc' dir='ltr'><strong>γὰρ</strong></span> <span class='ocrx_word' id='word_1_359' title='bbox 2558 2576 2732 2647; x_wconf 62' lang='grc' dir='ltr'>οὗτος,</span> <span class='ocrx_word' id='word_1_360' title='bbox 2770 2582 2899 2645; x_wconf 76' lang='grc' dir='ltr'>τοὺς</span> <span class='ocrx_word' id='word_1_361' title='bbox 2948 2580 3255 2652; x_wconf 81' lang='grc' dir='ltr'>ἀλάστορας</span> <span class='ocrx_word' id='word_1_362' title='bbox 3321 2576 3760 2648; x_wconf 83' lang='grc' dir='ltr'>εἰσοικισάμενος</span> 
     </span>
    </p>
   </div>
   <div class='ocr_carea' id='block_1_55' title="bbox 2165 2668 3762 2749">
    <p class='ocr_par' dir='ltr' id='par_1_55' title="bbox 2165 2668 3762 2749">
     <span class='ocr_line' id='line_1_55' title="bbox 2165 2668 3762 2749; baseline -0.008 -17"><span class='ocrx_word' id='word_1_363' title='bbox 2165 2678 2449 2749; x_wconf 84' lang='grc' dir='ltr'>δαίμονας,</span> <span class='ocrx_word' id='word_1_364' title='bbox 2483 2673 2859 2747; x_wconf 80' lang='grc' dir='ltr'>κορυὸαντιῶν</span> <span class='ocrx_word' id='word_1_365' title='bbox 2887 2672 3133 2736; x_wconf 80' lang='grc' dir='ltr'>διετέλει,</span> <span class='ocrx_word' id='word_1_366' title='bbox 3179 2673 3274 2726; x_wconf 75' lang='grc' dir='ltr'>καὶ</span> <span class='ocrx_word' id='word_1_367' title='bbox 3302 2670 3443 2724; x_wconf 84' lang='grc' dir='ltr'>κατὰ</span> <span class='ocrx_word' id='word_1_368' title='bbox 3470 2669 3571 2738; x_wconf 82' lang='grc' dir='ltr'><strong>τῆς</strong></span> <span class='ocrx_word' id='word_1_369' title='bbox 3602 2668 3762 2720; x_wconf 78' lang='grc' dir='ltr'>εὐσε-</span> 
     </span>
    </p>
   </div>
   <div class='ocr_carea' id='block_1_56' title="bbox 2166 2758 3760 2839">
    <p class='ocr_par' dir='ltr' id='par_1_56' title="bbox 2166 2758 3760 2839">
     <span class='ocr_line' id='line_1_56' title="bbox 2166 2758 3760 2839; baseline -0.007 -17"><span class='ocrx_word' id='word_1_370' title='bbox 2166 2768 2319 2832; x_wconf 77' lang='grc' dir='ltr'>ϐείας</span> <span class='ocrx_word' id='word_1_371' title='bbox 2342 2766 2572 2821; x_wconf 85' lang='grc' dir='ltr'>λυττῶν.</span> <span class='ocrx_word' id='word_1_372' title='bbox 2606 2765 2706 2819; x_wconf 87' lang='grc' dir='ltr'>Διά</span> <span class='ocrx_word' id='word_1_373' title='bbox 2735 2764 2845 2839; x_wconf 81' lang='grc' dir='ltr'><strong>γάρ</strong></span> <span class='ocrx_word' id='word_1_374' title='bbox 2872 2765 2937 2837; x_wconf 75' lang='grc' dir='ltr'>δὴ</span> <span class='ocrx_word' id='word_1_375' title='bbox 2970 2764 3130 2818; x_wconf 74' lang='grc' dir='ltr'>τοῦτο</span> <span class='ocrx_word' id='word_1_376' title='bbox 3160 2763 3256 2817; x_wconf 75' lang='grc' dir='ltr'><strong>καί</strong></span> <span class='ocrx_word' id='word_1_377' title='bbox 3299 2763 3424 2827; x_wconf 81' lang='grc' dir='ltr'>τοὺς</span> <span class='ocrx_word' id='word_1_378' title='bbox 3467 2758 3760 2823; x_wconf 81' lang='grc' dir='ltr'>Ἰουδαίους</span> 
     </span>
    </p>
   </div>
   <div class='ocr_carea' id='block_1_57' title="bbox 2167 2853 3750 2926">
    <p class='ocr_par' dir='ltr' id='par_1_57' title="bbox 2167 2853 3750 2926">
     <span class='ocr_line' id='line_1_57' title="bbox 2167 2853 3750 2926; baseline -0.008 -10"><span class='ocrx_word' id='word_1_379' title='bbox 2167 2862 2287 2916; x_wconf 83' lang='grc' dir='ltr'>κατ’</span> <span class='ocrx_word' id='word_1_380' title='bbox 2345 2859 2529 2913; x_wconf 81' lang='grc' dir='ltr'>αὐτῶν</span> <span class='ocrx_word' id='word_1_381' title='bbox 2573 2857 2888 2913; x_wconf 82' lang='grc' dir='ltr'>καθώπλισε</span> <span class='ocrx_word' id='word_1_382' title='bbox 2935 2857 2982 2890; x_wconf 70' lang='grc'><strong>⁸⁸</strong></span> <span class='ocrx_word' id='word_1_383' title='bbox 3035 2856 3142 2911; x_wconf 84' lang='grc' dir='ltr'><strong>τῶν</strong></span> <span class='ocrx_word' id='word_1_384' title='bbox 3186 2856 3267 2919; x_wconf 85' lang='grc' dir='ltr'><strong>εἰς</strong></span> <span class='ocrx_word' id='word_1_385' title='bbox 3312 2853 3550 2926; x_wconf 76' lang='grc' dir='ltr'>Χριστὸν</span> <span class='ocrx_word' id='word_1_386' title='bbox 3593 2868 3750 2906; x_wconf 88' lang='grc' dir='ltr'>πεπι-</span> 
     </span>
    </p>
   </div>
   <div class='ocr_carea' id='block_1_58' title="bbox 2167 2945 3757 3023">
    <p class='ocr_par' dir='ltr' id='par_1_58' title="bbox 2167 2945 3757 3023">
     <span class='ocr_line' id='line_1_58' title="bbox 2167 2945 3757 3023; baseline -0.008 -15"><span class='ocrx_word' id='word_1_387' title='bbox 2167 2952 2514 3009; x_wconf 64' lang='grc' dir='ltr'>στευκότων</span> <span class='ocrx_word' id='word_1_388' title='bbox 2583 2951 2681 3006; x_wconf 80' lang='grc' dir='ltr'>καὶ</span> <span class='ocrx_word' id='word_1_389' title='bbox 2734 2950 2954 3023; x_wconf 86' lang='grc' dir='ltr'>πρῶτον</span> <span class='ocrx_word' id='word_1_390' title='bbox 3006 2949 3108 3021; x_wconf 75' lang='grc' dir='ltr'>μὲν</span> <span class='ocrx_word' id='word_1_391' title='bbox 3169 2947 3371 3011; x_wconf 78' lang='grc' dir='ltr'>αὐτοὺς</span> <span class='ocrx_word' id='word_1_392' title='bbox 3426 2945 3757 3007; x_wconf 76' lang='grc' dir='ltr'>συναλίσας,</span> 
     </span>
    </p>
   </div>
   <div class='ocr_carea' id='block_1_59' title="bbox 2165 3036 3761 3117">
    <p class='ocr_par' dir='ltr' id='par_1_59' title="bbox 2165 3036 3761 3117">
     <span class='ocr_line' id='line_1_59' title="bbox 2165 3036 3761 3117; baseline -0.007 -19"><span class='ocrx_word' id='word_1_393' title='bbox 2165 3045 2331 3117; x_wconf 72' lang='grc' dir='ltr'>ἤρετο</span> <span class='ocrx_word' id='word_1_394' title='bbox 2363 3043 2416 3097; x_wconf 90' lang='grc' dir='ltr'><strong>τί</strong></span> <span class='ocrx_word' id='word_1_395' title='bbox 2453 3042 2518 3113; x_wconf 88' lang='grc' dir='ltr'>δή</span> <span class='ocrx_word' id='word_1_396' title='bbox 2549 3058 2704 3108; x_wconf 89' lang='grc' dir='ltr'>ποτε,</span> <span class='ocrx_word' id='word_1_397' title='bbox 2733 3040 2828 3096; x_wconf 82' lang='grc' dir='ltr'>τοῦ</span> <span class='ocrx_word' id='word_1_398' title='bbox 2870 3040 3042 3112; x_wconf 83' lang='grc' dir='ltr'>νόμου</span> <span class='ocrx_word' id='word_1_399' title='bbox 3079 3038 3228 3094; x_wconf 87' lang='grc' dir='ltr'>θύειν</span> <span class='ocrx_word' id='word_1_400' title='bbox 3260 3036 3599 3101; x_wconf 85' lang='grc' dir='ltr'>κελεύοντος,</span> <span class='ocrx_word' id='word_1_401' title='bbox 3636 3036 3761 3098; x_wconf 84' lang='grc' dir='ltr'>ταῖς</span> 
     </span>
    </p>
   </div>
   <div class='ocr_carea' id='block_1_60' title="bbox 2167 3128 3761 3206">
    <p class='ocr_par' dir='ltr' id='par_1_60' title="bbox 2167 3128 3761 3206">
     <span class='ocr_line' id='line_1_60' title="bbox 2167 3128 3761 3206; baseline -0.005 -16"><span class='ocrx_word' id='word_1_402' title='bbox 2167 3135 2384 3199; x_wconf 76' lang='grc' dir='ltr'>θυσίαις</span> <span class='ocrx_word' id='word_1_403' title='bbox 2439 3135 2503 3188; x_wconf 86' lang='grc' dir='ltr'><strong>ού</strong></span> <span class='ocrx_word' id='word_1_404' title='bbox 2553 3133 2818 3206; x_wconf 84' lang='grc' dir='ltr'>χρῶνται.</span> <span class='ocrx_word' id='word_1_405' title='bbox 2872 3132 3093 3204; x_wconf 84' lang='grc' dir='ltr'>Ἐπειδὴ</span> <span class='ocrx_word' id='word_1_406' title='bbox 3126 3132 3184 3185; x_wconf 86' lang='grc' dir='ltr'>δὲ</span> <span class='ocrx_word' id='word_1_407' title='bbox 3232 3130 3443 3201; x_wconf 76' lang='grc' dir='ltr'>ἔφασαν</span> <span class='ocrx_word' id='word_1_408' title='bbox 3486 3131 3569 3183; x_wconf 71' lang='grc' dir='ltr'><strong>ἐνὶ</strong></span> <span class='ocrx_word' id='word_1_409' title='bbox 3604 3128 3761 3197; x_wconf 82' lang='grc' dir='ltr'>τόπῳ</span> 
     </span>
    </p>
   </div>
   <div class='ocr_carea' id='block_1_61' title="bbox 469 3216 2065 3301">
    <p class='ocr_par' dir='ltr' id='par_1_61' title="bbox 469 3216 2061 3289">
     <span class='ocr_line' id='line_1_61' title="bbox 469 3216 2061 3289; baseline 0.001 -17"><span class='ocrx_word' id='word_1_410' title='bbox 469 3232 632 3272; x_wconf 84' lang='lat' dir='ltr'><strong>suum</strong></span> <span class='ocrx_word' id='word_1_411' title='bbox 678 3231 794 3272; x_wconf 88' lang='lat' dir='ltr'><strong>uno</strong></span> <span class='ocrx_word' id='word_1_412' title='bbox 844 3216 992 3285; x_wconf 88' lang='lat' dir='ltr'><strong>loco,</strong></span> <span class='ocrx_word' id='word_1_413' title='bbox 1033 3217 1285 3287; x_wconf 88' lang='lat' dir='ltr'><strong>protinus</strong></span> <span class='ocrx_word' id='word_1_414' title='bbox 1322 3219 1647 3274; x_wconf 85' lang='lat' dir='ltr'><strong>subversum</strong></span> <span class='ocrx_word' id='word_1_415' title='bbox 1684 3218 1955 3289; x_wconf 83' lang='lat' dir='ltr'><strong>templum</strong></span> <span class='ocrx_word' id='word_1_416' title='bbox 1978 3218 2061 3273; x_wconf 86' lang='lat' dir='ltr'><strong>in-</strong></span> 
     </span>
    </p>
   </div>
   <div class='ocr_carea' id='block_1_62' title="bbox 2166 3216 3757 3301">
    <p class='ocr_par' dir='ltr' id='par_1_62' title="bbox 2168 3220 3757 3301">
     <span class='ocr_line' id='line_1_62' title="bbox 2168 3220 3757 3301; baseline -0.006 -18"><span class='ocrx_word' id='word_1_417' title='bbox 2168 3228 2275 3301; x_wconf 78' lang='grc' dir='ltr'>τὴν</span> <span class='ocrx_word' id='word_1_418' title='bbox 2299 3229 2571 3301; x_wconf 79' lang='grc' dir='ltr'>σφετέραν</span> <span class='ocrx_word' id='word_1_419' title='bbox 2618 3225 3068 3300; x_wconf 76' lang='grc' dir='ltr'>περιτετράφθαι</span> <span class='ocrx_word' id='word_1_420' title='bbox 3114 3224 3399 3296; x_wconf 57' lang='grc' dir='ltr'>λατρείαν,</span> <span class='ocrx_word' id='word_1_421' title='bbox 3440 3220 3757 3295; x_wconf 86' lang='grc' dir='ltr'>παραυτίκα</span> 
     </span>
    </p>
   </div>
   <div class='ocr_carea' id='block_1_63' title="bbox 469 3307 2062 3381">
    <p class='ocr_par' dir='ltr' id='par_1_63' title="bbox 469 3307 2062 3381">
     <span class='ocr_line' id='line_1_63' title="bbox 469 3307 2062 3381; baseline 0.001 -16"><span class='ocrx_word' id='word_1_422' title='bbox 469 3309 711 3365; x_wconf 83' lang='lat' dir='ltr'><strong>staurari</strong></span> <span class='ocrx_word' id='word_1_423' title='bbox 751 3307 923 3380; x_wconf 89' lang='lat' dir='ltr'><strong>jussit</strong></span> <span class='ocrx_word' id='word_1_424' title='bbox 960 3308 1141 3366; x_wconf 89' lang='lat' dir='ltr'><strong>hostis</strong></span> <span class='ocrx_word' id='word_1_425' title='bbox 1168 3308 1289 3374; x_wconf 88' lang='lat' dir='ltr'><strong>Dei,</strong></span> <span class='ocrx_word' id='word_1_426' title='bbox 1333 3324 1568 3381; x_wconf 85' lang='lat' dir='ltr'><strong>sperans</strong></span> <span class='ocrx_word' id='word_1_427' title='bbox 1604 3310 1835 3367; x_wconf 84' lang='lat' dir='ltr'><strong>demens</strong></span> <span class='ocrx_word' id='word_1_428' title='bbox 1875 3310 2062 3367; x_wconf 86' lang='lat' dir='ltr'><strong>Domi-</strong></span> 
     </span>
    </p>
   </div>
   <div class='ocr_carea' id='block_1_64' title="bbox 467 3401 2066 3481">
    <p class='ocr_par' dir='ltr' id='par_1_64' title="bbox 467 3401 2066 3481">
     <span class='ocr_line' id='line_1_64' title="bbox 467 3401 2066 3481; baseline 0.003 -24"><span class='ocrx_word' id='word_1_429' title='bbox 467 3403 653 3458; x_wconf 89' lang='lat' dir='ltr'><strong>nicam</strong></span> <span class='ocrx_word' id='word_1_430' title='bbox 687 3402 1098 3473; x_wconf 67' lang='lat' dir='ltr'><strong>praedictionem</strong></span> <span class='ocrx_word' id='word_1_431' title='bbox 1130 3417 1191 3460; x_wconf 91' lang='lat' dir='ltr'><strong>se</strong></span> <span class='ocrx_word' id='word_1_432' title='bbox 1227 3401 1350 3458; x_wconf 81' lang='lat' dir='ltr'><strong>falsi</strong></span> <span class='ocrx_word' id='word_1_433' title='bbox 1378 3403 1786 3470; x_wconf 89' lang='lat' dir='ltr'><strong>convicturum,</strong></span> <span class='ocrx_word' id='word_1_434' title='bbox 1810 3405 1909 3481; x_wconf 84' lang='lat' dir='ltr'><strong>qui</strong></span> <span class='ocrx_word' id='word_1_435' title='bbox 1943 3405 2066 3476; x_wconf 89' lang='lat' dir='ltr'><strong>ejus</strong></span> 
     </span>
    </p>
   </div>
   <div class='ocr_carea' id='block_1_65' title="bbox 469 3493 2065 3567">
    <p class='ocr_par' dir='ltr' id='par_1_65' title="bbox 469 3493 2065 3567">
     <span class='ocr_line' id='line_1_65' title="bbox 469 3493 2065 3567; baseline 0.006 -22"><span class='ocrx_word' id='word_1_436' title='bbox 469 3493 759 3549; x_wconf 85' lang='lat' dir='ltr'><strong>veritatem</strong></span> <span class='ocrx_word' id='word_1_437' title='bbox 806 3493 983 3566; x_wconf 87' lang='lat' dir='ltr'><strong>magis</strong></span> <span class='ocrx_word' id='word_1_438' title='bbox 1029 3495 1398 3552; x_wconf 85' lang='lat' dir='ltr'><strong>conﬁrmavit.</strong></span> <span class='ocrx_word' id='word_1_439' title='bbox 1440 3494 1578 3550; x_wconf 89' lang='lat' dir='ltr'><strong>Nam</strong></span> <span class='ocrx_word' id='word_1_440' title='bbox 1637 3495 1758 3567; x_wconf 76' lang='lat' dir='ltr'><strong>ejus</strong></span> <span class='ocrx_word' id='word_1_441' title='bbox 1811 3498 2065 3555; x_wconf 87' lang='lat' dir='ltr'><strong>oratione</strong></span> 
     </span>
    </p>
   </div>
   <div class='ocr_carea' id='block_1_66' title="bbox 470 3585 2060 3657">
    <p class='ocr_par' dir='ltr' id='par_1_66' title="bbox 470 3585 2060 3657">
     <span class='ocr_line' id='line_1_66' title="bbox 470 3585 2060 3657; baseline 0.004 -17"><span class='ocrx_word' id='word_1_442' title='bbox 470 3586 764 3656; x_wconf 86' lang='lat' dir='ltr'><strong>propensis</strong></span> <span class='ocrx_word' id='word_1_443' title='bbox 799 3585 1004 3642; x_wconf 88' lang='lat' dir='ltr'><strong>animis</strong></span> <span class='ocrx_word' id='word_1_444' title='bbox 1027 3587 1239 3655; x_wconf 88' lang='lat' dir='ltr'><strong>audita,</strong></span> <span class='ocrx_word' id='word_1_445' title='bbox 1268 3587 1570 3645; x_wconf 88' lang='lat' dir='ltr'><strong>tribulibus</strong></span> <span class='ocrx_word' id='word_1_446' title='bbox 1610 3590 1731 3647; x_wconf 90' lang='lat' dir='ltr'><strong>suis</strong></span> <span class='ocrx_word' id='word_1_447' title='bbox 1758 3590 2060 3657; x_wconf 87' lang='lat' dir='ltr'><strong>universis,</strong></span> 
     </span>
    </p>
   </div>
   <div class='ocr_carea' id='block_1_67' title="bbox 470 3677 2066 3753">
    <p class='ocr_par' dir='ltr' id='par_1_67' title="bbox 470 3677 2066 3753">
     <span class='ocr_line' id='line_1_67' title="bbox 470 3677 2066 3753; baseline 0.004 -24"><span class='ocrx_word' id='word_1_448' title='bbox 470 3677 565 3747; x_wconf 71' lang='lat' dir='ltr'><strong>qui</strong></span> <span class='ocrx_word' id='word_1_449' title='bbox 591 3691 689 3747; x_wconf 88' lang='lat' dir='ltr'><strong>per</strong></span> <span class='ocrx_word' id='word_1_450' title='bbox 724 3677 915 3733; x_wconf 84' lang='lat' dir='ltr'><strong>orbem</strong></span> <span class='ocrx_word' id='word_1_451' title='bbox 952 3686 1225 3734; x_wconf 83' lang='lat' dir='ltr'><strong>terrarum</strong></span> <span class='ocrx_word' id='word_1_452' title='bbox 1259 3678 1501 3751; x_wconf 86' lang='lat' dir='ltr'><strong>dispersi</strong></span> <span class='ocrx_word' id='word_1_453' title='bbox 1530 3688 1714 3746; x_wconf 89' lang='lat' dir='ltr'><strong>erant,</strong></span> <span class='ocrx_word' id='word_1_454' title='bbox 1748 3681 2066 3753; x_wconf 67' lang='lat' dir='ltr'><strong>quaeimpe-</strong></span> 
     </span>
    </p>
   </div>
   <div class='ocr_carea' id='block_1_68' title="bbox 468 3768 2062 3844">
    <p class='ocr_par' dir='ltr' id='par_1_68' title="bbox 468 3768 2062 3844">
     <span class='ocr_line' id='line_1_68' title="bbox 468 3768 2062 3844; baseline 0.003 -17"><span class='ocrx_word' id='word_1_455' title='bbox 468 3777 589 3827; x_wconf 76' lang='lat' dir='ltr'><strong>rata</strong></span> <span class='ocrx_word' id='word_1_456' title='bbox 610 3768 829 3827; x_wconf 80' lang='lat' dir='ltr'><strong>fuerant</strong></span> <span class='ocrx_word' id='word_1_457' title='bbox 849 3770 1252 3844; x_wconf 82' lang='lat' dir='ltr'><strong>signiﬁcarunt.</strong></span> <span class='ocrx_word' id='word_1_458' title='bbox 1277 3773 1379 3841; x_wconf 85' lang='lat' dir='ltr'><strong>Qui</strong></span> <span class='ocrx_word' id='word_1_459' title='bbox 1414 3772 1658 3844; x_wconf 77' lang='lat' dir='ltr'><strong>undiqu’e</strong></span> <span class='ocrx_word' id='word_1_460' title='bbox 1684 3782 2062 3841; x_wconf 81' lang='lat' dir='ltr'><strong>accurrentes,</strong></span> 
     </span>
    </p>
   </div>
   <div class='ocr_carea' id='block_1_69' title="bbox 466 3866 2063 3938">
    <p class='ocr_par' dir='ltr' id='par_1_69' title="bbox 466 3866 2063 3938">
     <span class='ocr_line' id='line_1_69' title="bbox 466 3866 2063 3938; baseline 0.003 -19"><span class='ocrx_word' id='word_1_461' title='bbox 466 3872 523 3919; x_wconf 83' lang='lat' dir='ltr'><strong>et</strong></span> <span class='ocrx_word' id='word_1_462' title='bbox 552 3866 817 3936; x_wconf 88' lang='lat' dir='ltr'><strong>pecunias</strong></span> <span class='ocrx_word' id='word_1_463' title='bbox 840 3873 895 3922; x_wconf 89' lang='lat' dir='ltr'><strong>et</strong></span> <span class='ocrx_word' id='word_1_464' title='bbox 923 3875 1238 3938; x_wconf 82' lang='lat' dir='ltr'><strong>promptum</strong></span> <span class='ocrx_word' id='word_1_465' title='bbox 1274 3868 1516 3924; x_wconf 89' lang='lat' dir='ltr'><strong>studium</strong></span> <span class='ocrx_word' id='word_1_466' title='bbox 1542 3869 1611 3924; x_wconf 90' lang='lat' dir='ltr'><strong>ad</strong></span> <span class='ocrx_word' id='word_1_467' title='bbox 1640 3868 2063 3925; x_wconf 65' lang='lat' dir='ltr'><strong>aediﬁcationem</strong></span> 
     </span>
    </p>
   </div>
   <div class='ocr_carea' id='block_1_70' title="bbox 467 3957 2060 4033">
    <p class='ocr_par' dir='ltr' id='par_1_70' title="bbox 467 3957 2060 4033">
     <span class='ocr_line' id='line_1_70' title="bbox 467 3957 2060 4033; baseline -0.001 -20"><span class='ocrx_word' id='word_1_468' title='bbox 467 3958 849 4015; x_wconf 88' lang='lat' dir='ltr'><strong>contulerunt.</strong></span> <span class='ocrx_word' id='word_1_469' title='bbox 911 3957 1299 4032; x_wconf 86' lang='lat' dir='ltr'><strong>Suppeditavit</strong></span> <span class='ocrx_word' id='word_1_470' title='bbox 1369 3968 1426 4018; x_wconf 87' lang='lat' dir='ltr'><strong>et</strong></span> <span class='ocrx_word' id='word_1_471' title='bbox 1464 3962 1586 4032; x_wconf 89' lang='lat' dir='ltr'><strong>ipse</strong></span> <span class='ocrx_word' id='word_1_472' title='bbox 1656 3960 1753 4033; x_wconf 92' lang='lat' dir='ltr'><strong>qui</strong></span> <span class='ocrx_word' id='word_1_473' title='bbox 1805 3960 2060 4032; x_wconf 75' lang='lat' dir='ltr'><strong>iusserat</strong></span> 
     </span>
    </p>
   </div>
   <div class='ocr_carea' id='block_1_71' title="bbox 467 4052 2064 4123">
    <p class='ocr_par' dir='ltr' id='par_1_71' title="bbox 467 4052 2064 4123">
     <span class='ocr_line' id='line_1_71' title="bbox 467 4052 2064 4123; baseline 0.001 -17"><span class='ocrx_word' id='word_1_474' title='bbox 467 4052 902 4123; x_wconf 86' lang='lat' dir='ltr'><strong>quamplurima,</strong></span> <span class='ocrx_word' id='word_1_475' title='bbox 932 4067 1046 4110; x_wconf 91' lang='lat' dir='ltr'><strong>non</strong></span> <span class='ocrx_word' id='word_1_476' title='bbox 1079 4054 1472 4111; x_wconf 66' lang='lat' dir='ltr'><strong>muniﬁcentiae</strong></span> <span class='ocrx_word' id='word_1_477' title='bbox 1508 4054 1692 4123; x_wconf 89' lang='lat' dir='ltr'><strong>laude,</strong></span> <span class='ocrx_word' id='word_1_478' title='bbox 1728 4056 1825 4111; x_wconf 92' lang='lat' dir='ltr'><strong>sed</strong></span> <span class='ocrx_word' id='word_1_479' title='bbox 1857 4053 2064 4111; x_wconf 84' lang='lat' dir='ltr'><strong>infesto</strong></span> 
     </span>
    </p>
   </div>
   <div class='ocr_carea' id='block_1_72' title="bbox 469 4145 2064 4219">
    <p class='ocr_par' dir='ltr' id='par_1_72' title="bbox 469 4145 2064 4219">
     <span class='ocr_line' id='line_1_72' title="bbox 469 4145 2064 4219; baseline 0.004 -22"><span class='ocrx_word' id='word_1_480' title='bbox 469 4145 525 4200; x_wconf 92' lang='lat' dir='ltr'><strong>in</strong></span> <span class='ocrx_word' id='word_1_481' title='bbox 561 4145 847 4202; x_wconf 87' lang='lat' dir='ltr'><strong>veritatem</strong></span> <span class='ocrx_word' id='word_1_482' title='bbox 885 4145 1092 4204; x_wconf 88' lang='lat' dir='ltr'><strong>animo.</strong></span> <span class='ocrx_word' id='word_1_483' title='bbox 1114 4146 1263 4204; x_wconf 84' lang='lat' dir='ltr'><strong>Misit</strong></span> <span class='ocrx_word' id='word_1_484' title='bbox 1284 4148 1451 4204; x_wconf 89' lang='lat' dir='ltr'><strong>etiam</strong></span> <span class='ocrx_word' id='word_1_485' title='bbox 1475 4162 1584 4204; x_wconf 87' lang='lat' dir='ltr'><strong>una</strong></span> <span class='ocrx_word' id='word_1_486' title='bbox 1613 4148 1931 4219; x_wconf 67' lang='lat' dir='ltr'><strong>praesidem,</strong></span> <span class='ocrx_word' id='word_1_487' title='bbox 1957 4149 2064 4203; x_wconf 91' lang='lat' dir='ltr'><strong>im-</strong></span> 
     </span>
    </p>
   </div>
   <div class='ocr_carea' id='block_1_73' title="bbox 467 4236 2059 4309">
    <p class='ocr_par' dir='ltr' id='par_1_73' title="bbox 467 4236 2059 4309">
     <span class='ocr_line' id='line_1_73' title="bbox 467 4236 2059 4309; baseline 0.002 -19"><span class='ocrx_word' id='word_1_488' title='bbox 467 4236 688 4306; x_wconf 87' lang='lat' dir='ltr'><strong>piorum</strong></span> <span class='ocrx_word' id='word_1_489' title='bbox 736 4237 902 4309; x_wconf 71' lang='lat'><strong>937</strong></span> <span class='ocrx_word' id='word_1_490' title='bbox 956 4238 1341 4296; x_wconf 86' lang='lat' dir='ltr'><strong>mandatorum</strong></span> <span class='ocrx_word' id='word_1_491' title='bbox 1401 4239 1714 4297; x_wconf 88' lang='lat' dir='ltr'><strong>ministrum</strong></span> <span class='ocrx_word' id='word_1_492' title='bbox 1777 4239 2059 4296; x_wconf 90' lang='lat' dir='ltr'><strong>idoneum.</strong></span> 
     </span>
    </p>
   </div>
   <div class='ocr_carea' id='block_1_74' title="bbox 467 4324 2077 4403">
    <p class='ocr_par' dir='ltr' id='par_1_74' title="bbox 467 4324 2077 4403">
     <span class='ocr_line' id='line_1_74' title="bbox 467 4324 2077 4403; baseline 0.002 -22"><span class='ocrx_word' id='word_1_493' title='bbox 467 4325 680 4383; x_wconf 82' lang='lat' dir='ltr'><strong>Ferunt</strong></span> <span class='ocrx_word' id='word_1_494' title='bbox 709 4341 888 4398; x_wconf 85' lang='lat' dir='ltr'><strong>porro</strong></span> <span class='ocrx_word' id='word_1_495' title='bbox 931 4329 1062 4387; x_wconf 90' lang='lat' dir='ltr'><strong>illos</strong></span> <span class='ocrx_word' id='word_1_496' title='bbox 1111 4338 1168 4386; x_wconf 91' lang='lat' dir='ltr'><strong>et</strong></span> <span class='ocrx_word' id='word_1_497' title='bbox 1218 4331 1456 4403; x_wconf 88' lang='lat' dir='ltr'><strong>ligones,</strong></span> <span class='ocrx_word' id='word_1_498' title='bbox 1483 4339 1539 4387; x_wconf 89' lang='lat' dir='ltr'><strong>et</strong></span> <span class='ocrx_word' id='word_1_499' title='bbox 1581 4338 1757 4397; x_wconf 87' lang='lat' dir='ltr'><strong>rutra,</strong></span> <span class='ocrx_word' id='word_1_500' title='bbox 1786 4337 1841 4386; x_wconf 92' lang='lat' dir='ltr'><strong>et</strong></span> <span class='ocrx_word' id='word_1_501' title='bbox 1866 4324 2077 4386; x_wconf 72' lang='lat' dir='ltr'><strong>corbes</strong></span> 
     </span>
    </p>
   </div>
   <div class='ocr_carea' id='block_1_75' title="bbox 468 4419 2062 4496">
    <p class='ocr_par' dir='ltr' id='par_1_75' title="bbox 468 4419 2062 4496">
     <span class='ocr_line' id='line_1_75' title="bbox 468 4419 2062 4496; baseline 0.003 -24"><span class='ocrx_word' id='word_1_502' title='bbox 468 4427 760 4491; x_wconf 86' lang='lat' dir='ltr'><strong>argenteas</strong></span> <span class='ocrx_word' id='word_1_503' title='bbox 794 4419 1123 4479; x_wconf 79' lang='lat' dir='ltr'><strong>fabricasse.</strong></span> <span class='ocrx_word' id='word_1_504' title='bbox 1154 4421 1453 4496; x_wconf 82' lang='lat' dir='ltr'><strong>Postquam</strong></span> <span class='ocrx_word' id='word_1_505' title='bbox 1489 4430 1672 4478; x_wconf 83' lang='lat' dir='ltr'><strong>autem</strong></span> <span class='ocrx_word' id='word_1_506' title='bbox 1707 4421 1919 4486; x_wconf 78' lang='lat' dir='ltr'><strong>fodere,</strong></span> <span class='ocrx_word' id='word_1_507' title='bbox 1946 4429 2062 4477; x_wconf 88' lang='lat' dir='ltr'><strong>ter-</strong></span> 
     </span>
    </p>
   </div>
   <div class='ocr_carea' id='block_1_76' title="bbox 464 4513 2062 4587">
    <p class='ocr_par' dir='ltr' id='par_1_76' title="bbox 464 4513 2062 4587">
     <span class='ocr_line' id='line_1_76' title="bbox 464 4513 2062 4587; baseline 0.002 -21"><span class='ocrx_word' id='word_1_508' title='bbox 464 4527 700 4584; x_wconf 85' lang='lat' dir='ltr'><strong>ramque</strong></span> <span class='ocrx_word' id='word_1_509' title='bbox 743 4529 969 4585; x_wconf 78' lang='lat' dir='ltr'><strong>egerere</strong></span> <span class='ocrx_word' id='word_1_510' title='bbox 996 4520 1011 4539; x_wconf 85' lang='lat'>&#39;</span> <span class='ocrx_word' id='word_1_511' title='bbox 1036 4523 1346 4586; x_wconf 64' lang='lat' dir='ltr'><strong>creperum,</strong></span> <span class='ocrx_word' id='word_1_512' title='bbox 1374 4530 1515 4587; x_wconf 92' lang='lat' dir='ltr'><strong>opus</strong></span> <span class='ocrx_word' id='word_1_513' title='bbox 1545 4523 1664 4570; x_wconf 87' lang='lat' dir='ltr'><strong>toto</strong></span> <span class='ocrx_word' id='word_1_514' title='bbox 1697 4514 1787 4570; x_wconf 89' lang='lat' dir='ltr'><strong>die</strong></span> <span class='ocrx_word' id='word_1_515' title='bbox 1824 4513 2062 4570; x_wconf 85' lang='lat' dir='ltr'><strong>faciebat</strong></span> 
     </span>
    </p>
   </div>
   <div class='ocr_carea' id='block_1_77' title="bbox 467 4606 2062 4674">
    <p class='ocr_par' dir='ltr' id='par_1_77' title="bbox 467 4606 2062 4674">
     <span class='ocr_line' id='line_1_77' title="bbox 467 4606 2062 4674; baseline 0.002 -13"><span class='ocrx_word' id='word_1_516' title='bbox 467 4606 683 4662; x_wconf 82' lang='lat' dir='ltr'><strong>inﬁnita</strong></span> <span class='ocrx_word' id='word_1_517' title='bbox 744 4606 1031 4663; x_wconf 87' lang='lat' dir='ltr'><strong>hominum</strong></span> <span class='ocrx_word' id='word_1_518' title='bbox 1113 4608 1431 4674; x_wconf 85' lang='lat' dir='ltr'><strong>multitudo,</strong></span> <span class='ocrx_word' id='word_1_519' title='bbox 1493 4615 1665 4662; x_wconf 90' lang='lat' dir='ltr'><strong>noctu</strong></span> <span class='ocrx_word' id='word_1_520' title='bbox 1723 4622 1856 4663; x_wconf 82' lang='lat' dir='ltr'><strong>vero</strong></span> <span class='ocrx_word' id='word_1_521' title='bbox 1910 4614 2062 4664; x_wconf 92' lang='lat' dir='ltr'><strong>terra</strong></span> 
     </span>
    </p>
   </div>
   <div class='ocr_carea' id='block_1_78' title="bbox 468 4698 2062 4772">
    <p class='ocr_par' dir='ltr' id='par_1_78' title="bbox 468 4698 2062 4772">
     <span class='ocr_line' id='line_1_78' title="bbox 468 4698 2062 4772; baseline 0.001 -16"><span class='ocrx_word' id='word_1_522' title='bbox 468 4708 655 4772; x_wconf 86' lang='lat' dir='ltr'><strong>egesta</strong></span> <span class='ocrx_word' id='word_1_523' title='bbox 682 4699 752 4755; x_wconf 88' lang='lat' dir='ltr'><strong>de</strong></span> <span class='ocrx_word' id='word_1_524' title='bbox 783 4715 993 4772; x_wconf 28' lang='lat' dir='ltr'><strong>aggere.</strong></span> <span class='ocrx_word' id='word_1_525' title='bbox 1013 4700 1168 4755; x_wconf 80' lang='lat' dir='ltr'><strong>ultro</strong></span> <span class='ocrx_word' id='word_1_526' title='bbox 1187 4698 1647 4755; x_wconf 86' lang='lat' dir='ltr'><strong>transferebatur.</strong></span> <span class='ocrx_word' id='word_1_527' title='bbox 1676 4700 1756 4755; x_wconf 88' lang='lat' dir='ltr'><strong>Ac</strong></span> <span class='ocrx_word' id='word_1_528' title='bbox 1791 4701 2062 4772; x_wconf 87' lang='lat' dir='ltr'><strong>reliquias</strong></span> 
     </span>
    </p>
   </div>
   <div class='ocr_carea' id='block_1_79' title="bbox 467 4790 2060 4863">
    <p class='ocr_par' dir='ltr' id='par_1_79' title="bbox 467 4790 2060 4863">
     <span class='ocr_line' id='line_1_79' title="bbox 467 4790 2060 4863; baseline 0.001 -17"><span class='ocrx_word' id='word_1_529' title='bbox 467 4807 689 4863; x_wconf 86' lang='lat' dir='ltr'><strong>quoque</strong></span> <span class='ocrx_word' id='word_1_530' title='bbox 712 4793 866 4863; x_wconf 88' lang='lat' dir='ltr'><strong>ipsas</strong></span> <span class='ocrx_word' id='word_1_531' title='bbox 889 4791 1095 4848; x_wconf 86' lang='lat' dir='ltr'><strong>veteris</strong></span> <span class='ocrx_word' id='word_1_532' title='bbox 1125 4790 1342 4846; x_wconf 78' lang='lat' dir='ltr'><strong>aedilicii</strong></span> <span class='ocrx_word' id='word_1_533' title='bbox 1363 4790 1677 4861; x_wconf 88' lang='lat' dir='ltr'><strong>diruerunt,</strong></span> <span class='ocrx_word' id='word_1_534' title='bbox 1704 4807 1847 4848; x_wconf 91' lang='lat' dir='ltr'><strong>nova</strong></span> <span class='ocrx_word' id='word_1_535' title='bbox 1874 4793 2060 4848; x_wconf 88' lang='lat' dir='ltr'><strong>omnia</strong></span> 
     </span>
    </p>
   </div>
   <div class='ocr_carea' id='block_1_80' title="bbox 469 4882 2065 4957">
    <p class='ocr_par' dir='ltr' id='par_1_80' title="bbox 469 4882 2065 4957">
     <span class='ocr_line' id='line_1_80' title="bbox 469 4882 2065 4957; baseline -0.002 -16"><span class='ocrx_word' id='word_1_536' title='bbox 469 4902 530 4941; x_wconf 88' lang='lat' dir='ltr'><strong>se</strong></span> <span class='ocrx_word' id='word_1_537' title='bbox 568 4892 995 4942; x_wconf 89' lang='lat' dir='ltr'><strong>constructuros</strong></span> <span class='ocrx_word' id='word_1_538' title='bbox 1056 4892 1368 4956; x_wconf 87' lang='lat' dir='ltr'><strong>sperantes.</strong></span> <span class='ocrx_word' id='word_1_539' title='bbox 1426 4882 1534 4939; x_wconf 89' lang='lat' dir='ltr'><strong>Sed</strong></span> <span class='ocrx_word' id='word_1_540' title='bbox 1585 4900 1711 4940; x_wconf 90' lang='lat' dir='ltr'><strong>cum</strong></span> <span class='ocrx_word' id='word_1_541' title='bbox 1750 4886 1909 4957; x_wconf 83' lang='lat' dir='ltr'><strong>gypsi</strong></span> <span class='ocrx_word' id='word_1_542' title='bbox 1950 4886 2065 4941; x_wconf 84' lang='lat' dir='ltr'><strong>cal-</strong></span> 
     </span>
    </p>
   </div>
   <div class='ocr_carea' id='block_1_81' title="bbox 470 4975 2075 5049">
    <p class='ocr_par' dir='ltr' id='par_1_81' title="bbox 470 4975 2075 5049">
     <span class='ocr_line' id='line_1_81' title="bbox 470 4975 2075 5049; baseline -0.001 -17"><span class='ocrx_word' id='word_1_543' title='bbox 470 4976 664 5049; x_wconf 89' lang='lat' dir='ltr'><strong>cisque</strong></span> <span class='ocrx_word' id='word_1_544' title='bbox 692 4976 864 5033; x_wconf 85' lang='lat' dir='ltr'><strong>multa</strong></span> <span class='ocrx_word' id='word_1_545' title='bbox 885 4976 1197 5033; x_wconf 88' lang='lat' dir='ltr'><strong>modiorum</strong></span> <span class='ocrx_word' id='word_1_546' title='bbox 1228 4975 1401 5031; x_wconf 88' lang='lat' dir='ltr'><strong>millia</strong></span> <span class='ocrx_word' id='word_1_547' title='bbox 1424 4978 1862 5048; x_wconf 75' lang='lat' dir='ltr'><strong>congessissent,</strong></span> <span class='ocrx_word' id='word_1_548' title='bbox 1885 4976 2075 5033; x_wconf 80' lang='lat' dir='ltr'><strong>exorti</strong></span> 
     </span>
    </p>
   </div>
   <div class='ocr_carea' id='block_1_82' title="bbox 471 5070 2060 5142">
    <p class='ocr_par' dir='ltr' id='par_1_82' title="bbox 471 5070 2060 5142">
     <span class='ocr_line' id='line_1_82' title="bbox 471 5070 2060 5142; baseline -0.001 -16"><span class='ocrx_word' id='word_1_549' title='bbox 471 5070 771 5142; x_wconf 86' lang='lat' dir='ltr'><strong>derepente</strong></span> <span class='ocrx_word' id='word_1_550' title='bbox 818 5072 966 5127; x_wconf 85' lang='lat' dir='ltr'><strong>venti</strong></span> <span class='ocrx_word' id='word_1_551' title='bbox 1021 5072 1397 5139; x_wconf 84' lang='lat' dir='ltr'><strong>vehementes,</strong></span> <span class='ocrx_word' id='word_1_552' title='bbox 1439 5071 1805 5142; x_wconf 87' lang='lat' dir='ltr'><strong>turbinesque</strong></span> <span class='ocrx_word' id='word_1_553' title='bbox 1840 5085 1903 5126; x_wconf 90' lang='lat' dir='ltr'><strong>ac</strong></span> <span class='ocrx_word' id='word_1_554' title='bbox 1934 5085 2060 5142; x_wconf 85' lang='lat' dir='ltr'><strong>pro-</strong></span> 
     </span>
    </p>
   </div>
   <div class='ocr_carea' id='block_1_83' title="bbox 472 5162 2075 5238">
    <p class='ocr_par' dir='ltr' id='par_1_83' title="bbox 472 5162 2075 5238">
     <span class='ocr_line' id='line_1_83' title="bbox 472 5162 2075 5238; baseline -0.002 -19"><span class='ocrx_word' id='word_1_555' title='bbox 472 5165 625 5220; x_wconf 66' lang='lat' dir='ltr'><strong>cella:</strong></span> <span class='ocrx_word' id='word_1_556' title='bbox 656 5170 712 5220; x_wconf 88' lang='lat' dir='ltr'><strong>et</strong></span> <span class='ocrx_word' id='word_1_557' title='bbox 753 5168 1109 5238; x_wconf 80' lang='lat' dir='ltr'><strong>tempestates</strong></span> <span class='ocrx_word' id='word_1_558' title='bbox 1161 5164 1328 5221; x_wconf 83' lang='lat' dir='ltr'><strong>simul</strong></span> <span class='ocrx_word' id='word_1_559' title='bbox 1383 5164 1570 5221; x_wconf 87' lang='lat' dir='ltr'><strong>omnia</strong></span> <span class='ocrx_word' id='word_1_560' title='bbox 1600 5162 1962 5235; x_wconf 86' lang='lat' dir='ltr'><strong>dissiparunt.</strong></span> <span class='ocrx_word' id='word_1_561' title='bbox 1998 5163 2075 5216; x_wconf 61' lang='lat' dir='ltr'><strong>Et»</strong></span> 
     </span>
    </p>
   </div>
   <div class='ocr_carea' id='block_1_84' title="bbox 473 5255 2064 5329">
    <p class='ocr_par' dir='ltr' id='par_1_84' title="bbox 473 5255 2064 5329">
     <span class='ocr_line' id='line_1_84' title="bbox 473 5255 2064 5329; baseline -0.001 -19"><span class='ocrx_word' id='word_1_562' title='bbox 473 5270 599 5311; x_wconf 90' lang='lat' dir='ltr'><strong>cum</strong></span> <span class='ocrx_word' id='word_1_563' title='bbox 639 5255 885 5314; x_wconf 87' lang='lat' dir='ltr'><strong>insanire</strong></span> <span class='ocrx_word' id='word_1_564' title='bbox 936 5258 1118 5319; x_wconf 87' lang='lat' dir='ltr'><strong>adhuc</strong></span> <span class='ocrx_word' id='word_1_565' title='bbox 1168 5265 1483 5329; x_wconf 82' lang='lat' dir='ltr'><strong>pergerent,</strong></span> <span class='ocrx_word' id='word_1_566' title='bbox 1537 5270 1717 5328; x_wconf 90' lang='lat' dir='ltr'><strong>neque</strong></span> <span class='ocrx_word' id='word_1_567' title='bbox 1770 5271 1836 5312; x_wconf 85' lang='lat' dir='ltr'><strong>ex</strong></span> <span class='ocrx_word' id='word_1_568' title='bbox 1874 5255 2064 5313; x_wconf 88' lang='lat' dir='ltr'><strong>divina</strong></span> 
     </span>
    </p>
   </div>
   <div class='ocr_carea' id='block_1_85' title="bbox 553 5442 1601 5512">
    <p class='ocr_par' dir='ltr' id='par_1_85' title="bbox 553 5442 1601 5512">
     <span class='ocr_line' id='line_1_85' title="bbox 553 5442 1601 5512; baseline 0 -13"><span class='ocrx_word' id='word_1_569' title='bbox 553 5454 574 5482; x_wconf 73' lang='grc' dir='ltr'><strong>ι</strong></span> <span class='ocrx_word' id='word_1_570' title='bbox 612 5442 763 5500; x_wconf 86' lang='lat' dir='ltr'><strong>Psal.</strong></span> <span class='ocrx_word' id='word_1_571' title='bbox 791 5458 949 5511; x_wconf 73' lang='lat' dir='ltr'><strong>exul,</strong></span> <span class='ocrx_word' id='word_1_572' title='bbox 975 5444 1025 5500; x_wconf 93' lang='lat'><strong>8.</strong></span> <span class='ocrx_word' id='word_1_573' title='bbox 1103 5457 1126 5486; x_wconf 78' lang='grc' dir='ltr'><strong>ι</strong></span> <span class='ocrx_word' id='word_1_574' title='bbox 1155 5443 1303 5502; x_wconf 82' lang='lat' dir='ltr'><strong>Psal.</strong></span> <span class='ocrx_word' id='word_1_575' title='bbox 1342 5460 1511 5512; x_wconf 73' lang='lat' dir='ltr'><strong>van,</strong></span> <span class='ocrx_word' id='word_1_576' title='bbox 1534 5444 1601 5499; x_wconf 73' lang='grc' dir='ltr'><strong>ῒ..</strong></span> 
     </span>
    </p>
   </div>
   <div class='ocr_carea' id='block_1_86' title="bbox 2169 3314 3761 3394">
    <p class='ocr_par' dir='ltr' id='par_1_86' title="bbox 2169 3314 3761 3394">
     <span class='ocr_line' id='line_1_86' title="bbox 2169 3314 3761 3394; baseline -0.006 -18"><span class='ocrx_word' id='word_1_577' title='bbox 2169 3318 2507 3394; x_wconf 68' lang='grc' dir='ltr'>προσέταξεν</span> <span class='ocrx_word' id='word_1_578' title='bbox 2555 3322 2584 3375; x_wconf 88' lang='lat'><strong>6</strong></span> <span class='ocrx_word' id='word_1_579' title='bbox 2633 3320 2897 3393; x_wconf 83' lang='grc' dir='ltr'>θεομισὴς</span> <span class='ocrx_word' id='word_1_580' title='bbox 2956 3321 3164 3383; x_wconf 78' lang='grc' dir='ltr'>ἐκεῖνος</span> <span class='ocrx_word' id='word_1_581' title='bbox 3227 3319 3274 3353; x_wconf 81' lang='grc'><strong>’⁵</strong></span> <span class='ocrx_word' id='word_1_582' title='bbox 3332 3317 3612 3387; x_wconf 86' lang='grc' dir='ltr'>ἀνεγεῖραι</span> <span class='ocrx_word' id='word_1_583' title='bbox 3665 3314 3761 3394; x_wconf 77' lang='grc' dir='ltr'>τὸν</span> 
     </span>
    </p>
   </div>
   <div class='ocr_carea' id='block_1_87' title="bbox 2146 3407 3674 3485">
    <p class='ocr_par' dir='ltr' id='par_1_87' title="bbox 2146 3407 3674 3485">
     <span class='ocr_line' id='line_1_87' title="bbox 2146 3407 3674 3485; baseline -0.007 -14"><span class='ocrx_word' id='word_1_584' title='bbox 2146 3415 2542 3471; x_wconf 78' lang='grc' dir='ltr'>’καταλυθέντα</span> <span class='ocrx_word' id='word_1_585' title='bbox 2590 3414 2741 3481; x_wconf 80' lang='grc' dir='ltr'>ναὸν,</span> <span class='ocrx_word' id='word_1_586' title='bbox 2772 3412 2872 3485; x_wconf 80' lang='grc' dir='ltr'>τὴν</span> <span class='ocrx_word' id='word_1_587' title='bbox 2902 3411 3242 3483; x_wconf 81' lang='grc' dir='ltr'>Δεσποτικὴν</span> <span class='ocrx_word' id='word_1_588' title='bbox 3273 3407 3674 3481; x_wconf 69' lang='grc' dir='ltr'>ὑπολαμϐάνων</span> 
     </span>
    </p>
   </div>
   <div class='ocr_carea' id='block_1_88' title="bbox 2169 3495 3762 3579">
    <p class='ocr_par' dir='ltr' id='par_1_88' title="bbox 2169 3495 3762 3579">
     <span class='ocr_line' id='line_1_88' title="bbox 2169 3495 3762 3579; baseline -0.008 -17"><span class='ocrx_word' id='word_1_589' title='bbox 2169 3506 2403 3579; x_wconf 85' lang='grc' dir='ltr'>μάταιος</span> <span class='ocrx_word' id='word_1_590' title='bbox 2431 3504 2742 3578; x_wconf 73' lang='grc' dir='ltr'>πρόρρησιν</span> <span class='ocrx_word' id='word_1_591' title='bbox 2763 3498 3062 3575; x_wconf 85' lang='grc' dir='ltr'>διελέγχειν</span> <span class='ocrx_word' id='word_1_592' title='bbox 3089 3518 3102 3531; x_wconf 89' lang='grc'><strong>·</strong></span> <span class='ocrx_word' id='word_1_593' title='bbox 3133 3500 3304 3568; x_wconf 74' lang='grc' dir='ltr'>ἔδειξε</span> <span class='ocrx_word' id='word_1_594' title='bbox 3333 3500 3391 3555; x_wconf 83' lang='grc' dir='ltr'>δὲ</span> <span class='ocrx_word' id='word_1_595' title='bbox 3428 3498 3631 3572; x_wconf 75' lang='grc' dir='ltr'>μᾶλλον</span> <span class='ocrx_word' id='word_1_596' title='bbox 3658 3495 3762 3567; x_wconf 75' lang='grc' dir='ltr'>τὴν</span> 
     </span>
    </p>
   </div>
   <div class='ocr_carea' id='block_1_89' title="bbox 2165 3591 3757 3669">
    <p class='ocr_par' dir='ltr' id='par_1_89' title="bbox 2165 3591 3757 3669">
     <span class='ocr_line' id='line_1_89' title="bbox 2165 3591 3757 3669; baseline -0.006 -16"><span class='ocrx_word' id='word_1_597' title='bbox 2165 3600 2371 3669; x_wconf 85' lang='grc' dir='ltr'>ταύτης</span> <span class='ocrx_word' id='word_1_598' title='bbox 2421 3597 2702 3669; x_wconf 84' lang='grc' dir='ltr'>ἀλήθειαν.</span> <span class='ocrx_word' id='word_1_599' title='bbox 2753 3595 2981 3651; x_wconf 84' lang='grc' dir='ltr'>Τούτων</span> <span class='ocrx_word' id='word_1_600' title='bbox 3014 3594 3124 3667; x_wconf 80' lang='grc' dir='ltr'><strong>γὰρ</strong></span> <span class='ocrx_word' id='word_1_601' title='bbox 3178 3594 3375 3648; x_wconf 76' lang='grc' dir='ltr'>ἐκεῖνοι</span> <span class='ocrx_word' id='word_1_602' title='bbox 3424 3592 3531 3647; x_wconf 87' lang='grc' dir='ltr'><strong>τῶν</strong></span> <span class='ocrx_word' id='word_1_603' title='bbox 3583 3591 3757 3660; x_wconf 83' lang='grc' dir='ltr'>λόγων</span> 
     </span>
    </p>
   </div>
   <div class='ocr_carea' id='block_1_90' title="bbox 2166 3681 3757 3757">
    <p class='ocr_par' dir='ltr' id='par_1_90' title="bbox 2166 3681 3757 3757">
     <span class='ocr_line' id='line_1_90' title="bbox 2166 3681 3757 3757; baseline -0.008 -11"><span class='ocrx_word' id='word_1_604' title='bbox 2166 3689 2453 3753; x_wconf 81' lang='grc' dir='ltr'>ἀσπασίως</span> <span class='ocrx_word' id='word_1_605' title='bbox 2504 3687 2876 3753; x_wconf 84' lang='grc' dir='ltr'>ἀκούσαντες,</span> <span class='ocrx_word' id='word_1_606' title='bbox 2932 3686 3108 3741; x_wconf 68' lang='grc' dir='ltr'>ἅπασι</span> <span class='ocrx_word' id='word_1_607' title='bbox 3169 3684 3238 3740; x_wconf 85' lang='grc' dir='ltr'><strong>τά</strong></span> <span class='ocrx_word' id='word_1_608' title='bbox 3298 3681 3757 3757; x_wconf 84' lang='grc' dir='ltr'>προστεταγμένα</span> 
     </span>
    </p>
   </div>
   <div class='ocr_carea' id='block_1_91' title="bbox 2164 3774 3757 3858">
    <p class='ocr_par' dir='ltr' id='par_1_91' title="bbox 2164 3774 3757 3858">
     <span class='ocr_line' id='line_1_91' title="bbox 2164 3774 3757 3858; baseline -0.009 -19"><span class='ocrx_word' id='word_1_609' title='bbox 2164 3786 2281 3849; x_wconf 84' lang='grc' dir='ltr'>τοῖς</span> <span class='ocrx_word' id='word_1_610' title='bbox 2329 3781 2475 3837; x_wconf 75' lang='grc' dir='ltr'>κατὰ</span> <span class='ocrx_word' id='word_1_611' title='bbox 2503 3781 2604 3854; x_wconf 82' lang='grc' dir='ltr'>τὴν</span> <span class='ocrx_word' id='word_1_612' title='bbox 2651 3780 2995 3858; x_wconf 60' lang='grc' dir='ltr'><strong>οἰκουμένηνὶ</strong></span> <span class='ocrx_word' id='word_1_613' title='bbox 3020 3778 3317 3850; x_wconf 76' lang='grc' dir='ltr'>ὁμοφύλοις</span> <span class='ocrx_word' id='word_1_614' title='bbox 3355 3777 3656 3848; x_wconf 74' lang='grc' dir='ltr'>ἐδήλωσαν.</span> <span class='ocrx_word' id='word_1_615' title='bbox 3693 3774 3757 3826; x_wconf 80' lang='lat' dir='ltr'><strong>(li</strong></span> 
     </span>
    </p>
   </div>
   <div class='ocr_carea' id='block_1_92' title="bbox 2165 3865 3752 3940">
    <p class='ocr_par' dir='ltr' id='par_1_92' title="bbox 2165 3865 3752 3940">
     <span class='ocr_line' id='line_1_92' title="bbox 2165 3865 3752 3940; baseline -0.007 -12"><span class='ocrx_word' id='word_1_616' title='bbox 2165 3874 2224 3928; x_wconf 78' lang='grc' dir='ltr'>δὲ</span> <span class='ocrx_word' id='word_1_617' title='bbox 2250 3872 2518 3927; x_wconf 84' lang='grc' dir='ltr'>πάντοθεν</span> <span class='ocrx_word' id='word_1_618' title='bbox 2550 3869 2828 3934; x_wconf 84' lang='grc' dir='ltr'>συνέθεον,</span> <span class='ocrx_word' id='word_1_619' title='bbox 2859 3868 2955 3923; x_wconf 70' lang='grc' dir='ltr'>καὶ</span> <span class='ocrx_word' id='word_1_620' title='bbox 2994 3868 3255 3940; x_wconf 83' lang='grc' dir='ltr'>χρήματα</span> <span class='ocrx_word' id='word_1_621' title='bbox 3299 3866 3394 3921; x_wconf 77' lang='grc' dir='ltr'>καὶ</span> <span class='ocrx_word' id='word_1_622' title='bbox 3441 3865 3752 3938; x_wconf 87' lang='grc' dir='ltr'>προθυμίαν</span> 
     </span>
    </p>
   </div>
   <div class='ocr_carea' id='block_1_93' title="bbox 2166 3958 3749 4037">
    <p class='ocr_par' dir='ltr' id='par_1_93' title="bbox 2166 3958 3749 4037">
     <span class='ocr_line' id='line_1_93' title="bbox 2166 3958 3749 4037; baseline -0.008 -16"><span class='ocrx_word' id='word_1_623' title='bbox 2166 3969 2248 4032; x_wconf 86' lang='grc' dir='ltr'><strong>εἰς</strong></span> <span class='ocrx_word' id='word_1_624' title='bbox 2279 3960 2379 4037; x_wconf 75' lang='grc' dir='ltr'>τὴν</span> <span class='ocrx_word' id='word_1_625' title='bbox 2419 3964 2733 4034; x_wconf 87' lang='grc' dir='ltr'>οἰκοδομίαν</span> <span class='ocrx_word' id='word_1_626' title='bbox 2774 3962 3139 4034; x_wconf 76' lang='grc' dir='ltr'>εἰσφέροντες.</span> <span class='ocrx_word' id='word_1_627' title='bbox 3190 3961 3532 4032; x_wconf 82' lang='grc' dir='ltr'>Ἐχορήγησε</span> <span class='ocrx_word' id='word_1_628' title='bbox 3578 3958 3637 4012; x_wconf 77' lang='grc' dir='ltr'>δὲ</span> <span class='ocrx_word' id='word_1_629' title='bbox 3666 3960 3749 4013; x_wconf 82' lang='grc' dir='ltr'>ὅτι</span> 
     </span>
    </p>
   </div>
   <div class='ocr_carea' id='block_1_94' title="bbox 2165 4048 3757 4127">
    <p class='ocr_par' dir='ltr' id='par_1_94' title="bbox 2165 4048 3757 4127">
     <span class='ocr_line' id='line_1_94' title="bbox 2165 4048 3757 4127; baseline -0.007 -14"><span class='ocrx_word' id='word_1_630' title='bbox 2165 4059 2398 4112; x_wconf 83' lang='grc' dir='ltr'>πλεῖστα</span> <span class='ocrx_word' id='word_1_631' title='bbox 2450 4057 2545 4111; x_wconf 77' lang='grc' dir='ltr'>καὶ</span> <span class='ocrx_word' id='word_1_632' title='bbox 2603 4059 2632 4110; x_wconf 89' lang='lat'><strong>6</strong></span> <span class='ocrx_word' id='word_1_633' title='bbox 2674 4056 2838 4110; x_wconf 82' lang='grc' dir='ltr'>τοῦτο</span> <span class='ocrx_word' id='word_1_634' title='bbox 2895 4052 3306 4127; x_wconf 83' lang='grc' dir='ltr'>προστεταχὼς,</span> <span class='ocrx_word' id='word_1_635' title='bbox 3362 4053 3422 4106; x_wconf 77' lang='grc' dir='ltr'>οὐ</span> <span class='ocrx_word' id='word_1_636' title='bbox 3476 4048 3757 4121; x_wconf 74' lang='grc' dir='ltr'>φιλοτιμίᾳ</span> 
     </span>
    </p>
   </div>
   <div class='ocr_carea' id='block_1_95' title="bbox 2166 4142 3758 4223">
    <p class='ocr_par' dir='ltr' id='par_1_95' title="bbox 2166 4142 3758 4223">
     <span class='ocr_line' id='line_1_95' title="bbox 2166 4142 3758 4223; baseline -0.006 -18"><span class='ocrx_word' id='word_1_637' title='bbox 2166 4150 2471 4223; x_wconf 86' lang='grc' dir='ltr'>χρώμενος,</span> <span class='ocrx_word' id='word_1_638' title='bbox 2491 4143 2627 4204; x_wconf 85' lang='grc' dir='ltr'>άλλὰ</span> <span class='ocrx_word' id='word_1_639' title='bbox 2651 4151 2717 4220; x_wconf 82' lang='grc' dir='ltr'><strong>τῇ</strong></span> <span class='ocrx_word' id='word_1_640' title='bbox 2744 4148 2973 4218; x_wconf 84' lang='grc' dir='ltr'>ἀληθείᾳ</span> <span class='ocrx_word' id='word_1_641' title='bbox 3000 4146 3327 4217; x_wconf 86' lang='grc' dir='ltr'>μαχόμενος.</span> <span class='ocrx_word' id='word_1_642' title='bbox 3363 4142 3758 4198; x_wconf 80' lang='grc' dir='ltr'>Συναπέστειλε</span> 
     </span>
    </p>
   </div>
   <div class='ocr_carea' id='block_1_96' title="bbox 2164 4235 3749 4310">
    <p class='ocr_par' dir='ltr' id='par_1_96' title="bbox 2164 4235 3749 4310">
     <span class='ocr_line' id='line_1_96' title="bbox 2164 4235 3749 4310; baseline -0.006 -14"><span class='ocrx_word' id='word_1_643' title='bbox 2164 4242 2223 4296; x_wconf 76' lang='grc' dir='ltr'>δὲ</span> <span class='ocrx_word' id='word_1_644' title='bbox 2259 4241 2353 4295; x_wconf 74' lang='grc' dir='ltr'>καὶ</span> <span class='ocrx_word' id='word_1_645' title='bbox 2388 4241 2647 4310; x_wconf 77' lang='grc' dir='ltr'>ἄρχοντα,</span> <span class='ocrx_word' id='word_1_646' title='bbox 2674 4238 2784 4293; x_wconf 87' lang='grc' dir='ltr'><strong>τῶν</strong></span> <span class='ocrx_word' id='word_1_647' title='bbox 2817 4237 3094 4292; x_wconf 80' lang='grc' dir='ltr'>δυσσεὸὦν</span> <span class='ocrx_word' id='word_1_648' title='bbox 3123 4237 3566 4308; x_wconf 81' lang='grc' dir='ltr'>προσταγμάτων</span> <span class='ocrx_word' id='word_1_649' title='bbox 3597 4235 3749 4299; x_wconf 78' lang='grc' dir='ltr'>ἄξιον</span> 
     </span>
    </p>
   </div>
   <div class='ocr_carea' id='block_1_97' title="bbox 2166 4327 3754 4403">
    <p class='ocr_par' dir='ltr' id='par_1_97' title="bbox 2166 4327 3754 4403">
     <span class='ocr_line' id='line_1_97' title="bbox 2166 4327 3754 4403; baseline -0.003 -18"><span class='ocrx_word' id='word_1_650' title='bbox 2166 4332 2461 4403; x_wconf 79' lang='grc' dir='ltr'>ὑπουργόν.</span> <span class='ocrx_word' id='word_1_651' title='bbox 2497 4332 2636 4386; x_wconf 76' lang='grc' dir='ltr'>Φασὶ</span> <span class='ocrx_word' id='word_1_652' title='bbox 2673 4331 2730 4384; x_wconf 78' lang='grc' dir='ltr'>δὲ</span> <span class='ocrx_word' id='word_1_653' title='bbox 2773 4330 2991 4394; x_wconf 73' lang='grc' dir='ltr'>αὐτοὺς,</span> <span class='ocrx_word' id='word_1_654' title='bbox 3037 4329 3135 4383; x_wconf 64' lang='grc' dir='ltr'>καὶ</span> <span class='ocrx_word' id='word_1_655' title='bbox 3181 4330 3469 4394; x_wconf 87' lang='grc' dir='ltr'>σκαπάνας</span> <span class='ocrx_word' id='word_1_656' title='bbox 3518 4329 3576 4396; x_wconf 79' lang='grc' dir='ltr'>ἐξ</span> <span class='ocrx_word' id='word_1_657' title='bbox 3621 4327 3754 4397; x_wconf 79' lang='grc' dir='ltr'>ὕλης</span> 
     </span>
    </p>
   </div>
   <div class='ocr_carea' id='block_1_98' title="bbox 2166 4420 3755 4496">
    <p class='ocr_par' dir='ltr' id='par_1_98' title="bbox 2166 4420 3755 4496">
     <span class='ocr_line' id='line_1_98' title="bbox 2166 4420 3755 4496; baseline -0.004 -16"><span class='ocrx_word' id='word_1_658' title='bbox 2166 4423 2434 4496; x_wconf 85' lang='grc' dir='ltr'>ἀργύρου,</span> <span class='ocrx_word' id='word_1_659' title='bbox 2466 4426 2561 4476; x_wconf 77' lang='grc' dir='ltr'>καὶ</span> <span class='ocrx_word' id='word_1_660' title='bbox 2589 4422 2802 4494; x_wconf 81' lang='grc' dir='ltr'>άμμας,</span> <span class='ocrx_word' id='word_1_661' title='bbox 2833 4422 2927 4475; x_wconf 71' lang='grc' dir='ltr'>καὶ</span> <span class='ocrx_word' id='word_1_662' title='bbox 2948 4421 3228 4492; x_wconf 84' lang='grc' dir='ltr'>κοφινίδας</span> <span class='ocrx_word' id='word_1_663' title='bbox 3253 4423 3298 4455; x_wconf 86' lang='grc'><strong>⁹⁶</strong></span> <span class='ocrx_word' id='word_1_664' title='bbox 3320 4420 3755 4476; x_wconf 75' lang='grc' dir='ltr'>κατασκευάσαι.</span> 
     </span>
    </p>
   </div>
   <div class='ocr_carea' id='block_1_99' title="bbox 2178 4513 3753 4588">
    <p class='ocr_par' dir='ltr' id='par_1_99' title="bbox 2178 4513 3753 4588">
     <span class='ocr_line' id='line_1_99' title="bbox 2178 4513 3753 4588; baseline -0.003 -17"><span class='ocrx_word' id='word_1_665' title='bbox 2178 4517 2333 4571; x_wconf 84' lang='grc' dir='ltr'>Ἑπεί</span> <span class='ocrx_word' id='word_1_666' title='bbox 2361 4515 2417 4569; x_wconf 80' lang='grc' dir='ltr'>δὲ</span> <span class='ocrx_word' id='word_1_667' title='bbox 2449 4514 2702 4588; x_wconf 86' lang='grc' dir='ltr'>ὀρύττειν</span> <span class='ocrx_word' id='word_1_668' title='bbox 2736 4513 2996 4586; x_wconf 73' lang='grc' dir='ltr'>ἤρξαντο,</span> <span class='ocrx_word' id='word_1_669' title='bbox 3052 4514 3146 4568; x_wconf 80' lang='grc' dir='ltr'><strong>καί</strong></span> <span class='ocrx_word' id='word_1_670' title='bbox 3189 4515 3282 4569; x_wconf 80' lang='grc' dir='ltr'>τὸν</span> <span class='ocrx_word' id='word_1_671' title='bbox 3313 4513 3442 4586; x_wconf 86' lang='grc' dir='ltr'>χοῦν</span> <span class='ocrx_word' id='word_1_672' title='bbox 3474 4516 3753 4587; x_wconf 66' lang='grc' dir='ltr'>ἐκφορεῖν,</span> 
     </span>
    </p>
   </div>
   <div class='ocr_carea' id='block_1_100' title="bbox 2166 4608 3758 4683">
    <p class='ocr_par' dir='ltr' id='par_1_100' title="bbox 2166 4608 3758 4683">
     <span class='ocr_line' id='line_1_100' title="bbox 2166 4608 3758 4683; baseline -0.003 -18"><span class='ocrx_word' id='word_1_673' title='bbox 2166 4610 2505 4683; x_wconf 86' lang='grc' dir='ltr'>πανημέριον</span> <span class='ocrx_word' id='word_1_674' title='bbox 2530 4609 2627 4680; x_wconf 81' lang='grc' dir='ltr'>μὲν</span> <span class='ocrx_word' id='word_1_675' title='bbox 2648 4608 2806 4663; x_wconf 82' lang='grc' dir='ltr'>τοῦτο</span> <span class='ocrx_word' id='word_1_676' title='bbox 2827 4609 2997 4679; x_wconf 82' lang='grc' dir='ltr'>ἔδρων</span> <span class='ocrx_word' id='word_1_677' title='bbox 3014 4608 3275 4681; x_wconf 85' lang='grc' dir='ltr'>μυριάδες</span> <span class='ocrx_word' id='word_1_678' title='bbox 3303 4608 3517 4675; x_wconf 70' lang='grc' dir='ltr'>πολλαὶ,</span> <span class='ocrx_word' id='word_1_679' title='bbox 3539 4609 3758 4680; x_wconf 84' lang='grc' dir='ltr'>νύκτωρ</span> 
     </span>
    </p>
   </div>
   <div class='ocr_carea' id='block_1_101' title="bbox 2159 4700 3752 4774">
    <p class='ocr_par' dir='ltr' id='par_1_101' title="bbox 2159 4700 3752 4774">
     <span class='ocr_line' id='line_1_101' title="bbox 2159 4700 3752 4774; baseline -0.003 -17"><span class='ocrx_word' id='word_1_680' title='bbox 2159 4704 2218 4757; x_wconf 82' lang='grc' dir='ltr'>δὲ</span> <span class='ocrx_word' id='word_1_681' title='bbox 2250 4704 2279 4756; x_wconf 93' lang='lat'><strong>6</strong></span> <span class='ocrx_word' id='word_1_682' title='bbox 2308 4703 2437 4774; x_wconf 82' lang='grc' dir='ltr'>χοῦς</span> <span class='ocrx_word' id='word_1_683' title='bbox 2466 4703 2791 4773; x_wconf 80' lang='grc' dir='ltr'>αὐτομάτως</span> <span class='ocrx_word' id='word_1_684' title='bbox 2825 4700 2937 4756; x_wconf 84' lang='grc' dir='ltr'>ἀπὸ</span> <span class='ocrx_word' id='word_1_685' title='bbox 2961 4701 3061 4772; x_wconf 85' lang='grc' dir='ltr'>τῆς</span> <span class='ocrx_word' id='word_1_686' title='bbox 3087 4701 3375 4771; x_wconf 69' lang='grc' dir='ltr'>φάραγγος</span> <span class='ocrx_word' id='word_1_687' title='bbox 3418 4700 3752 4769; x_wconf 84' lang='grc' dir='ltr'>μετετίθετο.</span> 
     </span>
    </p>
   </div>
   <div class='ocr_carea' id='block_1_102' title="bbox 2160 4793 3754 4866">
    <p class='ocr_par' dir='ltr' id='par_1_102' title="bbox 2160 4793 3754 4866">
     <span class='ocr_line' id='line_1_102' title="bbox 2160 4793 3754 4866; baseline -0.003 -15"><span class='ocrx_word' id='word_1_688' title='bbox 2160 4796 2482 4851; x_wconf 79' lang='grc' dir='ltr'>Κατέλυσαν</span> <span class='ocrx_word' id='word_1_689' title='bbox 2528 4793 2585 4847; x_wconf 75' lang='grc' dir='ltr'>δὲ</span> <span class='ocrx_word' id='word_1_690' title='bbox 2622 4796 2718 4848; x_wconf 70' lang='grc' dir='ltr'>καὶ</span> <span class='ocrx_word' id='word_1_691' title='bbox 2756 4794 2897 4849; x_wconf 78' lang='grc' dir='ltr'>αὐτὰ</span> <span class='ocrx_word' id='word_1_692' title='bbox 2920 4795 3022 4866; x_wconf 84' lang='grc' dir='ltr'>τῆς</span> <span class='ocrx_word' id='word_1_693' title='bbox 3051 4793 3366 4865; x_wconf 79' lang='grc' dir='ltr'>οἰκοδομίας</span> <span class='ocrx_word' id='word_1_694' title='bbox 3397 4794 3467 4847; x_wconf 79' lang='grc' dir='ltr'><strong>τὰ</strong></span> <span class='ocrx_word' id='word_1_695' title='bbox 3501 4793 3754 4863; x_wconf 72' lang='grc' dir='ltr'>λείψανα,</span> 
     </span>
    </p>
   </div>
   <div class='ocr_carea' id='block_1_103' title="bbox 2162 4883 3757 4959">
    <p class='ocr_par' dir='ltr' id='par_1_103' title="bbox 2162 4883 3757 4959">
     <span class='ocr_line' id='line_1_103' title="bbox 2162 4883 3757 4959; baseline -0.004 -15"><span class='ocrx_word' id='word_1_696' title='bbox 2162 4888 2436 4959; x_wconf 84' lang='grc' dir='ltr'>νεόδμητα</span> <span class='ocrx_word' id='word_1_697' title='bbox 2471 4887 2658 4942; x_wconf 84' lang='grc' dir='ltr'>πάντα</span> <span class='ocrx_word' id='word_1_698' title='bbox 2683 4886 3121 4941; x_wconf 85' lang='grc' dir='ltr'>κατασκευάσειν</span> <span class='ocrx_word' id='word_1_699' title='bbox 3151 4885 3492 4949; x_wconf 78' lang='grc' dir='ltr'>ἐλπίσαντες.</span> <span class='ocrx_word' id='word_1_700' title='bbox 3536 4883 3757 4955; x_wconf 81' lang='grc' dir='ltr'>Ἐπειδὴ</span> 
     </span>
    </p>
   </div>
   <div class='ocr_carea' id='block_1_104' title="bbox 2161 4978 3755 5051">
    <p class='ocr_par' dir='ltr' id='par_1_104' title="bbox 2161 4978 3755 5051">
     <span class='ocr_line' id='line_1_104' title="bbox 2161 4978 3755 5051; baseline -0.005 -15"><span class='ocrx_word' id='word_1_701' title='bbox 2161 4982 2220 5036; x_wconf 78' lang='grc' dir='ltr'>δὲ</span> <span class='ocrx_word' id='word_1_702' title='bbox 2257 4983 2367 5035; x_wconf 74' lang='grc' dir='ltr'>’καὶ</span> <span class='ocrx_word' id='word_1_703' title='bbox 2413 4981 2589 5051; x_wconf 75' lang='grc' dir='ltr'>γύψου</span> <span class='ocrx_word' id='word_1_704' title='bbox 2631 4982 2725 5033; x_wconf 78' lang='grc' dir='ltr'><strong>καί</strong></span> <span class='ocrx_word' id='word_1_705' title='bbox 2771 4980 2989 5034; x_wconf 85' lang='grc' dir='ltr'>τιτάνου</span> <span class='ocrx_word' id='word_1_706' title='bbox 3037 4978 3238 5042; x_wconf 84' lang='grc' dir='ltr'>πολλάς</span> <span class='ocrx_word' id='word_1_707' title='bbox 3295 4978 3571 5049; x_wconf 88' lang='grc' dir='ltr'>μεδίμνων</span> <span class='ocrx_word' id='word_1_708' title='bbox 3622 4992 3755 5030; x_wconf 84' lang='grc' dir='ltr'>συν-</span> 
     </span>
    </p>
   </div>
   <div class='ocr_carea' id='block_1_105' title="bbox 2164 5070 3756 5145">
    <p class='ocr_par' dir='ltr' id='par_1_105' title="bbox 2164 5070 3756 5145">
     <span class='ocr_line' id='line_1_105' title="bbox 2164 5070 3756 5145; baseline -0.003 -18"><span class='ocrx_word' id='word_1_709' title='bbox 2164 5072 2425 5145; x_wconf 83' lang='grc' dir='ltr'>ἡθροισαν</span> <span class='ocrx_word' id='word_1_710' title='bbox 2443 5072 2729 5144; x_wconf 83' lang='grc' dir='ltr'>μυριάδας,</span> <span class='ocrx_word' id='word_1_711' title='bbox 2745 5070 3001 5142; x_wconf 79' lang='grc' dir='ltr'>ἐξαπίνης</span> <span class='ocrx_word' id='word_1_712' title='bbox 3018 5072 3206 5142; x_wconf 77' lang='grc' dir='ltr'>ἄνεμοι</span> <span class='ocrx_word' id='word_1_713' title='bbox 3220 5070 3386 5142; x_wconf 84' lang='grc' dir='ltr'>βίαιοι</span> <span class='ocrx_word' id='word_1_714' title='bbox 3402 5070 3756 5132; x_wconf 85' lang='grc' dir='ltr'>πνεύσαντες,</span> 
     </span>
    </p>
   </div>
   <div class='ocr_carea' id='block_1_106' title="bbox 2166 5161 3749 5235">
    <p class='ocr_par' dir='ltr' id='par_1_106' title="bbox 2166 5161 3749 5235">
     <span class='ocr_line' id='line_1_106' title="bbox 2166 5161 3749 5235; baseline -0.002 -17"><span class='ocrx_word' id='word_1_715' title='bbox 2166 5166 2264 5218; x_wconf 69' lang='grc' dir='ltr'>καὶ</span> <span class='ocrx_word' id='word_1_716' title='bbox 2295 5164 2567 5235; x_wconf 79' lang='grc' dir='ltr'>στρόϐιλοι</span> <span class='ocrx_word' id='word_1_717' title='bbox 2597 5164 2691 5217; x_wconf 75' lang='grc' dir='ltr'>καὶ</span> <span class='ocrx_word' id='word_1_718' title='bbox 2729 5164 3049 5233; x_wconf 80' lang='grc' dir='ltr'>καταιγῖδες</span> <span class='ocrx_word' id='word_1_719' title='bbox 3097 5162 3190 5217; x_wconf 76' lang='grc' dir='ltr'><strong>καὶ</strong></span> <span class='ocrx_word' id='word_1_720' title='bbox 3250 5162 3517 5227; x_wconf 85' lang='grc' dir='ltr'>λαίλαπες</span> <span class='ocrx_word' id='word_1_721' title='bbox 3570 5161 3749 5225; x_wconf 80' lang='grc' dir='ltr'>πάσας</span> 
     </span>
    </p>
   </div>
   <div class='ocr_carea' id='block_1_107' title="bbox 2170 5253 3746 5330">
    <p class='ocr_par' dir='ltr' id='par_1_107' title="bbox 2170 5253 3746 5330">
     <span class='ocr_line' id='line_1_107' title="bbox 2170 5253 3746 5330; baseline -0.002 -18"><span class='ocrx_word' id='word_1_722' title='bbox 2170 5255 2384 5330; x_wconf 78' lang='grc' dir='ltr'>ἀθρόως</span> <span class='ocrx_word' id='word_1_723' title='bbox 2408 5255 2731 5311; x_wconf 74' lang='grc' dir='ltr'>ἐσκέδασαν.</span> <span class='ocrx_word' id='word_1_724' title='bbox 2773 5255 2895 5310; x_wconf 83' lang='grc' dir='ltr'><strong>Ἔτι</strong></span> <span class='ocrx_word' id='word_1_725' title='bbox 2927 5255 2982 5309; x_wconf 76' lang='grc' dir='ltr'>δὲ</span> <span class='ocrx_word' id='word_1_726' title='bbox 3012 5254 3341 5326; x_wconf 84' lang='grc' dir='ltr'>μεμηνότων</span> <span class='ocrx_word' id='word_1_727' title='bbox 3387 5254 3615 5310; x_wconf 69' lang='grc' dir='ltr'>ἐκείνων</span> <span class='ocrx_word' id='word_1_728' title='bbox 3662 5253 3746 5309; x_wconf 77' lang='grc' dir='ltr'><strong>καί</strong></span> 
     </span>
    </p>
   </div>
   <div class='ocr_carea' id='block_1_108' title="bbox 1778 5552 2460 5614">
    <p class='ocr_par' dir='ltr' id='par_1_108' title="bbox 1778 5552 2460 5614">
     <span class='ocr_line' id='line_1_108' title="bbox 1778 5552 2460 5614; baseline -0.003 -2"><span class='ocrx_word' id='word_1_729' title='bbox 1778 5555 2015 5613; x_wconf 63' lang='lat' dir='ltr'><strong>VARUS</strong></span> <span class='ocrx_word' id='word_1_730' title='bbox 2057 5552 2460 5614; x_wconf 77' lang='lat' dir='ltr'><strong>LECTlONES.</strong></span> 
     </span>
    </p>
   </div>
   <div class='ocr_carea' id='block_1_109' title="bbox 551 5707 3748 5788">
    <p class='ocr_par' dir='ltr' id='par_1_109' title="bbox 551 5707 3748 5788">
     <span class='ocr_line' id='line_1_109' title="bbox 551 5707 3748 5788; baseline -0.001 -23"><span class='ocrx_word' id='word_1_731' title='bbox 551 5715 598 5788; x_wconf 63' lang='grc' dir='ltr'><strong>’ξ</strong></span> <span class='ocrx_word' id='word_1_732' title='bbox 670 5713 798 5788; x_wconf 72' lang='grc' dir='ltr'>τινί.</span> <span class='ocrx_word' id='word_1_733' title='bbox 836 5713 1005 5788; x_wconf 80' lang='lat' dir='ltr'><strong>B_a_sil.</strong></span> <span class='ocrx_word' id='word_1_734' title='bbox 1036 5713 1132 5788; x_wconf 83' lang='lat' dir='ltr'><strong>Gr.</strong></span> <span class='ocrx_word' id='word_1_735' title='bbox 1176 5726 1229 5773; x_wconf 87' lang='lat' dir='ltr'><strong>et</strong></span> <span class='ocrx_word' id='word_1_736' title='bbox 1271 5714 1463 5788; x_wconf 71' lang='lat' dir='ltr'><strong>Steph.</strong></span> <span class='ocrx_word' id='word_1_737' title='bbox 1541 5717 1587 5749; x_wconf 71' lang='grc'><strong>⁸³</strong></span> <span class='ocrx_word' id='word_1_738' title='bbox 1621 5713 1845 5788; x_wconf 65' lang='grc' dir='ltr'>κόρρας.</span> <span class='ocrx_word' id='word_1_739' title='bbox 1883 5713 2051 5788; x_wconf 79' lang='lat' dir='ltr'><strong>Basil.</strong></span> <span class='ocrx_word' id='word_1_740' title='bbox 2096 5715 2194 5788; x_wconf 85' lang='lat' dir='ltr'><strong>Gr.</strong></span> <span class='ocrx_word' id='word_1_741' title='bbox 2273 5714 2333 5788; x_wconf 65' lang='lat'><strong>’_‘_</strong></span> <span class='ocrx_word' id='word_1_742' title='bbox 2370 5713 2679 5788; x_wconf 71' lang='grc' dir='ltr'>καθώπλισε</span> <span class='ocrx_word' id='word_1_743' title='bbox 2732 5711 2874 5788; x_wconf 80' lang='grc' dir='ltr'>κατὰ</span> <span class='ocrx_word' id='word_1_744' title='bbox 2907 5710 3016 5788; x_wconf 71' lang='grc' dir='ltr'><strong>τῷν</strong></span> <span class='ocrx_word' id='word_1_745' title='bbox 3045 5712 3126 5788; x_wconf 75' lang='grc' dir='ltr'><strong>εἰς</strong></span> <span class='ocrx_word' id='word_1_746' title='bbox 3151 5712 3259 5788; x_wconf 61' lang='grc' dir='ltr'><strong>Χρἶ</strong></span> <span class='ocrx_word' id='word_1_747' title='bbox 3290 5727 3421 5765; x_wconf 82' lang='grc' dir='ltr'>πεπ.</span> 
     </span>
    </p>
   </div>
   <div class='ocr_carea' id='block_1_110' title="bbox 479 5783 1766 5852">
    <p class='ocr_par' dir='ltr' id='par_1_110' title="bbox 479 5783 1766 5852">
     <span class='ocr_line' id='line_1_110' title="bbox 479 5783 1766 5852; baseline 0.005 -15"><span class='ocrx_word' id='word_1_748' title='bbox 479 5794 536 5838; x_wconf 76' lang='lat' dir='ltr'><strong>et</strong></span> <span class='ocrx_word' id='word_1_749' title='bbox 563 5783 756 5852; x_wconf 87' lang='lat' dir='ltr'><strong>Steph.</strong></span> <span class='ocrx_word' id='word_1_750' title='bbox 870 5784 917 5816; x_wconf 80' lang='lat'>”</span> <span class='ocrx_word' id='word_1_751' title='bbox 955 5786 1162 5851; x_wconf 66' lang='grc' dir='ltr'>ἐκεῖνος</span> <span class='ocrx_word' id='word_1_752' title='bbox 1199 5788 1352 5843; x_wconf 85' lang='lat' dir='ltr'><strong>abest</strong></span> <span class='ocrx_word' id='word_1_753' title='bbox 1371 5783 1416 5843; x_wconf 70' lang='grc' dir='ltr'><strong>ὀ</strong></span> <span class='ocrx_word' id='word_1_754' title='bbox 1450 5787 1618 5845; x_wconf 87' lang='lat' dir='ltr'><strong>Basil.</strong></span> <span class='ocrx_word' id='word_1_755' title='bbox 1671 5783 1766 5843; x_wconf 81' lang='lat' dir='ltr'><strong>Gr.</strong></span> 
     </span>
    </p>
   </div>
   <div class='ocr_carea' id='block_1_111' title="bbox 479 5852 1269 5922">
    <p class='ocr_par' dir='ltr' id='par_1_111' title="bbox 479 5852 1269 5922">
     <span class='ocr_line' id='line_1_111' title="bbox 479 5852 1269 5922; baseline -0.001 -14"><span class='ocrx_word' id='word_1_756' title='bbox 479 5853 747 5922; x_wconf 67' lang='lat' dir='ltr'><strong>probante</strong></span> <span class='ocrx_word' id='word_1_757' title='bbox 793 5852 1035 5910; x_wconf 76' lang='lat' dir='ltr'><strong>Valesio.</strong></span> <span class='ocrx_word' id='word_1_758' title='bbox 1262 5876 1269 5881; x_wconf 87' lang='lat'><em>-</em></span> 
     </span>
    </p>
   </div>
   <div class='ocr_carea' id='block_1_112' title="bbox 1878 5779 3746 5858">
    <p class='ocr_par' dir='ltr' id='par_1_112' title="bbox 1878 5779 3746 5858">
     <span class='ocr_line' id='line_1_112' title="bbox 1878 5779 3746 5858; baseline -0.003 -21"><span class='ocrx_word' id='word_1_759' title='bbox 1878 5787 1924 5818; x_wconf 65' lang='grc' dir='ltr'><strong>νδ</strong></span> <span class='ocrx_word' id='word_1_760' title='bbox 1975 5787 2063 5841; x_wconf 71' lang='grc' dir='ltr'>καὶ</span> <span class='ocrx_word' id='word_1_761' title='bbox 2096 5787 2240 5858; x_wconf 73' lang='grc' dir='ltr'>ἄμας</span> <span class='ocrx_word' id='word_1_762' title='bbox 2274 5786 2372 5855; x_wconf 79' lang='lat' dir='ltr'><strong>(sic</strong></span> <span class='ocrx_word' id='word_1_763' title='bbox 2426 5795 2477 5840; x_wconf 82' lang='lat' dir='ltr'><strong>et</strong></span> <span class='ocrx_word' id='word_1_764' title='bbox 2525 5781 2968 5855; x_wconf 72' lang='lat' dir='ltr'><strong>Glxristnpliors.)</strong></span> <span class='ocrx_word' id='word_1_765' title='bbox 3002 5782 3092 5833; x_wconf 71' lang='grc' dir='ltr'>καὶ</span> <span class='ocrx_word' id='word_1_766' title='bbox 3133 5779 3405 5851; x_wconf 47' lang='grc' dir='ltr'>κοφίνους.</span> <span class='ocrx_word' id='word_1_767' title='bbox 3450 5779 3618 5837; x_wconf 76' lang='lat' dir='ltr'><strong>liasil.</strong></span> <span class='ocrx_word' id='word_1_768' title='bbox 3653 5779 3746 5834; x_wconf 68' lang='lat' dir='ltr'><strong>Gr.</strong></span> 
     </span>
    </p>
   </div>
  </div>
