4124 6432
438 410 576 479 1H3

1393 418 1985 482 ECCLESIASTICA‘I
2032 417 2418 480 HISTORIAS
2461 423 2606 482 LIB.
2639 416 2767 482 III.

3577 416 3712 481 1114

433 531 501 598 τῇ
539 525 893 598 μακροθυμίᾳ
923 526 997 598 μὴ
1028 528 1518 602 σωφρονιζομένων
1545 533 1612 602 τῇ
1629 529 1772 601 θείᾳ,
1804 528 2019 600 πρῶτον

2128 528 2388 599 patientia
2425 531 2834 601 resipiscerent,
2869 532 3108 602 primum
3139 539 3300 588 terrae
3322 538 3506 585 motus
3536 528 3712 584 factus

437 620 536 687 μὲν
599 618 824 688 σεισμὸς
868 619 1086 688 ἐγένετο
1119 620 1396 692 μέγιστος,
1432 622 1527 676 καὶ
1569 623 1695 686 τοὺς
1738 620 2020 684 παντελῶς

436 712 716 781 ἀμυήτους
741 711 851 764 τῶν
882 709 1040 767 θείων
1080 712 1263 779 ἱκανὸς
1305 711 1649 785 καταπλῆξαι
1677 714 1744 768 ’⁷.
1801 711 2018 783 Ἐπειδὴ

437 801 491 854 δὲ
526 802 627 855 οὐκ
657 800 891 866 ἔδεισαν,
926 801 1035 874 πῦρ
1086 803 1152 856 ὲκ
1194 803 1303 856 τῶν
1337 802 1721 875 ὀρυσσομένων
1751 801 2019 874 θεμελίων

432 894 751 966 ἀναδραμὸν
786 893 1071 958 πλείστους
1095 894 1207 948 τῶν
1245 895 1585 968 ὀρυττόντων
1606 895 1920 967 κατέπρησε
1948 893 2018 962 ’⁸,

431 987 561 1048 τοὺς
587 985 645 1037 δὲ
667 984 861 1049 ἄλλους
889 985 1170 1039 ἐσκέδασε.
1206 987 1315 1040 Καὶ
1345 986 1561 1059 νύκτωρ
1593 985 1649 1039 δὲ
1681 984 2019 1057 παμπόλλων

432 1079 498 1130 έν
513 1094 620 1131 τινι
642 1076 953 1148 πελαζούσῃ
988 1077 1356 1132 καθευδόντων
1386 1080 1538 1150 στοᾷ,
1574 1076 1884 1149 κατηνέχθη
1917 1076 2016 1147 μὲν

432 1169 650 1240 ἀθρόως
689 1171 788 1223 σὺν
815 1169 895 1239 τῷ
923 1167 1107 1241 ὀρόφῳ
1136 1169 1198 1223 τὸ
1225 1169 1584 1241 οἰκοδόμημα,
1616 1167 1767 1242 [145]
1808 1168 1933 1232 τοὺς
1962 1168 2020 1222 δὲ

432 1261 797 1325 καθεύδοντας
826 1261 1131 1334 συνέχωσεν
1158 1261 1427 1327 ἅπαντας.
1453 1262 1610 1316 Κατὰ
1643 1262 1702 1317 δὲ
1723 1261 1822 1334 τὴν
1846 1260 2019 1332 αὐτὴν

433 1348 627 1419 νύκτα,
656 1354 751 1408 καὶ
781 1350 847 1409 αὖ
871 1356 1034 1409 πάλιν
1057 1359 1122 1428 τῇ
1147 1356 1429 1428 ὑστεραίᾳ.
1462 1354 1619 1426 ὤφθη
1637 1355 1696 1407 ὲν
1710 1354 1789 1425 τῷ
1804 1351 2020 1424 οὐρανῷ

431 1443 527 1497 τοῦ
562 1445 834 1515 σωτηρίου
867 1445 1103 1520 σταυροῦ
1122 1447 1181 1499 τὸ
1212 1446 1401 1517 σχῆμα
1433 1445 1852 1515 φωτοειδὲς,καὶ
1879 1444 2023 1497 αὐτὰ

433 1537 489 1588 é‘s
521 1534 591 1589 τὰ
622 1536 668 1569 ⁹⁹
697 1537 809 1591 τῶν
852 1538 1123 1592 Ἰουδαίων
1152 1536 1438 1608 ἐσθήματα
1476 1536 1728 1606 σταυρῶν
1781 1534 2023 1606 ἐπεπλήο

439 1644 599 1696 ρωτο,
625 1630 727 1683 οὐκ
756 1628 837 1683 ἔτι
871 1629 1057 1701 μέντοι
1108 1630 1439 1700 φωτοειδῶν,
1486 1628 1601 1683 ἀλλ’
1653 1630 1717 1682 ὲκ
1761 1626 2023 1698 μελαίνης

438 1721 972 1791 κατεσκευασμένων
1002 1723 1216 1793 χροιᾶς.
1259 1721 1447 1775 Ταῦτα
1476 1721 1526 1773 oi
1557 1719 1792 1774 ἀντίθεοι
1827 1717 2024 1774 θεασά-

439 1830 614 1882 μενοι,
652 1815 747 1869 καὶ
794 1815 892 1880 τὰς
924 1815 1223 1887 θεηλάτους
1277 1816 1552 1886 μάστιγας
1585 1814 2019 1886 ὀρρωδήσαντες,

2129 626 2213 673 est
2242 620 2540 686 maximus,
2600 622 2693 692 qui
2755 623 2836 676 vel
2892 638 3077 678 rerum
3131 624 3444 679 divinarum
3483 620 3714 675 rudibus

2128 717 2396 766 terrorem
2428 721 2642 783 poterat
2681 714 2932 770 incutere
2972 732 2986 769 :
3024 723 3079 770 et
3117 716 3245 785 quia
3287 730 3396 769 non
3431 712 3715 768 terreban—

2128 810 2243 870 tur,
2276 803 2419 875 ignis
2453 821 2518 860 ex
2552 805 2791 861 defossis
2849 806 3228 864 fundamentis
3261 819 3562 876 erumpens
3600 803 3714 874 ple-

2128 911 2334 967 rosque
2385 897 2665 954 fossorum
2711 901 2948 967 exussit,
2978 899 3230 971 reliquos
3262 900 3320 954 in
3355 898 3540 967 fugam
3576 895 3711 965 egit.

2126 988 2305 1045 Noctu
2337 990 2503 1046 etiam
2539 992 2596 1047 in
2632 993 2809 1048 vicina
2842 995 3055 1065 porticu
3100 992 3507 1050 dormientibus
3541 988 3717 1060 pluri-

2128 1084 2257 1151 mis,
2284 1085 2587 1155 c0llapsum
2613 1101 2738 1141 eum
2783 1103 2886 1143 suo
2923 1096 3068 1144 tecto
3096 1087 3383 1143 aediﬁcium
3423 1085 3714 1141 universos

2128 1176 2424 1246 oppressit.
2460 1176 2775 1248 Eademque
2829 1180 2921 1234 illa
2975 1188 3160 1246 nocte,
3213 1179 3474 1235 salutaris
3528 1174 3715 1231 erucis

2128 1267 2372 1323 lucidum
2395 1270 2448 1322 in
2469 1270 2611 1325 ccelo
2629 1271 2845 1342 signum
2869 1273 3145 1342 apparuit,
3162 1270 3477 1327 Iudaeorum
3496 1281 3717 1340 quoque

2126 1367 2313 1414 vestes
2341 1360 2475 1430 ipsae
2504 1362 2768 1417 crucibus
2799 1362 3017 1417 refertae
3046 1372 3177 1418 sunt
3208 1378 3320 1417 non
3353 1358 3551 1416 lucidis
3588 1358 3713 1430 qui-

2130 1450 2276 1518 dem,
2309 1452 2404 1507 sed
2440 1461 2563 1508 atro
2593 1455 2781 1510 colore
2818 1454 3068 1511 suffusis.
3121 1454 3253 1521 Quae
3305 1462 3594 1509 cernentes
3623 1450 3715 1514 Dei

2130 1541 2456 1610 adversarii,
2491 1546 2869 1603 immissarum
2902 1562 2931 1602 a
2966 1547 3074 1603 Deo
3115 1547 3399 1618 plagarum
3437 1550 3586 1600 metu
3610 1540 3718 1597 dif-

2082 1615 2094 1624 ’
2131 1633 2412 1703 fugerunt,
2448 1636 2618 1691 Deum
2651 1651 2778 1693 esse
2812 1639 3072 1704 fatentes,
3101 1615 3261 1706 quem
3296 1634 3534 1705 majores
3571 1633 3718 1701 ipso-

2130 1742 2252 1781 rum
2284 1729 2434 1784 cruci
2468 1728 2775 1785 afliverant.
2812 1729 3004 1785 Audiit
3051 1730 3170 1785 haec
3219 1726 3497 1790 Julianus,
3550 1723 3720 1795 938

2131 1820 2186 1874 in
2216 1822 2461 1876 omnium
2512 1822 2657 1877 enim
2712 1837 2809 1877 ore
2864 1821 3253 1884 versabantur,
3299 1818 3394 1875 sed
3441 1815 3608 1871 corde
3661 1822 3719 1867 ut

435 1908 755 1979 ἀπέδρασαν
782 1927 841 1962 τε
871 1909 967 1963 καὶ
992 1908 1062 1963 τὰ
1089 1911 1265 1964 οίκεῖα
1305 1908 1626 1974 κατέλαϐον,
1667 1909 1801 1962 Θεὸν
1827 1908 2021 1979 ὁμολο-

2128 1909 2343 1966 Pbarao
2370 1916 2654 1985 quondam
2678 1914 2963 1969 obdurnit.

435 2000 662 2067 γοῦντες
713 2002 805 2055 τὸν
838 2002 942 2055 ὑπὸ
970 2002 1080 2055 τῶν
1112 2002 1396 2074 προγόνων
1438 2000 1514 2072 τῷ
1558 2000 1701 2073 ξύλῳ
1731 2000 2175 2073 προσηλωθέντα.
2209 2004 2398 2060 Ταῦτα
2443 2007 2649 2078 ἤκουσε
2714 2007 2814 2079 μὲν
2890 2005 3204 2071 Ἰουλιανὸς,
3273 2003 3428 2076 παρὰ
3500 2003 3717 2057 πάντων

435 2093 545 2167 γάρ
573 2095 752 2166 ᾔδετο,
789 2098 867 2166 τῷ
903 2094 961 2149 δὲ
989 2097 1190 2167 Φαραῶ
1225 2094 1628 2168 παραπλησίως
1661 2094 1763 2165 τὴν
1787 2094 2021 2164 καρδίαν
2058 2095 2414 2169 ὲσκλήρυνεν.

1008 2191 1265 2245 ΚΕΦΑΛ.
1340 2193 1457 2257 ις’.

682 2285 819 2354 Περὶ
855 2285 965 2353 τῆς
994 2285 1144 2340 κατὰ
1176 2285 1429 2354 Περσῶν
1461 2286 1797 2354 στρατείας.
1976 2350 1983 2357 ε

520 2373 739 2446 Ἐπειδὴ
791 2376 849 2428 δὲ
898 2376 1104 2447 Πέρσαι
1143 2376 1245 2446 τὴν
1292 2377 1679 2430 Κωνσταντίου
1732 2373 2024 2448 πυθόμενοι

433 2468 690 2539 τελευτὴν
720 2468 1060 2540 ἐθάρρησαν,
1102 2472 1200 2521 καὶ
1238 2468 1320 2532 είς
1353 2468 1482 2532 τοὺς
1532 2469 1823 2539 Ῥωμαίων
1866 2470 2026 2541 ὅρους

430 2559 695 2627 ἀφίκοντο
741 2560 982 2630 πόλεμον
1033 2558 1540 2630 προσαγγείλαντες
1575 2560 1617 2623 ³,
1653 2560 1833 2627 ἔδοξεν
1874 2561 2025 2634 αὐτῷ

431 2652 752 2722 συναγεῖραι
788 2650 889 2719 τὴν
939 2649 1232 2720 στρατιὰν,
1290 2651 1384 2704 τὸν
1425 2651 1637 2724 ταύτης
1689 2652 1791 2705 οὐκ
1846 2652 2027 2724 ἔχοντι

431 2742 746 2814 πρόμαχον.
789 2742 1021 2814 Πέμψας
1048 2743 1105 2797 δὲ
1148 2745 1230 2807 είς
1263 2743 1523 2814 Δελφοὺς,
1557 2745 1652 2799 καλ⁸
1684 2745 1879 2815 Δῆλον,
1935 2747 2029 2800 καὶ

430 2835 697 2907 Δωδώνην
719 2836 762 2901 ⁸,
808 2836 1005 2889 καὶτὰ
1052 2837 1191 2892 ἄλλα
1235 2836 1566 2909 χρηστήρια,
1605 2837 1653 2890 εἰ
1686 2836 1794 2909 χρὴ
1860 2854 2029 2908 στραι-

429 2926 611 2981 τεύειν
645 2928 908 3000 ἐπηρώτα
936 2930 1063 2994 τοὺς
1092 2929 1336 3001 μάντεις.
1379 2930 1446 2983 Oi
1480 2929 1538 2983 δὲ
1579 2930 1676 2983 καὶ
1705 2930 2028 3002 στρατεύειν

432 3020 708 3083 ἐκέλευον,
760 3023 854 3075 καὶ
901 3021 1264 3093 ὑπισχνοῦντο
1296 3022 1395 3092 τὴν
1435 3022 1615 3093 νίκην.
1655 3022 1793 3076 Ἕνα
1825 3021 1883 3075 δὲ
1916 3021 2028 3077 τῶν

430 3113 699 3184 χρησμῶν
733 3115 815 3179 εἰς
844 3115 1073 3186 ἔλεγχον
1121 3116 1216 3170 τοῦ
1242 3115 1478 3181 ψεύδους
1517 3115 1735 3186 ἐνθήσω
1783 3116 1854 3187 τῇ
1892 3131 2025 3184 συγ-

430 3210 643 3278 γραφῇ.
680 3208 839 3261 Ἔστι
890 3207 948 3262 δὲ
992 3201 1180 3272 οὗτος⁸
1222 3208 1355 3263 Νῦν
1391 3207 1616 3275 πάντες
1665 3207 2027 3278 ὡρμήθημεν

2383 2196 2537 2252 CAP.
2572 2197 2714 2252 XVI.
2754 2196 2839 2271 [Β.
2868 2198 2950 2253 St.
2978 2195 3046 2253 V.
3076 2196 3167 2251 21.
3199 2194 3304 2250 Cb.
3351 2191 3465 2264 l8.]

2527 2289 2604 2344 De
2635 2290 2967 2361 expeditione
2997 2290 3051 2343 in
3085 2287 3303 2342 Persas.

2195 2379 2331 2435 Cum
2381 2382 2567 2436 audita
2624 2391 2801 2437 morte
2849 2381 3164 2437 Constantii
3216 2379 3543 2436 audaciores
3590 2377 3715 2433 facti

2124 2469 2307 2527 Persae
2353 2472 2717 2543 irruptionem
2752 2472 2960 2528 indicto
3001 2473 3148 2528 bello
3183 2472 3429 2527 facerent
3474 2471 3528 2525 in
3583 2471 3719 2525 lines

2120 2562 2525 2627 Romanorum,
2556 2563 2867 2619 faciendum
2914 2563 3137 2619 Juliano
3168 2564 3348 2619 visum
3404 2569 3514 2629 est,
3543 2577 3721 2632 quau-

2130 2671 2295 2726 quam
2334 2664 2745 2727 propugnatore
2788 2656 3036 2719 carebat,
3067 2662 3129 2709 ut
3152 2655 3457 2710 exercitum
3499 2667 3722 2724 compa-

2131 2754 2298 2802 raret.
2332 2746 2591 2818 Misitque
2624 2745 2885 2818 Delphos,
2920 2748 3055 2802 etin
3088 2745 3303 2813 Delum,
3335 2758 3390 2803 et
3418 2745 3720 2808 Dodonam,

2130 2848 2186 2899 et
2208 2841 2275 2896 ad
2312 2841 2421 2894 alia
2451 2840 2699 2907 oracula,
2731 2840 2827 2911 qui
2853 2847 3008 2895 vates
3037 2839 3422 2903 consulerent,
3457 2854 3524 2892 an
3560 2851 3725 2907 expc-

2131 2930 2399 2987 ditionem
2441 2929 2666 3001 aggredi
2712 2929 2958 2986 deberet.
2992 2930 3073 2985 Illi
3107 2945 3239 2984 vero
3272 2938 3326 2984 et
3362 2930 3564 2983 bellum
3606 2927 3723 2995 geri

2128 3022 2412 3092 iubebant,
2437 3033 2490 3077 et
2515 3022 2804 3076 victoriam
2847 3021 3276 3092 pollicebantur.
3310 3019 3490 3074 Unum
3528 3032 3631 3089 ego
3655 3033 3724 3073 ex

2135 3114 2223 3170 bis
2246 3114 2489 3170 oraculis
2536 3114 2775 3192 inseram
2809 3113 3142 3180 narrationi,
3188 3121 3246 3167 ut
3289 3128 3480 3169 eorum
3507 3111 3725 3168 falsitas

2134 3211 2480 3264 revincetur.
2517 3206 2616 3264 Est
2646 3210 2828 3263 autem
2856 3207 3181 3279 huiusmodi
3210 3221 3225 3260 :
3252 3205 3445 3261 Parati
3474 3221 3616 3258 nunc
3647 3204 3727 3258 dii

431 3300 555 3355 θεοὶ
578 3300 757 3368 νίκης
781 3302 1037 3369 τρόπαια
1060 3301 1431 3371 κομίσασθαι
1459 3300 1620 3370 παρὰ
1669 3299 1815 3370 Omni
1844 3313 2025 3355 ποτα-

2135 3316 2313 3357 omnes
2344 3316 2548 3367 sumus,
2585 3309 2643 3354 ut
2694 3300 2931 3370 [eramus
2966 3309 3167 3368 tropaea
3208 3298 3369 3368 juxta
3397 3294 3593 3350 Ferant
3624 3295 3728 3364 ﬂu-

423 3393 522 3464 ιιῷ
542 3410 554 3424 ·
578 3394 697 3448 τῶν
723 3393 776 3448 δ’
793 3393 909 3465 ἐγὼ
930 3396 1319 3466 ἡγεμονεύσω
1336 3393 1553 3465 θοῦρος
1577 3396 2025 3464 πολεμόκλονος

2132 3395 2271 3449 vium
2320 3411 2339 3449 :
2371 3410 2595 3466 quorum
2637 3410 2731 3465 ego
2764 3392 2990 3448 ductor'
3032 3407 3122 3447 ero
3152 3391 3298 3462 [erus
3326 3388 3475 3446 Mars
3506 3387 3727 3460 bellipo-

434 3485 633 3554 Ἅρης.
671 3484 746 3538 Τὸ
769 3485 869 3556 μὲν
897 3478 993 3539 οὖν
1026 3486 1134 3540 τῶν
1165 3484 1314 3538 ἐπῶν
1358 3484 1771 3555 καταγέλαστον
1828 3502 2032 3556 κωμῳ-

428 3576 696 3631 δείτωσαν
722 3577 770 3630 oi
795 3577 976 3647 λόγιον
1011 3576 1134 3631 θεὸν
1167 3579 1264 3631 καὶ
1292 3564 1661 3630 τῶνΜουσῶν
1716 3575 2032 3647 ἀρχηγέτην

430 3669 523 3722 τδν
552 3669 752 3723 Πύθιον
797 3668 1194 3741 ὀνομάζοντες’
1247 3667 1360 3737 ἐγὼ
1414 3668 1474 3722 δὲ
1519 3668 1688 3724 αὑτοῦ
1729 3668 1791 3721 τὸ
1832 3667 2031 3738 ψεῦδος

430 3760 632 3831 εὑρὼν,
659 3761 752 3816 τὸν
781 3762 1201 3834 ἐξηπατημένον
1236 3761 1519 3833 ὀδύρομαι.
1562 3759 1732 3830 Θῆρα
1769 3760 1825 3813 δὲ
1863 3778 2029 3815 ποτα-

434 3855 536 3925 μὸν
564 3856 656 3910 τὸν
703 3856 898 3927 Τίγριν
940 3855 1248 3926 ὠνόμασεν,
1287 3854 1589 3925 ἐπειδήπερ
1620 3853 1818 3907 τούτου
1846 3855 1867 3886 ³
1908 3854 2028 3907 ἐστὶ

431 3944 625 4016 θηρίον
656 3946 971 4018 ὁμώνυμον.
1018 3938 1188 4010 Οὗτος
1217 3945 1275 3998 δὲ
1305 3947 1370 3999 ὲκ
1397 3945 1506 3998 τῶν
1548 3944 1850 4015 Ἀρμενίων
1898 3946 2029 3999 ἀνα-

431 4038 747 4093 ϐλυστάνων
780 4037 946 4109 ὀρῶν,
990 4038 1087 4093 καὶ
1134 4036 1224 4090 διὰ
1260 4037 1359 4107 τῆς
1400 4037 1704 4108 Ἀσσυρίας
1737 4037 1902 4107 ῥέων,
1948 4037 2030 4099 εἰς

433 4133 526 4184 τὴν
578 4130 852 4203 Περσικὸν
906 4129 1184 4184 εἰσϐάλλει
1241 4129 1474 4184 κόλπον.
1543 4128 1682 4183 ’Υπό
1742 4128 1948 4191 τούτων
2000 4129 2029 4182 ὁ

435 4222 665 4288 δείλαιος
704 4222 1058 4293 βουκοληθεὶς
1106 4221 1216 4275 τῶν
1268 4221 1561 4292 χρησμῶν,
1598 4222 1692 4275 καὶ
1728 4219 1828 4291 τὴν
1868 4220 2030 4291 νίκην

435 4316 808 4387 ὠνειροπόλει,
835 4316 929 4369 καὶ
948 4314 1088 4387 μετὰ
1119 4313 1217 4386 τὴν
1242 4313 1522 4384 Περσικὴν
1557 4313 1740 4384 μάχην
1772 4312 1863 4366 τὸν
1893 4312 2030 4382 πρὸς

432 4412 560 4476 τοὺς
596 4411 914 4474 Γαλιλαίους
942 4408 1280 4481 ὲφαντάζετο
1321 4410 1585 4480 πόλεμον.
1626 4409 1769 4471 Τοὺς
1799 4408 1857 4462 δὲ
1893 4408 1937 4460 Χ
1950 4424 2031 4479 ρι-

2132 3494 2267 3542 tens.
2296 3484 2536 3542 Rideant
2567 3501 2700 3557 ergo
2732 3499 2999 3541 versuum
3040 3483 3275 3539 istorum
3314 3481 3574 3555 ineptias,
3630 3481 3726 3553 qui

2129 3578 2292 3633 deum
2331 3577 2680 3648 eloquentem
2725 3583 2783 3632 et
2815 3575 3103 3632 Musarum
3136 3575 3427 3647 praesidem
3466 3574 3724 3647 Pythium

2130 3667 2468 3722 nominant:
2505 3666 2641 3720 mibi
2666 3665 3017 3735 deprehenso
3051 3666 3175 3738 ejus
3211 3666 3521 3733 mendacio,
3562 3665 3728 3721 mise-

2128 3758 2239 3812 rari
2276 3756 2425 3812 subit
2472 3758 2629 3813 illum
2683 3758 2778 3828 qui
2834 3758 2906 3813 ab
2962 3772 3028 3814 eo
3086 3757 3353 3828 deceptus
3390 3765 3494 3814 est.
3535 3756 3727 3812 Feram

2128 3846 2236 3904 istc
2265 3848 2476 3920 Tigrim
2508 3847 2735 3904 ﬂuvium
2773 3849 3105 3920 appellavit,
3138 3850 3270 3919 quia
3308 3848 3425 3905 fera
3471 3857 3574 3916 est,
3604 3865 3727 3920 qua:

2129 3942 2271 3997 idem
2304 3956 2431 3997 cum
2458 3955 2525 3996 eo
2568 3956 2773 3997 nomen
2824 3941 3010 3998 habet.
3060 3941 3232 3998 Ortus
3284 3941 3374 3996 hic
3428 3956 3596 4011 porro
3650 3956 3749 3997 εκ·

2130 4034 2406 4090 Armeniae
2441 4034 2725 4090 montibus
2747 4075 2761 4099 ,
2793 4049 2895 4105 per
2920 4036 3203 4106 Assyriam
3234 4033 3352 4088 fluit
3374 4073 3389 4098 ,
3424 4044 3479 4089 et
3513 4034 3566 4088 in
3599 4034 3728 4089 Per-

2136 4128 2316 4183 sicum
2358 4127 2543 4182 sinum
2578 4125 2877 4181 evolvitur.
2924 4124 3024 4182 His
3062 4126 3155 4182 ille
3179 4125 3427 4182 oraculis
3458 4126 3723 4193 delusus,

2129 4229 2184 4275 et
2214 4219 2504 4274 victoriam
2531 4217 2879 4285 somniabat,
2912 4225 2969 4274 et
2997 4224 3121 4286 post
3166 4233 3406 4289 pugnam
3446 4217 3725 4274 Persicam

2132 4312 2338 4367 bellum
2394 4311 2768 4366 meditabatur
2823 4310 3095 4367 adversus
3143 4310 3418 4367 Galilzros.
3472 4311 3728 4367 Calilteos

2133 4414 2315 4460 autem
2352 4406 2633 4460 vocitabat
2668 4404 3026 4461 Christianos
3048 4446 3061 4469 ,
3096 4405 3202 4459 hoc
3236 4405 3348 4459 illis
3381 4404 3606 4458 nomine
3640 4405 3729 4457 in-

2132 4498 2360 4554 famiam
2396 4515 2456 4554 se
2490 4499 2767 4553 illaturum
2807 4482 3153 4553 existimans.
3208 4498 3279 4552 At
3332 4499 3578 4567 cogitare
3627 4512 3729 4566 par

2133 4598 2254 4645 erat
2284 4590 2564 4645 hominem
2602 4590 2658 4644 in
2689 4591 2892 4645 litteris
2923 4590 3218 4645 educatum
3241 4628 3254 4651 ,
3290 4589 3595 4643 mutatione
3626 4603 3728 4643 no-

435 4507 689 4568 στιανοὺς
728 4503 1051 4568 Γαλιλαίους
1099 4502 1409 4574 ὠνόμαζεν,
1449 4503 1689 4574 ’ἀτιμίαν
1728 4502 1914 4564 αὐτοῖς
1964 4502 2029 4554 ἐκ

432 4599 538 4667 τῆς
584 4588 969 4668 προσηγορίας
1030 4596 1336 4666 προσάψειν
1385 4593 1737 4667 ἡγούμενος.⁴
1769 4593 1919 4645 Ἔδει
1971 4591 2030 4645 δὲ

432 4691 601 4746 αὐτὸν
648 4693 928 4760 σκοπῆσαι
976 4688 1158 4756 λόγοις
1181 4686 1649 4757 ἐντεθραμμένον,
1706 4684 1782 4747 ὡς
1825 4685 2025 4756 ἥκιστα

2133 4683 2302 4738 minis
2335 4683 2817 4738 existimationem
2872 4684 3108 4737 minime
3162 4680 3308 4736 laedi.
3366 4679 3501 4735 Nam
3549 4696 3728 4750 neque

430 4783 560 4855 δόξῃ
587 4783 912 4854 λυμαίνεται
961 4776 1336 4850 προσηγορίας
1376 4777 1651 4849 ὲναλλαγὴ
1674 4776 1719 4808 δ’
1748 4775 1870 4830 οὐδὲ
1912 4776 2023 4847 γὰρ

2133 4773 2382 4840 Socrati,
2420 4775 2467 4830 si
2507 4773 2675 4844 939
2708 4774 2915 4829 Critias
2959 4775 3155 4831 fuisset
3196 4782 3587 4843 nuncupatus,
3629 4788 3727 4828 ne-

433 4878 485 4930 c!
512 4876 809 4946 Σωκράτης
834 4871 987 4946 [Hd]
1017 4869 1311 4941 ὠνομάσθη
1345 4868 1599 4940 Κριτίας,
1652 4870 1751 4922 καὶ
1784 4868 2024 4937 Φάλαρις

2132 4881 2241 4937 que
2285 4864 2648 4936 Pythagora,
2701 4866 2748 4922 si
2799 4865 3054 4920 Phalaris
3102 4866 3444 4936 appellatus,
3500 4881 3724 4935 aspersa

432 4971 463 5020 ὁ
522 4967 852 5038 Πυθαγόρας
904 4961 1347 5037 προσηγορεύθη,
1405 4960 1587 5031 λώϐης
1641 4959 1708 5014 ἂν
1765 4960 2025 5030 μετέσχον

2132 4961 2286 5015 labes
2326 4960 2434 5014 ulla
2479 4958 2683 5014 fuisset
2721 4974 2786 5015 ex
2828 4960 3119 5014 nominum
3161 4960 3510 5014 mutatione:
3551 4974 3726 5028 neque

430 5059 582 5123 τινος
613 5061 677 5114 ὲκ
705 5059 806 5129 τῆς
836 5057 946 5112 τῶν
999 5054 1284 5125 ὀνομάτων
1321 5052 1627 5124 μεταϐολῆς
1650 5069 1664 5082 '
1712 5051 1835 5106 οὐδέ
1889 5067 1953 5119 γε
2001 5052 2025 5103 ό

2135 5050 2337 5105 Nireus
2364 5090 2379 5114 ,
2420 5050 2464 5105 si
2504 5048 2790 5106 Thersites
2824 5058 2970 5105 esset
3004 5058 3235 5105 vocatus
3255 5089 3270 5114 ,
3300 5051 3576 5118 jacturam
3607 5049 3726 5104 fora

431 5152 642 5223 Νιρεὺς
669 5150 935 5222 Θερσίτης
963 5146 1286 5218 ἐπικληθεὶς
1309 5146 1353 5210 ⁸,
1389 5145 1676 5200 ἀπώλεσεν
1718 5145 1786 5198 ἂν
1812 5143 1840 5197 ὃ
1871 5141 2024 5214 παρὰ

2135 5156 2239 5196 mae
2280 5140 2543 5208 fecisset,
2578 5155 2742 5209 quam
2780 5156 2808 5194 a
2847 5148 3048 5195 natura
3088 5146 3396 5209 acceperat.
3435 5137 3545 5193 Sed
3587 5139 3727 5192 nihil

433 5245 540 5314 τῆς
572 5243 792 5314 φύσεως
844 5241 1062 5305 ἐδέξατο
1110 5239 1325 5303 κάλλος.
1376 5238 1538 5293 Ἀλλὰ
1564 5237 1769 5292 τούτων
1818 5237 2025 5291 οὐδὲνό

2133 5234 2330 5289 borum
2365 5234 2553 5287 animo
2586 5244 2851 5303 reputans
2879 5271 2893 5297 ,
2931 5233 3021 5303 qui
3060 5232 3166 5287 ista
3198 5231 3498 5293 didicerat,
3529 5247 3725 5286 nocere

433 5334 612 5389 ταῦτα
637 5332 1070 5403 πεπαιδευμένος
1103 5333 1182 5394 είς
1213 5330 1340 5384 νοῦν
1369 5329 1547 5401 βαλὼν
1568 5331 1611 5393 ⁸,
1640 5332 1706 5384 ὲκ
1732 5330 1831 5399 τῆς
1867 5329 2025 5382 οὐδα-

2136 5342 2196 5381 se
2228 5325 2391 5382 nobis
2435 5325 2862 5395 haudquaquam
2901 5323 3266 5380 conveniente
3303 5323 3573 5378 vocabulo
3609 5340 3728 5379 Cre-

440 5426 607 5499 μόθεν
639 5428 773 5497 ἡμῖν
794 5424 1142 5497 ἁρμοζούσης
1159 5422 1534 5496 προσηγορίας
1558 5420 1853 5493 πημαίνειν
1881 5422 2025 5493 ἡμᾶς

2136 5418 2308 5484 didit,
2345 5425 2399 5473 et
2428 5417 2780 5473 oraculorum
2817 5416 3118 5473 mendaciis
3155 5416 3313 5473 (idem
3347 5417 3551 5471 habens
3584 5457 3600 5482 ,
3639 5416 3719 5468 la-

1758 5557 1992 5616 VARUE
2021 5554 2433 5613 LECTIONES.

540 5654 588 5687 ⁸⁷
636 5652 833 5715 ἱκανῶς
874 5651 1234 5723 κατέπληξεν.
1268 5649 1437 5723 Basil.
1493 5648 1589 5723 Gr.
1621 5660 1687 5723 et
1720 5648 1912 5723 Steph.
1952 5649 2018 5723 _’°_
2046 5647 2337 5723 ἐνέπρησε.
2370 5645 2558 5723 lidetn.
2587 5646 2646 5723 ff
2685 5646 2754 5700 τά
2783 5646 2934 5723 abest
2965 5646 3034 5723 ab
3068 5645 3291 5723 iisdem.
3352 5644 3367 5675 ¹
3400 5639 3720 5723 προαγγέλ-

441 5724 613 5780 Basil.
664 5724 759 5779 Gr.
796 5712 851 5774 et
903 5712 1192 5791 Stephfv'
1234 5720 1517 5791 Δωδώνην.
1556 5721 1723 5776 Iidem
1764 5712 1831 5775 ρι’
1869 5719 2064 5791 Ερῐρὶι.
2098 5712 2353 5791 Ἥξει.--
2407 5716 2757 5791 [ἐπειδήπερ
2788 5717 3134 5791 ἐστὶν-αὐτού
3163 5717 3373 5791 θηρίον.
3428 5712 3589 5791 Basil.
3622 5712 3719 5791 Cr:

441 5804 506 5865 et
528 5779 714 5865 Steph.
791 5791 812 5822 "
835 5779 1377 5865 ‘évatftiayﬁllidem.
1453 5779 1494 5823 ’⁸
1523 5794 1569 5865 εί
1597 5793 1625 5844 ὁ
2174 5779 2181 5782 ⁷
2208 5785 2597 5865 Ba_si|._Gra:a.
2632 5779 2690 5839 Εί
2727 5779 2791 5827 L—
2820 5787 3157 5853 ἂπιιικὶ-τλθείς.
3190 5779 3378 5845 Steph.
3498 5783 3519 5812 ‘
3549 5779 3626 5834 lta
3666 5782 3728 5833 ct

443 5857 786 5937 Christopln,
827 5862 1026 5936 Scalig.
1068 5857 1125 5919 et
1147 5861 1466 5919 Casaubon.
1508 5864 1611 5920 Sel
1648 5860 1825 5916 λαϐὼν
1860 5861 2020 5917 Basil.
2053 5859 2147 5915 Gr.
2182 5867 2231 5915 cl
2263 5857 2449 5926 Steph.
