4124 6448
373 414 510 481 1115

1375 410 1870 474 TIIEODORETI
1906 407 2249 470 EPISCOPI
2290 408 2658 471 CYRENSIS

3522 349 3689 472 1116-

372 536 534 589 stivae
561 532 677 588 dcte
708 533 1067 588 simulacrum
1092 527 1150 588 in
1186 532 1438 588 ecclesiis
1466 548 1526 587 se
1560 532 1960 587 collocaturum

2080 527 2330 595 Βπέλαϐε,
2360 529 2457 582 καὶ
2478 530 2547 599 τῇ
2570 525 2682 581 τῶν
2707 524 2973 598 χρησμῶν
2988 524 3315 599 ψευδολογίᾳ
3336 527 3654 593 πιστεύσας,

373 625 613 679 minatus
644 634 748 680 est.

740 802 894 860 cun
928 801 1095 857 xvn.
1133 801 1219 875 [Β.
1248 803 1332 857 ει.
1368 803 1429 858 v.
1465 801 1586 875 ει]

623 898 703 953 De
721 897 916 952 nobilis
947 897 1075 952 civis
1104 897 1402 952 Bermensis
1441 897 1712 953 libertate.

444 1058 710 1134 Cumibis
739 1078 907 1135 minis
955 1078 1246 1150 profectus
1315 1077 1385 1132 ab
1431 1091 1541 1132 uno
1609 1076 1732 1132 viro
1762 1076 1970 1133 Beroeaa

375 1171 628 1225 devictus
658 1177 763 1224 est.
794 1168 983 1223 Virum
1014 1170 1162 1224 hunc
1188 1170 1301 1223 alio
1324 1183 1544 1239 quoque
1586 1169 1807 1225 nomine
1844 1168 1971 1223 illu—

377 1277 580 1329 strem,
642 1268 704 1316 ut
758 1261 852 1330 qui
892 1261 967 1314 ibi
1024 1261 1263 1331 primum
1318 1260 1502 1314 locum
1551 1260 1695 1313 inter
1730 1259 1969 1314 curiales

377 1352 631 1414 tenebat,
686 1350 840 1406 zelus
891 1350 1068 1405 multo
1107 1348 1350 1405 reddidit
1389 1350 1774 1405 illustriorem.
1832 1348 1969 1405 Nam

376 1458 502 1496 cum
545 1441 719 1495 tilium
753 1441 967 1497 videret
1021 1442 1078 1496 in
1118 1441 1494 1496 dominantem
1538 1450 1671 1496 tunc
1706 1443 1971 1512 temporis

378 1534 717 1603 impietatem
747 1547 874 1588 esse
906 1533 1260 1604 prolapsum,
1285 1532 1450 1603 cjecit
1470 1533 1624 1588 illum
1655 1534 1820 1588 domo
1846 1549 1970 1599 sua,

377 1636 433 1677 et
472 1625 651 1695 palam
707 1624 1008 1679 abdicavit.
1073 1623 1172 1678 Ille
1220 1624 1608 1694 imperatorem
1665 1625 1859 1681 adiens
1916 1626 1971 1679 in

376 1720 559 1772 vicina
609 1717 729 1772 urbi
776 1717 1017 1772 statione
1068 1723 1537 1783 commorantem,
1586 1732 1698 1786 qua
1753 1718 1871 1788 ipse
1900 1720 1974 1775 sit

378 1810 652 1866 sententia
676 1849 692 1877 ,
732 1819 786 1867 et
815 1826 924 1880 quo
956 1815 1118 1880 Paeto
1157 1824 1186 1862 a
1219 1818 1376 1879 patre
1405 1810 1477 1866 sit
1506 1810 1798 1866 abdicatus
1820 1851 1835 1877 ,
1868 1826 1968 1867 ex-

2067 622 2282 690 ἠπείλει
2314 623 2435 684 ταῖς
2470 619 2796 691 ἐκκλησίαις
2825 619 3106 691 ὲνιδρῦσαι
3134 619 3234 689 τῆς
3277 619 3533 691 δαίμονος
3557 621 3657 692 τῆς

2066 710 2369 764 ἀκολάστου
2403 708 2467 762 τὸ
2486 708 2728 765 εἴδωλον.

3488 756 3530 789 θ

2644 806 2905 861 ΚΕΦΑΛ.
2971 806 3068 863 ῙΖ⁹.

2099 900 2240 971 Περὶ
2343 898 2457 971 τῆς
2533 899 2642 955 τοῦ
2734 902 3022 969 πολιτευο

2685 971 3043 1040 παρρησίας.

2140 1066 2297 1122 Μετὰ
2329 1066 2536 1121 τούτων
2585 1065 2645 1121 δὲ
2687 1064 2910 1138 ἀπάρας
2942 1064 3056 1119 τῶν
3103 1065 3368 1131 ἀπειλῶν,
3409 1066 3502 1135 ὑφ’
3540 1067 3660 1131 ἑνὸς

2070 1158 2266 1230 ἀνδρὸς
2291 1160 2348 1212 ὲν
2376 1159 2578 1231 Βεροίᾳ
2603 1157 3012 1231 κατηγωνίσθη.
3061 1150 3235 1223 Οὗτος
3271 1160 3293 1192 '
3321 1161 3351 1214 ό
3377 1160 3540 1233 ἀνὴρ.
3563 1159 3661 1216 καὶ

2074 1251 2250 1318 ἄλλως
2288 1252 2388 1322 μὲν
2419 1250 2730 1323 περιφανὴς
2762 1251 3063 1323 ἐτύγχανεν
3086 1250 3181 1306 ὥν·
3204 1252 3314 1307 τῶν
3336 1252 3446 1325 γὰρ
3473 1253 3661 1308 αὐτόθι

2075 1342 2517 1412 πολιτευομένων
2546 1342 2735 1412 ήγεῖτο
2759 1358 2774 1373 ο
2827 1342 3295 1415 περιφανέστερον
3331 1341 3391 1396 δὲ
3433 1343 3596 1397 αὐτὸν
3632 1344 3663 1396 ό

2077 1431 2237 1502 ζῆλος
2268 1432 2521 1499 ἀπέδειξε
2551 1434 2594 1491 ⁸.
2635 1428 2741 1487 Τὸν
2772 1433 2897 1505 ’γὰρ
2927 1432 3047 1488 υἱὸν
3093 1432 3431 1505 θεασάμενος
3459 1436 3541 1499 είς
3563 1434 3664 1508 τὴν

2076 1526 2198 1579 τότε
2227 1524 2538 1597 κρατοῦσαν
2593 1526 2851 1582 ἀσέϐειαν
2890 1525 3261 1594 ἐξοκείλαντα,
3302 1525 3536 1598 ἐξήλασε
3563 1528 3665 1599 τῆς

2076 1619 2274 1685 οἰκίας,
2304 1619 2399 1673 καὶ
2426 1620 2723 1690 προφανῶς
2749 1619 3125 1692 ἀπεκήρυξεν.
3159 1621 3221 1675 '0
3246 1621 3305 1676 δὲ
3330 1622 3388 1674 ἐν
3404 1620 3482 1692 τῷ
3505 1621 3665 1675 πελά·

2079 1710 2225 1772 ζοντι
2252 1715 2317 1784 τῇ
2350 1713 2502 1767 πόλει
2530 1712 2758 1784 σταθμῷ
2782 1713 2861 1785 τῷ
2886 1712 3098 1784 βασιλεῖ
3118 1713 3454 1786 προσελθὼν,
3477 1715 3580 1787 τήν
3606 1732 3665 1769 τε

2080 1802 2289 1857 οἰκείαν
2322 1803 2574 1875 γνώμην,
2609 1805 2704 1858 καὶ
2731 1804 2830 1877 τὴν
2856 1803 2952 1859 τοῦ
2982 1805 3191 1877 πατρὸς
3222 1806 3496 1877 ἐδήλωσεν
3526 1808 3666 1863 ἀπο-

3306 898 3623 965 Βεροιαίου

379 1906 552 1974 ponit.
602 1904 655 1962 Is
712 1919 846 1960 vero
883 1904 1289 1960 adolescentem
1341 1910 1539 1975 pacato
1584 1911 1639 1961 et
1671 1905 1971 1975 tranquillo

2080 1897 2325 1969 κήρυξιν.
2345 1898 2403 1952 Ὀ
2431 1897 2488 1952 δὲ
2525 1898 2756 1970 ήσυχίαν
2781 1899 2938 1967 ἄγειν
2969 1897 3049 1970 τῷ
3073 1898 3322 1970 νεωτέρῳ
3347 1900 3597 1954 ἐκέλευσε
3621 1905 3663 1962 ⁹.

380 1996 569 2051 animo
621 2011 748 2053 esse
775 1996 977 2066 jubet,
1015 2003 1227 2067 patrem
1272 1996 1322 2052 ei
1372 2012 1433 2053 se
1483 1997 1970 2052 reconciliatur-um

377 2086 735 2157 promittens.
773 2086 837 2141 Et
871 2103 998 2142 cum
1028 2087 1284 2144 Bormam
1310 2088 1694 2158 pervenisset,
1728 2089 1974 2146 illustres

379 2188 435 2232 ct
471 2180 780 2237 honoratos
811 2179 1010 2235 invitat
1045 2179 1115 2235 ad
1143 2180 1486 2236 convivium.
1508 2182 1670 2238 Venit
1693 2180 1839 2238 inter
1867 2199 1975 2238 ca:-

380 2285 532 2328 teros
554 2273 928 2331 adolescentis
956 2286 1137 2345 pater,
1166 2278 1185 2299 ⁶
1217 2284 1270 2332 et
1304 2276 1455 2332 hunc
1476 2292 1601 2332 cum
1633 2277 1747 2333 ﬁlio
1768 2282 1785 2300 '
1804 2278 1976 2350 jussit

379 2365 437 2419 in
466 2365 612 2421 lecto
645 2381 749 2423 suo
783 2364 1160 2425 discumbere.
1198 2366 1315 2424 Sub
1344 2368 1592 2425 medium
1620 2378 1807 2426 autem
1837 2386 1973 2442 epu-

379 2456 531 2520 lum,
585 2456 652 2512 ad
712 2468 927 2529 patrem
988 2473 1341 2516 conversus:
1393 2460 1516 2517 Non
1549 2460 1718 2534 940
1754 2478 1974 2534 aequum

378 2548 619 2612 videtur,
654 2548 874 2619 inquit,
917 2550 1092 2604 menti
1124 2564 1247 2621 qua:
1279 2550 1338 2606 in
1368 2549 1591 2607 diversa
1621 2551 1833 2608 feratur
1864 2555 1976 2610 vim

383 2639 610 2706 facere,
656 2649 711 2696 et
740 2641 1023 2697 nolentem
1075 2642 1185 2697 alio
1217 2642 1548 2699 transferre.
1594 2643 1834 2701 Proinde
1873 2660 1977 2701 nec

381 2740 442 2786 tu
474 2730 645 2785 tilium
679 2747 877 2804 cogas,
927 2742 985 2788 ut
1020 2733 1281 2803 dogmata
1318 2742 1415 2788 tua
1450 2734 1657 2791 invitus
1688 2748 1975 2806 sequatur,

390 2824 614 2895 quando
652 2839 754 2880 nec
786 2840 889 2895 ego
932 2824 1031 2880 tibi
1088 2824 1199 2880 vim
1234 2824 1384 2881 facio
1433 2836 1495 2882 ut
1542 2842 1664 2882 mea
1700 2843 1975 2899 sequare,

383 2915 604 2971 tametsi
660 2929 860 2986 cogere
911 2914 1075 2972 facile
1138 2916 1374 2987 possim.
1417 2915 1557 2972 Tum
1609 2918 1736 2986 ille,
1788 2935 1976 2976 rerum

382 3007 698 3061 divinarum
730 3007 836 3064 ﬁde
868 3007 1115 3065 animum
1153 3024 1435 3067 exacuens
1465 3028 1479 3067 :
1517 3012 1594 3067 De
1629 3012 1808 3070 istone
1829 3054 1845 3079 ,
1875 3015 1975 3080 ait,

384 3097 601 3153 nefario
627 3100 873 3170 loqueris
898 3134 914 3167 ,
940 3101 1267 3171 imperator,
1304 3102 1402 3175 qui
1435 3103 1544 3161 Deo
1573 3105 1790 3162 invisus
1823 3122 1980 3164 men-

382 3191 607 3246 dacium
637 3193 883 3262 praetulit
908 3194 1176 3251 veritati?
1222 3195 1326 3252 Hic
1360 3213 1490 3253 vero
1522 3214 1817 3269 personam
1853 3217 1980 3256 rur-

382 3293 480 3334 sus
513 3279 754 3336 induens
781 3282 1029 3339 lenitatis
1058 3302 1072 3339 :
1106 3283 1329 3353 Desine,
1373 3286 1571 3358 inquit,
1608 3289 1799 3358 homo,
1833 3306 1974 3347 con-

391 3372 599 3426 vitiari.
633 3372 703 3427 Et
725 3389 1000 3431 converso
1033 3376 1190 3432 vultu
1231 3376 1301 3432 ad
1344 3378 1752 3437 adolescentem
1785 3400 1799 3436 :
1835 3381 1979 3450 Tui,

385 3462 493 3528 ait,
523 3478 626 3535 ego
657 3479 847 3520 curam
893 3481 1078 3538 geram
1099 3508 1115 3534 ,
1152 3469 1607 3542 quandoquidem
1655 3473 1712 3529 id
1740 3476 1886 3545 patri
1918 3483 1980 3531 ut

388 3554 599 3609 faceret
647 3559 987 3627 persuadere
1034 3575 1145 3616 non
1198 3563 1379 3633 potui.
1411 3563 1571 3631 Quod
1612 3582 1714 3638 ego
1768 3566 1978 3627 factum

388 3662 500 3702 non
544 3656 754 3708 temere
803 3656 1263 3723 commemoravi,
1316 3659 1413 3714 sed
1469 3667 1533 3714 ut
1587 3662 1978 3731 ostenderem,

387 3753 500 3794 non
526 3740 705 3796 solum
743 3742 1096 3801 admirabilis
1118 3745 1225 3803 viri
1275 3748 1439 3806 laude
1489 3751 1709 3823 dignam
1752 3754 1981 3812 liberta-

388 3844 496 3892 tem
517 3879 533 3903 ,
565 3838 660 3894 sed
704 3838 973 3913 plurimos
1005 3852 1280 3910 praeterea
1314 3844 1465 3902 illius
1497 3849 1808 3918 potentiam
1840 3865 1981 3907 eon-

387 3938 496 3986 tem
504 3931 709 4003 psisse.

744 4110 903 4167 CAP.
931 4111 1120 4171 XVIII.
1156 4115 1238 4187 [Β.
1277 4117 1359 4175 St.
1395 4116 1457 4174 V.
1485 4107 1602 4193 9.5.]

781 4204 860 4260 De
884 4209 1237 4277 praedictione
1274 4212 1574 4283 paedagogi.

466 4294 607 4351 Nam
646 4307 700 4353 et
729 4298 1045 4354 Antiochiae
1096 4300 1288 4357 itidem
1316 4303 1403 4358 vir
1429 4303 1660 4372 quidam
1706 4305 1978 4376 Optimus,

391 4402 691 4458 puerorum
728 4401 900 4458 agens
950 4391 1310 4465 paedagogum
1334 4434 1350 4460 ,
1389 4392 1685 4451 familiaris
1717 4405 1838 4452 erat
1869 4404 1983 4467 (ut—

389 4488 519 4551 pote
544 4480 818 4536 eruditior
842 4497 1010 4554 quam
1039 4484 1322 4557 paedagogi
1356 4486 1523 4556 vulgo
1549 4485 1789 4559 soleant)
1823 4487 1979 4559 prin-

2078 1983 2439 2052 καταλλὰξειν
2492 1984 2868 2057 ὑποσχόμενος
2902 1986 2996 2042 τὸν
3041 1988 3279 2062 πατέρα.
3332 1989 3487 2043 Ἐπεὶ
3524 1989 3581 2044 δὲ
3623 1990 3667 2021 ¹⁹

2075 2076 2308 2145 ἀφίκετο
2338 2078 2420 2141 εἰς
2468 2078 2569 2149 τὴν
2619 2078 2870 2151 Βέροιαν,
2918 2079 3048 2148 τοὺς
3090 2080 3149 2133 ὲν
3189 2081 3334 2135 τέλει
3374 2083 3469 2136 καὶ
3501 2081 3667 2148 ἀξιώ-

2080 2184 2215 2239 μασι
2258 2169 2298 2202 ¹¹
2331 2170 2696 2225 συνεκάλεσεν
2722 2172 2804 2243 είς
2836 2173 3102 2229 ἑστίασιν.
3147 2174 3236 2227 Ἑν
3263 2174 3320 2229 δὲ
3351 2174 3567 2241 τούτοις
3600 2171 3669 2249 ἦν

2077 2262 2174 2315 καὶ
2204 2264 2232 2316 ὁ
2258 2262 2451 2316 τούτου
2484 2264 2670 2336 πατήρ
2691 2280 2707 2294 ·
2735 2263 2927 2320 τοῦτον
2950 2266 3091 2338 μετά
3119 2264 3214 2321 τοῦ
3244 2267 3434 2333 παιδὸς
3460 2270 3544 2334 είς
3571 2269 3670 2342 τήν

2077 2353 2246 2410 αὑτοῦ
2298 2355 2528 2410 πιΰάδα
2583 2356 2979 2430 κατακλιθῆναι
3056 2362 3380 2432 προσέταξε.
3440 2363 3549 2419 Τοῦ
3612 2364 3671 2419 δὲ

2080 2446 2307 2518 ἀρίστου
2330 2447 2646 2520 μεσοῦντος,
2678 2450 2783 2523 ἔφη
2817 2452 2955 2523 πρὸς
2971 2453 3062 2509 τὸν
3082 2454 3321 2527 πατέρα’
3356 2456 3432 2511 Οὐ
3457 2457 3673 2513 δίκαιον

2079 2535 2221 2594 εἷναί
2280 2558 2369 2612 μοι
2415 2540 2568 2596 δοκεῖ
2610 2542 2900 2614 βιάζεσθαι
2929 2544 3158 2618 γνώμην
3186 2546 3392 2620 ἑτέρως
3420 2550 3670 2605 ὲκκλινο-

2084 2633 2274 2706 μένην,
2312 2636 2410 2690 καὶ
2444 2636 2707 2708 μετάγειν
2741 2638 2817 2710 μὴ
2846 2638 3181 2712 βουλομένην
3230 2644 3312 2707 είς
3346 2641 3532 2715 ἕτερα.
3578 2645 3673 2716 Μὴ

2078 2726 2144 2799 δὴ
2183 2721 2277 2782 οὖν
2311 2727 2478 2801 βιάσῃ
2506 2729 2599 2783 τὸν
2627 2730 2794 2785 παῖδα
2828 2733 2950 2798 τοῖς
2987 2735 3104 2798 σοῖς
3137 2733 3408 2806 δόγμασιν
3440 2735 3670 2790 ἀκολου-

2081 2817 2196 2873 θεῖν
2226 2819 2288 2873 οὑ
2320 2819 2646 2893 βουλόμενον
2667 2838 2680 2854 ’
2713 2823 2838 2879 οὑδὲ
2871 2824 2980 2896 γάρ
3012 2826 3126 2897 ἐγώ
3154 2843 3236 2896 σε,
3258 2827 3385 2900 ἔφη,
3414 2828 3673 2902 βιάζομαι

2079 2912 2195 2977 τοῖς
2229 2912 2385 2983 ἐμοῖς
2408 2912 2661 2980 ἕπεσθαι,
2693 2915 2876 2970 καίτοι
2909 2916 3056 2988 μάλα
3110 2918 3311 2992 ῥᾳδίως
3361 2920 3674 2992 ἀναγκάσαι

2080 3001 2401 3072 δυνάμενος.
2447 3003 2507 3057 Ὀ
2544 3003 2602 3058 δὲ
2649 3008 2718 3078 τῇ
2751 3006 2881 3079 περὶ
2911 3006 2982 3062 τὰ
3021 3008 3143 3063 θεῖα
3183 3009 3367 3065 πίστει
3404 3010 3496 3065 τὸν
3530 3011 3681 3082 λογι-

2084 3094 2222 3164 σμὸν
2256 3094 2602 3166 παραθήξας,
2635 3098 2766 3170 περὶ
2802 3098 2997 3153 τούτου
3028 3099 3134 3173 ἔφη
3155 3117 3170 3133 ο
3204 3096 3278 3155 Ὦ
3300 3102 3549 3174 βασιλεῦ,
3577 3104 3674 3159 τοῦ

2008 3244 2051 3303 c
2085 3184 2391 3257 ἀλάστορος
2415 3184 2617 3256 λέγεις,
2647 3187 2744 3243 τοῦ
2776 3189 3091 3262 θεομισοῦς,
3129 3192 3227 3248 καὶ
3252 3194 3315 3249 τὸ
3345 3194 3538 3266 ψεῦδος
3574 3195 3675 3269 τῆς

2091 3275 2347 3303 ιπ..θ-ι.η
2374 3277 2738 3303 ----λ---ι-.--.
2763 3298 2776 3303 -
2815 3281 2875 3303 οιι
2906 3282 2955 3303 et
3008 3302 3031 3303 κ
3054 3284 3098 3303 ιη
3224 3285 3240 3303 ι
3312 3285 3340 3299 ~
3565 3287 3582 3303 ι

2088 3275 2347 3347 ἀληθείας
2374 3277 2777 3349 προελομένους
2815 3281 2875 3336 '0
2901 3282 2959 3337 δὲ
3000 3284 3163 3340 πάλιν
3188 3285 3250 3340 τὺ
3277 3285 3380 3359 τῆς
3438 3287 3679 3362 πραότη-

2087 3384 2181 3433 τος
2212 3368 2459 3441 περιθεὶς
2496 3362 2872 3444 προσωπεῖον·
2922 3376 3161 3444 Παῦσαι,
3217 3378 3345 3452 ἔφη,
3397 3380 3677 3455 ἄνθρωπε,

2089 3459 2522 3534 λοιδορούμενος.
2581 3465 2694 3520 Καὶ
2747 3466 2886 3538 πρὸς
2938 3467 3031 3524 τὸν
3088 3469 3212 3526 νέον
3265 3472 3565 3541 ἀποκλίνας
3618 3478 3680 3531 τὸ

2090 3550 2415 3622 πρόσωπον·
2459 3553 2601 3625 Ἐγώ
2624 3573 2740 3620 σου,
2780 3557 2910 3630 εφη,
2941 3561 3205 3632 φροντιῶ,
3234 3563 3423 3638 ἐπειδή
3456 3583 3552 3621 σου
3585 3567 3680 3621 τὸν

2091 3644 2307 3716 πατέρα
2336 3644 2535 3716 δρᾶσαι
2563 3646 2723 3717 τοῦτο
2747 3650 2847 3704 οὐκ
2881 3650 3098 3708 ἔπεισα.
3141 3653 3311 3710 Τοῦδε
3358 3656 3541 3727 μέντοι
3584 3657 3681 3715 τοῦ

2089 3737 2432 3812 διηγήματος
2461 3741 2523 3794 οὐ
2556 3742 2733 3815 μάτην
2768 3744 3069 3818 ἐμνήσθην,
3098 3748 3254 3803 ’ἀλλὰ
3284 3749 3454 3816 δεῖξαι
3496 3751 3682 3824 βουλό-

2093 3848 2276 3904 μενος,
2304 3833 2365 3886 οὐ
2400 3833 2561 3904 μόνον
2595 3834 2690 3889 τοῦ
2720 3835 3025 3909 θαυμασίου
3066 3839 3259 3912 ἀνδρὸς
3303 3842 3406 3917 τὴν
3445 3844 3681 3917 ἀξιάγα-

2094 3941 2219 3979 στον
2281 3923 2431 3999 [Hb]
2482 3928 2819 4001 παῤῥησίαν,
2854 3929 2970 3984 ἀλλ’
3020 3932 3104 3986 ὅτι
3146 3933 3244 3989 καὶ
3279 3934 3526 3993 πλεῖστοι
3573 3939 3677 4012 τῆς

2091 4017 2304 4072 ἐκείνου
2344 4019 2761 4092 κατεφρόνησαν
2789 4020 3128 4090 δυναστείας.
3402 4024 3405 4029 ’

2681 4113 2933 4169 ΚΕΦΔΔ.
2998 4116 3086 4170 ΙΗ¹
3098 4156 3115 4172 .

2232 4203 2375 4273 Περὶ
2406 4203 2518 4273 τῆς
2551 4205 2660 4261 τοῦ
2697 4206 3078 4279 παιδαγωγοῦ
3122 4211 3535 4281 προρρήσεως.

2161 4292 2275 4346 Καὶ
2323 4293 2433 4365 γὰρ
2473 4295 2533 4347 ὲν
2576 4296 2877 4369 Ἀντιοχείᾳ
2924 4298 3088 4353 πάλιν
3117 4300 3261 4374 ἀνήρ
3303 4319 3390 4367 τις
3433 4305 3678 4377 ἀριστος,

2090 4381 2463 4468 παιδαγωγεῖν
2498 4386 2759 4458 μειράκια
2793 4391 3247 4462 πεπιστευμένος,
3295 4394 3536 4467 συνήθης
3580 4397 3681 4468 μὲν

2087 4466 2180 4543 ἦν,
2235 4472 2313 4535 ὡς
2357 4472 2623 4529 πλειόνων
2660 4474 2898 4549 λόγωνῆ
2933 4478 3076 4534 κατὰ
3133 4466 3683 4557 παιδαγωγὸνίμεταέ

389 4572 498 4643 cipi
533 4572 827 4630 doctorum
864 4574 1014 4631 illius
1063 4576 1206 4644 aevi,
1266 4577 1372 4631 hoc
1420 4584 1508 4631 est
1549 4575 1784 4633 Libanio
1811 4618 1826 4640 .
1883 4593 1975 4636 so-

2091 4562 2259 4636 σχὼν,
2311 4563 2390 4634 τῷ
2435 4564 2743 4638 τηνικαῦτα
2792 4565 2904 4623 τῶν
2961 4568 3301 4626 διδασκάλων
3358 4574 3676 4649 ήγουμένῳο

326 4694 331 4695 κ
389 4657 588 4727 ριιίειω
633 4661 1015 4721 celeberrimo.
1061 4662 1165 4718 Hie
1209 4678 1344 4719 vero
1379 4663 1582 4735 impius
1618 4681 1744 4721 cum
1797 4675 1978 4738 esset,

2084 4664 2345 4729 Λιϐάνιος
2400 4664 2457 4718 δὲ
2511 4659 2603 4737 ἦν,
2655 4665 2783 4719 όλὲν
2820 4670 3105 4737 σοφισταῖς
3150 4671 3194 4702 ι’
3250 4669 3677 4745 πολυθρύλητος.

391 4752 791 4823 victoriamque
819 4761 1213 4824 exspectaret,
1264 4753 1558 4826 minasque
1600 4754 1810 4813 Iuliani
1857 4775 1975 4815 ver-

2082 4757 2362 4829 Δυσσεὸὴς
2402 4757 2462 4812 δὲ
2502 4751 2657 4824 οὗτος
2702 4757 2798 4824 ῶν,
2846 4759 2942 4815 καὶ
2988 4759 3086 4832 τὴν
3120 4759 3277 4834 νίκην
3326 4765 3674 4837 προσμένων,

390 4852 540 4900 saret
568 4846 755 4899 animo
778 4887 794 4912 ,
829 4847 1193 4917 paedagogum
1257 4858 1449 4904 nostra
1493 4850 1760 4907 deridens
1799 4853 1979 4909 inter-

2082 4851 2177 4906 καὶ
2205 4851 2305 4914 τάς
2343 4851 2638 4905 Ἰουλιανοῦ
2669 4852 3078 4924 φανταζόμενος
3104 4853 3358 4921 ἀπειλὰς,
3391 4856 3556 4929 ἤρετο
3583 4858 3677 4914 τὸν

391 4936 661 5006 rogabat,
711 4936 843 5006 quid
891 4944 1080 5008 ageret
1115 4938 1257 4993 fabri
1304 4937 1478 4998 filius.
1516 4941 1586 4996 At
1618 4941 1709 4997 ille
1738 4944 1975 5014 repletus

2083 4941 2433 5011 παιδαγωγὸν
2459 4942 2740 5014 κωμῳδῶν
2769 4941 2837 4996 τὰ
2868 4943 3137 5015 ἡμέτερα,
3181 4943 3249 4998 Τί
3276 4948 3443 5013 ποιεῖ,
3475 4946 3674 5018 λέγων,

391 5028 578 5084 divina
608 5028 814 5100 gratia,
859 5029 1005 5097 quod
1052 5031 1417 5100 postmodum
1463 5042 1799 5089 eventurum
1860 5044 1975 5090 erat

2080 5037 2109 5089 ό
2136 5033 2232 5088 τοῦ
2267 5032 2519 5098 τέκτονος
2548 5034 2666 5098 υἱός
2690 5051 2704 5098 ;
2755 5032 2816 5087 Ὀ
2841 5033 2898 5087 δὲ
2922 5034 3024 5105 τῆς
3057 5031 3209 5099 θείας
3232 5035 3603 5109 ἀναπλησθεὶς
3632 5039 3675 5072 ιι

392 5124 672 5193 praedixit.
708 5123 1067 5196 Sandapilam
1099 5125 1245 5180 enim
1270 5166 1286 5191 ,
1319 5127 1427 5193 ait,
1461 5127 1713 5198 sophista
1737 5168 1753 5196 ,
1802 5128 1977 5184 fabri-

393 5226 555 5272 catur
583 5232 771 5272 rerum
796 5218 1046 5274 omnium
1075 5218 1368 5286 Conditor,
1421 5237 1586 5292 quem
1617 5227 1674 5274 tu
1710 5234 1809 5290 per
1839 5219 1981 5277 ludi-

396 5308 575 5364 brium
626 5308 767 5365 fabri
816 5312 991 5367 Iilium
1038 5312 1352 5383 appellasti.
1399 5312 1562 5385 9!..1
1601 5312 1804 5369 Paucis
1832 5313 1977 5369 enim

2087 5126 2331 5199 χάριτος,
2369 5126 2669 5199 προείρηκε
2700 5124 2761 5179 τὸ
2792 5126 2910 5197 μετ’
2961 5126 3144 5196 ὀλίγον
3178 5128 3456 5199 ἐσόμενον.
3489 5131 3674 5187 Γλωσ-

2090 5220 2323 5291 σόκομον
2371 5220 2501 5291 γάρ,
2554 5219 2680 5290 ἔφη,
2740 5221 2990 5289 σοφιστά,
3025 5220 3054 5274 ὁ
3105 5221 3202 5275 τοῦ
3255 5224 3460 5289 παντὸς
3505 5241 3669 5279 κατα-

2089 5312 2343 5378 σκευάζει
2372 5310 2735 5384 Δημιουργὸς,
2761 5310 2823 5366 ὃν
2853 5310 2918 5366 σὺ
2963 5311 3245 5383 κωμῳδῶν
3273 5313 3528 5381 τέκτονος
3556 5317 3671 5371 υἱὸν

394 5410 519 5471 post
544 5402 742 5459 diebus
785 5402 1072 5461 furibundi
1106 5404 1258 5463 illius
1303 5421 1457 5461 mors
1492 5406 1748 5462 nuntiata
1775 5414 1893 5471 est,
1925 5415 1975 5461 et

2086 5405 2560 5478 προσηγόρευσας.
2619 5402 2845 5473 Ὀλίγων
2887 5402 2947 5456 δὲ
2992 5402 3317 5461 διελθουσῶν
3366 5407 3612 5481 ήμερῶν,
3639 5408 3670 5462 ό

1699 5579 1934 5637 VARUE
1976 5578 2378 5639 LECTiONES.

460 5733 484 5766 ἰ
509 5729 1076 5817 μένθέιόίξὶΒοιξίιριδ.
1095 5744 1219 5817 cum
1251 5729 1803 5817 §tepll..".&r:éipﬁvsi.
1828 5730 2154 5817 _Basil.__Gr.:
2189 5731 2310 5817 Pini
2337 5739 2393 5786 et
2422 5729 2619 5817 StLvilii
2642 5730 2803 5817 liber.
3019 5731 3135 5817 vita
3153 5730 3428 5817 (νεωτέρῳ
3448 5730 3665 5817 Steph.)

395 5798 729 5872 προσέταξε,
752 5800 921 5857 Basil.
934 5798 1096 5872 _Gr.,_
1110 5798 1324 5872 AStepb.

398 5868 677 5942 σοφιστής.
717 5871 883 5926 Basil.
918 5870 1016 5925 Gr.
1084 5868 1128 5899 ¹³
1169 5868 1448 5940 πλησθείς.
1482 5871 1649 5926 Idem.

1434 5802 1479 5834 ιθ
1513 5799 1724 5870 ἐπειδή.
1767 5802 1953 5859 Iidem.
2008 5805 2046 5835 ¹¹
2086 5803 2442 5869 ἀξιωτάτους.
2477 5802 2641 5860 Basil.
2689 5801 2812 5871 Gr.,
2856 5799 2979 5858 Piui
3012 5809 3066 5859 et

3143 5802 3269 5859 avil.
3306 5802 3502 5861 codex.
3554 5805 3596 5836 “
3634 5806 3666 5859 ό
