4124 6456
379 417 518 487 illi)

1405 413 1895 474 THEODORETI
1930 412 2273 474 EPISCOPI
2308 416 2673 476 CYRENSIS

3503 409 3638 476 1120

375 535 547 589 fuisse
576 532 988 603 bellipotentem
1022 529 1248 584 Martem
1273 567 1287 593 .
1318 526 1783 598 quemadmodum
1825 541 1954 597 pro-

2070 529 2151 581 καὶ
2175 531 2266 583 τὸν
2300 531 2470 601 Ἀρεα
2512 529 2603 584 τὸν
2651 528 3045 599 πολεμόκλονον
3076 527 3366 598 ἐπίκουρον
3398 525 3458 579 οὐ
3486 527 3637 593 γενόι

376 625 652 691 miserat,
710 631 767 679 et
825 621 1130 692 Apollinem
1195 618 1333 674 falsa
1384 617 1787 684 vaticinatum,
1854 631 1957 673 nec

2070 637 2228 690 μενον
2276 619 2419 674 κατά
2473 621 2573 690 τὴν
2631 619 2942 689 ὑπόσχεσιν,
2984 617 3202 672 καὶτὸν
3232 614 3428 683 Λοξίαν
3483 615 3526 646 ²¹
3572 615 3638 669 τὰ

373 716 787 770 fulminastrum
810 713 1003 769 Jovem
1034 712 1241 766 fulmen
1260 711 1312 765 in
1334 718 1615 765 auctorem
1635 709 1805 765 caedis
1820 724 1959 765 cono

374 808 638 871 torsisse,
664 807 933 860 minarum
954 803 1194 873 denique
1213 802 1537 874 iactantiam
1565 803 1682 859 solo
1713 809 1962 871 prostra-

375 910 487 952 tam
515 908 569 953 et
599 899 836 952 allisam.
871 895 1006 962 Quis
1037 904 1216 949 autem
1240 894 1449 964 justum
1485 894 1617 948 illud
1646 893 1809 966 9&3
1836 893 1961 948 vul-

386 1005 492 1044 nus
551 987 845 1051 inllixerit,
907 985 1117 1042 nemini
1171 987 1517 1055 exploratum
1563 992 1650 1041 est
1696 985 1764 1039 ad
1818 985 1964 1041 lianc

377 1095 550 1150 usque
584 1079 750 1133 diem.
787 1078 928 1132 Sunt
957 1077 1050 1148 qui
1081 1077 1150 1131 ab
1182 1076 1446 1131 invisibili
1476 1078 1737 1147 quopiam
1772 1077 1961 1133 incus-

376 1187 496 1228 Sum
520 1171 708 1225 dicant
739 1187 753 1225 :
786 1171 874 1223 alii
900 1169 968 1224 ab
1000 1183 1111 1223 uno
1134 1184 1165 1224 e
1190 1169 1551 1233 nomadibus,
1584 1184 1725 1239 quos
1750 1171 1954 1225 lsmae-

375 1264 502 1318 lilas
530 1270 730 1317 vocant
760 1277 773 1313 :
803 1263 893 1315 alii
928 1276 958 1315 a
990 1261 1178 1315 milite
1212 1260 1373 1316 famis
1404 1268 1457 1316 et
1489 1261 1804 1316 solitudinis
1842 1275 1964 1314 mo-

377 1355 564 1409 lestias
626 1369 737 1409 non
790 1352 1020 1408 ferente.
1104 1352 1302 1408 Verum
1392 1353 1507 1408 sive
1585 1354 1783 1417 homo,
1848 1353 1966 1408 sive

379 1448 606 1515 angelus
639 1445 843 1501 ferrum
872 1444 1129 1515 impulit,
1161 1451 1373 1499 certum
1405 1453 1527 1509 est,
1563 1445 1816 1516 quisquis
1839 1444 1962 1509 fuit,

380 1537 581 1592 divinae
609 1537 915 1592 voluntatis
956 1536 1272 1591 ministrum
1327 1536 1517 1592 fuisse.
1561 1536 1766 1591 Ferunt
1800 1551 1967 1607 porro

382 1630 534 1683 illum
563 1608 1051 1698 vulnere‘accepto
1088 1628 1355 1698 implesse
1388 1644 1608 1683 manum
1653 1629 1925 1699 sanguine
1948 1671 1962 1696 ,

380 1729 435 1776 et
459 1720 562 1776 hoc
585 1721 638 1775 in
670 1735 849 1775 aerem
881 1719 1129 1790 projecto
1176 1719 1385 1775 dixisse
1417 1738 1431 1775 :
1464 1718 1678 1789 Vicisti,
1703 1721 1960 1788 Galiltee;

383 1813 659 1883 simulque
690 1820 746 1865 et
768 1812 1057 1866 victoriam
1083 1809 1400 1866 confessum
1431 1826 1592 1878 esse,
1623 1820 1677 1868 et
1705 1813 1963 1885 blasphe-

383 1903 588 1985 miam,
613 1902 748 1960 adeo
781 1917 979 1959 vecors
1007 1909 1156 1970 erat,
1191 1903 1526 1960 evomuisse.

651 2164 805 2220 CAP.
837 2164 980 2220 xxr.
1017 2164 1101 2238 [Β.
1134 2166 1214 2220 St.
1250 2165 1315 2220 ν.
1340 2166 1430 2222 εις.
1464 2165 1565 2221 Ch.
1589 2154 1707 2239 ει]

346 2246 351 2307 ξ
459 2255 536 2312 De
570 2258 855 2329 prastigiis
906 2261 1055 2383 apudd
1105 2259 1307 2383 αρν-ναξ
1352 2272 1474 2330 post
1514 2261 1631 2332 ejus
1674 2272 1898 2317 mortem

488 2376 493 2383 ,
1034 2346 1356 2383 enretensis.

1034 2346 1331 2399 eprenensis
1340 2372 1356 2388 ο

457 2420 589 2478 Post
613 2422 815 2479 caedem
844 2439 973 2480 vero
1010 2426 1179 2493 illius,
1211 2426 1652 2482 incantationum
1680 2429 1800 2497 ejus
1828 2444 1971 2499 prae-

388 2513 564 2584 stigiae
602 2521 920 2584 patuerunt.
958 2515 1097 2571 Nam
1128 2517 1424 2574 Carrarum
1477 2519 1609 2575 urbs
1664 2519 1971 2590 impietatis

387 2605 512 2674 ejus
558 2606 739 2660 adhuc
790 2607 991 2662 retinet
1036 2609 1324 2679 reliquias.
1378 2610 1483 2665 Per
1536 2610 1679 2666 hanc
1735 2614 1971 2671 stolidus

389 2696 486 2751 ille
513 2695 615 2752 iter
646 2695 862 2753 faciens
893 2696 1178 2769 (Edessam
1205 2701 1409 2772 quippe
1430 2741 1446 2765 ,
1490 2710 1551 2757 ut
1581 2703 1783 2773 pietate
1805 2720 1973 2761 orna-

392 2795 503 2842 tam
528 2825 545 2852 ,
598 2786 667 2843 ad
716 2788 906 2844 lavam
943 2790 1304 2862 reliquerat),
1334 2793 1388 2846 in
1423 2792 1607 2849 fanum
1651 2795 1934 2865 ingressus
1959 2836 1974 2860 ,

395 2879 545 2950 quod
583 2879 638 2933 in
666 2878 878 2935 honore
908 2881 1054 2951 apud
1088 2882 1284 2951 impios
1312 2894 1466 2952 erat,
1498 2900 1626 2940 cum
1664 2886 1738 2941 ibi
1772 2902 1974 2943 arcana

389 2970 641 3041 quaedam
672 2986 801 3026 cum
841 2973 1070 3029 sceleris
1106 2975 1274 3030 sociis
1307 2978 1649 3047 peregisset,
1697 2978 1976 3034 obseravit

390 3063 808 3135 obsignavitque
859 3064 1093 3134 januas,
1147 3073 1204 3122 et
1247 3068 1518 3137 appositis
1568 3069 1834 3128 militibus
1868 3071 1965 3141 qui

1996 1866 2042 1921 Β

2061 710 2232 784 ψευδῆ
2262 711 2724 782 μαντευσάμενον,
2755 711 2850 764 καὶ
2894 709 2987 763 τὸν
3025 708 3455 780 τερπικέραυνον
3502 706 3641 760 κατά

2062 802 2157 856 τοῦ
2206 803 2513 866 κτείναντος
2555 803 2671 866 τοῖς
2721 803 3003 874 κεραυνοῖς
3043 802 3105 854 ού
3151 800 3517 872 χρησάμενον,
3549 799 3642 852 καὶ

2064 893 2154 947 τὸν
2175 894 2283 947 τῶν
2312 893 2551 947 ἀπειλῶν
2571 894 2782 964 κόμπον
2812 892 3147 965 ἐρριμμένον
3183 893 3262 954 είς
3293 891 3507 959 ἔδαφος.
3538 890 3643 942 Τὸν

2068 987 2252 1059 μέντοι
2310 986 2409 1056 τὴν
2455 986 2671 1041 δικαίαν
2727 986 2942 1057 ἐκείνην
3001 984 3365 1054 έπενεγκόντα
3427 972 3641 1054 πληγὴν

2065 1081 2238 1144 οὐδεὶς
2265 1081 2406 1150 ἔγνω
2440 1081 2599 1153 μέχρι
2630 1081 2726 1135 καὶ
2760 1082 3018 1152 τήμερον.
3064 1077 3204 1131 Ἀλλ’
3234 1078 3284 1130 οἱ
3315 1078 3362 1108 ³⁸
3395 1076 3494 1147 μέν
3520 1093 3642 1128 τινα

2064 1173 2173 1228 τῶν
2216 1174 2461 1246 ἀοράτων
2494 1172 2701 1243 ταύτην
2732 1172 2881 1243 αύτῷ
2929 1168 3307 1242 ἐπενηνοχέναι
3346 1168 3544 1236 φασίν·
3591 1169 3642 1219 οί

2065 1263 2122 1317 δὲ
2165 1266 2273 1319 τῶν
2306 1264 2555 1335 νομάδων
2581 1263 2700 1327 ἕνα,
2730 1262 2839 1316 τῶν
2876 1259 3236 1332 Ἰσμαηλιτῶν
3262 1257 3640 1328 καλουμένων

2068 1354 2216 1410 ἄλλοι
2271 1354 2328 1410 δὲ
2381 1353 2719 1426 στρατιώτην
2770 1353 2860 1407 τὸν
2903 1353 2950 1385 ³³
3001 1351 3159 1422 λιμὸν
3191 1350 3283 1404 καὶ
3311 1348 3409 1420 τὴν
3439 1348 3644 1420 ἔρημον

2069 1447 2494 1518 δυσχεράναντα.
2556 1446 2696 1500 Ἀλλ’
2753 1446 2864 1499 εἴτε
2911 1444 3213 1514 ἄνθρωπος,
3264 1443 3374 1495 εἴτε
3415 1440 3644 1510 ἄγγελος

2068 1532 2176 1592 ὦσε
2207 1538 2266 1591 τὸ
2294 1537 2464 1608 ξίφος,
2513 1539 2672 1610 δῆλον
2705 1537 2780 1602 ὡς
2811 1536 2857 1570 ⁸⁸
2900 1535 3058 1590 τοῦτο
3107 1535 3333 1607 δέδρακε
3376 1531 3470 1587 τοῦ
3499 1532 3644 1586 θείου

2070 1629 2336 1701 νεύματος
2364 1628 2603 1700 γεγονὼς
2637 1628 2931 1701 ὐπουργός.
2967 1625 3119 1701 [147]
3152 1628 3392 1681 Ἐκεῖνον
3419 1623 3476 1677 δέ
3505 1623 3569 1693 γέ
3599 1623 3645 1654 ³⁸

2070 1739 2222 1791 φασι,
2284 1720 2578 1793 δεξάμενον
2627 1721 2727 1792 τὴν
2785 1719 3021 1791 πληγὴν,
3077 1716 3237 1780 εὐθὺς
3291 1715 3493 1786 πλῆσαι
3549 1712 3645 1784 τὴν

2070 1816 2228 1883 χεῖρα
2253 1812 2344 1867 τοῦ
2368 1813 2621 1881 αἵματος,
2652 1812 2746 1867 καὶ
2773 1811 2930 1865 τοῦτο
2964 1809 3115 1882 ῥίψαι
3152 1810 3227 1871 είς
3254 1806 3345 1861 τὸν
3375 1807 3531 1877 ἀέρα,
3554 1804 3646 1858 καὶ

2072 1905 2272 1974 φάναι*
2317 1903 2645 1974 Νενίκηκας,
2687 1901 2978 1956 Γαλιλαῖε·
3026 1900 3121 1954 καὶ
3171 1898 3312 1953 κατά
3355 1896 3518 1950 ταὺτὸ
3546 1894 3645 1964 τήν

2072 2016 2130 2053 τε
2161 2000 2317 2070 νίκην
2351 1998 2702 2069 ὁμολογῆσαι,
2729 1997 2822 2051 καὶ
2851 1995 2950 2068 τὴν
2981 1992 3329 2066 βλασφημίαν
3358 1990 3640 2062 τολμῆσαι’

2070 2088 2243 2154 οὕτως
2281 2091 2304 2142 ἐ
2314 2089 2648 2161 μϐοόνττιτος
2673 2085 2762 2161 ἦν.

2654 2180 2902 2235 ΚΕΦΑΛ.
2944 2177 3069 2232 KA'.

2072 2274 2212 2344 Περὶ
2261 2272 2371 2341 τῆς
2420 2273 2491 2328 ἐν
2527 2272 2747 2340 Κάραις
2774 2269 2925 2344 μετὰ
2970 2269 3088 2339 τὴν
3116 2267 3427 2344 ᾀναίρεσιν
3462 2263 3647 2320 αὐτοῦ

2538 2342 2912 2411 φωραθείσης
2940 2340 3233 2409 γοητείας.

2143 2436 2298 2493 Μετά
2332 2435 2389 2490 δὲ
2441 2433 2538 2507 τὴν
2591 2431 2822 2503 σφαγὴν,
2880 2431 2938 2484 al
2981 2430 3082 2501 τῆς
3140 2427 3350 2484 ἐκείνου
3397 2426 3651 2498 γοητείας

2074 2528 2437 2601 ἐφωράθησαν
2473 2526 2821 2598 μαγγανείαι.
2867 2522 3049 2593 Κάραι
3072 2522 3120 2555 ¹¹
3155 2520 3262 2594 γὰρ
3296 2521 3449 2584 πόλις
3479 2520 3648 2585 ἐστὶν,

2076 2619 2156 2673 ἔτι
2192 2620 2284 2672 καὶ
2333 2617 2427 2671 νῦν
2453 2616 2649 2687 ἔχουσα
2693 2614 2793 2686 τῆς
2839 2612 3094 2677 ἀσεϐείας
3138 2611 3207 2666 τά
3257 2610 3505 2681 λείψανα.
3552 2608 3652 2662 Διά

2074 2712 2279 2781 ταύτης
2314 2712 2342 2764 ὁ
2375 2709 2601 2779 μάταιος
2637 2707 2736 2779 τὴν
2764 2704 2987 2778 πορείαν
3020 2702 3361 2775 ποιούμενος,
3407 2702 3504 2773 τὴν
3541 2699 3653 2771 γάρ

2080 2803 2312 2879 ΙζΕδεσαν
2352 2801 2428 2865 ὡς
2469 2799 2720 2870 εὐσεϐείᾳ
2749 2795 3133 2867 κοσμουμένην
3161 2795 3439 2865 εὐώνυμον
3487 2810 3652 2848 κατα-

2075 2895 2346 2959 λέλοιπεν,
2384 2894 2463 2957 είς
2489 2890 2580 2945 τὸν
2610 2891 2759 2962 παρά
2788 2888 2895 2943 τῶν
2922 2887 3195 2942 δυσσεϐῶν
3223 2884 3530 2956 τιμώμενον
3559 2902 3654 2956 ση-

2077 2989 2173 3042 κδν
2198 2984 2473 3050 εἰσελθὼν,
2504 2981 2597 3036 καί
2624 2998 2745 3035 τινα
2775 2982 2833 3034 ἐν
2857 2979 3029 3050 τούτῳ
3052 2978 3147 3032 σὺν
3167 2980 3278 3038 τοῖς
3311 2975 3584 3037 κοινωνοῖς
3608 2975 3653 3006 ’⁷

2077 3077 2173 3133 τοῦ
2215 3077 2419 3150 μύσους
2453 3074 2793 3137 ἐπιτελέσας,
2834 3070 3062 3144 κλεῖθρα
3087 3070 3181 3125 καὶ
3217 3069 3505 3141 σήμαντρα
3534 3067 3656 3130 ταῖς

389 3155 789 3221 observarent,
848 3158 1020 3213 vetuit
1070 3172 1139 3214 ne
1177 3158 1305 3229 quis
1343 3166 1472 3215 ante
1524 3160 1762 3216 reditum
1811 3177 1967 3218 suum

2080 3168 2275 3242 θύραις
2329 3166 2604 3238 ἐπέθηκε,
2653 3163 2747 3220 καί
2790 3179 2943 3226 τινας
2985 3161 3211 3226 ταύταις
3274 3157 3656 3232 προσεδρεύειν

390 3247 663 3303 introiret.
706 3248 814 3302 Sed
847 3248 1100 3303 nuntiata
1147 3247 1298 3305 illius
1342 3257 1551 3316 morte,
1589 3265 1718 3307 cum
1759 3253 1931 3324 impio
1956 3260 1976 3280 "

392 3339 625 3410 principi
648 3340 771 3410 pius
788 3338 955 3413 944
975 3341 1337 3401 successisset
1361 3380 1376 3405 .
1404 3340 1726 3414 introgressi
1756 3343 1978 3415 quidam

391 3430 771 3485 admirandam
811 3432 1163 3502 imperatoris
1200 3431 1605 3500 fortitudinem.
1654 3443 1710 3491 et
1762 3437 1981 3507 sapien-

390 3525 525 3579 tiam
544 3563 561 3590 ,
592 3525 963 3598 pietatemque
983 3527 1288 3583 oll'endunt.
1309 3525 1513 3583 Vident
1540 3528 1690 3585 enim
1718 3528 1977 3587 feminam

393 3620 609 3690 capillis
643 3636 968 3692 suspensam
991 3662 1006 3690 ,
1046 3624 1304 3679 manibus
1334 3624 1583 3681 extensis
1610 3665 1626 3692 ,
1674 3628 1833 3699 cujus
1858 3630 1981 3688 alvo

394 3712 635 3768 dissecta
679 3714 953 3771 nefandus
984 3715 1080 3771 ille
1120 3714 1399 3771 Persicam
1447 3717 1664 3775 scilicet
1691 3721 1977 3778 victoriam

393 3819 462 3859 ex
487 3804 680 3876 hepate
711 3814 995 3878 cognorat.
1032 3806 1097 3863 Et
1125 3807 1242 3864 hac
1273 3806 1496 3880 quidem
1528 3809 1725 3871 Garris
1758 3814 1976 3872 abomi-

395 3896 545 3952 natio
573 3897 848 3969 patefacta
880 3906 989 3956 est.

630 4170 783 4227 CAP.
817 4171 982 4228 XXII.
1019 4173 1102 4247 [Β.
1136 4175 1219 4233 St.
1256 4177 1322 4235 ν.
1358 4179 1448 4235 27.
1480 4179 1583 4236 Ch.
1620 4180 1739 4253 22.]

2083 3257 2385 3333 προσέταξε
2411 3254 2770 3329 στρατιώτας,
2829 3251 3035 3324 μηδένα
3062 3251 3196 3306 εἵσω
3221 3249 3330 3304 τῶν
3359 3248 3539 3319 θυρῶν
3564 3263 3657 3316 γε-

2078 3350 2266 3407 νέσθαι
2316 3350 2479 3422 μέχρι
2523 3347 2624 3418 τῆς
2648 3346 2908 3402 ἐπανόδου
2954 3342 3237 3408 κελεύσας.
3287 3339 3504 3412 Ἐπειδὴ
3532 3338 3590 3394 δὲ
3626 3338 3659 3391 ό

2079 3442 2311 3505 θάνατος
2344 3438 2688 3511 ἀπηγγέλθη,
2721 3437 2818 3492 καὶ
2860 3434 3094 3507 εὐσεϐὴς
3128 3431 3372 3505 βασιλεία
3399 3430 3499 3502 τὴν
3531 3430 3658 3484 δυσ-

2077 3535 2214 3606 σεϐῆ
2240 3532 2534 3599 διεδέξατο,
2557 3531 2688 3586 εῖσω
2716 3530 2997 3601 γενόμενοι
3022 3526 3117 3582 τοῦ
3149 3523 3343 3598 σηκοῦ,
3371 3517 3527 3596 εὗρον
3558 3522 3659 3594 τὴν

2079 3627 2407 3697 ἀξιάγαστον
2429 3624 2524 3680 τοῦ
2555 3621 2818 3696 βασιλέως
2850 3619 3068 3691 ἀνδρίαν
3093 3635 3153 3672 τε
3183 3616 3281 3672 καὶ
3310 3614 3521 3685 σοφίαν,
3562 3613 3661 3668 καὶ

2079 3721 2218 3794 πρὸς
2244 3720 2454 3783 τούτοις
2481 3718 2741 3774 ἀσέϐειαν
2764 3715 2830 3771 ’⁸.
2869 3708 3023 3767 Εἶδον
3053 3711 3161 3782 γάρ
3198 3708 3420 3779 γύναιον
3453 3708 3517 3762 ἐκ
3548 3705 3658 3762 τῶν

2076 3812 2283 3884 τριχῶν
2316 3808 2638 3883 ᾑωρημένον
2660 3809 2728 3872 ⁸⁸,
2761 3803 3128 3876 ἐκτεταμένας
3170 3802 3292 3873 ἔχον
3322 3799 3419 3864 τάς
3452 3801 3656 3871 χεῖρας,

1958 3951 1970 3963 .
2078 3904 2147 3979 ἦς
2196 3904 2487 3977 ἁνακείρας
2538 3902 2566 3954 ὁ
2611 3900 2887 3971 ἀλιτήριος
2928 3895 3027 3968 τὴν
3070 3893 3332 3966 γαστέρα,
3363 3891 3461 3963 τὴν
3505 3889 3659 3960 νίκην

2078 3997 2346 4070 δήπουθεν
2376 3995 2475 4066 τὴν
2522 3993 2663 4048 κα.τά
2710 3989 2937 4063 Περσῶν
2964 3987 3052 4043 διὰ
3085 3987 3182 4042 τοῦ
3232 3987 3445 4059 ἥπατος
3492 3981 3655 4053 ἔγνω.

2080 4092 2252 4146 Τοῦτο
2286 4090 2384 4163 μὲν
2405 4083 2498 4141 οὖν
2529 4087 2586 4141 ἐν
2615 4085 2826 4156 Κάραις
2846 4083 2892 4115 ³⁰
2928 4080 3189 4152 ἐφωράθη
3216 4077 3277 4132 τὺ
3316 4077 3505 4150 μῦσος.

2657 4174 2910 4228 ΚΕΦΑΛ.
2950 4172 3058 4227 KB'

398 4264 476 4319 De
495 4266 765 4348 capitibus
781 4267 1313 4348 nliochiwjnpentis
1331 4275 1392 4348 in
1415 4276 1620 4345 palatio
1636 4315 1651 4341 ,
1678 4283 1729 4331 et
1751 4276 1967 4345 publici:

2083 4267 2233 4348 Περί.
2247 4266 2365 4320 τῶν
2387 4266 2457 4319 ἐν
2474 4265 2617 4348 ⁸τοῖς
2641 4263 2991 4348 βασιλείοις
3027 4260 3379 4348 Ἀντιοχείας
3399 4261 3660 4348 stipatis:-

749 4337 996 4405 tripudiis
1032 4340 1094 4395 ob
1125 4340 1342 4399 Iuliani
1375 4337 1623 4400 nionem.

469 4486 777 4544 Antiochiae
803 4505 935 4546 vero
962 4507 1119 4551 arcas
1143 4508 1374 4553 narrant
1408 4500 1462 4554 in
1494 4500 1700 4570 palatio
1731 4509 1983 4571 repertas

2016 4541 2058 4595 ο

2152 4331 2283 4391 σῶν
2304 4333 2582 4403 κεφαλῶν
2599 4375 2613 4396 ,
2634 4334 2737 4403 καὶ
2762 4333 2898 4401 περὶ
2918 4331 3030 4399 τῆς
3050 4332 3120 4403 ἐν
3162 4331 3479 4399 Ἀντιοχείᾳ
3510 4344 3661 4386 παν.

2153 4404 2324 4475 δημεὶ
2355 4402 2756 4474 γεγενημένης
2791 4403 3029 4472 κορείας
3048 4402 3114 4454 "-

2170 4501 2258 4553 Ἐν
2297 4496 2594 4568 Ἀντιοχείᾳ
2630 4495 2686 4548 δέ
2733 4494 2932 4558 πολλὰς
2982 4494 3080 4565 μὲν
3139 4496 3403 4560 κιϐωτοὺς
3448 4497 3506 4549 ἐν
3548 4495 3660 4557 τοῖς

402 4580 715 4651 complures
749 4583 1032 4639 hominum
1063 4590 1341 4657 capitibus
1366 4590 1632 4659 refertas,
1669 4601 1967 4667 puteosque

2089 4591 2379 4665 βασιλείοις
2407 4586 2658 4657 κεφαλῶν
2701 4584 3001 4658 ἀνθρώπων
3040 4587 3471 4659 πεπληρωμένας
3500 4586 3662 4659 εὑρῆο

403 4676 605 4733 multos
631 4678 818 4747 plenos
848 4680 1202 4737 cadaverum.
1237 4682 1387 4740 Talis
1420 4687 1564 4743 enim
1602 4696 1688 4746 est
1719 4689 1984 4749 infando-

404 4781 525 4823 rum
545 4768 771 4826 deorum
794 4771 1106 4844 disciplina.

473 4949 564 5025 [ν.
582 4951 698 5025 28.]
738 4952 1009 5008 Caeterum
1034 4953 1373 5012 Antiochena
1398 4959 1627 5028 civitas,
1654 4961 1807 5020 illius
1832 4966 1980 5023 caede

403 5044 619 5115 cognita
641 5086 657 5112 ,
680 5048 857 5116 epulis
898 5044 1162 5117 festisque
1187 5047 1534 5120 indulgebat.
1568 5052 1678 5110 Nec
1715 5055 1771 5110 in
1801 5060 1978 5115 cccle-

400 5135 509 5194 siis
533 5135 733 5205 modo,
770 5145 1187 5212 martyrumque
1216 5144 1511 5211 oratoriis,
1562 5146 1765 5203 choros
1813 5150 1983 5207 duce-

2087 4686 2209 4742 σθαί
2239 4700 2394 4755 φασι,
2425 4680 2593 4734 πολλά
2634 4679 2690 4734 δὲ
2725 4679 2936 4751 φρέατα
2986 4680 3254 4750 σωμάτων
3299 4679 3545 4735 ἀνάπλεα
3573 4695 3659 4733 νε-

2085 4779 2253 4851 κρῶν.
2283 4775 2519 4830 Τοιαῦτα
2559 4771 2669 4844 γὰρ
2696 4771 2804 4825 τῶν
2850 4770 3180 4843 δυσωνύμων
3207 4770 3251 4802 ³¹
3283 4769 3421 4823 θεῶν
3452 4769 3522 4823 τὰ
3558 4785 3660 4839 μα‹

2085 4873 2151 4942 θή
2161 4886 2325 4941 ματα.

2168 4962 2233 5015 Ἦ
2275 4959 2332 5014 δὲ
2393 4956 2663 5028 Ἀντιόχου
2720 4954 2872 5020 πόλις
2894 4948 3001 5021 τὴν
3042 4953 3254 5009 ἐκείνου
3308 4957 3661 5027 μεμαθηκυῖα

2091 5053 2323 5125 σφαγὴν,
2353 5049 2699 5123 δημοθοινίας
2726 5046 2972 5100 ἐπετέλει
3006 5047 3099 5101 καὶ
3146 5048 3500 5119 πανηγύρεις.
3551 5048 3662 5102 Καὶ

2090 5148 2151 5203 ού
2181 5147 2340 5217 μόνον
2367 5147 2426 5199 ὲν
2456 5145 2575 5208 ταῖς
2603 5139 2919 5213 ἐκκλησίαις
2947 5139 3225 5213 ἐχόρευον,
3255 5142 3348 5195 καὶ
3381 5142 3493 5205 τοῖς
3524 5157 3662 5212 μαρ-

1696 5260 1931 5318 vanu:
1987 5232 2391 5320 LECTIONES.

509 5340 557 5371 "
602 5342 694 5396 τόν
723 5343 886 5400 iidem
936 5358 1087 5402 recte
1115 5346 1341 5405 addunt.

1445 5351 1489 5383 ²²
1523 5349 1600 5404 Ita
1632 5354 1859 5407 omnino
1908 5355 2325 5411 rescribendum
2368 5369 2490 5408 cum
2540 5350 2761 5422 Valesio
2793 5350 3002 5422 putavi,
3043 5350 3096 5422 id
3133 5348 3279 5422 quod
3308 5346 3436 5422 _Pini_
3491 5357 3660 5404 couex

407 5408 717 5501 animat:
767 5416 1357 5501 vr2._velamo..aem.
1763 5408 1917 5501 qua;
1947 5408 2231 5501 arma}
2258 5408 2348 5478 “az
2403 5423 2529 5501 δέ.-
2575 5408 3178 5501 ’ξτινίρτραέιεδςηςι
3247 5418 3333 5501 διρι
3359 5417 3511 5501 ,Ξάνκ

409 5476 605 5551 Βιιειὶι.Δ
640 5476 797 5551 (ἶνές
823 5476 1030 5551 διερὴῖ
1144 5486 1191 5519 ’⁸
1229 5476 1382 5543 Πειιό
1422 5476 1721 5545 Ἰεοίίοηοιιι
1772 5476 1805 5546 ἒ

1861 5492 1981 5548 Pini
2042 5486 2233 5551 codice
2288 5495 2559 5564 expressit
2590 5486 2953 5564 sumendus,
2995 5486 3313 5564 nisi_'_quod
3359 5488 3448 5542 ille
3497 5486 3660 5564 hab-ct

410 5546 808 5633 χετργώξηοβοᾲ
855 5546 1039 5633 ςέέῑθζί
1063 5556 1453 5633 οοᾴἱοςειδτι
1476 5558 1555 5633 _6;
1586 5559 1752 5633 τοῦτο
1782 5546 2255 5633 δεδρξήτού-θείου
2295 5546 2761 5633 ﬁdei—ﬁmum;
2795 5546 3256 5633 €7313ve¢._f'_3(e
3304 5573 3415 5633 non
3461 5558 3652 5633 esthin

408 5613 581 5700 gssit.
621 5615 718 5700 cr.
761 5627 839 5700 ct_
866 5620 1055 5700 s_i_eph.
1112 5626 1158 5700 ξε
1200 5613 1644 5700 “causam.
1681 5613 1800 5694 ei...

1896 5633 2043 5705 piph.
2078 5634 2167 5699 Vl,
2208 5635 2296 5691 48.
2348 5624 2601 5705 Utroque
2624 5624 2800 5705 modo
2826 5624 3013 5705 etiam
3038 5630 3175 5705 alibi
3204 5624 3651 5705 scribitur._Vii_l.

409 5683 744 5787 eaeaeae":
775 5690 841 5744 ad
876 5683 1417 5787 νίς
1440 5696 1505 5787 γ,
1847 5683 2300 5787 gazaseo-ss:
2353 5683 2952 5782 iam
2997 5683 3175 5787 ιαράῖ
3375 5695 3565 5787 sitv!»
3602 5697 3653 5751 ιι

495 5755 1172 5848 ξείιῗῖθίίὶίίέΥῩΥ;“Βίξδξί,·,Ψ·
1229 5755 1586 5848 ⁸⁰Ᾰίέιῤῥσίιςι
1621 5755 2497 5848 Meum.“"hlnscripti‘onciucum
2559 5774 2679 5843 ipso
2730 5770 2907 5842 capite
2940 5771 2999 5826 in
3034 5772 3171 5826 duas
3204 5780 3386 5839 partes
3418 5755 3650 5823 divisam

414 5822 907 5887 exhibcnt'ca‘teraa
940 5830 1226 5889 editiones.
1282 5836 1324 5867 δ’
1356 5822 1671 5895 δῦἇσεέῶνί
1693 5822 1856 5897 Basil.
1883 5822 1976 5897 cii;
