  <div class='ocr_page' id='page_1' title='image "/cluster/home/n/w/nwhite01/storage/ocr_20150623/82:no.3/coo.31924054869833/568.png"; bbox 0 0 4124 6404; ppageno 0'>
   <div class='ocr_carea' id='block_1_1' title="bbox 493 405 621 468">
    <p class='ocr_par' dir='ltr' id='par_1_1' title="bbox 493 405 621 468">
     <span class='ocr_line' id='line_1_1' title="bbox 493 405 621 468; baseline 0.008 -1"><span class='ocrx_word' id='word_1_1' title='bbox 493 405 621 468; x_wconf 68' lang='grc'><strong>1121</strong></span> 
     </span>
    </p>
   </div>
   <div class='ocr_carea' id='block_1_2' title="bbox 1445 391 2774 458">
    <p class='ocr_par' dir='ltr' id='par_1_2' title="bbox 1445 391 2774 458">
     <span class='ocr_line' id='line_1_2' title="bbox 1445 391 2774 458; baseline -0.003 -2"><span class='ocrx_word' id='word_1_2' title='bbox 1445 395 2031 458; x_wconf 64' lang='lat' dir='ltr'><strong>ECCLESIASTJC£</strong></span> <span class='ocrx_word' id='word_1_3' title='bbox 2080 391 2460 451; x_wconf 70' lang='lat' dir='ltr'><strong>IIISTORLE</strong></span> <span class='ocrx_word' id='word_1_4' title='bbox 2503 392 2646 450; x_wconf 84' lang='lat' dir='ltr'><strong>LIB.</strong></span> <span class='ocrx_word' id='word_1_5' title='bbox 2677 393 2774 452; x_wconf 76' lang='lat' dir='ltr'><strong>IV.</strong></span> 
     </span>
    </p>
   </div>
   <div class='ocr_carea' id='block_1_3' title="bbox 3613 395 3746 460">
    <p class='ocr_par' dir='ltr' id='par_1_3' title="bbox 3613 395 3746 460">
     <span class='ocr_line' id='line_1_3' title="bbox 3613 395 3746 460; baseline 0.023 -4"><span class='ocrx_word' id='word_1_6' title='bbox 3613 395 3746 460; x_wconf 74' lang='lat'><strong>1122</strong></span> 
     </span>
    </p>
   </div>
   <div class='ocr_carea' id='block_1_4' title="bbox 485 503 2064 585">
    <p class='ocr_par' dir='ltr' id='par_1_4' title="bbox 485 505 2062 585">
     <span class='ocr_line' id='line_1_4' title="bbox 485 505 2062 585; baseline -0.005 -19"><span class='ocrx_word' id='word_1_7' title='bbox 485 518 668 585; x_wconf 80' lang='grc' dir='ltr'>τύρων</span> <span class='ocrx_word' id='word_1_8' title='bbox 711 514 918 583; x_wconf 73' lang='grc' dir='ltr'>σηκοῖς,</span> <span class='ocrx_word' id='word_1_9' title='bbox 952 511 1087 565; x_wconf 75' lang='grc' dir='ltr'>ἀλλὰ</span> <span class='ocrx_word' id='word_1_10' title='bbox 1129 511 1219 564; x_wconf 76' lang='grc' dir='ltr'><strong>καὶ</strong></span> <span class='ocrx_word' id='word_1_11' title='bbox 1254 513 1308 565; x_wconf 80' lang='grc' dir='ltr'><strong>ἐν</strong></span> <span class='ocrx_word' id='word_1_12' title='bbox 1354 513 1467 574; x_wconf 85' lang='grc' dir='ltr'>τοῖς</span> <span class='ocrx_word' id='word_1_13' title='bbox 1502 509 1750 580; x_wconf 79' lang='grc' dir='ltr'><strong>θεάτροις</strong></span> <span class='ocrx_word' id='word_1_14' title='bbox 1781 506 1931 580; x_wconf 74' lang='grc'><strong>[148]</strong></span> <span class='ocrx_word' id='word_1_15' title='bbox 1968 505 2062 560; x_wconf 80' lang='grc' dir='ltr'><strong>τοῦ</strong></span> 
     </span>
    </p>
   </div>
   <div class='ocr_carea' id='block_1_5' title="bbox 2167 503 3744 585">
    <p class='ocr_par' dir='ltr' id='par_1_5' title="bbox 2169 503 3744 576">
     <span class='ocr_line' id='line_1_5' title="bbox 2169 503 3744 576; baseline 0.006 -16"><span class='ocrx_word' id='word_1_16' title='bbox 2169 505 2283 569; x_wconf 86' lang='lat' dir='ltr'><strong>bal,</strong></span> <span class='ocrx_word' id='word_1_17' title='bbox 2352 503 2448 558; x_wconf 86' lang='lat' dir='ltr'><strong>sed</strong></span> <span class='ocrx_word' id='word_1_18' title='bbox 2497 503 2549 557; x_wconf 93' lang='lat' dir='ltr'><strong>in</strong></span> <span class='ocrx_word' id='word_1_19' title='bbox 2602 504 2832 562; x_wconf 89' lang='lat' dir='ltr'><strong>theatris</strong></span> <span class='ocrx_word' id='word_1_20' title='bbox 2886 506 3049 561; x_wconf 85' lang='lat' dir='ltr'><strong>etiam</strong></span> <span class='ocrx_word' id='word_1_21' title='bbox 3090 507 3420 576; x_wconf 62' lang='lat' dir='ltr'><strong>pradicabat</strong></span> <span class='ocrx_word' id='word_1_22' title='bbox 3459 511 3744 569; x_wconf 90' lang='lat' dir='ltr'><strong>victoriam</strong></span> 
     </span>
    </p>
   </div>
   <div class='ocr_carea' id='block_1_6' title="bbox 490 601 2066 676">
    <p class='ocr_par' dir='ltr' id='par_1_6' title="bbox 490 601 2066 676">
     <span class='ocr_line' id='line_1_6' title="bbox 490 601 2066 676; baseline -0.003 -20"><span class='ocrx_word' id='word_1_23' title='bbox 490 602 724 674; x_wconf 83' lang='grc' dir='ltr'>σταυροῦ</span> <span class='ocrx_word' id='word_1_24' title='bbox 754 603 852 673; x_wconf 80' lang='grc' dir='ltr'>τὴν</span> <span class='ocrx_word' id='word_1_25' title='bbox 880 603 1034 673; x_wconf 78' lang='grc' dir='ltr'>νίκην</span> <span class='ocrx_word' id='word_1_26' title='bbox 1064 603 1383 676; x_wconf 84' lang='grc' dir='ltr'>ἐκήρυττον,</span> <span class='ocrx_word' id='word_1_27' title='bbox 1421 604 1514 657; x_wconf 78' lang='grc' dir='ltr'><strong>καὶ</strong></span> <span class='ocrx_word' id='word_1_28' title='bbox 1553 604 1664 665; x_wconf 86' lang='grc' dir='ltr'>τοῖς</span> <span class='ocrx_word' id='word_1_29' title='bbox 1688 601 1898 654; x_wconf 84' lang='grc' dir='ltr'>ἐκείνου</span> <span class='ocrx_word' id='word_1_30' title='bbox 1933 617 2066 671; x_wconf 83' lang='grc' dir='ltr'>μαν-</span> 
     </span>
    </p>
   </div>
   <div class='ocr_carea' id='block_1_7' title="bbox 490 691 2064 764">
    <p class='ocr_par' dir='ltr' id='par_1_7' title="bbox 490 691 2064 764">
     <span class='ocr_line' id='line_1_7' title="bbox 490 691 2064 764; baseline -0.004 -16"><span class='ocrx_word' id='word_1_31' title='bbox 490 695 754 764; x_wconf 85' lang='grc' dir='ltr'>τεύμασιν</span> <span class='ocrx_word' id='word_1_32' title='bbox 783 693 1146 760; x_wconf 73' lang='grc' dir='ltr'>ἐπετώθαζον.</span> <span class='ocrx_word' id='word_1_33' title='bbox 1200 695 1342 763; x_wconf 85' lang='grc' dir='ltr'>Ἐγὼ</span> <span class='ocrx_word' id='word_1_34' title='bbox 1387 694 1443 748; x_wconf 81' lang='grc' dir='ltr'><strong>δέ</strong></span> <span class='ocrx_word' id='word_1_35' title='bbox 1474 693 1567 747; x_wconf 78' lang='grc' dir='ltr'>καὶ</span> <span class='ocrx_word' id='word_1_36' title='bbox 1598 692 1695 763; x_wconf 84' lang='grc' dir='ltr'>τὴν</span> <span class='ocrx_word' id='word_1_37' title='bbox 1738 691 2064 758; x_wconf 79' lang='grc' dir='ltr'>ἀξιάγαστον</span> 
     </span>
    </p>
   </div>
   <div class='ocr_carea' id='block_1_8' title="bbox 490 781 2066 857">
    <p class='ocr_par' dir='ltr' id='par_1_8' title="bbox 490 781 2066 857">
     <span class='ocr_line' id='line_1_8' title="bbox 490 781 2066 857; baseline -0.004 -18"><span class='ocrx_word' id='word_1_38' title='bbox 490 787 670 840; x_wconf 77' lang='grc' dir='ltr'>αὐτῶν</span> <span class='ocrx_word' id='word_1_39' title='bbox 719 784 932 857; x_wconf 82' lang='grc' dir='ltr'>ἐνθήσω</span> <span class='ocrx_word' id='word_1_40' title='bbox 959 785 1003 816; x_wconf 85' lang='grc'><em>³³</em></span> <span class='ocrx_word' id='word_1_41' title='bbox 1045 785 1247 856; x_wconf 83' lang='grc' dir='ltr'>φωνὴν,</span> <span class='ocrx_word' id='word_1_42' title='bbox 1302 785 1388 839; x_wconf 80' lang='grc' dir='ltr'>ἵνα</span> <span class='ocrx_word' id='word_1_43' title='bbox 1441 784 1534 838; x_wconf 72' lang='grc' dir='ltr'><strong>καὶ</strong></span> <span class='ocrx_word' id='word_1_44' title='bbox 1583 785 1693 846; x_wconf 89' lang='grc' dir='ltr'>τοῖς</span> <span class='ocrx_word' id='word_1_45' title='bbox 1747 781 1864 852; x_wconf 85' lang='grc' dir='ltr'>μεθ’</span> <span class='ocrx_word' id='word_1_46' title='bbox 1918 783 2066 852; x_wconf 80' lang='grc' dir='ltr'>ἡμᾶς</span> 
     </span>
    </p>
   </div>
   <div class='ocr_carea' id='block_1_9' title="bbox 491 873 2064 948">
    <p class='ocr_par' dir='ltr' id='par_1_9' title="bbox 491 873 2064 948">
     <span class='ocr_line' id='line_1_9' title="bbox 491 873 2064 948; baseline -0.004 -18"><span class='ocrx_word' id='word_1_47' title='bbox 491 877 772 948; x_wconf 80' lang='grc' dir='ltr'>ἐσομένοις</span> <span class='ocrx_word' id='word_1_48' title='bbox 822 879 854 946; x_wconf 84' lang='grc' dir='ltr'>ἡ</span> <span class='ocrx_word' id='word_1_49' title='bbox 890 877 1093 947; x_wconf 80' lang='grc' dir='ltr'>ταύτης</span> <span class='ocrx_word' id='word_1_50' title='bbox 1125 876 1461 947; x_wconf 74' lang='grc' dir='ltr'><strong>φυλάττηται</strong></span> <span class='ocrx_word' id='word_1_51' title='bbox 1509 875 1717 945; x_wconf 84' lang='grc' dir='ltr'><strong>μνήμη.</strong></span> <span class='ocrx_word' id='word_1_52' title='bbox 1759 875 1925 944; x_wconf 83' lang='grc' dir='ltr'>Κοινῇ</span> <span class='ocrx_word' id='word_1_53' title='bbox 1958 873 2064 944; x_wconf 82' lang='grc' dir='ltr'><strong>γὰρ</strong></span> 
     </span>
    </p>
   </div>
   <div class='ocr_carea' id='block_1_10' title="bbox 493 962 2061 1036">
    <p class='ocr_par' dir='ltr' id='par_1_10' title="bbox 493 962 2061 1036">
     <span class='ocr_line' id='line_1_10' title="bbox 493 962 2061 1036; baseline -0.004 -15"><span class='ocrx_word' id='word_1_54' title='bbox 493 969 691 1030; x_wconf 70' lang='grc' dir='ltr'>πάντες</span> <span class='ocrx_word' id='word_1_55' title='bbox 734 966 900 1018; x_wconf 86' lang='grc' dir='ltr'>ἐϐόων</span> <span class='ocrx_word' id='word_1_56' title='bbox 923 982 934 995; x_wconf 89' lang='grc'><strong>·</strong></span> <span class='ocrx_word' id='word_1_57' title='bbox 983 965 1094 1018; x_wconf 77' lang='grc' dir='ltr'>Ποῦ</span> <span class='ocrx_word' id='word_1_58' title='bbox 1131 983 1220 1020; x_wconf 86' lang='grc' dir='ltr'><strong>σου</strong></span> <span class='ocrx_word' id='word_1_59' title='bbox 1252 968 1318 1019; x_wconf 75' lang='grc' dir='ltr'>τὰ</span> <span class='ocrx_word' id='word_1_60' title='bbox 1349 968 1592 1036; x_wconf 90' lang='grc' dir='ltr'>μαντεῖα,</span> <span class='ocrx_word' id='word_1_61' title='bbox 1635 962 1852 1034; x_wconf 73' lang='grc' dir='ltr'>Μάξιμε</span> <span class='ocrx_word' id='word_1_62' title='bbox 1885 963 2061 1034; x_wconf 84' lang='grc' dir='ltr'>μωρέ;</span> 
     </span>
    </p>
   </div>
   <div class='ocr_carea' id='block_1_11' title="bbox 502 1056 1656 1129">
    <p class='ocr_par' dir='ltr' id='par_1_11' title="bbox 502 1056 1656 1129">
     <span class='ocr_line' id='line_1_11' title="bbox 502 1056 1656 1129; baseline -0.006 -14"><span class='ocrx_word' id='word_1_63' title='bbox 502 1061 783 1129; x_wconf 80' lang='grc' dir='ltr'>Ἑνίκησεν</span> <span class='ocrx_word' id='word_1_64' title='bbox 812 1061 839 1110; x_wconf 87' lang='grc' dir='ltr'><strong>ό</strong></span> <span class='ocrx_word' id='word_1_65' title='bbox 859 1059 1009 1124; x_wconf 74' lang='grc' dir='ltr'>Θεὸς,</span> <span class='ocrx_word' id='word_1_66' title='bbox 1037 1059 1130 1111; x_wconf 72' lang='grc' dir='ltr'>καὶ</span> <span class='ocrx_word' id='word_1_67' title='bbox 1156 1059 1184 1110; x_wconf 85' lang='grc' dir='ltr'><strong>ό</strong></span> <span class='ocrx_word' id='word_1_68' title='bbox 1206 1059 1250 1110; x_wconf 84' lang='grc' dir='ltr'>Χ</span> <span class='ocrx_word' id='word_1_69' title='bbox 1259 1059 1438 1127; x_wconf 79' lang='grc' dir='ltr'>ριστὸς</span> <span class='ocrx_word' id='word_1_70' title='bbox 1473 1056 1656 1110; x_wconf 75' lang='grc' dir='ltr'>αὑτοῦ.</span> 
     </span>
    </p>
   </div>
   <div class='ocr_carea' id='block_1_12' title="bbox 559 1145 2065 1220">
    <p class='ocr_par' dir='ltr' id='par_1_12' title="bbox 559 1145 2065 1220">
     <span class='ocr_line' id='line_1_12' title="bbox 559 1145 2065 1220; baseline -0.005 -16"><span class='ocrx_word' id='word_1_71' title='bbox 559 1152 810 1220; x_wconf 76' lang='grc' dir='ltr'><strong>Μάξιμος</strong></span> <span class='ocrx_word' id='word_1_72' title='bbox 835 1150 941 1219; x_wconf 79' lang='grc' dir='ltr'>γάρ</span> <span class='ocrx_word' id='word_1_73' title='bbox 971 1167 1055 1212; x_wconf 89' lang='grc' dir='ltr'><strong>τις</strong></span> <span class='ocrx_word' id='word_1_74' title='bbox 1085 1145 1152 1220; x_wconf 83' lang='grc' dir='ltr'>ἦν</span> <span class='ocrx_word' id='word_1_75' title='bbox 1178 1151 1320 1202; x_wconf 75' lang='grc' dir='ltr'>κατὰ</span> <span class='ocrx_word' id='word_1_76' title='bbox 1348 1149 1435 1201; x_wconf 77' lang='grc' dir='ltr'>τὸν</span> <span class='ocrx_word' id='word_1_77' title='bbox 1465 1148 1656 1218; x_wconf 75' lang='grc' dir='ltr'>καιρὸν</span> <span class='ocrx_word' id='word_1_78' title='bbox 1680 1147 1723 1180; x_wconf 65' lang='grc'><strong>³⁸</strong></span> <span class='ocrx_word' id='word_1_79' title='bbox 1749 1147 1952 1198; x_wconf 85' lang='grc' dir='ltr'>ἐκεῖνον</span> <span class='ocrx_word' id='word_1_80' title='bbox 1977 1163 2065 1215; x_wconf 80' lang='grc' dir='ltr'><strong>φι-</strong></span> 
     </span>
    </p>
   </div>
   <div class='ocr_carea' id='block_1_13' title="bbox 489 1236 2064 1310">
    <p class='ocr_par' dir='ltr' id='par_1_13' title="bbox 489 1236 2064 1310">
     <span class='ocr_line' id='line_1_13' title="bbox 489 1236 2064 1310; baseline -0.002 -20"><span class='ocrx_word' id='word_1_81' title='bbox 489 1241 740 1308; x_wconf 65' lang='grc' dir='ltr'>λοσοφίας</span> <span class='ocrx_word' id='word_1_82' title='bbox 801 1240 898 1310; x_wconf 83' lang='grc' dir='ltr'><strong>μὲν</strong></span> <span class='ocrx_word' id='word_1_83' title='bbox 952 1239 1247 1310; x_wconf 79' lang='grc' dir='ltr'><strong>πρόσχημα</strong></span> <span class='ocrx_word' id='word_1_84' title='bbox 1298 1238 1703 1308; x_wconf 83' lang='grc' dir='ltr'>περικείμενος,</span> <span class='ocrx_word' id='word_1_85' title='bbox 1755 1237 1978 1305; x_wconf 72' lang='grc' dir='ltr'>γοητεία</span> <span class='ocrx_word' id='word_1_86' title='bbox 2007 1236 2064 1288; x_wconf 84' lang='grc' dir='ltr'>δὲ</span> 
     </span>
    </p>
   </div>
   <div class='ocr_carea' id='block_1_14' title="bbox 491 1326 2060 1400">
    <p class='ocr_par' dir='ltr' id='par_1_14' title="bbox 491 1326 2060 1400">
     <span class='ocr_line' id='line_1_14' title="bbox 491 1326 2060 1400; baseline -0.001 -18"><span class='ocrx_word' id='word_1_87' title='bbox 491 1329 789 1400; x_wconf 81' lang='grc' dir='ltr'>χρώμενος,</span> <span class='ocrx_word' id='word_1_88' title='bbox 824 1329 916 1381; x_wconf 74' lang='grc' dir='ltr'><strong>καὶ</strong></span> <span class='ocrx_word' id='word_1_89' title='bbox 940 1327 1222 1398; x_wconf 77' lang='grc' dir='ltr'>προλέγειν</span> <span class='ocrx_word' id='word_1_90' title='bbox 1247 1328 1314 1381; x_wconf 75' lang='grc' dir='ltr'><strong>τὰ</strong></span> <span class='ocrx_word' id='word_1_91' title='bbox 1348 1327 1604 1398; x_wconf 83' lang='grc' dir='ltr'>μέλλοντα</span> <span class='ocrx_word' id='word_1_92' title='bbox 1648 1326 2060 1396; x_wconf 75' lang='grc' dir='ltr'>σεμνυνόμενος.</span> 
     </span>
    </p>
   </div>
   <div class='ocr_carea' id='block_1_15' title="bbox 492 1414 2062 1487">
    <p class='ocr_par' dir='ltr' id='par_1_15' title="bbox 492 1414 2062 1487">
     <span class='ocr_line' id='line_1_15' title="bbox 492 1414 2062 1487; baseline -0.004 -16"><span class='ocrx_word' id='word_1_93' title='bbox 492 1419 616 1471; x_wconf 79' lang='grc' dir='ltr'>Ὀτι</span> <span class='ocrx_word' id='word_1_94' title='bbox 650 1417 706 1470; x_wconf 82' lang='grc' dir='ltr'><strong>δὲ</strong></span> <span class='ocrx_word' id='word_1_95' title='bbox 762 1417 1074 1486; x_wconf 80' lang='grc' dir='ltr'>Ἀντιοχεῖς,</span> <span class='ocrx_word' id='word_1_96' title='bbox 1129 1417 1278 1487; x_wconf 79' lang='grc' dir='ltr'>παρὰ</span> <span class='ocrx_word' id='word_1_97' title='bbox 1325 1418 1423 1486; x_wconf 79' lang='grc' dir='ltr'>τῆς</span> <span class='ocrx_word' id='word_1_98' title='bbox 1475 1415 1736 1486; x_wconf 82' lang='grc' dir='ltr'>μεγίστης</span> <span class='ocrx_word' id='word_1_99' title='bbox 1778 1414 2062 1485; x_wconf 70' lang='grc' dir='ltr'>ξυνωρίδος</span> 
     </span>
    </p>
   </div>
   <div class='ocr_carea' id='block_1_16' title="bbox 492 1505 2065 1580">
    <p class='ocr_par' dir='ltr' id='par_1_16' title="bbox 492 1505 2065 1580">
     <span class='ocr_line' id='line_1_16' title="bbox 492 1505 2065 1580; baseline -0.003 -17"><span class='ocrx_word' id='word_1_100' title='bbox 492 1509 698 1580; x_wconf 78' lang='grc' dir='ltr'>Πέτρου</span> <span class='ocrx_word' id='word_1_101' title='bbox 729 1509 822 1560; x_wconf 72' lang='grc' dir='ltr'><strong>καὶ</strong></span> <span class='ocrx_word' id='word_1_102' title='bbox 852 1508 1064 1561; x_wconf 85' lang='grc' dir='ltr'>Παύλου</span> <span class='ocrx_word' id='word_1_103' title='bbox 1087 1509 1155 1561; x_wconf 80' lang='grc' dir='ltr'><strong>τὰ</strong></span> <span class='ocrx_word' id='word_1_104' title='bbox 1186 1507 1302 1560; x_wconf 83' lang='grc' dir='ltr'>θεῖα</span> <span class='ocrx_word' id='word_1_105' title='bbox 1334 1507 1616 1576; x_wconf 71' lang='grc' dir='ltr'>δεξάμενοι</span> <span class='ocrx_word' id='word_1_106' title='bbox 1657 1505 1922 1575; x_wconf 80' lang='grc' dir='ltr'>δόγματα,</span> <span class='ocrx_word' id='word_1_107' title='bbox 1973 1507 2065 1558; x_wconf 78' lang='grc' dir='ltr'>καὶ</span> 
     </span>
    </p>
   </div>
   <div class='ocr_carea' id='block_1_17' title="bbox 493 1596 2066 1669">
    <p class='ocr_par' dir='ltr' id='par_1_17' title="bbox 493 1596 2066 1669">
     <span class='ocr_line' id='line_1_17' title="bbox 493 1596 2066 1669; baseline -0.002 -18"><span class='ocrx_word' id='word_1_108' title='bbox 493 1599 708 1669; x_wconf 82' lang='grc' dir='ltr'>θερμῶς</span> <span class='ocrx_word' id='word_1_109' title='bbox 737 1598 828 1650; x_wconf 73' lang='grc' dir='ltr'><strong>τὸν</strong></span> <span class='ocrx_word' id='word_1_110' title='bbox 855 1597 962 1650; x_wconf 89' lang='grc' dir='ltr'><strong>τῶν</strong></span> <span class='ocrx_word' id='word_1_111' title='bbox 996 1597 1129 1651; x_wconf 85' lang='grc' dir='ltr'>ὅλων</span> <span class='ocrx_word' id='word_1_112' title='bbox 1164 1598 1435 1666; x_wconf 83' lang='grc' dir='ltr'>Δεσπότην</span> <span class='ocrx_word' id='word_1_113' title='bbox 1458 1599 1551 1650; x_wconf 74' lang='grc' dir='ltr'><strong>καὶ</strong></span> <span class='ocrx_word' id='word_1_114' title='bbox 1581 1596 1808 1665; x_wconf 80' lang='grc' dir='ltr'>Σωτῆρα</span> <span class='ocrx_word' id='word_1_115' title='bbox 1842 1596 2066 1648; x_wconf 74' lang='grc' dir='ltr'>ποθοῦν-</span> 
     </span>
    </p>
   </div>
   <div class='ocr_carea' id='block_1_18' title="bbox 489 1685 2062 1758">
    <p class='ocr_par' dir='ltr' id='par_1_18' title="bbox 489 1685 2062 1758">
     <span class='ocr_line' id='line_1_18' title="bbox 489 1685 2062 1758; baseline 0.001 -20"><span class='ocrx_word' id='word_1_116' title='bbox 489 1706 602 1754; x_wconf 83' lang='grc' dir='ltr'>τες,</span> <span class='ocrx_word' id='word_1_117' title='bbox 657 1688 1066 1758; x_wconf 80' lang='grc' dir='ltr'>βδελυττόμενοι</span> <span class='ocrx_word' id='word_1_118' title='bbox 1110 1688 1196 1740; x_wconf 77' lang='grc' dir='ltr'>ἀεὶ</span> <span class='ocrx_word' id='word_1_119' title='bbox 1245 1688 1335 1739; x_wconf 83' lang='grc' dir='ltr'><strong>τὸν</strong></span> <span class='ocrx_word' id='word_1_120' title='bbox 1371 1685 1650 1754; x_wconf 71' lang='grc' dir='ltr'>ἐξάγιστον</span> <span class='ocrx_word' id='word_1_121' title='bbox 1667 1687 1712 1717; x_wconf 81' lang='grc'>³⁸</span> <span class='ocrx_word' id='word_1_122' title='bbox 1741 1687 2062 1751; x_wconf 79' lang='grc' dir='ltr'>διετέλεσαν,</span> 
     </span>
    </p>
   </div>
   <div class='ocr_carea' id='block_1_19' title="bbox 2167 595 3736 662">
    <p class='ocr_par' dir='ltr' id='par_1_19' title="bbox 2167 595 3736 662">
     <span class='ocr_line' id='line_1_19' title="bbox 2167 595 3736 662; baseline 0.004 -11"><span class='ocrx_word' id='word_1_123' title='bbox 2167 595 2382 662; x_wconf 90' lang='lat' dir='ltr'><strong>crucis,</strong></span> <span class='ocrx_word' id='word_1_124' title='bbox 2423 602 2478 650; x_wconf 85' lang='lat' dir='ltr'><strong>et</strong></span> <span class='ocrx_word' id='word_1_125' title='bbox 2505 595 2655 650; x_wconf 89' lang='lat' dir='ltr'><strong>illius</strong></span> <span class='ocrx_word' id='word_1_126' title='bbox 2704 597 2962 652; x_wconf 90' lang='lat' dir='ltr'><strong>vaticinia</strong></span> <span class='ocrx_word' id='word_1_127' title='bbox 3012 598 3318 655; x_wconf 78' lang='lat' dir='ltr'><strong>deridebat.</strong></span> <span class='ocrx_word' id='word_1_128' title='bbox 3361 601 3514 656; x_wconf 77' lang='lat' dir='ltr'><strong>Libet</strong></span> <span class='ocrx_word' id='word_1_129' title='bbox 3552 613 3736 660; x_wconf 90' lang='lat' dir='ltr'><strong>autem</strong></span> 
     </span>
    </p>
   </div>
   <div class='ocr_carea' id='block_1_20' title="bbox 2169 690 3744 761">
    <p class='ocr_par' dir='ltr' id='par_1_20' title="bbox 2169 690 3744 761">
     <span class='ocr_line' id='line_1_20' title="bbox 2169 690 3744 761; baseline 0.007 -18"><span class='ocrx_word' id='word_1_130' title='bbox 2169 691 2314 760; x_wconf 90' lang='lat' dir='ltr'><strong>ipsas</strong></span> <span class='ocrx_word' id='word_1_131' title='bbox 2367 704 2588 760; x_wconf 72' lang='lat' dir='ltr'><strong>quoque</strong></span> <span class='ocrx_word' id='word_1_132' title='bbox 2645 690 3114 746; x_wconf 80' lang='lat' dir='ltr'><strong>Antiochenorum</strong></span> <span class='ocrx_word' id='word_1_133' title='bbox 3165 708 3330 749; x_wconf 84' lang='lat' dir='ltr'><strong>voces</strong></span> <span class='ocrx_word' id='word_1_134' title='bbox 3389 694 3632 761; x_wconf 82' lang='lat' dir='ltr'><strong>referre,</strong></span> <span class='ocrx_word' id='word_1_135' title='bbox 3687 708 3744 755; x_wconf 83' lang='lat' dir='ltr'><strong>ut</strong></span> 
     </span>
    </p>
   </div>
   <div class='ocr_carea' id='block_1_21' title="bbox 2165 781 3745 852">
    <p class='ocr_par' dir='ltr' id='par_1_21' title="bbox 2165 781 3745 852">
     <span class='ocr_line' id='line_1_21' title="bbox 2165 781 3745 852; baseline 0.007 -18"><span class='ocrx_word' id='word_1_136' title='bbox 2165 781 2360 836; x_wconf 91' lang='lat' dir='ltr'><strong>barum</strong></span> <span class='ocrx_word' id='word_1_137' title='bbox 2407 781 2551 852; x_wconf 90' lang='lat' dir='ltr'><strong>apud</strong></span> <span class='ocrx_word' id='word_1_138' title='bbox 2598 791 2851 851; x_wconf 85' lang='lat' dir='ltr'><strong>posteros</strong></span> <span class='ocrx_word' id='word_1_139' title='bbox 2899 791 3077 839; x_wconf 68' lang='lat' dir='ltr'><strong>exstet</strong></span> <span class='ocrx_word' id='word_1_140' title='bbox 3113 787 3394 840; x_wconf 76' lang='lat' dir='ltr'><strong>memoria.</strong></span> <span class='ocrx_word' id='word_1_141' title='bbox 3455 786 3590 842; x_wconf 80' lang='lat' dir='ltr'><strong>Nam</strong></span> <span class='ocrx_word' id='word_1_142' title='bbox 3636 806 3745 844; x_wconf 83' lang='lat' dir='ltr'><strong>uno</strong></span> 
     </span>
    </p>
   </div>
   <div class='ocr_carea' id='block_1_22' title="bbox 2165 874 3744 945">
    <p class='ocr_par' dir='ltr' id='par_1_22' title="bbox 2165 874 3744 945">
     <span class='ocr_line' id='line_1_22' title="bbox 2165 874 3744 945; baseline 0.008 -20"><span class='ocrx_word' id='word_1_143' title='bbox 2165 887 2261 928; x_wconf 89' lang='lat' dir='ltr'><strong>ore</strong></span> <span class='ocrx_word' id='word_1_144' title='bbox 2299 888 2490 928; x_wconf 85' lang='lat' dir='ltr'><strong>omnes</strong></span> <span class='ocrx_word' id='word_1_145' title='bbox 2550 874 2927 930; x_wconf 79' lang='lat' dir='ltr'><strong>inclamabant</strong></span> <span class='ocrx_word' id='word_1_146' title='bbox 2986 893 2999 929; x_wconf 86' lang='lat'><strong>:</strong></span> <span class='ocrx_word' id='word_1_147' title='bbox 3061 875 3163 931; x_wconf 91' lang='lat' dir='ltr'><strong>Ubi</strong></span> <span class='ocrx_word' id='word_1_148' title='bbox 3216 886 3347 933; x_wconf 86' lang='lat' dir='ltr'><strong>sunt</strong></span> <span class='ocrx_word' id='word_1_149' title='bbox 3388 889 3514 945; x_wconf 90' lang='lat' dir='ltr'><strong>tua,</strong></span> <span class='ocrx_word' id='word_1_150' title='bbox 3582 882 3744 937; x_wconf 77' lang='lat' dir='ltr'><strong>stulte</strong></span> 
     </span>
    </p>
   </div>
   <div class='ocr_carea' id='block_1_23' title="bbox 2169 951 3818 1042">
    <p class='ocr_par' dir='ltr' id='par_1_23' title="bbox 2169 951 3818 1042">
     <span class='ocr_line' id='line_1_23' title="bbox 2169 951 3818 1042; baseline 0.007 -26"><span class='ocrx_word' id='word_1_151' title='bbox 2169 962 2399 1018; x_wconf 75' lang='lat' dir='ltr'><strong>Maxime</strong></span> <span class='ocrx_word' id='word_1_152' title='bbox 2426 1005 2439 1028; x_wconf 94' lang='lat'><strong>,</strong></span> <span class='ocrx_word' id='word_1_153' title='bbox 2471 966 2730 1019; x_wconf 87' lang='lat' dir='ltr'><strong>oracula?</strong></span> <span class='ocrx_word' id='word_1_154' title='bbox 2762 966 2907 1020; x_wconf 77' lang='lat' dir='ltr'><strong>Vicit</strong></span> <span class='ocrx_word' id='word_1_155' title='bbox 2941 965 3086 1024; x_wconf 87' lang='lat' dir='ltr'><strong>Deus</strong></span> <span class='ocrx_word' id='word_1_156' title='bbox 3109 1008 3123 1032; x_wconf 87' lang='lat'><strong>,</strong></span> <span class='ocrx_word' id='word_1_157' title='bbox 3155 977 3209 1024; x_wconf 86' lang='lat' dir='ltr'><strong>et</strong></span> <span class='ocrx_word' id='word_1_158' title='bbox 3233 969 3484 1026; x_wconf 75' lang='lat' dir='ltr'><strong>Christus</strong></span> <span class='ocrx_word' id='word_1_159' title='bbox 3514 972 3656 1042; x_wconf 83' lang='lat' dir='ltr'><strong>ejus.</strong></span> <span class='ocrx_word' id='word_1_160' title='bbox 3815 951 3818 958; x_wconf 47' lang='grc'><em>’</em></span> 
     </span>
    </p>
   </div>
   <div class='ocr_carea' id='block_1_24' title="bbox 2238 1138 3742 1220">
    <p class='ocr_par' dir='ltr' id='par_1_24' title="bbox 2238 1138 3742 1220">
     <span class='ocr_line' id='line_1_24' title="bbox 2238 1138 3742 1220; baseline 0.011 -28"><span class='ocrx_word' id='word_1_161' title='bbox 2238 1138 2320 1211; x_wconf 79' lang='grc' dir='ltr'><strong>[Β.</strong></span> <span class='ocrx_word' id='word_1_162' title='bbox 2355 1142 2436 1194; x_wconf 90' lang='lat' dir='ltr'><strong>St.</strong></span> <span class='ocrx_word' id='word_1_163' title='bbox 2461 1141 2576 1214; x_wconf 72' lang='lat'><strong>28.]</strong></span> <span class='ocrx_word' id='word_1_164' title='bbox 2618 1141 2750 1195; x_wconf 86' lang='lat' dir='ltr'><strong>Nam</strong></span> <span class='ocrx_word' id='word_1_165' title='bbox 2780 1142 3052 1198; x_wconf 84' lang='lat' dir='ltr'><strong>Maximus</strong></span> <span class='ocrx_word' id='word_1_166' title='bbox 3085 1156 3203 1200; x_wconf 91' lang='lat' dir='ltr'><strong>erat</strong></span> <span class='ocrx_word' id='word_1_167' title='bbox 3231 1147 3339 1202; x_wconf 92' lang='lat' dir='ltr'><strong>illis</strong></span> <span class='ocrx_word' id='word_1_168' title='bbox 3368 1151 3707 1220; x_wconf 86' lang='lat' dir='ltr'><strong>temporibus</strong></span> <span class='ocrx_word' id='word_1_169' title='bbox 3727 1190 3742 1217; x_wconf 86' lang='lat'><strong>,</strong></span> 
     </span>
    </p>
   </div>
   <div class='ocr_carea' id='block_1_25' title="bbox 2166 1232 3740 1312">
    <p class='ocr_par' dir='ltr' id='par_1_25' title="bbox 2166 1232 3740 1312">
     <span class='ocr_line' id='line_1_25' title="bbox 2166 1232 3740 1312; baseline 0.008 -28"><span class='ocrx_word' id='word_1_170' title='bbox 2166 1232 2349 1301; x_wconf 86' lang='lat' dir='ltr'><strong>specie</strong></span> <span class='ocrx_word' id='word_1_171' title='bbox 2383 1233 2604 1301; x_wconf 87' lang='lat' dir='ltr'><strong>quidem</strong></span> <span class='ocrx_word' id='word_1_172' title='bbox 2642 1235 3036 1304; x_wconf 85' lang='lat' dir='ltr'><strong>philosophus,</strong></span> <span class='ocrx_word' id='word_1_173' title='bbox 3078 1252 3263 1292; x_wconf 82' lang='lat' dir='ltr'><strong>revera</strong></span> <span class='ocrx_word' id='word_1_174' title='bbox 3302 1249 3482 1294; x_wconf 85' lang='lat' dir='ltr'><strong>autem</strong></span> <span class='ocrx_word' id='word_1_175' title='bbox 3519 1258 3740 1312; x_wconf 86' lang='lat' dir='ltr'><strong>magus,</strong></span> 
     </span>
    </p>
   </div>
   <div class='ocr_carea' id='block_1_26' title="bbox 2167 1321 3747 1400">
    <p class='ocr_par' dir='ltr' id='par_1_26' title="bbox 2167 1321 3747 1400">
     <span class='ocr_line' id='line_1_26' title="bbox 2167 1321 3747 1400; baseline 0.007 -24"><span class='ocrx_word' id='word_1_176' title='bbox 2167 1322 2342 1390; x_wconf 87' lang='lat' dir='ltr'><strong>ctqui</strong></span> <span class='ocrx_word' id='word_1_177' title='bbox 2419 1321 2604 1377; x_wconf 89' lang='lat' dir='ltr'><strong>futura</strong></span> <span class='ocrx_word' id='word_1_178' title='bbox 2672 1340 2731 1378; x_wconf 90' lang='lat' dir='ltr'><strong>se</strong></span> <span class='ocrx_word' id='word_1_179' title='bbox 2797 1327 3091 1393; x_wconf 79' lang='lat' dir='ltr'><strong>praedicere</strong></span> <span class='ocrx_word' id='word_1_180' title='bbox 3166 1345 3330 1397; x_wconf 85' lang='lat' dir='ltr'><strong>posse</strong></span> <span class='ocrx_word' id='word_1_181' title='bbox 3394 1332 3747 1400; x_wconf 78' lang='lat' dir='ltr'><strong>gloriaretur.</strong></span> 
     </span>
    </p>
   </div>
   <div class='ocr_carea' id='block_1_27' title="bbox 2165 1413 3742 1490">
    <p class='ocr_par' dir='ltr' id='par_1_27' title="bbox 2165 1413 3742 1490">
     <span class='ocr_line' id='line_1_27' title="bbox 2165 1413 3742 1490; baseline 0.01 -27"><span class='ocrx_word' id='word_1_182' title='bbox 2165 1413 2328 1484; x_wconf 62' lang='lat'><strong>945</strong></span> <span class='ocrx_word' id='word_1_183' title='bbox 2388 1414 2543 1479; x_wconf 87' lang='lat' dir='ltr'><strong>Quod</strong></span> <span class='ocrx_word' id='word_1_184' title='bbox 2602 1432 2734 1470; x_wconf 88' lang='lat' dir='ltr'><strong>vero</strong></span> <span class='ocrx_word' id='word_1_185' title='bbox 2794 1417 3150 1483; x_wconf 83' lang='lat' dir='ltr'><strong>Antiocheni,</strong></span> <span class='ocrx_word' id='word_1_186' title='bbox 3210 1436 3240 1474; x_wconf 86' lang='lat' dir='ltr'><strong>a</strong></span> <span class='ocrx_word' id='word_1_187' title='bbox 3294 1426 3742 1490; x_wconf 63' lang='lat' dir='ltr'><strong>praestantissima</strong></span> 
     </span>
    </p>
   </div>
   <div class='ocr_carea' id='block_1_28' title="bbox 2169 1505 3742 1582">
    <p class='ocr_par' dir='ltr' id='par_1_28' title="bbox 2169 1505 3742 1582">
     <span class='ocr_line' id='line_1_28' title="bbox 2169 1505 3742 1582; baseline 0.009 -25"><span class='ocrx_word' id='word_1_188' title='bbox 2169 1505 2422 1576; x_wconf 79' lang='lat' dir='ltr'><strong>synuride</strong></span> <span class='ocrx_word' id='word_1_189' title='bbox 2451 1505 2610 1561; x_wconf 84' lang='lat' dir='ltr'><strong>Petro</strong></span> <span class='ocrx_word' id='word_1_190' title='bbox 2641 1516 2693 1562; x_wconf 85' lang='lat' dir='ltr'><strong>et</strong></span> <span class='ocrx_word' id='word_1_191' title='bbox 2722 1507 2890 1563; x_wconf 79' lang='lat' dir='ltr'><strong>Paulo</strong></span> <span class='ocrx_word' id='word_1_192' title='bbox 2913 1510 3115 1565; x_wconf 85' lang='lat' dir='ltr'><strong>divinis</strong></span> <span class='ocrx_word' id='word_1_193' title='bbox 3144 1512 3492 1582; x_wconf 78' lang='lat' dir='ltr'><strong>dogmatibus</strong></span> <span class='ocrx_word' id='word_1_194' title='bbox 3522 1517 3742 1582; x_wconf 78' lang='lat' dir='ltr'><strong>imbuti,</strong></span> 
     </span>
    </p>
   </div>
   <div class='ocr_carea' id='block_1_29' title="bbox 2169 1600 3750 1670">
    <p class='ocr_par' dir='ltr' id='par_1_29' title="bbox 2169 1600 3750 1670">
     <span class='ocr_line' id='line_1_29' title="bbox 2169 1600 3750 1670; baseline 0.007 -18"><span class='ocrx_word' id='word_1_195' title='bbox 2169 1600 2664 1670; x_wconf 89' lang='lat' dir='ltr'><strong>universorumque</strong></span> <span class='ocrx_word' id='word_1_196' title='bbox 2717 1602 3007 1658; x_wconf 89' lang='lat' dir='ltr'><strong>Dominum</strong></span> <span class='ocrx_word' id='word_1_197' title='bbox 3047 1621 3110 1659; x_wconf 91' lang='lat' dir='ltr'><strong>ac</strong></span> <span class='ocrx_word' id='word_1_198' title='bbox 3149 1605 3496 1662; x_wconf 86' lang='lat' dir='ltr'><strong>Servatorcm</strong></span> <span class='ocrx_word' id='word_1_199' title='bbox 3543 1609 3750 1664; x_wconf 82' lang='lat' dir='ltr'><strong>fervide</strong></span> 
     </span>
    </p>
   </div>
   <div class='ocr_carea' id='block_1_30' title="bbox 2168 1695 3747 1768">
    <p class='ocr_par' dir='ltr' id='par_1_30' title="bbox 2168 1695 3747 1768">
     <span class='ocr_line' id='line_1_30' title="bbox 2168 1695 3747 1768; baseline 0.006 -24"><span class='ocrx_word' id='word_1_200' title='bbox 2168 1699 2417 1747; x_wconf 81' lang='lat' dir='ltr'><strong>amantes</strong></span> <span class='ocrx_word' id='word_1_201' title='bbox 2444 1732 2458 1756; x_wconf 89' lang='lat'><strong>,</strong></span> <span class='ocrx_word' id='word_1_202' title='bbox 2518 1695 2900 1750; x_wconf 83' lang='lat' dir='ltr'><strong>detestandum</strong></span> <span class='ocrx_word' id='word_1_203' title='bbox 2935 1695 3216 1751; x_wconf 82' lang='lat' dir='ltr'><strong>Julianum</strong></span> <span class='ocrx_word' id='word_1_204' title='bbox 3246 1701 3372 1753; x_wconf 83' lang='lat' dir='ltr'><strong>odio</strong></span> <span class='ocrx_word' id='word_1_205' title='bbox 3398 1715 3614 1768; x_wconf 85' lang='lat' dir='ltr'><strong>semper</strong></span> <span class='ocrx_word' id='word_1_206' title='bbox 3653 1701 3747 1754; x_wconf 83' lang='lat' dir='ltr'><strong>ba-</strong></span> 
     </span>
    </p>
   </div>
   <div class='ocr_carea' id='block_1_31' title="bbox 495 1774 2064 1862">
    <p class='ocr_par' dir='ltr' id='par_1_31' title="bbox 495 1774 2064 1844">
     <span class='ocr_line' id='line_1_31' title="bbox 495 1774 2064 1844; baseline -0.001 -15"><span class='ocrx_word' id='word_1_207' title='bbox 495 1775 586 1829; x_wconf 71' lang='lat' dir='ltr'><strong>xal.</strong></span> <span class='ocrx_word' id='word_1_208' title='bbox 615 1775 774 1839; x_wconf 74' lang='grc' dir='ltr'>αὐτὸς</span> <span class='ocrx_word' id='word_1_209' title='bbox 808 1777 1012 1838; x_wconf 84' lang='grc' dir='ltr'>ἐκεῖνος</span> <span class='ocrx_word' id='word_1_210' title='bbox 1042 1774 1146 1844; x_wconf 81' lang='grc' dir='ltr'>ἔφη</span> <span class='ocrx_word' id='word_1_211' title='bbox 1171 1775 1214 1807; x_wconf 76' lang='grc'><strong>³⁸</strong></span> <span class='ocrx_word' id='word_1_212' title='bbox 1245 1775 1450 1843; x_wconf 72' lang='grc' dir='ltr'>σαφῶς.</span> <span class='ocrx_word' id='word_1_213' title='bbox 1500 1775 1598 1828; x_wconf 80' lang='grc' dir='ltr'><strong>Διά</strong></span> <span class='ocrx_word' id='word_1_214' title='bbox 1634 1793 1713 1828; x_wconf 90' lang='grc' dir='ltr'><strong>τοι</strong></span> <span class='ocrx_word' id='word_1_215' title='bbox 1753 1775 1928 1842; x_wconf 78' lang='grc' dir='ltr'>τοῦτο,</span> <span class='ocrx_word' id='word_1_216' title='bbox 1973 1778 2064 1830; x_wconf 70' lang='grc' dir='ltr'>καὶ</span> 
     </span>
    </p>
   </div>
   <div class='ocr_carea' id='block_1_32' title="bbox 2167 1774 3746 1862">
    <p class='ocr_par' dir='ltr' id='par_1_32' title="bbox 2169 1782 3746 1862">
     <span class='ocr_line' id='line_1_32' title="bbox 2169 1782 3746 1862; baseline 0.008 -27"><span class='ocrx_word' id='word_1_217' title='bbox 2169 1782 2418 1849; x_wconf 89' lang='lat' dir='ltr'><strong>buerint,</strong></span> <span class='ocrx_word' id='word_1_218' title='bbox 2475 1784 2616 1839; x_wconf 90' lang='lat' dir='ltr'><strong>idem</strong></span> <span class='ocrx_word' id='word_1_219' title='bbox 2659 1787 2776 1856; x_wconf 91' lang='lat' dir='ltr'><strong>ipse</strong></span> <span class='ocrx_word' id='word_1_220' title='bbox 2815 1798 2999 1857; x_wconf 88' lang='lat' dir='ltr'><strong>aperte</strong></span> <span class='ocrx_word' id='word_1_221' title='bbox 3035 1790 3220 1844; x_wconf 86' lang='lat' dir='ltr'><strong>docuit</strong></span> <span class='ocrx_word' id='word_1_222' title='bbox 3272 1793 3576 1845; x_wconf 90' lang='lat' dir='ltr'><strong>orationem</strong></span> <span class='ocrx_word' id='word_1_223' title='bbox 3615 1807 3746 1862; x_wconf 88' lang='lat' dir='ltr'><strong>pro-</strong></span> 
     </span>
    </p>
   </div>
   <div class='ocr_carea' id='block_1_33' title="bbox 492 1852 2064 1952">
    <p class='ocr_par' dir='ltr' id='par_1_33' title="bbox 492 1865 2064 1940">
     <span class='ocr_line' id='line_1_33' title="bbox 492 1865 2064 1940; baseline 0.003 -22"><span class='ocrx_word' id='word_1_224' title='bbox 492 1865 648 1936; x_wconf 91' lang='grc' dir='ltr'>λόγον</span> <span class='ocrx_word' id='word_1_225' title='bbox 699 1867 1004 1940; x_wconf 68' lang='grc' dir='ltr'>συνέγραψε</span> <span class='ocrx_word' id='word_1_226' title='bbox 1053 1867 1172 1920; x_wconf 86' lang='grc' dir='ltr'>κατ’</span> <span class='ocrx_word' id='word_1_227' title='bbox 1220 1867 1417 1932; x_wconf 80' lang='grc' dir='ltr'>αὐτῶν,</span> <span class='ocrx_word' id='word_1_228' title='bbox 1471 1867 1563 1920; x_wconf 78' lang='grc' dir='ltr'><strong>καὶ</strong></span> <span class='ocrx_word' id='word_1_229' title='bbox 1591 1868 1998 1938; x_wconf 70' lang='grc' dir='ltr'>Μισοπώγωνα</span> <span class='ocrx_word' id='word_1_230' title='bbox 2022 1869 2064 1908; x_wconf 84' lang='grc'><strong>³⁷</strong></span> 
     </span>
    </p>
   </div>
   <div class='ocr_carea' id='block_1_34' title="bbox 2167 1852 3748 1952">
    <p class='ocr_par' dir='ltr' id='par_1_34' title="bbox 2168 1876 3748 1952">
     <span class='ocr_line' id='line_1_34' title="bbox 2168 1876 3748 1952; baseline 0.008 -26"><span class='ocrx_word' id='word_1_231' title='bbox 2168 1881 2351 1942; x_wconf 86' lang='lat' dir='ltr'><strong>pterea</strong></span> <span class='ocrx_word' id='word_1_232' title='bbox 2379 1876 2433 1929; x_wconf 92' lang='lat' dir='ltr'><strong>in</strong></span> <span class='ocrx_word' id='word_1_233' title='bbox 2452 1891 2546 1931; x_wconf 91' lang='lat' dir='ltr'><strong>eos</strong></span> <span class='ocrx_word' id='word_1_234' title='bbox 2575 1880 2826 1934; x_wconf 90' lang='lat' dir='ltr'><strong>scribens</strong></span> <span class='ocrx_word' id='word_1_235' title='bbox 2853 1921 2866 1945; x_wconf 93' lang='lat'><strong>,</strong></span> <span class='ocrx_word' id='word_1_236' title='bbox 2902 1896 3066 1951; x_wconf 87' lang='lat' dir='ltr'><strong>quam</strong></span> <span class='ocrx_word' id='word_1_237' title='bbox 3098 1880 3500 1952; x_wconf 73' lang='lat' dir='ltr'><strong>Misopogonem</strong></span> <span class='ocrx_word' id='word_1_238' title='bbox 3529 1899 3748 1938; x_wconf 88' lang='lat' dir='ltr'><strong>nuncu-</strong></span> 
     </span>
    </p>
   </div>
   <div class='ocr_carea' id='block_1_35' title="bbox 491 1957 2066 2031">
    <p class='ocr_par' dir='ltr' id='par_1_35' title="bbox 491 1957 2066 2031">
     <span class='ocr_line' id='line_1_35' title="bbox 491 1957 2066 2031; baseline 0 -19"><span class='ocrx_word' id='word_1_239' title='bbox 491 1957 679 2012; x_wconf 79' lang='grc' dir='ltr'>τοῦτον</span> <span class='ocrx_word' id='word_1_240' title='bbox 707 1958 1012 2028; x_wconf 82' lang='grc' dir='ltr'>ὠνόμασεν,</span> <span class='ocrx_word' id='word_1_241' title='bbox 1056 1958 1197 2026; x_wconf 84' lang='grc' dir='ltr'><strong>Ἐγὼ</strong></span> <span class='ocrx_word' id='word_1_242' title='bbox 1223 1959 1279 2011; x_wconf 82' lang='grc' dir='ltr'>δὲ</span> <span class='ocrx_word' id='word_1_243' title='bbox 1321 1959 1419 2029; x_wconf 75' lang='grc' dir='ltr'><strong>τὴν</strong></span> <span class='ocrx_word' id='word_1_244' title='bbox 1470 1959 1564 2011; x_wconf 73' lang='grc' dir='ltr'>ἐπὶ</span> <span class='ocrx_word' id='word_1_245' title='bbox 1609 1961 1674 2030; x_wconf 83' lang='grc' dir='ltr'>τῇ</span> <span class='ocrx_word' id='word_1_246' title='bbox 1705 1959 1926 2031; x_wconf 84' lang='grc' dir='ltr'>τελευτῇ</span> <span class='ocrx_word' id='word_1_247' title='bbox 1973 1959 2066 2014; x_wconf 81' lang='grc' dir='ltr'>τοῦ</span> 
     </span>
    </p>
   </div>
   <div class='ocr_carea' id='block_1_36' title="bbox 491 2048 2065 2121">
    <p class='ocr_par' dir='ltr' id='par_1_36' title="bbox 491 2048 2065 2121">
     <span class='ocr_line' id='line_1_36' title="bbox 491 2048 2065 2121; baseline 0.003 -21"><span class='ocrx_word' id='word_1_248' title='bbox 491 2048 755 2119; x_wconf 70' lang='grc' dir='ltr'>τυράννου</span> <span class='ocrx_word' id='word_1_249' title='bbox 806 2050 1022 2118; x_wconf 82' lang='grc' dir='ltr'>χορείαν</span> <span class='ocrx_word' id='word_1_250' title='bbox 1055 2049 1205 2112; x_wconf 87' lang='grc' dir='ltr'>τέλος</span> <span class='ocrx_word' id='word_1_251' title='bbox 1245 2048 1490 2120; x_wconf 75' lang='grc' dir='ltr'>ἐπιθήσω</span> <span class='ocrx_word' id='word_1_252' title='bbox 1537 2051 1602 2118; x_wconf 83' lang='grc' dir='ltr'><strong>τῇ</strong></span> <span class='ocrx_word' id='word_1_253' title='bbox 1641 2053 1951 2121; x_wconf 80' lang='grc' dir='ltr'>συγγραφῇ.</span> <span class='ocrx_word' id='word_1_254' title='bbox 1990 2053 2065 2106; x_wconf 85' lang='grc' dir='ltr'>Οὐ</span> 
     </span>
    </p>
   </div>
   <div class='ocr_carea' id='block_1_37' title="bbox 494 2138 2065 2214">
    <p class='ocr_par' dir='ltr' id='par_1_37' title="bbox 494 2138 2065 2214">
     <span class='ocr_line' id='line_1_37' title="bbox 494 2138 2065 2214; baseline 0.003 -22"><span class='ocrx_word' id='word_1_255' title='bbox 494 2138 601 2211; x_wconf 78' lang='grc' dir='ltr'><strong>γὰρ</strong></span> <span class='ocrx_word' id='word_1_256' title='bbox 629 2141 774 2193; x_wconf 81' lang='grc' dir='ltr'>ὅσιον</span> <span class='ocrx_word' id='word_1_257' title='bbox 823 2140 1112 2206; x_wconf 76' lang='grc' dir='ltr'>ὑπέλαϐον,</span> <span class='ocrx_word' id='word_1_258' title='bbox 1155 2141 1368 2193; x_wconf 75' lang='grc' dir='ltr'>εὐσεϐεῖ</span> <span class='ocrx_word' id='word_1_259' title='bbox 1417 2139 1644 2210; x_wconf 68' lang='grc' dir='ltr'>συνάψαι</span> <span class='ocrx_word' id='word_1_260' title='bbox 1693 2140 1938 2213; x_wconf 75' lang='grc' dir='ltr'>βασιλεία</span> <span class='ocrx_word' id='word_1_261' title='bbox 1969 2142 2065 2214; x_wconf 79' lang='grc' dir='ltr'><strong>τὴν</strong></span> 
     </span>
    </p>
   </div>
   <div class='ocr_carea' id='block_1_38' title="bbox 493 2231 1087 2305">
    <p class='ocr_par' dir='ltr' id='par_1_38' title="bbox 493 2231 1087 2305">
     <span class='ocr_line' id='line_1_38' title="bbox 493 2231 1087 2305; baseline 0.003 -20"><span class='ocrx_word' id='word_1_262' title='bbox 493 2231 726 2305; x_wconf 80' lang='grc' dir='ltr'>δυσσεϐῆ</span> <span class='ocrx_word' id='word_1_263' title='bbox 750 2232 1087 2287; x_wconf 84' lang='grc' dir='ltr'>δυναστείαν.</span> 
     </span>
    </p>
   </div>
   <div class='ocr_carea' id='block_1_39' title="bbox 2169 1966 3748 2047">
    <p class='ocr_par' dir='ltr' id='par_1_39' title="bbox 2169 1966 3748 2047">
     <span class='ocr_line' id='line_1_39' title="bbox 2169 1966 3748 2047; baseline 0.009 -31"><span class='ocrx_word' id='word_1_264' title='bbox 2169 1966 2333 2033; x_wconf 85' lang='lat' dir='ltr'><strong>pavit.</strong></span> <span class='ocrx_word' id='word_1_265' title='bbox 2370 1966 2480 2038; x_wconf 83' lang='lat' dir='ltr'><strong>Ego</strong></span> <span class='ocrx_word' id='word_1_266' title='bbox 2509 1984 2639 2024; x_wconf 90' lang='lat' dir='ltr'><strong>vero</strong></span> <span class='ocrx_word' id='word_1_267' title='bbox 2668 1970 2721 2024; x_wconf 87' lang='lat' dir='ltr'><strong>in</strong></span> <span class='ocrx_word' id='word_1_268' title='bbox 2773 1972 2876 2026; x_wconf 94' lang='lat' dir='ltr'><strong>boc</strong></span> <span class='ocrx_word' id='word_1_269' title='bbox 2929 1988 2996 2027; x_wconf 81' lang='lat' dir='ltr'><strong>ex</strong></span> <span class='ocrx_word' id='word_1_270' title='bbox 3038 1976 3263 2045; x_wconf 85' lang='lat' dir='ltr'><strong>tyranni</strong></span> <span class='ocrx_word' id='word_1_271' title='bbox 3298 1985 3474 2031; x_wconf 88' lang='lat' dir='ltr'><strong>morte</strong></span> <span class='ocrx_word' id='word_1_272' title='bbox 3507 1978 3748 2047; x_wconf 88' lang='lat' dir='ltr'><strong>tripudio</strong></span> 
     </span>
    </p>
   </div>
   <div class='ocr_carea' id='block_1_40' title="bbox 2168 2057 3747 2138">
    <p class='ocr_par' dir='ltr' id='par_1_40' title="bbox 2168 2057 3747 2138">
     <span class='ocr_line' id='line_1_40' title="bbox 2168 2057 3747 2138; baseline 0.009 -30"><span class='ocrx_word' id='word_1_273' title='bbox 2168 2057 2368 2112; x_wconf 86' lang='lat' dir='ltr'><strong>librum</strong></span> <span class='ocrx_word' id='word_1_274' title='bbox 2407 2061 2756 2116; x_wconf 84' lang='lat' dir='ltr'><strong>concludam.</strong></span> <span class='ocrx_word' id='word_1_275' title='bbox 2799 2062 2910 2120; x_wconf 85' lang='lat' dir='ltr'><strong>Nec</strong></span> <span class='ocrx_word' id='word_1_276' title='bbox 2940 2067 3087 2121; x_wconf 90' lang='lat' dir='ltr'><strong>enim</strong></span> <span class='ocrx_word' id='word_1_277' title='bbox 3134 2067 3216 2123; x_wconf 91' lang='lat' dir='ltr'><strong>fas</strong></span> <span class='ocrx_word' id='word_1_278' title='bbox 3251 2084 3373 2124; x_wconf 88' lang='lat' dir='ltr'><strong>esse</strong></span> <span class='ocrx_word' id='word_1_279' title='bbox 3407 2070 3592 2138; x_wconf 84' lang='lat' dir='ltr'><strong>putavi</strong></span> <span class='ocrx_word' id='word_1_280' title='bbox 3617 2109 3632 2131; x_wconf 87' lang='lat'><strong>,</strong></span> <span class='ocrx_word' id='word_1_281' title='bbox 3689 2077 3747 2124; x_wconf 88' lang='lat' dir='ltr'><strong>ut</strong></span> 
     </span>
    </p>
   </div>
   <div class='ocr_carea' id='block_1_41' title="bbox 2166 2151 3747 2227">
    <p class='ocr_par' dir='ltr' id='par_1_41' title="bbox 2166 2151 3747 2227">
     <span class='ocr_line' id='line_1_41' title="bbox 2166 2151 3747 2227; baseline 0.01 -25"><span class='ocrx_word' id='word_1_282' title='bbox 2166 2164 2288 2203; x_wconf 91' lang='lat' dir='ltr'><strong>cum</strong></span> <span class='ocrx_word' id='word_1_283' title='bbox 2325 2151 2414 2220; x_wconf 88' lang='lat' dir='ltr'><strong>pio</strong></span> <span class='ocrx_word' id='word_1_284' title='bbox 2467 2152 2698 2224; x_wconf 86' lang='lat' dir='ltr'><strong>imperio</strong></span> <span class='ocrx_word' id='word_1_285' title='bbox 2767 2156 2988 2227; x_wconf 89' lang='lat' dir='ltr'><strong>impiam</strong></span> <span class='ocrx_word' id='word_1_286' title='bbox 3047 2157 3475 2216; x_wconf 86' lang='lat' dir='ltr'><strong>dominationem</strong></span> <span class='ocrx_word' id='word_1_287' title='bbox 3543 2177 3747 2218; x_wconf 84' lang='lat' dir='ltr'><strong>conne-</strong></span> 
     </span>
    </p>
   </div>
   <div class='ocr_carea' id='block_1_42' title="bbox 2169 2247 2396 2297">
    <p class='ocr_par' dir='ltr' id='par_1_42' title="bbox 2169 2247 2396 2297">
     <span class='ocr_line' id='line_1_42' title="bbox 2169 2247 2396 2297; baseline 0.013 -3"><span class='ocrx_word' id='word_1_288' title='bbox 2169 2247 2396 2297; x_wconf 88' lang='lat' dir='ltr'><strong>ctcrem.</strong></span> 
     </span>
    </p>
   </div>
   <div class='ocr_carea' id='block_1_43' title="bbox 1809 2407 2482 2474">
    <p class='ocr_par' dir='ltr' id='par_1_43' title="bbox 1809 2407 2482 2474">
     <span class='ocr_line' id='line_1_43' title="bbox 1809 2407 2482 2474; baseline 0.018 -12"><span class='ocrx_word' id='word_1_289' title='bbox 1809 2407 2042 2466; x_wconf 65' lang='lat' dir='ltr'><strong>VARIAE</strong></span> <span class='ocrx_word' id='word_1_290' title='bbox 2075 2413 2482 2474; x_wconf 75' lang='lat' dir='ltr'><strong>LECTIONES.</strong></span> 
     </span>
    </p>
   </div>
   <div class='ocr_carea' id='block_1_44' title="bbox 545 2544 3746 2638">
    <p class='ocr_par' dir='ltr' id='par_1_44' title="bbox 545 2544 3746 2638">
     <span class='ocr_line' id='line_1_44' title="bbox 545 2544 3746 2638; baseline 0.009 -42"><span class='ocrx_word' id='word_1_291' title='bbox 545 2544 1659 2638; x_wconf 34' lang='grc' dir='ltr'><strong>ξῖ*Διτόἐν,ρξἰντξέοχξιωνΔ</strong></span> <span class='ocrx_word' id='word_1_292' title='bbox 1701 2545 1906 2638; x_wconf 15' lang='grc' dir='ltr'><strong>(Ἦηίὼςλι</strong></span> <span class='ocrx_word' id='word_1_293' title='bbox 1938 2551 2142 2638; x_wconf 67' lang='lat' dir='ltr'><strong>omittit</strong></span> <span class='ocrx_word' id='word_1_294' title='bbox 2191 2555 2480 2638; x_wconf 50' lang='lat' dir='ltr'><strong>articulum</strong></span> <span class='ocrx_word' id='word_1_295' title='bbox 2529 2568 2664 2638; x_wconf 68' lang='lat' dir='ltr'><strong>ante</strong></span> <span class='ocrx_word' id='word_1_296' title='bbox 2693 2562 2900 2638; x_wconf 73' lang='grc' dir='ltr'>ἀξιαγ.)</span> <span class='ocrx_word' id='word_1_297' title='bbox 2951 2572 3023 2638; x_wconf 87' lang='lat' dir='ltr'><strong>ct_</strong></span> <span class='ocrx_word' id='word_1_298' title='bbox 3047 2565 3247 2638; x_wconf 68' lang='lat' dir='ltr'><strong>Steph.</strong></span> <span class='ocrx_word' id='word_1_299' title='bbox 3282 2567 3332 2620; x_wconf 79' lang='lat' dir='ltr'><strong>l.</strong></span> <span class='ocrx_word' id='word_1_300' title='bbox 3383 2568 3543 2638; x_wconf 76' lang='grc' dir='ltr'>Θὴσω</span> <span class='ocrx_word' id='word_1_301' title='bbox 3585 2567 3746 2624; x_wconf 85' lang='lat' dir='ltr'><strong>habet</strong></span> 
     </span>
    </p>
   </div>
   <div class='ocr_carea' id='block_1_45' title="bbox 497 2613 2109 2685">
    <p class='ocr_par' dir='ltr' id='par_1_45' title="bbox 497 2613 2109 2685">
     <span class='ocr_line' id='line_1_45' title="bbox 497 2613 2109 2685; baseline 0.001 -13"><span class='ocrx_word' id='word_1_302' title='bbox 497 2617 655 2672; x_wconf 87' lang='lat' dir='ltr'><strong>etiam</strong></span> <span class='ocrx_word' id='word_1_303' title='bbox 693 2613 882 2684; x_wconf 83' lang='lat' dir='ltr'><strong>Steph.</strong></span> <span class='ocrx_word' id='word_1_304' title='bbox 917 2613 1079 2685; x_wconf 48' lang='lat'><strong>2.“:</strong></span> <span class='ocrx_word' id='word_1_305' title='bbox 1113 2613 1228 2668; x_wconf 76' lang='grc' dir='ltr'>κατ⁴</span> <span class='ocrx_word' id='word_1_306' title='bbox 1254 2618 1426 2668; x_wconf 83' lang='grc' dir='ltr'>ἐκεῖνο</span> <span class='ocrx_word' id='word_1_307' title='bbox 1459 2615 1670 2685; x_wconf 79' lang='grc' dir='ltr'>καιροῦ.</span> <span class='ocrx_word' id='word_1_308' title='bbox 1710 2613 1897 2672; x_wconf 73' lang='lat' dir='ltr'><strong>iidem</strong></span> <span class='ocrx_word' id='word_1_309' title='bbox 1947 2621 2109 2674; x_wconf 82' lang='lat' dir='ltr'><strong>codd.</strong></span> 
     </span>
    </p>
   </div>
   <div class='ocr_carea' id='block_1_46' title="bbox 2215 2625 3747 2703">
    <p class='ocr_par' dir='ltr' id='par_1_46' title="bbox 2215 2625 3747 2703">
     <span class='ocr_line' id='line_1_46' title="bbox 2215 2625 3747 2703; baseline 0.01 -27"><span class='ocrx_word' id='word_1_310' title='bbox 2215 2625 2259 2703; x_wconf 50' lang='lat' dir='ltr'><strong>f5</strong></span> <span class='ocrx_word' id='word_1_311' title='bbox 2283 2625 2376 2703; x_wconf 37' lang='grc' dir='ltr'>τίς</span> <span class='ocrx_word' id='word_1_312' title='bbox 2415 2627 2584 2703; x_wconf 18' lang='grc' dir='ltr'>ἐᾼξαγλ</span> <span class='ocrx_word' id='word_1_313' title='bbox 2629 2625 2930 2703; x_wconf 81' lang='grc' dir='ltr'>Ἰουλιανόν.</span> <span class='ocrx_word' id='word_1_314' title='bbox 2993 2625 3182 2690; x_wconf 86' lang='lat' dir='ltr'><strong>Savilii</strong></span> <span class='ocrx_word' id='word_1_315' title='bbox 3239 2637 3396 2694; x_wconf 88' lang='lat' dir='ltr'><strong>liber.</strong></span> <span class='ocrx_word' id='word_1_316' title='bbox 3448 2625 3550 2690; x_wconf 66' lang='grc' dir='ltr'><strong>Τὸν</strong></span> <span class='ocrx_word' id='word_1_317' title='bbox 3600 2638 3747 2703; x_wconf 78' lang='grc' dir='ltr'>ἀξιον</span> 
     </span>
    </p>
   </div>
   <div class='ocr_carea' id='block_1_47' title="bbox 496 2683 3744 2776">
    <p class='ocr_par' dir='ltr' id='par_1_47' title="bbox 496 2683 3744 2776">
     <span class='ocr_line' id='line_1_47' title="bbox 496 2683 3744 2776; baseline 0.008 -39"><span class='ocrx_word' id='word_1_318' title='bbox 496 2683 1224 2776; x_wconf 32' lang='grc' dir='ltr'>λῃθὲς-ΑῚουλιανόνμιξιιείί.</span> <span class='ocrx_word' id='word_1_319' title='bbox 1286 2685 1466 2776; x_wconf 32' lang='grc' dir='ltr'>(ἐςζῄεὲ</span> <span class='ocrx_word' id='word_1_320' title='bbox 1521 2683 1710 2756; x_wconf 80' lang='lat' dir='ltr'><strong>Steph.</strong></span> <span class='ocrx_word' id='word_1_321' title='bbox 1789 2687 1833 2717; x_wconf 78' lang='grc'>³⁸</span> <span class='ocrx_word' id='word_1_322' title='bbox 1872 2689 2002 2743; x_wconf 80' lang='grc' dir='ltr'>εῖδει</span> <span class='ocrx_word' id='word_1_323' title='bbox 2034 2691 2248 2761; x_wconf 76' lang='grc' dir='ltr'>(ᾔδει).</span> <span class='ocrx_word' id='word_1_324' title='bbox 2326 2683 2492 2752; x_wconf 72' lang='lat' dir='ltr'><strong>Basii.</strong></span> <span class='ocrx_word' id='word_1_325' title='bbox 2525 2683 2640 2755; x_wconf 71' lang='grc' dir='ltr'><strong>ἀπ’.</strong></span> <span class='ocrx_word' id='word_1_326' title='bbox 2682 2683 2929 2758; x_wconf 19' lang='lat' dir='ltr'><strong>ethin—i&#39;</strong></span> <span class='ocrx_word' id='word_1_327' title='bbox 2947 2683 3744 2776; x_wconf 58' lang='lat' dir='ltr'><strong>c6i1&quot;e&#39;£;&quot;pib&#39;iféxiie&quot;vatBEiBL</strong></span> 
     </span>
    </p>
   </div>
   <div class='ocr_carea' id='block_1_48' title="bbox 495 2752 1487 2826">
    <p class='ocr_par' dir='ltr' id='par_1_48' title="bbox 495 2752 1487 2826">
     <span class='ocr_line' id='line_1_48' title="bbox 495 2752 1487 2826; baseline 0.001 -18"><span class='ocrx_word' id='word_1_328' title='bbox 495 2752 956 2824; x_wconf 78' lang='grc' dir='ltr'>³⁷’Μισοπὼγονας</span> <span class='ocrx_word' id='word_1_329' title='bbox 1002 2754 1245 2820; x_wconf 85' lang='grc' dir='ltr'>τούτους.</span> <span class='ocrx_word' id='word_1_330' title='bbox 1297 2754 1487 2826; x_wconf 89' lang='lat' dir='ltr'><strong>Steph.</strong></span> 
     </span>
    </p>
   </div>
   <div class='ocr_carea' id='block_1_49' title="bbox 497 2941 3713 2995">
    <p class='ocr_par' dir='ltr' id='par_1_49' title="bbox 497 2941 3713 2995">
     <span class='ocr_line' id='line_1_49' title="bbox 497 2941 3713 2995; baseline 0.011 -35"><span class='ocrx_word' id='word_1_331' title='bbox 497 2941 3713 2995; x_wconf 59' lang='lat' dir='ltr'><strong>mw</strong></span> <span class='ocrx_word' id='word_1_332' title='bbox 2009 2969 2689 2987; x_wconf 62' lang='lat'><strong>——___..______</strong></span> 
     </span>
    </p>
   </div>
   <div class='ocr_carea' id='block_1_50' title="bbox 1620 3116 2658 3210">
    <p class='ocr_par' dir='ltr' id='par_1_50' title="bbox 1620 3116 2658 3210">
     <span class='ocr_line' id='line_1_50' title="bbox 1620 3116 2658 3210; baseline 0 -7"><span class='ocrx_word' id='word_1_333' title='bbox 1620 3116 1982 3206; x_wconf 88' lang='grc' dir='ltr'><strong>ΛΟΓΟΣ</strong></span> <span class='ocrx_word' id='word_1_334' title='bbox 2066 3119 2658 3210; x_wconf 80' lang='grc' dir='ltr'><strong>ΤΕΤΑΡΤΟΣ.</strong></span> 
     </span>
    </p>
   </div>
   <div class='ocr_carea' id='block_1_51' title="bbox 2083 3318 2183 3337">
    <p class='ocr_par' dir='ltr' id='par_1_51' title="bbox 2083 3318 2183 3337">
     <span class='ocr_line' id='line_1_51' title="bbox 2083 3318 2183 3337; baseline 0 -3"><span class='ocrx_word' id='word_1_335' title='bbox 2083 3318 2152 3334; x_wconf 46' lang='grc' dir='ltr'>μ</span> <span class='ocrx_word' id='word_1_336' title='bbox 2175 3329 2183 3337; x_wconf 83' lang='grc'><em>,</em></span> 
     </span>
    </p>
   </div>
   <div class='ocr_carea' id='block_1_52' title="bbox 1603 3483 2676 3595">
    <p class='ocr_par' dir='ltr' id='par_1_52' title="bbox 1603 3483 2676 3595">
     <span class='ocr_line' id='line_1_52' title="bbox 1603 3483 2676 3595; baseline 0.014 -28"><span class='ocrx_word' id='word_1_337' title='bbox 1603 3483 1961 3574; x_wconf 80' lang='lat' dir='ltr'><strong>LIBER</strong></span> <span class='ocrx_word' id='word_1_338' title='bbox 2087 3487 2676 3595; x_wconf 79' lang='lat' dir='ltr'><strong>QUARTUS.</strong></span> 
     </span>
    </p>
   </div>
   <div class='ocr_carea' id='block_1_53' title="bbox 954 3829 1619 3904">
    <p class='ocr_par' dir='ltr' id='par_1_53' title="bbox 954 3829 1619 3904">
     <span class='ocr_line' id='line_1_53' title="bbox 954 3829 1619 3904; baseline 0.006 -20"><span class='ocrx_word' id='word_1_339' title='bbox 954 3829 1212 3904; x_wconf 71' lang='lat'><strong>149-151]</strong></span> <span class='ocrx_word' id='word_1_340' title='bbox 1254 3832 1504 3888; x_wconf 74' lang='grc' dir='ltr'><strong>ΚΕΦΑΛ.</strong></span> <span class='ocrx_word' id='word_1_341' title='bbox 1543 3833 1619 3888; x_wconf 72' lang='grc' dir='ltr'><strong>Αν.</strong></span> 
     </span>
    </p>
   </div>
   <div class='ocr_carea' id='block_1_54' title="bbox 563 3919 1990 3993">
    <p class='ocr_par' dir='ltr' id='par_1_54' title="bbox 563 3919 1990 3993">
     <span class='ocr_line' id='line_1_54' title="bbox 563 3919 1990 3993; baseline 0.001 -16"><span class='ocrx_word' id='word_1_342' title='bbox 563 3922 703 3992; x_wconf 77' lang='grc' dir='ltr'>Περὶ</span> <span class='ocrx_word' id='word_1_343' title='bbox 729 3919 832 3991; x_wconf 81' lang='grc' dir='ltr'>τῆς</span> <span class='ocrx_word' id='word_1_344' title='bbox 869 3922 1156 3977; x_wconf 80' lang='grc' dir='ltr'>Ἰοόιανοῦ</span> <span class='ocrx_word' id='word_1_345' title='bbox 1181 3923 1502 3990; x_wconf 77' lang='grc' dir='ltr'>βασιλείας</span> <span class='ocrx_word' id='word_1_346' title='bbox 1529 3925 1628 3978; x_wconf 79' lang='grc' dir='ltr'><strong>καὶ</strong></span> <span class='ocrx_word' id='word_1_347' title='bbox 1657 3926 1990 3993; x_wconf 79' lang='grc' dir='ltr'>εὐσεϐείας.</span> 
     </span>
    </p>
   </div>
   <div class='ocr_carea' id='block_1_55' title="bbox 563 4015 2065 4088">
    <p class='ocr_par' dir='ltr' id='par_1_55' title="bbox 563 4015 2065 4088">
     <span class='ocr_line' id='line_1_55' title="bbox 563 4015 2065 4088; baseline 0.001 -17"><span class='ocrx_word' id='word_1_348' title='bbox 563 4017 718 4071; x_wconf 82' lang='grc' dir='ltr'>Μετὰ</span> <span class='ocrx_word' id='word_1_349' title='bbox 741 4015 785 4048; x_wconf 85' lang='grc'>³⁸</span> <span class='ocrx_word' id='word_1_350' title='bbox 813 4016 910 4088; x_wconf 80' lang='grc' dir='ltr'>τὴν</span> <span class='ocrx_word' id='word_1_351' title='bbox 956 4015 1246 4069; x_wconf 84' lang='grc' dir='ltr'>Ἰουλιανοῦ</span> <span class='ocrx_word' id='word_1_352' title='bbox 1298 4015 1530 4087; x_wconf 79' lang='grc' dir='ltr'>σφαγὴν,</span> <span class='ocrx_word' id='word_1_353' title='bbox 1589 4016 1932 4082; x_wconf 86' lang='grc' dir='ltr'>συνελθόντες</span> <span class='ocrx_word' id='word_1_354' title='bbox 1968 4018 2065 4073; x_wconf 85' lang='grc' dir='ltr'><strong>σὺν</strong></span> 
     </span>
    </p>
   </div>
   <div class='ocr_carea' id='block_1_56' title="bbox 491 4105 2065 4181">
    <p class='ocr_par' dir='ltr' id='par_1_56' title="bbox 491 4105 2065 4181">
     <span class='ocr_line' id='line_1_56' title="bbox 491 4105 2065 4181; baseline 0.001 -19"><span class='ocrx_word' id='word_1_355' title='bbox 491 4111 603 4173; x_wconf 77' lang='grc' dir='ltr'>τοῖς</span> <span class='ocrx_word' id='word_1_356' title='bbox 650 4109 917 4179; x_wconf 81' lang='grc' dir='ltr'>ὑπάρχοις</span> <span class='ocrx_word' id='word_1_357' title='bbox 951 4107 1000 4160; x_wconf 76' lang='lat' dir='ltr'><strong>oi</strong></span> <span class='ocrx_word' id='word_1_358' title='bbox 1047 4107 1360 4179; x_wconf 80' lang='grc' dir='ltr'>στρατηγοὶ,</span> <span class='ocrx_word' id='word_1_359' title='bbox 1394 4105 1782 4160; x_wconf 88' lang='grc' dir='ltr'>ἐϐουλεύσαντο</span> <span class='ocrx_word' id='word_1_360' title='bbox 1809 4107 1930 4162; x_wconf 88' lang='grc' dir='ltr'>τίνα</span> <span class='ocrx_word' id='word_1_361' title='bbox 1960 4109 2065 4181; x_wconf 74' lang='grc' dir='ltr'>χρὴ</span> 
     </span>
    </p>
   </div>
   <div class='ocr_carea' id='block_1_57' title="bbox 494 4200 2066 4274">
    <p class='ocr_par' dir='ltr' id='par_1_57' title="bbox 494 4200 2066 4274">
     <span class='ocr_line' id='line_1_57' title="bbox 494 4200 2066 4274; baseline 0.001 -20"><span class='ocrx_word' id='word_1_362' title='bbox 494 4203 590 4272; x_wconf 84' lang='grc' dir='ltr'><strong>τὴν</strong></span> <span class='ocrx_word' id='word_1_363' title='bbox 638 4201 913 4272; x_wconf 87' lang='grc' dir='ltr'>βασιλείαν</span> <span class='ocrx_word' id='word_1_364' title='bbox 954 4201 1309 4273; x_wconf 80' lang='grc' dir='ltr'>παραλαϐεῖν,</span> <span class='ocrx_word' id='word_1_365' title='bbox 1342 4200 1437 4254; x_wconf 74' lang='grc' dir='ltr'>καὶ</span> <span class='ocrx_word' id='word_1_366' title='bbox 1479 4201 1576 4272; x_wconf 79' lang='grc' dir='ltr'>τήν</span> <span class='ocrx_word' id='word_1_367' title='bbox 1625 4218 1683 4254; x_wconf 85' lang='grc' dir='ltr'><strong>τε</strong></span> <span class='ocrx_word' id='word_1_368' title='bbox 1717 4203 1975 4274; x_wconf 80' lang='grc' dir='ltr'>στρατιὰν</span> <span class='ocrx_word' id='word_1_369' title='bbox 2006 4203 2066 4256; x_wconf 85' lang='grc' dir='ltr'><strong>ἐν</strong></span> 
     </span>
    </p>
   </div>
   <div class='ocr_carea' id='block_1_58' title="bbox 493 4290 2065 4366">
    <p class='ocr_par' dir='ltr' id='par_1_58' title="bbox 493 4290 2065 4366">
     <span class='ocr_line' id='line_1_58' title="bbox 493 4290 2065 4366; baseline 0.001 -22"><span class='ocrx_word' id='word_1_370' title='bbox 493 4295 560 4363; x_wconf 82' lang='grc' dir='ltr'>τῇ</span> <span class='ocrx_word' id='word_1_371' title='bbox 601 4293 835 4364; x_wconf 77' lang='grc' dir='ltr'>πολεμίᾳ</span> <span class='ocrx_word' id='word_1_372' title='bbox 865 4291 1149 4356; x_wconf 86' lang='grc' dir='ltr'>διασῶσαι,</span> <span class='ocrx_word' id='word_1_373' title='bbox 1182 4291 1252 4346; x_wconf 82' lang='grc' dir='ltr'>τά</span> <span class='ocrx_word' id='word_1_374' title='bbox 1291 4309 1350 4344; x_wconf 87' lang='grc' dir='ltr'><strong>τε</strong></span> <span class='ocrx_word' id='word_1_375' title='bbox 1403 4290 1691 4362; x_wconf 86' lang='grc' dir='ltr'>Ῥωμαίων</span> <span class='ocrx_word' id='word_1_376' title='bbox 1744 4293 2065 4366; x_wconf 77' lang='grc' dir='ltr'>ἀναρρῶσαι</span> 
     </span>
    </p>
   </div>
   <div class='ocr_carea' id='block_1_59' title="bbox 491 4383 2062 4457">
    <p class='ocr_par' dir='ltr' id='par_1_59' title="bbox 491 4383 2062 4457">
     <span class='ocr_line' id='line_1_59' title="bbox 491 4383 2062 4457; baseline 0.001 -21"><span class='ocrx_word' id='word_1_377' title='bbox 491 4386 789 4457; x_wconf 82' lang='grc' dir='ltr'>πράγματα</span> <span class='ocrx_word' id='word_1_378' title='bbox 844 4383 937 4438; x_wconf 72' lang='grc' dir='ltr'>ἐπὶ</span> <span class='ocrx_word' id='word_1_379' title='bbox 971 4383 1131 4455; x_wconf 82' lang='grc' dir='ltr'>ξυροῦ</span> <span class='ocrx_word' id='word_1_380' title='bbox 1168 4383 1353 4454; x_wconf 83' lang='grc' dir='ltr'>ἀκμῆς</span> <span class='ocrx_word' id='word_1_381' title='bbox 1382 4383 1528 4451; x_wconf 77' lang='grc' dir='ltr'>ὄντα,</span> <span class='ocrx_word' id='word_1_382' title='bbox 1574 4384 1634 4438; x_wconf 83' lang='grc' dir='ltr'><strong>τὸ</strong></span> <span class='ocrx_word' id='word_1_383' title='bbox 1658 4383 1721 4455; x_wconf 82' lang='grc' dir='ltr'><strong>δὴ</strong></span> <span class='ocrx_word' id='word_1_384' title='bbox 1750 4385 2062 4456; x_wconf 86' lang='grc' dir='ltr'>λεγόμενον,</span> 
     </span>
    </p>
   </div>
   <div class='ocr_carea' id='block_1_60' title="bbox 488 4475 2066 4548">
    <p class='ocr_par' dir='ltr' id='par_1_60' title="bbox 488 4475 2066 4548">
     <span class='ocr_line' id='line_1_60' title="bbox 488 4475 2066 4548; baseline -0.001 -17"><span class='ocrx_word' id='word_1_385' title='bbox 488 4476 576 4531; x_wconf 86' lang='grc' dir='ltr'>διὰ</span> <span class='ocrx_word' id='word_1_386' title='bbox 603 4477 702 4548; x_wconf 81' lang='grc' dir='ltr'><strong>τὴν</strong></span> <span class='ocrx_word' id='word_1_387' title='bbox 721 4476 813 4532; x_wconf 83' lang='grc' dir='ltr'><strong>τοῦ</strong></span> <span class='ocrx_word' id='word_1_388' title='bbox 836 4476 1223 4547; x_wconf 85' lang='grc' dir='ltr'>κατοιχομένου</span> <span class='ocrx_word' id='word_1_389' title='bbox 1245 4475 1583 4548; x_wconf 85' lang='grc' dir='ltr'>θρασύτητα.</span> <span class='ocrx_word' id='word_1_390' title='bbox 1613 4476 1830 4532; x_wconf 84' lang='grc' dir='ltr'>Τούτων</span> <span class='ocrx_word' id='word_1_391' title='bbox 1858 4477 1914 4530; x_wconf 82' lang='grc' dir='ltr'>δὲ</span> <span class='ocrx_word' id='word_1_392' title='bbox 1938 4478 2066 4548; x_wconf 59' lang='grc' dir='ltr'><strong>περὶ⁵</strong></span> 
     </span>
    </p>
   </div>
   <div class='ocr_carea' id='block_1_61' title="bbox 487 4567 2065 4640">
    <p class='ocr_par' dir='ltr' id='par_1_61' title="bbox 487 4567 2065 4640">
     <span class='ocr_line' id='line_1_61' title="bbox 487 4567 2065 4640; baseline 0 -18"><span class='ocrx_word' id='word_1_393' title='bbox 487 4569 692 4624; x_wconf 87' lang='grc' dir='ltr'>τούτων</span> <span class='ocrx_word' id='word_1_394' title='bbox 739 4569 1168 4640; x_wconf 83' lang='grc' dir='ltr'>βουλευομένων,</span> <span class='ocrx_word' id='word_1_395' title='bbox 1242 4571 1275 4639; x_wconf 87' lang='grc' dir='ltr'>ή</span> <span class='ocrx_word' id='word_1_396' title='bbox 1328 4567 1560 4639; x_wconf 77' lang='grc' dir='ltr'>στρατιὰ</span> <span class='ocrx_word' id='word_1_397' title='bbox 1614 4569 2065 4639; x_wconf 84' lang='grc' dir='ltr'>συναθροισθεῖσα</span> 
     </span>
    </p>
   </div>
   <div class='ocr_carea' id='block_1_62' title="bbox 487 4658 2066 4733">
    <p class='ocr_par' dir='ltr' id='par_1_62' title="bbox 487 4658 2066 4733">
     <span class='ocr_line' id='line_1_62' title="bbox 487 4658 2066 4733; baseline -0.002 -15"><span class='ocrx_word' id='word_1_398' title='bbox 487 4663 630 4730; x_wconf 76' lang='grc' dir='ltr'>κατὰ</span> <span class='ocrx_word' id='word_1_399' title='bbox 667 4664 881 4728; x_wconf 79' lang='grc' dir='ltr'>ταύτὸν,</span> <span class='ocrx_word' id='word_1_400' title='bbox 917 4661 1172 4716; x_wconf 82' lang='grc' dir='ltr'>Ἰοϐιανὸν</span> <span class='ocrx_word' id='word_1_401' title='bbox 1210 4660 1440 4731; x_wconf 80' lang='grc' dir='ltr'>ἐξῄτησε</span> <span class='ocrx_word' id='word_1_402' title='bbox 1469 4660 1714 4731; x_wconf 86' lang='grc' dir='ltr'>βασιλέα,</span> <span class='ocrx_word' id='word_1_403' title='bbox 1746 4658 1867 4714; x_wconf 79' lang='grc' dir='ltr'><strong>ούτέ</strong></span> <span class='ocrx_word' id='word_1_404' title='bbox 1902 4680 2066 4733; x_wconf 86' lang='grc' dir='ltr'>στρα-</span> 
     </span>
    </p>
   </div>
   <div class='ocr_carea' id='block_1_63' title="bbox 486 4753 2064 4826">
    <p class='ocr_par' dir='ltr' id='par_1_63' title="bbox 486 4753 2064 4826">
     <span class='ocr_line' id='line_1_63' title="bbox 486 4753 2064 4826; baseline -0.003 -15"><span class='ocrx_word' id='word_1_405' title='bbox 486 4756 655 4826; x_wconf 79' lang='grc' dir='ltr'>τηγὸν</span> <span class='ocrx_word' id='word_1_406' title='bbox 691 4757 840 4820; x_wconf 74' lang='grc' dir='ltr'>ὄντα,</span> <span class='ocrx_word' id='word_1_407' title='bbox 885 4754 1008 4808; x_wconf 74' lang='grc' dir='ltr'>οὔτε</span> <span class='ocrx_word' id='word_1_408' title='bbox 1047 4753 1154 4807; x_wconf 90' lang='grc' dir='ltr'><strong>τῶν</strong></span> <span class='ocrx_word' id='word_1_409' title='bbox 1209 4754 1326 4824; x_wconf 81' lang='grc' dir='ltr'>μετ’</span> <span class='ocrx_word' id='word_1_410' title='bbox 1376 4755 1652 4817; x_wconf 82' lang='grc' dir='ltr'>ἐκείνους·</span> <span class='ocrx_word' id='word_1_411' title='bbox 1705 4754 1975 4824; x_wconf 84' lang='grc' dir='ltr'>ἐπίσημον</span> <span class='ocrx_word' id='word_1_412' title='bbox 2007 4755 2064 4809; x_wconf 85' lang='grc' dir='ltr'>δὲ</span> 
     </span>
    </p>
   </div>
   <div class='ocr_carea' id='block_1_64' title="bbox 488 4845 2059 4921">
    <p class='ocr_par' dir='ltr' id='par_1_64' title="bbox 488 4845 2059 4921">
     <span class='ocr_line' id='line_1_64' title="bbox 488 4845 2059 4921; baseline -0.002 -18"><span class='ocrx_word' id='word_1_413' title='bbox 488 4849 677 4921; x_wconf 75' lang='grc' dir='ltr'>ἄνδρα,</span> <span class='ocrx_word' id='word_1_414' title='bbox 710 4848 804 4901; x_wconf 69' lang='grc' dir='ltr'><strong>καὶ</strong></span> <span class='ocrx_word' id='word_1_415' title='bbox 853 4845 1156 4918; x_wconf 79' lang='grc' dir='ltr'>περιφανῆ,</span> <span class='ocrx_word' id='word_1_416' title='bbox 1203 4846 1297 4899; x_wconf 82' lang='grc' dir='ltr'>καὶ</span> <span class='ocrx_word' id='word_1_417' title='bbox 1337 4845 1547 4899; x_wconf 86' lang='grc' dir='ltr'>πολλῶν</span> <span class='ocrx_word' id='word_1_418' title='bbox 1572 4846 1736 4899; x_wconf 71' lang='grc' dir='ltr'>ἕνεκα</span> <span class='ocrx_word' id='word_1_419' title='bbox 1766 4846 2059 4918; x_wconf 84' lang='grc' dir='ltr'>γνώριμον.</span> 
     </span>
    </p>
   </div>
   <div class='ocr_carea' id='block_1_65' title="bbox 487 4933 2060 5010">
    <p class='ocr_par' dir='ltr' id='par_1_65' title="bbox 487 4933 2060 5010">
     <span class='ocr_line' id='line_1_65' title="bbox 487 4933 2060 5010; baseline -0.002 -17"><span class='ocrx_word' id='word_1_420' title='bbox 487 4939 658 5010; x_wconf 83' lang='grc' dir='ltr'>Σῶμά</span> <span class='ocrx_word' id='word_1_421' title='bbox 677 4955 738 4992; x_wconf 87' lang='grc' dir='ltr'><strong>τε</strong></span> <span class='ocrx_word' id='word_1_422' title='bbox 761 4937 870 5009; x_wconf 84' lang='grc' dir='ltr'><strong>γὰρ</strong></span> <span class='ocrx_word' id='word_1_423' title='bbox 900 4939 1154 5008; x_wconf 87' lang='grc' dir='ltr'>μέγιστον</span> <span class='ocrx_word' id='word_1_424' title='bbox 1178 4933 1313 5007; x_wconf 78' lang='grc' dir='ltr'>εἶχε,</span> <span class='ocrx_word' id='word_1_425' title='bbox 1343 4938 1436 4990; x_wconf 81' lang='grc' dir='ltr'>καὶ</span> <span class='ocrx_word' id='word_1_426' title='bbox 1455 4935 1632 5007; x_wconf 81' lang='grc' dir='ltr'>ψυχὴν</span> <span class='ocrx_word' id='word_1_427' title='bbox 1658 4936 2060 5008; x_wconf 82' lang='grc' dir='ltr'>μεγαλόφρονα,</span> 
     </span>
    </p>
   </div>
   <div class='ocr_carea' id='block_1_66' title="bbox 487 5025 2064 5102">
    <p class='ocr_par' dir='ltr' id='par_1_66' title="bbox 487 5025 2064 5102">
     <span class='ocr_line' id='line_1_66' title="bbox 487 5025 2064 5102; baseline -0.003 -18"><span class='ocrx_word' id='word_1_428' title='bbox 487 5029 584 5084; x_wconf 79' lang='grc' dir='ltr'>καὶ</span> <span class='ocrx_word' id='word_1_429' title='bbox 607 5027 912 5102; x_wconf 81' lang='grc' dir='ltr'>ἀριστεύειν</span> <span class='ocrx_word' id='word_1_430' title='bbox 935 5029 994 5082; x_wconf 88' lang='grc' dir='ltr'><strong>ἐν</strong></span> <span class='ocrx_word' id='word_1_431' title='bbox 1022 5025 1278 5098; x_wconf 81' lang='grc' dir='ltr'>πολέμοις</span> <span class='ocrx_word' id='word_1_432' title='bbox 1303 5026 1501 5092; x_wconf 76' lang='grc' dir='ltr'>εἰώθει,</span> <span class='ocrx_word' id='word_1_433' title='bbox 1537 5027 1630 5080; x_wconf 76' lang='grc' dir='ltr'><strong>καὶ</strong></span> <span class='ocrx_word' id='word_1_434' title='bbox 1656 5029 1714 5080; x_wconf 86' lang='grc' dir='ltr'><strong>ἐν</strong></span> <span class='ocrx_word' id='word_1_435' title='bbox 1743 5028 1854 5090; x_wconf 84' lang='grc' dir='ltr'>τοῖς</span> <span class='ocrx_word' id='word_1_436' title='bbox 1884 5025 2064 5096; x_wconf 82' lang='grc' dir='ltr'>ἀγῶσι</span> 
     </span>
    </p>
   </div>
   <div class='ocr_carea' id='block_1_67' title="bbox 485 5115 2062 5192">
    <p class='ocr_par' dir='ltr' id='par_1_67' title="bbox 485 5115 2062 5192">
     <span class='ocr_line' id='line_1_67' title="bbox 485 5115 2062 5192; baseline -0.004 -18"><span class='ocrx_word' id='word_1_437' title='bbox 485 5123 599 5184; x_wconf 81' lang='grc' dir='ltr'>τοῖς</span> <span class='ocrx_word' id='word_1_438' title='bbox 624 5120 856 5192; x_wconf 75' lang='grc' dir='ltr'>μείζοσι.</span> <span class='ocrx_word' id='word_1_439' title='bbox 898 5118 1192 5190; x_wconf 71' lang='grc' dir='ltr'>Παρρησίᾳ</span> <span class='ocrx_word' id='word_1_440' title='bbox 1223 5117 1330 5188; x_wconf 84' lang='grc' dir='ltr'>γὰρ</span> <span class='ocrx_word' id='word_1_441' title='bbox 1357 5116 1500 5171; x_wconf 87' lang='grc' dir='ltr'>κατὰ</span> <span class='ocrx_word' id='word_1_442' title='bbox 1519 5117 1617 5188; x_wconf 75' lang='grc' dir='ltr'>τῆς</span> <span class='ocrx_word' id='word_1_443' title='bbox 1642 5115 1896 5179; x_wconf 86' lang='grc' dir='ltr'>ἀσεϐείας</span> <span class='ocrx_word' id='word_1_444' title='bbox 1925 5134 2062 5188; x_wconf 88' lang='grc' dir='ltr'>χρη-</span> 
     </span>
    </p>
   </div>
   <div class='ocr_carea' id='block_1_68' title="bbox 2682 3830 3235 3888">
    <p class='ocr_par' dir='ltr' id='par_1_68' title="bbox 2682 3830 3235 3888">
     <span class='ocr_line' id='line_1_68' title="bbox 2682 3830 3235 3888; baseline 0 -2"><span class='ocrx_word' id='word_1_445' title='bbox 2682 3831 2909 3888; x_wconf 81' lang='lat' dir='ltr'><strong>CAPUT</strong></span> <span class='ocrx_word' id='word_1_446' title='bbox 2946 3830 3235 3886; x_wconf 78' lang='lat' dir='ltr'><strong>PRIMUM.</strong></span> 
     </span>
    </p>
   </div>
   <div class='ocr_carea' id='block_1_69' title="bbox 2501 3922 3424 3994">
    <p class='ocr_par' dir='ltr' id='par_1_69' title="bbox 2501 3922 3424 3994">
     <span class='ocr_line' id='line_1_69' title="bbox 2501 3922 3424 3994; baseline 0 -18"><span class='ocrx_word' id='word_1_447' title='bbox 2501 3923 2576 3978; x_wconf 80' lang='lat' dir='ltr'><strong>De</strong></span> <span class='ocrx_word' id='word_1_448' title='bbox 2612 3923 2832 3978; x_wconf 84' lang='lat' dir='ltr'><strong>Joviam’</strong></span> <span class='ocrx_word' id='word_1_449' title='bbox 2864 3925 3086 3994; x_wconf 81' lang='lat' dir='ltr'><strong>imperio</strong></span> <span class='ocrx_word' id='word_1_450' title='bbox 3117 3934 3167 3977; x_wconf 85' lang='lat' dir='ltr'><strong>et</strong></span> <span class='ocrx_word' id='word_1_451' title='bbox 3205 3922 3424 3990; x_wconf 80' lang='lat' dir='ltr'><strong>pietate.</strong></span> 
     </span>
    </p>
   </div>
   <div class='ocr_carea' id='block_1_70' title="bbox 2235 4013 3742 4089">
    <p class='ocr_par' dir='ltr' id='par_1_70' title="bbox 2235 4013 3742 4089">
     <span class='ocr_line' id='line_1_70' title="bbox 2235 4013 3742 4089; baseline 0 -17"><span class='ocrx_word' id='word_1_452' title='bbox 2235 4015 2531 4072; x_wconf 89' lang='lat' dir='ltr'><strong>Interfecto</strong></span> <span class='ocrx_word' id='word_1_453' title='bbox 2593 4016 2846 4082; x_wconf 83' lang='lat' dir='ltr'><strong>Juliano,</strong></span> <span class='ocrx_word' id='word_1_454' title='bbox 2894 4018 3106 4072; x_wconf 88' lang='lat' dir='ltr'><strong>collecti</strong></span> <span class='ocrx_word' id='word_1_455' title='bbox 3162 4018 3215 4070; x_wconf 94' lang='lat' dir='ltr'><strong>in</strong></span> <span class='ocrx_word' id='word_1_456' title='bbox 3266 4032 3436 4070; x_wconf 93' lang='lat' dir='ltr'><strong>unum</strong></span> <span class='ocrx_word' id='word_1_457' title='bbox 3491 4013 3742 4089; x_wconf 87' lang='lat' dir='ltr'><strong>magistri</strong></span> 
     </span>
    </p>
   </div>
   <div class='ocr_carea' id='block_1_71' title="bbox 2166 4110 3742 4180">
    <p class='ocr_par' dir='ltr' id='par_1_71' title="bbox 2166 4110 3742 4180">
     <span class='ocr_line' id='line_1_71' title="bbox 2166 4110 3742 4180; baseline -0.004 -15"><span class='ocrx_word' id='word_1_458' title='bbox 2166 4111 2404 4165; x_wconf 89' lang='lat' dir='ltr'><strong>militum</strong></span> <span class='ocrx_word' id='word_1_459' title='bbox 2449 4125 2574 4164; x_wconf 90' lang='lat' dir='ltr'><strong>cum</strong></span> <span class='ocrx_word' id='word_1_460' title='bbox 2616 4110 2890 4180; x_wconf 66' lang='lat' dir='ltr'><strong>praefectis</strong></span> <span class='ocrx_word' id='word_1_461' title='bbox 2939 4110 3362 4173; x_wconf 85' lang='lat' dir='ltr'><strong>consultarunt,</strong></span> <span class='ocrx_word' id='word_1_462' title='bbox 3408 4111 3532 4179; x_wconf 90' lang='lat' dir='ltr'><strong>quis</strong></span> <span class='ocrx_word' id='word_1_463' title='bbox 3569 4111 3742 4178; x_wconf 83' lang='lat' dir='ltr'><strong>impe-</strong></span> 
     </span>
    </p>
   </div>
   <div class='ocr_carea' id='block_1_72' title="bbox 2166 4202 3742 4273">
    <p class='ocr_par' dir='ltr' id='par_1_72' title="bbox 2166 4202 3742 4273">
     <span class='ocr_line' id='line_1_72' title="bbox 2166 4202 3742 4273; baseline -0.001 -15"><span class='ocrx_word' id='word_1_464' title='bbox 2166 4203 2308 4258; x_wconf 87' lang='lat' dir='ltr'><strong>rium</strong></span> <span class='ocrx_word' id='word_1_465' title='bbox 2363 4212 2714 4273; x_wconf 87' lang='lat' dir='ltr'><strong>capesseret,</strong></span> <span class='ocrx_word' id='word_1_466' title='bbox 2766 4202 3181 4273; x_wconf 79' lang='lat' dir='ltr'><strong>exercitumque</strong></span> <span class='ocrx_word' id='word_1_467' title='bbox 3245 4202 3297 4256; x_wconf 91' lang='lat' dir='ltr'><strong>in</strong></span> <span class='ocrx_word' id='word_1_468' title='bbox 3348 4202 3537 4257; x_wconf 89' lang='lat' dir='ltr'><strong>hostili</strong></span> <span class='ocrx_word' id='word_1_469' title='bbox 3596 4211 3742 4257; x_wconf 90' lang='lat' dir='ltr'><strong>terra</strong></span> 
     </span>
    </p>
   </div>
   <div class='ocr_carea' id='block_1_73' title="bbox 2168 4294 3742 4366">
    <p class='ocr_par' dir='ltr' id='par_1_73' title="bbox 2168 4294 3742 4366">
     <span class='ocr_line' id='line_1_73' title="bbox 2168 4294 3742 4366; baseline -0.001 -14"><span class='ocrx_word' id='word_1_470' title='bbox 2168 4306 2465 4365; x_wconf 82' lang='lat' dir='ltr'><strong>tutaretur,</strong></span> <span class='ocrx_word' id='word_1_471' title='bbox 2489 4307 2544 4354; x_wconf 91' lang='lat' dir='ltr'><strong>et</strong></span> <span class='ocrx_word' id='word_1_472' title='bbox 2571 4297 2871 4352; x_wconf 75' lang='lat' dir='ltr'><strong>Romanam</strong></span> <span class='ocrx_word' id='word_1_473' title='bbox 2895 4295 3292 4366; x_wconf 83' lang='lat' dir='ltr'><strong>rempublicam</strong></span> <span class='ocrx_word' id='word_1_474' title='bbox 3314 4334 3328 4360; x_wconf 95' lang='lat'><strong>,</strong></span> <span class='ocrx_word' id='word_1_475' title='bbox 3354 4294 3408 4348; x_wconf 90' lang='lat' dir='ltr'><strong>in</strong></span> <span class='ocrx_word' id='word_1_476' title='bbox 3433 4295 3570 4359; x_wconf 89' lang='lat' dir='ltr'><strong>acie,</strong></span> <span class='ocrx_word' id='word_1_477' title='bbox 3600 4297 3742 4364; x_wconf 91' lang='lat' dir='ltr'><strong>quod</strong></span> 
     </span>
    </p>
   </div>
   <div class='ocr_carea' id='block_1_74' title="bbox 2167 4387 3746 4457">
    <p class='ocr_par' dir='ltr' id='par_1_74' title="bbox 2167 4387 3746 4457">
     <span class='ocr_line' id='line_1_74' title="bbox 2167 4387 3746 4457; baseline -0.001 -13"><span class='ocrx_word' id='word_1_478' title='bbox 2167 4391 2356 4457; x_wconf 85' lang='lat' dir='ltr'><strong>aiunt,</strong></span> <span class='ocrx_word' id='word_1_479' title='bbox 2389 4391 2673 4446; x_wconf 80' lang='lat' dir='ltr'><strong>novaculae</strong></span> <span class='ocrx_word' id='word_1_480' title='bbox 2709 4389 2957 4445; x_wconf 79' lang='lat' dir='ltr'><strong>defuncti</strong></span> <span class='ocrx_word' id='word_1_481' title='bbox 3000 4389 3312 4442; x_wconf 86' lang='lat' dir='ltr'><strong>temeritate</strong></span> <span class='ocrx_word' id='word_1_482' title='bbox 3347 4387 3580 4456; x_wconf 86' lang='lat' dir='ltr'><strong>positam</strong></span> <span class='ocrx_word' id='word_1_483' title='bbox 3610 4403 3746 4442; x_wconf 76' lang='lat' dir='ltr'><strong>con-</strong></span> 
     </span>
    </p>
   </div>
   <div class='ocr_carea' id='block_1_75' title="bbox 2169 4479 3742 4546">
    <p class='ocr_par' dir='ltr' id='par_1_75' title="bbox 2169 4479 3742 4546">
     <span class='ocr_line' id='line_1_75' title="bbox 2169 4479 3742 4546; baseline -0.003 -9"><span class='ocrx_word' id='word_1_484' title='bbox 2169 4483 2426 4538; x_wconf 84' lang='lat' dir='ltr'><strong>firmaret.</strong></span> <span class='ocrx_word' id='word_1_485' title='bbox 2470 4482 2607 4537; x_wconf 91' lang='lat' dir='ltr'><strong>Dum</strong></span> <span class='ocrx_word' id='word_1_486' title='bbox 2641 4483 2969 4546; x_wconf 82' lang='lat' dir='ltr'><strong>deliberant,</strong></span> <span class='ocrx_word' id='word_1_487' title='bbox 3029 4480 3229 4534; x_wconf 89' lang='lat' dir='ltr'><strong>milites</strong></span> <span class='ocrx_word' id='word_1_488' title='bbox 3271 4496 3437 4534; x_wconf 83' lang='lat' dir='ltr'><strong>unum</strong></span> <span class='ocrx_word' id='word_1_489' title='bbox 3476 4480 3528 4532; x_wconf 88' lang='lat' dir='ltr'><strong>in</strong></span> <span class='ocrx_word' id='word_1_490' title='bbox 3565 4479 3742 4534; x_wconf 91' lang='lat' dir='ltr'><strong>locum</strong></span> 
     </span>
    </p>
   </div>
   <div class='ocr_carea' id='block_1_76' title="bbox 2165 4571 3740 4647">
    <p class='ocr_par' dir='ltr' id='par_1_76' title="bbox 2165 4571 3740 4647">
     <span class='ocr_line' id='line_1_76' title="bbox 2165 4571 3740 4647; baseline -0.004 -15"><span class='ocrx_word' id='word_1_491' title='bbox 2165 4575 2483 4647; x_wconf 77' lang='lat' dir='ltr'><strong>congregati</strong></span> <span class='ocrx_word' id='word_1_492' title='bbox 2532 4573 2823 4629; x_wconf 82' lang='lat' dir='ltr'><strong>Jovianum</strong></span> <span class='ocrx_word' id='word_1_493' title='bbox 2873 4581 3249 4644; x_wconf 90' lang='lat' dir='ltr'><strong>poposcerunt</strong></span> <span class='ocrx_word' id='word_1_494' title='bbox 3311 4571 3697 4641; x_wconf 86' lang='lat' dir='ltr'><strong>imperatorem</strong></span> <span class='ocrx_word' id='word_1_495' title='bbox 3727 4612 3740 4636; x_wconf 95' lang='lat'><strong>,</strong></span> 
     </span>
    </p>
   </div>
   <div class='ocr_carea' id='block_1_77' title="bbox 2165 4664 3745 4738">
    <p class='ocr_par' dir='ltr' id='par_1_77' title="bbox 2165 4664 3745 4738">
     <span class='ocr_line' id='line_1_77' title="bbox 2165 4664 3745 4738; baseline -0.003 -16"><span class='ocrx_word' id='word_1_496' title='bbox 2165 4669 2258 4737; x_wconf 87' lang='lat' dir='ltr'><strong>qui</strong></span> <span class='ocrx_word' id='word_1_497' title='bbox 2288 4684 2385 4724; x_wconf 88' lang='lat' dir='ltr'><strong>nec</strong></span> <span class='ocrx_word' id='word_1_498' title='bbox 2413 4667 2676 4738; x_wconf 81' lang='lat' dir='ltr'><strong>magister</strong></span> <span class='ocrx_word' id='word_1_499' title='bbox 2709 4673 2826 4721; x_wconf 89' lang='lat' dir='ltr'><strong>erat</strong></span> <span class='ocrx_word' id='word_1_500' title='bbox 2862 4665 3125 4727; x_wconf 89' lang='lat' dir='ltr'><strong>militum,</strong></span> <span class='ocrx_word' id='word_1_501' title='bbox 3165 4678 3264 4718; x_wconf 91' lang='lat' dir='ltr'><strong>nec</strong></span> <span class='ocrx_word' id='word_1_502' title='bbox 3293 4664 3535 4718; x_wconf 85' lang='lat' dir='ltr'><strong>secundo</strong></span> <span class='ocrx_word' id='word_1_503' title='bbox 3567 4678 3597 4716; x_wconf 90' lang='lat' dir='ltr'><strong>a</strong></span> <span class='ocrx_word' id='word_1_504' title='bbox 3631 4680 3745 4718; x_wconf 88' lang='lat' dir='ltr'><strong>ma-</strong></span> 
     </span>
    </p>
   </div>
   <div class='ocr_carea' id='block_1_78' title="bbox 2166 4757 3745 4829">
    <p class='ocr_par' dir='ltr' id='par_1_78' title="bbox 2166 4757 3745 4829">
     <span class='ocr_line' id='line_1_78' title="bbox 2166 4757 3745 4829; baseline -0.001 -17"><span class='ocrx_word' id='word_1_505' title='bbox 2166 4760 2353 4829; x_wconf 88' lang='lat' dir='ltr'><strong>gistris</strong></span> <span class='ocrx_word' id='word_1_506' title='bbox 2381 4760 2502 4814; x_wconf 92' lang='lat' dir='ltr'><strong>loco</strong></span> <span class='ocrx_word' id='word_1_507' title='bbox 2539 4759 2872 4816; x_wconf 89' lang='lat' dir='ltr'><strong>censebatur</strong></span> <span class='ocrx_word' id='word_1_508' title='bbox 2922 4777 2935 4812; x_wconf 89' lang='lat'><strong>:</strong></span> <span class='ocrx_word' id='word_1_509' title='bbox 2979 4758 3062 4811; x_wconf 90' lang='lat' dir='ltr'><strong>vir</strong></span> <span class='ocrx_word' id='word_1_510' title='bbox 3098 4766 3277 4811; x_wconf 85' lang='lat' dir='ltr'><strong>tamen</strong></span> <span class='ocrx_word' id='word_1_511' title='bbox 3317 4757 3502 4810; x_wconf 86' lang='lat' dir='ltr'><strong>clarus</strong></span> <span class='ocrx_word' id='word_1_512' title='bbox 3536 4767 3588 4812; x_wconf 90' lang='lat' dir='ltr'><strong>et</strong></span> <span class='ocrx_word' id='word_1_513' title='bbox 3621 4757 3745 4811; x_wconf 88' lang='lat' dir='ltr'><strong>illu-</strong></span> 
     </span>
    </p>
   </div>
   <div class='ocr_carea' id='block_1_79' title="bbox 2166 4848 3817 4924">
    <p class='ocr_par' dir='ltr' id='par_1_79' title="bbox 2166 4848 3817 4924">
     <span class='ocr_line' id='line_1_79' title="bbox 2166 4848 3817 4924; baseline -0.002 -18"><span class='ocrx_word' id='word_1_514' title='bbox 2166 4854 2329 4914; x_wconf 86' lang='lat' dir='ltr'><strong>stris,</strong></span> <span class='ocrx_word' id='word_1_515' title='bbox 2366 4867 2433 4906; x_wconf 89' lang='lat' dir='ltr'><strong>ac</strong></span> <span class='ocrx_word' id='word_1_516' title='bbox 2456 4853 2646 4907; x_wconf 90' lang='lat' dir='ltr'><strong>multis</strong></span> <span class='ocrx_word' id='word_1_517' title='bbox 2680 4852 2844 4906; x_wconf 87' lang='lat' dir='ltr'><strong>rebus</strong></span> <span class='ocrx_word' id='word_1_518' title='bbox 2876 4850 3098 4905; x_wconf 90' lang='lat' dir='ltr'><strong>nobilis.</strong></span> <span class='ocrx_word' id='word_1_519' title='bbox 3130 4848 3264 4904; x_wconf 85' lang='lat' dir='ltr'><strong>Nam</strong></span> <span class='ocrx_word' id='word_1_520' title='bbox 3295 4857 3350 4904; x_wconf 92' lang='lat' dir='ltr'><strong>et</strong></span> <span class='ocrx_word' id='word_1_521' title='bbox 3375 4865 3601 4919; x_wconf 91' lang='lat' dir='ltr'><strong>corpore</strong></span> <span class='ocrx_word' id='word_1_522' title='bbox 3627 4859 3744 4906; x_wconf 89' lang='lat' dir='ltr'><strong>erat</strong></span> <span class='ocrx_word' id='word_1_523' title='bbox 3805 4893 3817 4924; x_wconf 54' lang='grc'><strong>,-</strong></span> 
     </span>
    </p>
   </div>
   <div class='ocr_carea' id='block_1_80' title="bbox 2165 4941 3818 5014">
    <p class='ocr_par' dir='ltr' id='par_1_80' title="bbox 2165 4941 3818 5014">
     <span class='ocr_line' id='line_1_80' title="bbox 2165 4941 3818 5014; baseline -0.001 -18"><span class='ocrx_word' id='word_1_524' title='bbox 2165 4943 2407 5014; x_wconf 87' lang='lat' dir='ltr'><strong>ingenti,</strong></span> <span class='ocrx_word' id='word_1_525' title='bbox 2435 4952 2490 4998; x_wconf 89' lang='lat' dir='ltr'><strong>et</strong></span> <span class='ocrx_word' id='word_1_526' title='bbox 2513 4945 2698 4998; x_wconf 87' lang='lat' dir='ltr'><strong>animo</strong></span> <span class='ocrx_word' id='word_1_527' title='bbox 2732 4943 2951 4998; x_wconf 77' lang='lat' dir='ltr'><strong>excelso</strong></span> <span class='ocrx_word' id='word_1_528' title='bbox 2973 4980 2989 5006; x_wconf 86' lang='lat'><strong>,</strong></span> <span class='ocrx_word' id='word_1_529' title='bbox 3019 4953 3185 5012; x_wconf 89' lang='lat' dir='ltr'><strong>atque</strong></span> <span class='ocrx_word' id='word_1_530' title='bbox 3220 4941 3274 4996; x_wconf 91' lang='lat' dir='ltr'><strong>in</strong></span> <span class='ocrx_word' id='word_1_531' title='bbox 3305 4942 3450 4997; x_wconf 91' lang='lat' dir='ltr'><strong>bello</strong></span> <span class='ocrx_word' id='word_1_532' title='bbox 3475 4984 3490 5008; x_wconf 93' lang='lat'><strong>,</strong></span> <span class='ocrx_word' id='word_1_533' title='bbox 3527 4950 3581 4996; x_wconf 85' lang='lat' dir='ltr'><strong>et</strong></span> <span class='ocrx_word' id='word_1_534' title='bbox 3615 4959 3740 5013; x_wconf 83' lang='lat' dir='ltr'><strong>gra-</strong></span> <span class='ocrx_word' id='word_1_535' title='bbox 3803 4945 3818 4985; x_wconf 65' lang='grc' dir='ltr'><strong>τι</strong></span> 
     </span>
    </p>
   </div>
   <div class='ocr_carea' id='block_1_81' title="bbox 2166 5035 3746 5090">
    <p class='ocr_par' dir='ltr' id='par_1_81' title="bbox 2166 5035 3746 5090">
     <span class='ocr_line' id='line_1_81' title="bbox 2166 5035 3746 5090; baseline 0.001 -3"><span class='ocrx_word' id='word_1_536' title='bbox 2166 5035 2410 5090; x_wconf 86' lang='lat' dir='ltr'><strong>vioribus</strong></span> <span class='ocrx_word' id='word_1_537' title='bbox 2447 5035 2502 5089; x_wconf 93' lang='lat' dir='ltr'><strong>in</strong></span> <span class='ocrx_word' id='word_1_538' title='bbox 2546 5035 2940 5089; x_wconf 87' lang='lat' dir='ltr'><strong>certaminibus</strong></span> <span class='ocrx_word' id='word_1_539' title='bbox 2976 5043 3236 5090; x_wconf 88' lang='lat' dir='ltr'><strong>strenuus</strong></span> <span class='ocrx_word' id='word_1_540' title='bbox 3273 5047 3400 5089; x_wconf 88' lang='lat' dir='ltr'><strong>esse</strong></span> <span class='ocrx_word' id='word_1_541' title='bbox 3443 5049 3746 5090; x_wconf 85' lang='lat' dir='ltr'><strong>consueve-</strong></span> 
     </span>
    </p>
   </div>
   <div class='ocr_carea' id='block_1_82' title="bbox 2165 5126 3746 5197">
    <p class='ocr_par' dir='ltr' id='par_1_82' title="bbox 2165 5126 3746 5197">
     <span class='ocr_line' id='line_1_82' title="bbox 2165 5126 3746 5197; baseline -0.001 -17"><span class='ocrx_word' id='word_1_542' title='bbox 2165 5135 2271 5183; x_wconf 90' lang='lat' dir='ltr'><strong>rat.</strong></span> <span class='ocrx_word' id='word_1_543' title='bbox 2286 5126 2457 5182; x_wconf 88' lang='lat' dir='ltr'><strong>Porro</strong></span> <span class='ocrx_word' id='word_1_544' title='bbox 2467 5126 2635 5197; x_wconf 60' lang='lat'><strong>95.6</strong></span> <span class='ocrx_word' id='word_1_545' title='bbox 2650 5126 2913 5194; x_wconf 90' lang='lat' dir='ltr'><strong>impietati</strong></span> <span class='ocrx_word' id='word_1_546' title='bbox 2932 5127 3100 5182; x_wconf 89' lang='lat' dir='ltr'><strong>libere</strong></span> <span class='ocrx_word' id='word_1_547' title='bbox 3122 5126 3398 5182; x_wconf 90' lang='lat' dir='ltr'><strong>obsistens</strong></span> <span class='ocrx_word' id='word_1_548' title='bbox 3413 5127 3628 5197; x_wconf 86' lang='lat' dir='ltr'><strong>tyranni</strong></span> <span class='ocrx_word' id='word_1_549' title='bbox 3649 5143 3746 5195; x_wconf 79' lang='lat' dir='ltr'><strong>p0-</strong></span> 
     </span>
    </p>
   </div>
   <div class='ocr_carea' id='block_1_83' title="bbox 489 5197 3740 5284">
    <p class='ocr_par' dir='ltr' id='par_1_83' title="bbox 489 5197 3740 5284">
     <span class='ocr_line' id='line_1_83' title="bbox 489 5197 3740 5284; baseline -0.004 0"><span class='ocrx_word' id='word_1_550' title='bbox 489 5213 742 5284; x_wconf 70' lang='grc' dir='ltr'><strong>σάμενος,</strong></span> <span class='ocrx_word' id='word_1_551' title='bbox 793 5209 886 5265; x_wconf 68' lang='grc' dir='ltr'><strong>τοῦ</strong></span> <span class='ocrx_word' id='word_1_552' title='bbox 925 5210 1186 5283; x_wconf 83' lang='grc' dir='ltr'><strong>τυράννου</strong></span> <span class='ocrx_word' id='word_1_553' title='bbox 1224 5210 1322 5280; x_wconf 71' lang='grc' dir='ltr'><strong>τὴν</strong></span> <span class='ocrx_word' id='word_1_554' title='bbox 1349 5208 1665 5264; x_wconf 79' lang='grc' dir='ltr'><strong>δυναστείαν</strong></span> <span class='ocrx_word' id='word_1_555' title='bbox 1703 5209 1801 5260; x_wconf 64' lang='grc' dir='ltr'>οὐκ</span> <span class='ocrx_word' id='word_1_556' title='bbox 1835 5207 2057 5272; x_wconf 69' lang='grc' dir='ltr'>ἔδεισεν,</span> <span class='ocrx_word' id='word_1_557' title='bbox 2092 5197 2139 5256; x_wconf 79' lang='lat' dir='ltr'><strong>D</strong></span> <span class='ocrx_word' id='word_1_558' title='bbox 2172 5218 2394 5273; x_wconf 89' lang='lat' dir='ltr'><strong>tentiam</strong></span> <span class='ocrx_word' id='word_1_559' title='bbox 2413 5232 2520 5272; x_wconf 92' lang='lat' dir='ltr'><strong>non</strong></span> <span class='ocrx_word' id='word_1_560' title='bbox 2542 5219 2823 5282; x_wconf 90' lang='lat' dir='ltr'><strong>timuerat,</strong></span> <span class='ocrx_word' id='word_1_561' title='bbox 2857 5218 2951 5273; x_wconf 89' lang='lat' dir='ltr'><strong>sed</strong></span> <span class='ocrx_word' id='word_1_562' title='bbox 2979 5218 3145 5273; x_wconf 91' lang='lat' dir='ltr'><strong>animi</strong></span> <span class='ocrx_word' id='word_1_563' title='bbox 3169 5219 3367 5272; x_wconf 91' lang='lat' dir='ltr'><strong>robore</strong></span> <span class='ocrx_word' id='word_1_564' title='bbox 3388 5233 3513 5272; x_wconf 90' lang='lat' dir='ltr'><strong>cum</strong></span> <span class='ocrx_word' id='word_1_565' title='bbox 3536 5218 3740 5274; x_wconf 84' lang='lat' dir='ltr'><strong>Christi</strong></span> 
     </span>
    </p>
   </div>
   <div class='ocr_carea' id='block_1_84' title="bbox 486 5303 2060 5379">
    <p class='ocr_par' dir='ltr' id='par_1_84' title="bbox 486 5303 2060 5379">
     <span class='ocr_line' id='line_1_84' title="bbox 486 5303 2060 5379; baseline -0.004 -17"><span class='ocrx_word' id='word_1_566' title='bbox 486 5306 626 5362; x_wconf 77' lang='grc' dir='ltr'>ἀλλὰ</span> <span class='ocrx_word' id='word_1_567' title='bbox 651 5307 792 5363; x_wconf 80' lang='grc' dir='ltr'>κατὰ</span> <span class='ocrx_word' id='word_1_568' title='bbox 817 5306 916 5379; x_wconf 83' lang='grc' dir='ltr'><strong>τὴν</strong></span> <span class='ocrx_word' id='word_1_569' title='bbox 963 5306 1270 5379; x_wconf 85' lang='grc' dir='ltr'>προθυμίαν</span> <span class='ocrx_word' id='word_1_570' title='bbox 1298 5308 1410 5369; x_wconf 85' lang='grc' dir='ltr'>τοῖς</span> <span class='ocrx_word' id='word_1_571' title='bbox 1441 5303 1535 5359; x_wconf 81' lang='grc' dir='ltr'>τοῦ</span> <span class='ocrx_word' id='word_1_572' title='bbox 1575 5303 1812 5374; x_wconf 81' lang='grc' dir='ltr'>Χριστοῦ</span> <span class='ocrx_word' id='word_1_573' title='bbox 1837 5304 1881 5335; x_wconf 80' lang='grc'><strong>³⁹</strong></span> <span class='ocrx_word' id='word_1_574' title='bbox 1917 5303 2060 5374; x_wconf 83' lang='grc' dir='ltr'>μάρ-</span> 
     </span>
    </p>
   </div>
   <div class='ocr_carea' id='block_1_85' title="bbox 484 5396 2062 5469">
    <p class='ocr_par' dir='ltr' id='par_1_85' title="bbox 484 5396 2062 5469">
     <span class='ocr_line' id='line_1_85' title="bbox 484 5396 2062 5469; baseline -0.004 -16"><span class='ocrx_word' id='word_1_575' title='bbox 484 5416 608 5454; x_wconf 79' lang='grc' dir='ltr'>τυσι</span> <span class='ocrx_word' id='word_1_576' title='bbox 629 5400 1004 5454; x_wconf 82' lang='grc' dir='ltr'>συνετέτακτο.</span> <span class='ocrx_word' id='word_1_577' title='bbox 1026 5399 1159 5452; x_wconf 88' lang='grc' dir='ltr'>Τότε</span> <span class='ocrx_word' id='word_1_578' title='bbox 1183 5398 1247 5469; x_wconf 83' lang='grc' dir='ltr'>δὴ</span> <span class='ocrx_word' id='word_1_579' title='bbox 1268 5399 1316 5451; x_wconf 74' lang='lat' dir='ltr'><strong>oi</strong></span> <span class='ocrx_word' id='word_1_580' title='bbox 1339 5397 1655 5468; x_wconf 75' lang='grc' dir='ltr'>στρατηγοὶ,</span> <span class='ocrx_word' id='word_1_581' title='bbox 1679 5396 1777 5460; x_wconf 82' lang='grc' dir='ltr'>τῆς</span> <span class='ocrx_word' id='word_1_582' title='bbox 1801 5397 2062 5465; x_wconf 82' lang='grc' dir='ltr'>στρατιᾶς</span> 
     </span>
    </p>
   </div>
   <div class='ocr_carea' id='block_1_86' title="bbox 489 5487 2059 5564">
    <p class='ocr_par' dir='ltr' id='par_1_86' title="bbox 489 5487 2059 5564">
     <span class='ocr_line' id='line_1_86' title="bbox 489 5487 2059 5564; baseline -0.006 -17"><span class='ocrx_word' id='word_1_583' title='bbox 489 5490 589 5560; x_wconf 74' lang='grc' dir='ltr'>τὴν</span> <span class='ocrx_word' id='word_1_584' title='bbox 618 5491 932 5564; x_wconf 82' lang='grc' dir='ltr'>συμφωνίαν</span> <span class='ocrx_word' id='word_1_585' title='bbox 957 5489 1107 5545; x_wconf 88' lang='grc' dir='ltr'>θείαν</span> <span class='ocrx_word' id='word_1_586' title='bbox 1129 5488 1306 5561; x_wconf 79' lang='grc' dir='ltr'>ψῆφον</span> <span class='ocrx_word' id='word_1_587' title='bbox 1333 5487 1714 5552; x_wconf 83' lang='grc' dir='ltr'>ὑπολαϐόντες,</span> <span class='ocrx_word' id='word_1_588' title='bbox 1743 5487 1950 5557; x_wconf 69' lang='grc' dir='ltr'>ἤγαγον</span> <span class='ocrx_word' id='word_1_589' title='bbox 1979 5487 2059 5548; x_wconf 87' lang='grc' dir='ltr'><strong>είς</strong></span> 
     </span>
    </p>
   </div>
   <div class='ocr_carea' id='block_1_87' title="bbox 2167 5306 3744 5379">
    <p class='ocr_par' dir='ltr' id='par_1_87' title="bbox 2167 5306 3744 5379">
     <span class='ocr_line' id='line_1_87' title="bbox 2167 5306 3744 5379; baseline -0.001 -17"><span class='ocrx_word' id='word_1_590' title='bbox 2167 5308 2505 5379; x_wconf 80' lang='lat' dir='ltr'><strong>martyribus</strong></span> <span class='ocrx_word' id='word_1_591' title='bbox 2524 5306 2862 5376; x_wconf 65' lang='lat' dir='ltr'><strong>aequabatur.</strong></span> <span class='ocrx_word' id='word_1_592' title='bbox 2881 5306 3036 5363; x_wconf 92' lang='lat' dir='ltr'><strong>Tunc</strong></span> <span class='ocrx_word' id='word_1_593' title='bbox 3058 5307 3306 5378; x_wconf 83' lang='lat' dir='ltr'><strong>magistri</strong></span> <span class='ocrx_word' id='word_1_594' title='bbox 3325 5306 3580 5372; x_wconf 89' lang='lat' dir='ltr'><strong>militum,</strong></span> <span class='ocrx_word' id='word_1_595' title='bbox 3610 5321 3744 5361; x_wconf 83' lang='lat' dir='ltr'><strong>con-</strong></span> 
     </span>
    </p>
   </div>
   <div class='ocr_carea' id='block_1_88' title="bbox 2169 5395 3741 5470">
    <p class='ocr_par' dir='ltr' id='par_1_88' title="bbox 2169 5395 3741 5470">
     <span class='ocr_line' id='line_1_88' title="bbox 2169 5395 3741 5470; baseline -0.003 -16"><span class='ocrx_word' id='word_1_596' title='bbox 2169 5414 2391 5454; x_wconf 91' lang='lat' dir='ltr'><strong>sensum</strong></span> <span class='ocrx_word' id='word_1_597' title='bbox 2410 5397 2688 5453; x_wconf 79' lang='lat' dir='ltr'><strong>exercitus</strong></span> <span class='ocrx_word' id='word_1_598' title='bbox 2715 5397 2961 5452; x_wconf 92' lang='lat' dir='ltr'><strong>divinum</strong></span> <span class='ocrx_word' id='word_1_599' title='bbox 2985 5398 3258 5470; x_wconf 90' lang='lat' dir='ltr'><strong>quoddam</strong></span> <span class='ocrx_word' id='word_1_600' title='bbox 3276 5413 3400 5453; x_wconf 89' lang='lat' dir='ltr'><strong>esse</strong></span> <span class='ocrx_word' id='word_1_601' title='bbox 3421 5395 3741 5466; x_wconf 74' lang='lat' dir='ltr'><strong>suffragium</strong></span> 
     </span>
    </p>
   </div>
   <div class='ocr_carea' id='block_1_89' title="bbox 2169 5483 3742 5560">
    <p class='ocr_par' dir='ltr' id='par_1_89' title="bbox 2169 5483 3742 5560">
     <span class='ocr_line' id='line_1_89' title="bbox 2169 5483 3742 5560; baseline 0.001 -23"><span class='ocrx_word' id='word_1_602' title='bbox 2169 5484 2452 5552; x_wconf 87' lang='lat' dir='ltr'><strong>arbitrati,</strong></span> <span class='ocrx_word' id='word_1_603' title='bbox 2512 5483 2873 5543; x_wconf 88' lang='lat' dir='ltr'><strong>fortissimum</strong></span> <span class='ocrx_word' id='word_1_604' title='bbox 2920 5487 3075 5546; x_wconf 89' lang='lat' dir='ltr'><strong>illum</strong></span> <span class='ocrx_word' id='word_1_605' title='bbox 3110 5487 3298 5560; x_wconf 84' lang='lat' dir='ltr'><strong>_virum</strong></span> <span class='ocrx_word' id='word_1_606' title='bbox 3350 5487 3658 5560; x_wconf 86' lang='lat' dir='ltr'><strong>producunt</strong></span> <span class='ocrx_word' id='word_1_607' title='bbox 3689 5489 3742 5539; x_wconf 88' lang='lat' dir='ltr'><strong>in</strong></span> 
     </span>
    </p>
   </div>
   <div class='ocr_carea' id='block_1_90' title="bbox 1750 5667 2442 5728">
    <p class='ocr_par' dir='ltr' id='par_1_90' title="bbox 1750 5667 2442 5728">
     <span class='ocr_line' id='line_1_90' title="bbox 1750 5667 2442 5728; baseline 0.009 -6"><span class='ocrx_word' id='word_1_608' title='bbox 1750 5667 1987 5725; x_wconf 68' lang='lat' dir='ltr'><strong>VARUS</strong></span> <span class='ocrx_word' id='word_1_609' title='bbox 2035 5669 2442 5728; x_wconf 84' lang='lat' dir='ltr'><strong>LECTIONES.</strong></span> 
     </span>
    </p>
   </div>
   <div class='ocr_carea' id='block_1_91' title="bbox 529 5803 2375 5886">
    <p class='ocr_par' dir='ltr' id='par_1_91' title="bbox 529 5803 2375 5886">
     <span class='ocr_line' id='line_1_91' title="bbox 529 5803 2375 5886; baseline 0.001 -20"><span class='ocrx_word' id='word_1_610' title='bbox 529 5803 573 5839; x_wconf 87' lang='grc'><em>³⁸</em></span> <span class='ocrx_word' id='word_1_611' title='bbox 613 5811 670 5866; x_wconf 78' lang='grc' dir='ltr'><strong>δέ</strong></span> <span class='ocrx_word' id='word_1_612' title='bbox 696 5809 899 5869; x_wconf 86' lang='lat' dir='ltr'><strong>addunt</strong></span> <span class='ocrx_word' id='word_1_613' title='bbox 926 5810 1092 5869; x_wconf 85' lang='lat' dir='ltr'><strong>Basil.</strong></span> <span class='ocrx_word' id='word_1_614' title='bbox 1123 5809 1216 5868; x_wconf 86' lang='lat' dir='ltr'><strong>Gr.</strong></span> <span class='ocrx_word' id='word_1_615' title='bbox 1263 5815 1317 5869; x_wconf 87' lang='lat' dir='ltr'><strong>et</strong></span> <span class='ocrx_word' id='word_1_616' title='bbox 1355 5805 1545 5879; x_wconf 85' lang='lat' dir='ltr'><strong>Steph.</strong></span> <span class='ocrx_word' id='word_1_617' title='bbox 1589 5808 1656 5886; x_wconf 58' lang='lat' dir='ltr'><strong>f’</strong></span> <span class='ocrx_word' id='word_1_618' title='bbox 1699 5807 1955 5880; x_wconf 84' lang='grc' dir='ltr'>Σωτῆρος</span> <span class='ocrx_word' id='word_1_619' title='bbox 1984 5808 2156 5881; x_wconf 78' lang='grc' dir='ltr'>ἡμῶν.</span> <span class='ocrx_word' id='word_1_620' title='bbox 2186 5808 2375 5868; x_wconf 79' lang='lat' dir='ltr'><strong>Iidem.</strong></span> 
     </span>
    </p>
   </div>
  </div>
