4124 6436
423 395 561 460 “25

1386 403 1989 464 ECCLESIAS’I‘ICAS.
2022 406 2416 468 HISTORIJE
2455 410 2602 469 LIB.
2641 410 2741 471 IV.

3567 406 3725 484 1126'

427 527 637 575 τκοποι,
669 511 719 564 oi
749 510 992 575 ἐλθόντες
1017 514 1080 566 ὲκ
1111 512 1405 584 προσώπου
1441 512 1659 567 πάντων
1695 511 1846 584 L155]
1901 513 2008 567 τῶν

2126 517 2267 587 scapi
2291 556 2306 582 ,
2343 517 2438 588 qui
2483 519 2706 573 nomine
2744 519 2995 573 omnium
3022 518 3244 592 Egypti
3272 564 3285 589 ,
3322 520 3621 583 Thebaidis
3649 539 3704 584 et

419 602 530 656 ἀπὸ
557 602 655 672 τῆς
696 602 996 673 Αἰγύπτου,
1046 605 1140 658 καὶ
1186 604 1473 677 Θηϐαΐδος,
1510 605 1604 659 καὶ
1646 604 1863 660 Λιϐύων
1890 608 2010 660 ἐπι-

424 694 663 748 σκόπων.

490 787 786 858 Πρέπουσα
826 788 1067 860 θεοφιλεῖ
1110 791 1322 863 βασιλεῖ
1354 792 1656 864 φιλομαθὴς
1694 792 2011 865 προαίρεσις

422 876 518 931 καί¹
547 877 713 943 πόθος
735 880 843 934 τῶν
869 883 1159 954 οὐρανίων.
1192 883 1351 939 Οῦτω
1406 885 1515 957 γὰρ
1544 885 1883 956 ἀληθῶςκαὶ
1912 884 2012 956 τὴν

424 972 650 1045 καρδίαν
690 975 834 1045 ἔχοις
854 976 901 1009 ⁸³
930 979 989 1030 ὲν
1034 979 1178 1048 χειρὶ
1210 978 1369 1044 Θεοῦ,
1399 980 1492 1032 καὶ
1530 979 1626 1051 τὴν
1649 978 1694 1011 ¹⁶⁹
1731 978 2011 1049 βασιλείαν

428 1065 547 1127 μετ’
593 1065 820 1138 εἰρήνης
883 1068 1104 1133 πολλαῖς
1149 1069 1286 1124 ὲτῶν
1341 1071 1612 1142 περιόδοις
1645 1071 2008 1135 ὲπιτελὲσαις.

420 1156 744 1230 θελησάσης
790 1159 972 1215 τοίνυν
1027 1165 1127 1233 τῆς
1177 1163 1276 1233 σῆς
1322 1164 1604 1227 εὐσεϐείας
1657 1163 1848 1234 μαθεῖν
1879 1164 2010 1235 παρ’

420 1250 582 1323 ἡμῶν
615 1251 714 1322 τὴν
756 1253 855 1324 τῆς
883 1254 1179 1326 καθολικῆς
1236 1254 1566 1328 Ἐκκλησίας
1599 1255 1806 1320 πίστιν,
1843 1256 2009 1326 εὐχα-

424 1340 779 1412 ριστήσαντες
822 1344 915 1398 ἐπὶ
966 1344 1142 1417 τούτῳ
1177 1344 1254 1417 τῷ
1294 1347 1507 1419 Κυρίῳ,
1566 1345 2011 1416 ἐϐουλευσάμεθα

421 1431 644 1487 πάντων
692 1433 914 1504 μᾶλλον,
961 1437 1061 1506 τὴν
1103 1436 1255 1509 παρά
1286 1437 1396 1493 τῶν
1444 1439 1706 1510 Πατέρων
1740 1438 2011 1509 ὁμολογη-

422 1523 610 1577 θεῖσαν
640 1525 698 1577 ὲν
732 1524 942 1597 Νικαίᾳ
970 1527 1154 1580 πίστιν
1201 1527 1513 1599 ὑπομνῆσαι
1550 1528 1648 1601 τὴν
1687 1529 1785 1594 σὴν
1825 1522 2014 1583 θεοσέέ

421 1614 597 1669 ϐειαν.
655 1613 876 1685 Ταύτην
920 1616 1029 1688 γὰρ
1081 1608 1450 1689 ἀθετήσαντές
1499 1635 1668 1685 τινες,
1719 1621 1852 1692 ἡμῖν
1912 1619 2011 1691 μὲν

423 1704 687 1770 ποικίλως
744 1705 1167 1773 ἐπεϐούλευσαν,
1222 1709 1304 1763 ὅτι
1370 1711 1443 1780 μὴ
1504 1710 1832 1782 ὲπειθὸμεθα
1855 1713 1901 1744 ⁸⁰
1943 1713 2010 1782 τῇ

434 1797 689 1869 Ἀρειανῇ
744 1798 987 1869 αἱρέσει·
1027 1801 1192 1853 αἴτιοι
1235 1800 1294 1854 δὲ
1342 1801 1633 1871 γεγόνασιν
1681 1802 2012 1871 αἱρέσειινςυι

2113 608 2300 681 Libya:
2334 611 2733 680 episcoporum
2763 627 3098 667 convenere.

2187 783 2354 841 Decet
2389 787 2624 841 charum
2687 785 2799 842 Deo
2834 787 3138 859 principem
3166 790 3475 847 cmlestiiim
3522 794 3710 864 perdi-

2115 878 2455 932 scendoriim
2481 877 2727 932 studium
2744 880 2761 898 '
2778 892 2843 933 ac
2857 879 3217 935 desiderium.
3236 880 3329 938 Sic
3349 884 3494 938 enim
3516 901 3708 942 revera

2112 985 2208 1025 cor
2236 970 2292 1025 in
2324 986 2487 1025 manu
2528 970 2620 1026 Dei
2654 971 2945 1028 habiturus
2973 988 3069 1038 es,
3102 974 3509 1046 imperiumque
3542 986 3702 1032 tuum

2113 1059 2170 1115 in
2206 1075 2339 1130 pace
2386 1062 2578 1116 multis
2612 1076 2885 1118 annorum
2933 1065 3231 1122 curriculis
3287 1069 3706 1124 administratu-

2112 1169 2232 1211 rus.
2262 1155 2399 1209 Cum
2436 1156 2609 1226 igitur
2646 1156 2909 1214 Ecclesia:
2958 1161 3246 1215 catholica:
3288 1162 3448 1216 ﬁdem
3485 1178 3515 1217 a
3550 1166 3709 1217 nobis

2125 1246 2319 1303 audire
2352 1249 2529 1318 pietas
2560 1260 2650 1303 tua
2678 1252 2945 1313 Voluerit.
2988 1254 3198 1321 gratias
3230 1253 3460 1309 Domino
3484 1266 3708 1324 agentes

2118 1339 2221 1394 hoc
2241 1342 2466 1394 nomine
2484 1379 2498 1405 ,
2522 1343 2833 1396 consultum
2860 1352 2985 1398 ante
3011 1346 3196 1399 omnia
3221 1346 3481 1401 duximus
3499 1387 3513 1408 ,
3548 1350 3707 1403 tidem

2114 1430 2313 1488 Nicaea:
2344 1448 2374 1487 a
2405 1432 2667 1490 Patrihus
2692 1436 2973 1489 communi
3018 1453 3296 1492 consensu
3349 1441 3548 1493 editam
3583 1443 3708 1495 reli-

2114 1528 2263 1599 gioni
2319 1535 2427 1582 tua:
2476 1504 2790 1599 suggerere.
2825 1527 2980 1585 Hane
3008 1531 3153 1585 enim
3204 1533 3560 1601 i-epudiaiites
3591 1535 3714 1602 qui-

2116 1620 2290 1685 dam,
2343 1628 2399 1676 et
2447 1620 2610 1675 nobis
2662 1622 2855 1676 multis
2900 1622 3080 1677 modis
3129 1623 3376 1677 insidiati
3427 1633 3592 1691 sunt,
3647 1641 3713 1678 eo

2116 1711 2264 1786 quod
2304 1711 2569 1767 Arianam
2612 1712 2848 1767 haeresiii
2884 1727 3273 1782 respuereinus
3299 1754 3312 1779 ,
3365 1723 3419 1768 et
3453 1724 3711 1769 auctores

2119 1804 2345 1859 lueresis
2411 1803 2888 1873 seliisniatumque
2954 1804 3084 1858 facti
3157 1814 3288 1859 sunt
3349 1805 3402 1858 in
3466 1804 3713 1859 Ecclesia

422 1891 518 1943 καὶ
548 1889 864 1962 σχισμάτων
895 1894 961 1963 τῇ
991 1892 1254 1965 καθολικῇ
1291 1892 1612 1973 Ἐκκλησία.
1657 1895 1723 1950 'U
1758 1896 1859 1966 μὲν
1887 1897 2017 1965 ἁληο

2126 1892 2419 1948 catliolica.
2456 1891 2595 1948 Vera
2629 1909 2765 1950 sane
2812 1903 2868 1949 et
2913 1894 3002 1964 pia
3034 1894 3088 1948 iu
3141 1895 3430 1949 Dominum
3461 1905 3713 1951 nostrum

423 1982 525 2056 θὴς
553 1984 647 2037 καὶ
692 1983 925 2055 εὐσεϐὴς
966 1986 1047 2050 είς
1070 1985 1164 2039 τὸν
1196 1985 1400 2058 Κύριον
1443 1986 1604 2058 ήμῶν
1647 1985 1854 2059 Ἰησοῦν
1883 1989 2017 2060 Χρι-

425 2076 552 2130 στὸν
584 2075 789 2141 πίστις,
833 2077 1046 2149 φανερὰ
1101 2077 1411 2150 καθέστηκε
1457 2080 1613 2145 πᾶσι,
1669 2080 1765 2133 καὶ
1815 2080 1879 2133 ὲκ
1906 2079 2017 2133 τῶν

424 2164 585 2219 θείων
639 2166 876 2237 Γραφῶν
936 2168 1315 2239 γινωσκομένη
1373 2187 1433 2223 τε
1491 2171 1587 2223 καὶ
1648 2173 2019 2239 ἀναγινωσκο-

425 2256 566 2327 μένη
589 2259 657 2313 ⁸³.
716 2259 804 2313 Ἑν
847 2260 1020 2332 ταύτῃ
1061 2260 1170 2333 γάρ
1216 2262 1310 2316 καὶ
1357 2264 1407 2317 οἱ
1454 2264 1601 2333 ἅγιοι
1640 2264 2018 2329 τελειωθέντες

422 2348 888 2422 ἐμαρτυρήθησαν
909 2351 975 2415 ⁵³,
1012 2355 1106 2407 καὶ
1134 2353 1229 2406 νῦν
1252 2354 1621 2419 ἀναλύσαντὲς
1649 2359 1786 2410 είσιν
1812 2359 1871 2411 ἐν
1899 2360 2018 2412 Κυ-

427 2440 549 2511 ρίῳ.
577 2441 832 2512 Ἐμεινεν
859 2443 917 2497 δὲ
944 2443 1032 2497 ἀεὶ
1063 2446 1095 2515 ἡ
1131 2445 1312 2509 πίστις
1342 2448 1633 2514 διαπαντὸς
1672 2450 1937 2522 ἀϐλαϐὴς,
1968 2452 2017 2505 εί

429 2532 505 2608 μὴ
526 2534 763 2606 πονηρία
779 2534 827 2566 ⁸³
842 2535 1004 2589 τινῶν
1027 2538 1321 2608 αἱρετικῶν
1346 2544 1723 2613 παραποιῆσαι
1744 2543 1950 2599 ταύτην
1971 2545 2017 2577 ⁵⁸

426 2624 748 2697 ἐτόλμησεν.
784 2626 1004 2698 ’Ἄρειος
1054 2630 1163 2700 γάρ
1207 2647 1312 2695 τις,
1345 2633 1437 2686 καὶ
1468 2634 1517 2685 οἱ
1555 2636 1653 2687 σὺν
1700 2635 1870 2706 αύτῷ,
1904 2636 2020 2691 δια-

427 2716 649 2789 φθεῖραι
677 2717 884 2790 ταύτην
940 2720 1031 2774 καὶ
1062 2721 1319 2777 ἀσέϐειαν
1347 2725 1468 2778 κατ’
1502 2726 1674 2795 αὐτῆς
1716 2728 2019 2797 ἐπεισαγα-

426 2811 548 2878 γεῖν
601 2810 994 2883 ἐπεχείρησαν,
1052 2814 1357 2882 φάσκοντες
1414 2815 1472 2882 ἐξ
1523 2817 1623 2869 οὐκ
1680 2817 1872 2883 ὄντων,
1927 2818 2022 2871 καὶ

426 2901 656 2974 κτίσμα,
691 2902 788 2956 καὶ
823 2903 1055 2975 ποίημα,
1088 2906 1180 2959 καὶ
1211 2909 1442 2977 τρεπτῦν
1473 2903 1612 2962 εἶναι
1640 2908 1729 2962 τὸν
1770 2910 1899 2963 Υίὸν
1927 2912 2020 2966 τοῦ

426 2993 585 3050 Θεοῦ.
634 2994 871 3059 Πολλούς
903 3012 961 3048 τε
1007 2998 1066 3050 ἐν
1105 2997 1318 3062 τούτοις
1365 2999 1683 3071 ἠπάτησαν,
1735 3000 1877 3056 ὥστε
1929 3005 2024 3058 καὶ

425 3088 554 3151 τοὺς
586 3086 878 3168 δοκοῦντας
902 3082 1043 3142 εἷναί
1071 3106 1126 3142 τι
1153 3090 1567 3161 συναπαχθῆναι
1602 3094 1780 3147 αὐτῶν
1805 3097 1870 3166 τῇ
1899 3095 2025 3147 δυσ-

428 3177 634 3250 φημίᾳ.
677 3180 787 3232 Καὶ
821 3180 1131 3249 φθάσαντες
1166 3182 1265 3251 μὲν
1298 3184 1346 3236 οἱ
1376 3182 1522 3253 ἅγιοι
1564 3185 1806 3257 Πατέρες
1842 3186 2020 3257 ἡμῶν,

430 3275 801 3341 συνελθόντες,
855 3276 930 3340 ὡς
989 3278 1347 3349 προείπομεν,
1406 3282 1463 3333 ἐν
1509 3284 1573 3353 τῇ
1607 3284 1748 3336 κατά
1786 3283 2023 3336 Νίκαιαν

431 3370 658 3442 συνόδῳ,
720 3371 810 3441 τὴν
851 3369 950 3442 μὲν
999 3371 1285 3441 Ἀρειανὴν
1336 3372 1549 3443 αἵρεσιν
1597 3372 2021 3444 ἀνεθεμάτισαν,

428 3462 531 3533 τὴν
561 3461 619 3515 δὲ
657 3462 758 3534 τῆς
809 3460 1109 3531 καθολικῆς
1153 3461 1481 3533 Ἐκκλησίας
1517 3464 1701 3517 πίστιν
1735 3465 2024 3536 ὡμολόγη-

431 3571 533 3607 σαν
555 3554 602 3587 ⁸⁶
645 3552 960 3621 ἐγγράφως,
994 3551 1136 3605 ὥστε
1183 3552 1387 3623 ταύτης
1433 3554 1710 3625 πανταχοῦ
1757 3572 2027 3627 κηρυττο-

433 3649 623 3720 μένης,
679 3645 1087 3715 ἀποσϐεσθῆναι
1116 3644 1217 3716 τὴν
1261 3643 1597 3714 ἀναφθεῖσαν
1624 3646 1837 3718 αἵρεσιν
1873 3648 2027 3719 ποιρά

428 3739 539 3792 τῶν
590 3738 905 3811 αἰρετικῶν.
946 3735 1055 3792 Ἶιν
1113 3739 1211 3809 μὲν
1251 3735 1347 3794 οῦν
1394 3739 1532 3812 αὕτη
1555 3741 1599 3772 ⁸⁷
1647 3740 1791 3794 κατά
1841 3742 2025 3794 πᾶσαν

430 3830 734 3902 ἐκκλησίαν
784 3831 830 3863 ⁸³
899 3831 1280 3903 γινωσκομένη
1341 3848 1400 3885 τε
1468 3834 1563 3886 καὶ
1616 3834 2021 3904 κηρυττομένη.

443 3921 587 3975 Ἀλλ’
629 3922 816 3995 ἐπειδὴ
845 3924 945 3995 τὴν
986 3925 1274 3995 Ἀρειανὴν
1304 3925 1514 3996 αἵρεσιν
1546 3925 1852 3979 ἀνανεῶσαι
1901 3924 2027 3994 βου-

429 4016 672 4088 λόμενοι,
716 4018 858 4081 τινὲς
904 4016 1005 4088 μὲν
1056 4016 1227 4089 αὐτὴν
1274 4018 1372 4090 τὴν
1402 4019 1462 4071 ὲν
1486 4017 1692 4088 Νικαίᾳ
1728 4017 1878 4089 παρά
1918 4019 2026 4073 τῶν

433 4111 697 4183 Πατέρων
731 4111 1162 4183 ὁμολογηθεῖσαν
1189 4111 1372 4166 πίστιν
1397 4110 1799 4183 τετολμήκασιν
1831 4111 2027 4183 ἀθετῆο

441 4222 551 4269 σαι,
582 4206 725 4269 τινὲς
753 4205 808 4258 δὲ
860 4204 1290 4276 σχηματίζονται
1340 4205 1621 4276 ὁμολογεῖν
1662 4204 1856 4274 αὐτὴν,
1905 4207 2027 4268 ταῖς

439 4299 500 4353 δὲ
535 4299 814 4368 ἀληθείαις
836 4300 1151 4373 ἀρνοῦνται,
1184 4297 1701 4371 παρερμηνεύοντες
1728 4299 1790 4351 τὸ
1814 4299 2028 4368 ὁμοού-

437 4409 597 4455 σιον,
638 4395 731 4446 καὶ
757 4387 901 4447 οὗτοι
926 4390 1377 4463 βλασφημοῦντες
1397 4391 1460 4444 τὸ
1494 4389 1719 4462 Πνεῦμα
1754 4389 1816 4443 τὸ
1845 4389 2024 4454 ἀγιον,

436 4486 497 4539 ὲν
523 4483 600 4556 τῷ
626 4485 857 4555 φάσκειν
890 4485 1088 4547 αὐτοὺς
1125 4482 1331 4554 κτίσμα
1377 4479 1518 4538 εἶναι
1549 4483 1646 4538 καὶ
1688 4482 1900 4553 ποίημα
1941 4481 2030 4535 διὰ

437 4579 530 4635 τοῦ
570 4578 701 4634 Υίοῦ
740 4579 983 4649 γεγονὸς,
1036 4580 1355 4647 ἀναγκαίως
1407 4578 1790 4650 θεωρήσαντες
1837 4576 1937 4647 τὴν
1966 4578 2030 4629 ὲκ
2066 4610 2107 4664 D

436 4673 537 4743 τῆς
582 4670 843 4741 τοιαύτης
888 4670 1240 4742 βλασφημίας
1290 4668 1495 4739 βλάϐην
1527 4667 1860 4737 γιγνομένην
1888 4666 2030 4719 κατά

438 4764 549 4818 τῶν
576 4763 744 4830 λαῶν,
781 4762 1058 4818 ἐπιδοῦναι
1089 4763 1157 4833 τῇ
1204 4763 1271 4833 σῇ
1302 4760 1555 4833 εὐσεϐείᾳ
1598 4760 1698 4830 τὴν
1726 4760 1782 4811 ἐν
1824 4759 1871 4812 Ν
1880 4759 2033 4831 ικαία

439 4859 873 4930 ὁμολογηθεῖσαν
918 4856 1104 4911 πίστιν
1159 4854 1601 4925 ἐσπουδάσαμεν,
1643 4854 1729 4907 ἵνα
1770 4852 1884 4931 γνῷ
1938 4869 2031 4906 σου

439 4956 474 5026 ἡ
518 4952 803 5007 θεοσέϐεια
848 4951 969 5024 μεθ’
1011 4947 1164 5023 [154]
1207 4950 1340 5021 ὅσης
1379 4947 1667 5019 ἀκριϐείας
1699 4946 2030 5018 γέγραπται,

441 5045 539 5101 καὶ
563 5046 689 5100 ὅσον
723 5043 1034 5099 πλανῶνται
1076 5043 1126 5096 οἱ
1153 5042 1284 5112 παρ’
1313 5040 1485 5112 αὐτὴν
1545 5038 1913 5103 διδάσκοντες.
1939 5037 2031 5091 Γί-

442 5151 624 5189 νωσκε
646 5134 714 5202 ⁵⁹,
749 5133 1133 5204 θεοφιλέστατε
1162 5128 1463 5200 Αὔγουστε,
1491 5129 1574 5184 ὅτι
1605 5128 1744 5199 αῦτη
1781 5128 1879 5200 μὲν
1910 5129 1943 5199 ἡ
1973 5126 2035 5194 ἐξ

440 5226 644 5293 αίῶνος
686 5225 1091 5300 κηρυττομένη.
1141 5222 1360 5295 Ταύτην
1407 5222 1465 5277 δὲ
1498 5222 1543 5254 ⁸⁰
1577 5221 1940 5293 ὡμολόγησαν
1985 5222 2035 5275 oi

2117 1983 2305 2042 Jesum
2337 1984 2620 2041 Christum
2654 1986 2789 2042 lides
2819 1987 3112 2057 perspicua
3146 1989 3406 2044 omnibus
3436 1989 3579 2042 facta
3608 1999 3711 2049 est,

2119 2094 2243 2150 qua:
2275 2081 2408 2134 etin
2448 2080 2654 2136 divinis
2690 2081 2998 2151 Scripturis
3027 2080 3281 2135 noscitur
3308 2090 3360 2135 et
3397 2081 3617 2149 legitur.
3653 2081 3716 2135 in

2121 2173 2225 2229 liae
2250 2175 2396 2229 enim
2417 2174 2597 2228 sancti
2620 2189 2844 2243 quoque
2866 2174 3131 2244 martyrio
3159 2176 3529 2229 consummati
3562 2182 3716 2236 sunt,

2119 2274 2175 2320 et
2218 2281 2368 2321 nunc
2424 2281 2550 2320 eum
2599 2264 2835 2321 Domino
2888 2267 3264 2337 requiescunt.
3317 2268 3721 2339 Mansissetque

2120 2355 2258 2411 ﬁdes
2289 2365 2558 2427 perpetuo
2585 2357 2793 2421 illaesa,
2825 2356 2929 2411 nisi
2965 2357 3107 2413 lianc
3140 2360 3527 2414 haereticorum
3577 2377 3720 2430 qtto-

2123 2446 2376 2501 riimdam
2431 2448 2764 2519 improbitas
2799 2449 3007 2504 violare
3052 2456 3340 2505 tentasset.
3372 2452 3538 2506 Arius
3565 2452 3717 2506 enim

2123 2540 2353 2609 ejusque
2375 2548 2680 2595 sectatores
2709 2555 3073 2610 corrumpere
3101 2542 3252 2596 illam
3281 2550 3333 2597 et
3373 2542 3714 2611 impietatem

2126 2631 2397 2688 adversus
2433 2632 2583 2685 illam
2637 2632 2998 2689 introducere
3031 2634 3214 2687 conati
3258 2642 3426 2697 sunt,
3473 2634 3725 2690 dicentes

2123 2740 2187 2780 ex
2220 2740 2332 2780 non
2365 2727 2717 2780 exstantibus
2738 2765 2753 2789 ,
2791 2736 2846 2779 et
2879 2735 3191 2781 creaturam
3221 2727 3391 2799 959
3427 2728 3727 2782 facturam-

2126 2833 2266 2886 que,
2304 2826 2358 2872 et
2398 2818 2721 2872 mutabilem
2768 2833 2894 2873 esse
2925 2817 3127 2873 Filium
3159 2818 3253 2874 Dei
3287 2838 3301 2876 :
3347 2821 3727 2890 plurimosque

2126 2927 2223 2980 per
2248 2912 2352 2965 ista
2384 2909 2761 2975 seduxerunt,
2798 2911 2936 2965 adeo
2972 2922 3025 2964 ut
3054 2913 3220 2966 etiam
3268 2913 3362 2982 qui
3394 2913 3580 2991 aliquo
3601 2929 3728 2969 esse

2127 3004 2181 3058 iii
2208 3018 2440 3057 numero
2460 3001 2817 3066 videbantur,
2857 3003 3073 3072 abrepti
3120 3005 3340 3057 illorum
3380 3004 3725 3075 bEasphemia

2128 3094 2354 3149 fuerint.
2383 3093 2538 3159 Quod
2583 3094 2981 3163 prospicientes
3029 3096 3207 3150 sancti
3258 3093 3455 3153 Patres
3509 3097 3724 3159 nostri,

2132 3186 2349 3242 Nicaena
2388 3187 2442 3240 in
2498 3186 2711 3259 synodo
2764 3188 3194 3253 convenientes,
3237 3197 3297 3243 ut
3339 3190 3618 3253 diximus,
3671 3198 3730 3244 et

2131 3280 2395 3334 Arianam
2441 3280 2691 3334 luci-esim
2733 3282 3084 3338 anathemate
3114 3282 3481 3348 damnaruiit',
3533 3291 3588 3338 et
3622 3281 3728 3337 Ec-

2132 3373 2318 3427 clesiae
2371 3374 2662 3427 catholicae
2722 3372 2879 3427 ﬁdem
2933 3375 3215 3429 communi
3268 3374 3539 3433 sententia
3592 3389 3730 3429 con-

2135 3468 2479 3535 scripserunt
2507 3505 2520 3528 ,
2560 3475 2615 3519 iit
2651 3466 2754 3519 hac
2791 3466 2995 3535 ubique
3022 3466 3318 3535 praedicata
3349 3466 3732 3536 exstinguere-

2132 3566 2225 3611 tur
2256 3557 2482 3613 haeresis
2535 3555 2799 3623 ﬂamma,
2855 3574 3021 3628 quam
3080 3559 3326 3614 haeretici
3370 3560 3727 3614 Stisi-itarant.

2134 3648 2261 3704 Haec
2305 3650 2491 3718 itaque
2548 3650 2688 3706 ﬁdes
2737 3664 2836 3720 per
2887 3666 3081 3704 omnes
3127 3651 3392 3706 ecclesias
3447 3651 3733 3722 legebatur

2133 3748 2187 3794 ct
2230 3742 2658 3811 przedieabatur.
2714 3740 2820 3796 Sed
2868 3743 3130 3811 quoniam
3165 3743 3430 3795 Arianam
3478 3743 3729 3798 haeresim

2133 3849 2401 3887 renovare
2442 3834 2688 3888 volentes
2723 3833 2985 3903 quidam,
3045 3833 3205 3887 iidem
3256 3833 3432 3902 ipsam
3470 3832 3664 3887 Nieiuaa
3698 3849 3729 3886 a

2134 3925 2392 3979 Pati-ibus
2422 3925 2702 3980 conditam
2733 3923 3028 3993 repudiare
3052 3925 3172 3979 ausi
3207 3937 3337 3980 sunt
3358 3966 3372 3990 ,
3405 3925 3499 3978 alii
3533 3942 3729 3980 assen-

2135 4018 2226 4071 t'iri
2279 4032 2339 4071 se
2388 4016 2686 4080 simulant,
2722 4031 2914 4071 revera
2969 4025 3153 4073 autem
3202 4025 3446 4087 negant,
3499 4017 3727 4071 consub-

2134 4109 2392 4165 stantiale
2442 4123 2731 4179 perperam
2789 4108 3263 4176 interpretantes,
3338 4107 3619 4177 iidemque
3673 4109 3727 4162 in

2138 4202 2408 4273 Spiritum
2450 4208 2706 4257 sanctum
2755 4199 3237 4269 blasphemaiites,
3279 4199 3409 4255 dum
3449 4201 3599 4253 illum
3645 4201 3731 4254 di-

2135 4304 2270 4352 cunt
2300 4310 2428 4352 esse
2503 4304 2856 4358 creaturam,
2931 4292 3320 4363 facturamque
3380 4309 3475 4364 per
3528 4291 3728 4347 Filium

2136 4390 2449 4445 conditam:
2474 4389 2795 4444 necessario
2817 4387 3081 4442 damnum
3105 4386 3554 4448 considerantes.
3581 4386 3730 4457 quod

2136 4499 2203 4538 ex
2237 4484 2342 4538 hac
2387 4481 2734 4551 blasphemia
2795 4480 2850 4534 in
2895 4479 3158 4550 populum
3202 4480 3511 4538 redundat.
3570 4480 3730 4533 [idem

2136 4575 2334 4631 Nicaeae
2362 4576 2728 4631 constitutam
2769 4574 2962 4644 pietati
3010 4582 3117 4628 tuae
3146 4572 3346 4627 oll'erre
3378 4573 3731 4638 studuimus,

2137 4676 2198 4722 ut
2251 4675 2561 4739 cognoscat
2615 4666 2814 4736 religio
2868 4675 3000 4729 tua,
3057 4680 3220 4735 quam
3283 4674 3543 4720 accurate
3595 4680 3730 4720 con-

2134 4761 2343 4829 scripta
2388 4761 2406 4779 ‘
2468 4760 2582 4822 sit,
2626 4766 2681 4813 et
2725 4766 3068 4828 quantopere
3119 4757 3377 4812 aberrent
3428 4756 3522 4827 qui
3572 4765 3731 4811 extra

2134 4854 2279 4908 illam
2308 4850 2531 4906 docent.
2599 4848 2753 4903 Scito
2777 4890 2794 4917 ,
2831 4848 3247 4919 religiosissime
3279 4850 3525 4918 Auguste
3547 4889 3560 4911 .
3592 4849 3732 4903 hanc

2132 4945 2392 5001 omnibus
2421 4944 2641 5000 saeculis
2675 4943 2852 4998 fuisse
2886 4940 3266 5013 praedicatam.
3299 4941 3455 4997 llanc
3490 4944 3730 5012 professi

2143 5045 2272 5093 sunt
2319 5035 2513 5091 Patres
2555 5036 2654 5107 qui
2722 5034 2919 5089 Nicaeae
2982 5043 3384 5089 convenerunt.
3436 5033 3573 5089 Cum
3632 5032 3737 5086 hac

2104 5202 2108 5207 ἱ
2144 5128 2508 5186 consentiunt
2539 5142 2735 5184 omnes
2768 5128 2972 5197 ubique
3000 5126 3243 5196 gentium
3291 5125 3581 5191 Ecclesiae,
3616 5142 3737 5195 qua:

2143 5231 2275 5278 sunt
2318 5221 2375 5277 in
2426 5220 2702 5292 Hispania
2731 5228 2786 5277 et
2833 5218 3122 5275 Britannia
3170 5229 3224 5275 et
3276 5217 3444 5289 950
3502 5217 3733 5283 Galliis,

1727 5334 1968 5390 \‘ARlz’E
2001 5333 2405 5391 LECTIONES.

517 5431 566 5467 ⁸ο
587 5433 730 5505 ἔχεις
756 5432 883 5488 Bas.
910 5431 1083 5505 Graec.
1117 5444 1168 5488 et
1198 5433 1343 5492 Lat..
1382 5446 1506 5487 cum
1526 5429 1739 5505 _Epipli.
1771 5429 1966 5505 τιμε.
2001 5431 2185 5505 "Eget;
2210 5431 2566 5505 Athanasius.

445 5499 717 5563 Atliaiias.
744 5503 1110 5569 Ἐπιτελέσεις
1140 5517 1369 5574 uterque
1393 5501 1557 5556 Basil.
1591 5499 1605 5502 ’
1630 5502 1676 5533 ⁸⁸
1711 5501 2069 5574 ἐπείσθημεν.
2104 5501 2229 5558 Bas.
2267 5501 2444 5574 Graec.
2474 5511 2528 5556 et
2559 5499 2681 5574 Lat.

445 5585 606 5650 putat
641 5574 909 5650 valesius:

445 5642 772 5704 'Allianasio.
886 5643 933 5675 “
958 5642 1241 5715 πονηρίαν.
1284 5642 1524 5714 Uterque
1555 5643 1681 5699 Bas.
1715 5652 1769 5699 ct
1803 5642 1995 5715 Steph.

445 5720 628 5775 Graec.
659 5727 713 5770 et
740 5716 862 5769 Lat.

1028 5575 1074 5606 "
1107 5571 1525 5644 γιγνωσκομένη
1580 5590 1639 5625 τε
1671 5573 1767 5626 καὶ
1791 5573 2337 5644 ἀναγιγνωσκομένη.
2377 5571 2621 5642 Uterque
2655 5571 2779 5627 Bas.

1029 5646 1241 5696 νηρίαν.
1284 5645 1524 5696 Uteruue
1555 5643 1681 5696 Bas.
1715 5652 1769 5696 et
1803 5642 1995 5696 Stenh.
2102 5645 2148 5676 ⁵⁸
2181 5644 2387 5696 ταύτην
2413 5646 2569 5696 abest
2601 5644 2668 5696 ab
2701 5642 2804 5696 iisd

958 5646 1241 5715 πονηρίαν.
1284 5645 1524 5714 Uterque
1555 5644 1681 5699 Bas.
1715 5652 1769 5699 et
1803 5644 1995 5712 Steph.
2102 5645 2148 5676 ⁵⁸
2181 5644 2387 5715 ταύτην
2413 5646 2569 5699 abest
2601 5644 2668 5697 ab
2701 5644 2916 5698 iisdem.

940 5715 983 5746 ⁸⁷
1020 5716 1296 5786 πανταχοῦ
1328 5715 1694 5786 addunt_cum
1721 5714 2025 5786 Athanasio
2048 5714 2393 5771 Basileeuses
2427 5711 2901 5786 et_Stepli.codd.

2668 5430 2715 5463 ἰθ
2745 5429 2841 5484 καὶ
2864 5426 3246 5500 τὴν-ὲπιτελ.
3272 5424 3399 5483 "me
3434 5425 3635 5483 absunt
3663 5428 3733 5483 ab

2769 5500 2813 5532 ⁸⁸
2843 5499 3165 5571 διαιρέσεως
3200 5499 3340 5553 forte
3372 5499 3730 5553 srrilwiiilmii

2769 5613 2779 5623 .
2897 5571 2945 5602 ⁸³
2975 5569 3392 5623 ἐμαρτύρησαν.
3430 5568 3574 5622 ldi-m
3607 5585 3731 5621 eum

3009 5587 3574 5710 saansaan"
3604 5587 3729 5692 ιιι

2982 5710 3029 5743 ⁸⁸
3056 5708 3262 5774 ἀδόλως
3282 5708 3494 5763 addunt
3522 5710 3731 5763 Athan.

384 5786 393 5795 ’
446 5801 505 5847 et.
528 5787 856 5871 gliristppli.
887 5788 1039 5871 ξιγν.
1072 5778 1235 5842 habet
1267 5796 1498 5859 uterque
1528 5784 1698 5843 Basil.
1772 5785 1822 5871 ff”
1863 5783 2160 5854 γίγνωσκε.
2201 5785 2444 5858 [iterque
2479 5778 2651 5842 Basil.
2680 5784 2773 5841 Sic
2804 5790 2859 5839 et
2886 5782 2942 5838 in
2974 5797 3131 5855 seqq.
3163 5779 3281 5836 Γίν.
3313 5778 3423 5849 γάρ
3452 5778 3720 5834 Albanas.

526 5860 573 5892 ⁶⁰
594 5858 651 5914 δέ
687 5857 844 5925 abest
870 5858 938 5915 ab
961 5864 1215 5929 utroque.

1221 5963 1265 5981 "'\
