4124 6482
486 401 627 468 112.7

1452 396 1947 457 TllEUDORETl
1978 395 2321 458 EPISCOPI
2353 398 2723 462 CYRENSIS
2750 432 2751 435 η
3283 423 3311 456 e

3636 407 3765 476 1128

492 528 618 584 qua:
642 512 697 567 in
724 509 873 567 ltalia
908 515 1019 564 tota
1043 517 1097 565 ct
1125 508 1460 579 Campania,
1501 506 1773 564 Dalmatia
1799 519 1855 565 et
1888 508 2056 583 Mysia

2188 514 2247 566 ὲν
2273 515 2480 588 Νικαίᾳ
2509 516 2856 581 συνελθόντες
2881 518 3144 589 Πατέρες,
3173 520 3265 573 καὶ
3292 521 3465 592 ταύτῃ
3495 521 3763 597 σύμψηφοι

495 603 812 659 Macedonia
832 641 847 667 ,
875 614 931 657 et
959 599 1170 656 Grazcia
1203 608 1346 660 tota.
1381 614 1616 671 quaeque
1655 599 1711 653 in
1746 600 1935 656 Africa
1956 603 2081 658 uni-

491 709 678 761 versa,
707 702 763 749 et
795 692 1049 747 Sardinia
1072 731 1088 756 ,
1134 700 1187 746 et
1225 690 1430 762 Cypro,
1481 700 1535 748 et
1561 691 1721 745 Creta
1743 732 1760 757 ,
1800 690 2082 765 Pamphy-

490 788 707 858 liaque,
738 786 947 841 Isauria
978 794 1034 839 et
1062 783 1262 853 Lycia,
1309 793 1364 840 et
1402 800 1525 855 quae
1562 784 1618 837 in
1653 790 1770 839 tota
1801 784 2077 858 Egypto,

491 892 559 933 ac
588 878 758 947 Libya
780 917 794 942 ,
827 878 1007 932 Ponto
1040 883 1095 931 et
1125 875 1510 945 Cappadocia,
1554 874 1868 946 vicinisque
1914 877 2081 946 parti-

492 969 624 1037 bus,
653 978 704 1024 et
723 968 1017 1024 orientales
1038 967 1323 1032 Ecclesiae,
1348 980 1540 1038 praeter
1563 981 1770 1037 paucos
1791 1007 1807 1033 ,
1833 968 2077 1038 quicum

487 1061 621 1115 Ario
651 1060 917 1115 sentiunt.
952 1059 1354 1115 Praedictoruut
1396 1060 1544 1115 enim
1569 1058 1816 1114 omnium
1850 1068 2077 1116 senten-

486 1151 620 1204 tiam
641 1150 985 1218 experientia
1012 1148 1300 1213 novimus,
1333 1155 1387 1203 et
1418 1148 1629 1202 litteras
1651 1146 1942 1213 habemus,
1967 1148 2078 1203 sci-

485 1254 752 1308 musque,
815 1238 1233 1308 religiosissime
1277 1238 1555 1306 Auguste,
1616 1238 1873 1306 quamvis
1913 1236 2074 1307 pauci

483 1332 707 1401 quidam
738 1332 865 1385 huic
912 1331 1039 1385 ﬁdei
1065 1330 1472 1395 contradicant,
1498 1329 1622 1383 orbi
1653 1337 1927 1384 terrarum
1951 1330 2074 1384 uni-

483 1442 647 1481 verso
681 1424 1062 1496 prazjudieium
1097 1423 1296 1479 allerre
1333 1439 1442 1477 non
1476 1437 1659 1492 posse.
1709 1422 1899 1493 Longo
1923 1421 2071 1475 enim

486 1525 735 1586 tempore
757 1516 961 1569 Ariana
989 1513 1177 1568 haeresi
1206 1511 1418 1575 infecti,
1447 1510 1849 1565 contentiosius
1879 1506 2072 1579 pietati

487 1621 641 1660 nunc
677 1605 976 1660 obsistunt.
1028 1604 1206 1672 Atque
1259 1610 1318 1657 ut
1361 1608 1666 1671 cognoscat
1713 1600 1888 1670 pietas
1940 1607 2068 1665 tua,

481 1700 584 1753 etsi
625 1696 939 1767 cognoscit,
973 1693 1132 1749 [idem
1171 1702 1351 1748 tamen
1378 1735 1393 1760 ,
1426 1707 1588 1760 quam
1610 1690 1807 1746 Nicaeae
1833 1691 2067 1746 trecenti

483 1793 676 1845 decem
712 1796 769 1843 et
824 1799 949 1844 octo
1002 1786 1248 1858 episcopi
1302 1783 1534 1854 professi
1582 1790 1748 1852 sunt,
1788 1783 2069 1853 subjicere
2108 1808 2122 1823 ο

479 1883 828 1945 studuimus,
867 1894 989 1950 quae
1028 1888 1114 1934 est
1163 1876 1483 1949 hujusmodi
1518 1897 1531 1932 :

2183 604 2516 674 τυγχάνουσι
2545 607 2719 660 πᾶσαι
2774 609 2831 661 al
2866 608 3008 661 κατά
3034 609 3200 664 τόπον
3236 610 3585 682 ῘΕκκλησίαι,
3627 615 3688 668 ατ
3707 635 3762 672 τε

2185 694 2328 748 κατὰ
2365 693 2609 751 Σπανίαν
2633 698 2700 761 ⁸⁸,
2739 698 2834 752 καὶ
2864 698 3216 769 Βρεττανίαν,
3266 701 3363 753 καὶ
3394 702 3647 767 Γαλλίας,
3677 709 3765 761 καὶ

2180 787 2239 840 ai
2281 786 2327 817 “
2358 786 2460 859 τῆς
2509 787 2741 853 Ἰταλίας
2774 791 2979 861 πάσης,
3016 791 3111 844 καὶ
3152 792 3511 862 Καμπανίας,
3546 795 3762 865 Δαλμα-

2180 879 2306 942 τίας
2328 896 2387 932 τε
2428 882 2523 935 καὶ
2547 882 2788 948 Μυσίας,
2820 884 3179 950 Μακεδονίας,
3221 884 3318 938 καὶ
3365 885 3549 957 πάσης
3586 886 3768 945 Ἑλλά-

2178 967 2293 1031 δος,
2322 969 2416 1022 καὶ
2444 973 2501 1025 αἱ
2547 970 2691 1025 κατά
2737 972 2836 1043 τὴν
2881 974 3148 1047 Ἀφρικὴν
3182 975 3380 1039 πᾶσαι,
3435 976 3530 1029 καὶ
3575 977 3766 1049 Σαρδι-

2179 1060 2303 1114 νίαν
2323 1062 2390 1126 ⁵³,
2412 1062 2507 1115 καὶ
2530 1063 2779 1134 Κύπρον,
2815 1066 2908 1119 καὶ
2943 1067 3193 1138 Κρήτην,
3228 1066 3557 1138 Παμφυλίαν
3585 1084 3644 1124 τε
3679 1073 3767 1125 καὶ

2191 1153 2469 1225 Ἰσαυρίαν
2484 1154 2548 1221 ⁸⁵,
2596 1157 2690 1209 καὶ
2721 1156 2952 1221 Λυκίαν,
3001 1160 3095 1212 καὶ
3123 1160 3178 1211 αί
3210 1160 3353 1213 κατὰ
3397 1162 3577 1217 πᾶσαν
3605 1164 3766 1231 Δίγυκ

2188 1262 2324 1298 πτον
2355 1247 2423 1311 ³⁸,
2453 1247 2550 1300 καὶ
2583 1248 2813 1320 Λιϐύην,
2843 1251 2940 1304 καὶ
2964 1251 3181 1318 Πόντον,
3214 1252 3308 1306 καὶ
3339 1253 3759 1317 Καππαδοκίαν,

2176 1337 2274 1391 καὶ
2305 1337 2375 1391 τά
2406 1339 2633 1407 πλησίον
2665 1341 2830 1413 μέρη,
2854 1344 2948 1397 καὶ
2975 1346 3031 1397 αί
3062 1345 3204 1399 κατά
3241 1347 3507 1412 ἀνατολὰς
3536 1348 3761 1419 Ἐκκλη-

2177 1429 2312 1495 σίαι,
2367 1431 2542 1503 πάρεξ
2586 1432 2781 1503 ὀλίγων
2839 1436 2948 1490 τῶν
3004 1438 3072 1491 τά
3135 1439 3348 1509 Ἀρείου
3399 1443 3756 1512 φρονούντων.

2176 1518 2404 1574 Πάντων
2433 1522 2542 1592 γὰρ
2565 1522 2674 1577 τῶν
2708 1526 3123 1597 προειρημένων
3154 1530 3220 1599 τῇ
3251 1530 3420 1600 πείρᾳ
3445 1530 3757 1601 ἐγνώκαμεν

2172 1608 2274 1681 τὴν
2310 1610 2560 1683 γνώμην,
2616 1614 2710 1668 καὶ
2766 1618 3075 1688 γράμματα
3128 1620 3349 1690 ἔχομεν,
3392 1622 3489 1673 καὶ
3521 1622 3754 1691 οίδαμεν,

2173 1699 2553 1771 θεοφιλέστατε
2607 1704 2903 1774 Αύγουστε,
2942 1707 3145 1761 ὅτικᾶν
3183 1710 3353 1778 ὀλίγοι
3381 1711 3525 1775 τινὲς
3558 1711 3757 1765 ἀντιλέο

2170 1808 2310 1859 γωσι
2333 1793 2379 1825 ⁸⁸
2401 1794 2573 1866 ταύτῃ
2596 1798 2661 1866 τῇ
2687 1797 2888 1861 πίστει,
2912 1798 2973 1850 οὗ
3001 1797 3255 1853 δύνανται
3284 1801 3569 1872 πρόκριμα
3591 1805 3756 1856 ποιεῖν

2102 1869 2143 1923 Β
2174 1882 2323 1954 πάσῃ
2354 1886 2420 1954 τῇ
2448 1887 2764 1961 οἰκουμένῃ.
2792 1888 2980 1959 Πολλῷ
3003 1890 3112 1960 γὰρ
3133 1890 3311 1961 χρόνῳ
3329 1869 3624 1962 ’βλαϐέντες
3655 1893 3755 1946 ἀπὸ

477 1973 578 2041 τῆς
622 1971 911 2041 Ἀρειανῆς
963 1968 1254 2039 αἱρέσεως,
1334 1965 1767 2037 φιλονεικότερον
1814 1965 1911 2019 νῦν
1969 1967 2323 2026 ἀνθίστανται
2365 1978 2430 2045 τῇ
2471 1970 2748 2047 εὐσεϐείᾳ,
2828 1980 2939 2032 Καὶ
2992 1980 3133 2050 ὑπὲρ
3178 1980 3271 2034 τοῦ
3335 1983 3624 2051 γινώσκειν
3663 1983 3754 2053 τὴν

482 2065 584 2133 σὴν
632 2061 937 2126 εὐσέϐειαν,
989 2060 1171 2113 καίτοι
1219 2058 1620 2127 γινώσκουσαν,
1698 2059 1850 2128 ὅμως
1909 2059 2328 2132 ἐσπουδάσαμεν
2394 2065 2491 2136 τὴν
2544 2069 2601 2120 ἐν
2657 2068 2863 2140 Νικαίᾳ
2946 2070 3128 2124 πίστιν
3176 2072 3601 2146 ὁμολογηθεῖσαν
3656 2075 3755 2140 ὑπὸ

474 2152 805 2224 τριακοσίων
859 2151 993 2205 δέκα
1044 2153 1140 2205 καὶ
1190 2150 1335 2205 ὀκτὼ
1385 2150 1701 2205 ἐπισκόπων
1765 2150 2054 2215 ὑποτάξαι.
2097 2152 2256 2209 Ἔστι
2286 2157 2344 2212 δὲ
2372 2158 2548 2232 αῦτηο

545 2245 837 2302 Credimus
867 2250 920 2300 in
950 2261 1120 2301 unum
1152 2244 1341 2315 Deum,
1366 2246 1582 2304 Patrem
1602 2247 2061 2317 omnipotentem,

473 2338 721 2395 omnium
758 2338 1061 2394 visibilium
1093 2345 1149 2394 et
1178 2338 1541 2394 invisibilium
1575 2338 1867 2394 factorem.
1905 2337 1968 2392 Et
2007 2338 2064 2393 in

473 2447 643 2486 unum
676 2430 971 2486 Dominum
1003 2429 1194 2486 Jesum
1225 2431 1507 2486 Christum
1540 2430 1741 2485 Filium
1802 2430 1898 2485 Dei
1935 2432 2064 2486 uni-

472 2527 742 2601 genitum,
771 2524 1017 2595 genitum
1049 2524 1113 2578 de
1145 2521 1328 2589 Patre,
1366 2523 1468 2578 hoc
1510 2534 1595 2579 est
1624 2525 1692 2579 de
1748 2524 2061 2580 substantia

469 2621 652 2676 Patris
696 2638 708 2675 :
743 2610 916 2675 Deum
945 2617 1013 2673 de
1048 2613 1185 2684 Deo,
1225 2614 1415 2673 lumen
1475 2614 1544 2670 de
1601 2615 1832 2680 lumine,
1890 2616 2060 2671 Deum

469 2727 660 2767 verum
698 2710 765 2765 de
792 2708 903 2764 Deo
930 2722 1062 2764 vero
1095 2726 1110 2763 :
1140 2708 1410 2778 genitum,
1435 2722 1546 2762 non
1563 2704 1795 2772 factum,
1815 2707 2059 2762 consub-

470 2804 787 2860 stantialem
820 2800 991 2869 Patri,
1022 2815 1119 2871 per
1142 2815 1310 2869 quem
1360 2800 1547 2854 omnia
1598 2799 1745 2854 facta
1762 2809 1915 2863 sunt,
1937 2799 2058 2854 sive

470 2914 595 2969 quae
624 2897 679 2952 in
720 2895 887 2960 coelo,
950 2895 1068 2950 sive
1097 2908 1223 2964 quae
1258 2895 1316 2947 in
1339 2898 1507 2949 terra.
1566 2891 1671 2958 Qui
1702 2899 1928 2963 propter
1956 2905 2060 2946 nos

469 2990 745 3053 homines,
776 2996 831 3043 et
866 2993 1092 3058 propter
1122 2994 1367 3040 nostram
1399 2984 1658 3048 salutem,
1691 2983 1975 3039 descendit
2003 2992 2060 3039 et

469 3084 792 3138 incarnatus
823 3087 925 3142 est,
955 3094 1150 3149 passus
1178 3086 1286 3142 est,
1343 3076 1504 3147 951
1542 3077 1844 3132 resurrexit
1895 3077 2059 3133 tertia

468 3176 580 3239 die,
613 3172 867 3229 ascendit
896 3170 964 3227 ad
996 3172 1189 3234 cmlos,
1225 3180 1495 3226 venturus
1524 3177 1609 3224 est
1630 3168 1880 3238 judicare
1906 3170 2058 3224 vivos

466 3276 522 3322 cl.
553 3275 822 3321 mortuos.
850 3262 916 3317 Et
943 3263 995 3317 in
1028 3262 1294 3333 Spiritum
1320 3269 1592 3317 sanctum.
1623 3263 1728 3317 Eos
1753 3270 1933 3316 autem
1965 3261 2060 3332 qui

468 3360 715 3421 tllt‘llnl,(
734 3357 864 3409 Erat
882 3354 1104 3425 quando
1134 3369 1244 3408 non
1265 3360 1435 3418 erat,»
1461 3359 1535 3419 et,
1565 3373 1583 3404 ι
1605 3352 1932 3424 Priusquam
1964 3368 2061 3408 na-

2241 2255 2580 2326 Πιστεύομεν
2623 2259 2704 2322 είς
2749 2260 2845 2313 ἕνα
2873 2259 3028 2325 Θεὸν,
3070 2261 3288 2334 Πατέρα
3321 2266 3751 2336 παντοκράτορα,

2168 2346 2387 2401 πάντων
2407 2349 2620 2421 ὁρατῶν
2649 2368 2707 2404 τε
2734 2353 2828 2405 καὶ
2857 2353 3107 2423 ἀοράτων
3139 2357 3389 2428 ποιητήν.
3421 2357 3531 2409 Καὶ
3559 2358 3637 2420 είς
3658 2355 3755 2411 ἕνα

2168 2436 2375 2508 Κύριον
2418 2439 2621 2512 Ἰησοῦν
2667 2442 2925 2513 Χριστὸν,
2958 2445 3049 2497 τὸν
3080 2445 3211 2498 Υίὸν
3241 2448 3335 2499 τοῦ
3377 2447 3535 2515 Θεοῦ,
3566 2465 3755 2519 γεννη-

2174 2527 2341 2582 θέντα
2372 2531 2436 2584 ἐκ
2466 2533 2561 2585 τοῦ
2583 2533 2798 2605 Πατρδς
2819 2538 3107 2606 μονογενῆ,
3126 2538 3410 2591 τουτέστιν
3438 2540 3504 2591 ὲκ
3532 2538 3632 2608 τῆς
3661 2539 3752 2592 σὺ·

2170 2617 2293 2681 σίας
2319 2619 2412 2671 τοῦ
2441 2621 2653 2691 Πατρός
2680 2639 2695 2654 °
2726 2620 2860 2674 Θεὸν
2890 2623 2955 2675 ὲκ
2989 2621 3147 2688 Θεοῦ,
3173 2623 3290 2693 φῶς
3310 2625 3374 2677 ὲκ
3402 2624 3597 2693 φωτὸς,
3622 2623 3753 2677 Θεὸν

2166 2709 2420 2781 ἀληθινὸν
2434 2712 2498 2765 ἐκ
2510 2710 2645 2765 Θεοῦ
2657 2711 2935 2783 ἀληθινοῦ·
2956 2715 3309 2785 γεννηθέντα,
3340 2715 3403 2769 οὐ
3422 2713 3719 2784 ποιηθέντα
3733 2728 3751 2747 ⁸

2165 2801 2450 2870 όμοούσιον
2471 2802 2550 2873 τῷ
2573 2804 2767 2874 Πατρὶ.
2796 2803 2865 2857 δι’
2892 2798 2953 2859 οὗ
2974 2805 3044 2859 τά
3071 2807 3251 2860 πάντα
3268 2806 3502 2876 ἐγένετο,
3528 2806 3596 2859 τά
3612 2822 3673 2859 τε
3697 2807 3754 2859 ὲν

2164 2888 2243 2958 τῷ
2269 2890 2505 2962 οὐρανῷ,
2535 2892 2630 2945 καὶ
2667 2890 2736 2944 τὰ
2765 2892 2858 2945 ἐπὶ
2889 2894 2987 2964 τῆς
3025 2893 3150 2965 γῆς.
3191 2895 3296 2949 Τὸν
3336 2895 3405 2949 δι’
3449 2897 3598 2966 ἡμᾶς
3625 2896 3753 2959 τοὺς

2161 2980 2504 3050 ἀνθρώπους,
2543 2983 2637 3036 καὶ
2684 2984 2775 3037 διὰ
2805 2985 2904 3054 τὴν
2935 2986 3213 3059 ἡμετέραν
3247 2988 3520 3060 σωτηρίαν
3567 2988 3756 3042 κατελ-

2163 3073 2364 3139 θόντα,
2434 3075 2818 3148 σαρκωθέντα,
2866 3078 3367 3153 ὲνανθρωπήσαντα
3386 3082 3452 3145 ⁸⁷,
3491 3080 3751 3144 παθόντα,

2167 3166 2262 3219 καὶ
2296 3168 2606 3223 ἀναστάντα
2635 3171 2701 3239 τῇ
2732 3168 2892 3241 τρίτῃ
2934 3171 3140 3243 ἡμέρᾳ,
3184 3171 3476 3226 ἀνελθόντα
3518 3173 3600 3235 είς
3626 3172 3754 3237 τοὺς

2165 3258 2448 3331 οὐρανοὺς,
2481 3261 2777 3332 ἐρχόμενον
2810 3264 2990 3332 κρῖναι
3022 3263 3230 3329 ζῶντας
3257 3265 3351 3320 καὶ
3371 3264 3618 3337 νεκρούς.
3643 3266 3755 3319 Καὶ

2166 3351 2246 3414 είς
2277 3349 2337 3403 τὸ
2366 3352 2520 3418 ἅγιον
2553 3351 2799 3421 Πνεῦμα.
2833 3354 2972 3417 Τοὺς
3001 3354 3060 3408 δὲ
3108 3354 3385 3424 λέγοντας,
3417 3373 3435 3407 ι
3478 3352 3588 3410 τΗν
3621 3373 3752 3410 ποτε

470 3459 720 3507 scerctur
740 3463 852 3503 non
871 3454 1010 3512 erat,
1025 3454 1108 3500 ιρι
1126 3445 1274 3517 quod
1293 3462 1357 3501 ex
1386 3461 1496 3501 non
1516 3446 1864 3502 exstantibus
1880 3446 2060 3502 factus

2163 3440 2253 3492 ὅτε
2276 3441 2376 3493 οὐκ
2393 3436 2513 3511 ἦν,ι
2539 3443 2654 3506 καὶ,
2681 3443 2848 3514 «Πρὶν
2865 3445 3306 3515 γεννηθῆναιούκ
3327 3443 3415 3516 ἦν,
3431 3466 3449 3496 ι
3474 3448 3567 3501 καὶ
3583 3449 3665 3501 ὅτι
3692 3449 3753 3513 ἐξ

469 3557 577 3608 οει,
632 3543 727 3615 νειν
759 3557 826 3597 ex
861 3540 968 3594 alia
1027 3540 1338 3596 substantia
1373 3538 1458 3593 vel
1509 3540 1752 3595 essentia
1807 3538 2059 3595 dicentes

467 3650 614 3697 esse,
647 3633 733 3688 vel
773 3639 1043 3694 creatum,
1081 3639 1175 3684 aut
1204 3629 1645 3694 convertibilcm,
1692 3637 1786 3684 aut
1819 3630 2061 3685 mutabi-

467 3724 573 3780 lem
609 3721 812 3776 Filium
846 3719 962 3787 Dei,
999 3720 1431 3776 anathematizat
1485 3727 1679 3776 sancta
1706 3720 1976 3775 catholica
2005 3728 2060 3775 et

466 3816 773 3887 apostolica
794 3812 1064 3869 Ecclesia.

532 3907 592 3963 ln
626 3908 729 3962 hac
750 3908 877 3975 lide,
910 3905 1335 3977 religiosissime
1383 3906 1652 3978 Auguste,
1686 3913 1745 3960 ut
1775 3905 1964 3961 divina
2002 3915 2059 3961 et

463 4001 789 4073 apostolica,
821 4001 1145 4055 necessario
1168 3999 1589 4055 consistendum
1623 4004 1731 4063 est,
1765 4013 1868 4053 nec
1897 3999 2056 4052 eam‘

461 4089 836 4145 contensiosis
891 4096 946 4143 et
1003 4088 1071 4143 ad
1129 4088 1574 4159 persuadendum
1623 4087 2057 4143 accommodatis

462 4185 814 4241 sermonibus
845 4182 1139 4237 immutare
1158 4184 1451 4253 quisquam
1479 4182 1674 4237 debet:
1694 4181 1838 4252 quod
1864 4195 2054 4236 amen-

460 4284 545 4332 tes
601 4276 788 4329 Ariani
819 4275 891 4330 ab
939 4275 1099 4330 initio
1131 4275 1404 4341 fecerunt,
1436 4290 1502 4328 ex
1536 4290 1648 4330 non
1705 4274 2054 4330 exstantibus

460 4370 706 4425 dicentes
734 4367 937 4423 Filium
973 4367 1089 4431 Dei,
1121 4376 1175 4423 et
1197 4368 1344 4439 quod
1376 4367 1739 4437 eratquando
1769 4382 1874 4420 non
1910 4374 2050 4432 erat,

460 4475 513 4519 et
543 4461 691 4533 quod
715 4471 954 4528 creatus,
987 4470 1041 4516 et
1073 4461 1276 4527 factus,
1308 4471 1361 4516 et
1390 4460 1775 4515 convertibilis
1805 4460 1897 4515 sit.
1933 4458 2051 4525 Qua

461 4557 530 4614 de
554 4572 721 4613 causa
752 4556 1001 4628 synodus
1030 4552 1274 4618 Nicaena,
1309 4559 1370 4607 ut
1401 4562 1529 4606 ante
1558 4552 1824 4616 diximus,
1858 4552 2050 4608 istius-

458 4644 608 4701 modi
665 4644 920 4700 ltaaresim
973 4642 1327 4696 anathemate
1377 4639 1628 4704 conﬁxit,
1688 4640 2050 4712 veritatisque

459 4737 621 4794 iidem
652 4739 902 4809 professa
932 4741 1036 4791 est.
1069 4732 1187 4788 Non
1241 4733 1389 4789 enim
1447 4732 1776 4803 simpliciter
1805 4733 2044 4791 similem

459 4826 610 4886 Patri
664 4829 863 4883 Filium
903 4826 1187 4891 dixerunt,
1219 4838 1290 4879 ne
1320 4822 1644 4894 simpliciter
1674 4824 1872 4880 similis
1912 4823 2042 4889 Deo,

459 4923 555 4979 sed
585 4938 653 4978 ex
686 4920 799 4976 Deo
845 4920 990 4975 Deus
1018 4931 1185 4975 verus
1214 4914 1477 4971 credatur
1510 4933 1524 4971 :
1558 4916 1654 4972 sed
1699 4915 2050 4970 consubstano

459 5017 639 5074 tialem
692 5030 914 5086 quoque
962 5012 1334 5084 scripserunt,
1376 5009 1522 5080 quod
1571 5010 1820 5082 germani
1852 5018 1905 5064 et
1933 5008 2050 5064 veri

454 5127 519 5166 ex
554 5125 680 5166 vero
709 5120 764 5165 et
817 5107 1058 5163 naturali
1114 5093 1271 5176 pat're
1316 5101 1412 5156 ﬁlii
1471 5108 1558 5159 est
1591 5102 1894 5173 proprium.
1943 5099 2050 5155 Sed

455 5217 635 5273 neque
686 5198 952 5271 Spiritum
1002 5204 1257 5253 sanctum
1291 5210 1321 5248 a
1349 5192 1519 5248 Patre
1547 5203 1601 5248 et
1630 5191 1772 5246 Filio
1820 5204 2042 5260 separa-

456 5300 606 5356 runt,
637 5291 733 5346 sed
781 5304 907 5345 eum
952 5302 1078 5344 cum
1110 5288 1272 5341 Patre
1299 5295 1352 5342 et
1382 5284 1522 5339 Filio
1570 5280 1954 5355 gloriﬁcarunt
1985 5278 2041 5333 in

455 5401 565 5439 una
597 5394 801 5439 sanctae
833 5382 1120 5438 Trinitatis
1152 5380 1280 5446 ﬁde,
1323 5388 1611 5452 propterea
1638 5373 1785 5447 quod
1832 5388 1941 5427 una
1972 5372 2044 5427 sit

455 5478 509 5533 in
541 5484 732 5533 sancta
763 5474 1034 5532 Trinitate
1062 5475 1345 5531 divinitas.

2163 3532 2263 3585 οὐκ
2285 3532 2453 3587 ὄντων
2485 3533 2723 3602 ἐγένετο,
2758 3535 2791 3605 ἦ
2825 3534 2885 3601 ἐξ
2908 3537 3103 3608 ἑτέρας
3134 3537 3486 3601 ὑποστάσεως
3511 3538 3544 3609 ἢ
3567 3538 3752 3603 οὐσίας

2164 3625 2472 3693 φάσκοντας
2496 3621 2655 3690 εἶναι,
2693 3625 2726 3695 ἢ
2759 3628 2995 3693 κτιστὺν,
3037 3627 3069 3699 ἢ
3106 3628 3360 3698 τρεπτὸν,
3392 3627 3424 3699 ἦ
3458 3629 3752 3683 ἀλλοιωτὸν

2161 3716 2253 3770 τὸν
2310 3716 2438 3771 Υίὸν
2468 3719 2563 3770 τοῦ
2592 3716 2751 3782 Θεοῦ,
2789 3718 3012 3782 τούτους
3065 3718 3217 3792 [155]
3279 3721 3668 3786 ἀναθεματίζει
3718 3724 3752 3794 ἡ

2162 3807 2294 3877 ἁγία
2327 3809 2590 3880 καθολικὴ
2624 3811 2718 3865 καὶ
2752 3811 3087 3884 ἀποστολικὴ
3129 3813 3428 3884 Ἐκκλησία

2233 3903 2414 3975 Ταύτῃ
2445 3906 2509 3975 τῇ
2552 3904 2753 3968 πίστει,
2786 3904 3172 3973 θεοφιλέστατε
3206 3906 3518 3975 Αὖγουστε,
3550 3908 3754 3979 ἐπιμέ-

2160 4012 2272 4048 νειν
2305 3996 2622 4064 ἀναγκαῖον,
2647 3994 2722 4058 ὡς
2752 3995 2873 4067 θείᾳ
2909 3998 3004 4051 καὶ
3040 3998 3395 4071 ἀποστολικῇ,
3422 4000 3518 4053 καὶ
3545 3999 3754 4071 μηδένα

2163 4088 2475 4156 μετακινεῖν
2519 4084 2690 4156 αὐτὴν
2749 4086 3157 4157 πιθανολογίαις
3214 4092 3309 4142 καὶ
3354 4090 3749 4162 λογομαχίαις’

2158 4179 2298 4249 ὅπερ
2340 4177 2606 4234 ἐποίησαν
2650 4179 2711 4243 ἐξ
2755 4179 2930 4251 ἀρχῆς
2957 4181 3007 4233 οι
3060 4181 3486 4252 Ἀρειομανίται,
3536 4181 3595 4248 ἐξ
3648 4183 3755 4237 οὐκ

2157 4270 2327 4324 ὄντων
2363 4269 2455 4323 τὸν
2512 4270 2632 4324 Γίδν
2661 4269 2755 4323 τοῦ
2785 4270 2921 4324 Θεοῦ
2964 4269 3237 4340 λέγοντες,
3278 4274 3375 4327 καὶ
3404 4274 3486 4327 ὅτι
3516 4268 3586 4345 ἦν
3614 4291 3753 4329 ποτε

2156 4360 2247 4414 ὅτε
2276 4361 2376 4414 ούκ
2420 4356 2511 4432 ἦν,
2547 4361 2641 4414 καὶ
2686 4361 2926 4428 κτιστὸς,
2958 4362 3053 4415 καὶ
3084 4362 3326 4433 ποιητὸς,
3374 4363 3469 4417 καὶ
3511 4366 3754 4435 τρεπτός

2154 4456 2294 4509 ἐστι.
2338 4456 2437 4509 Διά
2478 4455 2638 4509 τοῦτο
2688 4456 2819 4528 γὰρ,
2872 4457 3015 4511 καθά
3066 4458 3425 4530 προείπομεν,
3469 4460 3564 4514 καὶ
3612 4462 3645 4531 ἡ
3690 4462 3753 4513 ἐν

2154 4549 2365 4621 Νικαίᾳ
2396 4548 2617 4614 σύνοδος
2664 4550 3028 4622 ἀνεθεμάτισε
3064 4552 3164 4623 τὴν
3205 4552 3463 4625 τοιαύτην
3506 4554 3747 4625 αἵρεσιν,

2152 4643 2252 4714 τὴν
2279 4618 2351 4696 δὲή
2381 4642 2481 4713 τῆς
2513 4642 2774 4713 ἀληθείας
2817 4618 2999 4697 πίστιν
3028 4618 3382 4717 ὡμολόγησεν
3402 4618 3468 4701 ίθ.
3614 4618 3752 4718 δγεὶιρ

2153 4734 2342 4799 ἁπλῶς
2380 4736 2563 4806 ὅμοιον
2593 4736 2846 4807 εἰρήκασι
2874 4734 2965 4789 τὸν
2997 4734 3125 4790 Υίὸν
3169 4735 3246 4806 τῷ
3292 4737 3487 4810 Πατρὶ,
3537 4738 3626 4792 ἵνα
3668 4738 3753 4810 μὴ

2080 4789 2124 4845 D
2155 4789 2343 4892 ἁπλῶς
2372 4789 2558 4899 ὅμοιος
2642 4789 2879 4894 ἐῢ’Θεοῖη
2913 4828 3029 4882 ἀλλ’
3055 4789 3120 4883 ὲκ
3152 4789 3247 4883 τοῦ
3273 4789 3574 4895 ΘεοῦΙΘεὸς

2151 4921 2299 4987 θινὸς
2353 4921 2709 4994 πιστεύηταιο
2766 4922 2902 4976 ἀλλά
2949 4923 3046 4977 καὶ
3097 4926 3426 4993 ὁμοούσιον
3469 4924 3749 4997 ἔγραψαν,

2153 5012 2293 5083 ὅπερ
2315 5011 2444 5065 ἴδιόν
2465 5014 2584 5065 ὲστι
2620 5012 2848 5083 γνησίου
2876 5013 2973 5066 καὶ
3013 5013 3268 5087 ἀληθινοῦ
3302 5014 3420 5069 υίοῦ
3460 5015 3520 5080 ἐξ
3546 5013 3749 5087 ἀληθι-

2151 5103 2245 5159 νοῦ
2272 5105 2367 5159 καὶ
2395 5103 2558 5174 φύσει
2592 5104 2821 5174 πατρός.
2861 5104 3002 5158 Ἀλλ’
3040 5106 3161 5160 οὐδὲ
3203 5107 3655 5180 ἁπηλλοτρίωσαν
3683 5109 3754 5164 τὸ

2152 5194 2381 5267 Πνεῦμα
2406 5195 2468 5249 τὸ
2496 5195 2651 5262 ἆγιον
2676 5196 2784 5249 ἀπὸ
2804 5196 2898 5251 τοῦ
2930 5197 3142 5268 Πατρός
3174 5199 3268 5254 καὶ
3290 5199 3384 5253 τοῦ
3417 5199 3578 5255 Υίοῦ’
3603 5200 3749 5255 ἀλλά

2157 5285 2359 5354 μᾶλλον
2390 5283 2749 5350 συνεδόξασαν
2778 5286 2912 5339 αὐτὸ
2938 5286 3015 5358 τῷ
3045 5287 3222 5361 Πατρὶ
3265 5291 3355 5343 καὶ
3383 5288 3462 5360 τῷ
3500 5288 3639 5361 Υίῷ,
3682 5291 3758 5343 ἐν

2152 5379 2218 5449 τῇ
2249 5377 2349 5449 μιᾷ
2387 5376 2486 5447 τῆς
2523 5376 2686 5446 ἀγίας
2733 5377 2960 5449 Τριάδος
3007 5378 3213 5444 πίστει,
3246 5381 3333 5435 διὰ
3373 5380 3433 5435 τὸ
3478 5382 3574 5437 καὶ
3607 5382 3753 5454 μίαν

2153 5466 2416 5541 εἶναιτὴν
2448 5470 2504 5523 ὲν
2532 5471 2599 5541 τῇ
2628 5468 2760 5539 ἀγίᾳ
2796 5468 2988 5539 Τριάδι
3023 5469 3269 5543 θεότητα.

1738 5643 1825 5698 VA
1837 5644 1975 5698 R1113
2015 5641 2415 5699 LECTIONES.

521 5743 695 5814 “Achv
729 5741 832 5814 Σπ.
867 5742 1058 5814 Basil.,
1083 5743 1298 5814 Steph.,
1328 5742 1605 5814 Albanas.
1673 5741 1722 5814 "_
1752 5739 1806 5791 αἱ
1831 5738 1985 5814 abest
2014 5736 2083 5791 ab
2109 5738 2307 5814 Athan.
2339 5744 2394 5792 et
2423 5734 2596 5814 Basil_.
2667 5737 2712 5814 ff
2746 5740 2946 5814 πᾷσαν,
2983 5741 3426 5814 καξΣαρδανίαν.
3464 5745 3746 5806 Athanas.

453 5810 688 5883 Σαρδαν.
713 5810 880 5883 etiam
910 5811 1036 5883 Bas.
1099 5822 1154 5883 et
1182 5810 1394 5883 'Steph.

458 5879 732 5935 Albanas.
758 5879 869 5931 Kal.
895 5881 1076 5934 πᾶσαν
1104 5880 1272 5936 Basil.

1513 5808 1791 5887 ’δΑυκίαν
1823 5809 2156 5887 ξανιειιυρι
2211 5808 2979 5887 “Wesaﬂasil-aSteph;
3065 5808 3745 5887 ’Μεθώνη-Αἴγυπτε

1371 5877 1980 5958 ’ξμάγτιλέγουσιηβιι-εη
2008 5877 2199 5958 Steph.
2286 5879 2331 5911 "
2357 5878 2657 5958 ἀνελθόντα
2691 5877 2902 5937 addunt
2938 5880 3060 5940 Bas.
3102 5890 3156 5940 et
3177 5883 3368 5956 Steph.
3445 5887 3492 5921 ”
3517 5877 3744 5958 ὡμολό-

457 5963 654 6016 γησαν.
678 5944 853 6037 _lidem
886 5963 1014 6004 cum
1047 5948 1315 6008 Athanas.
1348 6020 1353 6023 ι
1392 5950 1437 5984 ⁸⁸
1464 5946 1499 6025 ᾗ
1531 5944 1685 6006 abest
1714 5949 1781 6005 ab
1812 5948 2025 6005 iisdem.
2061 5947 2327 6003 Athanas.
2352 5947 2492 6019 Θεῷ.
