4124 6446
520 447 657 513 1131

1544 443 2035 506 TIIEODORETI
2066 438 2419 507 EPlSCOPf
2435 448 2802 510 CYRENSIS

3666 441 3798 510 1132

522 562 809 626 instruxit,
864 564 1082 616 initium
1114 562 1322 616 ducens
1361 573 1391 612 a
1423 556 1812 628 pnedicatione
1862 557 2100 625 pietatis.

2211 560 2305 613 καὶ
2350 562 2449 631 τῆς
2480 561 2781 629 Αἰγύπτου,
2826 561 3004 632 ἐαυτῷ
3043 560 3143 632 τὴν
3191 560 3462 632 Εὐρώπην
3510 562 3792 633 ἀπένειμε.

520 654 799 709 Auxentio
825 655 1119 728 enimnqni
1149 652 1341 705 Ariani
1398 651 1519 705 labe
1576 649 1816 704 infectus
1848 648 2110 704 Mediola-

522 746 681 801 nensi
749 743 1015 800 Ecclesiae
1064 744 1396 815 praepositus
1457 741 1638 796 fuerat
1695 741 1992 812 multisque
2051 742 2107 797 in

521 837 747 909 synodis
778 836 1087 901 abdicatus,
1119 836 1229 891 vita
1261 835 1473 897 functo,
1504 835 1797 907 episcopos
1827 834 2110 891 advocans

519 931 836 999 imperator,
868 928 955 984 bis
987 944 1084 984 eos
1116 928 1299 983 verbis
1331 928 1611 983 allocutus
1641 934 1767 983 est:
1808 924 2111 998 «Ignorare

518 1034 624 1074 non
660 1018 918 1089 potestis,
951 1017 1156 1089 quippe
1184 1017 1388 1073 divinis
1417 1016 1641 1072 Litteris
1670 1016 1945 1081 innutriti,
1968 1031 2108 1087 qua-

516 1109 619 1163 lem
653 1124 776 1165 esse
800 1110 1092 1164 conveniat
1121 1124 1246 1165 eum
1280 1109 1375 1179 qui
1396 1108 1715 1178 pontificatu
1735 1116 1965 1163 ornatus
1991 1108 2065 1161 sit
2093 1126 2106 1161 :

514 1199 772 1271 quodque
803 1210 1053 1271 oporteat
1084 1202 1238 1256 illum
1272 1218 1381 1257 non
1411 1202 1588 1256 solum
1622 1200 1898 1269 doctrina,
1918 1216 2109 1256 verum

512 1292 679 1347 etiam
710 1291 824 1347 vita
855 1293 1112 1349 subditos
1157 1292 1480 1360 informare,
1514 1307 1578 1347 ac
1625 1308 1749 1349 sese
1793 1293 1904 1349 illis
1933 1294 2109 1348 virtu-

511 1392 627 1439 tum
655 1386 903 1441 omnium
936 1385 1218 1455 exemplar
1245 1400 1573 1455 proponere,
1604 1393 1914 1456 testemque
1942 1384 2111 1458 954

515 1476 784 1532 doctrina:
841 1476 1321 1533 conversationem
1379 1476 1604 1532 habere.
1660 1475 1903 1532 Proinde
1944 1479 2108 1532 talem

514 1583 664 1623 nunc
704 1568 759 1622 in
789 1568 1094 1639 episcopali
1140 1568 1401 1624 cathedra
1430 1571 1448 1589 '
1479 1569 1774 1635 collocate,
1829 1580 1888 1623 ut
1917 1578 1970 1625 et
2004 1584 2110 1624 nos

514 1661 641 1731 ipsi,
674 1660 768 1730 qui
796 1662 1039 1730 regimus
1084 1660 1401 1730 imperium,
1444 1659 1662 1716 sincera
1688 1660 1973 1716 voluntate
2031 1659 2108 1714 illi

513 1751 695 1821 capita
742 1759 931 1805 nostra
995 1749 1354 1815 inelinemus,
1390 1758 1445 1805 et
1473 1749 1935 1820 reprehensiones
1988 1750 2111 1821 ejus

511 1836 655 1906 (labi
692 1858 795 1900 nos
829 1843 975 1898 enim
1008 1858 1241 1899 necesse
1287 1853 1391 1906 est,
1428 1860 1552 1899 eum
1592 1844 1848 1900 homines
1900 1846 2107 1915 simus)

2217 652 2327 705 Καὶ
2354 652 2455 722 τὴν
2493 651 2766 724 Ἑσπέραν
2794 651 3141 718 καταλαὸὼν,
3173 654 3353 707 πᾶσαν
3383 653 3556 725 αὐτὴν
3583 653 3797 719 ἐξεπαί-

2212 742 2401 796 δευσεν
2447 742 2726 814 εὐνομίαν,
2761 743 2869 797 ἀπὸ
2898 743 3007 796 τῶν
3046 743 3142 815 τῆς
3188 743 3470 808 εὐσεϐείας
3505 748 3795 816 κηρυγμά-

2210 853 2320 890 των
2351 836 2679 909 ἀρξάμενος.
2727 836 3019 904 Αύξεντίου
3048 836 3180 908 γὰρ,
3211 837 3271 899 ὃς
3298 834 3397 908 τὴν
3439 837 3658 908 Ἀρείου
3700 838 3797 908 μέν

2212 928 2520 996 εἰσεδέξατο
2565 922 2748 999 λώϐην
2771 971 2785 993 ,
2842 928 3174 983 Μεδιολάνου
3215 928 3273 982 δὲ
3325 927 3422 999 τὴν
3476 927 3799 998 Ἐκκλησίαν

2213 1021 2669 1091 πεπιστευμένος,
2709 1021 2769 1075 ἐν
2801 1019 3084 1084 πλείσταις
3123 1020 3486 1093 ἀπεκηρύχθη
3537 1019 3795 1082 συνόδοις,

2210 1111 2305 1165 τὸν
2341 1112 2456 1183 βίον
2487 1112 2896 1181 ὑπεξελθόντος,
2951 1112 3453 1185 μεταπεμψάμενος
3499 1115 3629 1178 τοὺς
3684 1116 3801 1167 ἐπι-

2214 1204 2448 1268 σκόπους
2506 1206 2537 1258 ό
2573 1204 2847 1276 βασιλεὺς,
2880 1205 3109 1260 τοιοῖσδε
3141 1206 3278 1278 πρὸς
3305 1205 3505 1268 αὐτοὺς
3533 1206 3802 1277 ἐχρήσατο

2212 1297 2423 1366 ).όγοις’
2467 1316 2486 1350 ι
2528 1298 2674 1353 Ἶστε
2706 1296 2957 1367 σαφῶςκ
2988 1298 3083 1354 ἆτε
3133 1297 3197 1371 δὴ
3245 1298 3359 1362 τοῖς
3400 1297 3569 1362 θείοις
3620 1297 3801 1366 λόγοις

2212 1389 2667 1461 ἐντεθραμμένοι,
2697 1390 2880 1444 ὁποῖον
2919 1384 3061 1443 εἶναι
3095 1389 3360 1461 προσήκει
3389 1388 3482 1442 τὸν
3528 1390 3799 1460 ἀρχιερω-

2214 1484 2380 1554 σύνης
2407 1483 2746 1554 ἠξιωμένον,
2796 1482 2891 1536 καὶ
2918 1481 2994 1546 ὡς
3035 1482 3096 1535 οὐ
3129 1482 3235 1553 χρὴ
3277 1480 3422 1552 λόγῳ
3455 1482 3622 1551 μόνῳ,
3664 1480 3800 1534 ἀλλά

2212 1576 2309 1631 καλ⁸
2340 1573 2440 1644 βίῳ
2467 1574 2596 1637 τοὺς
2627 1574 2966 1645 ἀρχομένους
2994 1570 3300 1642 ῥυθμίζειν,
3342 1570 3437 1624 καὶ
3466 1570 3649 1639 πάσης
3679 1572 3802 1638 ἀρε-

2210 1667 2312 1735 τῆς
2342 1665 2533 1718 ἐαυτὸν
2566 1665 2876 1735 ἀρχέτυπον
2917 1663 3074 1737 [137]
3129 1663 3459 1733 προτιθέναι,
3512 1663 3607 1717 καὶ
3653 1660 3796 1730 μάρ-

2213 1770 2351 1825 τυρα
2382 1752 2527 1823 ἔχειν
2565 1756 2661 1823 τῆς
2692 1752 3043 1817 διδασκαλίας
3080 1747 3178 1825 τὴν
3212 1752 3509 1808 πολιτείαν.
3543 1749 3798 1805 Τοιοῦτον

2214 1847 2279 1919 δὴ
2327 1843 2420 1900 οὖν
2470 1846 2562 1899 καὶ
2611 1845 2705 1900 νῦν
2750 1849 2861 1910 τοῖς
2910 1847 3317 1919 ἀρχιερατικοῖς
3367 1844 3798 1916 ἐγκαθιδρύσατε

509 1944 771 2005 tanquam
799 1933 993 1989 medici
1038 1934 1378 1989 curationem
1416 1935 1650 1990 libenter
1673 1936 2052 1991 admittanins.
2088 1955 2101 1988 ι

2218 1935 2437 1999 θώκοις,
2469 1934 2619 1999 ὅπως
2648 1935 2746 1988 καὶ
2776 1936 2937 2006 ἡμεῖς
2969 1937 3020 1986 οὶ
3049 1935 3148 2004 τὴν
3184 1934 3467 2005 βασιλείαν
3506 1932 3796 1996 ίθύνοντες,

508 2024 817 2096 είλικρινῶς
877 2025 1030 2097 αὐτῷ
1071 2026 1169 2091 τὰς
1227 2026 1507 2098 ἡμετέρας
1553 2027 1942 2096 ὑποκλίνοιμεν
1964 2030 2011 2061 ⁷³
2061 2027 2329 2098 κεφαλάς,
2388 2026 2485 2080 καὶ
2538 2027 2667 2090 τοὺς
2702 2027 2836 2098 παρ’
2904 2027 3112 2082 ἐκείνου
3159 2027 3487 2099 γενομένους
3543 2025 3795 2097 ἐλέγχους

512 2118 864 2193 (ἀνθρώπους
896 2120 1006 2190 γὰρ
1056 2120 1217 2184 όντας
1249 2121 1343 2175 καὶ
1374 2123 1735 2192 προσπταίειν
1774 2123 2039 2194 ἀνάγκη),
2066 2124 2149 2187 ὼς
2190 2124 2441 2195 ἰατρικὴν
2475 2120 2859 2193 ἀσπαζοίμεθα
2879 2123 2926 2155 τ’
2958 2122 3278 2192 θεραπείαν.
3319 2140 3338 2175 ι

814 2213 971 2270 CAP.
1004 2212 1095 2270 VI.
1139 2215 1231 2288 [Β.
1263 2214 1347 2271 St.
1379 2216 1477 2272 Cb.
1510 2215 1562 2275 6.
1601 2217 1665 2272 v.
1702 2217 1782 2291 7.]

577 2307 653 2363 De
682 2307 1017 2363 ordinatione
1045 2306 1312 2364 Ambrosii
1333 2309 1563 2381 episcopi
1584 2308 2027 2367 Mediolanensis.

573 2459 702 2517 Haec
735 2462 1038 2533 imperator
1080 2477 1208 2519 cum
1260 2462 1516 2529 dixisset,
1561 2465 1793 2536 rogabat
1856 2467 2102 2537 synodus

507 2559 568 2607 ut
596 2552 836 2624 ipsemet
860 2554 1137 2624 sapientia
1170 2562 1224 2610 et
1274 2554 1480 2624 pietate
1514 2556 1750 2627 insignis
1777 2558 2100 2629 episcopum

502 2643 785 2716 deligeret.
825 2643 893 2699 At
927 2645 1017 2700 ille
1042 2663 1060 2699 :
1098 2663 1118 2697 ι
1143 2644 1320 2716 Majus
1351 2654 1455 2710 est,
1489 2647 1689 2719 inquit,
1720 2649 1930 2705 viribus
1960 2654 2100 2708 meis

502 2736 609 2791 hoc
646 2735 949 2807 negotium.
986 2734 1100 2794 Vos
1154 2737 1248 2807 qui
1279 2736 1467 2793 divina
1517 2739 1699 2811 gratia
1729 2740 1912 2795 ornati
1940 2743 2099 2809 estis,

502 2834 557 2881 et
608 2825 703 2881 illo
763 2827 1058 2897 splendore
1116 2827 1435 2895 illuininati,
1471 2831 1670 2886 melius
1700 2830 2031 2889 decernetis.
2074 2854 2093 2885 ι

501 2921 721 2993 Egressi
759 2938 891 2994 ergo
923 2923 1166 2994 episcopi
1196 2938 1385 2980 secum
1420 2925 1526 2995 ipsi
1578 2924 1991 2983 deliberabant.
2032 2929 2103 2983 At

501 3015 558 3069 in
580 3014 716 3071 urbe
731 3015 880 3071 cives
898 3025 953 3071 et
977 3016 1171 3071 incola:
1186 3031 1311 3071 cum
1335 3019 1573 3073 tumultu
1593 3018 1956 3086 dissidebant,
1980 3022 2104 3075 aliis

498 3104 675 3171 hunc,
703 3106 827 3163 aliis
858 3107 1011 3162 illum
1045 3107 1273 3178 provehi
1305 3108 1795 3165 contendentibus.
1835 3110 1971 3167 Nam
2002 3115 2098 3184 qui

498 3198 761 3254 Anxentii
796 3200 992 3254 morbo
1026 3201 1160 3254 tacti
1187 3198 1431 3268 fuerant,
1460 3216 1575 3256 sua:
1596 3204 1888 3259 sententiae
1917 3205 2095 3260 homi-

499 3306 600 3347 nes
623 3291 1029 3362 designabant;
1063 3292 1160 3361 qui
1218 3291 1501 3346 saniorum
1558 3294 1794 3364 partium
1836 3304 2015 3361 erant,
2048 3308 2103 3354 et

501 3385 610 3455 ipsi
658 3383 869 3454 pariter
898 3382 1337 3438 consentientem
1375 3384 1478 3439 sibi
1528 3383 1724 3441 durem
1759 3386 1963 3447 habere
1998 3405 2099 3443 cu-

501 3475 746 3547 piebant.
772 3472 889 3530 Hoc
918 3474 1152 3531 dissidio
1166 3476 1580 3543 animadverso,
1612 3476 1939 3535 Ambrosius
1960 3496 2091 3551 gen-

495 3569 576 3625 tis
638 3568 788 3623 illius
817 3578 950 3623 tunc
984 3578 1186 3635 rector,
1217 3570 1427 3626 veritus
1481 3585 1552 3626 ne
1589 3569 1724 3641 quid
1783 3582 2100 3639 novaretur,

499 3675 743 3731 propere
772 3660 841 3714 ad
871 3660 1162 3717 ecclesiam
1187 3662 1456 3716 accurrit.
1492 3660 1650 3717 Tunc
1682 3662 1760 3717 illi
1785 3678 2105 3737 compressa

503 3752 796 3819 seditione,
830 3753 1111 3808 communi
1164 3766 1362 3808 omnes
1419 3768 1554 3809 voce
1605 3754 1959 3813 Ambrosium
2001 3760 2105 3815 sibi

492 3850 775 3915 pastorem
801 3840 922 3897 dari
974 3840 1301 3912 deposcunt,
1336 3842 1433 3913 qui
1472 3844 1648 3901 sacris
1677 3847 1954 3917 mysteriis
2003 3850 2106 3904 ini-

490 3936 668 3993 .tiatus
685 3936 933 3990 nondum
959 3943 1100 3992 erat.

577 4138 663 4212 [Β.
686 4137 765 4211 7.]
782 4137 906 4204 Quo
928 4139 1173 4208 cognito,
1197 4138 1494 4208 imperator
1522 4141 1813 4196 confestim
1836 4141 2103 4212 baptizari

496 4239 564 4285 et
621 4230 869 4285 ordinari
923 4228 1362 4284 laudatissimum
1418 4229 1594 4284 virum
1626 4229 1816 4299 jussit.
1879 4230 2100 4284 Sciebat

496 4318 655 4373 enim
721 4327 959 4372 mentem
1014 4316 1091 4372 illi
1120 4332 1244 4374 esse
1295 4317 1444 4372 omni
1483 4318 1879 4387 perpendicqu
1934 4317 2099 4390 955

500 4407 827 4470 rectiorcm,
878 4407 1292 4477 sententiasque
1322 4407 1474 4461 onmi
1506 4421 1702 4461 norma
1766 4409 2095 4463 exactiores.

506 4498 576 4553 Et
617 4497 865 4553 divinum
920 4513 1142 4569 quoque
1175 4496 1495 4568 suffragium
1525 4496 1630 4551 hoc
1658 4496 1830 4554 fuisse
1861 4498 2097 4554 arbitra—

502 4590 685 4656 batur,
715 4588 1093 4658 conjecturam
1131 4586 1342 4642 ducens
1374 4603 1437 4642 ex
1467 4585 1684 4642 diversa
1738 4589 2095 4645 sentientium

504 4678 1150 4750 coneordia.Postquam
1182 4685 1238 4734 et
1258 4676 1446 4732 divino
1488 4679 1633 4733 sacri
1669 4680 1928 4751 baptismi
1950 4682 2097 4737 dono

503 4771 714 4842 potitus
729 4777 834 4836 est,
851 4776 908 4825 et
926 4767 1163 4839 gratiam
1185 4766 1555 4837 pontificalem
1578 4771 1845 4841 percepit,
1863 4770 2096 4827 Domino

2832 2219 3083 2273 ΚΕΦΛΛ.
3121 2221 3212 2287 εῖν.

2201 2310 2343 2380 Περὶ
2379 2309 2489 2379 τῆς
2540 2311 2891 2381 Ἀμϐροσίου
2922 2308 3026 2363 τοῦ
3047 2311 3389 2396 ἐπισκόπου
3415 2309 3801 2365 Μεδιολὰνων

2813 2397 3207 2449 χειροτονίας.

2275 2471 2466 2528 Ταῦτα
2493 2471 2587 2527 τοῦ
2632 2472 2898 2544 βασιλέως
2933 2474 3241 2545 εἰρηκότος.
3281 2473 3445 2529 αὐτὸν
3495 2475 3530 2545 ἡ
3580 2474 3800 2539 σύνοδος

2202 2563 2355 2634 ἠξίου
2410 2563 2788 2635 ψηφίσασθαι,
2851 2564 3015 2633 σοφόν
3071 2580 3129 2618 τε
3203 2564 3337 2618 ὄντα
3399 2565 3494 2618 καί¹
3548 2565 3803 2638 εὐσεϐείᾳ

2206 2653 2603 2725 κοσμούμενον.
2636 2655 2696 2708 Ὀ
2721 2654 2781 2708 δέ
2810 2655 2937 2725 ἔφη’
2960 2675 2980 2706 ς
3006 2653 3207 2719 Μεῖζον
3230 2654 3266 2726 ἢ
3294 2653 3417 2709 καθ’
3440 2656 3589 2727 ἡμᾶς
3618 2655 3679 2710 τὸ
3707 2658 3802 2726 ἐγ-

2206 2746 2465 2816 χείρημα.
2513 2745 2704 2816 Ὑμεῖς
2735 2746 2845 2818 γὰρ
2883 2746 2985 2818 τῆς
3030 2746 3183 2811 θείας
3222 2747 3520 2818 ἠξιωμένοι
3552 2749 3798 2820 χάριτος,

2205 2838 2299 2891 καὶ
2334 2836 2432 2908 τὴν
2482 2837 2676 2909 αῐγλην
2721 2837 2937 2908 ἐκείνην
2993 2838 3383 2908 εἰσδεξάμενοι,
3425 2838 3652 2911 ἄμεινον
3686 2839 3798 2911 ψη-

2208 2928 2423 2997 φιεῖσθε
2442 2927 2510 2983 θ’.
2556 2947 2576 2981 ι
2607 2924 2767 2984 Οὗτοι
2799 2929 2898 3001 μὲν
2930 2925 3022 2984 οὖν
3046 2930 3353 2996 ἐξελθόντες
3396 2931 3518 2986 καθ’
3570 2932 3801 2997 ἑαυτοὺς

2205 3020 2576 3076 ἐϐουλεύοντο.
2612 3022 2675 3073 Οἱ
2706 3020 2762 3074 δέ
2792 3021 2891 3093 τὴν
2922 3021 3076 3075 πόλιν
3098 3021 3315 3094 ἐκείνην
3340 3021 3619 3086 οἰκοῦντες
3640 3025 3800 3076 ἐστα-

2208 3112 2413 3179 σίαζον,
2448 3114 2499 3166 oi
2553 3113 2653 3183 μὲν
2696 3112 2909 3176 τοῦτον,
2956 3116 3007 3166 oi
3051 3113 3109 3168 δέ
3163 3114 3371 3168 ἐκεῖνον
3417 3113 3798 3186 προδληθῆναι

2208 3203 2660 3274 φιλονεικοῦντες.
2686 3207 2748 3259 Οί
2777 3204 2877 3276 μὲν
2896 3205 3006 3277 γάρ
3025 3208 3125 3277 τῆς
3145 3205 3438 3273 Δύξεντίου
3472 3206 3630 3261 νόσου
3664 3223 3799 3278 μετ-

2204 3297 2502 3369 ειληχότες,
2536 3298 2660 3361 τοὺς
2712 3299 3020 3369 ὁμόφρονας
3071 3297 3397 3371 ἐψηφίζοντο
3418 3298 3496 3333 ⁸³·
3528 3300 3578 3356 οἱ
3617 3299 3671 3354 δὲ
3698 3300 3799 3371 τῆς

2206 3386 2556 3458 ὑγιαινούσης
2582 3387 2777 3458 μοίρας
2805 3387 3169 3458 ὁμογνώμονα
3195 3386 3359 3442 πάλιν
3392 3386 3623 3459 ἐζήτουν
3650 3387 3799 3459 ἔχειν

2208 3477 2531 3549 ἡγούμενον.
2574 3475 2791 3547 Ταύτην
2832 3476 3191 3548 Ἀμϐρόσιος,
3239 3478 3269 3531 ὀ
3314 3475 3408 3532 τοῦ
3452 3475 3640 3542 ἔθνους
3694 3478 3798 3548 τὴν

2211 3569 2497 3642 πολιτικὴν
2526 3569 2823 3640 ἡγεμονίαν
2851 3568 3310 3641 πεπιστευμένος,
3340 3569 3442 3644 τὴν
3473 3569 3662 3625 στάσιν
3692 3585 3803 3640 μα-

2210 3658 2342 3725 θὼν,
2378 3665 2473 3715 καὶ
2499 3661 2686 3726 δείσας
2713 3665 2788 3732 μή
2817 3677 2869 3714 τι
2898 3659 3165 3733 νεώτερον
3193 3660 3442 3733 γένηται,
3467 3661 3569 3733 τὴν
3599 3660 3805 3733 ἐκκληο

2212 3752 2335 3806 σίαν
2369 3754 2466 3807 σὺν
2496 3753 2651 3826 τάχει
2681 3751 3004 3808 κατέλαϐεν.
3038 3754 3104 3807 Οί
3132 3753 3189 3807 δὲ
3218 3755 3317 3824 τῆς
3344 3751 3619 3825 διαμάχης
3649 3755 3805 3809 ἐκεί-

2208 3864 2308 3918 νης
2338 3847 2702 3929 παυσάμενοι,
2735 3846 2924 3919 κοινὴν
2953 3846 3175 3918 ἀφῆκαν
3222 3843 3427 3917 φωνὴν,
3472 3845 3805 3917 ’Δμόρόσιον

2210 3940 2394 4010 σφίσιν
2451 3938 2791 4006 ἐξαιτοῦντες
2850 3937 3225 4011 προϐληθῆναι
3280 3938 3546 4009 ποιμένω
3586 3938 3807 4013 tua;

2208 4026 2363 4095 οὗτος
2392 4032 2640 4103 ἀμύητος
2661 4027 2750 4103 ἦν.

2279 4121 2469 4178 Ταῦτα
2511 4123 2700 4194 μαθὼν
2743 4125 2772 4178 ό
2822 4122 3095 4194 βασιλεὺς,
3130 4121 3430 4195 προσέταξε
3479 4120 3810 4192 παραυτίκα

2207 4215 2302 4270 καὶ
2362 4214 2639 4285 μυηθῆναι
2689 4216 2786 4269 καλ⁵
2836 4214 3282 4286 χειροτονηθῆναι
3340 4214 3434 4269 τὸν
3482 4214 3810 4280 ἀξιέπαινον

2208 4306 2397 4376 ἄνδρα.
2426 4306 2583 4376 ’ᾙδει
2620 4306 2730 4378 γὰρ
2774 4305 2941 4380 αὑτοῦ
2984 4306 3167 4377 πάσης
3209 4306 3310 4377 μὲν
3356 4304 3607 4376 στάθμης
3637 4305 3810 4359 εὐθυ-

2204 4399 2372 4469 τέραν
2402 4394 2567 4453 οὖσαν
2596 4400 2695 4472 τὴν
2741 4399 2991 4470 γνώμην,
3035 4400 3241 4464 παντὸς
3285 4400 3343 4454 δὲ
3385 4401 3608 4464 κανόνος
3644 4401 3811 4470 ἀκρι-

2207 4488 2473 4560 ϐεστέρας
2500 4488 2600 4552 τάς
2643 4490 2877 4561 ψήφους.
2925 4490 3196 4544 ’Υπέλαϐε
3234 4490 3291 4545 δέ
3325 4492 3421 4545 καὶ
3471 4490 3623 4545 θείαν
3653 4489 3812 4547 εἶναι

2202 4580 2303 4651 τὴν
2319 4579 2519 4651 ψῆφον,
2550 4583 2616 4634 ἐκ
2634 4582 2733 4651 τῆς
2762 4581 2868 4635 τῶν
2898 4583 3158 4637 τάναντία
3192 4583 3535 4655 φρονούντων
3565 4601 3817 4656 τεκμαι-

2203 4670 2433 4746 ρόμενος
2469 4670 2810 4742 συμφωνίας.
2867 4670 3090 4743 Ἐπειδὴ
3135 4672 3193 4726 δὲ
3222 4672 3319 4727 καὶ
3354 4673 3459 4741 τῆς
3506 4672 3656 4737 θείας
3696 4674 3813 4731 τοῦ

2202 4762 2469 4832 παναγίου
2518 4763 2897 4835 βαπτίσματος
2929 4761 3215 4835 ἀπήλαυσε
3266 4762 3500 4836 δωρεᾶς,
3549 4764 3643 4818 καὶ
3695 4764 3817 4837 τὴν

502 4873 558 4918 et
604 4860 890 4918 Servatori
944 4859 1164 4915 lardem
1197 4858 1283 4915 his
1340 4860 1523 4916 verbis
1584 4864 1844 4920 retulisse
1890 4865 2096 4920 dicitur

2208 4856 2601 4928 ἀρχιερατικὴν
2630 4855 2850 4922 ἐδέξατο
2883 4854 3068 4927 χάριν,
3097 4854 3287 4911 τοῦτον
3306 4854 3335 4908 ό
3364 4856 3544 4910 πάντα
3574 4855 3821 4927 ἄριστος

504 4951 997 5025 praestantissimus
1054 4951 1352 5031 imperator
1405 4954 1610 5025 (gestis
1640 4958 1786 5011 enim
1838 4957 2099 5014 omnibus

506 5043 793 5117 intererat)
827 5061 842 5097 :
879 5064 898 5097 ι
935 5042 1157 5100 Gratias
1190 5044 1311 5109 tibi,
1371 5044 1600 5103 Domine
1654 5050 2007 5119 omnipotens
2041 5059 2095 5104 et

507 5139 768 5195 Servator
786 5146 996 5206 noster,
1011 5135 1158 5208 quod
1179 5135 1296 5193 viro
1314 5137 1439 5193 huic
1465 5153 1567 5209 ego
1590 5138 1812 5208 quidem
1836 5155 2093 5211 corpora,

507 5240 565 5287 tu
591 5247 727 5287 vero
751 5230 967 5288 animas
999 5230 1349 5293 commisisti,
1379 5242 1432 5287 et
1453 5229 1774 5300 sullragium
1807 5247 1985 5286 meum
2010 5233 2097 5300 jn-

507 5331 649 5376 stnm
680 5321 853 5378 fuisse
877 5323 1189 5379 declarasti.
1212 5341 1231 5375 ι
1272 5322 1520 5393 Cumque
1550 5323 1739 5393 paucis
1764 5331 1887 5393 post
1908 5322 2101 5380 diebus

508 5430 721 5469 summa
742 5415 993 5472 libertate
1010 5417 1396 5487 imperatorem
1417 5417 1705 5485 alloquens
1729 5417 1949 5471 divinus
1972 5416 2096 5470 Am-

510 5505 748 5571 brosius,
771 5506 1019 5575 quaadam
1055 5519 1115 5562 ut
1149 5524 1178 5561 a
1204 5510 1220 5528 ‘
1242 5507 1574 5579 praesidibus
1605 5508 1750 5562 haud
1779 5521 1926 5564 recte
1948 5507 2094 5563 facta

510 5594 966 5665 reprehenderet:
989 5614 1009 5650 ι
1033 5595 1230 5661 Tuam,
1260 5599 1337 5654 ait
1356 5600 1653 5672 imperator
1705 5599 1850 5654 hanc
1872 5599 2095 5655 liberta-

2212 4948 2469 5017 βασιλεὺς
2515 4947 2976 5019 προσενηνοχέναι
3029 4946 3249 5017 λέγεται
3313 4947 3392 5020 τῷ
3439 4947 3653 5018 Σωτῆρι
3702 4952 3823 5005 καὶ

2208 5040 2456 5113 Δεσπότῃ
2496 5040 2587 5093 τὸν
2611 5038 2801 5111 ὕμνονο
2828 5041 2923 5095 καὶ
2949 5040 3057 5112 γὰρ
3085 5042 3201 5105 τοῖς
3225 5038 3619 5112 γεγενημένοις
3651 5057 3726 5093 πα
3738 5060 3819 5113 ρ-

2206 5130 2302 5200 ἦν·
2344 5152 2361 5183 ι
2397 5132 2576 5203 Χάρις
2624 5148 2729 5196 σοι,
2764 5132 3012 5187 Δέσποτα
3061 5131 3462 5205 παντοκράτορ,
3495 5132 3590 5188 καὶ
3611 5131 3767 5187 Σῶτε
3780 5154 3823 5206 ρ

2206 5226 2468 5297 ἡμέτερε,
2500 5226 2583 5279 ὅτι
2613 5226 2752 5298 τῷδε
2782 5226 2860 5299 τῷ
2881 5226 3037 5299 ἀνδρὶ
3066 5226 3178 5296 ἐγὼ
3208 5227 3306 5299 μὲν
3337 5227 3659 5301 ἐνεχείρησα
3686 5227 3822 5280 σὼ·-

2213 5335 2381 5389 ματα,
2434 5318 2499 5371 σὺ
2549 5318 2606 5372 δὲ
2638 5317 2837 5389 ψυχὰς,
2870 5320 2965 5372 καὶ
3002 5319 3101 5384 τὰς
3146 5320 3286 5391 ἐμὰς
3332 5318 3548 5391 ψήφους
3579 5317 3824 5384 δικαίας

2202 5411 2510 5483 ἀπέφηνας.
2554 5431 2573 5465 ι
2619 5411 2840 5484 Ἐπειδὴ
2869 5411 2951 5480 δὲ,
2979 5412 3176 5481 ὀλίγων
3196 5410 3522 5465 διελθουσῶν
3544 5408 3818 5482 ἡμερῶν,

2201 5504 2229 5558 ό
2258 5502 2401 5567 θεῖος
2442 5503 2789 5575 ’Δμϐρόσιος,
2823 5504 2920 5557 σὺν
2954 5501 3242 5575 παρρησίᾳ
3274 5500 3422 5574 [158]
3462 5500 3693 5572 πλείστῃ
3718 5503 3824 5575 τῷ

2201 5596 2415 5666 βασιλεῖ
2452 5594 2836 5667 διαλεγόμενος
2885 5595 3247 5668 ἐπεμέμψατό
3286 5610 3429 5648 τισιν
3474 5593 3551 5658 ὠς
3602 5593 3702 5646 οὐκ
3737 5594 3819 5650 εὗ

1788 5711 2029 5769 λίΔῆιῶ
2067 5708 2473 5767 LECTIONES.

579 5789 628 5820 ⁷⁸
663 5799 1054 5877 ὖποκλέθωμεν.
1089 5804 1230 5857 idem
1261 5820 1384 5859 Clml
1412 5803 1600 5877 Steph.

510 5868 653 5927 idem
688 5886 811 5925 eum
837 5868 1024 5939 Steph.

1704 5805 1750 5839 τ’
1786 5804 2184 5876 ἁσπασὼμεθατ.
2218 5804 2403 5860 iidem.
2496 5804 2540 5837 ⁸ο
2578 5802 2902 5874 ψηφίσεσθε.
2940 5801 3061 5858 Bas.
3100 5799 3276 5857 Graec.
3354 5800 3397 5833 ⁸¹
3428 5796 3817 5870 ἐψηφίσαντο.
