4124 6414
427 394 574 465 1157

1386 399 1980 462 ECCLESIASTICE
2013 397 2398 463 HISTORUE
2434 400 2581 461 LIB.
2609 402 2705 462 IV.
2750 437 2757 445 ο

3562 406 3701 475 1158

428 512 714 588 ἀπήλαυον
772 513 856 569 δτι
910 515 1144 583 μάλιστα
1202 515 1496 587 πλείστης·
1541 517 1635 570 καὶ
1687 516 1872 578 πόλεις
1906 514 2016 586 γὰρ

2123 521 2271 568 sunt.
2302 512 2437 567 Nam
2468 524 2521 569 et
2565 515 2735 570 urbes
2793 526 2844 570 et
2877 517 2977 571 vici
3035 518 3426 588 occurrebant,
3462 525 3701 580 victores

425 609 684 680 ὑπήντων
705 606 751 639 ⁵⁸
785 608 878 662 καὶ
905 607 1109 679 κῶμαι,
1140 608 1500 680 γε’ραίρουσαι
1529 608 1657 671 τοὺς
1688 609 2012 678 νικηφόρους

424 698 758 768 ἀγωνιστάς.
806 699 947 751 Ἀλλ’
983 702 1011 753 ό
1044 699 1238 768 φθόνος
1265 701 1392 763 τοὺς
1415 698 1745 763 ἀντιπάλους
1762 697 2011 764 ὁπλίσας,

428 792 600 860 φάναι
627 791 709 863 τῷ
734 790 948 861 βασιλεῖ
983 790 1418 864 παρεσκεύασεν.
1455 791 1530 856 ὡς
1562 791 1729 863 τιμὴν
1770 791 2016 862 παμπόλ-

426 883 531 953 λην
562 885 675 946 τοῖς
701 883 961 954 ἀνδράσιν
992 882 1220 946 ἐκείνοις
1243 885 1276 953 ή
1303 882 1620 954 νομισθεῖσα
1649 883 2016 955 προύξένησεν

414 975 647 1044 ἠτιμία.
673 968 860 1029 Ταῦτα
886 974 1074 1044 μαθὼν
1099 978 1127 1028 ό
1151 975 1351 1045 Βάλης.
1403 975 1507 1028 ἀνὰ
1546 976 1640 1029 δύο
1676 975 2016 1047 διαιρεθῆναι

428 1063 755 1136 προσέταξε»,
784 1064 881 1117 καὶ
907 1065 1034 1127 τοὺς
1075 1065 1173 1134 μὲν
1207 1067 1284 1125 εἰς
1306 1065 1403 1136 τὴν
1429 1065 1673 1138 Θρᾴκην,
1705 1066 1833 1129 τοὺς
1853 1066 1910 1120 δὲ
1934 1067 2016 1129 είς

425 1155 526 1219 τὰς
560 1156 662 1227 τῆς
680 1156 728 1189 ⁸⁸
768 1154 1029 1226 Ἀραϐίας
1074 1156 1353 1226 ἐσχατιὰς.
1399 1156 1593 1220 ἀλλους
1637 1156 1695 1210 δὲ
1742 1158 1819 1221 είς
1856 1157 2016 1221 τάς⁶⁶

425 1249 529 1318 τῆς
560 1247 828 1317 Θηϐαΐδος
859 1247 1227 1318 διασπαρῆναι
1278 1248 1556 1319 πολίχνας.
1600 1250 1744 1304 Φασὶ
1791 1249 1870 1315 δὲ,
1921 1250 2018 1304 καὶ

424 1338 523 1403 οὓς
548 1343 582 1411 ἡ
622 1339 782 1408 φύσις
830 1340 1138 1405 συνέζευξε,
1164 1339 1443 1406 διαζεῦξαι
1490 1344 1616 1407 τοὺς
1665 1343 2015 1414 ὠμοτάτους,

426 1431 526 1485 καὶ
569 1430 836 1499 ἀδελφοὺς
873 1429 1031 1495 ὄντας
1064 1432 1159 1484 ἀπ’
1192 1430 1438 1503 ἀλλήλων
1471 1434 1725 1505 χωρίσαι.
1758 1435 2018 1503 Εύλόγιον

414 1522 505 1586 δὲ,
534 1522 628 1576 τὸν
670 1521 781 1577 τῶν
812 1521 988 1576 ἄλλων
1018 1523 1344 1594 ἡγούμενον,
1391 1525 1487 1578 καὶ
1534 1526 1896 1598 Πρωτογένην
1924 1526 2018 1580 τὸν

425 1611 550 1684 μετ’
583 1614 816 1676 ἐκεῖνον,
865 1614 946 1678 εἰς
990 1612 1214 1667 Ἀντινὼ
1250 1614 1351 1687 τὴν
1392 1614 1646 1687 Θηϐαίων
1686 1617 2015 1688 ἐξέπεμψεν.

443 1701 587 1771 Ἐγὼ
605 1702 661 1756 δὲ
693 1703 815 1757 οὐδὲ
842 1702 943 1775 τήν
965 1703 1171 1759 τούτων
1192 1706 1392 1777 ἀρετὴν
1424 1706 1730 1777 παραδώσω
1754 1710 1821 1780 τῇ
1852 1708 2012 1781 λήθῃ.

441 1793 660 1866 Ἐπειδὴ
709 1795 823 1867 γὰρ
859 1795 1219 1867 ὁμογνώμονα
1260 1798 1351 1851 τὸν
1384 1798 1482 1869 τῆς
1523 1800 1730 1863 πόλεως
1762 1799 2017 1870 εὑρόντες

414 1884 753 1947 ἐπίσκοπον,
802 1883 914 1938 τῶν
947 1885 1418 1958 ὲκκλησιαστικῶν
1461 1887 1781 1943 ἐκοινώνουν
1825 1890 2015 1944 συλλό-

414 1990 564 2040 γων,
599 1974 744 2045 μάλα
772 1973 833 2027 δὲ
856 1973 1074 2043 ὀλίγους
1127 1971 1267 2029 εἶδον
1296 1975 1740 2047 ἀθροιζομένους,
1787 1977 1881 2031 καὶ
1914 1980 2018 2031 πῦ-

418 2065 648 2137 νθόμενοι
698 2066 964 2134 ἔγνωσαν
998 2065 1266 2138 Ἕλληνας
1328 2063 1470 2121 εἶναι
1522 2069 1651 2133 τοὺς
1704 2069 1803 2140 τὴν
1861 2070 2017 2123 πόλιν

417 2156 732 2223 οἰκοῦντας,
768 2157 1014 2229 ἤλγησαν
1046 2158 1168 2227 μὲν,
1191 2158 1268 2222 ώς
1304 2159 1471 2223 εἰκὸς,
1506 2160 1600 2213 καὶ
1627 2160 1725 2231 τὴν
1756 2161 2017 2215 ἀπιστίαν

422 2248 761 2321 ὲθρήνησαν.
795 2249 869 2303 Οὐ
901 2249 1011 2319 μὴν
1056 2250 1366 2321 ἀποχρῆναι
1395 2251 1647 2323 ἐνόμισαν
1683 2254 1745 2306 τὸ
1775 2253 2014 2325 θρηνεῖν,

420 2341 546 2396 ἀλλ’
571 2343 648 2404 είς
675 2341 907 2411 δύναμιν
935 2341 1036 2412 τῆς
1064 2341 1271 2396 τούτων
1310 2344 1552 2416 ἰατρείας
1578 2344 2014 2417 ἐπεμελήθησαν.

434 2428 502 2491 ἻΟ
533 2429 633 2502 μὲν
660 2430 771 2502 γὰρ
806 2429 953 2495 θεῖος
994 2428 1285 2498 ,Εὑλόγιος,
1316 2434 1374 2486 ὲν
1402 2432 1630 2504 οἰκίσκῳ
1678 2435 2013 2507 καθειργμέ-

422 2537 541 2588 νος,
571 2521 908 2593 πανημέριον
939 2520 1036 2576 καὶ
1060 2522 1351 2594 παννύχιον
1380 2524 1470 2579 τὸν
1503 2525 1613 2579 τῶν
1635 2526 1772 2580 ὅλων
1805 2528 2018 2597 ﬁve-:66-

424 2613 513 2667 λει
533 2613 688 2668 Θεόν.
709 2616 1070 2688 Πρωτογένης
1095 2616 1152 2671 δὲ
1171 2618 1201 2669 ό
1229 2616 1576 2685 ἁξιάγαστος,
1602 2618 1671 2673 τὰ
1699 2619 1764 2673 ἐκ
1782 2619 1947 2693 νόμου
1969 2620 2014 2652 ⁵⁷

426 2705 737 2777 γράμματα
786 2706 1250 2778 πεπαιδευμένος,
1307 2709 1404 2763 καὶ
1450 2708 1686 2780 γράφειν
1742 2708 1896 2787 [172]
1932 2713 2013 2775 είς

426 2798 594 2868 τάχος
618 2796 953 2869 ἠσκημένος,
990 2797 1155 2852 τόπον
1191 2797 1368 2869 εὑρὼν
1398 2800 1729 2871 ἐπιτήδειον,
1771 2804 1866 2856 καὶ
1890 2803 2017 2856 τοῦδ

426 2905 524 2942 τον
551 2887 923 2943 διδασκαλεῖον
954 2882 1049 2940 καὶ
1078 2886 1462 2959 παιδευτήριον
1483 2887 1532 2919 ⁵⁸
1566 2890 1870 2960 ἀποφήνας,
1909 2881 2018 2961 μει-

431 2980 640 3053 ρακίων
664 2979 900 3051 κατέστη
930 2978 1270 3044 διδάσκαλος,
1297 2981 1389 3041 καὶ
1418 2981 1557 3035 κατὰ
1579 2982 1625 3013 ⁵⁹
1655 2982 1851 3037 ταυτὸν
1881 2984 2017 3054 γρά-

430 3089 557 3144 φειν
584 3090 642 3126 τε
682 3072 762 3137 είς
790 3072 953 3143 τάχος
999 3071 1268 3139 ἐδίδασκε,
1316 3073 1410 3127 καὶ⁵
1453 3073 1523 3126 τά
1553 3073 1673 3129 θεῖα
1701 3073 2015 3141 ἐξεπαίδευε

428 3166 607 3235 λόγια.
660 3164 952 3229 Δαυῖτικάς
1002 3180 1063 3217 τε
1108 3163 1219 3236 γὰρ
1256 3164 1442 3230 αὐτοῖς
1496 3164 1841 3246 ὑπηγόρευσε
1888 3167 2016 3238 μελ-
2043 3202 2088 3259 C

427 3255 616 3327 ῳδίας,
637 3255 728 3309 καὶ
759 3256 860 3326 τῆς
894 3253 1258 3325 ἀποστολικῆς
1291 3254 1640 3320 διδασκαλίας
1660 3256 2018 3327 ἐκμανθάνειν

428 3347 502 3401 τὰ
533 3347 816 3418 πρόσφορα
844 3343 1279 3417 παρεσκεύαζεν.
1321 3346 1472 3410 Ἑνδς
1497 3345 1553 3401 δὲ
1573 3347 1680 3403 τῶν
1717 3349 2022 3419 μειρακίων

430 3442 575 3512 νόσῳ
623 3439 1012 3509 περιπεσόντος
1033 3478 1048 3504 ,
1101 3437 1330 3509 ἀφίκετό
1356 3455 1417 3490 τε
1450 3440 1529 3504 εἰς
1560 3440 1657 3510 τὴν
1689 3442 1888 3505 οἰκίαν,
1928 3440 2022 3496 καὶ

430 3531 533 3603 τῆς
559 3531 740 3597 δεξιᾶς
780 3529 872 3584 τοῦ
921 3528 1203 3594 νοσοῦντος
1253 3529 1553 3602 ἁψάμενος,
1600 3534 1877 3603 προσευχῇ
1921 3533 2021 3603 τὴν

430 3623 590 3677 νόσον
632 3623 885 3694 ἐξήλασε.
940 3621 1111 3676 Τοῦτο
1147 3620 1528 3694 μεμαθηκότες
1577 3622 1628 3675 oi
1681 3622 1790 3677 τῶν
1844 3623 2018 3679 ἄλλων

431 3716 663 3770 παιδίων
683 3714 939 3787 πατέρες,
963 3709 1096 3786 ἦγόν
1122 3732 1183 3768 τε
1211 3714 1376 3769 αὑτὸν
1403 3716 1483 3778 είς
1503 3714 1602 3779 τὰς
1629 3714 1905 3788 οίκ[ε]ίας,
1924 3719 2020 3771 καὶ

430 3810 545 3872 τοῖς
579 3806 955 3880 ἀρῤωστοῦσιν
988 3808 1302 3875 ἐπικουρεῖν
1355 3805 1691 3876 ἠντιϐόλουν.
1736 3807 1795 3861 '0
1844 3807 1901 3861 δὲ
1955 3808 2016 3863 ού

434 3895 704 3968 πρότερον
738 3894 841 3966 ἔφη
864 3893 957 3948 τὸν
982 3893 1115 3948 θεὸν
1145 3884 1424 3948 ἱκετεῦσαι
1455 3894 1541 3948 ἴνα
1571 3894 1823 3968 ἀπελάσῃ
1845 3896 1890 3929 ⁶⁰
1919 3896 2019 3967 τὴν

431 3985 612 4051 νόσον,
648 3984 778 4055 πρὶν
809 3981 1104 4055 ἀξιωθῆναι
1128 3982 1220 4038 τὸν
1249 3982 1533 4056 ἄρρωστον
1562 3984 1662 4055 τῆς
1693 3985 1787 4038 τοῦ
1820 3984 2017 4056 βαπτί-

435 4092 643 4145 σματος
662 4076 892 4146 δωρεᾶς.
920 4074 983 4128 Οἱ
1008 4074 1065 4128 δὲ
1082 4074 1378 4147 προθύμως
1403 4075 1698 4148 ὑπήκουον·
1718 4079 2018 4149 κατήπειγε

430 4165 548 4235 γὰρ
572 4166 602 4218 δ
625 4166 722 4237 τῆς
764 4165 953 4235 ὑγείας
995 4164 1160 4230 πόθος
1188 4164 1258 4229 ⁶¹,
1304 4165 1397 4218 καὶ
1429 4165 1573 4220 κατά
1603 4165 1800 4220 ταυτὸν
1833 4165 2015 4236 ψυχῆς

437 4273 500 4311 τε
539 4257 629 4310 καὶ
657 4256 911 4328 σώματος
959 4255 1058 4328 τὴν
1103 4255 1292 4325 ὑγείαν
1341 4255 1651 4328 ὲδρέποντο.
1691 4257 1754 4311 El
1797 4256 1854 4310 δέ
1888 4259 2018 4317 ποτέ

435 4369 558 4405 τινα
584 4351 689 4406 τῶν
714 4351 1044 4424 ἐρρωμένων
1062 4350 1249 4404 ἔπεισε
1272 4351 1371 4422 τῆς
1396 4350 1547 4415 θείας
1567 4351 1894 4424 μεταλαχεῖν
1920 4351 2018 4422 χά-

432 4462 605 4517 ριτος,
637 4445 818 4516 ἀπῆγε
840 4443 1028 4498 τοῦτον
1068 4443 1205 4516 πρὸς
1233 4443 1324 4496 τὸν
1357 4442 1635 4511 Εὑλόγιον,
1672 4443 1766 4496 καὶ
1809 4444 2019 4498 πατάσ-

2117 607 2357 662 athletas
2414 607 2669 663 laudibus
2727 618 3149 680 prosequentes.
3192 610 3298 667 Sed
3346 614 3702 673 adversarios

2118 697 2399 767 instigavit
2437 698 2665 762 invidia,
2693 711 2751 754 ut
2789 700 3107 770 imperatori
3158 715 3517 775 suggerere-nt
3553 707 3701 761 illam

2118 789 2320 858 ipsam,
2349 807 2472 861 quae
2489 792 2788 863 ignominia
2808 793 3123 863 putabatur,
3138 811 3411 851 summum
3438 798 3701 854 honorem

2116 882 2435 936 hominibus
2481 882 2604 938 istis
2641 883 2941 953 peperisse.
2984 884 3106 950 Quo
3146 886 3357 953 audito,
3389 887 3590 944 Valens
3616 890 3704 944 di-

2115 971 2230 1025 vidi
2258 971 2384 1028 illos
2413 986 2512 1041 per
2539 968 2691 1042 paria
2719 972 2897 1041 jubet,
2922 981 3087 1044 atque
3109 975 3244 1031 alios
3267 991 3364 1046 per
3384 976 3700 1041 Thraciam,

2114 1064 2255 1120 alios
2284 1078 2382 1134 per
2402 1064 2626 1120 ultimos
2662 1063 2800 1120 fines
2831 1064 3067 1129 Arabia),
3110 1066 3248 1122 alios
3279 1080 3375 1136 per
3405 1066 3703 1123 Thebaidis

2118 1157 2383 1228 oppidula
2413 1156 2680 1227 dispergi.
2719 1155 2777 1210 In
2817 1167 2929 1227 Quo
2964 1156 3150 1213 ferunt
3184 1159 3253 1213 ab
3284 1159 3703 1216 immanissimis

2119 1248 2444 1304 hominibus
2479 1246 2783 1303 distractos
2832 1248 2997 1304 etiam
3041 1250 3166 1306 illos
3201 1250 3396 1319 fuisse,
3429 1268 3568 1323 quos
3601 1270 3703 1308 na-

2120 1346 2245 1393 tura
2285 1339 2678 1409 coniunxerat,
2706 1339 3017 1408 fratresque
3046 1354 3076 1394 a
3103 1340 3367 1398 fratribus
3394 1357 3697 1413 separatos.

2120 1428 2411 1501 Eulogium
2447 1443 2633 1499 porro,
2677 1430 2771 1500 qui
2804 1431 3022 1485 czeteris
3054 1440 3307 1501 praeerat,
3357 1442 3413 1487 et
3448 1433 3705 1506 Protoge-

2120 1539 2244 1579 nem
2277 1523 2460 1578 abillo
2499 1523 2831 1589 secundum,
2864 1521 3200 1579 Antinonem
3232 1526 3286 1580 in
3311 1524 3587 1581 Thebaida
3613 1543 3702 1582 re-

2114 1615 2346 1686 legavit.
2395 1613 2511 1686 Ego
2546 1630 2680 1671 vero
2715 1616 2951 1671 istorum
2981 1617 3240 1672 virtutem
3288 1618 3553 1673 oblivioni
3594 1634 3705 1674 non

2122 1707 2356 1763 tradam.
2392 1706 2529 1761 Nam
2562 1722 2690 1762 cum
2742 1709 3060 1778 episcopum
3104 1709 3258 1763 urbis
3303 1709 3410 1765 sibi
3465 1725 3704 1766 consen-

2122 1798 2347 1854 tientem
2374 1797 2543 1870 978
2576 1800 2747 1865 nacti,
2791 1800 3192 1855 ecclesiasticis
3224 1805 3589 1861 conventibus
3620 1806 3704 1860 in-

2124 1897 2415 1957 teressent,
2434 1899 2510 1956 et,
2545 1890 2848 1961 perexiguo
2878 1902 3021 1947 coetu
3039 1892 3445 1960 animadverso,
3475 1911 3700 1952 causam

2121 1982 2409 2046 sciscitati,
2438 1982 2674 2053 gentiles
2717 1998 2842 2038 esse
2874 1983 3086 2038 incolas
3117 1983 3470 2052 didicissent,
3506 1989 3699 2043 dolue-

2120 2080 2269 2138 runt,
2302 2081 2365 2128 ut
2403 2090 2504 2144 par
2534 2084 2673 2140 erat,
2700 2089 3013 2145 eorumque
3063 2075 3438 2133 inﬁdelitatem
3467 2081 3487 2100 '
3515 2079 3704 2151 deplo-

2120 2174 2335 2222 rarunt.
2385 2164 2497 2222 Nec
2553 2167 2689 2222 satis
2745 2183 2870 2223 esse
2920 2169 3190 2239 Iacrymas
3245 2170 3518 2232 arbitrati.
3555 2174 3703 2230 vires

2119 2273 2312 2313 omnes
2341 2258 2406 2312 ad
2456 2272 2554 2312 cos
2602 2258 2882 2314 sanandos
2919 2270 3333 2315 converterunt.
3369 2262 3448 2316 Ac
3483 2263 3702 2321 divinus

2118 2347 2340 2418 quidem
2369 2346 2632 2419 Eulogius
2654 2350 2708 2404 in
2738 2350 2877 2406 cella
2908 2350 3213 2408 conclusus
3244 2353 3364 2410 dies
3399 2365 3702 2427 noctesque

2119 2440 2503 2494 universorum
2556 2439 2667 2496 Deo
2726 2442 3092 2512 supplicabat.
3140 2444 3518 2504 Admirandus
3569 2464 3702 2503 vero

2116 2529 2476 2602 Protogenes,
2514 2541 2568 2589 et
2613 2533 2875 2603 legitimis
2912 2536 3114 2592 litteris
3149 2538 3476 2603 instructus,
3506 2549 3564 2595 et
3607 2557 3703 2597 ve-

2119 2621 2256 2678 locis
2287 2625 2574 2693 scripturae
2598 2625 2834 2695 peritus,
2863 2625 2984 2682 loco
3020 2637 3240 2698 reperto
3265 2629 3488 2695 idoneo,
3509 2634 3702 2689 ludum

2120 2716 2339 2785 aperuit
2366 2716 2721 2779 litterarium,
2772 2732 3183 2788 puerorumque
3211 2721 3475 2790 magister
3523 2720 3702 2780 factus

2118 2814 2223 2871 est,
2263 2821 2370 2860 una
2421 2807 2549 2862 illos
2590 2815 2644 2862 et
2677 2807 2934 2864 celeriter
2992 2810 3239 2865 scribere
3269 2811 3496 2877 docens,
3536 2822 3589 2867 ct
3646 2813 3703 2868 in

2117 2899 2320 2955 divinis
2344 2898 2584 2970 eloquiis
2608 2899 2888 2957 erudiens.
2916 2898 3049 2954 Nam
3078 2910 3132 2956 et
3163 2900 3419 2959 Davidica
3447 2904 3557 2961 illis
3579 2919 3705 2958 car-

2119 2989 2267 3043 mina
2336 2989 2605 3049 dictabat.
2680 2998 2736 3045 et
2775 3007 2841 3047 ex
2910 2993 3212 3063 apostolica
3266 2993 3539 3062 doctrina,
3580 3011 3704 3065 quae

2118 3080 2358 3135 maxime
2384 3081 2788 3152 congruebant,
2820 3082 3116 3138 ediscenda
3164 3085 3525 3155 proponebat.
3579 3085 3702 3143 Uno

2119 3180 2301 3227 autem
2336 3171 2405 3227 de
2436 3172 2625 3243 pueris
2665 3173 2856 3228 morbo
2887 3185 3165 3244 correpto,
3195 3176 3421 3231 domum
3458 3177 3581 3246 ejus
3609 3193 3705 3234 νον

2124 3266 2226 3329 nit,
2284 3264 2588 3335 dextraque
2637 3266 2960 3335 aegrotantis
3011 3268 3378 3338 apprehensa,
3449 3270 3702 3325 morbum

2112 3358 2376 3417 oratione
2403 3355 2639 3427 depulit.
2673 3355 2829 3424 Quod
2853 3358 3078 3428 quidem
3117 3359 3210 3415 ubi
3238 3361 3474 3416 aliorum
3503 3377 3705 3432 puero-

2123 3464 2245 3504 rum
2307 3447 2627 3517 parentibus
2667 3448 2935 3514 innotuit,
3006 3450 3060 3505 in
3112 3450 3308 3507 domos
3353 3467 3484 3507 suas
3546 3453 3703 3509 illum

2121 3536 2495 3600 deducebant,
2527 3539 2898 3608 orabantque,
2930 3548 2991 3593 ut
3020 3541 3184 3609 aegris
3226 3555 3382 3611 opem
3414 3542 3598 3597 ferret.
3636 3545 3706 3598 At

2120 3623 2213 3678 ille
2237 3623 2470 3694 negabat
2506 3638 2568 3679 se
2600 3625 2755 3694 prius
2807 3625 2918 3682 Deo
2951 3628 3408 3697 supplicaturum,
3431 3630 3596 3701 9'79
3645 3641 3704 3688 ut

2121 3713 2373 3767 morbum
2419 3711 2846 3784 fugarel,quan't
2897 3717 3150 3773 inﬁrmus
3195 3716 3449 3788 baptismi
3496 3722 3699 3782 donum

2122 3803 2453 3874 susciperet.
2486 3804 2591 3875 lpsi
2638 3821 2791 3872 vero,
2824 3815 3054 3877 urgente
3091 3809 3348 3867 sanitatis
3404 3811 3698 3877 desiderio,

2117 3891 2357 3951 libenter
2414 3896 2703 3965 parebant,
2759 3896 3065 3966 eademque
3115 3914 3282 3969 opera
3348 3908 3403 3956 et
3441 3901 3609 3957 animi
3645 3912 3702 3956 et

2121 3986 2375 4056 corporis
2416 3985 2711 4041 sanitatem
2773 3986 3170 4056 percipiebanl.
3216 3987 3373 4055 Quod
3403 3988 3448 4044 si
3478 3990 3702 4059 quando

2119 4062 2316 4133 sanum
2357 4078 2670 4146 quempiam
2702 4075 2770 4130 ad
2799 4077 3042 4131 divinam
3068 4079 3312 4150 gratiam
3361 4079 3700 4151 participan-

2121 4169 2247 4224 dam
2270 4168 2578 4233 induxerat,
2624 4168 2771 4222 bunt.
2814 4168 2883 4224 ad
2919 4167 3207 4240 Eulogium
3262 4170 3591 4235 deducebant,
3645 4181 3700 4227 et

2121 4262 2325 4317 ostium
2360 4260 2588 4330 pulsans
2634 4262 2829 4316 orabat
2863 4269 2920 4315 ut
2950 4262 3210 4329 aperiret,
3241 4262 3403 4332 eique
3451 4263 3693 4332 sigillum

2122 4350 2470 4409 Dominicum
2509 4350 2585 4420 (h.
2622 4366 2672 4406 e.
2706 4350 3071 4421 baptismum)
3123 4351 3452 4421 imponeret.
3478 4351 3545 4407 Et
3570 4368 3698 4408 cum

2122 4442 2214 4496 ille
2238 4441 2529 4497 molestius
2584 4440 2753 4496 ferret
2797 4440 3125 4511 interrumpi
3161 4441 3469 4497 orationem
3516 4457 3698 4507 suam,

434 4553 547 4590 σων
593 4535 693 4607 τήν
740 4534 911 4607 θύραν
956 4532 1163 4598 ἀνοῖξαι
1193 4532 1518 4606 παρεκάλει,
1555 4532 1650 4587 καὶ
1680 4534 1780 4599 τὴν
1812 4537 2018 4586 Δεσπο-

2123 4533 2303 4605 magis
2334 4533 2703 4588 necessariam
2733 4548 2860 4590 esse
2887 4533 3069 4588 aiebat
3105 4531 3339 4588 salutem
3369 4533 3696 4590 errantium.

429 4627 592 4701 τικὴν
619 4626 883 4682 ἐπιθεῖναι
913 4625 990 4697 τῷ
1019 4625 1337 4698 θηρευθέντι
1367 4625 1659 4697 σφραγῖδα.
1677 4623 1918 4678 Ἐκείνου
1957 4626 2014 4679 δὲ

427 4712 899 4789 δυσχεραίνοντος,
917 4715 992 4804 ὡς
1011 4713 1311 4783 διακοπτομ
1320 4713 1447 4785 ἐνης
1461 4715 1560 4784 τῆς
1577 4714 1903 4784 προσευχῆς,
1923 4710 2014 4770 οὗ·

2123 4624 2394 4681 Omnibus
2428 4633 2610 4687 autem
2647 4625 2998 4682 admirationi
3030 4632 3151 4682 erat
3192 4624 3546 4698 Protogenes,
3572 4640 3698 4682 cum

2122 4717 2520 4776 videreuteum
2563 4718 2656 4789 qui
2693 4727 2769 4774 tot
2821 4719 3086 4777 miracula
3138 4716 3348 4785 ederet,
3394 4718 3702 4789 divinaque

1708 4896 1939 4952 VARIA‘Z
1964 4896 2371 4956 LECTIONES.

527 5059 572 5094 "
595 5061 886 5129 ὑπήντουν.
927 5060 1091 5117 idem.
1182 5060 1230 5094 ³⁸
1257 5059 1356 5131 τῆς
1386 5060 1540 5116 abest

434 5132 675 5188 saubon.
704 5129 1047 5186 Contlrmare
1088 5131 1305 5186 videtur
1340 5129 1567 5200 Niceph.

710 5077 886 5131 ντουν.
927 5060 1091 5117 idem.
1182 5060 1230 5094 ³⁸
1257 5059 1540 5131 sﬁqabest
1568 5059 1637 5115 ab
1659 5060 1850 5131 eodem
1873 5069 1928 5114 et
1956 5059 2144 5131 Steph.
2196 5129 2209 5131 _
2234 5059 2282 5096 "
2306 5060 2390 5131 εἰς
2411 5060 2565 5113 τάσ-
2597 5060 2864 5131 πολίχνια.
2889 5057 3247 5131 ΑΕΙιι-Ῑειοριιη
3277 5056 3477 5131 scalig.
3508 5069 3561 5131 ct
3598 5057 3702 5131 Cae-

1661 5131 1705 5162 ⁵²
1722 5128 1820 5201 _Sic
1856 5138 1912 5201 et
1949 5128 2142 5200 Steph.
2186 5129 2242 5184 2.
2278 5130 2582 5201 Confirmat
2610 5128 2841 5201 Nii-eph.
2889 5129 2926 5182 1.
2956 5146 3005 5186 e.
3040 5129 3132 5201 qui
3165 5128 3451 5184 substituit
3476 5129 3546 5201 τα
3572 5130 3701 5201 ἱερὰ

434 5203 763 5272 γράμματα.
792 5200 896 5256 Sed
927 5216 1121 5257 omnes
1150 5201 1333 5256 caeteri
1360 5198 1522 5257 codd.
1565 5215 1691 5272 cum
1721 5198 2037 5272 Epiphanio
2051 5198 2256 5272 habent
2283 5200 2659 5272 τὰηΕὐνομίουγ
2683 5198 3009 5271 γράμματα.
3046 5199 3155 5269 Ego
3184 5214 3312 5255 vero
3340 5213 3463 5268 quae
3484 5199 3597 5272 sint
3631 5198 3700 5255 τα

431 5270 531 5327 aid-3
559 5270 1067 5344 Eﬁyoptouxpapp.
1097 5288 1205 5326 nun
1229 5270 1656 5344 assequor,_ttisi
1681 5271 1807 5344 quis
1830 5271 1961 5324 velit
1984 5270 2155 5344 libros
2182 5270 2437 5344 [Sunomii
2490 5270 2816 5344 intelligere,
2845 5270 2874 5324 a
2900 5286 3170 5344 quorum,
3190 5279 3456 5344 tanquam
3486 5270 3702 5344 haereti.

433 5357 657 5406 corum,
701 5338 905 5396 'studio
958 5338 1066 5395 non
1115 5338 1386 5397 credibile
1411 5347 1497 5397 est
1530 5338 1934 5395 Thcodoretum
1987 5339 2140 5411 illum
2181 5339 2542 5411 Protogenem
2584 5338 2859 5397 laudasse.
2900 5340 3031 5411 Mihi
3078 5338 3408 5411 quidem—sd:
3441 5340 3504 5393 ὲκ
3535 5339 3701 5409 νόμου

434 5414 661 5484 γράμμ.
708 5411 1140 5482 πεπαιδευμένος
1167 5427 1277 5466 non
1326 5412 1545 5484 videtur
1573 5425 1697 5484 esse
1747 5425 1920 5484 sacrae
1972 5410 2279 5484 Scriptum;
2290 5409 2807 5484 interpretationem
2849 5409 3080 5484 edoctus
3108 5410 3308 5484 (neque
3343 5411 3491 5464 enim
3521 5411 3702 5484 _verb_a

437 5479 627 5538 ferunt
654 5483 799 5537 hunc
826 5479 1073 5553 sensum,
1097 5497 1196 5537 nec
1221 5497 1346 5552 qua:
1375 5482 1484 5537 sint
1513 5479 1763 5553 legitimi:
1793 5481 1986 5553 littere
2021 5479 2301 5537 Sirmondi
2342 5481 2631 5553 intelligo),
2663 5481 2758 5537 sed
2788 5483 2878 5551 qui
2908 5481 3097 5534 didicit
3120 5479 3352 5553 scienter
3381 5495 3432 5553 ε.
3470 5479 3543 5553 ad
3566 5482 3702 5535 artis

437 5553 918 5692 ἷῗθτὲέἶῖαέιῗξῐξὲε
957 5550 1552 5690 ἕῧέῇΥξὝίοῖιξῖιω
1572 5550 2354 5676 ρέοὲ⁰ξεὶιτ¹ἒι⁸-ν⁴ἒέ¹εέἓι
2361 5566 2454 5675 εἰ.
2475 5550 2694 5677 Emi.
2722 5560 3194 5676 ὲθὲἓὲἶῖωοῖακέἔ
3202 5550 3699 5689 ῗῗὲλᾴιξῗιὲἒῖῗῖίὶῖέ

437 5691 609 5747 habet
668 5689 761 5747 ille
781 5689 819 5761 ἐ¹
871 5690 964 5745 καὶ
1023 5689 1141 5745 θεῖα
1178 5690 1546 5761 γὲξεπαίδευσε
1604 5690 1782 5757 λόγια.
1824 5689 2173 5754 ὲξεπαίδευσε
2239 5691 2402 5746 habet
2469 5690 2633 5761 etiam
2697 5689 2886 5761 Steph.

2993 5691 3038 5722 °°
3070 5687 3364 5745 ἀπελάσαι.
3402 5690 3565 5745 Basil.
3599 5687 3695 5741 Gr.

444 5762 647 5833 Eodem
695 5758 819 5833 fere
854 5760 1188 5833 modoysed
1224 5756 1523 5833 ἱκετεύσειν
1552 5756 1824 5819 ἀπελάσαι
1855 5761 2054 5818 habent
2087 5761 2429 5831 Christoph.,
2472 5760 2678 5833 Scalig.
2721 5756 3206 5817 et'Casaubonus.
3285 5760 3326 5792 ⁸⁸
3361 5758 3558 5825 admit;
3592 5756 3694 5826 τῆς

443 5832 634 5902 ὑγείας
664 5834 691 5886 ὁ
722 5831 904 5894 πόθος.
940 5831 1105 5886 Basil.
1131 5832 1225 5888 Gr.
1256 5840 1309 5887 ct
1342 5830 1531 5903 Steph.
