4124 6408
492 365 628 433 1159

1458 342 1976 425 ’ΤΗΕΟυοιιΕΤι
2017 366 2356 427 ΕΡΙΞΟΟΡΙ
2399 366 2764 424 (ῖῑιιεχεις,

3624 361 3762 428 1160

482 478 825 551 cognitionis
865 479 1051 533 lumen
1110 488 1220 532 tam
1253 476 1439 532 multis
1468 476 1802 542 infunderet,
1840 476 2071 549 Eulogio

2183 496 2265 541 to;
2296 479 2482 546 ἔλεγεν
2507 476 2943 545 ἀναγκαιοτέραν
2962 471 3102 528 εἶναι
3129 475 3236 528 τῶν
3272 475 3635 545 πλανωμένων
3666 476 3764 547 τὴν

486 581 670 627 tamen
724 572 932 643 primas
967 573 1182 635 cedere,
1244 580 1299 626 et
1334 586 1475 641 quos
1522 572 1761 640 cepisset
1804 573 1870 625 ad
1915 572 2070 626 illum

486 661 783 718 deducere.
841 662 1034 719 Merito
1067 666 1256 732 itaque
1285 662 1457 716 multo
1499 662 1762 732 majorem
1805 672 2073 732 praestan-

489 755 801 823 tioremque
849 755 999 809 illius
1053 753 1311 806 virtutem
1348 768 1472 808 esse
1521 753 1913 821 conjiciebant.
1948 753 2071 808 1am

490 860 638 909 vero,
676 861 828 909 cum,
872 847 1060 900 sedata
1083 852 1411 912 tempestate
1431 845 1838 915 tranquillaque
1864 847 2073 901 sereni-

482 946 600 990 tate
627 936 898 1001 restituta,
939 936 1117 990 redire
1151 936 1219 990 ab
1282 935 1481 990 exsilio
1518 935 1662 1004 jussi
1712 947 1925 1002 essent,
1974 938 2074 993 de-

486 1030 693 1082 duxere
725 1028 854 1082 illos
895 1028 1138 1083 universi
1175 1042 1300 1081 cum
1353 1028 1641 1096 questibus
1687 1036 1743 1083 et
1789 1030 2073 1099 tacrymis,

488 1118 866 1188 imprimisque
887 1118 1121 1174 antistes
1142 1117 1420 1184 Ecclesia,
1445 1118 1533 1171 cui
1563 1116 1824 1188 deinceps
1852 1119 2073 1172 illorum

488 1209 827 1279 agricultura
857 1209 1157 1264 carendum
1190 1216 1359 1263 esset.
1400 1209 1703 1279 Postquam
1736 1225 1869 1280 ergo
1896 1209 1950 1263 in
1980 1224 2077 1279 pa-

486 1301 649 1354 triam
684 1315 1003 1370 pervenere,
1043 1299 1266 1354 divinus
1301 1298 1523 1369 quidem
1555 1299 1841 1370 Eulogius,
1881 1314 2078 1369 magno

487 1391 657 1445 Bai-se
688 1390 755 1445 ad
787 1391 997 1445 doloris
1027 1399 1309 1460 expertem
1349 1389 1514 1443 vitam
1552 1398 1925 1459 transgresso,
1971 1388 2076 1442 Ec-

490 1480 673 1536 tlesiaa
700 1496 865 1550 quam
906 1490 1125 1535 rexerat
1148 1480 1517 1551 gubernacula
1550 1480 1792 1551 suscepit
1822 1498 1837 1545 ;
1874 1478 2075 1535 Proto-

488 1573 611 1641 geni
641 1581 823 1627 autem
843 1572 1167 1627 admirando
1188 1572 1501 1627 excolendae
1518 1574 1535 1592 ⁶
1558 1574 1697 1626 data:
1725 1582 1853 1627 sunt
1870 1572 2076 1638 Carm‘,

492 1666 687 1720 civitas
727 1666 951 1730 inculta,
988 1676 1040 1720 et
1063 1665 1237 1734 spinis
1278 1665 1563 1734 gentilium
1610 1663 1831 1730 referta,
1879 1666 2079 1720 multo-

491 1772 598 1824 que
628 1772 796 1827 egens
827 1756 1016 1810 labore
1067 1772 1130 1810 ac
1158 1758 1366 1812 studio.
1398 1755 1505 1811 Sed
1564 1756 1681 1811 haec
1712 1764 1836 1827 post
1886 1772 2075 1828 pacem

492 1846 757 1903 Ecclesiis
788 1846 1053 1902 redditam
1080 1858 1231 1917 gesta
1266 1857 1412 1903 sunt.

491 1939 717 2011 τογένης
758 1939 1019 2010 γεωργεῖν
1065 1940 1410 2010 προσετάχθη
1449 1939 1550 2003 τὰς
1595 1938 1787 2008 Κάρας
1847 1938 1920 2003 ",

2178 568 2478 639 σωτηρίαν.
2527 566 2868 637 Ἐθαύμαζον
2908 566 2968 619 δὲ
2999 566 3240 629 ἅπαντες
3272 565 3365 619 τὸν
3404 566 3764 637 Πρωτογένην

2176 659 2466 730 θεώμενοι,
2498 657 2725 712 τοιαῦτα
2764 657 2862 728 μὲν
2905 656 3450 728 θαυματουργοῦντα,
3490 656 3764 720 τοσούτοις

2175 750 2234 804 δὲ
2287 749 2372 804 τοῦ
2416 750 2518 819 τῆς
2553 748 2885 818 θεογνωσίας
2919 748 3272 818 μεταδιδόντα
3301 749 3502 816 φωτὸς,
3549 749 3645 801 καὶ
3688 748 3766 817 τῷ

2182 844 2429 915 Εὐλογίῳ
2477 845 2584 897 τῶν
2624 844 2910 914 πρωτείων
2979 836 3449 916 παραχωροῦντα,
3502 844 3598 898 καὶ
3641 844 3768 906 τοὺς

2176 936 2582 1006 ἀγρευομένους
2627 934 2825 1004 ἐκείνῳ
2861 935 3229 1005 προσάγοντα,
3272 936 3566 1000 Ἑτόπαζον
3588 933 3652 1005 δὴ
3676 929 3771 987 οὖν

2178 1024 2425 1088 εἰκότως,
2459 1023 2639 1094 πολλῷ
2687 1025 2911 1078 πλείονα
2943 1020 3084 1078 εἶναι
3109 1023 3207 1094 τὴν
3237 1025 3450 1078 ἐκείνου
3480 1025 3576 1078 καὶ
3600 1024 3770 1094 ὑπερ-

2177 1116 2341 1186 τέραν
2370 1116 2594 1186 ἀρετήν.
2644 1116 2862 1188 Ἐπειδὴ
2887 1115 2947 1169 δὲ
2966 1115 3063 1169 τοῦ
3089 1115 3360 1179 κλύδωνος
3389 1115 3770 1187 παυσαμένου.

2179 1205 2274 1258 καὶ
2303 1204 2552 1276 καθαρᾶς
2578 1206 2883 1276 γενομένης
2930 1207 3195 1278 γαλήνης,
3237 1207 3556 1262 ἐπανελθεῖν
3602 1221 3774 1276 προσ-

2179 1295 2507 1366 ετάχθησαν,
2540 1295 2912 1368 προύπεμψαν
2940 1297 3140 1362 αὐτοὺς
3170 1297 3409 1361 ἅπαντες
3436 1297 3772 1368 ὀλοφυρόμε-

2179 1402 2261 1437 νοι
2282 1386 2378 1439 καὶ
2405 1385 2755 1458 δακρύοντες,
2786 1387 2885 1458 οὐχ
2909 1388 3111 1457 ἣκιστα
3143 1387 3201 1441 δὲ
3237 1388 3267 1440 6
3298 1388 3396 1457 τῆς
3441 1387 3772 1456 Ἐκκλησίας

2178 1476 2518 1547 ἡγούμενος,
2578 1477 2678 1549 τὴς
2748 1478 2972 1532 ἐκείνων
3042 1479 3319 1550 γεωργίας
3380 1480 3768 1552 ἐστερημένος.

2193 1568 2415 1640 Ἐπειδὴ
2459 1568 2517 1622 δὲ
2566 1571 2665 1640 τὴν
2699 1568 3031 1638 ὲνεγκοῦσαν
3061 1570 3385 1632 κατέλαϐον,
3430 1573 3460 1625 6
3502 1571 3602 1642 μὲν
3629 1570 3772 1635 θεῖος

2181 1661 2459 1730 Εύλόγιος,
2492 1663 2706 1735 Βάρσου
2737 1663 2831 1716 τοῦ
2866 1662 3102 1734 μεγάλου
3139 1664 3507 1735 μεταστάντος
3557 1665 3639 1727 εἰς
3678 1663 3772 1716 τὸν

2182 1754 2391 1809 ἄλυπον
2419 1756 2556 1827 βίον,
2587 1756 2687 1826 τῆς
2718 1758 2811 1811 ὑπ’
2842 1757 3054 1810 ἐκείνου
3081 1756 3503 1829 κυϐερνωμένης
3539 1755 3772 1824 Ἐκκλη-

2117 1840 2158 1894 8
2190 1848 2312 1911 σίας
2337 1848 2630 1919 ἐπιστεύθη
2664 1850 2789 1913 τοὺς
2835 1850 3027 1913 οἴακας
3051 1864 3067 1879 ⁸
3098 1850 3127 1903 6
3167 1850 3225 1903 δὲ
3257 1849 3586 1918 ἁξιάγαστος
3615 1849 3773 1918 Πρω-

1995 1937 2150 1990 πόλιν
2189 1938 2633 2011 κεχερσωμένην,
2680 1941 2774 1995 καὶ
2805 1939 3057 1995 ἀκανθῶν
3102 1941 3431 2012 Ἑλληνικῶν
3478 1940 3771 2011 πεπληρω-

492 2031 699 2104 μένην,
752 2032 846 2086 καὶ
901 2028 1101 2099 πολλῆς
1150 2030 1409 2104 δεομένην
1465 2032 1800 2100 φιλοπονίας.
1833 2030 2021 2085 Ταῦτα
2066 2030 2167 2101 μὲν
2196 2029 2291 2085 οὖν
2342 2031 2483 2103 μετά
2528 2031 2627 2104 τὴν
2672 2033 2781 2088 τῶν
2859 2033 3196 2106 Ἐκκλησιῶν
3240 2035 3463 2106 εἰρήνην
3500 2033 3750 2104 ἐγένονυ

630 2218 799 2289 930
846 2213 999 2273 car.
1035 2215 1174 2272 xvi.
1209 2215 1293 2289 [Β.
1330 2214 1761 2272 si.v.w.c1..
1807 2214 1920 2288 η]

496 2310 570 2364 De
624 2321 809 2365 sancto
859 2309 1065 2363 Basilio
1116 2307 1439 2365 Caesariensi
1502 2310 1769 2377 episcopo,
1830 2308 2085 2377 rebusque

563 2391 745 2521 ;ontrn
794 2396 910 2432 cum
944 2380 1103 2449 gestis
1170 2398 1201 2432 a
1263 2378 1502 2445 Valente,
1548 2391 1597 2433 et
1640 2378 1882 2433 Modesto
1940 2394 2076 2447 prm-

586 2463 720 2504 ecto.

586 2463 720 2504 εειο.

565 2542 633 2591 At
664 2539 882 2599 Valens.
916 2552 1041 2591 cum
1078 2551 1273 2592 omnes
1321 2552 1491 2607 prope
1522 2537 1756 2593 dixerim
1803 2536 2082 2592 Ecclesias

493 2629 812 2699 pastoribus
834 2629 1148 2697 spoliasset,
1180 2627 1487 2683 Caesaream
1535 2629 1695 2697 petiit
1737 2642 1899 2699 quam
1930 2627 2084 2682 inco-

496 2724 619 2779 lunt
689 2720 1069 2791 Cappadoces.
1110 2721 1189 2774 lbi
1245 2727 1360 2774 tum
1403 2727 1635 2790 pra-erat
1674 2719 1915 2776 Basilius
1966 2734 2082 2773 ma-

496 2828 662 2883 guns,
692 2810 1038 2882 splendidum
1060 2810 1243 2865 lumen
1274 2809 1426 2865 orbis
1453 2818 1747 2865 terrarum.
1781 2808 2073 2864 Praemise-

495 2917 578 2959 rat
606 2912 787 2959 autent
821 2902 1166 2974 praefectum,
1194 2918 1319 2957 cum
1367 2901 1663 2966 mandatis,
1702 2910 1762 2956 ut
1819 2901 2085 2957 Basilium

494 2998 584 3051 τιτι
615 2995 682 3050 ad
722 2994 951 3050 Eudoxii
975 2995 1422 3050 communionem
1447 2993 1878 3066 amplectendam
1911 2994 2087 3049 addu-

2678 2212 2828 2285 [l75]
2872 2215 3121 2268 κΕψΑΑ.
3172 2217 3286 2282 ις’.

2187 2301 2329 2371 Περὶ
2374 2301 2490 2374 ,τοῦ
2543 2302 2715 2374 ἁγίου
2739 2306 3073 2374 βασιλείου
3107 2304 3212 2357 τοῦ
3252 2308 3612 2374 Καισαρείας
3641 2309 3768 2365 ἐπι-

2262 2373 2522 2446 σκιξπου,
2559 2371 2655 2425 καὶ
2688 2371 2807 2446 τῶν
2833 2374 2959 2446 κατ’
2997 2374 3184 2428 αὑτοῦ
3205 2371 3630 2446 Δγεγενημένων·
3653 2381 3767 2435 ὑπὸ

2255 2441 2591 2507 Οὐάλεντος
2620 2442 2720 2496 καὶ
2752 2442 3065 2497 Μοδέστου
3093 2441 3391 2513 ὑπάρχου.

2271 2531 2332 2583 ’0
2365 2530 2422 2584 δὲ
2452 2532 2630 2603 Βάλης
2692 2533 2893 2599 πᾶσαν,
2921 2532 2997 2596 ὡς
3032 2533 3163 2597 ἔπος
3202 2535 3395 2601 είπεῖν,
3441 2537 3769 2611 Ἐκκλησίαν

2183 2630 2277 2683 τοῦ
2312 2629 2566 2699 ποιμένος
2589 2630 2872 2701 ἐστέρησε,
2899 2630 2991 2683 καὶ
3021 2633 3099 2695 είς
3118 2630 3164 2663 ⁸³
3192 2632 3291 2703 τὴν
3307 2634 3641 2706 Καισάρειαν
3660 2635 3767 2708 dip-

2187 2736 2380 2791 μησεν,
2415 2713 2485 2791 ἦς
2514 2720 2798 2792 οἰκήτορες
2830 2720 3228 2775 Καππαδόκαι’
3275 2725 3461 2794 ἠγεῖτο
3488 2725 3544 2780 δὲ
3570 2725 3771 2799 ταύτης

2181 2808 2487 2881 τηνικαῦτα
2521 2810 2801 2875 Βασίλειος
2833 2811 2862 2863 6
2910 2813 3081 2883 μέγας
3107 2812 3173 2878 ⁸⁸,
3225 2815 3255 2867 6
3299 2815 3400 2887 τῆς
3448 2818 3770 2889 οἰκουμένης

2186 2906 2433 2976 φωστὴρ.
2472 2901 2809 2975 Προῦπεμψε
2852 2904 2909 2957 δὲ
2954 2906 3044 2960 τὸν
3092 2904 3357 2978 ὕπαρχον,
3395 2908 3770 2982 ἐντειλάμενος

2184 2996 2218 3069 ἢ
2257 3000 2445 3051 πεῖσαι
2478 2996 2568 3050 τὸν
2591 2996 2873 3051 Βασίλειον
2913 2997 3012 3069 τὴν
3058 2997 3193 3069 πρὸς
3234 2999 3485 3067 Εὑδόξιον
3516 3001 3769 3056 ἀσπάσα·

495 3096 666 3153 ceret,
699 3086 783 3143 vel
811 3095 1156 3142 recusantem
1194 3087 1251 3139 in
1287 3084 1545 3141 exsilium
1582 3086 1899 3155 expelleret.
1944 3083 2081 3139 Nam

2187 3089 2310 3143 σθαι
2335 3086 2639 3154 κοινωνίαν,
2670 3088 2703 3160 ἢ
2740 3087 2816 3160 μὴ
2854 3088 3178 3159 πειθόμενον
3219 3090 3491 3157 ἐξελάσαι.
3522 3092 3630 3146 Τοῦ
3662 3093 3769 3165 γὰρ

497 3196 624 3235 cum
658 3179 727 3234 de
745 3178 888 3232 fama
917 3179 1021 3231 viri
1055 3176 1263 3231 dudum
1299 3178 1626 3247 accepisset,
1661 3177 1894 3247 primum
1928 3177 2081 3233 illum

2185 3179 2378 3251 ἀνδρὸς
2403 3179 2465 3231 τ⁶δ
2497 3148 2654 3243 κλέος
2689 3148 3171 3251 προπεπυσμένος,
3206 3148 3407 3253 πρώτῳ
3441 3148 3769 3255 προσϐαλεῖν

500 3270 709 3325 adoriri
742 3269 941 3333 uoluit,
971 3283 1041 3322 ne
1071 3269 1118 3323 si
1155 3268 1284 3321 forti
1314 3270 1499 3321 animo
1522 3268 1784 3337 impetum
1831 3269 2087 3337 excepis-

498 3371 607 3422 set,
655 3369 821 3431 atque
857 3359 1003 3412 hunc
1036 3359 1354 3428 repulisset,
1401 3360 1715 3429 exemplum
1766 3359 1891 3414 aliis
1925 3360 2086 3413 forti-

500 3453 711 3507 tudinis
746 3451 1038 3521 praeberet.
1070 3448 1176 3505 Sed
1211 3451 1327 3505 haec
1359 3451 1572 3505 molitio
1611 3452 1733 3505 telae
1756 3465 1974 3505 araneae
2009 3451 2089 3506 si-

502 3541 653 3596 milis
689 3540 964 3609 apparuit.
1002 3538 1141 3595 Aliis
1161 3541 1305 3593 enim
1354 3539 1632 3610 episcopis
1675 3540 1743 3594 ad
1794 3541 2085 3594 utilitatem

502 3642 686 3687 vetera
735 3631 984 3700 exempla
1045 3638 1132 3686 sat
1174 3630 1416 3698 fuerunt,
1463 3632 1558 3701 qui
1617 3631 1857 3686 turrium
1912 3633 2089 3687 instar

503 3741 719 3780 murum
748 3724 869 3779 ﬁdei
893 3726 1106 3780 ﬁrmum
1136 3733 1381 3781 tenuere.
1408 3723 1547 3779 Cum
1576 3733 1756 3781 autem
1780 3724 2086 3782 Caesaream

502 3816 794 3888 pmfecttis
817 3817 1076 3879 venisset,
1110 3817 1345 3871 accitum
1371 3815 1440 3870 ad
1463 3831 1524 3872 se
1543 3831 1800 3886 magnum
1826 3814 2086 3871 Basilium

504 3909 806 3964 honoriﬁce
861 3910 1139 3975 tractavit,
1193 3908 1506 3978 blandaque
1543 3911 1794 3963 oratione
1840 3907 2086 3978 compel-

502 4002 624 4057 lans
674 4002 930 4057 hortatus
982 4009 1103 4065 est,
1157 4011 1218 4054 ut
1262 4000 1497 4070 tempori
1548 4000 1800 4066 cederet,
1844 4015 1945 4055 nec
2005 4004 2087 4055 tot

507 4091 782 4147 Ecclesias
832 4091 905 4145 ob
952 4091 1217 4144 minutam
1274 4088 1593 4160 dogmatum
1643 4089 1980 4159 diligentiam
2031 4088 2087 4140 in

506 4182 815 4237 discrimen
869 4180 1189 4249 conjiceret.
1231 4177 1591 4235 Promittebat
1637 4187 1693 4233 et
1741 4178 2089 4248 imperatoris

507 4272 832 4336 amicitiam,
875 4282 929 4325 et
960 4271 1132 4325 multa
1171 4284 1269 4340 per
1303 4270 1453 4323 illam
1497 4270 1552 4323 in
1602 4270 1739 4324 alios
1786 4268 2089 4323 derivanda

509 4360 798 4417 beneﬁcia.
838 4360 939 4414 Cui
970 4360 1194 4415 divinus
1233 4360 1326 4415 ille
1355 4360 1438 4414 vir
1472 4357 1905 4414 adolescentulis
1952 4371 2088 4412 con-

2186 3272 2289 3325 οὐκ
2320 3270 2617 3341 ἠθέλησεν·
2653 3271 2739 3324 ἶνα
2771 3270 2846 3344 μὴ
2878 3272 3142 3340 γενναίως
3168 3273 3265 3345 τὴν
3286 3274 3592 3347 προσϐολὴν
3616 3276 3770 3344 δεξά-

2190 3376 2372 3430 μενος,
2433 3362 2527 3413 καὶ
2574 3359 2778 3431 ταύτην
2808 3361 3317 3433 ἀποκρουσάμενος,
3362 3364 3613 3437 ἀνδρείας
3661 3369 3771 3430 τοῖς

2187 3452 2369 3516 ἄλλοις
2392 3454 2698 3524 ἀρχέτυπον
2722 3453 2768 3486 ⁸⁸
2801 3452 3046 3525 γένηται.
3086 3455 3245 3509 Ἀλλὰ
3272 3456 3515 3529 ἀράχνης
3545 3459 3678 3531 ἱστῷ
3705 3459 3769 3513 τὸ

2192 3545 2488 3617 μηχάνημα
2543 3545 2928 3617 παραπλήσιον
2977 3545 3153 3618 ὤφθη.
3215 3549 3455 3619 Ἠρκεσε
3503 3550 3612 3622 γάρ
3659 3553 3769 3615 τοῖς

2188 3637 2369 3700 ἄλλοις
2404 3634 2756 3707 ἀρχιερεῦσιν
2801 3637 2881 3700 είς
2911 3635 3179 3706 ὠφέλειαν
3208 3638 3275 3692 τά
3328 3640 3533 3694 παλαιά
3578 3641 3771 3712 διηγή-

2192 3742 2355 3797 ματα,
2394 3724 2489 3779 καὶ
2512 3721 2625 3778 οἶόν
2670 3742 2815 3789 τινες
2854 3725 3055 3797 πύργοι
3102 3729 3192 3781 τὸν
3232 3729 3331 3800 τῆς
3360 3731 3594 3796 πίστεως
3619 3732 3775 3802 περί-

2187 3815 2343 3869 ϐολον
2370 3815 2563 3887 ἀκλινῆ
2584 3816 2631 3848 ⁸⁸
2659 3814 3013 3889 διετήρησαν.
3056 3819 3115 3873 '0
3145 3821 3328 3890 μέντοι
3369 3821 3632 3894 ὕπαρχος,
3690 3826 3772 3887 εἰς

2186 3907 2286 3978 τὴν
2312 3908 2652 3979 Καισάρειαν
2680 3909 3029 3981 ἀφικόμενος,
3053 3911 3148 3965 καὶ
3178 3912 3457 3969 Βασίλειον
3485 3916 3575 3969 τὸν
3598 3914 3774 3988 μέγαν

2192 3998 2708 4071 μεταπεμψάμενος,
2738 4003 2905 4073 τιμῆς
2932 4019 2991 4055 τε
3037 4003 3259 4074 ἠξίωσε,
3294 4006 3387 4060 καὶ
3429 4006 3607 4078 λόγοις
3638 4009 3774 4079 πρὸς

2188 4089 2351 4144 αὑτὸν
2377 4091 2561 4162 ὴπίοις
2584 4092 2875 4162 ἐχρήσατο,
2907 4090 3046 4161 εἶξαί
3067 4112 3126 4149 τε
3151 4096 3229 4167 τῷ
3258 4098 3437 4170 καιρῷ
3467 4100 3771 4171 παραινῶν,

2188 4182 2282 4235 καὶ
2332 4181 2407 4252 μὴ
2464 4183 2726 4253 προέσθαι
2790 4185 3059 4250 τοσαύτας
3119 4188 3415 4260 ἐκκλησίας
3468 4190 3535 4245 δι’
3583 4191 3776 4263 ὀλίγην

2188 4272 2476 4341 δογμάτων
2528 4274 2835 4345 ἀκρίϐειαν.
2882 4276 3226 4349 ’Υπισχνεῖτο
3260 4280 3315 4334 δὲ
3356 4282 3448 4336 καὶ
3485 4280 3581 4354 τὴν
3629 4283 3778 4355 βασι-

2188 4362 2325 4426 λέως
2372 4363 2575 4431 φιλίαν,
2610 4365 2835 4430 καὶτὰς
2878 4368 2942 4421 ἐκ
2978 4368 3181 4440 ταύτης
3228 4370 3294 4425 δι’
3342 4373 3508 4427 αὐτοῦ
3560 4374 3778 4440 πολλοῖς

508 4470 705 4526 gruch
759 4454 898 4508 tales
945 4468 1233 4508 sermones
1272 4449 1562 4521 respondit
1596 4465 1612 4501 :
1662 4467 1682 4502 ι
1718 4448 1786 4503 Hi
1832 4449 2002 4509 enim,
2031 4456 2081 4504 et

2190 4454 2453 4525 ἐσομένας
2486 4455 2824 4528 εὐεργεσίας.
2854 4458 2911 4512 ὐ
2929 4459 2987 4512 δὲ
3014 4459 3153 4525 θεῖος
3177 4463 3382 4528 ἐκεῖνος
3414 4466 3553 4539 ἀνὴρ
3573 4468 3617 4500 θ’
3650 4485 3777 4538 μειο

511 4546 601 4611 qui
660 4560 855 4601 eorum
913 4553 1041 4601 sunt
1087 4544 1321 4609 similes,
1361 4541 1577 4596 inhiant
1620 4539 1938 4610 huiusmodi
1996 4556 2084 4596 re-

507 4634 613 4690 bus
676 4653 693 4691 :
754 4643 810 4689 at
854 4636 949 4705 qui
998 4635 1178 4689 sacris
1214 4632 1438 4688 Litteris
1494 4638 1627 4687 sunt
1673 4631 1959 4698 innutriti,
2019 4647 2088 4689 ne

513 4741 682 4781 unam
713 4726 934 4797 quidem
965 4726 1227 4795 syllabam
1247 4723 1560 4778 divinorum
1588 4722 1902 4794 dogmatum
1919 4722 2082 4796 981

509 4818 699 4890 sperni
728 4818 953 4880 sinunt;
984 4830 1085 4886 pro
1117 4815 1207 4871 bis
1235 4829 1387 4879 vero,
1415 4817 1461 4870 si
1493 4830 1582 4871 res
1611 4825 1837 4886 poscat,
1870 4818 2084 4872 nullum

508 4923 684 4981 genus
712 4908 908 4963 mortis
937 4906 1238 4977 refugiunt.
1290 4905 1644 4975 Imperatoris
1676 4922 1842 4978 porro
1893 4908 2088 4964 amici—

2196 4546 2403 4618 ρακίοις
2426 4546 2528 4619 ἔφη
2553 4547 2776 4614 τούτους
2806 4550 3101 4622 ἁρμόττειν
3125 4556 3252 4621 τοὺς
3284 4557 3504 4629 λόγους.
3543 4579 3562 4612 ι
3595 4561 3775 4615 Ἐκεῖ-

2192 4636 2273 4692 νοί
2306 4654 2364 4691 τε
2388 4639 2516 4710 γὰρ,
2546 4640 2640 4693 καὶ
2663 4641 2709 4693 οί
2738 4641 2966 4707 ἐκείνοις
2989 4646 3326 4716 προσόμοιοι,
3354 4650 3570 4721 περὶτὰ
3590 4649 3779 4704 τοιαῦ-

2189 4746 2259 4785 τα
2281 4732 2594 4802 κεχήνασιν.
2626 4733 2690 4785 Οί
2712 4734 2769 4787 δὲ
2788 4737 2900 4798 τοῖς
2928 4735 3093 4800 θείοις
3120 4739 3297 4807 λόγοις
3320 4743 3776 4815 ὲντεθραμμένοι,

2191 4821 2457 4893 προέσθαι
2484 4823 2583 4894 μὲν
2607 4822 2717 4877 τῶν
2748 4824 2907 4879 θείων
2934 4826 3220 4899 δογμάτων
3253 4831 3510 4904 οὐδεμίαν
3546 4836 3776 4907 ἀνέχον-

2191 4929 2283 4965 ται
2314 4913 2602 4986 συλλαϐὴν,
2626 4915 2841 4987 ύπὲρδδ
2859 4918 3062 4974 τούτων
3091 4922 3185 4975 καὶ
3200 4922 3400 4991 πάσας,
3435 4928 3483 4979 εί
3514 4925 3643 4994 δέοι,
3677 4929 3777 4984 τοῦ

507 5005 640 5058 tiam
671 5018 796 5058 cum
827 5002 1030 5073 pietate
1061 5000 1418 5071 coniunctam
1452 5001 1635 5074 magni
1672 5001 1813 5057 facio
1838 5020 1851 5056 :
1874 5003 2081 5072 absque

2194 5002 2426 5058 θανάτου
2452 5005 2552 5071 τὰς
2583 5007 2728 5070 ἰδέας
2764 5009 3121 5075 ἀσπάζονται.
3152 5013 3261 5085 Τὴν
3290 5016 3346 5069 δὲ
3381 5016 3649 5088 βασιλέως
3686 5038 3777 5089 φιο

506 5093 635 5155 liac,
680 5093 1047 5163 perniciosam
1098 5092 1309 5146 dixero.
1340 5111 1359 5144 ι
1422 5091 1489 5148 Et
1534 5110 1661 5149 cum
1710 5093 2081 5164 indignaretur

2193 5094 2315 5148 λίαν
2365 5097 2506 5167 μέγα
2563 5098 2661 5168 μὲν
2694 5100 2933 5171 ἡγοῦμαι
2983 5105 3100 5172 μετ’
3146 5105 3446 5174 εὐσεϐείας,
3491 5111 3684 5181 δίχα⁶⁸
3713 5112 3778 5165 Et

509 5184 825 5256 praefectus,
852 5194 909 5240 et
940 5183 1185 5239 insanire
1218 5184 1369 5236 illum
1398 5185 1607 5241 diceret
1637 5200 1652 5237 :
1690 5202 1709 5236 ι
1733 5182 1846 5252 Ego
1881 5199 2030 5248 vero,
2061 5203 2081 5236 ι

2191 5186 2416 5259 ταύτης,
2462 5189 2710 5259 ὀλεθρίαν
2742 5192 3025 5247 ἀποκαλῶ.
3065 5214 3085 5246 ι
3120 5196 3228 5249 Τοῦ
3265 5197 3323 5251 δὲ
3345 5199 3592 5273 ὑπάρχου
3614 5202 3779 5274 χαλε-

508 5275 737 5330 divinus
758 5278 832 5330 ait
867 5274 1127 5339 Basilius,
1151 5290 1171 5323 ι
1206 5274 1310 5327 hac
1341 5276 1559 5331 insania
1596 5276 1841 5330 insanire
1872 5290 2081 5345 semper

2195 5279 2487 5351 πήναντος,
2546 5282 2641 5334 καὶ
2692 5281 3028 5355 ἀνοηταίνειν
3062 5289 3357 5357 φήσαντος,
3403 5293 3431 5344 6
3479 5293 3621 5357 θεῖος
3667 5294 3776 5367 ἔφη

511 5365 697 5421 velim.
728 5386 747 5419 ι
807 5367 1007 5425 Jussus
1056 5374 1239 5421 autem
1273 5368 1443 5435 exire,
1500 5376 1555 5425 et
1596 5366 1729 5438 quid
1764 5367 1909 5423 facto
1940 5376 2081 5423 esset

2196 5372 2503 5437 Βασίλειος·
2540 5392 2559 5425 ι
2591 5373 2808 5447 Ταύτην
2846 5375 2988 5447 ἔχειν
3028 5381 3107 5443 εἰς
3141 5382 3228 5434 ἀεὶ
3254 5384 3353 5456 τὴν
3389 5386 3572 5440 ἄνοιαν
3616 5365 3774 5458 εὖχοέ

1815 5484 2049 5543 V’ABIE
2096 5488 2505 5550 LECTIONES.

938 5600 1162 5685 iidem.‘
1240 5603 1300 5685 '1
1319 5619 1477 5685 ποιμ.
1510 5603 1837 5685 γυμνώσας,
1868 5606 1968 5667 εἰς.
2030 5605 2219 5685 Basil._
2249 5608 2346 5685 Gr.
2404 5619 2455 5664 et
2500 5610 2705 5685 §teplt.
2789 5612 2889 5685 {‘6
2930 5616 3102 5685 μέγας
3146 5618 3299 5675 abest
3327 5635 3355 5672 a
3382 5619 3551 5677 Basil.
3576 5620 3672 5676 Gr.
3715 5632 3771 5676 et

516 5665 653 5770 sini.
670 5665 880 5748 codice,
936 5668 1203 5749 probante
1258 5665 1534 5728 Valcs‘iof
1587 5665 1657 5704 ’⁸⁸
1703 5665 2031 5745 ἀρχέτυπος.
2072 5676 2245 5734 Basil.
2276 5665 2373 5733 Gr.
2400 5690 2455 5733 et
2495 5665 2687 5750 Steph.
2800 5683 2846 5715 “
2871 5665 3111 5750 ἀιὲέιὶὁέιξ
3141 5665 3766 5764 ninguis???

596 5738 717 5794 l’tttl
738 5736 909 5793 codex
940 5737 1094 5794 add".
1122 5756 1136 5791 :
1167 5740 1195 5791 6
1220 5744 1321 5794 τῆς
1349 5742 1673 5794 οίκουιιένηε
1704 5743 2120 5794 παμυιίστατος
2149 5749 2319 5794 ἥλιος.
2396 5751 2441 5782 ⁸⁸
2468 5751 2618 5794 ἄνευ-
2648 5751 2810 5794 iitlnm

642 5737 717 5792 ini
738 5736 909 5793 codex
937 5736 1094 5795 addit
1122 5756 1136 5791 :
1167 5740 1195 5791 6
1220 5744 1321 5811 τῆς
1349 5742 1673 5814 οίκουμένης
1704 5736 2120 5815 παμφτίστατος
2149 5749 2319 5821 ἥλιος.
2396 5751 2441 5782 ⁸⁸
2468 5736 2618 5805 ἄνευ.
2648 5751 2832 5809 iidem.
