4124 6408
453 430 585 494 ῙῙῙῙ

1441 432 1931 494 THEODORETI
1972 434 2313 498 EPISCOPI
2347 437 2716 498 CYRENSIS

3593 432 3737 494 1172'

448 539 780 614 presbyteri,
819 554 927 595 non
957 539 1220 605 diaconi,
1274 553 1386 592 non
1441 539 1628 608 populi
1696 541 2032 596 multitudo:

2144 543 2232 614 Τῷ
2261 543 2326 616 δὴ
2358 546 2586 617 τοιούτῳ
2628 547 2869 616 συνῆσαν
2917 543 3083 615 (ἁπλῇ
3119 543 3229 614 γὰρ
3275 543 3463 616 εἰσόδῳ
3499 545 3598 614 τῆς
3625 547 3726 600 πό-

447 649 557 689 ι;οιι
581 634 734 688 illum
762 631 1029 703 praibant
1051 631 1283 702 hymnos
1314 645 1382 684 ex
1429 626 1733 700 Scripturis
1776 631 2038 702 deprom-

449 739 574 798 ptos
619 733 908 782 cantantes
935 723 1221 778 monachi:
1257 723 1350 778 sed
1379 739 1504 778 cum
1541 739 1609 778 eo
1640 724 1880 780 Euzoius
1896 733 2036 790 erat,

449 819 537 874 ille
555 815 917 888 jampridem,
952 829 1080 868 cum
1131 813 1476 869 Alexandria:
1528 824 1730 871 nostra:
1768 816 2038 872 diaconus

446 916 612 972 esset,
647 922 752 961 una
793 921 917 960 cum
950 905 1083 959 Ario
1107 904 1162 958 in
1225 919 1386 959 sacra
1451 913 1505 960 et
1569 921 1764 976 magna
1827 905 2039 978 synodo

443 999 661 1054 Nicama
685 999 992 1069 depositus,
1037 1012 1186 1051 nunc
1221 1004 1402 1051 autem
1461 999 1816 1067 praesulatum
1871 999 2038 1052 deva-

445 1105 598 1146 stans
633 1091 1055 1145 Antiochenum.
1087 1087 1153 1142 Et
1198 1090 1650 1144 comitatensium
1686 1089 2038 1161 largitionum

444 1199 649 1250 eomes,
675 1199 802 1238 cum
825 1181 1036 1253 ingenti
1070 1181 1309 1236 militum
1337 1197 1528 1249 manu,
1560 1183 1615 1236 in
1643 1183 1792 1237 omni
1823 1196 2038 1252 semper

446 1277 722 1349 impietate
744 1277 968 1341 nobilis,
1000 1275 1221 1330 nomine
1253 1273 1506 1346 Magnus.
1530 1275 1636 1342 Qui
1687 1292 1812 1331 cum
1868 1277 2040 1332 eccle-

443 1370 580 1424 siam
604 1369 968 1442 Berytiorum,
1001 1383 1123 1440 qua:
1149 1367 1471 1427 Phoenicum
1509 1371 1640 1425 urbs
1671 1380 1753 1425 est
1783 1370 2035 1436 illustris,

441 1461 647 1517 Juliani
703 1463 1044 1532 temporibus
1089 1461 1461 1528 incendisset,
1502 1462 1643 1516 hanc
1689 1471 1876 1534 postea
1931 1461 2039 1518 sub

447 1555 914 1610 beatzememorize
953 1552 1184 1609 Joviano
1252 1554 1368 1610 suis
1426 1555 1692 1625 impensis
1746 1556 2040 1612 restituere

442 1657 672 1702 coactus
701 1655 806 1712 est,
841 1662 1145 1716 parumque
1164 1645 1340 1702 abluit
1369 1647 1504 1716 quin
1532 1647 1712 1718 capite
1745 1656 2037 1704 truncare-

445 1749 556 1805 tur,
585 1739 695 1796 nisi
726 1741 1027 1795 multorum
1063 1739 1465 1795 intercessione
1517 1740 1868 1810 imperatoris
1923 1741 2035 1796 cle-

444 1830 704 1886 mentiam
737 1830 1090 1887 obtinuisset.
1128 1830 1286 1886 Nunc
1335 1812 1632 1903 ergo°hinc
1684 1831 2038 1887 considerare

2142 638 2280 702 λεως
2306 638 2606 692 ἐπιϐαίνειν
2633 641 2734 693 οὑκ
2763 639 3013 709 ἠδύνατο,
3038 637 3140 692 οὐκ
3179 636 3493 690 ἐπισκόπων
3537 637 3724 708 τινὲς),

2147 727 2294 800 [180]
2318 729 2377 782 οὐ
2409 729 2818 800 πρεσϐυτέρων,
2849 729 2908 783 οὐ
2939 729 3223 791 διακόνων,
3259 728 3319 779 οὐ
3349 725 3494 779 λαῶν
3523 727 3722 798 πλήθη·

2141 825 2203 876 οὐ
2247 823 2487 893 προῆγον
2536 822 2725 875 τοῦτον
2763 819 3112 891 μονάζοντες,
3145 817 3352 890 ὕμνους
3385 819 3449 871 ἐκ
3491 817 3726 890 Γραφῶν

2142 915 2580 985 ἀναμέλποντες·
2617 914 2730 968 ἀλλ’
2772 912 3009 978 Εὐζὼῖος
3049 908 3138 983 ἦν,
3189 913 3218 964 6
3259 908 3450 982 πρώην
3480 911 3578 977 μὲν
3630 909 3726 966 σὺν

2157 1007 2351 1079 Ἀρείῳ
2401 1006 2770 1078 καθαιρεθεὶς,
2827 1006 3074 1068 διάκονος
3127 1004 3203 1056 ῶν
3252 1002 3355 1072 τῆς
3400 1001 3521 1056 καθ’
3582 1003 3726 1074 ημᾶς

2154 1099 2581 1171 Ἀλεξανδρείας,
2614 1103 2672 1154 ἐν
2696 1103 2764 1172 τῇ
2801 1099 2942 1153 κατὰ
2967 1099 3198 1151 Νίκαιαν
3225 1094 3358 1167 ἁγίᾳ
3385 1097 3479 1149 καὶ
3515 1093 3731 1166 μεγάλῃ

2143 1193 2366 1263 συνόδῳ,
2390 1193 2514 1263 ἄρτι
2544 1193 2601 1246 δὲ
2640 1191 2948 1265 προστασίᾳ
2976 1191 3074 1262 τὴν
3123 1187 3441 1258 Ἀντιοχέων
3463 1186 3728 1258 λυμαινόο

2143 1304 2324 1358 μενος.
2359 1267 2531 1341 Καὶό
2557 1285 2666 1340 τῶν
2710 1283 3130 1357 κομητατησίων
3156 1281 3212 1334 δὲ
3239 1279 3594 1352 λαργιτιόνων
3636 1279 3732 1332 κό-

2142 1396 2273 1452 μης,
2300 1377 2648 1448 στρατιωτῶν
2677 1377 3022 1448 ἐπαγόμενος
3068 1375 3307 1446 ἄμετρον
3348 1371 3581 1443 πληθὺν,
3609 1373 3637 1424 6
3669 1372 3730 1425 ἐν

2141 1471 2292 1542 πάσῃ
2321 1468 2548 1539 ἀσεϐείᾳ
2596 1467 2685 1522 ἀεὶ
2729 1467 3156 1540 γνωριζόμενος,
3197 1464 3420 1532 Μάγνος
3467 1461 3725 1532 τοῦνομα.

2147 1563 2241 1622 Ὃς
2274 1562 2330 1612 ἐν
2365 1562 2478 1622 τοῖς
2517 1557 2808 1615 Ἰουλιανοῦ
2847 1559 3061 1630 καιροῖς
3089 1556 3186 1626 τὴν
3217 1554 3502 1625 Βηρυτίων
3531 1552 3735 1625 ἐκκλη-

2142 1654 2262 1707 σίαν
2296 1653 2586 1724 ἐμπρήσας
2639 1651 2924 1722 (Φοινίκων
2961 1652 3007 1704 δ’
3046 1649 3185 1720 αὕτη
3218 1648 3373 1712 πόλις
3413 1645 3732 1718 ἐπιφανὴς),

2141 1745 2233 1798 ἐπὶ
2255 1743 2348 1796 τοῦ
2375 1743 2476 1812 τῆς
2506 1745 2551 1776 ²⁰
2581 1743 2859 1814 μακαρίας
2888 1742 3108 1812 μνήμης
3140 1737 3399 1793 Ἰοϐιανοῦ
3425 1739 3466 1770 ⁸⁸
3494 1737 3730 1808 χρόνοις,

2141 1837 2201 1901 ἐξ
2231 1836 2447 1890 οἰκείων
2470 1835 2674 1904 ταύτην
2705 1833 3014 1904 ἁνορθῶσαι
3044 1831 3520 1902 κατηναγκασται,
3545 1828 3736 1897 ὀλίγου

442 1923 703 1980 convenit
745 1924 922 1979 zelum
966 1932 1210 1979 vestrum
1249 1925 1451 1994 (quem
1481 1931 1538 1978 ut
1592 1923 1657 1979 ad
1690 1923 1805 1979 haec
1859 1923 2040 1978 vindi-

2145 1928 2237 1981 καὶ
2281 1927 2382 1998 τὴν
2433 1924 2674 1997 κεφαλὴν
2711 1923 2965 1995 τμηθεὶς,
3013 1924 3062 1976 εί
3116 1923 3191 1992 μὴ
3223 1919 3633 1991 φιλανθρωπίας
3665 1920 3730 1972 ἐκ

443 2016 619 2071 canda
646 2016 901 2072 excitetis
940 2015 1211 2086 obsecro)
1246 2057 1262 2082 ,
1304 2033 1429 2088 qua:
1474 2023 1529 2072 et
1575 2027 1781 2088 quanta
1837 2017 1893 2072 in
1948 2017 2040 2073 Dei

443 2108 748 2165 Ecclesiam
802 2109 1046 2166 admissa
1109 2109 1242 2174 sint,
1279 2127 1344 2164 cx
1389 2109 1550 2182 991
1624 2127 1734 2182 quo
1773 2120 2041 2183 tyrannus

443 2202 570 2267 iste,
607 2217 769 2271 quem
802 2201 940 2268 dixi,
965 2211 1157 2256 contra
1191 2217 1291 2256 nos
1325 2201 1648 2257 insurrexit.
1690 2201 1866 2257 Simul
1892 2202 2040 2258 enim

445 2294 533 2350 ille
565 2309 594 2348 a
630 2294 834 2364 pietate
855 2302 1063 2357 vestra,
1095 2301 1149 2348 et
1177 2294 1246 2348 ab
1274 2295 1533 2350 omnibus
1564 2294 1766 2365 ubique
1787 2295 2044 2350 orthodo-

443 2389 528 2442 xis
561 2401 940 2457 smpenumero
965 2387 1258 2442 abdicatus
1281 2386 1487 2442 Lucius
1507 2388 1700 2444 urbem
1733 2388 1841 2444 sibi
1866 2387 2040 2459 justis

442 2483 511 2535 de
542 2480 728 2536 causis
757 2478 1029 2535 infensam
1079 2483 1393 2550 occupavit.
1448 2480 1568 2536 Non
1632 2482 1813 2538 solum
1866 2482 2039 2547 enim,

443 2573 593 2626 sicut
613 2570 970 2642 blaSphemus
1011 2571 1104 2627 ille
1140 2571 1195 2626 in
1250 2571 1486 2628 Psalmis
1525 2573 1814 2644 insipiens,
1873 2574 2038 2629 dicit:

446 2662 564 2718 Non
606 2670 693 2719 est
738 2662 882 2720 Deus
933 2679 1058 2720 vere
1119 2663 1383 2720 Christus
1428 2683 1441 2720 :
1504 2665 1598 2722 sed
1655 2667 1902 2723 moribus
1957 2675 2043 2723 est

443 2757 612 2810 etiam
639 2755 920 2826 corruptis
954 2766 1008 2812 et
1041 2757 1394 2827 perniciosis,
1430 2757 1741 2814 maledictis
1771 2758 2037 2831 gaudens,

445 2864 566 2917 qua:
590 2848 858 2904 adversus
880 2848 1470 2920 Servatoremjactm'l
1529 2849 1587 2915 ii,
1639 2850 1734 2921 qui
1794 2851 2041 2922 neglecto

403 2946 414 2954 ‘
444 2940 706 2996 Creatore
724 2949 1036 2996 creaturam
1061 2941 1272 2996 colunt.
1307 2941 1510 3010 Quidni
1541 2943 1708 3008 enim,
1763 2959 1889 2998 cum
1925 2944 2040 2998 alli-

447 3048 571 3090 nem
622 3033 928 3103 gentilibus
969 3049 1196 3091 sensum
1257 3035 1487 3101 habens,
1552 3033 1722 3091 Deum
1761 3045 2040 3093 recentem

445 3125 745 3183 sceleratus
790 3127 973 3184 colere
1006 3127 1244 3182 audeat?
1281 3125 1440 3182 Unde
1483 3135 1539 3183 et
1593 3128 1692 3184 has
1748 3129 1796 3183 ei
1846 3128 2039 3185 laudes

446 3233 635 3273 coram
650 3218 872 3275 civibus
894 3219 1226 3275 accinehaut
1251 3241 1261 3274 :
1287 3217 1531 3276 Faustus
1556 3221 1829 3278 adventus
1885 3233 2039 3286 tuus,

447 3309 730 3381 episcope,
755 3312 847 3382 qui
876 3310 1073 3367 Filium
1101 3326 1268 3382 negas
1294 3329 1308 3366 :
1343 3327 1537 3368 amans
1566 3312 1643 3367 tui
1685 3311 1908 3384 Serapis
1933 3313 2042 3368 huc

447 3410 502 3457 te
525 3400 786 3458 deduxit:
814 3403 1049 3474 patrium
1069 3403 1274 3460 idolum
1299 3420 1458 3460 suum
1507 3407 1876 3462 nominantes.
1896 3405 2044 3462 Con-

451 3495 610 3550 tinuo
644 3493 812 3563 enim,
865 3504 1146 3555 momento
1195 3496 1350 3552 nullo
1414 3496 1703 3567 interjecto
1739 3537 1755 3560 ,
1815 3497 2044 3571 Magnus

451 3587 826 3658 supradictus,
889 3589 1191 3660 impietatis
1247 3587 1372 3658 ejus
1436 3604 1622 3646 comes
1686 3589 2040 3658 individuus,

450 3679 688 3736 acerbus
721 3679 966 3745 satelles,
991 3687 1046 3736 et
1074 3691 1301 3752 satrapa
1333 3680 1773 3749 crudelissimus,
1793 3683 2042 3740 collectis

447 3774 505 3827 in
553 3788 722 3832 unum
787 3788 936 3828 curze
1004 3788 1118 3829 sua:
1178 3773 1535 3843 commissis,
1591 3774 1941 3846 presbyteros
1987 3785 2043 3831 et

363 3851 370 3860 ’
447 3847 716 3922 diaconos
793 3879 1027 3921 numero
1107 3864 1496 3935 undeviginti,
1562 3882 1796 3938 quorum
1868 3867 2039 3939 aliqui

449 3955 846 4025 octogesimum
904 3953 1086 4010 aetatis
1117 3957 1133 3976 ‘
1183 3971 1390 4011 annum
1431 3964 1828 4023 excesserant,
1882 3959 2044 4030 quasi

450 4047 574 4102 tetri
609 4054 662 4103 et
686 4043 964 4103 "Romanis
1022 4047 1234 4118 legibus
1295 4050 1558 4103 contrarii
1615 4050 1866 4106 criminis
1919 4066 2044 4108 reos

450 4139 894 4208 comprehendit,
928 4139 1260 4212 publicoque
1295 4139 1510 4210 judicio
1539 4143 1882 4210 constituto,
1919 4142 2046 4199 illos

448 4231 898 4287 Christianarum
921 4247 1020 4304 pro
1049 4235 1246 4289 virtute
1269 4233 1435 4306 992
1459 4234 1638 4306 legum
1673 4234 1899 4305 ignarus
1926 4235 2046 4289 adi-

452 4322 636 4392 gebat,
671 4329 728 4375 ut
757 4331 1039 4394 paternam
1064 4325 1134 4378 ab
1154 4326 1426 4396 apostolis
1454 4339 1552 4394 per
1574 4335 1758 4395 patres
1782 4324 2042 4380 traditam

455 4415 614 4471 nobis
653 4415 811 4470 (idem
836 4417 1152 4486 proderent,
1183 4425 1400 4490 gratum
1421 4415 1587 4471 etiam
1612 4417 2044 4473 clementissimo

461 4508 947 4582 ValcntiAugusto
979 4511 1032 4566 id
1095 4511 1212 4566 fore
1267 4509 1628 4566 conﬁrmans.
1671 4527 1690 4562 ι
1768 4509 2044 4581 Obsequi-

2146 2019 2346 2090 πολλῆς
2378 2017 2712 2090 περιδρομῆς
2741 2016 2898 2086 ἔτυχε
2929 2012 3238 2085 βασιλικῆς.
3281 2008 3728 2078 Ἀναλογίσασθαι

2142 2114 2324 2168 τοίνυν
2369 2115 2433 2165 ἐκ
2473 2110 2665 2164 τούτου
2715 2109 2808 2162 τὸν
2839 2108 3103 2180 ὑμέτερον
3134 2105 3294 2176 ζῆλον
3347 2104 3634 2175 προσήκει,
3670 2100 3732 2154 ὃν

2143 2203 2490 2276 διεγερθῆναι
2512 2203 2649 2275 πρὸς
2677 2201 2922 2256 ἐκδικίαν
2945 2199 3051 2252 τῶν
3075 2198 3384 2270 γενομένων
3403 2193 3728 2268 παρακαλῶ,

2143 2290 2234 2349 οἷα
2275 2297 2367 2350 καὶ
2393 2295 2555 2367 ἡλίκα
2601 2294 2671 2348 τὰ
2697 2291 3158 2365 πλημμεληθέντα
3190 2290 3331 2345 κατὰ
3359 2289 3456 2360 τῆς
3477 2287 3568 2341 τοῦ
3592 2284 3728 2341 Θεοῦ

2156 2388 2508 2459 Ἐκκλησίας,
2554 2385 2798 2441 τοιούτου
2851 2386 3114 2458 τυράννου
3180 2382 3276 2437 τοῦ
3327 2380 3729 2452 προειρημένου

2145 2483 2264 2536 καθ’
2319 2480 2477 2552 ἡμῶν
2525 2479 2951 2542 ἐπαναστάντος.
3003 2478 3156 2547 ’Ἅμα
3197 2476 3307 2547 γὰρ
3361 2477 3391 2528 6
3442 2474 3594 2545 παρὰ
3632 2471 3730 2542 τῆς

2146 2576 2418 2645 ὑμετέρας
2447 2571 2782 2637 θεοσεϐείας,
2815 2572 2908 2624 καὶ
2951 2571 3060 2624 τῶν
3087 2566 3404 2639 ἁπανταχοῦ
3433 2565 3738 2635 δρθοδόξων

2143 2668 2479 2732 ἐπισκόπων,
2508 2665 2769 2729 πολλάκις
2791 2663 3194 2734 ἀπαγορευθέις
3213 2663 3444 2725 Λούκιος
3471 2663 3568 2732 τῆς
3595 2660 3731 2733 πρὸς
3765 2687 3778 2695 -

2143 2759 2303 2814 αὐτὸν
2334 2757 2588 2830 ἀπεχθῶς
2635 2755 2990 2827 διακειμένης
3041 2756 3127 2808 ἐπ’
3159 2753 3400 2820 εὐλόγοις
3422 2754 3542 2816 ταῖς
3595 2767 3730 2821 προ-

2145 2858 2375 2928 φάσεσιν
2411 2857 2614 2927 ἐπέστη
2656 2854 2886 2917 πόλεως.
2924 2852 3000 2906 υὺ
3033 2851 3143 2922 γὰρ
3177 2850 3358 2920 μόνον,
3391 2849 3467 2913 ὼς
3525 2850 3555 2901 6
3600 2846 3730 2900 δύσ-

2144 2967 2324 3019 φημος
2352 2951 2409 3001 ἐν
2426 2947 2674 3012 Ψαλμοῖς
2703 2946 2915 3016 ἄφρων,
2947 2943 3120 3010 λέγει,
3151 2943 3265 2995 Οὐκ
3290 2941 3404 2994 ἐστι
3437 2939 3567 3002 Θεὸς
3594 2938 3729 3008 ἀλη-

2143 3040 2344 3104 enim"
2404 3040 2432 3092 6
2498 3035 2756 3108 Χριστὸς,
2809 3033 2950 3089 ἀλλὰ
3007 3033 3100 3088 καὶ
3157 3035 3268 3096 τοῖς
3334 3029 3732 3102 ἐπιτηδεύμασι

2141 3130 2407 3203 διεφθάρη
2444 3130 2538 3182 καὶ
2571 3127 2879 3199 διέφθειρε,
2932 3125 3138 3196 χαίρων
3185 3125 3278 3178 ἐπὶ
3333 3127 3456 3188 ταῖς
3491 3123 3730 3192 βλασφη-

2069 3255 2110 3312 C
2156 3223 2332 3295 μίαις,
2370 3224 2488 3286 ταῖς
2522 3221 2663 3276 κατὰ
2693 3220 2786 3274 τοῦ
2809 3221 3063 3291 Σωτῆρος
3090 3217 3475 3290 πεμπομέναις
3503 3218 3548 3248 ’³
3580 3213 3740 3287 παρὰ

2143 3316 2254 3370 τῶν
2313 3317 2378 3387 τῇ
2434 3315 2613 3368 κτίσει
2673 3312 3047 3384 λατρευόντων
3101 3311 3250 3383 παρὰ
3301 3310 3394 3364 τὸν
3443 3310 3728 3363 κτίσαντα.

2145 3408 2270 3472 Πῶς
2284 3407 2400 3478 γὰρ
2415 3407 2536 3478 οὐχὶ
2552 3407 2618 3473 ³⁸,
2647 3407 2783 3460 ὅπου
2815 3423 2879 3475 γε
2904 3404 3286 3476 παραπλήσιον
3304 3403 3562 3473 Ἕλλησιν
3591 3401 3743 3474 ἔχων.

2143 3501 2205 3557 τὸ
2230 3501 2504 3573 φρόνημα,
2556 3500 2871 3572 πρόσφατον
2893 3500 2938 3532 ’³
2969 3499 3146 3570 τολμᾷ
3174 3500 3221 3531 ³⁸
3253 3500 3282 3552 6
3335 3497 3611 3570 ἀλιτήριος
3645 3495 3733 3548 σέ-

2145 3594 2260 3648 ϐειν
2300 3595 2469 3662 Θεόν;
2517 3593 2634 3648 Ἐπ’
2660 3593 2817 3662 ὂψεσι
2841 3592 2950 3662 γὰρ
2983 3592 3164 3646 αὐτῶν
3186 3591 3408 3655 τούτους
3431 3592 3555 3654 τοὺς
3576 3589 3732 3643 ἐπαί-

2145 3703 2269 3749 νους
2321 3684 2606 3755 ἔπεμπονο
2648 3683 2845 3748 Καλῶς
2896 3679 3082 3754 ἦλθες,
3125 3684 3415 3748 ἐπίσκοπε,
3471 3682 3600 3736 Υίδν
3656 3681 3736 3753 μὴ

2143 3775 2320 3845 λέγων
2338 3791 2349 3802 ·
2381 3775 2409 3827 6
2433 3772 2678 3844 Σάραπίς
2698 3774 2742 3805 ³⁷
2774 3789 2834 3826 σε
2861 3773 3033 3842 φιλῶν
3053 3773 3362 3844 εἰσήνεγκεο
3407 3773 3468 3826 τὸ
3499 3774 3730 3845 πάτριον

2144 3867 2364 3922 εἰδώλου
2386 3866 2431 3898 ⁸⁸
2471 3865 2680 3920 ἐαυτῶν
2717 3865 3095 3936 ὀνομάζοντες.
3145 3865 3356 3918 Αὐτίκα
3391 3863 3521 3936 γὰρ,
3559 3866 3734 3936 ῥοπῆς

2146 3957 2270 4012 οὐδὲ
2309 3957 2440 4028 μιᾶς
2492 3953 2891 4026 παρελθούσης,
2922 3956 2950 4009 6
2997 3955 3398 4026 προειρημένος
3433 3957 3674 4024 Μάγνος,
3704 3958 3736 4010 6

2145 4045 2245 4116 τῆς
2299 4044 2555 4109 ἀσεϐείας
2603 4043 2768 4098 αὑτοῦ
2813 4044 3072 4107 κοινωνὸς
3105 4043 3430 4114 ἀδιαίρετος,
3462 4046 3555 4096 καὶ
3577 4043 3738 4113 δορυ-

2147 4139 2312 4208 φόρος
2342 4135 2560 4207 πικρὸς,
2595 4135 2690 4190 καὶ
2721 4135 3006 4206 σατράπης
3031 4134 3334 4206 ὠμότατος,
3370 4134 3735 4205 συναθροίσας

2149 4228 2242 4283 καὶ
2267 4228 2335 4281 τὰ
2354 4227 2458 4280 ὑπὸ
2478 4227 2576 4299 τὴν
2594 4225 2790 4281 ἑαυτοῦ
2815 4225 3072 4296 φροντίδα
3093 4228 3504 4298 ἐπανακείμενα
3525 4227 3734 4298 πλήθη,
3829 4296 3838 4302 ἱ

2148 4315 2552 4388 πρεσϐυτέρους
2605 4318 2697 4370 καὶ
2731 4315 3011 4380 διακόνους
3066 4316 3156 4369 τὸν
3186 4317 3417 4388 ἀριθμὸν
3447 4316 3734 4371 ἐννεακαί-

2146 4408 2277 4462 δεκα
2306 4407 2722 4478 συλλαϐόμενος,
2761 4399 2836 4460 ῶν
2867 4401 3103 4469 τινεςτὸ
3150 4407 3510 4478 όγδοηκοστὶν
3563 4410 3736 4480 ὑπερ-

2148 4501 2448 4573 ϐεϐήκασιν
2486 4499 2625 4565 ἔτος,
2657 4498 2730 4563 ὼς
2764 4497 3018 4562 ἐαλόντας
3040 4501 3084 4530 ³³
3115 4501 3208 4553 ἐπὶ
3234 4500 3467 4570 μυσαρῷ
3499 4517 3606 4554 τινι
3641 4502 3742 4555 καί

457 4601 613 4669 mini,
655 4619 852 4675 magna
909 4619 1042 4659 voce
1077 4603 1295 4668 aiebat,
1355 4599 1608 4658 infelices
1639 4642 1654 4667 ,
1706 4603 2040 4660 Arianorum

2149 4596 2300 4666 νόμῳ
2340 4592 2626 4663 Ῥωμαίων
2655 4589 2856 4662 ἐχθρῷ,
2890 4591 3148 4663 δημόσιον
3192 4593 3380 4664 ὁρίσας
3425 4595 3738 4665 κριτήριον,

455 4695 741 4750 sententiae
768 4693 1160 4765 obsequimini.
1191 4692 1444 4764 Ignoscet
1493 4695 1695 4767 quippe
1744 4698 1900 4753 vobis
1931 4697 2044 4754 Nu-

458 4803 600 4851 men,
631 4787 848 4842 etiamsi
883 4802 1008 4840 vera
1046 4787 1118 4842 sit
1147 4786 1342 4858 religio
1373 4802 1538 4856 quam
1561 4789 1772 4857 colitis,
1812 4792 1905 4861 qui
1929 4809 2039 4850 non

457 4888 635 4932 vestra
666 4885 881 4948 sponte,
919 4878 1015 4934 sed
1067 4881 1394 4936 necessitate
1423 4881 1529 4936 hoc
1557 4885 1802 4953 egeritis.
1839 4885 2043 4944 Neces-

459 4970 609 5030 sitati
633 4972 779 5026 enim
844 4971 1096 5028 defensio
1147 4988 1361 5044 semper
1424 4975 1800 5046 relinquitur:
1857 4979 2044 5034 liberae

458 5069 637 5114 autem
693 5062 994 5120 voluntatis
1052 5078 1241 5119 comes
1300 5065 1604 5120 accusatio.
1663 5066 1900 5121 Proinde
1958 5067 2042 5123 his

461 5151 768 5212 rationibus
795 5155 868 5211 ob
895 5155 1088 5212 oculos
1119 5156 1342 5227 positis,
1378 5157 1592 5226 abjecta
1619 5159 1768 5212 omni
1811 5170 2044 5214 cuncta-

2153 4685 2303 4764 [iSl]
2339 4685 2780 4756 κατηνάγκαζεν,
2809 4685 2910 4738 οὐκ
2937 4685 3094 4749 είδὼς
3133 4685 3258 4749 τοὺς
3293 4686 3435 4757 ὑπὲρ
3464 4687 3667 4757 ἀρετῆς
3690 4686 3740 4719 ³ο

2152 4776 2499 4852 Χριστιανῶν
2525 4777 2748 4847 νόμους,
2780 4775 2878 4847 τὴν
2905 4775 3168 4848 πατρῴαν
3197 4777 3350 4848 παρὰ
3373 4779 3481 4832 τῶν
3503 4778 3745 4832 ἀποστόο

2149 4873 2258 4927 λων
2292 4871 2380 4925 διὰ
2422 4869 2530 4923 τῶν
2565 4871 2817 4940 πατέρων
2850 4868 3207 4923 ἀποδοθεῖσαν
3243 4872 3375 4941 ἡμῖν
3427 4870 3742 4940 προδιδόναι

2152 4968 2358 5032 πίστιν,
2383 4963 2643 5036 ἡδόμενον
2673 4962 2764 5014 ἐπὶ
2788 4961 2964 5032 τούτῳ
2993 4961 3086 5014 καὶ
3112 4963 3204 5014 τὸν
3225 4961 3741 5032 φιλανθρωπότατον

2153 5061 2461 5129 Αὔγουστον
2512 5057 2752 5112 Βάλεντα
2821 5055 3321 5127 διισχυριζόμενος,
3385 5073 3405 5108 ι
3447 5054 3739 5127 Πείσθητε,

2157 5153 2410 5216 τάλανες,
2442 5149 2617 5218 λέγων
2659 5147 2869 5218 μεγάλῃ
2925 5149 2991 5218 τῇ
3021 5148 3140 5219 βοῇ,
3177 5147 3254 5219 τῷ
3291 5147 3402 5202 τῶν
3441 5148 3741 5220 “psum?

1755 5350 1988 5408 νΑιιιιλΕ
2044 5351 2447 5410 LECTIONES.

529 5440 700 5522 “ﬁt!
723 5449 854 5522 -τῇς
880 5444 976 5498 τοῦ
1003 5449 1124 5517 τῆς,
1155 5455 1268 5522 etc.
1324 5446 1460 5522 Pini
1501 5446 1658 5522 liber.
1697 5449 1777 5522 _"
1821 5446 2253 5522 domm/063%.
2291 5461 2344 5503 et
2369 5448 2604 5522 §tcph3u
2656 5447 2702 5478 "
2737 5443 3006 5522 ῥληθινῶς
3059 5441 3176 5522 ἰίιίιξ]

2086 5519 2132 5550 ’δ
2162 5520 2238 5572 lta
2272 5528 2327 5573 et
2376 5511 2496 5572 Pini
2551 5517 2706 5582 liber,
2739 5511 2908 5586 Steph
2969 5515 3005 5586 2
3034 5522 3087 5566 et
3117 5511 3372 5586 Nicepln,
3413 5520 3560 5564 recte
3610 5523 3742 5586 pro-_

467 5585 630 5656 hante
675 5580 916 5656 Yalesio.
973 5580 1079 5641 Séd
1132 5580 1192 5640 π.
1246 5580 1512 5656 rash-ax
1543 5588 1761 5650 ,hahcnt
1812 5587 1934 5642 Bas.
1973 5603 2098 5643 cum
2152 5589 2342 5656 Steph.

464 5511 608 5586 κατὰ
659 5515 752 5586 τοῦ
779 5517 918 5570 Σωτ.
954 5511 1131 5585 πεμπ.
1167 5516 1575 5586 βλασφημίαις.
1603 5516 1722 5570 Pin'i
1775 5517 1968 5573 codex.

472 5652 666 5729 Steph.
698 5653 1066 5729 Zesce‘peris,
1097 5670 1225 5710 cum
1257 5652 1512 5729 Niceph."
1569 5658 1839 5729 “ft-0131.1],
1870 5661 1898 5710 ό
1923 5659 2039 5711 ἁλιτ

473 5661 666 5724 Steph.
698 5661 733 5708 2
759 5661 1066 5724 exceperis,
1097 5670 1225 5710 cum
1257 5661 1486 5725 Niceph.
1569 5661 1616 5690 "
1641 5661 1837 5729 τολμῇ,
1870 5661 1898 5710 ό
1923 5661 2136 5783 ἀλιτήὸ.

473 5725 746 5800 uisiguod
772 5726 861 5800 hic
895 5727 1095 5800 habeat
1125 5741 1252 5800 cum
1279 5727 1499 5800 caeteris
1527 5727 1688 5784 codd.
1707 5738 1771 5800 et
1798 5728 2030 5800 Niceph.
2121 5747 2143 5783 ε

808 5795 1092 5871 ’.θ-εἴδωλον
1125 5795 1328 5871 habent
1354 5797 1541 5865 codd.,
1575 5799 1722 5871 quod
1755 5801 1892 5867 scio,
1921 5795 2114 5858 omnes
2146 5795 2200 5857 et
2226 5798 2457 5871 Niceph.

473 5794 536 5844 Σε
549 5793 728 5862 ράπις.

475 5861 717 5933 queque.
821 5864 868 5896 ”
890 5862 993 5922 τῆς
1020 5861 1223 5932 ἀρετῆς
1251 5861 1444 5918 iidem.

2656 5447 2702 5478 "
2737 5443 3006 5515 ἀληθινῶς
3059 5441 3243 5515 iidem.
3292 5441 3365 5515 _”
3399 5457 3450 5511 χ.
3494 5439 3590 5492 ἐπὶ
3618 5440 3740 5502 ταῖς

2454 5589 2500 5620 ⁸⁸
2549 5580 2854 5657 προσφάτῴ
2891 5585 3110 5657 habent
3153 5580 3378 5657 codices
3426 5595 3644 5657 omnes,
3683 5580 3740 5657 _si

2159 5650 2542 5742 σέϐειν-τολμᾷ
2569 5650 2720 5742 Θεόνξ
2751 5650 3116 5742 -S_ic.C‘:‘isau.l‘).
3155 5652 3397 5742 itemque
3418 5650 3742 5742 Christoph.

2150 5732 2212 5800 ᾦ.
2327 5732 2370 5761 ’⁷
2422 5721 2716 5786 Ita-codex
2750 5728 2887 5783 Pini.
2912 5725 3020 5782 Sed
3051 5723 3200 5782 Bas..
3227 5721 3506 5802 Steph."et
3542 5721 3741 5792 Epiph.

2150 5811 2200 5857 et
2226 5798 2457 5866 Niceph.
2563 5799 2608 5832 ”
2630 5799 2855 5864 ἁλόντας
2899 5797 3026 5853 Bas.
3057 5803 3110 5849 et
3149 5792 3368 5866 Steph.,
3397 5791 3751 5864 Necphorus
