4124 6400
394 417 541 486 3173

1344 426 1931 485 ECCLESIASTICﬁ
1962 426 2344 487 HISTORIJS
2378 426 2523 485 LIB.
2560 426 2656 484 1V.

3517 422 3657 487 1174

392 537 727 607 φρονήματι,
760 501 1042 607 πείσθητε.
1094 538 1546 609 Συγγνύμονήσει
1595 539 1704 609 γὰρ
1754 539 1880 606 ὑμῖν
1909 540 1968 590 τὸ

2073 540 2253 603 tione,
2299 538 2475 591 venite
2512 537 2764 598 alacres,
2801 540 2856 588 et
2912 532 3116 586 Ariano
3172 529 3450 602 dogmati,
3504 540 3648 604 quod

394 628 573 690 Θείον,
603 625 705 680 κᾶν
740 627 916 696 ἀληθῆ
965 630 1158 698 σέϐητε
1186 628 1227 659 ³⁸
1280 628 1596 699 Θρησκείαν,
1646 630 1745 681 οὐκ
1776 628 1967 681 αὐθαι-

397 717 592 786 ρέτως,
643 717 782 771 ἀλλά
813 718 947 788 πρὸς
985 719 1229 788 ἀνάγκην
1269 719 1425 772 τοῦτο
1458 720 1717 791 πράξασι.
1753 722 1830 790 Τῇ
1872 720 1968 789 μὲν

396 807 505 877 γὰρ
526 807 740 879 ἀνάγκῃ
757 808 1019 876 ἀπολογία
1047 809 1441 879 περιλείπεται,
1471 811 1550 880 τῷ
1577 811 1632 862 δὲ
1664 810 1969 882 αὐθαιρέτῳ

398 899 683 952 ἀκολουθεί
733 899 1050 970 κατηγορία.
1088 900 1178 952 Διὸ
1223 899 1494 964 τοιούτους
1524 901 1817 971 λογισμοὺς
1865 900 1970 971 πρὸ

395 990 699 1059 ὀφθαλμῶν
740 990 1029 1060 τιθέμενοι,
1074 993 1236 1062 ἦκετε
1271 992 1560 1062 πρόθυμοι,
1597 993 1901 1063 μελλησμόν
1926 996 1967 1025 ³³

398 1079 727 1150 ἀποθέμενοι
775 1080 985 1145 πάντα,
1026 1081 1102 1152 τῷ
1155 1084 1366 1152 Ἀρείου
1424 1083 1833 1153 ὑπογράφοντες
1884 1084 1970 1137 δό-

394 1188 589 1241 γματι,
618 1171 645 1223 ὃ
672 1170 767 1223 νῦν
800 1170 1056 1242 κηρύττει
1091 1172 1371 1243 (ὀνομαστὶ
1403 1172 1599 1243 λέγων)
1633 1174 1880 1239 Λούκιος,
1908 1170 1965 1229 εὗ

394 1260 599 1322 εἰδότες
635 1260 710 1320 ὼς
743 1259 1160 1329 πειθαρχοῦντες
1188 1261 1462 1330 χρήματα,
1496 1260 1589 1313 καὶ
1620 1260 1840 1330 πόρους,
1875 1260 1968 1313 καὶ

394 1352 536 1422 γέρα
592 1350 742 1420 παρά
796 1349 1057 1421 βασιλέων
1078 1351 1122 1382 ³³
1170 1351 1353 1416 ἕξετεο
1413 1352 1838 1420 ἀπαναινόμενοι
1887 1351 1964 1415 δὲ,

394 1440 642 1511 εἱρκτῆς,
686 1440 780 1492 καὶ
830 1439 1234 1511 στρεϐλώσεων,
1276 1442 1371 1493 καὶ
1423 1440 1691 1510 βασάνων,
1734 1441 1828 1494 καὶ
1867 1459 1969 1511 μα-

399 1536 622 1602 στίγων,
672 1536 768 1587 καὶ
805 1535 1188 1606 δαμαστηρίων
1240 1537 1432 1607 πεῖραν
1475 1536 1796 1607 hqd/2303”,
1835 1552 1969 1607 χρη-

403 1626 587 1695 μάτων
610 1625 746 1695 ὁμοῦ
772 1628 863 1679 καὶ
891 1627 1188 1696 κτημάτων
1220 1627 1594 1699 στερηθέντες,
1618 1629 1712 1680 καὶ
1742 1629 1837 1698 τῆς
1870 1645 1971 1680 πα-

395 1718 575 1788 τρίδος
612 1718 1071 1799 μεταναστάντες,
1106 1720 1185 1782 εἰς
1226 1720 1492 1790 χαλεποὺς
1522 1721 1742 1789 οἰκῆσαι
1774 1720 1970 1783 τόπους

394 1808 892 1878 κατακριθήσεσθε.
946 1829 965 1862 ι
1039 1809 1178 1863 Ἀλλ’
1240 1804 1395 1874 οὗτος
1460 1811 1559 1881 μὲν
1610 1813 1638 1864 ὁ
1699 1814 1965 1879 γενναῖος,

2075 629 2280 683 Lucius
2314 629 2579 699 (nomine
2622 624 2948 696 appellans)
2995 639 3143 678 nunc
3193 624 3475 695 praedicat,
3516 628 3649 681 sub-

2076 721 2299 777 scribite
2334 740 2345 774 :
2378 729 2720 789 compertum
2751 719 3013 774 habentes
3050 733 3167 781 vos,
3213 718 3259 774 si
3309 718 3651 789 obtempera-

2079 810 2284 873 veritis,
2324 808 2630 879 pecuniam,
2666 812 2798 881 Qes
2828 816 2883 861 et
2926 808 3164 862 honores
3197 808 3263 860 ab
3302 807 3649 877 imperatori-

2077 901 2179 956 hus
2218 908 2614 955 consecuturos
2663 898 2791 953 :sin
2837 905 3016 952 autem
3073 900 3345 966 renuitis,
3404 900 3651 966 vincula,

2076 998 2369 1053 tormenta,
2413 990 2763 1061 quarstioncs,
2810 987 2995 1057 ﬂagra,
3029 998 3083 1043 et
3125 990 3477 1044 carniﬁcinas
3517 990 3651 1045 s‘ub-

2078 1078 2276 1141 ituros,
2309 1088 2420 1131 tum
2449 1076 2699 1148 pecuniis
2734 1076 2940 1145 pariter
2967 1076 3526 1149 possessionibusque
3557 1094 3644 1133 or-

2077 1170 2233 1224 batos
2261 1209 2275 1235 ,
2314 1178 2367 1223 et
2420 1169 2594 1238 patria
2644 1180 2890 1223 extorres
2918 1208 2933 1232 ,
2999 1171 3066 1222 ad
3123 1170 3361 1226 tristium
3401 1171 3644 1226 locorum

2076 1262 2463 1316 habitationem
2500 1276 2623 1314 esse
2657 1260 3016 1315 damnandos.
3069 1281 3086 1312 ι
3123 1262 3199 1315 lta
3247 1262 3465 1331 quidem
3492 1277 3644 1333 egre-

2076 1354 2198 1425 gius
2232 1355 2318 1408 illc
2346 1355 2448 1418 vir,
2486 1352 2675 1406 fraude
2709 1353 2888 1406 minas
2945 1361 3254 1423 temperans
3278 1393 3293 1415 ,
3361 1364 3419 1408 ut
3473 1370 3502 1408 a
3559 1357 3645 1426 pia

2078 1462 2265 1502 omnes
2321 1446 2572 1500 doctrina
2639 1443 3049 1510 desciscerent,
3118 1444 3474 1510 hortabatur,
3555 1454 3645 1500 aut

2076 1539 2324 1609 cogebat.
2353 1537 2434 1592 Ilii
2465 1552 2615 1602 vero,
2658 1536 2750 1606 qui
2788 1536 3148 1603 acerbiorem,
3179 1544 3237 1591 ut
3288 1551 3479 1592 revera
3544 1544 3645 1601 est,

2076 1629 2224 1684 omni
2254 1638 2524 1684 tormento
2559 1629 2777 1698 pictatis
2810 1628 3196 1698 proditionem,
3230 1628 3314 1683 his
3361 1629 3437 1683 illi
3468 1628 3649 1684 verbis

2076 1720 2344 1790 compulsi
2402 1720 2853 1789 responderunt,
2906 1720 3105 1774 virtute
3159 1719 3401 1789 fortique
3464 1719 3648 1772 animo

2078 1812 2321 1866 fraudem
2357 1812 2519 1867 simul
2561 1827 2624 1865 ac
2657 1811 2832 1867 minas
2881 1820 3291 1882 prosternentes
3326 1827 3340 1864 :
3380 1829 3398 1862 ι
3456 1808 3653 1865 Desine

390 1898 581 1969 ἀπάτῃ
600 1899 644 1931 ³³
682 1899 783 1969 τὴν
833 1900 1061 1971 ἀπειλήν
1111 1902 1368 1971 κεράσας,
1424 1906 1819 1974 μεταναστῆναι
1870 1905 1968 1974 τῆς

2074 1904 2325 1968 tandem,
2358 1902 2548 1959 desine
2600 1919 2701 1959 nos
2754 1904 2837 1960 his
2892 1904 3073 1960 verbis
3111 1903 3423 1967 deterrere,
3487 1917 3644 1956 cessa

391 1989 651 2052 εὐσεϐοῦς
687 1991 812 2053 τοὺς
845 1991 1053 2055 πάντας
1086 1994 1178 2046 καὶ
1205 1994 1581 2064 προύτρέπετο
1609 1996 1700 2048 καὶ
1733 1996 2001 2067 κατηνάγ.

398 2083 538 2148 καζε
599 2082 846 2155 γνώμης.
874 2086 937 2139 Oi
965 2085 1022 2138 δὲ
1048 2085 1369 2157 πικρότερον
1394 2086 1627 2157 βασάνου
1660 2088 1839 2157 πάσης
1868 2087 1966 2157 τὴν

390 2173 475 2235 είς
496 2173 774 2227 εὐσέϐειαν
794 2175 1083 2245 προδοσίαν
1104 2179 1442 2247 ἡγησάμενοι
1460 2178 1594 2248 (ἔχει
1617 2177 1724 2250 γὰρ
1746 2178 1965 2244 οὕτως),

387 2263 621 2317 τοιοῖσδε
662 2265 798 2335 πρὸς
844 2266 1005 2320 αὐτὸν
1039 2266 1470 2338 ἀναγκαζόμενοι
1515 2270 1835 2339 ἀπήντησαν
1871 2271 1964 2340 ῥή-

393 2370 586 2423 μασιν,
620 2356 788 2426 ἀρετῇ
824 2358 914 2410 καὶ
936 2360 1168 2428 γενναίῳ
1199 2361 1505 2431 φρονήματι
1540 2360 1674 2430 ὁμοῦ
1702 2360 1799 2432 τὴν
1825 2361 1966 2415 ἀπά-

388 2460 495 2514 την
521 2446 615 2498 καὶ
655 2446 753 2510 τὰς
777 2448 1004 2512 ἀπειλὰς
1044 2450 1443 2517 ὑποτάξαντες·
1491 2469 1510 2503 ι
1551 2452 1808 2507 Πέπαυσο
1859 2453 1969 2508 λοι-

392 2536 519 2603 πον,
561 2538 811 2593 πέπαυσο
848 2541 1055 2605 τούτοις
1087 2544 1232 2613 ἡμᾶς
1267 2544 1513 2612 ἐκφοϐῶν
1547 2548 1658 2609 τοῖς
1703 2547 1964 2617 ῥήμασιν,

392 2628 557 2698 ἔπεχε
589 2630 768 2684 είκαῖα
791 2632 835 2663 ³⁸
868 2634 1162 2704 προφέρειν
1198 2636 1439 2705 ῥήματα.
1481 2636 1670 2707 Ἡμεῖς
1704 2637 1811 2705 γάρ
1843 2637 1965 2692 οὔτε

390 2717 606 2787 νέηλυν,
627 2719 750 2773 οὐτε
781 2722 1090 2793 πρόσφατον
1115 2724 1341 2795 σέϐομεν
1361 2726 1402 2758 ³⁷
1426 2726 1579 2782 Θεόν.
1598 2726 1710 2779 Κᾶν
1734 2729 1970 2799 ἐπαφρί-

391 2811 495 2884 ζῃς
539 2813 821 2884 κυμαίνων
865 2817 1007 2886 εἰκῆ,
1062 2819 1159 2869 καὶ
1196 2818 1548 2889 προσρήσσῃς
1603 2818 1678 2882 ὡς
1734 2819 1967 2889 βίαιος³θ

392 2904 616 2975 ἄνεμος,
639 2909 750 2969 τοῖς
779 2908 1061 2972 εὐσεϐείας
1090 2908 1218 2981 ἄχρι
1248 2909 1480 2963 θανάτου
1501 2910 1968 2983 ὲμπολιτευόμεθα

391 2995 677 3063 δόγμασιν,
722 2997 824 3051 οὐκ
870 2998 1237 3070 ἀδύναμον³⁹,
1278 3002 1379 3054 οὑκ
1431 3000 1653 3070 ἄσοφον,
1693 3002 1754 3055 οὐ
1798 3004 1970 3075 χωρὶς

392 3086 649 3154 ἀληθείας
688 3086 905 3141 πώποτε
961 3092 1328 3162 φρονήσαντες
1376 3092 1527 3160 Θεὸν,
1586 3094 1647 3146 οὑ
1706 3096 1833 3149 ποτὲ
1870 3098 1967 3165 μὲν

390 3179 523 3232 ὄντα
571 3180 806 3250 πατέρα,
859 3183 989 3234 ποτὲ
1042 3182 1099 3235 δὲ
1153 3182 1228 3254 μὴ
1256 3183 1406 3251 ὄντα,
1443 3185 1583 3238 κατά
1611 3186 1701 3239 τὸν
1729 3186 1899 3258 ἀσεϐῆ
1920 3188 1966 3221 ⁸⁸
1995 3221 2040 3281 c

390 3269 581 3324 τοῦτον
621 3269 917 3341 Ἀρειανὸν,
954 3274 1201 3342 χρονικὸν
1229 3274 1262 3345 ἢ
1297 3276 1631 3345 πρόσκαιρον
1656 3277 1969 3343 δοξάζοντες

390 3361 487 3416 τὸν
518 3362 667 3417 Υίόν.
705 3364 765 3416 ΕΞ
797 3362 907 3435 γὰρ
939 3365 1164 3436 κτίσμα,
1196 3366 1337 3419 κατὰ
1364 3371 1491 3431 τοὺς
1536 3370 1969 3438 Ἀρειομανίτας,

396 3450 427 3501 ὁ
470 3450 616 3516 Υἱὸς,
666 3453 763 3523 οὑχ
804 3454 1060 3524 ὑπάρχων
1114 3457 1289 3528 Πατρὶ
1343 3457 1647 3529 ὁμοούσιος,
1688 3461 1765 3523 είς
1795 3461 1852 3514 τὸ
1894 3462 1969 3532 μὴ

396 3538 536 3599 εἶναι
574 3545 898 3613 συστήσεται
929 3545 1023 3598 καὶ
1053 3548 1081 3598 ὁ
1116 3547 1305 3617 Πατὴρ
1334 3548 1431 3618 οὐχ
1470 3549 1777 3618 ὑφεστῶτος
1814 3550 1966 3617 Υίοῦ,

390 3632 496 3685 οὐκ
522 3629 597 3685 ὥν
644 3650 774 3687 ποτε
822 3636 941 3688 κατ’
984 3636 1179 3699 αὐτοὺς
1223 3640 1434 3710 Πατήρ.
1472 3640 1535 3693 Εἰ
1561 3641 1616 3693 δὲ
1667 3642 1752 3695 ἀεὶ
1780 3643 1968 3714 Πατήρ

393 3726 566 3787 ἐστιν,
596 3725 906 3793 ὑφεστῶτος
930 3727 1172 3798 δηλονότι
1193 3728 1286 3782 τοῦ
1318 3730 1374 3797 ἐξ
1402 3731 1567 3785 αὐτοῦ
1593 3733 1848 3801 ἀληθινοῦ
1873 3735 1967 3788 καὶ

391 3815 454 3869 οὐ
483 3817 625 3870 κατὰ
646 3819 946 3890 ἀπόρροιαν
971 3821 1309 3890 γεννήματος
1338 3822 1576 3894 (ἀπαθὴς
1596 3826 1704 3896 γὰρ
1734 3828 1762 3879 ό
1790 3826 1966 3895 Θεός)·

393 3906 516 3971 πῶς
542 3903 635 3960 οῦν
660 3909 704 3940 ⁸¹
725 3910 826 3962 οὐκ
857 3912 1045 3982 ἄφρων
1074 3912 1167 3964 καὶ
1196 3913 1464 3984 μανιώδης
1490 3917 1536 3980 ό,
1576 3911 1654 3984 ἦν
1683 3914 1832 3989 [182]
1869 3916 1969 3973 ὅτε

392 4000 508 4051 οὐκ
555 3996 655 4069 ἦν,
709 4001 919 4072 φρονῶν
973 4002 1062 4057 τὸν
1108 4003 1255 4069 Υἱὸν,
1296 4004 1363 4057 δι’
1403 3997 1465 4059 οὑ
1493 4005 1560 4060 τὰ
1590 4008 1766 4060 πάντα
1799 4012 1876 4071 είς
1905 4009 1968 4062 τὸ

396 4084 537 4142 εἶναι
585 4094 726 4144 κατά
770 4092 931 4162 χάριν
967 4094 1232 4162 συνέστη;
1267 4094 1329 4147 Oi
1356 4093 1485 4162 γοῦν
1513 4096 1772 4169 ἡμέτεροι
1825 4099 1967 4153 κατά

402 4183 582 4234 πᾶσαν
611 4181 707 4253 τὴν
735 4183 1058 4254 οίκουμένην
1082 4187 1341 4255 Πατὲρες,
1366 4178 1440 4239 ὧν
1473 4188 1794 4251 ἐκπεσόντες
1823 4183 1968 4242 οὗτοι

400 4273 623 4337 εἰκότως
645 4276 916 4347 ἀπάτορες
943 4278 1569 4351 γεγόνασιν,.ὲν.Νικαίᾳ
1600 4279 1966 4345 συνελθόντες,

395 4363 893 4433 ἀναθεματίσαντες
915 4364 1013 4435 τὴν
1047 4366 1258 4439 Ἀρείου
1282 4370 1616 4434 κακοδοξίαν,
1637 4363 1703 4441 ἧς
1722 4369 1751 4421 ὀ
1780 4369 1973 4423 νεώτε-

396 4473 490 4526 ρος
520 4450 674 4519 οὗτος
725 4456 819 4510 νῦν
849 4459 1193 4527 προΐσταται,
1222 4460 1320 4528 οὐχ
1350 4460 1685 4531 ἑτεροούσιον
1704 4461 1772 4526 δ’,
1800 4462 1828 4515 ὃ
1871 4460 1967 4515 νῦν

2068 1997 2250 2052 inania
2282 1996 2442 2067 993
2472 1997 2632 2051 verba
2672 1994 2935 2067 proferre.
2961 1995 3072 2050 Nos
3098 1995 3241 2049 enim
3278 2009 3452 2063 neque
3485 1993 3642 2049 novi-

2069 2090 2223 2153 tium,
2249 2107 2421 2160 neque
2437 2097 2701 2144 recentem
2718 2088 2949 2143 colimus
2965 2087 3151 2142 Deum.
3168 2086 3389 2140 Frustra
3410 2084 3531 2140 licet
3549 2099 3650 2140 es»

2070 2189 2232 2237 tuans
2258 2196 2500 2251 spumas,
2531 2179 2818 2249 irruasqne
2836 2188 3093 2248 tanquam
3117 2186 3310 2233 ventus
3338 2178 3646 2241 vehemens,

2073 2271 2128 2325 in
2158 2269 2374 2341 pie:atis
2406 2270 2656 2324 doctrina
2703 2269 2962 2325 inhassuri
3000 2284 3173 2339 usque
3202 2266 3269 2320 ad
3305 2273 3530 2321 mortem
3556 2281 3647 2322 su-

2070 2375 2210 2424 mus,
2234 2374 2342 2413 non
2374 2360 2726 2422 imbecillum,
2748 2374 2853 2413 non
2878 2359 2995 2414 sine
3020 2357 3283 2428 sapientia
3305 2365 3397 2412 aut
3420 2357 3650 2412 veritate

2070 2465 2307 2521 unquam
2331 2451 2629 2507 sentientes
2658 2450 2823 2505 Deum
2854 2466 2994 2514 esse,
3021 2458 3112 2503 aut
3141 2451 3231 2520 qui
3256 2449 3545 2519 aliquando
3579 2448 3644 2503 sit

2070 2542 2249 2610 Pater,
2270 2543 2561 2613 aliquando
2586 2559 2692 2596 non
2719 2544 2811 2606 sit,
2838 2544 2998 2613 juxta
3029 2542 3254 2612 impium
3293 2542 3460 2596 istum
3491 2541 3649 2594 Aria-

2070 2650 2218 2697 num,
2240 2636 2587 2703 temporalem
2608 2641 2701 2687 aut
2732 2642 3170 2689 momentaneum
3204 2632 3397 2687 Filium
3420 2632 3649 2702 opinan-

2072 2731 2171 2777 tes.
2208 2721 2341 2776 Nam
2380 2722 2451 2787 si,
2484 2730 2543 2776 ut
2575 2723 2793 2777 Ariaois
2819 2724 3014 2792 placet,
3066 2730 3316 2778 creatura
3339 2730 3426 2777 est
3454 2719 3647 2782 Filius.

2076 2814 2299 2868 minime
2393 2813 2882 2868 consubstantialis
2961 2812 3156 2880 Patri,
3272 2813 3338 2865 ad
3416 2812 3649 2889 nihilum

2072 2903 2274 2958 recidet
2302 2903 2462 2957 etiam
2492 2902 2672 2964 Pater,
2704 2904 2795 2974 qui
2825 2919 2932 2956 non
2958 2903 3257 2958 exsistente
3294 2902 3433 2957 Filio
3465 2902 3647 2968 Pater,

2071 2992 2373 3051 secundum
2400 2994 2558 3059 istos,
2613 2993 2910 3063 aliquando
2946 2995 2964 3014 ’
3024 3009 3132 3048 non
3192 2992 3376 3048 fuerit.
3432 2993 3485 3047 Si
3520 3008 3649 3048 vero

2071 3100 2282 3156 seraper
2305 3093 2406 3148 est,
2445 3086 2633 3155 utique
2663 3087 2951 3141 exsistente
2983 3100 3111 3140 vero
3138 3102 3201 3140 ex
3225 3101 3290 3139 eo
3325 3086 3433 3140 fetu
3463 3092 3516 3139 et
3540 3088 3649 3139 don

2074 3192 2169 3247 per
2192 3177 2488 3244 deﬂuxum,
2541 3178 2671 3248 quia
2733 3179 3049 3247 impatibilis
3101 3186 3184 3233 est
3236 3177 3397 3233 Deus.
3453 3178 3645 3232 Annon

2071 3270 2291 3325 demens
2325 3270 2489 3338 igitur
2510 3278 2563 3324 et
2594 3285 2783 3325 vecors
2821 3270 2931 3335 ille,
2966 3270 3057 3339 qui
3113 3279 3226 3323 erat
3286 3269 3495 3340 quando
3547 3286 3649 3323 non

2070 3371 2188 3417 erat
2217 3363 2283 3417 de
2311 3361 2446 3415 Filio
2490 3361 2644 3427 dicit,
2675 3376 2769 3431 per
2806 3377 2965 3431 quem
3002 3361 3181 3415 omnia
3212 3361 3447 3430 gratuito
3510 3361 3651 3416 farta

2072 3454 2252 3508 sunt?
2296 3454 2590 3521 Propterea
2635 3453 2725 3521 qui
2772 3452 2912 3520 apud
2964 3449 3198 3504 Nicxam
3237 3458 3350 3504 toto
3400 3466 3466 3505 ex
3522 3453 3653 3505 orbe

2073 3556 2339 3601 terrarum
2392 3559 2699 3598 convenere
2760 3543 2947 3597 Patres
2999 3542 3196 3608 nostri,
3240 3558 3268 3597 a
3311 3544 3510 3613 quibus
3563 3542 3648 3597 isti

2069 3638 2385 3693 excidentes
2435 3636 2607 3704 spurii
2647 3636 2842 3689 merito
2893 3634 3018 3688 l‘acti
3055 3643 3201 3699 sunt,
3260 3649 3481 3703 pravam
3535 3634 3649 3688 Arii

2070 3728 2422 3789 sententiam,
2444 3742 2604 3795 quam
2629 3741 2773 3778 nunc
2798 3725 2988 3792 jnnior
3011 3725 3112 3779 iste
3130 3723 3392 3785 defendit,
3424 3725 3650 3777 anathe-

2071 3830 2214 3876 mate
2256 3820 2598 3881 damnantes,
2629 3832 2734 3872 non
2772 3815 2997 3870 alterius
3036 3831 3065 3869 a
3097 3815 3253 3869 Pat‘re
3306 3815 3645 3878 substantiw.

2069 3912 2214 3983 quod
2244 3921 2301 3965 tu
2335 3912 2517 3966 dicere
2559 3892 2665 3963 'nos
2719 3909 2891 3977 cogis,
2952 3906 3149 3961 Filium
3206 3922 3326 3961 esse
3372 3906 3647 3969 dixerunt,

2070 4004 2165 4060 sed
2204 4003 2392 4057 eadem
2423 4017 2488 4056 ex
2536 4000 2887 4055 substantia:
2937 3998 3083 4067 quod
3142 3998 3231 4068 pio
3284 4012 3447 4052 sensu
3504 4006 3647 4051 recte

2071 4096 2453 4165 intelligentes,
2483 4108 2550 4148 ex
2581 4092 2749 4145 multa
2776 4090 3090 4144 divinarum
3124 4105 3317 4143 vocum
3351 4089 3658 4143 collatione

2071 4185 2592 4245 consubstantialem
2629 4182 2872 4237 confessi
2910 4188 3058 4236 sunt.
3101 4199 3120 4232 ι
3155 4180 3279 4235 11ωο
3336 4190 3390 4235 et
3451 4180 3651 4247 hujus-

2073 4279 2216 4333 modi
2242 4278 2346 4331 alia
2376 4292 2498 4330 cum
2534 4273 2798 4337 dicerent,
2829 4273 2883 4326 in
2914 4272 3131 4326 vincula
3161 4271 3440 4339 conjectos
3462 4270 3649 4325 multis

2073 4372 2267 4427 diebus
2298 4368 2465 4441 994
2486 4367 2740 4427 detinuit.
2762 4367 2805 4422 si
2830 4383 2939 4436 quo
2961 4366 3121 4421 modo
3149 4377 3332 4436 posset
3358 4382 3388 4421 a
3429 4366 3650 4435 pietatis

2073 4464 2342 4521 sententia
2376 4462 2672 4517 dimovere.
2705 4458 2813 4514 Sed
2843 4460 2918 4513 illi
2946 4460 3148 4529 potius,
3177 4461 3323 4514 velut
3370 4459 3422 4513 in
3474 4458 3652 4513 stadio

394 4547 542 4615 ἡμᾶς
580 4549 755 4601 εἰπεῖν
803 4550 1258 4618 καταναγκάζεις,
1301 4551 1392 4604 τὸν
1427 4552 1555 4605 Υίὸν
1588 4553 1841 4622 εἰρήκασι
1874 4553 1966 4606 τοῦ

2074 4555 2361 4612 fortissimi
2410 4554 2630 4607 athleta:
2653 4591 2671 4614 ,
2728 4567 2946 4606 omnem
2999 4561 3202 4605 metum
3259 4549 3603 4605 excutientes
3634 4592 3646 4609 .

394 4640 632 4710 Πατρὶς,
665 4641 778 4694 ἀλλ’
810 4643 874 4695 ἐκ
901 4644 1001 4713 τῆς
1031 4642 1201 4709 αὐτῆς
1223 4642 1269 4674 ⁸³
1298 4643 1506 4707 οὐσίας.
1543 4647 1606 4699 Ὃ
1633 4646 1813 4709 καλῶς
1852 4646 1969 4715 μετ’

390 4731 656 4793 εὐσεϐοῦς
698 4731 931 4795 διανοίας
979 4733 1295 4802 νοήσαντες,
1327 4736 1390 4788 ὲκ
1434 4735 1638 4804 πολλῆς
1672 4736 1780 4788 τῶν
1810 4735 1971 4790 θείων

392 4818 660 4887 ῥημάτων
705 4822 968 4891 συλλογῆς
1001 4822 1286 4891 ὀμοούσιον
1315 4825 1691 4895 ὡμολόγησαν.
1722 4845 1741 4877 ι
1788 4828 1828 4880 Τ
1834 4828 1867 4880 ά
1907 4829 1970 4900 δὴ

390 4913 618 4964 τοιαῦτα
661 4913 754 4964 καὶ
779 4913 846 4966 τά
889 4913 1095 4977 τούτοις
1124 4915 1479 4987 παραπλήσια
1525 4917 1801 4985 λέγοντας.
1837 4919 1966 4972 κ-αθ‹

389 5001 573 5073 εἷρξεν
610 5002 829 5074 ἡμερῶν
856 5005 1091 5071 πολλῶν,
1117 5007 1358 5078 οίόμενος
1385 5010 1479 5079 τῆς
1503 5010 1757 5072 εὐσεϐοῦς
1794 5029 1960 5080 μετα-

465 5134 493 5163 ι
534 5117 552 5173 1
585 5120 711 5175 Cor.
756 5136 828 5185 tv,
861 5121 913 5176 9.

2069 4664 2237 4718 seque
2272 4648 2420 4716 ipsos
2458 4659 2525 4699 ex
2572 4644 2735 4697 rebus
2778 4644 3041 4712 praeclare
3103 4656 3131 4694 a
3157 4640 3407 4694 Patribus
3448 4640 3633 4693 divina

2072 4748 2255 4796 mente
2303 4736 2477 4806 gestis
2526 4734 2958 4796 confirmantis,
3020 4734 3254 4801 majores
3319 4732 3531 4785 animos
3582 4731 3650 4785 ad

2072 4829 2327 4887 tuendam
2363 4828 2615 4895 pietatem
2646 4824 3030 4886 OSIendebant,
3065 4823 3411 4895 gymnasium
3470 4824 3649 4875 virtu-

2071 4925 2142 4978 tis
2168 4921 2453 4976 credentes
2473 4932 2596 4971 esse
2625 4926 2913 4972 tormenta.
2946 4915 3038 4970 Sic
3060 4917 3225 4986 igitur
3248 4914 3664 4970 decertantibus

2072 5014 2203 5074 illis,
2230 5025 2350 5066 cum
2392 5007 2787 5077 spectaculum,
2819 5016 2876 5060 ut
2917 5007 3109 5061 beatus
3145 5003 3351 5061 Paulus
3386 5004 3647 5067 scribite,

1697 5235 1933 5292 VAle
1973 5235 2375 5293 LEG‘IlONES-

464 5397 506 5430 ³¹
544 5396 729 5449 σέϐετε
757 5403 984 5463 uterque
1011 5393 1133 5448 Bas.
1233 5394 1279 5426 ⁸³
1317 5393 1592 5463 μελησμδν
1646 5392 1835 5462 Steph.
1863 5392 1916 5446 2.

391 5467 517 5521 σθαι
544 5465 733 5527 Basil..
775 5475 831 5519 ut
862 5465 1022 5535 paulo
1080 5471 1202 5535 post
1256 5463 1776 5535 κατακριθήσεσθαι.

389 5622 515 5661 cum
550 5608 689 5658 libro
721 5605 910 5658 Savilii
935 5612 985 5656 et
1009 5603 1258 5671 Niceph..
1294 5607 1558 5672 probante
1588 5603 1825 5656 Valesio.

1994 5394 2038 5426 ³³
2072 5393 2333 5464 βασιλέως
2365 5393 2491 5464 Pini
2521 5394 2713 5458 codex,
2741 5393 2971 5462 Niceph.
3002 5399 3056 5446 et
3083 5391 3283 5464 Epiph.

1854 5463 1901 5536 ⁸ξ
1939 5461 2128 5536 ἀγάπῃ
2173 5464 2334 5536 iidem
2392 5463 2616 5536 codices
2651 5480 2776 5536 cum
2830 5464 3021 5536 Steph.
3056 5461 3429 5536 1_cjt't\_’icepil.
3479 5461 3646 5536 Male,

391 5553 517 5592 cum
564 5538 723 5604 paulo
757 5533 875 5602 post
901 5537 1097 5587 iterum
1131 5533 1508 5604 Theodoretus
1537 5533 1761 5604 ἀπάτην
1798 5541 1852 5588 et
1882 5533 2126 5597 ἀπειλὰς
2162 5535 2477 5604 conjungat.

1920 5604 1963 5634 ⁸⁸
1998 5604 2110 5670 βίος
2147 5613 2389 5673 uterque
2436 5603 2600 5657 Basil.

390 5677 576 5735 saub..
605 5677 792 5743 Steph.
825 5674 857 5726 '2
887 5682 955 5743 et,
986 5672 1211 5739 Niceph.
1247 5672 1352 5729 Sed
1392 5672 1515 5727 Bas.
1561 5684 1615 5726 et
1643 5675 1831 5743 Steph.
1874 5673 1891 5725 Ι
1924 5673 2204 5728 ἀδύνατον.

3398 5392 3447 5424 ³²⁵
3476 5391 3643 5463 λήψεε

2576 5533 2620 5565 ³⁵
2648 5533 2803 5585 εἰκέα
2862 5533 3026 5587 Basil.
3103 5532 3147 5564 ³⁷
3177 5532 3427 5594 σέϐοντες
3478 5533 3646 5587 iidem

2702 5602 2747 5634 ”
2771 5604 2845 5657 Ita
2877 5611 2930 5655 ct
2973 5603 3315 5670 Christopln,
3348 5603 3517 5662 Scal..
3547 5604 3648 5670 Ga-

2308 5675 2351 5705 ⁸⁰
2375 5672 2608 5741 δυσσεϐῆ
2643 5672 2790 5731 8:13.,
2841 5672 3028 5741 Steph.
3067 5683 3121 5727 et
3179 5669 3406 5741 Niceph.
3483 5673 3526 5709 δ’
3550 5669 3646 5724 οὐν

393 5747 550 5800 abest
582 5747 651 5799 ab
682 5740 914 5814 utroque
942 5742 1089 5807 Bas.,
1120 5743 1314 5814 Epiph.
1347 5752 1402 5798 ct
1432 5744 1661 5814 Niceph.
1694 5813 1700 5814 γ
1735 5740 1781 5776 ’δ’
1817 5744 2061 5814 ἑτερούσ.
2098 5745 2257 5798 iidem
2294 5743 2419 5797 Bas.
2459 5741 2507 5814 δέ
2540 5740 2637 5814 Sic
2658 5741 2822 5814 Basil.
2853 5740 3417 5814 ϐιῳοηυιοημαὺτοῦ,
3443 5749 3500 5796 ιιι
3523 5754 3677 5795 nar--

394 5824 481 5873 tat
511 5814 782 5881 Valesius)
805 5823 855 5872 et
892 5812 1014 5870 Lat.
1047 5811 1177 5870 cum,
1205 5813 1392 5885 Steph.
1423 5813 1471 5871 1.
1508 5813 1613 5872 Sed
1644 5813 1809 5872 αὑτοῦ
1842 5811 2047 5872 habent
2081 5814 2199 5870 Plui
2236 5823 2290 5871 et
2318 5813 2509 5871 Sarilii
2541 5813 2703 5869 codd.
2738 5827 2860 5869 cum
2902 5811 3182 5885 Epiph..et
3205 5811 3443 5883 Niceph.
