4124 6400
523 436 659 498 1175

1508 430 1712 491 ΤΗΕο
1732 428 2009 488 DORETI
2053 428 2391 489 EPISCOPI
2432 426 2791 489 CYHENSIE

3634 399 3769 465 1176

521 546 647 601 facti
680 555 868 625 essent
894 554 947 600 et
974 530 1182 615 angelis
1200 551 1254 598 et
1296 541 1649 605 hominibus,
1696 538 1940 594 occurrit
1981 550 2092 593 tota

2198 552 2435 611 κινησειν
2483 539 2726 609 γνώμης.
2759 539 2820 589 Οἱ
2862 534 2917 588 δὲ
2954 530 3173 602 μᾶλλον,
3226 525 3416 593 ῶσπερ
3469 517 3528 571 ὲν
3570 514 3767 584 σταδίῳ

519 637 735 703 civitas,
761 637 944 692 visura
968 634 1172 691 Christi
1191 634 1448 700 athletas,
1482 631 1709 687 tortoris
1731 631 1935 701 judicis
1966 646 2091 684 ver-

522 732 651 783 bera
682 727 969 783 tolerantia
1001 727 1303 791 vincentes,
1336 733 1539 795 tropaea
1590 724 1855 778 adversus
1902 724 2094 793 impie-

521 831 686 875 tatem
726 835 822 891 per
858 817 1179 891 patientiam
1210 818 1483 887 erigentes
1507 855 1523 882 ,
1574 815 1991 885 triumphosque
2026 814 2094 870 de

519 913 735 967 Arianis
780 918 1004 982 agentes
1036 927 1055 964 :
1092 924 1231 979 quos
1277 909 1442 963 minis
1472 923 1535 962 ac
1581 907 1776 962 fraude
1836 908 2095 963 subactos

517 1008 671 1058 dirus
703 1004 795 1057 ille
826 1003 1358 1071 hostisimpietatem
1404 1001 1458 1055 in
1492 1000 1777 1057 Christum
1833 1016 2095 1055 exseren-

518 1097 664 1151 tgbus
700 1110 759 1149 se
797 1093 1109 1149 deditorum
1141 1091 1423 1147 censebat.
1480 1089 1761 1161 Fatigatus
1800 1091 1965 1160 igitur
2010 1088 2096 1144 in-

518 1187 769 1260 digendis
799 1185 1115 1249 tormentis,
1148 1199 1269 1253 qua:
1293 1183 1505 1237 intento
1522 1183 1706 1236 animo
1720 1182 2091 1251 excogitabat,

521 1278 722 1347 populo
751 1277 1012 1331 universo
1045 1275 1213 1330 variis
1256 1273 1435 1329 modis
1461 1283 1728 1343 querente
1776 1287 1843 1326 ac
1888 1276 2098 1327 lamen-

521 1375 694 1433 tante,
732 1382 906 1421 saevus
940 1376 992 1420 et
1021 1366 1088 1419 ab
1118 1366 1264 1418 omni
1303 1364 1649 1417 humanitate
1703 1364 1940 1427 alienus,
1972 1376 2098 1416 coa-

518 1458 626 1513 etis
648 1458 848 1512 iterum
871 1455 1223 1511 turbulentia‘.
1239 1455 1477 1510 assuetis
1499 1455 1690 1523 copiis,
1712 1454 1779 1508 ad
1801 1453 2094 1523 judicium,

525 1550 609 1605 rel
632 1550 699 1604 ad
720 1550 936 1604 inanem
962 1550 1146 1618 potius
1173 1545 1704 1609 condemnationem,
1727 1546 1780 1599 in
1802 1552 1963 1615 portu
1984 1559 2100 1598 ma-

519 1639 599 1695 ris
617 1654 714 1694 eos
735 1648 911 1703 vocat,
933 1636 1403 1708 pen-strepentibus
1430 1644 1621 1689 contra
1645 1636 1768 1691 illos
1802 1634 2095 1691 conductis

522 1731 590 1784 de
607 1745 757 1783 more
779 1729 1004 1783 vocibus
1029 1727 1309 1799 gentilium
1343 1724 1860 1796 atque-Juda‘orum.
1889 1726 2096 1781 Etcum

520 1820 818 1875 manifeste
838 1821 1163 1873 Arianorum
1197 1817 1390 1873 haeresi
1412 1816 1603 1873 cedere
1629 1818 1857 1881 nollent,
1883 1817 2100 1887 lugente

2194 609 2315 685 τῶν
2347 632 2594 703 ἀθλητῶν
2639 631 2689 683 οἱ
2722 625 3122 697 γενναιότατοι,
3160 616 3360 672 δειλίαν
3409 612 3587 665 πᾶσαν

2197 723 2507 786 σϐέσαντες,
2542 722 2926 789 ὲπαλειφοντες
2949 713 3174 774 ἑαυτοὺς
3227 711 3337 771 τοῖς
3367 704 3475 759 τῶν
3507 700 3764 769 Πατέρων

2194 815 2283 870 διὰ
2326 815 2483 868 θείων
2528 811 2804 880 λογισμῶν
2853 801 3343 875 ἀνδραγαθήμασι,
3391 790 3764 863 γενναιότερον

2197 906 2340 978 εἶχον
2398 906 2527 975 περὶ
2564 907 2660 973 τὴν
2722 899 3003 954 εὐσέϐειαν
3041 894 3102 946 τὸ
3147 891 3427 960 φρόνημα,
3462 882 3765 978 γυμνάσιον

2196 974 2396 1071 ἀρετῆς
2425 974 2524 1059 τάς
2559 993 2821 1062 στρέϐλας
2862 988 3177 1060 ἡγούμενοι.
3209 980 3363 1035 Οὕτω
3616 974 3767 1071 ἀγω-

2196 1063 2511 1158 νίζομένων,
2549 1096 2645 1139 και
2679 1083 2927 1152 θέατρον,
2970 1079 3044 1142 ὡς
3097 1079 3125 1129 ὁ
3166 1072 3435 1145 μακάριος
3467 1067 3515 1100 ⁸⁸
3553 1063 3771 1126 Παῦλος

2196 1182 2423 1251 γράφει,
2471 1175 2779 1248 γενομένων
2831 1172 2924 1226 καὶ
2970 1169 3223 1238 ἀγγέλοις
3275 1163 3371 1218 καὶ
3426 1158 3769 1251 ἀνθρώποις,

2198 1246 2493 1342 ἐπέτρεχεν
2548 1271 2582 1339 η
2608 1246 2791 1328 πόλις
2838 1262 3048 1324 ἅπασα,
3103 1255 3339 1325 ἀθλητάς
3383 1247 3694 1342 θεασαμένη
3720 1246 3772 1277 ⁸⁵

2197 1361 2458 1435 Χριστοῦ,
2489 1338 2755 1430 καρτερίᾳ
2806 1353 2899 1407 τοῦ
2950 1349 3330 1422 βασανίζοντος
3381 1338 3635 1396 δικαστοῦ
3687 1354 3772 1391 νιν

2199 1428 2411 1516 κῶντας
2441 1450 2539 1511 τὰς
2569 1428 2847 1519 μάστιγας
2876 1483 2890 1508 ,
2935 1442 3031 1497 καὶ
3076 1439 3311 1511 τρόπαια
3368 1434 3433 1487 δι’
3493 1428 3772 1500 ὑπομονῆς

2199 1543 2341 1598 κατὰ
2410 1540 2664 1602 ἀσεϐείας
2730 1536 3077 1607 ἐπαίροντας,
3111 1531 3205 1584 καὶ
3263 1524 3563 1597 θριάμϐους,
3596 1520 3776 1614 ’κατά

2211 1633 2500 1704 Ἀρειανῶν
2524 1630 2796 1684 ὲπιδεικνυ
2807 1627 3020 1697 μένους’
3046 1622 3138 1684 οὒς
3163 1618 3431 1683 ὑποτάξας
3449 1615 3496 1648 ’⁵⁸
3522 1615 3549 1665 ὁ
3574 1611 3772 1704 πικρδς

2200 1702 2354 1788 οὗτος
2384 1723 2663 1793 πολέμιος,
2690 1720 2758 1772 δι’
2797 1715 3035 1772 ἀπειλῶν
3079 1714 3172 1767 καὶ
3203 1710 3446 1783 βασάνων
3462 1706 3505 1737 ⁸⁷
3538 1705 3649 1766 τοῖς
3689 1702 3779 1764 είς

2201 1815 2433 1889 Χριστὸν
2463 1812 2751 1877 ἀσεϐοῦσιν
2796 1808 3054 1862 ἐκδώσειν
3079 1802 3349 1872 ἐνόμιζεν.
3384 1794 3770 1862 Ἀποκακήσας

523 1925 624 1980 pro
644 1910 904 1990 trihnn_ali
930 1909 1129 1979 populo
1147 1908 1429 1973 universo,
1451 1908 1769 1979 pronuntiat
1787 1880 2094 1962 utAlexan-

2198 1880 2486 1974 τοιγαροῦν
2533 1905 2652 1963 ταῖς
2696 1899 2804 1952 τῶν
2855 1896 3101 1968 βασάνων
3131 1892 3198 1945 δι’
3248 1886 3490 1948 ἐπινοίας
3524 1880 3773 1953 χαλεπῆς

2894 1988 2914 1990 ~
2984 1986 2996 1990 -
3063 1985 3087 1990 -
3155 1982 3198 1990 η
3361 1980 3371 1990 .
3646 1972 3678 1990 ,ς
3754 1988 3764 1990 μ

519 1999 639 2054 dria
669 1999 832 2069 995
862 2001 1037 2054 exacti
1060 1996 1379 2068 Heliopolim
1395 1996 1690 2052 Phoenicia:
1721 1997 2097 2067 deportentur,

520 2090 614 2144 ubi
642 2090 846 2145 Chrisﬁ
882 2105 1079 2145 nomen
1112 2104 1213 2145 nec
1247 2088 1438 2144 audire
1469 2088 1775 2143 incolarum
1805 2089 2096 2159 quisquam

522 2190 736 2250 potest,
774 2199 897 2238 cum
929 2182 1074 2239 idola
1110 2182 1294 2238 colant
1327 2195 1540 2238 omnes.
1574 2184 1594 2204 ‘
1623 2181 2005 2255 ltaqnejussis
2034 2181 2099 2235 il-

522 2276 595 2329 lis
619 2289 812 2330 navem
846 2273 1241 2338 conscendere,
1274 2280 1431 2330 stans
1461 2273 1582 2343 ipse
1612 2274 1667 2329 in
1700 2283 1862 2345 portu
1895 2273 2099 2345 (prope

518 2365 664 2420 enim
693 2366 747 2419 in
772 2366 995 2436 publico
1019 2366 1241 2421 lavacro
1266 2369 1596 2422 sententiam
1627 2366 1684 2420 in
1709 2381 1803 2421 eos
1835 2366 2038 2420 tulerat
2055 2366 2095 2434 ),

520 2457 771 2512 strictum
800 2457 1123 2512 ostendebat
1151 2473 1340 2513 ensem
1361 2502 1374 2524 ,
1415 2467 1681 2513 terrorem
1720 2473 1779 2513 se
1815 2458 1925 2513 illis
1956 2456 2100 2526 inje-

520 2556 736 2602 ctunzm
773 2557 926 2604 ratus
950 2588 965 2612 ,
999 2548 1092 2618 qui
1133 2548 1359 2618 ancipiti
1402 2549 1585 2617 gladio
1622 2549 1854 2604 infestos
1893 2549 2097 2603 damm-

522 2653 621 2692 nes
674 2652 921 2708 persaepe
970 2637 1308 2693 sauciarant.
1362 2642 1541 2707 Atque
1591 2639 1666 2693 ita
1720 2640 1935 2694 solvere
1969 2637 2094 2691 illos

515 2730 704 2797 jubet,
737 2730 888 2784 nullo
918 2729 1174 2799 imposito
1202 2738 1513 2784 commeatu
1533 2771 1546 2794 ,
1583 2730 1841 2800 nulloque
1869 2742 2098 2799 prorsus

518 2820 698 2875 exsilii
737 2821 1040 2876 instructos
1090 2820 1326 2883 solatio,
1378 2819 1637 2890 quodque
1684 2819 1993 2874 mirandum
2044 2826 2099 2875 et

521 2911 841 2969 incredibile
875 2913 1149 2977 videatur,
1198 2912 1521 2967 albescente
1568 2915 1780 2982 spumis
1836 2912 2011 2978 mari,
2044 2920 2099 2967 et

516 3022 692 3077 aegre,
725 3006 941 3076 opinor,
977 3021 1090 3061 rem
1133 3006 1374 3070 ferente,
1407 3022 1472 3061 ae
1506 3006 1760 3071 nolente,
1804 3014 1863 3059 ut
1906 3005 1979 3059 ita
2013 3003 2098 3057 di-

517 3112 671 3160 cam,
706 3096 832 3150 illos
865 3094 1191 3163 excipiendo
1226 3095 1492 3164 injustum
1536 3095 1826 3164 imperium
1870 3094 2097 3165 partici-

519 3204 668 3259 pare.
704 3186 1137 3244 Demonstrabat
1166 3188 1312 3241 enim
1354 3189 1522 3243 etiam
1564 3188 1768 3259 ignaris
1804 3189 2092 3242 barbaram

514 3278 716 3343 iudicis
747 3280 1106 3334 voluntatem.
1139 3275 1280 3332 Vere
1318 3292 1448 3348 ergo
1475 3278 1656 3333 dicere
1696 3278 1858 3333 licet:
1891 3277 2096 3332 Obstu-

519 3370 635 3441 puit
666 3371 867 3425 cmlum
900 3370 1001 3423 hac
1033 3371 1085 3424 in
1138 3386 1217 3423 re.
1265 3367 1492 3424 Planxit
1537 3372 1681 3424 enim
1729 3370 1923 3424 civitas
1975 3368 2098 3422 uni-

517 3476 708 3525 versa,
757 3469 810 3515 et
862 3476 1008 3516 nunc
1054 3478 1274 3533 quoque
1334 3461 1658 3532 ingemiscit.
1713 3460 1815 3513 Alii
1867 3460 2093 3515 alternis

519 3568 776 3607 manuum
816 3553 1019 3608 ictibus
1055 3564 1275 3623 pectora
1314 3553 1613 3608 tundentes
1643 3567 1811 3607 sonos
1854 3552 2093 3606 edebant

517 3650 767 3718 ingentes
795 3666 807 3701 :
846 3647 939 3702 alii
979 3648 1232 3702 manibus
1270 3647 1560 3716 oculiSque
1588 3645 1642 3698 in
1674 3645 1874 3699 cmlum
1908 3645 2092 3699 subla-

516 3738 623 3800 tis,
681 3737 786 3790 vim
827 3738 1035 3791 illatam
1078 3737 1446 3802 testabantur,
1491 3743 1704 3789 tantum
1746 3750 1855 3788 non
1905 3734 2093 3789 dicen-

514 3837 641 3902 tes:
693 3826 871 3891 Audi,
926 3826 1167 3890 caelum,
1220 3835 1274 3881 et
1327 3826 1555 3881 auribus
1605 3825 1862 3895 percipe,
1908 3832 2090 3891 terra,

513 3934 679 3988 quam
736 3920 924 3990 iniqua
961 3922 1072 3975 sint
1111 3936 1233 3990 qua:
1270 3930 1555 3990 geruntur.
1595 3917 1843 3989 Denique
1880 3918 2090 3989 ejulatu

516 4010 673 4081 plena
710 4020 867 4067 erant
900 4013 1119 4074 omnia,
1154 4019 1208 4067 et
1239 4027 1460 4067 carmen
1499 4027 1563 4067 ac
1611 4012 1931 4067 lamentatio
1979 4022 2091 4067 tota

517 4107 647 4159 urbe
701 4104 1032 4159 resonabat:
1095 4103 1411 4174 ﬂumenque
1467 4103 1877 4176 lacrymarum,
1940 4118 2093 4159 mare

516 4197 904 4266 propemodum
947 4195 1308 4249 inundatione
1354 4210 1454 4250 sua
1503 4196 1781 4258 obruens,
1831 4196 2092 4249 omnibus

514 4287 804 4342 confestim
844 4286 1070 4340 effluxit.
1103 4286 1238 4341 Cum
1274 4296 1456 4341 autem
1498 4285 1553 4340 in
1596 4293 1763 4356 portu
1806 4292 1961 4340 stans
2001 4285 2091 4339 ille

517 4379 816 4449 remigibus
872 4377 1204 4447 imperavit,
1258 4377 1435 4449 996-
1476 4385 1535 4430 ut
1585 4378 1702 4432 vela
1758 4376 2088 4448 penderent,

476 4481 489 4493 '
515 4479 628 4523 tum
661 4469 1007 4539 promiscuus
1040 4467 1282 4537 ejnlatus
1314 4467 1583 4538 virginum
1642 4482 1703 4521 ac
1752 4470 2043 4522 mulierum
2071 4509 2085 4531 ,

2201 1972 2547 2067 προσϐολαῖς,
2572 1990 2829 2046 ἁπάντων
2849 1988 2957 2041 τῶν
2984 1985 3127 2038 λαῶν
3146 1980 3484 2052 ὀδυρομένων
3509 1972 3767 2067 ποικίλως

2199 2064 2287 2140 διά
2319 2085 2491 2138 πολλὰ
2538 2084 2616 2154 τῷ
2671 2081 2853 2152 θρήνῳ
2871 2119 2885 2143 ,
2915 2081 2943 2132 ὁ
2967 2076 3162 2147 πικρὸς
3190 2074 3284 2126 καὶ
3311 2070 3492 2139 πάσης
3526 2064 3768 2120 ἀποδέων

2202 2177 2636 2253 φιλανθρωπίας,
2665 2174 2735 2227 τά
2787 2172 2989 2242 συνήθη
3020 2167 3176 2222 πάλιν
3216 2164 3351 2236 πρὸς
3384 2159 3624 2253 ἀταξίανῌ
3647 2171 3770 2253 συν-

2201 2270 2467 2344 αθροίσας
2489 2249 2691 2340 πλήθη,
2724 2267 2817 2319 ἐπὶ
2844 2264 3025 2334 κρίσιν
3048 2260 3266 2323 αὑτοὺς,
3304 2254 3503 2326 μᾶλλον
3532 2252 3585 2344 δὲ
3601 2249 3778 2302 ἕωλον

2200 2343 2523 2434 κατάκρισιν
2553 2360 2729 2424 καλεῖ,
2760 2355 2892 2430 πρὸς
2912 2352 2991 2423 τῷ
3019 2353 3117 2422 τῆς
3144 2350 3419 2417 θαλάσσης
3437 2343 3638 2414 λιμένι,
3669 2356 3770 2434 πο-

2199 2456 2487 2525 λυωνήτων
2534 2451 2778 2522 συνήθως
2822 2443 3202 2516 ὲπαφιεμένων
3248 2440 3369 2494 κατ’
3424 2436 3601 2490 αὑτῶν
3658 2432 3768 2485 τῶν

2203 2546 2340 2619 βοῶν
2360 2523 2512 2614 παρά
2526 2549 2635 2596 τῶν
2658 2537 3055 2609 εἰδωλολατρῶν
3079 2535 3174 2589 καὶ
3210 2531 3315 2586 τῶν
3349 2527 3637 2619 Ἰουδαίων,
3660 2523 3768 2619 καὶ

2205 2614 2283 2708 μὴ
2323 2635 2667 2706 θελησάντων
2724 2627 2864 2697 εἶξαι
2910 2631 2975 2699 τῇ
3030 2626 3296 2698 προφανεῖ
3354 2615 3633 2692 αἱρέσει⁸⁸
3661 2614 3767 2667 τῶν

2216 2731 2275 2784 Ἀ
2285 2727 2660 2801 ρειομανιτῶν,
2684 2722 3063 2793 ἀποφαίνεται,
3088 2718 3197 2771 τῶν
3216 2715 3358 2769 λαῶν
3382 2714 3488 2783 πρὸ
3507 2710 3604 2763 τοῦ
3624 2709 3769 2762 δικα-

2204 2824 2427 2892 στηρίου
2455 2822 2671 2873 πάντων
2699 2814 3060 2886 ὀδυρομένων,
3085 2813 3185 2880 τῆς
3211 2803 3619 2875 ’Δλεξανδρείας
3643 2816 3769 2870 μετ-

2201 2914 2535 2972 αναστάντας
2590 2908 2686 2981 τὴν
2735 2902 3075 2961 Ἡλιούπολιν
3108 2904 3205 2972 τῆς
3242 2898 3496 2966 Φοινίκης
3527 2892 3767 2960 οἰκῆσαι,

2202 3004 2330 3058 ἔνθα
2352 3003 2461 3057 τῶν
2485 2999 2834 3055 ἐνοικούντων
2857 2996 3030 3058 οὐδεὶς
3055 2994 3157 3048 κᾶν
3180 2991 3409 3047 ἀκοῦσαι
3429 2988 3489 3042 τὸ
3515 2986 3608 3039 τοῦ
3638 2985 3681 3037 Χ
3691 3001 3769 3054 ριο

2204 3095 2329 3149 στοῦ
2377 3093 2627 3162 ἀνέχεται
2683 3090 2852 3159 δνομα
2899 3104 2915 3120 ο
2965 3084 3232 3140 είδωλικοὶ
3276 3082 3382 3153 γὰρ
3442 3080 3492 3132 οἱ
3549 3076 3768 3137 πάντες.

2207 3185 2471 3256 Παραυτά
2494 3184 2539 3216 ’⁵⁸
2568 3183 2631 3253 δὴ
2657 3183 2898 3250 σκάφους
2932 3177 3190 3247 ἐπιϐῆναι
3247 3171 3579 3245 προστάξας,
3608 3165 3773 3256 αὐτος

2199 3276 2443 3347 έστηκὼς
2480 3274 2572 3329 ἐπὶ
2601 3271 2693 3326 τοῦ
2735 3272 2951 3342 λιμένος
3003 3266 3252 3340 (πλησίον
3289 3264 3397 3333 γάρ
3433 3263 3490 3314 ὲν
3526 3255 3772 3347 δημοσίῳ

2199 3367 2409 3438 λουτρῷ
2442 3366 2541 3437 τὴν
2565 3363 2893 3434 κατάκρισιν
2935 3361 3057 3413 κατ’
3087 3357 3268 3413 αὑτῶν
3309 3351 3522 3423 ὥρισε),
3559 3346 3767 3418 γυμνὸν

2198 3458 2642 3527 ἐπιδεικνύμενος
2671 3456 2731 3509 τὸ
2763 3453 2934 3524 ξίφος,
3000 3451 3226 3522 νομίσας
3252 3449 3317 3501 ἐκ
3353 3444 3543 3500 τούτου
3586 3439 3770 3510 φοϐεῖν

2196 3553 2320 3614 τοὺς
2351 3552 2413 3621 τῇ
2449 3548 2687 3619 διστόμῳ
2720 3546 2963 3616 μαχαίρᾳ
3006 3542 3132 3604 τοὺς
3177 3536 3467 3608 πολεμίους
3512 3532 3772 3603 δαίμονας

2198 3642 2458 3703 πολλάκις
2505 3636 2984 3709 κατατρώσαντας.
3013 3633 3179 3687 Οὕτω
3203 3631 3267 3700 δὴ
3300 3624 3392 3682 οὖν
3413 3626 3462 3659 ⁵⁸
3506 3621 3773 3678 ἀποπλεῖν

2199 3735 2394 3796 αὑτοὺς
2443 3730 2670 3795 κελεύει,
2726 3730 2825 3782 οὑκ
2878 3724 3313 3797 ἐμϐαλλομένους
3365 3717 3666 3790 ἐπιτήδεια,
3707 3712 3770 3766 οὑ

2196 3822 2542 3893 παραμύθιόν
2567 3838 2621 3873 τι
2645 3818 2704 3871 τὸ
2740 3816 2958 3871 σύνολον
3004 3814 3104 3885 τῆς
3147 3811 3359 3881 ὲξορίας
3401 3807 3641 3877 ἔχοντας,
3677 3801 3773 3854 καὶ

2194 3915 2255 3967 τὸ
2277 3912 2577 3983 θαυμάσιον
2603 3910 2646 3942 ⁵¹
2692 3909 2782 3962 καὶ
2805 3907 3053 3969 ἄπιστον,
3082 3904 3182 3974 τῆς
3226 3900 3502 3969 θαλάσσης
3537 3898 3775 3964 ὲπαφρι-

2197 4005 2415 4075 ζούσης,
2451 4004 2544 4056 καὶ
2577 4000 2853 4071 δυσχερῶς
2873 3990 3027 4069 οἶμαι
3060 3994 3148 4049 διὰ
3169 3993 3326 4047 τοῦτο
3356 3988 3647 4061 φερούσης.
3674 3983 3776 4037 καὶ

2200 4097 2273 4168 μὴ
2303 4095 2652 4167 βουλομένης,
2682 4092 2749 4145 ἵν’
2778 4091 2951 4153 οὑτως
2974 4089 3132 4148 εἴπω,
3158 4086 3225 4139 δι’
3255 4082 3517 4151 ὑποδοχῆς
3539 4077 3647 4131 τῶν
3678 4076 3775 4168 ἁ-ν·

2193 4163 2354 4258 δρῶν,
2399 4163 2567 4253 ἀδίκῳ
2588 4163 2924 4250 κοινωνῆσαι
2970 4176 3318 4245 κελεύσματι.
3362 4171 3635 4240 Ἑνέφαινε
3661 4163 3776 4233 γάρ

2194 4277 2287 4329 καὶ
2347 4277 2459 4338 τοῖς
2515 4272 2772 4341 ἀγνοοῦσι
2803 4269 2916 4324 -τοῦ
2978 4266 3319 4337 κρίναντος⁸¹
3348 4262 3444 4333 τὴν
3494 4259 3774 4331 βάρϐαρον

2197 4365 2536 4437 προαίρεσιν.
2572 4365 2728 4418 Ἔστι
2753 4361 2880 4432 γοῦν
2911 4361 3124 4432 ἀληθῶς
3155 4359 3355 4413 εἰπεῖν·
3383 4353 3603 4423 Ἐξέστη
3627 4355 3656 4407 ὁ
3677 4353 3775 4405 οὑ-

2196 4458 2355 4532 ρανὸς
2372 4459 2462 4511 ἐπὶ
2490 4458 2681 4526 τούτῳ.
2726 4454 3004 4518 Ἐστέναξε
3036 4457 3144 4523 γὰρ
3179 4453 3211 4521 ὴ
3243 4451 3395 4512 πόλις
3440 4448 3646 4507 ἀπασα,
3677 4446 3778 4497 καὶ

515 4559 791 4613 seniorum
817 4556 1209 4627 iuvenumque,
1234 4566 1285 4611 et
1314 4557 1517 4610 amaris
1542 4558 1802 4626 pt-rmista
1834 4558 2092 4628 laerymis

2202 4552 2362 4623 μέχρι
2391 4549 2446 4603 δὲ
2475 4549 2570 4602 νῦν
2614 4548 2823 4618 θρηνεῖ.
2853 4547 2963 4600 Καὶ
2992 4548 3041 4599 oi
3080 4546 3179 4615 μὲν
3223 4540 3607 4611 ἀλλεπαλλήλῳ
3621 4538 3668 4569 ⁸⁸
3699 4540 3774 4608 τῇ

518 4653 753 4705 lamenta
794 4666 808 4703 :
851 4651 1229 4717 clamoresque
1256 4648 1500 4701 omnium
1541 4648 1745 4702 turbati
1788 4651 1954 4704 maris
1993 4650 2095 4705 llu-

514 4742 695 4797 ctibus
746 4741 1046 4795 excitatum
1102 4737 1395 4807 strepitum
1446 4737 1840 4793 ohscurabant.
1890 4740 2090 4796 Verum

516 4832 624 4885 illis
657 4822 982 4898 lieliopolim
1013 4827 1434 4897 navigantibus,
1469 4828 1558 4882 ubi
1600 4832 2092 4900 superstitionibus

513 4920 717 4976 addicti
753 4918 1032 4981 universi,
1070 4918 1164 4971 ubi
1195 4916 1399 4971 diaboli
1430 4919 1496 4973 ad
1532 4921 1866 4992 voluptatem
1904 4924 2095 4994 vigent

517 5020 699 5077 artes,
762 5009 855 5067 ubi
921 5007 1195 5064 horrenda
1249 5007 1487 5063 ferarum
1544 5010 1769 5066 latibula
1833 5015 2093 5081 (similes

2195 4644 2338 4715 xsth
2375 4640 2577 4695 κτύπον
2593 4641 2641 4673 ⁸³
2667 4642 2731 4692 ὲκ
2754 4637 2965 4711 στηθῶν
3002 4636 3210 4708 μακρὸν
3242 4636 3575 4703 ἀπέπεμπον
3595 4648 3608 4661 ·
3637 4632 3687 4684 oi
3712 4630 3777 4682 δὲ

2193 4738 2287 4799 τὰς
2317 4738 2503 4806 χεῖρας
2536 4731 2672 4801 ὁμοῦ
2701 4733 2791 4785 καὶ
2823 4733 2948 4794 τοὺς
2979 4730 3291 4799 ὀφθαλμοὺς
3314 4728 3393 4789 εἰς
3444 4725 3705 4795 οὐρανοὺς
3721 4722 3777 4763 ⁸³

2194 4830 2483 4889 ἀνέτεινον,
2520 4824 2615 4895 τὴν
2646 4824 2766 4895 βίαν
2794 4822 3314 4892 διαμαρτυράμενοι,
3372 4817 3652 4889 μονονουχὶ
3679 4816 3773 4868 λέ-

2195 4937 2381 4987 γοντες
2405 4933 2416 4946 ’
2448 4936 2465 4968 ι
2483 4920 2701 4973 Ἀκουε.
2724 4916 2941 4986 οὑρανὲ,
2966 4916 3058 4967 καὶ
3083 4911 3360 4974 ἐνωτίζου,
3394 4910 3493 4981 ﬁ“
3516 4909 3605 4977 γῆ.
3638 4928 3655 4958 ι
3685 4909 3772 4959 ὅτι

2198 5009 2485 5079 παράνομα
2516 5007 2585 5060 τά
2631 5007 2946 5076 γιγνόμενα.
2976 5006 3083 5058 Καὶ
3125 5004 3263 5065 ὅλως
3294 5004 3536 5072 οἰμωγῆς
3570 5001 3628 5052 τὸ
3661 5001 3775 5052 πᾶν

1829 5192 2062 5248 VARle
2100 5192 2505 5250 LECTIONES.

621 5350 1133 5428 “6-p._cit-.zdcto}.o;
1167 5356 1356 5428 Basil.,
1409 5357 1630 5428 Epiph.,
1674 5354 1903 5428 Niceph.
1978 5355 2387 5428 "Menedemo;
2433 5358 2632 5428 iidem,
2688 5374 2794 5411 non
2826 5356 3008 5428 male,
3059 5354 3241 5428 inquit
3277 5349 3560 5428 Valesius,
3587 5361 3769 5428 quan-

518 5434 680 5482 quam
739 5421 919 5476 mallet
966 5438 978 5476 :
1039 5425 1170 5479 θεασ

522 5486 664 5545 Basil
771 5487 816 5518 "
844 5491 921 5544 lta
973 5496 1163 5563 Steph.
1191 5486 1244 5549 Ξ.
1274 5496 1380 5551 Sed

522 5558 637 5633 loca
673 5558 837 5633 (vide
872 5570 984 5615 not.
1031 5565 1119 5633 5'3)
1168 5565 1404 5632 ἀπάτης.

522 5708 753 5771 utroque
782 5699 945 5771 Basil.
971 5712 1024 5754 et
1060 5699 1253 5771 I'Ipiph.

778 5425 978 5476 tallet:
1039 5425 1200 5479 θεασὸ
1248 5445 1380 5484 ενοι.
1430 5425 1731 5498 θεασαμένη
1801 5426 1963 5481 habet
2013 5425 2244 5494 Niceph.
2306 5426 2502 5498 Epipir.
2573 5426 3011 5495 contemplatura.
3126 5425 3172 5455 ⁴⁶
3220 5425 3483 5484 ὑποτάξαι
3545 5427 3730 5494 ιιιυιηι]

771 5487 816 5518 ⁴τ
844 5491 921 5544 lta
973 5496 1163 5547 Steph.
1274 5496 1380 5547 Sed
1414 5496 1583 5547 Basil.
1616 5513 1738 5547 cum
1771 5494 1958 5547 Steuh.
2008 5496 2033 5547 1
2072 5504 2127 5547 et
2156 5498 2376 5547 Nicenh.
2441 5499 2615 5547 magis
2661 5496 3079 5547 accommodare
3112 5493 3181 5546 ad
3238 5490 3523 5547 suneriora
3570 5486 3730 5540 simili

844 5491 921 5544 lta
973 5496 1163 5563 Steph.
1191 5486 1244 5549 Ξ.
1274 5496 1380 5551 Sed
1414 5486 1738 5551 Basilfcum
1771 5494 1958 5564 Steph.
2008 5496 2033 5549 1
2072 5504 2127 5550 et
2152 5486 2376 5565 Niceph'.
2408 5486 2615 5567 'magis
2661 5486 3079 5550 accommodare
3112 5493 3181 5546 ad
3238 5490 3523 5559 superiora
3570 5486 3771 5540 similia

872 5570 984 5615 not.
1031 5565 1119 5621 53‘]
1168 5565 1404 5621 ἀπάτης.
1510 5568 1555 5599 ⁴⁸
1592 5565 1877 5621 δυσσεϐείοι
1920 5565 2044 5619 Bas.
2084 5574 2138 5618 et
2182 5566 2419 5621 Steth
2469 5583 2589 5621 cum
2631 5567 2824 5621 Eoiuh.
2864 5575 2918 5620 et
2943 5564 3192 5621 Nicenh..
3232 5562 3500 5621 probante
3530 5554 3768 5609 Valesio.

523 5578 637 5612 loca
673 5578 817 5622 mue
872 5578 984 5615 net.
1031 5578 1119 5633 οη
1168 5578 1404 5632 ἀπάτης.
1510 5578 1555 5599 δι’
1592 5578 1877 5635 ουσσεοειᾳ
1920 5578 2044 5619 bas.
2084 5578 2138 5618 et
2182 5578 2419 5635 StephJ
2469 5583 2589 5621 cum
2631 5578 2824 5636 Eplpll.
2864 5578 3192 5633 etmcepn.,
3232 5578 3500 5632 pronaum

408 5631 417 5647 '
519 5626 563 5660 "
599 5629 914 5698 παραυτίκα
961 5634 1276 5702 Christoplt.
1330 5634 1394 5702 δὴ
1425 5637 1578 5691 abest
1610 5652 1638 5688 a
1681 5635 1869 5688 codice
1922 5636 2040 5688 Pini
2087 5646 2141 5690 et
2194 5638 2612 5702 iiasileensibtls,
2649 5641 2886 5705 itemque
2913 5651 2939 5688 a
2968 5633 3197 5701 Nieeph.
3310 5630 3357 5661 ⁸⁰
3385 5625 3477 5681 οὖν

522 5708 751 5760 Illumne
782 5699 945 5753 Basil.
971 5712 1024 5754 et
1060 5702 1253 5760 Epiph.
1350 5705 1392 5734 “
1427 5704 1739 5760 θαυμαστὸν
1773 5702 1942 5756 Basil.
1978 5714 2031 5759 et
2061 5704 2248 5760 Steph.
2294 5723 2416 5759 rnm
2476 5706 2702 5760 Nicenh.
2800 5707 2844 5738 δ’
2867 5705 2963 5759 τοῦ
3026 5705 3300 5760 κρίνοντος
3361 5708 3500 5753 ntere

1460 5719 1746 5778 depector
1773 5719 1942 5778 basu.
1978 5719 2248 5778 etrbtepn.
2294 5723 2430 5778 eum)»
2476 5719 2702 5778 mcepn.

3126 5425 3172 5455 ⁸⁸
3220 5420 3483 5484 ὑποτάξαι
3545 5427 3776 5482 uterque

3310 5630 3357 5661 ⁸⁰
3385 5625 3477 5681 οὖν
3519 5627 3671 5680 abest
3702 5624 3774 5677 ab

2800 5694 2845 5738 δί
2867 5705 2963 5759 τοῦ
3026 5694 3300 5773 κρίνοντος
3360 5708 3600 5773 uterque
3644 5694 3768 5773 Bas.

596 5763 709 5848 an:
743 5769 951 5848 suarm
981 5763 1302 5848 ἰὶιιιειὶξλΒςιςἸ
1327 5783 1380 5827 et
1402 5763 1630 5848 Niceph.
1710 5775 1756 5807 ⁵⁸
1783 5773 2018 5840 κτύπους
2043 5763 2226 5831 iidem.
2307 5778 2350 5808 ⁵⁸
2383 5763 2626 5848 οὐρανὸν’
2662 5778 2825 5833 iidem
2879 5774 3038 5831 codd.
3064 5763 3191 5828 cum
3224 5763 3412 5841 Steph.
3446 5763 3769 5834 etiNicrpll.

520 5834 564 5873 ιδ
593 5839 624 5905 ἡ
656 5839 807 5891 abest
836 5855 865 5889 a
888 5834 1012 5891 Bas.
1044 5848 1097 5892 et
1119 5839 1343 5909 Niceph.
