4124 6408
556 438 697 500 1133

1538 435 2028 495 TIIEODORETI
2064 436 2409 497 EPISCOPI
2449 439 2820 500 CYRENSIS

3700 432 3832 495 1184

554 560 747 600 errore
777 543 875 598 illo
901 542 1257 608 tenebantur,
1287 552 1340 596 et
1372 541 1442 597 ab
1467 540 1700 596 Joviano
1721 551 1841 612 post
1867 540 2145 596 Iulianum

2254 545 2371 606 ταῖς
2400 544 2783 612 εὐαγγελικαίς
2805 541 3174 604 διδασκαλίαις
3209 540 3558 609 κηρύττουσι.
3588 540 3697 593 Καὶ
3726 541 3834 611 γὰρ

554 636 826 691 exstincta
852 633 1102 690 seductio
1127 633 1270 687 illius
1294 635 1566 703 permissu
1598 632 2005 690 reﬂorescebat.
2032 633 2142 689 Nec

550 726 664 796 jam
692 727 749 781 in
780 727 999 782 occulto
1021 724 1174 780 Jovis
1203 734 1257 779 et
1288 724 1487 780 Bacchi
1520 734 1573 781 ct
1602 724 1822 781 Cereris
1851 726 1988 781 festa
2014 742 2144 796 per-

555 819 878 887 agebantur,
941 817 1035 873 sed
1092 832 1188 887 per
1247 818 1486 872 medium
1552 816 1729 873 lorum
1806 818 2142 873 bacchantes

555 911 923 966 cursitabant.
984 908 1131 965 Solis
1195 910 1287 965 ille
1342 909 1604 966 inimicus
1662 910 1767 965 fuit
1820 914 2144 982 apostolicae

554 1004 819 1058 doctrina:
873 1003 1200 1059 cultoribus.
1248 1003 1494 1057 Primum
1527 1005 1669 1058 enim
1714 1004 1891 1060 sacris
1934 1004 2143 1060 aedibus

558 1094 771 1163 1002
799 1092 925 1149 illos
952 1094 1191 1164 expulit,
1222 1095 1425 1164 quibus
1447 1094 1861 1151 laudatissinius
1876 1093 2143 1151 Iovianus

552 1186 717 1237 etiam
761 1194 1014 1239 recenter
1054 1194 1393 1239 exstructam
1445 1187 1731 1241 ecclesiam
1768 1194 2138 1243 concesserat.

557 1274 762 1329 Deinde
806 1291 933 1329 cum
976 1274 1045 1329 ad
1094 1277 1301 1331 montis
1356 1276 1597 1331 radicem
1649 1287 2140 1347 congregarentur,

555 1368 742 1436 ibique
793 1366 1016 1437 hymnis
1066 1366 1360 1421 Dominum
1422 1369 1803 1435 celebrarent,
1846 1381 1899 1425 et
1944 1371 2145 1425 divinis

553 1458 791 1527 eloquiis
823 1456 1507 1521 fruerentur,contrarias
1537 1461 1932 1530 aerisinjurias
1960 1462 2144 1531 perfe-

555 1561 743 1605 rentes
764 1590 779 1616 ,
815 1565 962 1603 nunc
984 1551 1182 1620 pluvia:
1203 1592 1217 1616 ,
1248 1551 1391 1605 nivis
1419 1566 1482 1605 ac
1509 1552 1731 1622 frigoris
1752 1593 1767 1618 ,
1796 1570 1942 1609 nunc
1975 1562 2144 1610 aestus

557 1641 1063 1705 vehementissimi,
1106 1658 1175 1697 ne
1203 1642 1306 1697 hac
1338 1644 1561 1714 quidem
1594 1644 1865 1700 laboriosa
1900 1660 2144 1700 commo-

556 1734 727 1788 ditate
758 1735 881 1788 illos
916 1733 996 1787 uti
1024 1735 1312 1804 permisit,
1372 1735 1466 1790 sed
1515 1745 1846 1792 conventum
1882 1737 2144 1792 immissis

555 1826 821 1880 militibus
857 1825 1171 1895 dissipavit.

2249 633 2347 696 τὰς
2382 633 2696 703 Ἑλληνικὰς
2732 632 2950 694 τελετάς
2996 630 3319 683 ὲπετέλουν¹
3362 630 3411 681 oi
3440 632 3507 701 τῇ
3542 629 3717 700 πλάνῃ
3744 631 3834 681 δε-

2249 724 2598 793 δουλωμένοι,
2635 725 2726 776 καὶ
2760 725 2857 793 τὴν
2898 724 3035 792 μετὰ
3077 721 3361 775 Ἰουλιανδν
3392 721 3496 773 ὑπὸ
3536 721 3836 775 ’Ῑοϐιανοῦ³

2251 816 2570 869 σϐεσθείσαν
2618 816 2925 884 ἐξαπάτην,
2982 813 3214 883 ἀνθῆσαι
3262 812 3425 865 πάλιν
3460 812 3836 882 συνεχώρησεν

2249 898 2423 968 οὗτος.
2470 905 2578 957 Καὶ
2609 905 2676 957 τὰ
2704 905 2917 967 Διάσια,
2948 902 3042 957 καὶ
3069 904 3135 956 τὰ
3166 901 3439 964 Διονύσια,
3488 901 3584 955 καὶ
3625 901 3696 954 τὰ
3737 903 3837 971 τῆς

2252 997 2586 1069 Δημήτραςδ
2624 997 2806 1067 ὄργια,
2853 997 2952 1048 οὐκ
2979 999 3036 1049 ὲν
3069 995 3406 1066 παραϐύστῳ
3439 994 3731 1065 ἐπλήρουν,
3762 994 3842 1058 ὼς

2251 1092 2309 1144 ἐν
2331 1090 2544 1142 εὐσεϐεῖ
2573 1088 2839 1159 βασιλείᾳ,
2865 1088 2999 1142 ἀλλά
3035 1086 3122 1141 διὰ
3157 1087 3330 1158 μέσης
3363 1087 3463 1156 τῆς
3482 1087 3687 1158 ἀγορᾶς
3706 1086 3841 1157 βακ·

2252 1181 2501 1252 χεύοντες
2544 1181 2783 1251 ἔτρεχον.
2834 1180 3031 1244 Μόνοις
3080 1180 3136 1233 δὲ
3182 1179 3437 1250 πολέμιος
3483 1174 3551 1250 ἦν
3582 1182 3695 1243 τοῖς
3740 1179 3845 1251 τὴν

2252 1273 2615 1344 ἀποστολικὴν
2645 1272 2991 1326 διδασκαλίαν
3036 1271 3422 1344 πρεσϐεύουσι.
3475 1272 3700 1345 Πρῶτον
3740 1273 3847 1343 μὲν

2252 1367 2361 1438 γὰρ
2393 1367 2590 1428 αὐτοὺς
2629 1364 2741 1417 τῶν
2774 1364 2935 1433 ἱερῶν
2979 1364 3239 1435 ἐξήλασεν
3273 1365 3440 1419 οἴκων
3465 1382 3480 1396 ·
3515 1364 3701 1427 αὐτοῖς
3729 1361 3850 1434 γὰρ

2266 1458 2521 1521 Ίοϐιανὸς
2551 1460 2578 1511 ὁ
2607 1456 2962 1525 πανεύφημος
2991 1456 3240 1509 ἐδεδώκει
3275 1458 3370 1509 καὶ
3397 1457 3496 1527 τὴν
3544 1456 3854 1526 νεόδμητον

2252 1551 2567 1623 ἐκκλησίαν.
2605 1550 2827 1621 Ἐπειδὴ
2851 1550 2906 1602 δὲ
2938 1549 3088 1620 παρά
3119 1549 3217 1621 τὴν
3246 1549 3340 1604 τοῦ
3373 1550 3532 1620 ὄρους
3566 1549 3854 1610 συνιόντες

2253 1644 2513 1715 κρηπῖδα,
2545 1642 2733 1713 ὕμνοις
2758 1659 2816 1695 τε
2846 1642 2934 1695 τὸν
2959 1643 3236 1712 Δεσπότην
3268 1642 3572 1713 ἐγέραιρον,
3609 1640 3705 1695 καὶ
3733 1639 3851 1693 τῶν

2254 1734 2414 1788 θείων
2446 1734 2641 1800 λογίων
2670 1734 2972 1804 ἀπήλαυον,
3003 1733 3111 1787 τῶν
3150 1735 3409 1788 ἐναντίων
3439 1733 3533 1787 τοῦ
3564 1734 3728 1805 ἀέρος
3753 1735 3850 1786 ἀν-

2255 1825 2502 1896 εχόμενοι
2539 1825 2873 1896 προσϐολῶν,
2911 1826 3006 1878 καὶ
3051 1825 3182 1878 ποτὲ
3227 1827 3324 1897 μὲν
3358 1826 3537 1886 ὑετοῦ.
3570 1828 3664 1879 καὶ
3696 1842 3855 1894 νιφε-

557 1914 677 1978 τοῦ,
730 1916 823 1967 καὶ
869 1915 1104 1986 κρυμοῦ,
1150 1917 1278 1970 ποτὲ
1311 1916 1366 1970 δὲ
1398 1917 1760 1987 σφοδροτάτου
1808 1916 2075 1988 φλογμοῦ,
2123 1915 2245 1971 οὐδὲ
2278 1918 2375 1988 τῆς
2424 1917 2682 1969 ἐπιπόνου
2736 1916 2936 1987 ταύτης
2970 1916 3237 1987 ὡφελείας
3284 1918 3605 1988 μεταλαχεῖν
3646 1915 3855 1974 αὐτοὺς

555 2008 959 2079 συνεχώρησεν,
995 2009 1111 2062 ἀλλ’
1139 2011 1465 2073 ἀποστείλας
1491 2012 1831 2081 στρατιώτας
1862 2013 2148 2067 ἐσκέδασε.

782 2104 935 2159 CAP.
977 2104 1146 2159 XXII.
1188 2105 1273 2178 [Β.
1306 2107 1390 2162 St.
1428 2107 1489 2160 V.
1524 2108 1615 2161 25.
1659 2109 1760 2162 Ch.
1793 2108 1911 2182 25.]

498 2204 503 2211 '
589 2196 703 2261 Quo
745 2208 899 2266 pacto
939 2195 1236 2251 Flavianus
1282 2208 1331 2253 et
1375 2198 1649 2254 Diodorus
1692 2201 2110 2255 orthodoxorum

894 2285 987 2322 con
1000 2278 1179 2322 uentus
1225 2272 1445 2339 agebant
1476 2270 1796 2325 Antiochice.

624 2361 695 2414 At
720 2358 1022 2416 Flavianus
1066 2370 1121 2415 et
1154 2362 1465 2428 Diodorus,
1504 2371 1771 2434 tanquam
1797 2379 1963 2436 rupes
1997 2380 2149 2435 quae-

554 2454 707 2522 dam,
750 2452 1029 2510 irruentes
1083 2454 1285 2510 lluctus
1333 2454 1691 2525 frangebant.
1742 2455 1960 2512 Meletio
1998 2458 2148 2512 enim

555 2555 782 2617 pastore
833 2548 1082 2616 ipsorum
1122 2549 1351 2604 remotis
1401 2549 1456 2603 in
1500 2550 1642 2605 locis
1673 2549 1871 2618 degere
1917 2558 2146 2619 coacto,

554 2642 736 2710 gregis
782 2641 862 2695 illi
905 2657 1099 2695 curam
1145 2650 1542 2712 suscepcrant,
1595 2644 1743 2713 lupis
1777 2643 1997 2713 quidem
2038 2643 2152 2698 for-

558 2732 853 2787 titudinem
890 2748 953 2787 ac
989 2733 1320 2803 sapientiam
1355 2749 1513 2789 suam
1544 2744 1888 2806 opponentes
1910 2777 1923 2801 ,
1952 2735 2151 2791 ovibus

557 2838 688 2876 vero
737 2823 1164 2878 convenientem
1214 2840 1411 2879 curam
1468 2827 1879 2897 impendentes.
1913 2828 1997 2883 Ab
2039 2830 2151 2882 imo

558 2915 735 2983 igitur
772 2924 961 2971 monte
1000 2916 1218 2987 depulsi
1252 2960 1267 2986 ,
1304 2932 1438 2973 oves
1469 2919 1537 2974 ad
1575 2920 1725 2990 ripas
1760 2921 1925 2975 vicini
1966 2919 2151 2977 ﬂumi-

556 3008 646 3062 nis
676 3008 994 3077 pascebant.
1019 3007 1140 3063 Non
1159 3010 1333 3076 enim,
1370 3017 1430 3064 ut
1459 3008 1737 3083 Babylone
1758 3013 1889 3067 olim
1919 3014 2150 3083 captivi,

532 3114 762 3170 organa
799 3100 852 3154 in
901 3101 1167 3156 salicibus
1203 3102 1651 3172 suspenderunt,
1688 3104 1784 3158 sed
1835 3106 2152 3160 Creatorem

557 3188 1091 3259 Benel‘actoremque
1127 3191 1429 3245 laudabant
1464 3192 1517 3245 in
1555 3194 1706 3247 omni
1741 3194 1861 3249 loco
1893 3195 2153 3249 domina-

569 3281 737 3335 tionis
765 3282 908 3349 ejus.
948 3284 1014 3336 At
1054 3299 1121 3337 ne
1159 3283 1265 3338 hoc
1305 3284 1525 3354 quidem
1564 3286 1618 3340 in
1652 3287 1775 3342 loco
1808 3286 2023 3357 piorum
2058 3304 2151 3356 pa-

561 3381 802 3436 storum,
825 3373 1036 3428 Christi
1063 3375 1278 3428 Domini
1322 3375 1666 3432 divinitatem
1700 3381 2067 3434 asserentium
2092 3394 2155 3433 ac

2833 2098 3086 2153 ΚΕΦΑΛ.
3129 2096 3257 2154 ΚΒ’.

2253 2197 2453 2265 Ὅπως
2472 2190 2806 2265 Φλαϐιανρς
2843 2192 2942 2247 καὶ
2966 2192 3252 2260 Διόδωρος
3278 2191 3393 2259 τὴν
3412 2193 3483 2246 ἐν
3514 2194 3859 2265 Ἀντιοχείᾳ

2391 2264 2510 2318 τῶν
2536 2264 2873 2335 ὁρθοδόξων
2897 2265 3311 2331 συνεκρότουν
3340 2265 3699 2331 ἐκκλησίαν.

2319 2361 2618 2425 Φλαϐιανὸς
2659 2361 2715 2414 δὲ
2754 2359 2847 2413 καὶ
2885 2360 3169 2430 Διόδωρος,
3222 2360 3476 2431 καθάπερ
3518 2362 3661 2424 τινὲς
3708 2356 3863 2432 πρό-

2251 2451 2417 2517 ϐολοι,
2456 2453 2525 2506 τὰ
2576 2450 2987 2522 προσϐάλλοντα
3027 2450 3233 2504 διέλυον
3279 2451 3519 2521 κύματα.
3578 2452 3860 2507 Μελετίου

2251 2546 2361 2617 γὰρ
2390 2542 2484 2595 τοῦ
2515 2542 2778 2613 σφετέρου
2808 2541 3064 2612 ποιμένος
3093 2542 3226 2605 ἑκὰς
3255 2541 3463 2612 διάγειν
3488 2544 3860 2614 ἠναγκασμέο

2252 2653 2367 2702 νου,
2399 2629 2543 2689 οὗτοι
2577 2635 2673 2703 τῆς
2706 2634 2942 2704 ποίμνης
2968 2632 3354 2702 ἐπεμελοῦντο,
3390 2637 3502 2698 τοῖς
3533 2635 3628 2706 μὲν
3658 2636 3863 2700 λύκοις

2257 2728 2670 2789 ἀντιτάττοντες
2715 2725 2813 2796 τὴν
2841 2725 3052 2779 οἰκείαν
3095 2726 3346 2793 ἀνδρείαν
3392 2745 3451 2781 τε
3493 2728 3588 2781 καὶ
3631 2730 3860 2798 σοφίαν,

2260 2817 2412 2889 [I88]
2442 2820 2552 2881 τοῖς
2583 2817 2639 2870 δὲ
2673 2815 2968 2888 προϐάτοις
2999 2818 3400 2889 προσφέροντες
3428 2820 3527 2891 τὴν
3550 2823 3864 2891 ἁρμόττουο

2257 2928 2356 2963 σαν
2413 2908 2729 2980 θεραπείαν.
2790 2908 2887 2962 Ἐκ
2925 2908 2990 2978 δὴ
3036 2905 3130 2963 οὖν
3175 2909 3278 2979 τῆς
3326 2912 3607 2983 ὑπωρείας
3655 2914 3859 2981 ἐξελα-

2256 3003 2463 3068 θέντες,
2504 3001 2657 3073 παρὰ
2701 3000 2803 3064 τὰς
2851 3000 3017 3071 ὄχθας
3068 3000 3159 3054 τοῦ
3208 3002 3445 3071 γείτονος
3494 3005 3744 3074 ποταμοῦ
3784 3008 3857 3061 τὰ

2257 3094 2507 3167 πρόϐατα
2558 3093 2771 3165 ἔνεμον.
2815 3094 2891 3146 Οὐ
2927 3094 3035 3165 γὰρ
3077 3095 3387 3165 ἠνέσχοντο,
3440 3096 3582 3149 κατὰ
3631 3097 3757 3161 τοὺς
3796 3102 3857 3152 ἒν

2257 3187 2538 3244 Βαϐυλῶνι
2587 3185 2992 3257 δορυαλώτους,
3048 3188 3139 3239 ἐπὶ
3172 3189 3291 3251 ταῖς
3324 3187 3532 3251 ίτέαις⁸
3569 3190 3855 3261 κρεμάσαι

2257 3279 2324 3332 τὰ
2352 3279 2558 3349 ὄργανα
2580 3295 2592 3309 ⁸
2627 3278 2741 3331 ἀλλ’
2772 3278 2973 3350 ὕμνουν
3007 3278 3099 3332 τὸν
3129 3279 3367 3350 Ποιητήν
3395 3296 3452 3331 τε
3484 3281 3577 3333 καὶ
3610 3279 3859 3351 Εὐεργέ-

2258 3388 2358 3441 την
2390 3372 2446 3423 ὲν
2477 3371 2637 3423 παντὶ
2663 3370 2814 3441 τόπῳ
2845 3370 2944 3441 τῆς
2985 3370 3303 3433 δεσποτείας
3330 3370 3520 3423 αὑτοῦ.
3562 3370 3705 3423 Ἀλλ’
3727 3371 3858 3424 οὐδὲ

560 3463 981 3533 przedicautium
1039 3474 1371 3523 conventum
1423 3469 1553 3524 tulit
1599 3470 1887 3525 inimicus.
1930 3470 2147 3528 Rursus

2256 3461 2355 3532 τὴν
2382 3461 2439 3514 ὲν
2480 3460 2616 3528 τῷδε
2648 3459 2725 3531 τῷ
2751 3459 2936 3532 χωρίῳ
2969 3460 3187 3514 σύνοδον
3217 3461 3417 3532 ἤνεγκε
3462 3460 3571 3515 τῶν
3605 3461 3857 3517 εὐσεϐῶν

560 3571 692 3625 ergo
728 3555 1137 3612 admirabilium
1166 3565 1449 3629 pastorum
1483 3576 1583 3632 par
1617 3562 1670 3615 in
1698 3577 1893 3633 campo
1911 3564 2151 3618 militum

558 3646 839 3703 exercitiis
868 3648 1166 3717 destinato,
1198 3654 1376 3709 sacris
1401 3654 1600 3708 ovibus
1627 3654 1876 3709 collectis
1899 3655 2153 3725 spiritale

563 3737 821 3806 pabulum
877 3739 1115 3796 suﬂ‘ecit.
1144 3740 1215 3795 At
1248 3744 1699 3814 sapientissimus
1725 3747 1742 3766 ⁶
1783 3747 1994 3819 1003
2026 3747 2155 3819 qui-

559 3824 683 3881 dem
713 3825 1164 3901 fortissimtisque
1193 3832 1497 3900 Diodorus,
1516 3836 1675 3905 quasi
1703 3834 1903 3893 ﬂuvius
1925 3838 2148 3909 quidam

560 3918 821 3988 limpidus
860 3922 1125 3993 etingens
1149 3964 1164 3989 ,
1189 3940 1323 3981 suos
1349 3927 1568 3996 quidem
1606 3928 1874 4001 irrigabat
1902 3971 1915 3995 ,
1949 3931 2150 3986 adver-

560 4012 834 4067 sariorum
867 4030 1000 4071 vero
1037 4018 1414 4087 bIaSphemias
1450 4020 1702 4077 diluebat
1733 4042 1747 4077 :
1792 4038 1894 4079 nec
1930 4025 2154 4095 generis

561 4104 913 4172 splendorem
950 4109 1378 4180 considerabat,
1438 4114 1533 4169 sed
1566 4130 1844 4170 aerumnas
1890 4132 1992 4186 pro
2049 4116 2156 4171 (ide

563 4196 801 4250 libenter
836 4201 1171 4256 sustinebat.
1207 4202 1502 4261 Flavianus
1542 4221 1676 4262 vero
1699 4249 1713 4273 ,
1748 4207 1830 4260 vir
1872 4208 2151 4276 Optimus,

563 4288 801 4357 patricio
825 4298 879 4343 et
914 4291 1032 4360 ipse
1069 4296 1272 4363 genere
1305 4306 1470 4353 natus
1495 4307 1615 4353 erat
1638 4339 1653 4363 ,
1680 4300 1774 4354 sed
1805 4300 2152 4353 nobilitatem

563 4377 736 4430 snlam
768 4379 1006 4435 ducebat
1053 4384 1346 4453 pietatem,
1402 4396 1459 4443 et
1499 4390 1655 4443 velut
1712 4390 1986 4459 palaestra:
2038 4405 2154 4445 ma-

562 4467 733 4537 gister
782 4472 1045 4540 quidam,
1077 4491 1340 4546 magnum
1387 4478 1726 4544 Diodorum,
1762 4490 1819 4534 ut
1854 4480 2155 4551 quinquer-

566 4564 769 4617 tioncm
811 4565 1072 4621 athletam
1123 4571 1491 4640 perungebat.
1546 4570 1645 4625 Illo
1703 4572 1850 4627 enim
1905 4581 2155 4645 tempore

565 4653 618 4705 in
653 4656 1051 4714 ecclesiasticis
1102 4662 1473 4717 conventibus
1521 4678 1631 4716 non
1686 4667 2151 4735 concionabatur,

563 4747 657 4801 sed
690 4751 1159 4809 concionantibus
1184 4770 1439 4824 magnam
1475 4769 1921 4827 argumentorum
1947 4771 1999 4816 et
2022 4779 2148 4817 sen-

565 4840 861 4895 tentiarum
905 4843 1209 4913 Scripturae
1242 4846 1453 4916 copiam
1507 4850 1991 4909 sulmiinistrabat.
2040 4854 2137 4907 Ita-

562 4945 669 4998 que
711 4931 1009 4987 tendebant
1044 4934 1120 4987 illi
1165 4934 1388 5004 quidem
1439 4953 1606 4993 arcns
1652 4939 1707 4992 in
1765 4940 2145 5011 blaSphemias

563 5022 677 5075 Arii
713 5040 726 5076 :
764 5022 854 5076 hic
889 5040 1016 5079 vero
1053 5038 1314 5096 tanquam
1344 5044 1408 5082 ex
1435 5018 1964 5100 pharetraquadam
2000 5046 2150 5084 men-

564 5112 635 5168 tis
662 5114 890 5183 sagittas
941 5118 1287 5188 suggerebat.
1327 5118 1476 5173 Domi
1508 5137 1641 5176 sane
1687 5119 1933 5190 forisque
1967 5119 2147 5173 disse-

565 5221 692 5262 rens
720 5206 1103 5265 haercticorum
1135 5226 1324 5267 casses
1373 5211 1532 5268 facile
1566 5213 1886 5282 rumpebat,
1928 5226 2151 5265 aranea-

2256 3550 2467 3622 νομέων
2492 3550 2600 3605 τῶν
2628 3551 2719 3604 τὸν
2750 3551 3029 3619 Δεσπότην
3046 3550 3067 3581 “
3091 3549 3483 3619 θεολογούντων
3509 3554 3537 3605 ό
3563 3551 3853 3621 πολέμιος.

2257 3645 2424 3699 Πάλιν
2462 3644 2525 3716 δὴ
2567 3641 2660 3698 οὖν
2698 3644 2807 3697 τῶν
2847 3643 3168 3715 Θαυμασίων
3212 3644 3438 3699 ἐκείνων
3489 3645 3764 3716 ποιμένων
3821 3650 3855 3718 ἠ

2257 3738 2506 3809 ξυνωρὶς,
2537 3740 2615 3800 είς
2641 3737 2703 3791 τὸ
2724 3735 3018 3807 πολεμικὸν
3042 3736 3340 3808 γυμνάσιον
3359 3735 3428 3790 τὰ
3458 3735 3573 3790 θεῖα
3599 3736 3850 3807 πρόϐατα

2257 3833 2675 3904 συναγείρουσα,
2708 3830 2804 3903 τὴν
2830 3830 3206 3902 πνευματικὴν
3233 3829 3520 3884 ὑπεδείκνυ
3553 3832 3714 3885 πόαν.
3741 3832 3855 3885 Καὶ

2255 3925 2518 3995 Διόδωρος
2560 3925 2715 3995 μὲνό
2748 3921 3057 3993 σοφώτατός
3088 3941 3147 3977 τε
3191 3923 3288 3977 καὶ
3319 3923 3720 3992 ἀνδρειότατος,
3759 3918 3857 3976 οἷά

2255 4035 2339 4082 τις
2372 4016 2615 4087 ποταμὸς
2645 4016 2842 4087 διειδής
2866 4033 2927 4069 τε
2957 4017 3052 4070 καὶ
3083 4019 3276 4086 μέγας,
3305 4006 3427 4080 ’τοῖς
3461 4017 3557 4088 μὲν
3586 4016 3817 4081 οἰκείοις
3836 4018 3855 4047 ⁷

2255 4109 2353 4178 τὴν
2380 4107 2642 4175 ἀρδείαν⁸
2674 4106 3000 4178 προσέφερε,
3035 4106 3133 4171 τάς
3170 4107 3227 4159 δὲ
3257 4107 3364 4160 τῶν
3392 4107 3651 4162 ἐναντίων
3688 4106 3854 4177 βλασο

2258 4201 2468 4270 φημίας
2498 4199 2764 4264 ἐπέκλυζε
2799 4217 2812 4230 ·
2858 4198 2950 4252 καὶ
2979 4198 3077 4268 τὴν
3117 4200 3218 4269 μὲν
3251 4200 3345 4253 τοῦ
3374 4201 3563 4269 γένους
3595 4201 3697 4255 οὐκ
3730 4199 3857 4254 ἐλο-

2256 4292 2439 4359 γίζετο
2463 4291 2842 4362 περιφάνειαν,
2875 4292 2973 4363 τὴν
3009 4290 3066 4344 δὲ
3096 4292 3234 4363 ὑπὲρ
3269 4291 3368 4360 τῆς
3394 4292 3630 4357 πίστεως
3662 4292 3857 4346 ταλαι-

2258 4382 2473 4453 πωρίαν
2502 4382 2787 4445 ἀσπασίως
2820 4382 3100 4453 ὑπέμεινε.
3136 4383 3434 4443 Φλαϐιανδς
3458 4383 3516 4437 δὲ
3544 4384 3571 4436 ὁ
3602 4384 3861 4456 ἄριστος,

2258 4472 2315 4540 ἐξ
2349 4472 2691 4544 εὐπατριδῶν
2725 4474 2856 4543 μὲν⁹
2900 4475 2995 4526 καὶ
3031 4474 3192 4538 αὐτὸς
3234 4474 3521 4543 ἐπεφύκει,
3564 4475 3857 4543 εὐγένειαν

2256 4565 2314 4618 δὲ
2351 4565 2449 4635 τὴν
2496 4564 2783 4618 εὐσέϐειαν
2832 4564 3185 4635 ὑπελάμϐανε
3237 4565 3425 4638 μόνην,
3476 4567 3571 4620 καὶ
3615 4562 3728 4621 οἷόν
3765 4586 3855 4633 τις

2258 4657 2613 4728 παιδοτρίϐης
2633 4657 2721 4710 τὸν
2753 4656 2924 4728 μέγαν
2950 4659 3213 4728 Διόδωρον
3236 4658 3488 4730 καθάπερ
3513 4658 3637 4713 τινὰ
3689 4660 3851 4713 πέντ-
3944 4670 3953 4679 ’

2258 4749 2419 4804 αθλον
2446 4750 2666 4821 ἤλειφεν
2685 4748 2941 4819 ἀθλητήν.
2965 4750 3100 4801 Κατ’
3130 4736 3472 4819 ἐκεῖνον’γάρ
3508 4748 3601 4801 τὸν
3632 4748 3854 4820 καιρὸν,

2230 4836 2315 4896 λέν
2354 4842 2452 4914 μὲν
2482 4845 2594 4905 τοῖς
2629 4841 3104 4911 ὲκκλησιαστικοῖς
3144 4841 3244 4894 οὐκ
3293 4840 3625 4910 ἐδημηγόρει
3662 4840 3861 4894 συλλό-

2255 4950 2395 5001 γοις,
2422 4935 2535 4996 τοῖς
2559 4931 2615 4984 δὲ
2642 4931 2800 4986 τοῦτο
2827 4931 2996 5003 δρῶσι
3045 4931 3244 5003 πολλὴν
3295 4934 3556 5002 παρεῖχεν
3585 4931 3858 4999 ἀφθονίαν

2256 5024 2656 5096 ἐνθυμημάτων
2681 5041 2739 5077 τε
2764 5025 2856 5076 καὶ
2881 5025 2917 5076 Γ
2924 5024 3170 5095 ραφικῶν
3196 5024 3505 5094 νοημάτων.
3535 5025 3642 5076 Καὶ
3660 5026 3711 5077 oi
3747 5026 3853 5095 μὲν

2255 5115 2457 5169 ἔτεινον
2482 5117 2623 5170 κατά
2655 5119 2752 5189 τῆς
2789 5115 2997 5187 Ἀρείου
3023 5115 3370 5186 βλασφημίας
3395 5115 3465 5169 τὰ
3491 5116 3621 5181 τόξα
3643 5133 3654 5146 ·
3690 5109 3853 5179 οὗτος

2256 5209 2312 5263 δὲ
2342 5209 2593 5279 καθάπερ
2627 5208 2689 5261 ἐκ
2717 5226 2860 5272 τινος
2890 5207 3188 5279 βελοθήκης
3220 5208 3317 5278 τῆς
3347 5208 3583 5271 διανοίας
3616 5209 3685 5263 τὰ
3715 5208 3871 5279 βέλη,

1918 5383 2148 5438 VARIAS
2198 5383 2600 5440 LECTIONES.

639 5498 659 5526 ²
687 5496 982 5557 ἀπετέλουν
1022 5504 1141 5559 Plui
1200 5507 1369 5560 liber.

1474 5507 1494 5537 ⁸
1538 5505 1814 5559 Ἰωϐιανοῢ
1848 5505 2015 5560 Basil.
2047 5505 2140 5559 Gr.
2187 5504 2379 5573 Steph.
2414 5503 2507 5559 Sic
2552 5506 2717 5575 paulo
2760 5512 2903 5575 post.
2983 5505 3003 5535 ⁸
3029 5503 3321 5575 Δήμητρος
3373 5503 3539 5575 iidem
3584 5520 3708 5575 cum
3735 5501 3851 5575 ANS-

569 5568 728 5646 pepli.
767 5567 864 5646 X_I,
902 5575 992 5646 24,
1039 5577 1131 5643 qui
1176 5585 1358 5630 tamen
1405 5577 1568 5631 habet
1627 5576 1800 5646 cits
1860 5580 2002 5646 Δημ.
2045 5576 2203 5646 ἔργα.

2307 5575 2327 5607 '
2353 5578 2444 5627 ἐπὶ
2478 5593 2528 5630 τ.
2553 5572 2773 5640 ’ίτέαιςξ
2816 5576 2939 5630 Ilaec
2981 5572 3182 5629 absunt
3230 5590 3259 5628 ιι
3296 5572 3459 5627 codd.
3512 5574 3677 5628 Basil.
3718 5573 3848 5638 Gr.,

572 5637 893 5717 {top-bitat
926 5637 1069 5717 I’ini,
1096 5647 1334 5717 itemque
1361 5647 1429 5701 ab
1460 5649 1651 5717 Epiph.
1685 5644 1821 5717 VIII,
1863 5637 2326 5713 5."Sed'Niceph.
2379 5645 2422 5699 Ι.’
2469 5662 2518 5701 c.
2554 5637 2897 5717 habet—7:195:
2944 5647 3041 5709 τὰς
3076 5646 3242 5708 ἰτέας.
3321 5644 3342 5673 ⁸
3366 5644 3603 5717 Χριστδν
3636 5637 3851 5717 addunt

572 5706 742 5783 Ilus‘il.
778 5708 869 5783 Gr.
902 5723 954 5766 et
995 5713 1180 5783 Steph.
1247 5706 1528 5770 ’τοίκείαν
1565 5706 1750 5772 ’Βλεῑι
1785 5716 1879 5771 Gr.

576 5778 741 5860 male,
767 5780 867 5834 nisi
902 5784 1027 5852 quis
1064 5778 1194 5839 velit
1229 5802 1352 5839 cum
1384 5785 1599 5841 Valesio
1649 5788 1954 5843 rescribere
2001 5789 2235 5860 ὑδρείαν.
2278 5786 2532 5856 ἀνδρείαν
2582 5788 2784 5842 habent
2842 5788 3081 5843 codices.

574 5843 668 5898 Gr.

1990 5718 2013 5749 ⁸
2044 5717 2157 5772 lloc
2197 5716 2521 5771 vocabulum
2576 5715 2906 5771 Sirmondus
2951 5734 2979 5769 e
3036 5716 3355 5785 conjectura
3404 5715 3692 5769 substituit
3725 5731 3839 5771 non

3186 5786 3205 5816 θ
3234 5786 3332 5856 μὲν
3380 5786 3537 5839 abest
3585 5801 3616 5838 a
3670 5786 3851 5842 Basil.
