4124 6402
336 381 473 449 1185

1253 390 1846 458 ECCLESIASTICIE
1876 397 2261 461 HISTORLE
2283 402 2429 462 LIB.
2471 402 2568 465 IV.

3465 413 3602 481 1186

327 498 636 569 προέφερεν
652 499 720 553 ⁸⁸.
750 497 901 554 Οίκοι
935 499 1120 571 μέντοι
1146 504 1241 557 καὶ
1261 503 1325 572 δη
1334 504 1496 576 μοσίᾳ
1515 506 1896 577 διαλεγόμενος

2027 524 2263 582 rumque
2285 514 2411 569 telis
2431 515 2633 570 similia
2664 516 2883 573 illorum
2908 518 3125 589 objecta
3149 522 3324 579 videri
3344 522 3598 586 faciebat.

325 593 440 650 τῶν
457 594 751 667 αἱρετικῶν
771 594 870 658 τὰς
888 594 1062 666 ἄρκυς
1087 595 1285 667 ῥαδίως
1304 595 1518 664 διέσπα,
1538 600 1631 652 καὶ
1646 601 1913 671 ἀραχνίας
2020 599 2118 657 His
2139 602 2357 660 duobus

326 686 538 743 ἐδείκνυ
582 686 653 741 τὰ
702 686 925 740 ἐκείνων
970 686 1353 758 προϐλήματα.
1403 688 1812 760 Συνηγωνίξετο
1852 693 1909 747 δὲ

323 779 535 844 τούτοις
564 781 659 833 καὶ
702 780 1013 851 Ἀφραάτης
1042 782 1268 844 ἐκεῖνος,
1318 774 1379 835 οὗ
1421 783 1519 853 τὴν
1551 785 1825 839 πολιτείαν
1851 787 1909 839 ἐν

322 876 390 946 τῇ
438 873 701 941 Φιλοθέῳ
733 873 1152 945 συνεγράψαμεν
1202 875 1431 948 ἱστορία.
1491 876 1601 948 Τὴν
1645 879 1754 949 γὰρ
1797 879 1908 933 τῶν

323 968 616 1040 προϐάτων
657 967 932 1038 σωτηρίαν
964 969 1308 1038 προτιμήσας
1350 969 1450 1038 τῆς
1498 971 1759 1042 ἡσυχίας,
1806 972 1906 1044 τὴν

321 1060 628 1132 ἁσκητικὴν
651 1058 965 1113 καταλιπὼν
987 1059 1247 1130 καλύϐην,
1272 1058 1379 1114 τῶν
1400 1064 1735 1132 ποιμενικῶν
1760 1065 1908 1136 ἱδρώ-

319 1169 429 1207 των
472 1152 742 1222 ⁴ῐιινείχεειο.
804 1151 1032 1206 Ὀπόσον
1074 1153 1173 1223 μὲν
1216 1148 1307 1207 οὖν
1336 1149 1489 1217 οὗτος
1531 1157 1730 1228 ἀρετῆς
1782 1174 1908 1211 συν-

321 1244 470 1310 έλεξε
517 1244 783 1308 πλοῦτον,
832 1245 1087 1316 περιττὸν
1133 1245 1379 1316 ἡγοῦμαι
1425 1245 1520 1299 νῦν
1574 1247 1784 1316 λέγειν,
1849 1251 1906 1303 ἐν

2407 625 2419 659 :
2479 611 2845 664 certaminum
2895 613 3085 670 socius
3134 614 3241 670 fuit
3293 618 3603 689 Aphraatcs

2018 692 2109 748 ille
2128 734 2144 760 ,
2170 697 2333 766 cujus
2360 699 2528 752 vitam
2554 700 2605 753 in
2628 702 2905 757 l’itilolheo
2931 704 3161 760 historia
3180 708 3600 781 descripsimus.

2016 785 2207 841 Ovium
2237 805 2472 860 namque
2501 792 2731 846 salutem
2776 797 2946 864 quieti
2986 805 3360 868 anteponens,
3408 818 3602 858 mona-

2013 879 2153 934 stieo
2180 884 2399 952 tugurio
2439 885 2632 938 relicto
2654 923 2672 950 ,
2714 889 3020 955 pastorales
3051 892 3285 947 sudores
3314 895 3601 963 amplexus

2012 984 2115 1030 est.
2135 975 2201 1030 Et
2225 980 2352 1048 quia
2380 996 2854 1050 supervacaneum
2882 995 3090 1054 putem,
3114 997 3352 1056 quantas
3375 989 3599 1041 virtutis

2013 1084 2147 1139 opes
2170 1074 2459 1144 collegerit
2482 1076 2587 1129 hoc
2611 1077 2734 1130 loco
2752 1093 3050 1147 exponere,
3072 1097 3195 1135 cum
3224 1082 3335 1135 alio
3363 1081 3417 1135 in
3432 1096 3599 1151 opere

2013 1167 2455 1236 perscripserim,
2484 1184 2652 1221 unum
2684 1168 2918 1224 referam
2960 1172 3227 1227 duntaxat
3249 1214 3263 1238 ,
3289 1173 3437 1244 quod
3465 1174 3599 1228 huic

2016 1256 2266 1312 historiae
2295 1260 2535 1314 maxime
2564 1262 2842 1331 congruit.

316 1340 482 1411 ἐτέρᾳ
508 1341 861 1413 πραγματείᾳ
891 1340 1062 1395 ταῦτα
1094 1342 1510 1414 συγγεγραφώς.
1543 1344 1638 1396 Ἐν
1668 1344 1724 1396 δὲ
1771 1345 1930 1416 μόνον
1994 1350 2105 1405 τῶν
2152 1354 2361 1408 ἐκείνου
2425 1356 2758 1427 διηγήσομαι
2809 1358 2952 1428 μάλα
3007 1364 3281 1433 προσῆκον
3332 1364 3456 1433 τῇδε
3528 1364 3593 1432 τῇ

321 1438 557 1508 ἱστορίᾳ.

816 1530 965 1604 [189]
999 1534 1245 1587 ΚΕΦΑΛ.
1282 1535 1406 1588 Kl".

430 1625 504 1677 Τὰ
532 1619 684 1676 κατὰ
716 1624 824 1677 τὸν
863 1623 1035 1693 ἅγιον
1073 1626 1413 1695 Ἀφροδίτην
1436 1628 1791 1697 μονάζοντα.

388 1714 625 1786 Βόραθεν
655 1715 755 1785 μὲν
786 1716 1042 1788 Ὀρόντης
1073 1717 1101 1768 ὁ
1133 1720 1375 1790 ποταμὸς
1406 1722 1684 1793 παραρρεῖ
1711 1720 1779 1774 τὰ
1807 1720 1904 1791 βα-

315 1808 490 1862 σίλεια
511 1826 524 1840 ο
555 1811 620 1863 ἐκ
650 1808 708 1862 δὲ
744 1810 1091 1882 μεσημϐρίας
1124 1811 1252 1865 στοὰ
1288 1812 1521 1883 μεγίστη
1544 1813 1807 1884 διὼροφος
1826 1813 1904 1884 τῷ

310 1900 414 1970 τῆς
447 1899 655 1963 πόλεως
684 1900 1102 1971 ἐπῳκοδόμηται
1142 1902 1433 1973 περιϐόλῳ,
1476 1902 1721 1973 πύργους
1769 1904 1905 1974 ὑψη-

309 1989 438 2054 λοὺς
457 1990 799 2064 ἑκατέρωθεν
825 1991 1044 2063 ἔχουσα.
1072 1995 1291 2059 Μεταξὺ
1314 1995 1369 2047 δὲ
1395 1996 1504 2049 τῶν
1527 2015 1584 2050 τε
1617 1998 1904 2068 βασιλείων

309 2084 409 2137 καὶ
444 2082 537 2136 τοῦ
574 2081 821 2156 ποταμοῦ
846 2085 1121 2157 λεωφόρος
1156 2088 1327 2152 ἐστὶν,
1364 2088 1734 2160 ὑποδεχομένη
1778 2091 1903 2154 τοὺς

305 2178 459 2232 διὸ.¹¹
489 2178 600 2232 τῶν
648 2180 775 2250 τῇδε
810 2180 995 2233 πυλῶν
1024 2182 1090 2233 ἐκ
1137 2180 1231 2234 τοῦ
1281 2181 1474 2246 ἄστεος
1507 2184 1773 2252 ἐξιόντας,
1808 2186 1902 2239 καὶ

306 2270 392 2334 είς
446 2269 576 2333 τοὺς
616 2270 976 2338 προαστείους
1023 2272 1229 2343 ἀγροὺς
1277 2274 1745 2344 παραπέμπουσα.
1800 2277 1901 2331 Διὰ

304 2360 513 2432 ταύτης
548 2362 863 2434 Ἀφραάτης
898 2363 1114 2434 παριὼν
1146 2366 1174 2418 ό
1203 2365 1507 2432 Θεσπέσιος,
1543 2370 1620 2432 είς
1647 2368 1708 2422 τὸ
1742 2368 1898 2423 πολε-

312 2454 475 2523 μικὸν
521 2454 686 2527 ἀπῄει
738 2456 1065 2524 γυμνάσιον,
1116 2455 1226 2511 τῶν
1275 2455 1439 2533 θείων
1475 2460 1763 2530 προϐάτων
1798 2461 1897 2532 τὴν

308 2546 699 2617 προσήκουσαν
724 2548 1084 2618 ποιησόμενος
1109 2547 1426 2619 θεραπείαν.
1458 2552 1659 2606 Τοῦτον
1689 2553 1896 2607 ἄνωθεν

303 2642 372 2693 ἐκ
401 2640 500 2709 τῆς
530 2638 803 2708 βασιλείου
836 2641 996 2703 στοᾶς
1041 2640 1355 2694 διακόπτων
1393 2642 1422 2694 ό
1462 2642 1718 2713 βασιλεὺς
1761 2641 1891 2711 εἶδε,

305 2731 538 2803 σισύραν
572 2749 631 2786 τε
678 2731 1139 2801 ἀναϐεϐλημένον,
1194 2735 1286 2786 καὶ
1318 2736 1375 2787 ἐν
1402 2735 1550 2807 γήρᾳ
1582 2736 1736 2805 βαθεῖ
1765 2755 1895 2790 συν-

299 2826 473 2887 τόνως
494 2826 536 2856 ¹¹
573 2824 875 2895 βαδίζοντα.
906 2826 1017 2879 Καί
1041 2843 1185 2890 τινος
1212 2827 1494 2899 εἰρηκότος
1531 2828 1606 2890 ὡς
1649 2831 1892 2900 ’Λιρραά-

298 2934 403 2988 της
433 2909 608 2981 οὗτος,
651 2910 712 2970 οὗ
743 2918 801 2971 τὸ
829 2918 930 2988 τῆς
960 2918 1167 2981 πόλεως
1196 2918 1491 2990 ἐξήρτηται
1526 2921 1746 2991 πλῆθος,
1788 2921 1891 2992 ἔφη

300 3010 443 3083 πρὸς
478 3011 641 3063 αὐτόν
665 3027 676 3038 ·
718 3028 735 3061 ι
761 3012 863 3063 Ποῖ
891 3011 954 3063 σὺ
984 3010 1255 3090 βαδίζειςς
1285 3011 1427 3067 είπέ.
1459 3030 1478 3063 ι
1529 3012 1588 3065 ’0
1624 3013 1681 3066 δὲ
1712 3015 1893 3082 σοφῶς

300 3105 420 3175 ἅμα
450 3104 541 3157 καὶ
570 3103 895 3173 προσφόρως
922 3118 934 3131 ·
976 3122 994 3154 ι
1033 3102 1205 3174 ’Υπὲρ
1229 3104 1329 3173 τῆς
1355 3105 1473 3173 σῆς,
1500 3104 1628 3175 ἔφη,
1660 3122 1893 3176 προσευ-

1875 1862 1981 1915 ΓΒ

2110 1539 2327 1611 ιοοί,
2360 1539 2513 1594 CAP.
2551 1539 2742 1596 xxut.
2784 1540 2868 1614 [Β.
2907 1542 2991 1598 St.
3026 1543 3088 1600 γ.
3125 1546 3216 1600 26.
3255 1546 3357 1603 Ch.
3390 1549 3527 1622 24.],

2341 1631 2417 1686 De
2444 1643 2628 1688 sancto
2663 1637 2938 1705 Aphraate
2974 1640 3255 1693 monac/to.

2084 1717 2306 1791 Regiam
2365 1723 2586 1793 quidam
2650 1727 2720 1781 ab
2780 1728 3043 1799 aquilone
3101 1728 3339 1788 Orontes
3394 1733 3595 1794 ﬂuvius

2012 1811 2374 1880 prater-ﬂuit:
2426 1829 2456 1867 a
2508 1817 2739 1871 meridie
2780 1827 2965 1872 autem
3017 1821 3253 1875 duarum
3292 1827 3592 1896 contigna-

2008 1903 2216 1958 tionum
2255 1907 2497 1973 porticus
2541 1909 2881 1978 amplissima
2916 1927 3077 1966 muro
3134 1915 3293 1969 urbis
3348 1916 3589 1974 intedill-

2005 2005 2129 2049 cata
2157 2003 2272 2062 est,
2320 1997 2573 2053 excelsas
2622 2002 2885 2073 utrinque
2934 2011 3123 2061 turres
3177 2006 3408 2064 habens.
3445 2008 3593 2067 luter

2006 2088 2211 2158 regiam
2250 2096 2306 2143 et
2339 2089 2563 2144 ﬂuvium
2598 2094 2685 2147 via
2720 2105 2804 2148 est
2847 2096 3064 2165 publica
3088 2138 3102 2163 ,
3138 2114 3263 2168 qua:
3296 2114 3452 2171 porta
3495 2103 3592 2158 illa

2010 2179 2201 2233 urbem
2235 2190 2500 2235 exeuntes
2529 2183 2766 2252 excipit,
2800 2185 3065 2255 ducitque
3106 2189 3161 2241 in
3197 2203 3361 2259 agros
3394 2192 3593 2246 subur-

2002 2270 2199 2327 banos.
2233 2270 2338 2326 Per
2373 2273 2517 2327 hanc
2554 2275 2833 2332 transiens
2866 2278 3088 2335 divinus
3135 2280 3443 2350 Aphraates
3475 2285 3590 2340 ibat

2003 2365 2072 2417 ad
2113 2364 2295 2418 locum
2324 2404 2339 2431 ,
2384 2366 2476 2419 ubi
2513 2367 2720 2423 milites
2751 2371 2996 2424 exerceri
3029 2373 3319 2437 solebant,
3348 2382 3409 2429 ut
3455 2390 3591 2430 con-

2000 2457 2308 2511 venientem
2346 2472 2539 2512 curam
2592 2461 2806 2515 sanctis
2837 2463 3038 2517 ovibus
3072 2465 3379 2520 exhiberet.
3413 2464 3587 2532 Quem

1998 2546 2068 2601 ab
2114 2550 2225 2604 alto
2274 2565 2342 2604 ex
2398 2551 2550 2619 regia
2588 2552 2809 2621 porticu
2860 2565 3218 2623 prospectans
3266 2557 3588 2626 imperator,

1998 2656 2122 2695 cum
2158 2642 2391 2698 vidisset
2422 2644 2517 2696 vili
2546 2644 2716 2712 pallio
2744 2646 3048 2712 amictum,
3082 2654 3136 2701 et
3167 2650 3385 2703 concito
3415 2651 3589 2719 gradu

1998 2750 2215 2790 summa
2280 2734 2335 2788 in
2398 2743 2690 2789 senectute
2770 2736 3162 2802 incedentem,
3235 2750 3292 2792 et
3365 2741 3633 2811 quidam.

1996 2826 2331 2895 Aphraateni
2367 2840 2490 2880 esse
2517 2826 2784 2891 dixisset,
2836 2827 2905 2882 de
2935 2844 3044 2896 quo
3076 2829 3350 2897 pendebat
3373 2836 3386 2853 ‘
3421 2833 3590 2887 totius

1996 2920 2152 2975 urbis
2189 2919 2489 2972 multitudo
2515 2959 2527 2980 ,
2561 2934 2685 2973 mox
2714 2920 2780 2973 ad
2815 2922 2967 2974 illum
3000 2923 3305 2991 imperator
3337 2941 3349 2977 :
3399 2942 3418 2975 ι
3454 2923 3587 2990 Dic,

1996 3012 2213 3081 inquit,
2266 3026 2377 3081 quo
2424 3011 2621 3064 vadis?
2658 3032 2675 3063 ο
2718 3012 2810 3066 Ille
2848 3020 3032 3066 autem
3078 3014 3362 3083 sapienter
3398 3023 3455 3071 et
3491 3032 3591 3088 ap-

1994 3104 2172 3174 posite
2211 3121 2223 3157 :
2258 3121 2276 3154 ι
2322 3101 2427 3155 Pro
2459 3112 2589 3165 tuo,
2635 3104 2755 3169 ait,
2808 3103 3040 3174 imperio
3076 3115 3424 3177 precaturus.
3463 3127 3482 3160 ι
3517 3139 3590 3149 —

299 3197 529 3267 ξόμενος
561 3195 857 3266 βασιλείας.
886 3214 904 3246 ι
944 3224 1017 3234 ——
1057 3214 1076 3247 ι
1112 3195 1251 3249 Ἀλλ’
1275 3197 1415 3250 οἴκοι
1448 3214 1507 3250 σε
1551 3198 1732 3268 μένειν
1763 3198 1890 3270 χρὴ,

2003 3214 2021 3247 ι
2056 3195 2223 3265 Atqui
2254 3195 2401 3248 domi
2426 3206 2477 3251 te
2506 3211 2760 3258 manere,
2790 3196 2929 3250 dixit
2955 3196 3276 3266 imperator,
3314 3200 3499 3270 ibique
3522 3218 3590 3256 ex

297 3291 331 3343 ὁ
376 3288 632 3361 βασιλεὺς
678 3287 806 3359 ἔφη,
856 3289 951 3341 καὶ
994 3286 1142 3342 ἔνδον
1199 3288 1341 3342 κατὰ
1388 3289 1482 3341 τὸν
1544 3289 1893 3359 μοναδικὸν¹⁸

305 3381 707 3456 προσεύχεσθαι
765 3380 951 3452 νόμον.
990 3399 1009 3433 ι
1072 3380 1131 3433 '0
1180 3379 1237 3433 δὲ
1276 3381 1419 3443 θεῖος
1471 3382 1678 3445 ἐκεῖνος
1730 3384 1891 3455 ἀνὴρ,

306 3493 328 3527 ι
363 3469 433 3529 Εὖ
469 3474 637 3546 μάλα,
673 3472 800 3545 ἔφη,
856 3471 1055 3542 λέγεις,
1107 3465 1152 3525 ὣ
1186 3470 1431 3542 βασιλεῦ,
1466 3467 1628 3526 τοῦτό
1662 3491 1729 3545 με
1762 3474 1895 3545 δρᾷν

300 3568 431 3629 ἔδει,
460 3568 555 3621 καὶ
594 3565 753 3621 τοῦτο
785 3566 930 3638 δρῶν
972 3565 1137 3636 μέχρι
1181 3564 1276 3618 καὶ
1317 3562 1412 3617 νῦν
1455 3564 1754 3630 διετέλεσα,
1790 3566 1894 3630 ἕως

298 3662 526 3734 εἰρήνης
570 3660 817 3730 ἁπήλαυε
842 3658 935 3712 τοῦ
970 3658 1224 3729 Σωτῆρος
1252 3656 1321 3711 τὰ
1354 3655 1624 3727 πρόϐατα.
1674 3657 1893 3726 Ἐπειδὴ

298 3752 360 3807 δὲ
411 3751 581 3806 πολὺν
616 3750 1007 3822 ύπομεμένηκε
1039 3747 1290 3821 θόρυϐον,
1331 3750 1426 3801 καὶ
1458 3746 1625 3804 πολὺς
1670 3746 1895 3817 ἐπικρέ-

305 3861 476 3916 μαται
502 3843 768 3909 κίνδυνος,
796 3842 871 3912 μὴ
902 3840 1215 3913 θηριάλωτα
1242 3839 1491 3911 γένηται,
1517 3840 1695 3893 πάντα
1724 3840 1894 3891 κινεῖν

297 3939 468 4010 πόρον
501 3936 735 4004 ἀνάγκη.
765 3934 860 3988 καὶ
881 3932 1168 3997 διασώζειν
1188 3932 1258 3987 τὰ
1283 3932 1596 4003 θρέμματα.
1631 3930 1765 3984 Εἰπὲ
1787 3930 1895 4001 γάρ
1924 3930 1939 3938 ’

301 4047 421 4102 μοι,
449 4028 577 4100 ἔφη,
607 4024 652 4082 ὦ
683 4027 926 4099 βασιλεῦ,
966 4028 1016 4079 εί
1050 4027 1187 4098 κόρη
1235 4043 1322 4089 τις
1363 4025 1720 4096 ὲτύγχανονίδ
1748 4022 1895 4076 ἔνδον

299 4122 364 4174 ἐν
396 4120 626 4192 θαλάμῳ
658 4120 969 4191 καθημένη,
1012 4118 1109 4172 καὶ
1150 4117 1253 4187 τῆς
1280 4116 1459 4179 οἰκίας
1497 4114 1893 4186 ἐπιμελομένη,

301 4207 406 4264 εἴτ’
451 4211 825 4283 ἐθεασάμην¹⁸
856 4209 1204 4278 ἐμπεσοῦσαν
1254 4208 1449 4278 φλόγα,
1502 4208 1597 4263 καὶ
1647 4206 1747 4279 τὴν
1788 4223 1897 4260 πα-

297 4302 491 4377 τρῴαν
518 4303 694 4357 οἰκίαν
724 4302 1176 4376 ἐμπιπραμένην,
1228 4302 1280 4355 τί
1299 4301 1341 4333 ¹⁶
1369 4300 1568 4372 δρᾶσαι
1598 4301 1896 4371 προσῆκεν,

298 4396 428 4451 είπέ
457 4414 581 4469 μοις
623 4396 771 4451 ἔνδον
810 4394 1103 4465 καθῆσθαι,
1143 4395 1238 4448 καὶ
1272 4393 1370 4465 τὴν
1405 4393 1581 4446 οἰκίαν
1614 4393 1898 4462 ἐμπιπρα-

302 4491 475 4563 μένην
508 4491 792 4563 περιορᾷν,
834 4490 929 4542 καὶ
955 4489 1056 4559 τῆς
1084 4487 1282 4556 φλογὸς
1312 4487 1642 4558 προσμένειν
1672 4484 1770 4555 τὴν
1800 4486 1901 4554 ἐμ-

300 4583 467 4654 ϐολήν
483 4584 562 4650 ";
613 4582 646 4652 ἢ
676 4580 754 4653 τῷ
785 4580 1015 4650 θαλάμῳ
1054 4580 1266 4650 χαίρειν
1305 4578 1565 4633 εἰποῦσαν
1596 4578 1830 4631 διαθέειν
1855 4578 1898 4610 ⁸³

296 4675 417 4730 ἄνω
467 4676 562 4730 καὶ
594 4676 764 4741 κάτω,
814 4672 910 4726 καὶ
944 4672 1280 4742 ὑδροφορεῖν,
1330 4671 1426 4724 καὶ
1472 4669 1756 4723 σϐεννύναι
1798 4670 1896 4740 τὴν

296 4768 515 4838 φλόγας
563 4768 732 4839 Δῆλον
764 4768 845 4821 ὅτι
870 4769 912 4801 ¹⁹
959 4764 1119 4819 τοῦτο
1160 4768 1305 4836 ἐρεῖς
1330 4781 1347 4796 ·
1388 4762 1547 4817 τοῦτο
1575 4762 1685 4834 γὰρ
1727 4762 1894 4835 κόρης

291 4861 530 4931 ἀγχίνου
550 4877 611 4914 τε
635 4861 729 4914 καὶ¹
754 4859 1080 4931 φρενήρους.
1111 4855 1282 4909 Τοῦτο
1301 4854 1413 4927 δρῶ
1437 4854 1552 4918 νῦν,
1579 4849 1623 4907 ὦ
1649 4852 1894 4924 βασιλεῦ.

294 4952 409 5007 Σοῦ
441 4952 553 5023 γὰρ
599 4952 679 5016 είς
713 4951 813 5023 τὴν
841 4949 1103 5021 πατρῴαν
1148 4951 1181 5018 ἠ
1193 4948 1308 5019 μῶν
1343 4947 1523 5002 οἰκίαν
1567 4944 1895 5018 ἐμϐαλόντος

293 5046 403 5117 τὴν
435 5045 631 5115 φλόγα,
682 5044 1008 5115 περιθέομεν
1051 5041 1388 5096 κατασϐέσαι
1432 5039 1637 5109 ταύτην
1693 5038 1897 5110 πειρώ-

1998 3287 2235 3344 solitarii
2285 3288 2401 3356 lege
2444 3302 2605 3343 orare
2641 3304 2740 3357 par
2783 3296 2918 3342 erat.
2977 3307 2997 3339 ι
3047 3287 3276 3346 Divinus
3330 3308 3462 3346 vero
3499 3293 3592 3347 ille

1997 3381 2084 3434 vir
2119 3397 2131 3432 :
2172 3397 2190 3430 ι
2222 3377 2394 3433 Recte
2425 3381 2509 3432 ais
2530 3420 2544 3445 ,
2573 3379 2775 3448 inquit,
2800 3379 3123 3448 imperator.
3159 3379 3273 3436 Hoc
3302 3397 3389 3437 me
3410 3381 3593 3438 facere

1997 3469 2398 3531 conveniebat,
2432 3468 2599 3539 idque
2639 3470 2908 3524 hactenus
2940 3468 3087 3533 feci,
3128 3472 3253 3526 dum
3294 3488 3429 3528 oves
3464 3474 3593 3528 Ser—

1996 3563 2206 3618 vatoris
2238 3578 2372 3633 pace
2407 3561 2747 3618 fruerentur.
2769 3561 2926 3617 Nunc
2946 3565 3211 3634 quoniam
3236 3566 3592 3622 vehementer

1996 3656 2343 3710 conturbata;
2374 3663 2545 3720 sunt,
2587 3666 2642 3708 et
2670 3641 2726 3708 in
2763 3655 3072 3710 discrimen
3119 3658 3406 3723 adductte,
3452 3674 3521 3714 ne
3559 3676 3590 3713 a

1998 3749 2135 3806 feris
2168 3751 2529 3821 diripiantur,
2578 3751 2765 3802 omnia
2821 3748 3087 3804 tentanda
3138 3758 3309 3814 sunt,
3357 3757 3413 3804 et
3456 3766 3589 3806 oves

1996 3843 2409 3899 conservandae.
2443 3842 2541 3896 Dic
2593 3841 2777 3903 enim,
2824 3856 3011 3911 quaeso
3047 3851 3134 3907 te,
3175 3843 3494 3911 imperator,
3542 3843 3591 3896 si

1997 3940 2183 4008 puella
2207 3953 2385 3994 essem
2421 3938 2572 3991 intus
2605 3937 2659 3990 in
2692 3937 2945 3991 conclavi
2980 3937 3237 3991 residens
3260 3978 3274 4002 ,
3310 3945 3363 3991 et
3388 3936 3588 3990 domus

1998 4045 2189 4086 curam
2221 4046 2419 4102 gerens
2439 4071 2453 4094 ,
2484 4038 2539 4083 et
2565 4040 2825 4096 paternas
2849 4029 2997 4083 miles
3029 4028 3272 4083 viderem
3302 4029 3590 4098 repentina

2006 4123 2218 4194 1005
2257 4123 2475 4176 ﬂamma
2513 4120 2858 4192 conﬂagrare
2886 4160 2900 4185 ,
2946 4121 3078 4190 quid
3129 4136 3216 4176 me
3249 4122 3468 4176 tandem
3509 4119 3592 4174 fa-

2000 4232 2125 4272 cere
2181 4214 2542 4269 conveniret?
2607 4212 2828 4267 iutusne
2905 4212 3193 4275 desidere,
3281 4213 3591 4283 domusque

2002 4304 2321 4360 incendium
2348 4303 2631 4373 negligere
2654 4343 2669 4367 ,
2699 4310 2754 4355 et
2777 4302 2984 4371 operiri
3019 4302 3149 4357 dum
3177 4301 3398 4356 ﬂamma
3434 4302 3590 4357 inva-

2003 4401 2282 4459 lesceret?
2335 4415 2404 4454 an
2440 4400 2640 4454 relicto
2689 4397 2935 4453 conclavi
2972 4414 3193 4454 sursum
3236 4412 3301 4452 ac
3327 4398 3590 4453 deorsum

2002 4496 2351 4556 discurrere,
2383 4499 2435 4546 et
2464 4506 2663 4555 aquam
2696 4489 2895 4546 afferre
2916 4530 2931 4554 ,
2964 4490 3353 4560 ﬂammamque
3388 4491 3594 4545 restin-

2004 4588 2214 4661 guere?
2248 4586 2364 4640 Hoc
2396 4593 2449 4639 te
2476 4583 2723 4654 profecto
2752 4598 3154 4653 responsurum
3213 4584 3388 4653 liquet
3429 4601 3442 4636 :
3482 4583 3590 4638 hoc

2005 4682 2150 4736 enim
2184 4683 2476 4751 prudentis
2509 4689 2563 4736 et
2614 4680 2859 4735 cordata:
2912 4680 3108 4750 puellae
3153 4678 3321 4734 foret.
3358 4670 3475 4732 Hoc
3507 4687 3594 4733 est

2006 4772 2153 4842 quod
2190 4788 2337 4826 nunc
2369 4786 2501 4841 ago,
2538 4772 2862 4841 imperator.
2902 4770 3039 4825 Nam
3070 4787 3196 4826 cum
3231 4770 3506 4825 ﬂammam
3538 4772 3591 4825 in

2005 4869 2292 4931 paternam
2320 4862 2545 4915 domum
2570 4871 2821 4918 nostram
2851 4862 3109 4930 injeeeris
3131 4902 3146 4927 ,
3184 4862 3594 4918 circumcursa-

2004 4967 2161 5016 mus,
2211 4967 2445 5021 eamque
2487 4955 2842 5024 exstinguere
2901 4953 3151 5007 nitimur.
3213 4972 3232 5005 ι
3288 4954 3421 5008 Cum
3478 4954 3594 5009 haec

2004 5042 2273 5110 dixisset,
2320 5044 2620 5114 imperator
2654 5046 2921 5100 minitans
2971 5043 3226 5098 obticuit.
3295 5042 3448 5098 Unus
3496 5058 3592 5097 au-

297 5157 482 5211 μενοι.
521 5158 538 5191 ι
575 5139 761 5193 Ταῦτα
794 5139 822 5191 ὁ
859 5138 957 5210 μὲν
989 5133 1162 5191 εἶπεν.
1210 5136 1270 5190 Ὃ
1297 5134 1354 5189 δέ
1382 5135 1685 5208 ἀπειλήσας
1706 5135 1751 5167 ¹⁰
1783 5134 1899 5189 ἐσί-

2007 5145 2115 5193 tem
2162 5137 2230 5192 de
2269 5136 2631 5192 cubiculariis
2668 5138 2810 5207 ejus,
2843 5135 2991 5207 quod
3038 5136 3157 5191 viro
3187 5144 3380 5191 sancto
3415 5136 3594 5206 impu-

1590 5295 1828 5351 VARl/E
1870 5296 2278 5353 LECTIONES.

401 5418 446 5449 ¹⁰
478 5416 1033 5496 προσέφερενῆἰόριη-
1066 5412 1718 5496 cum_Pini'Savil_i‘ique
1771 5411 1950 5496 codd.-
1998 5415 2267 5496 probante
2324 5412 2566 5496 Valesio.
2614 5413 2927 5496 Confirmat.
2967 5410 3593 5496 Niceph.‘l.ne.'§pi_ph.

299 5482 584 5560 offerebat.
666 5482 705 5519 ίί
728 5482 956 5560 ἓΧᾉΒὶὶΒ.
994 5486 1091 5560 Gr.
1133 5488 1228 5560 __"_
1248 5484 1531 5560 συντόμως
1562 5482 1825 5560 Steph.
1861 5553 1871 5560 _
1906 5482 1952 5515 ¹³
1985 5482 2282 5560 μοναχ-ικδν
2334 5486 2756 5560 malebat_cn_r_n
2790 5483 2950 5560 codd.
2983 5482 3121 5560 .Pini
3165 5491 3218 5539 et
3250 5482 3454 5560 _Sav‘ilii
3488 5484 3595 5560 [a-

303 5552 522 5637 lésius.
559 5567 735 5637 recte.
790 5558 1080 5637 Consentit
1133 5552 1542 5637 Epipli.nVllll,‘
1570 5554 1623 5607 4.
1783 5552 2079 5637 ἐτύγχανεν
2127 5552 2447 5637 Christpph.
2485 5563 2540 5611 et
2587 5554 2849 5637 Sfaliger.
2903 5552 3319 5637 ego-yxavovhi‘oy
3346 5553 3468 5637 llas:
3497 5555 3593 5610 Gr.

302 5636 357 5671 ’³
388 5628 817 5699 ἐπιμελουμένη,
842 5622 981 5699 εἶτα,
1004 5622 1316 5699 θεασαμένη
1346 5624 1477 5699 fias.
1503 5623 1633 5699 Gr.”
1667 5625 1723 5699 A"
1758 5622 2053 5699 paesti-rm
2087 5625 2240 5699 addit
2271 5622 2415 5699 idejn
2456 5641 2579 5699 eum
2619 5622 2813 5699 Steph.
2835 5694 2849 5699 Α
2910 5626 2953 5699 "’_
2996 5622 3073 5679 Ita
3103 5624 3502 5699 etChri3l0p_h.
3539 5638 3597 5699 et

304 5642 357 5671 ³³
388 5642 817 5699 επιμελουμενη,
842 5642 962 5681 ειτα
1004 5642 1316 5698 υεασαμενη
1350 5642 1477 5680 nas.
1503 5642 1600 5680 ur.
1681 5642 1723 5656 ’ν
1755 5642 1824 5746 διε
1848 5642 2053 5692 ταυτην
2087 5642 2240 5678 audit
2272 5642 2415 5679 idem
2456 5642 2579 5681 cum
2619 5642 2813 5692 atepn.
2910 5642 2947 5656 υ
2996 5642 3068 5679 tta
3103 5642 3158 5681 et
3181 5642 3502 5694 ωιτιειορη.
3542 5642 3592 5678 et

304 5701 523 5769 Scalig.
550 5696 656 5754 Sed
693 5698 857 5753 Basil.
876 5708 939 5769 et
965 5698 1152 5767 Steph.
1180 5695 1516 5769 τηέκϐολήν.
1594 5695 1636 5726 ¹⁸
1663 5695 1752 5747 δια
1790 5697 1868 5747 εῖν
1898 5694 2316 5769 ChristophLet
2348 5693 2639 5769 Spaliger._
2662 5768 2669 5769 γ
2694 5695 2736 5769 ξ’
2764 5694 3009 5769 δηλονότι
3042 5696 3260 5769 mallem
3281 5695 3592 5769 cum_Basi_l.

299 5769 410 5825 Gr.
472 5763 534 5803 3°
572 5769 708 5835 Hoc,
740 5768 918 5823 ἀπειλ.
952 5763 1215 5838 expungit
1252 5765 1502 5838 Valesius
1544 5774 1768 5838 propter
1810 5780 1874 5838 ea
1926 5763 2158 5838 quodin
2195 5763 2720 5838 Philotheo'p._816
2762 5763 2939 5838 Sirm.
2962 5765 3316 5838 noster_nihil
3340 5764 3504 5820 habet
3530 5763 3597 5818 de

303 5841 440 5898 istis
460 5841 659 5905 mini5°
696 5854 932 5909 cumque
961 5835 1078 5894 Pini
1120 5835 1291 5893 codex
1336 5835 1583 5892 haheat’:
1607 5837 1635 5889 ὁ
1662 5836 1716 5891 δὲ
1753 5836 1984 5906 σιγήσας
2014 5836 2312 5908 ἠπείλησεν
2346 5835 2701 5893 scribendum
2742 5836 2970 5907 conjicit
3001 5835 3264 5908 ἀπῆλθεν.
