4124 6416
539 390 671 456 1187

1523 388 2012 452 THEODORETI
2053 385 2393 452 EPISCOPI
2437 390 2805 454 CYRENSIS

3655 389 3796 454 1183

535 507 754 562 dentius
787 501 1112 558 insultasset
1137 541 1151 566 ,
1185 499 1292 554 hoc
1331 499 1495 554 modo
1525 514 1717 569 ρωπος
1752 499 1875 553 luit.
1913 500 1962 554 Is
1994 499 2113 553 bal-

2227 522 2402 575 γησεν.
2471 501 2564 569 Εἷς
2611 506 2667 559 δὲ
2724 503 2834 558 τῶν
2881 504 3010 574 περὶ
3055 501 3149 556 τὸν
3211 499 3488 572 βασιλικὸν
3535 499 3792 560 κοιτῶνα.

538 599 624 653 uel
653 608 847 650 curam
879 608 1002 648 cum
1036 600 1288 661 gereret,
1320 606 1386 646 eo
1407 592 1593 646 statim
1643 599 1766 661 post
1816 592 1962 646 hunc
1995 607 2116 647 ser-

540 703 758 743 monem
791 684 1112 748 descendit,
1146 691 1204 736 ttt
1231 682 1550 754 imperatori
1586 692 1958 752 prrepararet:
1987 700 2114 740 cum

539 781 826 840 intrasset,
859 777 1044 830 subito
1065 781 1246 828 mente
1273 781 1490 842 captus,
1521 771 1575 825 in
1598 771 1899 827 ferventem
1917 788 2115 843 aquam

540 871 768 926 minime
817 875 1178 936 temperatam
1239 865 1484 928 desiliit,
1539 872 1595 918 et
1649 865 1959 920 exstinctus
2007 874 2113 920 est.

542 963 779 1016 Sedebal
813 960 1135 1028 imperator,
1162 966 1495 1028 exspectans
1533 965 1592 1010 ut
1638 957 1928 1012 introitum
1977 974 2119 1012 nun-

537 1055 744 1108 tiaret:
783 1053 1052 1120 longoque
1101 1059 1346 1118 tempore
1392 1049 1714 1117 interjecto,
1770 1051 1910 1105 alios
1966 1051 2119 1108 misit

539 1145 629 1213 qui
666 1143 1042 1197 cunctationis
1091 1156 1312 1195 causam
1361 1140 1661 1195 referrent.
1718 1143 1787 1195 At
1835 1141 1912 1195 illi
1946 1143 2119 1196 intro-

539 1239 712 1306 gressi
741 1277 756 1298 ,
784 1237 970 1290 omnia
1003 1235 1527 1303 circumspicientes
1549 1275 1564 1296 ,
1605 1242 1931 1303 repererunt
1961 1235 2115 1289 illum

536 1329 594 1384 in
631 1329 876 1384 fervente
912 1342 1054 1397 aqua
1113 1336 1430 1391 mortuum,
1471 1333 1525 1381 et
1553 1327 1736 1381 calore
1759 1325 2115 1382 dissolutum.

537 1420 662 1490 Quo
694 1421 761 1474 ad
811 1422 1204 1489 imperatorem
1236 1419 1479 1489 perlato,
1530 1426 1906 1489 cognoverunt
1954 1433 2116 1487 quam

542 1517 651 1566 vim
703 1513 930 1566 haberet
986 1513 1287 1581 Aphraatis
1318 1511 1544 1564 oratio:
1599 1512 1668 1564 ab
1721 1511 1904 1580 impiis
1937 1519 2118 1564 tamen

539 1604 891 1674 dogmatibus
921 1620 1028 1658 non
1057 1613 1410 1657 recesserunt
1440 1641 1456 1665 ,
1489 1601 1585 1658 sed
1609 1602 2025 1656 obduraverunt
2052 1601 2118 1656 ad

535 1698 852 1766 exemplum
895 1695 1208 1748 Pharaonis
1259 1709 1356 1749 cor
1389 1710 1586 1760 suum;
1642 1701 1696 1749 et
1741 1710 1936 1749 vecors
1984 1696 2116 1760 ille,

539 1789 731 1842 audito
757 1787 940 1842 sancti
969 1786 1073 1840 viri
1101 1787 1374 1840 miraculo
1394 1826 1409 1852 ,
1441 1795 1634 1842 contra
1661 1787 1918 1856 pietatem
1939 1785 2119 1841 furere

541 1881 935 1950 perseveravit.

2219 592 2550 662 θρασύτερον
2579 591 2730 665 [190]
2759 593 3060 663 ἀπειλήσας
3080 591 3158 662 τῷ
3177 591 3308 663 θείῳ
3335 590 3510 663 ἀνδρὶ,
3530 591 3732 644 τοιόνδε
3747 592 3794 623 ’⁸

2216 701 2270 738 τι
2303 684 2556 738 πέπονθε·
2600 685 2706 737 Τοῦ
2751 684 3034 755 βαλανείου
3078 684 3508 754 πεπιστευμένος
3537 683 3636 752 τὴν
3675 684 3794 736 ἐπι-

2222 775 2460 844 μέλειαν,
2512 777 2674 841 εὐθὺς
2715 777 2857 848 μετὰ
2905 776 3092 830 τούσδε
3139 777 3267 840 τοὺς
3298 777 3511 844 λόγους,
3561 775 3801 845 κατῆλθε

2217 870 2374 922 τοῦτο
2398 870 2735 940 εὑτρεπίσων
2753 869 2831 939 τῷ
2855 868 3064 938 βασιλεῖ
3087 885 3101 899 ·
3133 869 3265 922 εἵσω
3291 869 3348 922 δὲ
3371 869 3680 938 γενόμενος,
3706 869 3802 920 καὶ

2217 962 2318 1026 τὰς
2363 962 2563 1033 φρένας
2613 961 2870 1032 πληγεὶς,
2925 963 3004 1024 εἰς
3055 961 3118 1014 τὸ
3165 960 3497 1032 θερμότατον
3544 960 3690 1032 ὕδωρ
3740 959 3804 1013 τὸ

2219 1055 2458 1127 ἄκρατον
2491 1055 2822 1126 κατελήλυθέ
2855 1072 2914 1107 τε
2947 1055 3041 1108 καὶ
3071 1054 3479 1126 τετελεύτηκεν.
3532 1055 3805 1124 Ἐκάθὴτο

2217 1148 2275 1202 δέ
2304 1149 2332 1200 6
2367 1147 2621 1218 βασιλεὺς
2653 1148 2859 1200 ἐκεῖνον
2889 1147 3232 1219 προσμένων,
3262 1145 3405 1199 ὥστε
3436 1145 3584 1216 αὐτῷ
3626 1146 3808 1216 μηνύ-

2221 1257 2312 1294 σαι
2340 1241 2438 1312 τὴν
2469 1240 2690 1293 εἴσοδον.
2736 1239 2950 1310 Ἐπειδὴ
2999 1239 3058 1293 δὲ
3091 1239 3256 1302 πολὺς
3287 1237 3542 1308 ἀνηλώθη
3587 1239 3809 1309 καιρὸς,

2219 1331 2539 1386 ἀπέστειλεν
2585 1332 2807 1402 ἑτέρους
2837 1333 2867 1384 6
2915 1330 3190 1401 βασιλεὺς,
3213 1333 3312 1400 τῆς
3345 1329 3658 1399 μελλήσεως
3704 1328 3816 1398 τὴν

2219 1423 2398 1478 αἰτίαν
2435 1422 2792 1494 μηνύσοντας.
2830 1425 2892 1476 Οἱ
2925 1423 2983 1476 δὲ
3010 1423 3142 1476 εἴσω
3176 1422 3478 1492 γενόμενοι,
3505 1421 3600 1474 καὶ
3622 1419 3816 1474 πάντα.

2221 1515 2748 1586 περισκοπήσαντες,
2789 1507 2946 1584 εὗρον
2993 1515 3199 1566 ἐκεῖνον
3232 1514 3291 1566 ἐν
3323 1511 3400 1582 τῷ
3445 1513 3670 1582 ἀκράτῳ
3711 1527 3814 1562 τε-

2227 1605 2436 1658 θνεῶτα
2485 1607 2578 1660 καὶ
2613 1604 2935 1658 διαλυθέντα
2978 1603 3186 1675 θερμῷ.
3238 1603 3348 1656 Καὶ
3395 1601 3556 1673 δήλου
3609 1599 3814 1653 τούτου

2221 1696 2514 1768 γενομένου
2543 1695 2622 1766 τῷ
2643 1695 2871 1766 βασιλεῖ,
2903 1695 3144 1764 ἔγνωσαν
3169 1695 3273 1764 τῆς
3303 1693 3610 1763 Ἀφραάτου
3638 1708 3816 1762 προσ-ο

2222 1789 2389 1856 ευχῆς
2425 1786 2523 1857 τὴν
2557 1786 2728 1856 ἰσχύν.
2760 1786 2882 1838 Τῶν
2921 1785 3036 1839 δὲ²²
3069 1785 3356 1855 δογμάτων
3388 1783 3498 1837 τῶν
3526 1781 3816 1836 δυσσεϐὦν

2151 1859 2193 1913 Β
2221 1879 2322 1930 οὐκ
2363 1877 2680 1948 ἐξέστησαν,
2731 1876 2844 1930 ἀλλ’
2873 1877 3215 1948 ἐσκλήρυναν
3259 1873 3406 1930 κατὰ
3448 1875 3542 1928 τὸν
3599 1871 3817 1944 Φαραὼ

538 1975 637 2049 τὴν
681 1976 906 2044 καρδίαν
939 1975 1140 2043 αὐτῶν,
1187 1977 1281 2031 καὶ
1310 1978 1410 2049 τὴν
1437 1977 1532 2032 τοῦ
1567 1977 1718 2032 ὁσίου
1763 1975 2210 2050 θαυματουργίαν
2285 1976 2473 2048 μαθὼν
2515 1979 2544 2031 6
2581 1975 2970 2049 ἐμϐρόντητος,
3029 1975 3307 2046 μεμένηκε
3371 1971 3516 2026 κατὰ
3567 1972 3668 2042 τῆς
3721 1965 3822 2023 εὐέ-

541 2067 754 2130 σεϐείας
785 2066 1010 2122 λυττῶν.

657 2155 870 2228 mos
907 2155 1059 2212 (:AP.
1099 2155 1289 2211 XXIV.
1322 2156 1406 2226 [Β.
1431 2155 1518 2212 St.
1553 2158 1617 2212 v.
1652 2157 1743 2211 επ.
1767 2157 1866 2214 cu.
1897 2157 2016 2230 25.]

906 2247 984 2302 De
1018 2257 1206 2302 sancto
1233 2248 1460 2304 Iuliano
1490 2251 1772 2306 monacho.

613 2337 816 2395 Eodem
843 2355 976 2394 vero
1001 2347 1251 2411 tempore
1271 2342 1510 2397 celebris
1531 2343 1699 2396 etiam
1730 2343 1825 2398 ille
1843 2341 2127 2406 Julianus,

538 2431 706 2501 cujus
728 2439 888 2485 antea
920 2431 1280 2488 meminimus
1302 2471 1316 2497 ,
1349 2432 1544 2486 relicta
1576 2432 1902 2497 solitudine,
1930 2432 2128 2486 Antio-

541 2525 722 2578 chiam
749 2524 940 2578 venire
965 2531 1198 2577 coactus
1229 2532 1336 2578 est.
1375 2522 1514 2579 Nam
1550 2539 1676 2578 cum
1709 2521 2128 2578 mendaciorum

541 2615 751 2670 alumni
773 2654 790 2677 ,
823 2613 1298 2683 texe’ndarumque
1336 2615 1750 2670 calumniarum
1784 2615 1936 2685 gravi
1976 2628 2125 2669 sem-

541 2721 642 2776 per
663 2705 944 2771 artifices,
979 2705 1217 2760 Arianos
1251 2704 1702 2776 dico,'magnutn
1745 2706 1899 2759 illum
1941 2705 2123 2760 virum

541 2812 772 2854 suarum
793 2813 920 2854 esse
939 2797 1180 2868 partium
1200 2795 1562 2863 afﬁrmarent,
1577 2797 1777 2852 misere
1805 2795 2125 2861 Flavianus,

543 2889 814 2946 Diodorus
848 2898 902 2944 et
936 2889 1231 2960 Apbrates,
1255 2890 1408 2946 clara
1450 2891 1661 2944 lumina
1681 2888 1956 2954 veritatis,
1985 2889 2128 2942 Aca-

543 2987 688 3040 cium
707 2993 994 3040 strenuum
1017 2985 1240 3041 virtutis
1256 2985 1546 3053 athletam,
1565 2984 1659 3054 qui
1681 2982 2124 3039 Berrhceensium

545 3077 850 3133 Ecelesiam
867 3077 1143 3147 sapienter
1167 3085 1362 3146 postea
1392 3076 1556 3141 rexit,
1581 3075 1646 3130 ad
1675 3074 2126 3130 laudatissimum

543 3172 722 3223 virum
751 3169 938 3234 illum,
975 3169 1375 3233 obsecrantes,
1411 3175 1473 3222 ut
1507 3174 1589 3222 tot
1622 3167 1911 3222 heminum
1955 3166 2126 3221 millia

2803 2159 3054 2212 ΚΕΦΔΛ.
3094 2159 3221 2212 KA'.

2225 2249 2302 2304 Τὰ
2343 2249 2494 2302 κατὰ
2531 2248 2640 2302 τὸν
2680 2247 2854 2316 ἅγιον
2903 2248 3241 2328 Ἰουλιανόεο
3291 2247 3399 2301 τὸν
3440 2246 3720 2316 μοναχόν
3743 2247 3820 2301 ’³.

2294 2339 2450 2394 Κατὰ
2479 2339 2668 2393 τοῦτον
2693 2341 2749 2394 δὲ
2782 2339 2873 2392 τὸν
2906 2340 3118 2411 καιρὸν,
3149 2341 3242 2392 καὶ
3287 2338 3575 2402 Ἰουλιανὸς
3601 2339 3824 2401 ἐκεῖνος

2223 2434 2252 2487 6
2295 2432 2694 2503 πολυύμνητος,
2747 2427 2807 2486 οὗ
2839 2433 2933 2485 καὶ
2961 2431 3194 2502 πρόσθεν
3236 2431 3536 2503 ἐμνήσθην,
3583 2429 3822 2483 καταλι-

2227 2527 2348 2579 πεῖν
2378 2525 2477 2594 μὲν
2499 2524 2599 2595 τὴν
2623 2525 2852 2595 ἔρημον,
2880 2525 2960 2587 είς
2980 2523 3034 2576 δέ
3062 2524 3161 2596 τὴν
3189 2523 3521 2592 ’Δντιόχειαν
3548 2521 3824 2575 εἰσελθεῖν

2227 2615 2572 2686 ἠναγκάσθη.
2625 2615 2842 2686 Ἐπειδὴ
2891 2615 2999 2686 γὰρ
3047 2615 3098 2668 οἱ
3142 2613 3221 2684 τῷ
3248 2614 3434 2684 ψεύδει
3476 2613 3824 2686 συντεθραμ-

2231 2711 2404 2782 μένοι,
2427 2710 2522 2763 καὶ
2551 2710 2650 2773 τὰς
2680 2707 3045 2777 συκοφαντίας
3071 2707 3216 2777 μάλα
3249 2707 3447 2778 ῥᾳδίως
3473 2707 3826 2774 ὑφαίνοντες,

2228 2805 2277 2856 οἱ
2306 2803 2375 2856 τὰ
2429 2801 2636 2872 Ἀρείου
2683 2800 2830 2868 λέγω
2875 2799 3196 2869 φρονοῦντες
3213 2801 3281 2864 ’⁵,
3324 2799 3415 2852 τὸν
3445 2799 3618 2868 μέγαν
3645 2797 3828 2869 ἄνδρα

2229 2897 2435 2951 ἐκεῖνον
2476 2895 2872 2965 διισχυρίζοντο
2920 2891 3242 2959 τῆςσὺτῶν
3292 2883 3433 2944 εἶναι
3481 2891 3821 2961 συμμορίας,

2229 2985 2558 3040 ἀπέστειλαν
2580 2986 2631 3039 οἱ
2659 2985 2758 3055 τῆς
2791 2984 3047 3056 ἀληθείας
3065 2985 3109 3016 ³⁸
3137 2983 3456 3055 φωστῆρες,
3495 2982 3827 3046 Φλαὸιανὸς,

2235 3079 2331 3134 καὶ
2363 3078 2644 3150 Διόδωρος,
2693 3077 2788 3132 καὶ
2831 3077 3165 3148 Ἀφραάτης,
3197 3075 3365 3148 ἄνδρα
3409 3074 3612 3144 ἀρετῆς
3649 3073 3824 3144 ἀθλη-

2232 3171 2352 3243 τὴν,
2395 3170 2644 3224 Ἀκάκιόν
2677 3187 2842 3240 φημι,
2871 3170 2965 3223 τὸν
2992 3169 3168 3240 χρόνῳ
3201 3167 3426 3237 ὕστερον
3461 3166 3605 3237 μάλα
3640 3165 3828 3234 σοφῶς

542 3260 823 3324 miserari,
851 3270 902 3316 et
927 3260 1386 3316 adversariorum
1419 3259 1718 3315 falsitatem
1740 3259 2011 3322 refutare,
2035 3273 2125 3313 ve-

2232 3263 2331 3335 τὴν
2385 3261 2650 3332 Βεροιέων
2675 3263 2722 3294 ³⁸
2782 3260 3112 3330 Ἐκκλησίαν
3183 3259 3476 3326 ἰθὺναντα,
3534 3257 3674 3330 πρὸς
3728 3258 3828 3310 τὸν

543 3352 838 3422 ritatisque
892 3352 1346 3421 praedicationem
1397 3351 1731 3410 confirmare
1775 3352 1961 3406 vellet.
1996 3351 2125 3428 Quae

2234 3353 2591 3424 πανεύφημον
2643 3352 2814 3424 ἄνδρα
2862 3353 3069 3407 ἐκεῖνον
3088 3393 3102 3418 ,
3157 3347 3564 3414 ἀντιϐολοῦντες
3618 3349 3825 3413 πολλὰς

544 3459 714 3518 porro
741 3447 1009 3510 veniens,
1047 3443 1416 3512 rediensque,
1451 3451 1622 3516 atque
1655 3444 1709 3498 in
1746 3444 1862 3514 ipsa
1891 3427 2130 3497 maxima

545 3536 685 3592 urbe
713 3536 979 3590 miracula
1011 3535 1224 3600 edidit,
1270 3535 1327 3590 in
1360 3535 1638 3590 Philotheo
1678 3537 1912 3590 historia
1943 3545 2132 3590 nostra

545 3628 858 3700 perscripta
913 3635 1079 3694 sunt,
1129 3644 1292 3700 quam
1344 3629 1501 3683 adire
1543 3629 1612 3684 iis
1668 3630 1835 3694 licet,
1875 3629 1968 3699 qui
2017 3629 2132 3684 haec

545 3720 739 3776 volunt
762 3735 1120 3790 cognoscere.
1167 3719 1326 3788 Quod
1357 3736 1488 3776 vero
1519 3722 1782 3792 populum
1811 3721 1966 3778 urbis
2003 3722 2130 3776 uni-

545 3828 767 3868 versum
801 3812 872 3868 ad
919 3822 1234 3869 conventus
1270 3821 1496 3870 nostros
1526 3815 1868 3886 aggregarit,
1900 3814 2122 3868 dubita-

545 3912 730 3960 turum
799 3912 933 3976 puto
991 3905 1314 3970 neminem,
1373 3908 1469 3976 qui
1523 3906 1822 3962 humanam
1875 3914 2132 3961 naturam

546 3996 948 4053 considerarit.
980 3995 1176 4054 Solent
1201 3999 1350 4054 enim
1383 4015 1473 4055 res
1513 4000 1803 4057 inusitata:
1840 4014 2035 4054 omnes
2064 3997 2133 4054 ad

546 4104 608 4145 se
646 4097 708 4144 ut
735 4089 1038 4158 plurimum
1082 4091 1448 4160 pertrahere:
1491 4093 1898 4164 magnitudinis
1943 4099 2131 4148 autem

549 4182 946 4236 miraculorum
978 4181 1102 4250 ejus
1129 4191 1302 4238 testes
1331 4193 1462 4238 sunt
1491 4185 1658 4240 etiam
1693 4186 1882 4240 hostes
1924 4184 2136 4237 verita-

551 4273 644 4328 tis.
675 4275 824 4327 ldem
865 4288 1007 4348 vero
1032 4275 1212 4343 ipsum
1233 4275 1346 4346 jam
1373 4283 1536 4331 antea
1563 4276 1879 4332 Constantii
1918 4282 2135 4344 tempo-

548 4364 704 4420 ribus
755 4364 1095 4420 Alexandria:
1152 4369 1484 4437 prwstiterat
1541 4382 1777 4438 magnus
1826 4367 2132 4423 Antonius.

553 4455 766 4527 1007
801 4455 1022 4511 Deserta
1049 4459 1197 4514 enim
1240 4460 1576 4524 solitudine,
1623 4467 1799 4514 totam
1846 4459 1996 4512 illam
2035 4473 2132 4512 ur-

549 4549 672 4603 bem
697 4549 1089 4605 obambulabat
1109 4593 1124 4618 ,
1153 4551 1362 4608 docens
1395 4553 1690 4607 universos
1710 4593 1725 4618 ,
1760 4551 2130 4608 Athanasium

550 4655 860 4712 praeconem
894 4658 1018 4698 esse
1049 4644 1374 4714 apostolica:
1399 4644 1668 4698 doctrinae
1689 4687 1704 4710 ,
1737 4644 1976 4698 Arianos
2002 4661 2132 4700 vero

553 4735 811 4792 inimicos
839 4745 894 4792 et
925 4739 1119 4794 hostes
1145 4739 1414 4795 veritatis.
1454 4739 1528 4792 lta
1562 4740 1813 4796 sciebant
1843 4740 2014 4796 divini
2055 4741 2132 4798 illi

551 4831 659 4884 viri
687 4832 1050 4900 congruentia
1076 4832 1276 4900 cuique
1308 4833 1542 4902 tempori
1575 4834 2004 4890 accommodare
2025 4879 2040 4898 ,
2079 4841 2136 4890 et

550 4921 776 4990 quando
833 4922 1077 4992 quietem
1131 4925 1389 4994 amplecti
1437 4928 1770 4993 conveniat,
1829 4937 1882 4983 et
1913 4925 2138 4998 quando

553 5011 720 5068 urbes
763 5013 1056 5068 solitudini
1095 5015 1392 5071 anteferre.

2231 3445 2532 3516 ἀνθρώπων
2558 3446 2826 3517 μυριάδας
2853 3445 3143 3516 οἰκτεῖραι,
3176 3444 3271 3498 καὶ
3299 3443 3409 3496 τῶν
3435 3443 3533 3514 μὲν
3561 3441 3826 3495 ἐναντίων

2230 3539 2330 3610 τὴν
2356 3537 2707 3610 ψευδολογίαν
2742 3535 2980 3605 ἐλέγξαι,
3024 3535 3094 3590 τὰ
3122 3536 3179 3610 δὲ
3219 3536 3321 3606 τῆς
3353 3533 3614 3605 ἀληθείας
3642 3531 3826 3604 κηρύ-

2233 3647 2420 3702 γματα
2452 3629 2771 3700 βεϐαιῶσαι.
2817 3629 2926 3681 Καὶ
2955 3629 3057 3682 ὅσα
3110 3625 3209 3697 μέν
3237 3619 3394 3688 οὗτος
3429 3623 3524 3678 καὶ
3559 3624 3823 3684 ἐπανιὼν,

2234 3723 2328 3776 καὶ
2357 3721 2449 3775 ἰὼν
2466 3723 2532 3788 ⁸⁷,
2583 3720 2676 3774 καὶ
2704 3721 2760 3771 ἐν
2791 3719 2928 3789 αὐτῇ
2977 3717 3034 3770 δὲ
3064 3719 3128 3788 τῇ
3167 3717 3400 3788 μεγίστῃ
3444 3715 3598 3768 πόλει
3628 3713 3831 3766 τεθαυ-

2239 3815 2652 3888 ματούργηκεν,
2707 3815 2764 3867 ἐν
2816 3815 2883 3882 τῇ
2917 3810 3178 3876 Φιλοθέῳ
3223 3809 3354 3880 ἡμῖν
3401 3806 3831 3876 συγγέγραπται

2239 3907 2468 3980 ἱστορία,
2567 3905 2748 3978 ῥᾴδιον
2794 3903 3038 3972 ἐντυχεῖν
3082 3901 3207 3962 τοὺς
3253 3897 3432 3952 ταῦτα
3463 3893 3832 3971 βουλομένους

2240 4002 2451 4072 μαθεῖν.
2482 4000 2604 4053 Ὅτι
2649 3998 2707 4071 δέ
2736 3997 2880 4051 ἅπαν
2912 3995 2971 4048 τὸ
3000 3994 3097 4063 τῆς
3143 3992 3352 4054 πόλεως
3393 3989 3595 4060 πλῆθος
3622 3988 3703 4050 εἰς
3734 3987 3829 4040 τὸν

2237 4094 2502 4166 ἡμέτερον
2526 4090 2844 4161 συνήθροισε
2859 4087 3134 4154 σύλλογον,
3153 4084 3341 4137 οὐδένα
3357 4084 3648 4147 ἐνδοιάζειν
3668 4077 3830 4150 οἶμαι

2235 4187 2342 4240 τῶν
2373 4186 2470 4256 τὴν
2505 4185 2848 4255 ἀνθρωπείαν
2890 4180 3050 4250 φύσιν
3092 4178 3543 4248 ἐπεσκεμμένων.
3602 4175 3828 4244 Πέφυκε

2236 4278 2344 4349 γὰρ
2393 4277 2462 4330 τὰ
2501 4275 2783 4346 παράδοξα
2825 4275 3007 4326 ἓλκειν
3035 4273 3282 4334 ἅπαντας
3324 4269 3398 4333 ὡς
3431 4269 3637 4322 ἐπίπαν
3683 4266 3824 4338 πρὸς

2237 4368 2426 4422 ἑαυτά.
2459 4369 2578 4420 ’Ότι
2603 4368 2657 4420 δὲ
2684 4369 2778 4420 καὶ
2811 4367 3022 4438 μεγάλα
3051 4365 3349 4436 εἰργάσατο
3381 4361 3658 4432 θαύματα,
3689 4377 3829 4431 μαρ-

2235 4461 2457 4534 τυροῦσι
2486 4461 2579 4512 καὶ
2607 4461 2654 4512 οἱ
2683 4463 2782 4529 τῆς
2809 4459 3064 4529 ἀληθείας
3097 4457 3365 4528 πολέμιοι.
3395 4451 3546 4526 [1911
3577 4451 3828 4506 Τοῦτοδὲ

2238 4554 2334 4608 καὶ
2364 4556 2421 4608 ἐν
2449 4551 2826 4623 Ἀλεξανδρείᾳ
2854 4550 2959 4621 πρὸ
2989 4549 3144 4603 τοῦδε
3178 4548 3273 4602 τοῦ
3302 4549 3494 4619 χρόνου
3523 4545 3832 4614 πεποίηκεν

2239 4647 2298 4699 ἐν
2347 4646 2458 4708 τοῖς
2503 4641 2947 4696 Κωνσταντίου²⁸
2994 4643 3204 4706 καιροῖς
3256 4638 3541 4702 Ἀντώνιος
3584 4639 3613 4690 6
3656 4638 3828 4692 πάνυ.

2239 4732 2569 4790 Καταλιπὼν
2603 4732 2712 4803 γὰρ
2744 4732 2844 4804 τὴν
2870 4731 3098 4802 ἔρημον,
3138 4728 3285 4783 ἆπαν
3314 4731 3490 4782 ἐκεῖνο
3520 4728 3740 4798 περιῄει
3768 4727 3832 4780 τὸ

2239 4829 2398 4892 ἄστυ,
2433 4827 2696 4881 διδάσκων
2726 4825 2990 4888 ἅπαντας,
3031 4825 3104 4888 ὡς
3134 4824 3234 4895 τῆς
3278 4822 3642 4891 ἀποπολικῆς
3675 4821 3830 4874 διδα-

2241 4921 2469 4984 σκαλίας
2496 4918 2675 4991 κῆρυξ
2705 4920 2854 4971 ἐστὶν
2907 4917 3244 4982 ’Λθανάσιος,
3292 4915 3386 4970 καὶ
3432 4914 3506 4977 ὡς
3540 4911 3833 4967 ἀντίπαλοι

2241 5016 2340 5085 τῆς
2386 5011 2645 5083 ἀληθείας
2705 5011 2754 5062 οἱ
2811 5008 2912 5078 τῆς
2969 5008 3179 5081 Ἀρείου
3237 5006 3570 5078 συμμορίας.
3638 5003 3834 5067 Οὕτως

553 5104 750 5174 ᾔδεσαν
777 5105 828 5157 οἱ
861 5105 992 5160 θεῖοι
1039 5106 1232 5179 ἄνδρες
1277 5109 1474 5162 ἐκεῖνοι
1504 5108 1576 5162 τὰ
1609 5110 1892 5183 πρόσφορα
1918 5111 2136 5179 ἑκάστῳ
2167 5107 2604 5180 προσαρμόττειν
2632 5103 2830 5174 καιρῷ,
2863 5103 2958 5157 καὶ
2998 5103 3202 5174 πηνίκα
3236 5102 3334 5174 μὲν
3382 5103 3488 5172 χρὴ
3531 5099 3631 5172 τὴν
3694 5101 3832 5170 ἠσυ-

553 5193 678 5264 χίαν
705 5195 1070 5265 ἀσπάζεσθαι,
1099 5196 1305 5268 πηνίκα
1331 5197 1388 5250 δέ
1409 5201 1682 5271 προτιμᾷν
1711 5199 1811 5263 τὰς
1836 5199 2019 5260 πόλεις
2041 5199 2136 5266 τῆς
2177 5197 2431 5268 ἐρημίας.

1857 5369 2092 5427 VARI/IS
2129 5371 2540 5428 LECTIONES.

655 5492 700 5524 ἰ
732 5491 1028 5547 τοιοῦτόνδε
1077 5491 1240 5548 Basil.
1281 5493 1374 5550 Gr.

1455 5495 1500 5565 ξ’
1530 5493 1587 5546 δὲ
1619 5492 1892 5565 _i‘nABasil.
1925 5491 2052 5565 Gr.
2083 5501 2138 5547 et
2183 5492 2373 5565 Steph.
2443 5493 2740 5563 subjicitur
2783 5499 2908 5565 post
2947 5490 3105 5565 δογμ.

3180 5489 3228 5521 ³³
3260 5488 3352 5542 καὶ
3405 5489 3691 5544 ’Λντώνιον
3738 5489 3830 5540 τὴν

563 5559 737 5636 μέγαν
761 5561 970 5636 habent
1001 5563 1160 5636 codd.
1189 5563 1588 5636 (Ihristophset
1618 5562 1842 5636 valesii.
1890 5563 2006 5636 βοά
2039 5564 2202 5619 Basil.
2236 5559 2294 5619 et
2317 5559 2581 5636 Stephani.
2603 5635 2612 5636 ί
2631 5559 2946 5636 ἐπιγραφὴν
2987 5559 3068 5636 sic
3111 5559 3369 5636 eahibeut
3401 5577 3412 5612 :
3439 5559 3706 5636 _Td__xa_~:&
3732 5561 3828 5636 τὴν

564 5631 716 5698 ἅγιον
761 5631 903 5686 Ἀντ.
921 5649 971 5687 τ.

561 5700 652 5754 25.
709 5701 936 5756 Βέροιαν

565 5721 652 5754 ξω.
709 5721 864 5754 Πεσοῐ

566 5718 652 5754 κο.
709 5718 936 5772 uaporem
996 5718 1164 5758 uasn.
1223 5718 1318 5758 ω.
1367 5718 1545 5758 uersa:
1596 5718 1934 5773 nptpnamus

566 5769 612 5802 "
649 5771 1079 5824 Κωνσταντίνου
1105 5770 1272 5824 Basil.
1337 5773 1432 5827 Gr.
1470 5773 1606 5829 vitio
1647 5773 1952 5843 scriptura}.

1049 5635 1200 5705 ἐγαν.
1235 5701 1261 5705 Α
1298 5635 1346 5667 ’⁸
1373 5632 1469 5705 φρ.
1511 5634 1654 5699 λέγω
1684 5632 1850 5687 Basil.
1879 5633 1974 5705 Gr.

2077 5636 2124 5668 ’⁸
2152 5635 2432 5698 εὐσεϐείας
2464 5635 2655 5704 Steph.
2680 5638 2734 5704 2.

1039 5704 1164 5778 asi_|.
1348 5701 1564 5778 _Bét'8(_8_
1596 5705 1934 5778 Epiphanius
1964 5704 2100 5778 Vlll,
2138 5706 2172 5760 5
2205 5707 2418 5763 vitiose.

2837 5627 3491 5704 ""Bsp§0ta_£tov_l\_'iccplt.
3527 5630 3592 5685 ΙΙ.
3732 5627 3823 5704 XL

2521 5699 2578 5737 ’τ’
2607 5703 2786 5758 ἀπιὼν
2823 5705 2918 5757 καὶ
2968 5699 3204 5755 ἐπανιὼν
3255 5699 3414 5756 idem
3452 5717 3578 5756 cum
3635 5701 3823 5770 Steph.
