4124 6416
359 409 500 473 “$9

943 523 1192 576 ΚΕΦΑΛ.
1222 525 1328 576 ΚΕ⁷

357 611 524 676 Τίνες
551 610 730 666 ἄλλοι
752 611 1196 750 μοναχοέιέῗρτέ.
1217 613 1434 716 ἷρῦτον
1468 613 1796 681 διέπρεψαν
1830 612 1937 664 τίν

410 762 606 826 Ἠσαν
644 772 702 826 δὲ
742 772 838 826 καὶ
875 772 1024 827 ἄλλοι
1067 775 1190 826 κατ’
1220 775 1426 828 ἐκεῖνον
1457 775 1551 829 τὸν
1591 776 1803 848 καιρὸν,
1837 775 1936 841 τὰς

351 865 452 934 τῆς
478 867 774 936 μοναχικῆς
803 865 1114 934 φιλοσοφίας
1141 851 1390 935 ἀφιέντες
1420 869 1808 938 μαρμαρυγὰς,
1849 869 1936 922 Ἐν

357 957 461 1026 μὲν
490 959 556 1027 τῇ
583 957 894 1010 Χαλκιδέων
942 959 1154 1028 ἐρήμῳ,
1190 958 1428 1022 Ἄιδι-ξος,
1471 961 1562 1013 καὶ
1597 959 1933 1032 Μαρκιανὸς,

353 1049 452 1102 καὶ
511 1049 852 1118 Ἀϐραάμης,
901 1048 996 1100 καὶ
1053 1048 1230 1118 ἕτεροι
1272 1049 1408 1118 πρὸς
1461 1049 1671 1112 τούτοις
1717 1049 1816 1102 οὐκ
1847 1049 1936 1100 εὑ-

352 1140 674 1214 αρίθμητοι,
713 1143 770 1192 ὲν
813 1141 1075 1209 παθητοῖς
1105 1139 1317 1212 σώμασι
1343 1143 1440 1211 τὴν
1469 1142 1652 1210 ἀπαθῆ
1683 1140 1862 1212 βιοτὴν
1889 1140 1934 1172 ao

355 1233 714 1303 μελετῶντες.
758 1233 848 1286 ’ῐζν
887 1231 946 1284 δὲ
983 1235 1049 1302 τῇ
1091 1232 1380 1303 ’Δπαμέων
1409 1233 1582 1305 χώρα,
1625 1231 1935 1302 Ἀγαπητδς

350 1322 448 1376 καὶ
487 1319 805 1390 Συμεώνης,
857 1320 950 1374 καὶ
996 1321 1224 1384 Παῦλος,
1281 1321 1374 1374 καὶ
1409 1321 1560 1375 ἄλλοι
1611 1321 1710 1392 τὴν
1757 1321 1934 1391 ἄκραν

350 1411 674 1482 φιλοσοφίαν
737 1410 1106 1478 συλλέγοντες.
1173 1411 1262 1464 Ἐν
1321 1410 1378 1464 δὲ
1427 1413 1492 1482 τῇ
1546 1411 1932 1480 Ζευγματὲων,

350 1502 625 1567 Πούπλιος
677 1502 719 1534 ³³
775 1504 869 1555 καὶ
922 1501 1151 1566 Παῦλος.
1215 1503 1305 1558 Ἐν
1343 1503 1399 1556 δὲ
1445 1505 1510 1573 τῇ
1547 1501 1859 1574 Κυρεστῶν,
1905 1501 1934 1553 ὁ

355 1595 716 1664 πανεύφημος
767 1595 1076 1664 ’Λκεψεμᾶς
1123 1597 1180 1649 ἐν
1214 1596 1442 1666 οἰκίσκῳ
1475 1595 1788 1666 καθεῖρκτο,
1842 1594 1970 1647 καὶ.

357 1686 748 1756 ἑξηκοντούτην
796 1687 986 1758 χρόνον
1023 1687 1212 1741 τοῦτον
1253 1687 1401 1740 ὲϐίου
1431 1686 1522 1740 τὸν
1562 1688 1780 1756 τρόπον,
1811 1683 1936 1739 οὒτε

351 1773 652 1846 ὁρώμενος,
719 1772 845 1826 οὔτε
895 1773 1286 1845 φθεγγόμενος.
1345 1776 1646 1845 Ζευμάτιος
1700 1775 1745 1806 ³³
1795 1774 1852 1826 δὲ
1907 1774 1936 1827 ὁ

1255 409 1844 473 ECCLESIASTILE
1882 408 2266 472 HISTORIA!
2303 407 2451 471 LIB.
2484 407 2586 470 IV.

1963 529 2010 586 Α

3469 412 3604 480 1ίθθ

2266 520 2418 576 CAP.
2459 516 2626 574 xxv.
2658 519 2744 588 In.
2779 519 2862 576 St.
2891 517 2957 575 v.
2995 519 3086 576 as.
3118 519 3221 575 Ch.
3252 520 3371 596 εδ]

2149 613 2382 681 Quinam
2413 615 2514 668 alii
2534 615 2782 669 monac/ii
2802 615 2900 670 hoc
2931 625 3158 686 tempore
3191 619 3502 674 claruerint.

2113 769 2291 825 Fuere
2319 777 2370 824 et
2402 772 2492 824 alii
2533 787 2627 842 per
2658 772 2709 826 id
2741 780 2980 842 tempus,
3012 775 3104 843 qui
3137 777 3458 832 monastieaa
3483 779 3612 837 vitae

2041 861 2253 930 fulgore
2278 863 2636 919 collucerent.
2665 865 2684 882 ‘
2708 865 2766 918 In
2800 865 3154 922 Chalcidensi
3201 885 3388 922 eremo
3417 871 3612 928 Avitus

2037 962 2093 1007 et
2123 953 2450 1013 Marcianus.
2489 963 2543 1008 et
2583 954 2905 1019 Abraames,
2941 965 2998 1010 et
3036 958 3126 1011 alii
3166 960 3256 1012 vix
3298 963 3614 1018 numerabi-

2039 1044 2140 1110 les,
2169 1047 2261 1116 qui
2295 1047 2348 1099 in
2382 1047 2697 1115 patibilibus
2743 1050 3070 1117 corporibus
3113 1053 3279 1104 vitam
3321 1056 3612 1122 perturba-

2039 1141 2208 1196 tionis
2267 1149 2544 1209 expertem
2603 1142 3031 1198 meditabantur.
3090 1143 3146 1199 ln
3183 1147 3609 1216 Apameensium

2037 1250 2167 1288 vero
2199 1234 2446 1303 regione,
2475 1234 2756 1303 Agapetus
2788 1242 2842 1288 et
2867 1233 3190 1304 Symeones,
3218 1247 3272 1291 et
3300 1238 3522 1303 Paulus,
3557 1251 3614 1296 et

2039 1327 2131 1381 alii
2175 1327 2241 1380 ad
2269 1326 2634 1396 philosOphize
2667 1328 2882 1381 culmen
2923 1329 3345 1385 contendentes.
3387 1333 3446 1386 ln
3468 1333 3610 1388 Zeu-

2037 1419 2426 1488 gmatensium,
2489 1417 2724 1472 Publius
2782 1427 2837 1472 et
2890 1417 3114 1472 Paulus.
3156 1423 3216 1474 In
3267 1423 3608 1492 Cyrestensi,

2037 1509 2463 1563 laudatissimus
2493 1509 2826 1578 Acepsemas
2869 1509 2920 1562 in
2947 1511 3144 1564 cellula
3179 1511 3427 1568 inclusus
3456 1530 3618 1569 sexa-

2036 1602 2189 1672 ginta
2228 1601 2526 1656 continuos
2556 1615 2734 1656 annos
2763 1608 3128 1670 transegerat.
3154 1618 3253 1658 nec
3277 1619 3305 1656 a
3337 1619 3612 1675 quoquam

2037 1695 2232 1758 visus,
2294 1709 2395 1748 nec
2446 1693 2704 1764 cuiquam
2753 1694 3008 1762 loquens.
3057 1695 3430 1752 Admirandus
3483 1713 3615 1753 vero

2038 1785 2383 1849 Zeumatius,
2443 1787 2544 1840 etsi
2600 1785 2906 1840 luminibus
2964 1787 3220 1851 orbatus,
3277 1789 3615 1844 circumibat

353 1867 710 1933 ὰξιάγαστος,
747 1864 929 1918 καίτοι
977 1865 1037 1918 τὸ
1063 1865 1284 1936 βλέπειν
1317 1865 1689 1938 ἀφῃρημένος,
1723 1863 1937 1936 περιῄει

2040 1884 2226 1932 tamen
2256 1892 2387 1932 oves
2418 1875 2778 1941 confirmans,
2812 1885 2866 1932 et
2894 1878 3041 1946 lupis
3075 1880 3364 1935 resistens.
3406 1879 3616 1946 Quam-

339 1956 630 2028 -στηρίζων
672 1956 742 2009 τὰ
777 1957 1044 2026 πρόϐατα,
1095 1959 1188 2010 καὶ
1231 1960 1342 2021 τοῖς
1377 1957 1561 2019 λύκοις
1605 1955 1930 2028 μαχόμενος.

353 2046 433 2106 Ob
481 2051 544 2120 δὴ
589 2051 751 2121 χάριν
781 2049 944 2102 αὑτοῦ
982 2050 1081 2118 τὴν
1114 2049 1416 2120 ἀσκητικὴν
1438 2047 1680 2118 καλύϐην
1703 2047 1936 2118 ἐνέπρη-

354 2159 479 2197 σαν·
511 2141 649 2194 ἀλλὰ
697 2141 965 2211 Τραϊανὸς
1017 2141 1046 2192 ὁ
1091 2139 1411 2200 πιστότατος
1464 2141 1784 2212 στρατηγὸς,
1817 2139 1936 2192 ἐτέ-

353 2253 457 2307 ραν
495 2233 766 2303 ἐδείματο,
796 2233 890 2286 καὶ
929 2233 1028 2302 τῆς
1057 2231 1221 2303 ἄλλης
1273 2231 1570 2304 θεραπείας
1609 2231 1930 2302 μετέδωκεν.

363 2326 456 2378 Ἑν
489 2325 546 2379 δὲ
575 2327 641 2394 τῇ
694 2321 1032 2392 Ἀντιοχέων,
1056 2322 1356 2393 Μαριανὸς,
1387 2322 1482 2376 καὶ
1530 2323 1814 2386 Εὐσέϐιος,
1843 2321 1936 2375 καὶ

365 2413 690 2484 Ἄμμωνος,
745 2412 1044 2476 Παλλάδιός
1102 2429 1160 2465 τε
1209 2413 1304 2466 καὶ
1353 2411 1666 2483 Συμεώνης,
1698 2413 1792 2465 καὶ
1851 2412 1942 2464 ’A-

353 2507 636 2576 ϐραάμης,
695 2504 790 2557 καὶ
838 2503 988 2558 ἄλλοι
1040 2504 1177 2574 πρὸς
1216 2504 1426 2566 τούτοις
1475 2505 1575 2574 τὴν
1627 2504 1810 2558 εἰκόνα
1844 2503 1942 2575 τὴν

355 2597 510 2652 Θείαν
535 2599 811 2668 ἀκήρατον
843 2594 1232 2658 διασώσαντες.
1269 2597 1379 2650 Καὶ
1411 2594 1618 2650 τούτων
1659 2595 1714 2648 δὲ
1749 2595 1940 2649 κάκει-

351 2705 464 2741 νων
489 2687 580 2740 τὸν
615 2685 730 2756 βίον
765 2685 1116 2756 ἀνάγραπτον
1149 2687 1554 2756 πεποιήκαμεν.
1585 2687 1697 2739 Kal.
1724 2685 1786 2739 τὸ
1817 2686 1942 2756 ὅρος

349 2780 434 2846 δὲ,
478 2781 542 2832 τὸ
577 2781 643 2850 τῇ
699 2779 932 2850 μεγίστῃ
973 2777 1378 2848 παρακείμενον
1425 2779 1596 2842 πόλει,
1641 2778 1866 2848 λειμῶνι
1894 2777 1940 2809 ³³

355 2878 754 2950 παραπλησίως
793 2879 1052 2950 ὼράῖστο.
1101 2879 1212 2934 Καὶ
1255 2879 1365 2952 γὰρ
1405 2881 1463 2933 ἐν
1503 2879 1679 2951 τούτῳ
1733 2881 1942 2951 Πέτρος

352 2971 654 3041 ὀΓαλὰτης
703 2969 991 3040 διέλαμπε,
1047 2970 1143 3024 καὶ.
1199 2973 1228 3024 ὁ
1287 2972 1478 3025 τούτου
1539 2989 1604 3041 γε
1651 2972 1942 3044 ὁμώνυμος

353 3065 384 3118 ὁ
421 3063 740 3131 Αἰγύπτιος,
771 3063 866 3116 καὶ
891 3063 1192 3135 Ῥωμανὺς,
1215 3063 1310 3117 καὶ
1336 3065 1474 3135 Σευῆ
1483 3083 1594 3134 ρος,
1619 3069 1712 3119 καὶ
1736 3069 1942 3138 Ζήνων,

2041 1970 2230 2024 obrem
2291 1969 2654 2024 monasticam
2713 1969 2837 2038 ejus
2886 1970 3129 2024 casulam
3203 1971 3612 2031 incenderunt:

2043 2063 2139 2118 sed
2171 2063 2403 2116 alteram
2455 2063 2732 2118 exstruxit
2767 2061 3048 2132 Trajanus
3083 2065 3348 2134 magister
3375 2067 3613 2121 militum

2043 2154 2422 2222 ﬁdelissimus,
2457 2163 2510 2210 et
2541 2156 2809 2224 reliquam
2839 2156 3016 2211 eidem
3077 2171 3268 2211 curam
3325 2158 3612 2228 impertiit.

2039 2245 2099 2300 In
2131 2247 2468 2301 Antiochena
2527 2263 2748 2313 rursus,
2793 2247 3093 2315 Marianas,
3143 2255 3197 2304 et
3225 2250 3522 2317 Eusebius,
3559 2259 3617 2308 et

2043 2339 2386 2404 Ammianus,
2420 2337 2722 2402 Palladius,
2754 2349 2808 2392 et
2853 2338 3174 2410 Symeones,
3209 2348 3263 2394 et
3295 2340 3613 2406 Abraames,

2038 2439 2092 2487 et
2129 2445 2324 2502 praeter
2358 2433 2458 2488 hos
2495 2433 2586 2486 alii
2620 2433 2836 2503 1008
2861 2434 3103 2488 divinam
3137 2433 3426 2505 imaginem
3469 2437 3616 2491 inte-

2038 2539 2191 2594 gram
2222 2531 2641 2580 conservantes.
2681 2523 2787 2580 Sed
2821 2542 2924 2582 nos
2959 2535 3012 2582 et
3061 2527 3258 2581 horum
3293 2535 3348 2582 et
3398 2528 3615 2582 illorum

2037 2617 2205 2670 vitam
2260 2616 2462 2671 litteris
2514 2617 2986 2688 consignavimus.
3040 2618 3182 2684 Quin
3233 2620 3398 2672 etiam
3453 2634 3614 2675 mons

2041 2708 2292 2762 maxima:
2319 2707 2443 2761 urbi
2477 2707 2692 2762 vicinus
2717 2709 2864 2778 prati
2895 2709 3075 2763 instar
3099 2709 3404 2765 renidebat.
3427 2711 3491 2764 In
3516 2711 3621 2766 hoc

2039 2799 2183 2855 enim
2215 2799 2414 2854 enituit
2439 2797 2639 2854 Petrus
2669 2797 2887 2861 Galata,
2909 2807 2964 2854 et
2995 2801 3134 2854 alter
3165 2801 3294 2856 huic
3327 2801 3613 2872 cognomi-

2041 2891 2130 2945 nis
2156 2889 2472 2961 Aigyptius,
2505 2899 2560 2943 et
2595 2890 2902 2957 Romanus,
2936 2899 2991 2946 et
3050 2891 3309 2956 Severus,
3345 2901 3398 2948 et
3448 2892 3618 2956 Zeno,

2042 2978 2220 3033 Moses
2253 2979 2418 3032 etiam
2449 2986 2504 3033 et
2518 2977 2786 3042 Malchus,
2812 2980 3014 3050 aliique
3037 2981 3282 3050 plurimi,
3312 2983 3474 3053 vulgo
3497 2982 3620 3052 qui-

2043 3067 2165 3123 dem
2203 3069 2400 3138 ignoti,
2434 3069 2529 3123 sed
2567 3071 2680 3124 noti
2720 3069 2850 3124 Deo.

352 3157 560 3226 Μωσῆς
577 3173 638 3208 τε
668 3155 765 3210 καὶ
787 3156 1028 3228 Μάλχος,
1055 3157 1147 3212 καὶ
1175 3157 1328 3212 ἄλλοι
1360 3158 1620 3225 πλεῖστοι,
1661 3161 1811 3232 παρὰ
1836 3163 1932 3232 μὲν
1969 3161 2078 3215 τῶν
2128 3162 2337 3216 πολλῶν
2373 3163 2746 3234 ἀγνοούμενοι,
2776 3164 2924 3234 παρὰ
2953 3165 3009 3219 δὲ
3033 3165 3110 3236 τῷ
3175 3165 3292 3237 Θεῷ
3355 3183 3560 3236 γινωσκ
3572 3169 3631 3222 ύ-

357 3267 530 3323 μενοι.

818 3338 967 3415 [192]
1025 3343 1280 3396 ΚΕΦΔΛ.
1333 3344 1481 3410 Kq'.

359 3433 498 3505 Περὶ
550 3433 810 3506 Διδύμου
857 3434 1318 3558 Ἀλεξιέιδρέως,
1371 3435 1466 3489 καὶ
1531 3435 1782 3504 Ἐφραῒμ
1831 3433 1941 3488 τοῦ

1090 3523 1254 3558 υοου.

1090 3523 1254 3574 vpov.

428 3597 590 3652 Κατὰ
631 3596 820 3651 τοῦτον
865 3597 956 3652 τὸν
996 3597 1208 3669 χρόνον,
1257 3597 1317 3651 ὲν
1363 3597 1552 3670 Ἐδέσῃ
1600 3598 1646 3630 ³⁸
1691 3598 1791 3668 μὲν
1851 3600 1938 3652 Ἐ-

357 3687 540 3762 cap-«ip.
589 3689 618 3741 ὁ
675 3688 999 3758 Θαυμάσιος,
1049 3689 1108 3741 ὲν
1167 3688 1543 3759 Ἀλεξανδρείᾳ
1581 3689 1636 3742 δὲ
1681 3691 1939 3762 διέπρεπε

357 3781 614 3850 Δίδυμος,
638 3779 778 3833 κατὰ
823 3779 934 3832 τῶν
967 3773 1275 3834 ἅντιπᾶλων
1318 3781 1416 3848 τῆς
1455 3781 1710 3852 ἀληθείας
1738 3783 1940 3852 δογμά-

359 3890 468 3928 των
522 3871 948 3940 συγγράφοντες.
983 3871 1093 3924 Καὶ
1143 3864 1298 3935 οὗτος
1357 3872 1456 3942 μὲν
1511 3876 1576 3944 τῇ
1621 3875 1808 3944 Σύρων
1845 3891 1939 3928 κε-

357 3963 639 4036 χρημένος
701 3965 876 4032 φωνῇ,
928 3963 1027 4032 τῆς
1051 3965 1426 4035 πνευματικῆς
1461 3964 1678 4034 χάριτος
1707 3965 1804 4028 τὰς
1843 3965 1940 4018 ἀκ-

355 4057 515 4115 τῖνας
557 4051 732 4121 ἠφίει.
778 4052 1036 4115 Παιδείας
1069 4051 1180 4121 γὰρ
1212 4053 1272 4106 οὐ
1307 4054 1639 4123 γεγευμένος
1695 4053 1935 4124 Ἐλληνι-

362 4141 491 4210 κῆς,
526 4141 652 4206 τούς
681 4158 740 4194 τε
789 4141 1136 4212 πολυσχεδεῖς
1169 4142 1214 4175 ³⁸
1245 4142 1354 4196 τῶν
1395 4143 1662 4214 Ἑλλήνων
1693 4144 1937 4215 διήλεγξῖ

365 4232 634 4297 πλάνους,
676 4234 772 4287 καὶ
805 4233 984 4303 πάσης
1019 4235 1064 4266 ³⁸
1094 4235 1374 4305 αἱρετικῆς
1409 4237 1764 4308 κακοτεχνίας
1809 4238 1954 4306 ἐγὼ.

367 4343 549 4398 μνωσε
577 4326 674 4397 τὴν
697 4326 1004 4382 ἀσθένειαν.
1021 4328 1132 4380 Καὶ
1159 4329 1344 4399 ἐπειδὴ
1359 4330 1661 4400 ’Λρμόνιος,
1677 4334 1705 4384 ὁ
1730 4333 1936 4402 Ba.qu

361 4418 712 4489 σάνου,ᾠδάς
735 4435 884 4480 τινας
930 4419 1476 4482 συντεθείκειπὰλαι,
1502 4423 1596 4476 καὶ
1624 4427 1688 4494 τῇ
1720 4425 1814 4478 τοῦ
1845 4426 1938 4495 μέ-

356 4511 484 4574 λους
535 4511 696 4582 ἡδονῇ
744 4511 843 4577 τὴν
890 4509 1144 4565 ἀσέϐειαν
1193 4513 1432 4583 κεράσας
1483 4517 1770 4586 κατεκήλει
1811 4520 1938 4580 τοὺς

364 4601 680 4664 ἀκούοντας,
717 4601 812 4656 καὶ
843 4601 978 4673 πρὸς
1023 4601 1244 4674 ὄλεθρον
1268 4605 1490 4674 ῆγρευε,
1549 4605 1646 4670 τὴν
1674 4609 1936 4676 ἁρμονίαν

2281 3337 2436 3392 CAP.
2464 3337 2654 3392 xxvr.
2682 3338 2764 3412 [ιι.
2801 3336 2880 3394 St.
2908 3339 2974 3394 v.
3010 3340 3100 3394 ες).
3139 3341 3240 3395 cu.
3273 3340 3392 3416 27.]

2185 3425 2262 3481 De
2291 3426 2521 3498 Didyme
2547 3428 2912 3483 Alexandrina
2935 3438 2984 3484 et
3015 3426 3301 3498 Ephrme
3333 3432 3492 3504 Syro.

2119 3579 2272 3638 Tunc
2307 3583 2472 3638 etiam
2498 3585 2765 3653 temporis
2787 3584 3034 3651 Ephraem
3074 3584 3313 3647 Edessze.
3351 3595 3405 3642 et
3451 3589 3622 3666 Didy-

2042 3688 2166 3729 mus
2196 3675 2541 3730 Alexandrize.
2595 3677 2910 3732 claruerunt
2943 3694 2956 3730 :
2989 3693 3220 3746 quorum
3263 3687 3490 3750 uterque
3520 3686 3612 3738 ad-

2040 3780 2236 3822 versus
2273 3767 2462 3822 hostes
2489 3769 2732 3823 veritatis
2771 3769 3088 3836 dogmatum
3125 3772 3290 3828 libros
3331 3775 3519 3832 edidit.
3550 3777 3618 3833 Et

2042 3861 2133 3916 ille
2161 3861 2384 3930 quidem
2420 3861 2642 3934 Syriaca
2679 3880 2812 3918 usus
2843 3865 3049 3934 lingua,
3087 3867 3394 3935 spiritualis
3428 3873 3618 3940 gratiae

2041 3953 2225 4008 radios
2239 3953 2596 4008 diﬂ‘undehat.
2611 3954 2746 4009 Nam
2764 3957 2864 4011 etsi
2881 3957 3160 4026 gentilium
3174 3959 3492 4028 disciplinas
3505 3979 3616 4020 non

2041 4047 2381 4116 degustarat,
2403 4047 2736 4115 multiplices
2753 4032 2934 4103 tamen
2953 4048 3170 4104 illorum
3193 4061 3499 4118 errores,et
3515 4053 3619 4109 ha)-

2044 4152 2222 4191 resum
2245 4137 2490 4192 omnium
2516 4137 2918 4194 fraudulentam
2957 4141 3387 4198 imbecillitatem
3417 4143 3619 4216 patefe-

2040 4229 2132 4283 cit.
2152 4229 2408 4299 Idemque
2433 4231 2690 4299 quoniam
2711 4230 3064 4300 llarmonius,
3089 4234 3418 4290 Bardesanis
3449 4237 3616 4305 filius,

2041 4320 2174 4375 odas
2205 4322 2468 4390 quasdam
2487 4322 2615 4374 olim
2635 4331 3041 4391 composuerat,
3062 4333 3115 4380 et
3135 4327 3420 4382 modorum
3439 4331 3622 4384 suavi-

2041 4413 2135 4467 tati
2161 4413 2393 4467 admista
2426 4415 2704 4484 impietate
2738 4415 3022 4471 audientes
3047 4417 3411 4485 demulcebat,
3437 4423 3620 4492 rapie-

2040 4505 2239 4574 batque
2257 4505 2320 4558 ad
2335 4505 2876 4568 exitium,modorum
2893 4517 3160 4562 euneentu
3176 4509 3300 4563 inde
3317 4524 3618 4582 assumpto,

2041 4596 2301 4665 pietatem
2332 4595 2552 4660 indidit,
2580 4598 3160 4668 jucundissimumque
3182 4604 3203 4620 ‘
3227 4599 3392 4654 simul
3415 4611 3466 4655 et
3487 4603 3620 4658 utile

354 4689 454 4744 τοῦ
489 4691 687 4761 μέλους
735 4689 942 4744 ἐκεῖθεν
985 4687 1184 4750 λαϐὼν,
1236 4691 1458 4760 ἀνέμιξε
1499 4691 1596 4761 τὴν
1634 4693 1936 4756 εὐσέϐειαν,

2045 4687 2398 4742 audientibus
2428 4690 2888 4744 medicamentum
2917 4691 3184 4745 exhibuit.
3219 4691 3350 4756 Quae
3373 4695 3617 4747 carmina

353 4782 455 4836 καὶ
507 4783 868 4854 προσενήνοχε
927 4783 1040 4844 τοῖς
1086 4779 1375 4833 ἀκούουσιν
1409 4781 1624 4852 ἥδιστον
1661 4782 1795 4852 ὁμοῦ
1844 4783 1937 4837 καὶ

349 4874 680 4945 ὀνησιφόρον
733 4873 1042 4945 φάρμακον.
1081 4871 1268 4924 Ταῦτα
1319 4873 1413 4926 καὶ
1465 4873 1559 4926 νῦν
1605 4873 1672 4928 τὰ
1715 4874 1936 4947 ᾄσματα

351 4962 721 5034 φαιδροτέρας
747 4961 856 5016 τῶν
889 4961 1202 5032 νικηφόρων
1250 4961 1542 5034 μαρτύρων
1573 4964 1672 5026 τὰς
1700 4965 1936 5036 πανηγύ·

353 5071 488 5124 ρεις,
515 5055 678 5107 ποιεῖ.
746 5053 806 5106 Ὀ
859 5052 918 5105 δὲ
965 5052 1214 5122 Δίδυμος,
1262 5054 1516 5108 παιδόθεν
1557 5056 1656 5125 τῆς
1703 5059 1935 5128 ὀπτικῆς

349 5141 718 5214 ἐστερημένος
739 5140 1063 5213 αἰσθήσεως,
1081 5144 1176 5196 καὶ
1198 5145 1496 5216 ποιητικῶν
1513 5148 1607 5199 καὶ
1633 5149 1936 5218 ῥητορικῶν

352 5234 622 5305 μετέλαχε
662 5235 1068 5302 παιδευμάτων,
1099 5235 1470 5307 ἀριθμητικῆς
1502 5254 1560 5289 τε
1594 5239 1684 5290 καὶ
1719 5256 1933 5308 γεωμε-

331 5327 536 5400 τρίας,
573 5327 669 5382 καὶ
706 5329 1070 5400 ἀστρονομίας
1119 5330 1184 5394 ³⁷,
1226 5330 1323 5383 καὶ
1365 5329 1472 5382 τῶν
1531 5330 1932 5402 Ἀριστοτέλους

2045 4794 2193 4833 nunc
2227 4781 2389 4832 etiam
2427 4781 2885 4851 triumphantium
2918 4791 3218 4852 martyrum
3242 4783 3378 4837 festa
3415 4785 3618 4839 laztim-a

2043 4871 2302 4925 reddunt.
2345 4870 2608 4942 Didymus
2630 4883 2838 4938 autem,
2863 4887 2890 4926 a
2922 4889 3093 4942 puero
3128 4889 3292 4930 sensu
3331 4877 3617 4930 oculorum

2042 4964 2295 5029 orbatus,
2336 4972 2389 5017 et
2420 4965 2653 5034 poeticis
2683 4981 2748 5020 ac
2776 4965 3072 5020 rhetoricis
3095 4965 3401 5037 disciplinis
3423 4969 3616 5022 excul-

2043 5064 2132 5110 tus
2180 5064 2300 5119 est,
2337 5063 2392 5110 et
2432 5056 2867 5121 arithmeticam,
2923 5058 3310 5127 geometriam,
3369 5068 3619 5112 astrono-

2041 5149 2228 5213 miam,
2271 5149 2486 5220 1009
2514 5151 2828 5206 Aristotelis
2869 5150 3237 5222 syllogismos,
3278 5162 3332 5206 et
3371 5153 3617 5208 Platonis

2042 5241 2364 5295 facundiam
2395 5242 2610 5296 aurium
2643 5243 2976 5311 adiumentis
3013 5243 3225 5309 didicit,
3277 5258 3389 5298 non
3456 5245 3616 5313 quasi

2039 5333 2326 5387 veritatem
2362 5332 2470 5388 ista
2500 5333 2760 5400 doceant,
2793 5333 2887 5388 sed
2920 5333 3064 5405 quod
3092 5347 3246 5388 arma
3277 5334 3394 5391 sint
3422 5336 3620 5390 verita-

1658 5507 1895 5564 VARM“.
1937 5507 2343 5566 LECTIONES.

425 5600 474 5633 ⁸⁸
532 5596 854 5674 μονάζοντες
875 5616 964 5674 -κ.
1009 5617 1069 5674 fc.
1121 5599 1452 5674 τίαν-καιρὸν
1502 5602 1681 5674 διέπρ.
1719 5604 1924 5659 habent
1957 5616 2168 5674 uetera:
2235 5605 2395 5660 editt.

1657 5675 1791 5748 asil.
1833 5674 1952 5748 (in,
2006 5675 2276 5748 ljlipiphan.
2305 5675 2444 5748 Ylll,
2487 5679 2540 5734 6.
2580 5674 2897 5748 'Conlirma't
2930 5679 3160 5748 Niceph.
3205 5679 3271 5734 Η.
3311 5679 3371 5734 Ε.
3397 5679 3486 5739 XI.
3519 5681 3610 5737 4.1.

352 5681 513 5740 πλος.
550 5670 844 5740 Nemeum
873 5669 1062 5740 Steph.
1143 5669 1189 5740 ’ξ
1219 5669 1577 5740 Ζευγμάτιος.

2501 5609 2548 5642 ³⁰
2580 5608 2742 5680 βιωτ.
2785 5608 2975 5680 Basil.
3005 5608 3100 5664 Gr.
3151 5609 3307 5680 vitio.
3400 5611 3448 5680 7“
3479 5611 3617 5665 Ποῦ-

347 5739 670 5822 λειμῶσι.
701 5739 850 5822 idem
873 5737 1235 5822 eum“Ste.phl.‘
1291 5737 1346 5772 ⁸⁸
1369 5737 1814 5822 Ἐδέσσῃκυοείι.
2019 5737 2065 5822 ’ξ
2091 5737 2454 5817 πολυσχιδεῖς,
2500 5767 2555 5822 q.
2592 5751 2647 5806 (Ι.
2685 5747 3012 5816 multiﬁdus,
3043 5737 3321 5820 eleganter
3363 5737 3614 5804 rescribit

351 5806 631 5864 Valesius.
711 5806 975 5862 δι’πᾶσαν.
1009 5806 1174 5866 Basil.
1196 5809 1292 5863 Gr.

1375 5811 1418 5842 ³⁷
1455 5811 1832 5883 ἀστρολογίας.
1871 5814 2144 5872 Valesius.
