4124 6404
509 378 640 445 1191

1493 377 1979 437 THEODORETI
2019 371 2358 439 EPISCOPI
2396 378 2761 440 CYRENSIS

3634 376 3767 441 illi!

505 492 576 546 tis
601 496 796 544 contra
839 486 1208 540 mendacium.
1247 484 1430 539 Sacrae
1469 499 1603 539 vero
1644 482 1946 553 Scriptura:
1975 498 2078 538 non

2188 485 2584 555 συλλογισμῶν,
2615 484 2835 554 καὶτῆς
2882 486 3167 550 Πλάτωνος
3208 487 3484 554 εὐεπείας,
3527 489 3618 543 διὰ
3658 489 3767 545 «iw

504 582 683 638 solum
708 580 944 643 litteras,
979 579 1073 635 sed
1102 578 1268 632 etiam
1307 578 1610 632 sententias
1644 576 1954 645 perdidicit.
1986 574 2082 629 ln-

503 683 587 729 ter
612 672 852 728 cultores
880 670 1047 739 igitur
1108 672 1232 722 vitae
1262 668 1552 738 religiosae,
1607 668 1933 737 virtutisque
1964 674 2081 722 stu-

502 763 715 825 diosos.
751 763 844 817 illo
872 770 1117 830 tempore
1147 760 1388 814 illustres
1413 760 1467 812 hi
1508 759 1681 813 fuere.

2185 575 2363 629 ἀκοῶν
2396 574 2699 640 εἰσεδέξατο
2746 577 2813 629 τᾶ
2871 576 3190 647 μαθήματα,
3242 578 3341 648 οὐχ
3385 577 3463 641 ὡς
3509 579 3767 651 ἀλήθειαν

2182 664 2595 729 ὲκπαιδεύοντα,
2634 665 2746 719 ἀλλ’
2787 667 2861 730 ὡς
2893 669 3031 721 ὅπλα
3072 669 3170 739 τῆς
3220 669 3478 740 ἀληθείας
3508 671 3646 725 κατά
3670 673 3764 725 τοῦ

2180 757 2410 827 ψεύδους
2469 759 2789 828 γιγνόμενα.
2831 761 2938 813 Καὶ
2969 760 3152 830 μέντοι
3188 761 3283 814 καὶ
3314 762 3409 831 τῆς
3439 762 3590 825 θείας
3621 764 3768 835 Γρα-

501 855 612 926 φῆς
643 855 961 925 μεμάθηκεν
995 853 1055 905 ού
1089 851 1250 922 μόνον
1278 853 1346 905 τὰ
1370 852 1677 923 γράμματα
1715 851 1784 919 ³⁸,
1822 850 1960 905 ἀλλὰ
1994 850 2091 905 καὶ
2125 850 2193 904 τὰ
2225 850 2430 904 τούτων
2476 853 2726 923 νοήματα
2759 853 2824 905 ³⁹.
2877 853 2966 905 Ἐν
3018 852 3118 922 μὲν
3176 848 3268 906 οὖν
3328 853 3614 925 ἀσκηταῖς,
3672 856 3768 911 καὶ

500 948 597 1021 τῆς
625 947 824 1017 ἀρετῆς
866 947 1232 1014 φροντισταῖς,
1271 937 1417 998 οὗτοι
1456 944 1576 997 κατ’
1617 945 1827 998 ἐκεῖνον
1858 944 2156 1014 διέλαμπον
2181 944 2272 998 τὸν
2303 944 2514 1016 καιρόν.

707 1034 860 1091 CAP.
898 1033 1113 1087 XXVII.
1148 1033 1233 1106 [Β.
1256 1034 1346 1090 St.
1378 1034 1439 1090 ν.
1476 1035 1569 1089 30.
1597 1034 1701 1091 Ch.
1730 1033 1848 1106 28.]

501 1129 734 1196 Quinam
754 1126 861 1180 .hoc
890 1136 1118 1196 tempore
1150 1127 1205 1178 in
1231 1126 1434 1179 Asiana
1469 1134 1519 1179 et
1568 1124 1797 1180 Pontica
1846 1124 2084 1179 illustres

1076 1195 1271 1251 fuerint
1296 1196 1546 1264 episcopi.

571 1293 717 1347 Inter
734 1291 1033 1361 episcopos
1085 1305 1214 1344 vero
1256 1291 1602 1345 emicuerunt
1655 1289 1765 1344 duo
1798 1288 2084 1360 Gregorii,

499 1383 882 1440 Nazianzenus
911 1394 962 1437 et
999 1381 1304 1451 Nysscnus,
1344 1397 1578 1451 quorum
1615 1382 1704 1436 hic
1734 1381 1953 1451 quidem
1985 1382 2087 1437 fra-

500 1482 606 1542 ter,
643 1475 732 1527 ille
780 1488 912 1527 vero
948 1472 1364 1526 contubernalis
1412 1483 1464 1527 et
1492 1472 1712 1542 adiutor
1744 1472 1849 1527 fuit
1895 1473 2080 1543 magni

500 1565 710 1621 Basilii.
752 1563 816 1617 Ili
851 1564 905 1617 in
938 1562 1286 1632 Cappadocia
1332 1563 1618 1617 veritatem
1666 1574 2081 1634 propugnantes

503 1657 801 1712 fortissime
846 1655 1185 1709 dimicabant
1225 1672 1237 1708 :
1293 1662 1501 1709 etcum
1565 1654 1652 1709 his
1707 1666 1933 1710 strenue
1966 1670 2082 1711 rem

500 1748 664 1802 etiam
689 1746 910 1817 gerebat
941 1744 1159 1811 Petrus,
1193 1745 1387 1800 iisdem
1422 1746 1644 1816 quidem
1682 1746 1886 1816 quibus
1929 1746 2082 1801 Basi-

502 1841 608 1896 lius
647 1850 697 1895 et
727 1838 1025 1909 Gregorius
1078 1838 1397 1907 parentibus
1437 1846 1621 1901 natus,
1672 1837 1768 1892 sed
1816 1838 2079 1903 externis,

2772 1034 3024 1090 ΚΕΦΑΛ.
3059 1037 3186 1089 KZ’.

2188 1124 2383 1198 ΤίνεςΔ
2407 1124 2478 1198 ἐκ
2519 1124 2596 1194 τῇ
2632 1124 2874 1193 Ἀσιανῇ
2931 1126 3028 1198 καί
3061 1125 3323 1195 Ποντικῇ
3355 1128 3402 1160 ⁸⁸
3445 1128 3772 1198 διέπρεπον

2358 1195 2686 1250 ἐπίσκοποι
2730 1198 2879 1249 κατὰ
2933 1197 3152 1250 τοῦτον
3203 1198 3311 1250 τὸν
3352 1195 3582 1268 καιρόν.

2269 1286 2358 1339 Ἑν
2408 1288 2729 1350 ἐπισκόποις
2763 1287 2817 1339 δὲ
2866 1287 3167 1357 Γρηγόριος
3202 1288 3462 1353 ἑκάτερος
3507 1291 3535 1343 ὃ
3561 1308 3621 1344 τε
3648 1292 3770 1345 Να-

2184 1375 2402 1441 ζιανζοῦ
2452 1379 2548 1432 καὶ
2578 1380 2607 1431 6
2656 1379 2898 1451 Νύσσης,
2938 1381 2967 1433 ὁ
3008 1379 3105 1449 μὲν
3130 1379 3378 1448 ἁδελφὸς,
3408 1384 3437 1434 6
3466 1381 3524 1434 δὲ
3562 1384 3774 1454 σύσκηο

2183 1470 2273 1533 νός
2296 1486 2355 1522 τε
2381 1470 2475 1523 καὶ
2524 1473 2785 1538 συνεργὸς
2814 1470 2910 1523 τοῦ
2955 1470 3191 1540 μεγάλου
3232 1471 3510 1524 Βασιλείου
3562 1478 3771 1543 τυγχά-

2184 1576 2313 1613 νων.
2366 1552 2526 1612 Οὗτοι
2557 1558 2657 1629 μὲν
2704 1556 2795 1612 οὖν
2845 1562 2903 1612 ἐν
2950 1560 3316 1631 Καππαδοκίᾳ
3354 1562 3452 1631 τῆς
3486 1561 3772 1626 εὐσεϐείας

2188 1650 2635 1721 ὑπερμαχοῦντες
2691 1651 2996 1722 ἠρίστευον·
3064 1652 3417 1723 συνηρίστευε
3468 1653 3523 1705 δὲ
3582 1656 3771 1718 αὐτοῖς

2187 1745 2281 1798 καὶ
2316 1744 2541 1816 Πέτρος,
2578 1746 2907 1815 γεννήτορας
2942 1746 3038 1815 μὲν
3065 1745 3325 1816 Βασιλείῳ
3359 1747 3453 1799 καὶ
3478 1747 3768 1817 Γρηγορίῳ

2187 1837 2312 1899 τοὺς
2349 1836 2547 1899 αὐτοὺς
2599 1835 2887 1907 ἐσχηκὼς,
2918 1838 3015 1906 τῆς
3043 1837 3098 1889 δὲ
3144 1836 3380 1907 θύραθεν
3414 1838 3658 1900 παιδείας
3701 1838 3765 1889 οὐ

502 1943 564 1988 ut
598 1933 695 1998 illi,
736 1929 1043 2000 disciplinis
1097 1944 1205 1983 non
1234 1931 1560 1995 instructus,
1615 1930 1740 1983 vilze
1793 1937 1977 1984 tamen
2028 1938 2078 1985 et

2188 1926 2522 1995 μετειληχὼς
2562 1925 2658 1979 σὺν
2692 1925 2941 1990 ἐκείνοις,
2974 1926 3073 1988 τὰς
3101 1925 3157 1978 δὲ
3191 1926 3285 1980 τοῦ
3329 1925 3443 1996 βίου
3478 1943 3771 1997 μαρμαρυ-

501 2026 619 2093 ipse
658 2022 904 2077 claritate
948 2021 1308 2092 conSpicuus.
1336 2020 1398 2075 In
1455 2019 1661 2075 Pisidia
1696 2028 1878 2074 autem
1925 2017 2082 2089 Opti-

503 2132 647 2181 mus,
678 2122 733 2171 et
764 2113 1181 2182 Amphilochius
1208 2114 1261 2168 in
1294 2112 1590 2185 Lycaonia,
1644 2127 1752 2182 .pro
1802 2113 1947 2166 avita
1978 2113 2081 2168 tide

501 2208 627 2263 forti
656 2212 839 2263 animo
866 2215 1077 2262 stantes
1111 2208 1165 2261 in
1199 2208 1337 2270 acie,
1370 2207 1601 2263 hostiles
1630 2207 1868 2277 impetus
1903 2206 2080 2276 repel-

502 2300 706 2355 lebant.
740 2300 796 2354 In
827 2297 1126 2355 Occidente
1152 2314 1285 2354 vero
1316 2300 1579 2355 Damasus
1626 2300 1922 2369 episcopus
1968 2297 2079 2353 Ro-

500 2410 620 2459 mae,
654 2404 708 2449 et
728 2395 1051 2450 Ambrosius
1082 2392 1449 2447 Mediolanum
1501 2409 1721 2463 regens.
1771 2409 1869 2448 eos
1916 2392 2080 2448 ferie-

499 2487 651 2552 bant,
683 2488 775 2557 qui
807 2487 1032 2542 remotis
1058 2502 1088 2541 e
1118 2487 1255 2540 locis
1285 2486 1393 2540 tela
1421 2487 1794 2555 conjiciebant
1820 2504 1831 2539 :
1865 2496 1920 2540 et
1949 2500 2074 2540 cum

500 2578 609 2632 illis
641 2578 695 2631 hi
733 2579 896 2632 etiam
930 2577 1025 2647 qui
1061 2577 1285 2631 ultimas
1316 2577 1371 2631 in
1405 2591 1533 2632 oras
1569 2576 1787 2631 fuerant
1831 2575 2077 2645 relegati,

499 2677 555 2724 et
600 2685 731 2726 suos
770 2685 872 2740 per
922 2669 1135 2723 litteras
1171 2668 1592 2732 confirmabant,
1642 2676 1698 2723 et
1737 2671 1924 2723 hostes
1954 2683 2080 2738 pes-

500 2762 849 2818 sumdabant.
879 2761 1151 2816 Excitavit
1183 2762 1329 2816 enim
1354 2762 1598 2816 omnium
1630 2761 1944 2817 Moderator
1977 2776 2079 2831 gu—

500 2853 819 2909 bernatores
870 2869 1035 2924 pares
1083 2853 1447 2923 magnitudini
1490 2854 1860 2924 tempestatis,
1897 2853 2078 2909 etho-

500 2946 664 3000 stium
700 2946 914 3015 1010
946 2944 1219 2999 violentiae
1258 2945 1514 2998 virtutem
1544 2945 1745 2998 ducum
1798 2944 2077 3015 opposuit,

498 3036 914 3107 ditlicultatique
944 3046 1253 3108 temporum
1297 3036 1584 3091 commoda
1617 3037 1857 3091 remedia
1907 3036 2077 3091 dedit.

500 3128 610 3183 Nec
655 3144 782 3184 vero
828 3130 930 3183 hac
982 3130 1157 3183 solum
1214 3128 1556 3198 providentia
1607 3128 1884 3183 Eeclcsias
1923 3129 2080 3183 heni-

498 3238 639 3292 gnus
680 3221 943 3277 Dominus
983 3223 1269 3291 impertiit,
1302 3221 1397 3277 sed
1427 3222 1534 3275 alia
1568 3221 1731 3276 etiam
1768 3221 1889 3276 illas
1919 3236 2080 3276 cura-

501 3312 653 3367 tione
683 3310 940 3381 dignatus
971 3320 1071 3366 est.
1322 3298 1326 3303 ⁴

814 3593 832 3613 θ
860 3591 1008 3648 CAP.
1036 3590 1275 3647 XXVIII.
1316 3590 1402 3662 [Β.
1440 3590 1520 3645 St.
1552 3589 1619 3645 ν.
1653 3588 1769 3663 51.]

502 3684 579 3741 De
606 3685 796 3739 litteris
827 3701 859 3737 a
922 3684 1141 3738 Valente
1174 3685 1239 3737 de
1270 3684 1404 3755 bello
1461 3684 1674 3755 scriptis
1720 3683 1789 3736 ad
1830 3700 2078 3755 magnum

680 3755 1132 3829 Valentinianum,
1158 3766 1208 3806 et
1244 3754 1308 3807 de
1336 3754 1422 3821 pio
1448 3754 1608 3816 hujus
1641 3770 1912 3824 responso.

568 3909 864 3965 Gothorum
934 3911 1078 3965 enim
1132 3918 1349 3981 gentem
1406 3911 1472 3966 ad
1528 3913 1732 3967 bellum
1789 3914 2076 3979 excitans,

501 4003 648 4057 illum
689 4003 782 4073 qui
838 4012 1027 4057 contra
1082 4004 1206 4072 pios
1250 4005 1401 4061 solos
1464 4006 1669 4061 bellare
1717 4015 1944 4062 noverat
2010 4008 2078 4062 ad

498 4094 800 4165 Bosyorum
846 4097 1128 4164 pertraxit.
1158 4095 1295 4151 Tum
1335 4098 1506 4153 futilis
1534 4100 1625 4153 ille
1650 4099 2075 4154 imbecillitatem

497 4203 652 4243 suam
687 4204 1013 4257 agnoscens,
1051 4189 1120 4242 ad
1181 4190 1404 4245 fratrem
1442 4191 1590 4245 misit
1622 4192 1714 4259 qui
1773 4191 2077 4246 exercitum

499 4286 767 4347 peterent.
831 4279 1140 4349 Rescripsit
1195 4280 1388 4346 frater,
1431 4281 1586 4336 nefas
1650 4296 1965 4350 esseopem
2026 4281 2077 4334 ei

498 4370 665 4431 ferre,
704 4370 797 4438 qui
830 4382 951 4423 cum
997 4369 1105 4425 Deo
1139 4372 1339 4426 bellum
1370 4383 1558 4442 gerat:
1593 4373 1714 4440 ejus
1772 4374 1955 4442 potius
2005 4378 2078 4424 te-

496 4458 799 4513 meritatem
827 4459 948 4528 jure
985 4463 1348 4517 coercendam
1398 4461 1588 4516 videri.
1626 4462 1750 4516 llazc
1800 4461 2074 4515 infelicem

494 4546 648 4601 illum
688 4549 924 4605 tristitia‘
961 4553 1416 4622 compleverunt:
1449 4568 1480 4605 a
1535 4552 1842 4606 temeritate
1893 4560 2074 4608 tamen

2184 2016 2284 2087 γὰς
2310 2017 2512 2085 ἀφιείς.
2560 2016 2648 2069 Ἐν
2688 2018 2908 2088 Πισιδίᾳ
2954 2017 3011 2071 δὲ
3049 2019 3343 2087 Ὄπτιμος,
3373 2018 3468 2071 καὶ
3511 2017 3771 2088 Ἀμφιλό-

2183 2122 2298 2176 χιος
2319 2107 2377 2160 ἐν
2430 2106 2723 2177 Λυκαονία,
2752 2105 2907 2179 [193]
2959 2109 3223 2176 γενναίως
3259 2110 3400 2180 ὑπὲρ
3437 2110 3534 2180 τῆς
3566 2127 3770 2181 προγο-

2183 2198 2340 2267 νικῆς
2386 2200 2857 2269 παραταττόμενοι
2908 2200 3164 2265 πίστεως,
3220 2200 3317 2265 τὰς
3372 2202 3619 2266 ἐναντίας
3657 2204 3769 2255 ἀπ·-

2183 2290 2472 2357 εκρούοντο
2505 2289 2829 2360 προσϐολάς.
2870 2291 2956 2343 Ἐν
2990 2292 3046 2345 δέ
3089 2310 3151 2361 γε
3183 2295 3250 2363 τῇ
3293 2292 3522 2365 ἑσπέρᾳ,
3578 2294 3767 2363 Δάμα-

2185 2397 2277 2445 σος
2325 2383 2421 2453 μὲν
2470 2383 2568 2452 τῆς
2606 2382 2823 2453 Ῥώμης
2850 2383 3169 2453 ἡγούμενος,
3211 2385 3533 2455 Ἀμϐρόσιος
3570 2385 3626 2437 δὲ
3650 2387 3767 2438 Με-

2182 2472 2420 2527 διόλανον
2485 2474 2681 2528 ἰθύνειν
2740 2476 3211 2547 πεπιστευμένος,
3291 2478 3418 2539 τοὺς
3478 2477 3765 2549 πόρρωθεν

2183 2566 2562 2631 ἀκοντίζοντας
2595 2567 2820 2621 ἔϐαλλον
2852 2570 2891 2599 δ¹
2916 2585 2929 2599 ·
2977 2570 3073 2621 καὶ
3116 2567 3254 2639 μετὰ
3285 2570 3508 2634 τούτων,
3559 2572 3609 2622 oi
3658 2569 3765 2633 τὰς

2183 2657 2435 2726 ἐσχατιὰς
2462 2661 2629 2711 οίκείν
2659 2661 3103 2730 ἠναγκασμένοι,
3163 2661 3453 2732 γράμμασι
3490 2662 3585 2714 καὶ
3631 2663 3765 2725 τοὺς

2182 2751 2416 2815 οἰκείους
2468 2752 2771 2823 ἐστήριζον,
2822 2753 2915 2805 καὶ
2967 2754 3092 2816 τοὺς
3140 2754 3433 2824 πολεμίους
3477 2753 3760 2807 κατέλυον.

2195 2843 2582 2915 Ἀντιρρόπους
2610 2845 2717 2915 γὰρ
2763 2845 2841 2914 τῷ
2873 2844 3096 2915 μεγέθει
3151 2844 3245 2900 τοῦ
3295 2845 3561 2909 κλύδωνος
3591 2846 3759 2900 ἔδωκε

2183 2937 2521 3007 κυϐερνήτας
2548 2936 2656 2989 τῶν
2689 2937 2823 2991 ὅλων
2857 2938 2887 2989 6
2913 2937 3207 3009 Πρύτανις,
3231 2940 3325 2993 καὶ
3353 2942 3419 3011 τῇ
3456 2939 3563 2993 τῶν
3595 2939 3759 2992 πολε-

2186 3028 2323 3098 μίων
2374 3027 2419 3058 ⁸³
2461 3029 2781 3101 σφοδρότητι
2810 3030 2910 3100 τὴν
2955 3029 3065 3082 τῶν
3114 3031 3439 3101 στρατηγῶν
3471 3031 3762 3096 ἀντέταξεν

2182 3118 2404 3189 ἀρετὴν,
2438 3119 2532 3171 καὶ
2583 3120 2871 3191 πρόσφορα
2911 3124 2975 3191 τῇ
3024 3121 3117 3175 τοῦ
3148 3122 3342 3192 καιροῦ
3387 3122 3644 3193 δυσκολίᾳ
3694 3125 3763 3175 τὰ

2182 3208 2479 3275 ἀλεξίκακα
2509 3208 2676 3263 ἔδωκε
2728 3213 3017 3281 φάρμακα.
3053 3214 3128 3266 Ού
3160 3214 3316 3283 μόνον
3346 3213 3401 3267 δὲ
3430 3214 3630 3285 ταύτης
3661 3214 3763 3284 τῆς

2110 3300 2159 3363 C
2196 3297 2537 3369 προμηθείας
2576 3302 2696 3363 ταῖς
2752 3301 3097 3371 Ἐκκλησίαις
3150 3303 3449 3373 μετέδωκεν
3491 3305 3519 3356 6
3571 3304 3759 3373 φιλὰνο

2185 3387 2404 3460 θρωπος
2445 3389 2669 3460 Κύριος,
2696 3391 2832 3445 ἀλλὰ
2866 3396 2960 3446 καὶ
3007 3394 3201 3463 ἑτέρας
3233 3395 3402 3459 αὐτὰς
3437 3395 3763 3467 κηδεμονίας

2181 3482 2403 3554 ἠξίωσε.

2758 3600 3010 3662 ΚΕΦΑΛ,
3064 3600 3196 3655 KII’.

2181 3687 2321 3756 Περὶ
2359 3688 2501 3768 τῷις·Δ
2527 3690 2688 3768 παρᾴ
2728 3693 3030 3768 Βξὶλεκζος
3074 3692 3152 3758 τῷ
3186 3696 3429 3768 μεγάλῳ
3481 3699 3764 3768 Balaru-

2251 3760 2443 3835 νιαιςῷ
2458 3760 2502 3791 ⁸³
2531 3762 2794 3835 ,περὶτοῦ
2814 3764 3081 3835 πολέμου
3109 3760 3476 3835 σφαρέντών,
3508 3768 3607 3819 καί
3641 3766 3764 3821 τῶν

2249 3829 2385 3897 παρ’
2420 3831 2656 3885 ἐκείνου
2680 3833 2929 3898 πίστεως
2964 3829 3009 3865 ⁸³⁵
3044 3829 3542 3906 ἀκτιγραφέντών.

2252 3919 2325 3972 Τὸ
2352 3921 2459 3991 γὰρ
2488 3923 2594 3975 τῶν
2626 3921 2840 3976 Γότθων
2867 3924 3019 3987 ἔθνος
3066 3930 3451 3999 παρα-κινήσας
3485 3930 3564 3992 είς
3597 3928 3763 3982 πόλει

2182 4029 2302 4082 μον,
2354 4014 2446 4066 ἐπὶ
2494 4014 2585 4069 τὸν
2643 4013 2915 4086 Βόσπορον
2964 4016 3184 4070 εἵλκυσε
3251 4019 3341 4072 τὸν
3392 4019 3531 4073 κατὰ
3581 4022 3761 4089 μόνων

2176 4103 2284 4158 τῶν
2313 4105 2554 4160 εὐσεϐῶν
2602 4107 2962 4178 μεμαθηκότα
3011 4110 3347 4181 στρατεύειν.
3382 4112 3515 4165 Τότε
3544 4112 3608 4183 δὴ
3656 4114 3762 4183 τὴν

2177 4197 2385 4249 οἰκείαν
2434 4197 2717 4253 ἀσθένειαν
2766 4201 2795 4251 6
2850 4203 3077 4271 μάταιος
3139 4204 3415 4270 ἐγνωκὼς,
3469 4204 3761 4259 ἀπέστειλε

2178 4286 2314 4356 πρὸς
2347 4288 2439 4339 τὸν
2490 4289 2716 4359 ἀδελφὸν
2761 4294 3018 4363 στρατιὰν
3048 4292 3295 4359 ἐξαιτῶν.
3343 4297 3399 4348 '0
3428 4296 3485 4348 δὲ
3508 4297 3761 4351 ἐπέστει-

2176 4376 2268 4429 λεν
2315 4377 2383 4442 ¹⁵⁸,
2417 4378 2492 4440 ὡς
2539 4382 2637 4451 οὐχ
2688 4384 2836 4436 ὅσιον
2891 4385 3191 4453 ἐπαμύνειν
3246 4385 3401 4457 ἀνδρὶ
3433 4387 3761 4458 πολεμοῦντι

2176 4468 2316 4540 Θεῷ,
2350 4470 2555 4525 δίκαιον
2607 4472 2663 4526 δὲ
2693 4474 2792 4545 τὴν
2831 4476 3018 4529 τούτου
3054 4478 3391 4531 καταπαύειν
3418 4478 3756 4549 θρασύτητα.

2179 4561 2362 4616 Ταῦτα
2387 4563 2476 4615 τὸν
2505 4563 2737 4618 δείλαιον
2764 4568 2967 4620 ἐκεῖνον
3001 4568 3245 4638 μείζονος
3265 4570 3418 4633 ἀνίας
3438 4570 3756 4643 ἐνέπλησεν·

495 4647 604 4688 non
628 4638 884 4704 cessavit,
916 4637 1010 4694 scd
1043 4639 1098 4692 in
1134 4639 1500 4709 oppugnanda
1530 4640 1765 4696 veritate
1803 4643 2069 4712 perstitit.

2180 4654 2238 4706 οὐ
2289 4654 2395 4724 μὴν
2444 4654 2599 4725 ἔληξε
2631 4656 2731 4725 τῆς
2778 4637 3135 4729 θρασύτητος,
3172 4659 3287 4714 ἀλλ’
3340 4661 3571 4732 ἐπέμενε
3613 4637 3760 4718 κατὰ

861 4809 1016 4865 CAP.
1050 4809 1245 4865 χχιχ.
1279 4809 1361 4883 [Β.
1395 4810 1477 4867 St.
1503 4813 1568 4871 ν.
1597 4815 1712 4890 52.]

865 4901 942 4956 De
980 4900 1213 4957 Terentii
1252 4905 1460 4960 comitis
1480 4909 1694 4978 pietate.

563 4989 819 5047 Rcdierat
844 5009 911 5049 ex
938 4995 1197 5051 Armenia
1227 4998 1431 5054 erectis
1454 5000 1700 5058 victoriae
1723 5009 1947 5078 tropaeis
1968 5008 2075 5066 Te-

491 5084 702 5138 rentius
729 5085 838 5140 dux
892 5089 1411 5157 prmstantissimus,
1470 5101 1525 5149 et
1577 5097 1781 5167 pietate
1818 5102 2071 5173 insignis.

494 5174 635 5228 llnic
668 5178 945 5244 optionem
984 5178 1189 5238 Valens
1222 5199 1346 5239 cum
1384 5185 1624 5244 dedisset
1666 5193 1884 5261 petendi
1922 5196 2067 5263 quod

493 5263 678 5326 vellet,
711 5270 866 5336 petiit
901 5271 1017 5342 ipse
1058 5273 1202 5342 quod
1236 5275 1456 5344 pietatis
1494 5279 1775 5336 alumnum
1819 5283 2065 5340 decebat.

2176 4745 2279 4816 τῆς
2308 4745 2567 4817 ἀληθείας
2594 4751 3098 4821 παραταττόμενος.

2740 4845 2990 4899 ΚΕΦΑΛ.
3027 4843 3154 4899 ΚΘ’.

2313 4928 2455 4996 Περὶ
2492 4928 2600 4996 τῆς
2651 4934 2954 5000 Τερεντίου
2980 4936 3240 5004 κόμητος
3279 4938 3606 5003 εὐσεϐείας.

2264 5016 2533 5088 Ἐπανῆκε
2570 5021 2666 5091 μὲν
2699 5021 2806 5090 γὰρ
2835 5023 2941 5078 ἀπὸ
2989 5025 3085 5094 τῆς
3137 5027 3425 5097 Ἀρμενίας
3468 5027 3757 5098 Τερέντιος

2170 5107 2408 5178 τρόπαια
2448 5112 2671 5182 στήσας
2701 5108 2768 5183 ἦν
2799 5113 2855 5166 δὲ
2897 5118 3199 5186 στρατηγὸς
3228 5118 3479 5189 ἄριστος,
3519 5120 3613 5173 καὶ
3656 5120 3751 5172 εύ-

2176 5200 2361 5272 σεϐείᾳ
2401 5203 2793 5273 κοσμούμενος.
2845 5206 3032 5277 Τούτῳ
3075 5208 3282 5277 δωρεὰν
3326 5210 3354 5262 6
3386 5210 3564 5281 Βάλης
3589 5210 3752 5281 αἰτῆ-

2178 5306 2267 5342 σαι
2293 5293 2646 5362 προσέταξεν·
2675 5298 2701 5350 ὀ
2733 5297 2788 5349 δὲ
2814 5299 3134 5367 ἐπήγγειλεν
3172 5300 3347 5372 ἥνπερ
3396 5301 3502 5355 ἔδει
3536 5301 3629 5357 τὸν
3652 5302 3746 5355 εύ-

1762 5476 1998 5533 VARIIE
2040 5480 2336 5539 LECTION
2346 5486 2449 5542 ES.

492 5736 826 5793 τος-Οὐαλ.
849 5742 1071 5797 Caetera:
1099 5747 1254 5802 edi-tt.

498 5804 671 5861 Basil.
712 5804 804 5860 Gr.
836 5818 891 5862 et
923 5811 1110 5880 Steph.
1145 5816 1483 5870 ἀπέστειλεν.

526 5594 1781 5698 ηδζξῄμεξξῄδιςρηζεμδίοποι-γοήμ.Ρίηοῑ
1810 5615 2000 5673 codex.
2043 5621 2376 5698 ξοιῐοντ-,ι
2431 5629 2544 5681 ‘Acr.
2599 5632 2839 5687 Cmterm.
2900 5633 2943 5668 ιι
2975 5631 3349 5698 ἀκοντίζοντες
3401 5637 3596 5693 ἔϐαλον
3639 5639 3744 5694 Ba-

495 5670 585 5767 sil:
618 5670 1227 5767 ng‘.q'_itar‘nﬂl_eet_iorie_rn
1259 5670 1646 5767 veriorem,"ut
1681 5687 1903 5767 Opinor,
1925 5670 2730 5767 connriiiat'llliiiepli:

2832 5704 2878 5736 δ’
2912 5704 3168 5773 πολέμων
3218 5705 3379 5759 idem.
3428 5707 3475 5739 ⁵³
3504 5709 3742 5763 Οὐάλεν-

1339 5748 1639 5850 Inflant”;
1671 5748 1932 5832 eipungit
1960 5748 2773 5835 Christophorsohus.’“1'-S'ic
2805 5782 2859 5828 ct
2884 5748 3738 5850 ’ἐξειίεὲἷῗξὲιὶ
