4124 6434
364 437 506 503 1193

1345 440 1940 504 ECCLESIASTIC/E
1980 441 2367 506 HISTORIA!
2436 443 2585 506 LIB.
2619 445 2719 508 IV.

3504 433 3642 519 119;

358 555 549 627 σεόείᾳ
577 552 1073 627 συντεθραμμένον.
1109 555 1318 631 ’ῌτησε
1348 556 1458 628 γὰρ
1482 556 1544 610 ού
1584 557 1806 628 χρυσὸν,
1828 556 1943 611 οὐδὲ

2056 557 2224 616 Petiit
2275 575 2446 625 enim,
2501 574 2614 615 non
2673 571 2890 623 aurum,
2953 569 3133 626 neque
3185 560 3497 626 argentum,
3527 567 3641 608 non

355 634 626 717 ἄργυρον,
657 646 719 699 οὐ
745 646 966 718 χωρίον,
994 646 1056 700 ού
1082 645 1425 713 δυναστείαν,
1453 649 1555 702 οὐκ
1586 649 1786 713 οίκίαν,
1828 648 1946 703 ἀλλ’

355 736 665 809 ἐκκλησίαν
692 738 1108 811 παρασχεθῆναι
1145 736 1276 810 μίαν
1318 740 1432 804 τοῖς
1457 739 1561 810 τῆς
1585 740 1950 811 ἀποστολικῆς

354 827 711 893 διδασκαλίας
769 827 1304 901 προκινδυνεύουσιν.
1367 829 1426 884 Ὀ
1472 830 1532 885 δὲ
1562 830 1661 901 τὴν
1711 831 1949 886 ἱκετείαν

353 920 673 991 δεξάμενος,
731 919 829 976 καί
872 922 1036 991 γνοὺς
1057 922 1131 994 τὰ
1161 923 1480 993 ὲγκείμενα,
1524 925 1837 995 χαλεπήνας
1874 925 1951 979 δι-

354 1010 583 1082 έρῤηξε,
620 1012 719 1067 καί
738 1011 788 1065 οί
821 1009 961 1067 ἄλλα
1002 1010 1123 1066 τινὰ
1152 1012 1376 1083 αἰτῆσαι
1408 1012 1762 1084 προσέταξεν.
1804 1012 1864 1065 '0
1892 1010 1950 1065 δὲ

352 1104 454 1174 τῆς
479 1103 694 1167 ἱκεσίας
722 1103 984 1171 συλλέξας
1008 1100 1077 1158 τὰ
1109 1103 1390 1175 ῥήγματαο
1413 1123 1432 1157 ι
1455 1103 1771 1177 Ἐδεξάμην,
1800 1103 1948 1176 H94)

353 1194 482 1265 ἔφη,
510 1188 557 1250 ὦ
591 1195 837 1267 βασιλεῦ,
879 1195 973 1250 καὶ
1018 1194 1129 1266 ἔχω
1160 1193 1223 1248 τὸ
1262 1195 1458 1266 δῶρον,
1493 1196 1590 1252 καὶ
1633 1196 1820 1269 ἕτερον
1849 1196 1950 1250 οὐκ

352 1287 587 1359 αἰτήσω.
644 1288 864 1343 Σκοποῦ
890 1288 999 1362 γὰρ
1044 1290 1239 1364 κριτὴς
1267 1291 1296 1344 ὁ
1347 1289 1456 1345 τῶν
1497 1288 1634 1345 ὅλων
1678 1291 1893 1362 κριτής.
1924 1307 1944 1342 ι

957 1484 1212 1539 ΚΕΦΑΛ.
1267 1484 1347 1539 A'.

423 1574 564 1646 Περὶ
589 1574 704 1647 τῆς
756 1576 1064 1645 Τραϊανοῦ,
1104 1575 1213 1630 τοῦ
1239 1573 1581 1646 στρατηγοῦ
1613 1572 1679 1641 ⁸⁸,
1719 1575 1951 1645 παρῤη-

1065 1647 1228 1713 σίας.

440 1736 662 1809 Ἐπειδὴ
690 1736 749 1791 δὲ
782 1736 875 1791 τὸν
909 1736 1187 1809 Βόσπορον
1229 1737 1424 1801 διαϐὰς
1471 1739 1553 1802 είς
1598 1737 1699 1810 τὴν
1728 1737 1951 1811 Θρᾴκην

2051 665 2267 722 agrum,
2316 667 2427 707 non
2478 658 2835 724 potestatem,
2870 662 2982 705 non
3031 648 3278 712 domum,
3330 645 3426 703 sed
3461 648 3641 703 eccle-

2052 742 2192 797 siam
2228 757 2395 798 unam
2429 743 2499 798 iis
2528 741 2759 798 concedi
2793 741 2886 813 qui
2927 754 3031 812 pro
3056 739 3309 794 doctrina
3338 737 3642 809 apostolica

2051 832 2427 889 decertabant.
2464 832 2662 890 Valens
2697 847 2851 899 vero,
2888 838 3114 902 accepto
3153 829 3363 897 libello,
3397 835 3452 885 et
3484 842 3641 884 com-

2050 932 2209 995 perto
2238 926 2372 1000 quid
2405 925 2742 991 contineret,
2778 922 3158 980 stomachatus
3180 922 3335 976 illum
3375 919 3640 975 dilacera-

2052 1017 2450 1088 vit,jussitque
2488 1027 2550 1072 ut
2605 1018 2711 1073 alia
2764 1015 2977 1088 1011
3038 1015 3366 1087 postularet.
3418 1011 3489 1065 At
3523 1010 3638 1076 ille,

2034 1109 2301 1167 ’collectis
2335 1111 2501 1167 libelli
2542 1110 2902 1182 fragmentis:
2936 1128 2956 1161 ι
3007 1107 3234 1180 Accepi,
3266 1107 3363 1173 ait,
3398 1105 3639 1174 impera-

2051 1209 2162 1267 tor,
2204 1201 2492 1274 habeoque
2531 1203 2632 1259 abs
2660 1210 2711 1258 te
2759 1201 2989 1267 donum,
3039 1215 3140 1256 nec
3180 1197 3327 1254 aliud
3359 1197 3639 1267 petiturus

2051 1310 2199 1351 sum.
2230 1296 2364 1351 Nam
2396 1295 2522 1367 quis
2556 1310 2759 1366 scopus
2789 1309 2947 1351 meus
2982 1291 3372 1364 fuerit,.judcx
3402 1289 3509 1346 erit
3540 1285 3638 1360 qui

2046 1387 2218 1458 judex
2244 1398 2331 1445 est
2351 1388 2617 1443 omnium.
2657 1406 2676 1440 ι

2284 1471 2288 1474 ‘
2407 1478 2563 1536 CAP.
2592 1477 2761 1534 xxx.
2791 1476 2885 1552 [ν.
2926 1477 3020 1534 33.
3053 1476 3154 1533 cn.
3179 1475 3298 1548 29.,

2205 1570 2285 1628 De
2314 1571 2483 1628 libera
2514 1588 2635 1628 voce
2666 1571 2915 1642 Trajani,
2945 1568 3194 1643 magistri
3231 1567 3487 1623 militum.

2124 1730 2420 1803 Postquam
2461 1741 2642 1787 autem
2669 1732 2905 1802 trajeelo
2953 1729 3200 1800 Bosporo
3251 1728 3305 1783 in
3338 1724 3635 1780 Thraciam

353 1828 611 1897 ἀφίκετο,
640 1827 856 1899 πρῶτον
881 1828 979 1899 μὲν
1017 1830 1075 1882 ὲν
1113 1828 1678 1883 Κωνσταντινουπόλει
1702 1829 1943 1883 πλεῖστον

2051 1825 2237 1889 venit,
2270 1826 2504 1896 primum
2539 1824 2760 1897 quidem
2791 1821 3274 1894 Constantinopoli
3324 1817 3640 1875 diutissime

348 1915 594 1987 διέτριψε
616 1916 829 1988 χρόνον,
857 1916 1147 1988 δειμαίνων
1170 1917 1214 1949 ⁸⁷
1244 1916 1337 1971 τὸν
1367 1917 1618 1990 πόλεμον.

424 2009 692 2081 Τραϊανὸν
723 2008 782 2062 δὲ
825 2009 922 2063 σὺν
961 2011 1029 2081 τῇ
1065 2010 1297 2081 στρατιᾷ
1328 2011 1419 2064 τὸν
1466 2009 1773 2081 στρατηγὸν
1804 1996 1946 2064 κατᾶ

347 2099 463 2155 τῶν
510 2099 805 2172 βαρὸάρων
881 2099 1223 2155 ἀπέστειλεν.
1291 2100 1509 2173 Ἐπειδὴ
1572 2101 1630 2156 δὲ
1691 2103 1947 2176 ἡττηθεὶς

348 2191 663 2262 ἐπανῆλθεν
700 2195 930 2258 ἐκεῖνος,
962 2192 1285 2265 ἐλοιδορεῖτο
1322 2193 1441 2248 λίαν
1474 2194 1690 2266 Οὐάλης
1721 2193 1791 2261 ⁸⁸,
1838 2213 1945 2267 μα-

345 2283 549 2339 λακίαν
582 2283 733 2356 αὐτῷ
779 2286 875 2339 καὶ
911 2284 1113 2339 δειλίαν
1155 2283 1425 2356 ἐγκαλῶν.
1477 2286 1537 2341 Ὀ
1567 2287 1624 2341 δὲ
1660 2289 1945 2361 παρρησία

346 2377 701 2449 χρησάμενος
746 2377 904 2448 ἀνδρὶ
935 2378 1170 2451 γενναίῳ
1227 2379 1536 2453 πρεπούσῃ·
1574 2399 1594 2433 ‹
1633 2380 1748 2435 Οὐκ
1805 2381 1940 2451 ἐγὼ,

346 2467 478 2541 ἔφη,
502 2463 548 2523 ὧ
574 2468 820 2540 βασιλεῦ,
848 2470 1113 2542 ἦττημαι⁸
1144 2471 1280 2527 ἀλλά
1307 2474 1372 2527 σὺ
1394 2473 1534 2546 πρόη
1563 2473 1607 2507 ⁸³
1632 2474 1732 2547 τὴν
1759 2474 1938 2546 νίκην,

346 2562 496 2616 κατὰ
519 2561 616 2615 τοῦ
649 2560 786 2615 Θεοῦ
817 2563 1322 2635 παραταττόμενος,
1353 2566 1449 2620 καὶ
1482 2566 1583 2638 τὴν
1607 2567 1820 2621 ἐκείνου
1847 2569 1939 2638 ῥο-

346 2651 461 2725 πὴν
499 2652 778 2725 προξενῶν
800 2656 914 2718 τοῖς
942 2653 1261 2726 βαρϐάροις.
1298 2656 1456 2728 Παρὰ
1493 2655 1588 2730 σοῦ
1628 2658 1737 2730 γὰρ
1780 2657 1942 2711 πολε-

350 2744 647 2816 μούμενος,
696 2744 926 2811 ἐκείνοις
975 2748 1349 2801 συντάττεται·
1510 2726 1567 2801 δὲ
1612 2726 1730 2820 Θεῷ
1758 2749 1940 2821 ὴνίκη

345 2835 566 2901 ἕπεται,
618 2835 715 2890 καὶ
768 2838 884 2900 τοῖς
933 2836 1039 2891 ὑπὸ
1099 2837 1193 2891 τοῦ
1240 2837 1378 2892 Θεοῦ
1445 2839 1943 2911 στρατηγουμένοις

347 2927 727 2999 προσγίνεται.
769 2930 842 2982 Ἢ
873 2930 973 2984 ούκ
1012 2925 1189 2997 οἶσθα,
1230 2930 1357 3002 ἔφη,
1392 2931 1549 2996 τίνας
1583 2931 1692 2985 τῶν
1750 2933 1942 3005 ἐκκλη-

348 3018 483 3073 σιῶν
504 3020 788 3086 ἐξελάσας,
817 3020 927 3076 τίσι
961 3022 1352 3095 παραδέδωκας
1386 3023 1433 3055 ⁵⁹
1461 3025 1726 3093 ταύταςῐ»
1755 3024 1941 3080 Ταῦτα

343 3114 406 3170 δὲ
434 3113 842 3184 καὶἈρίνθεος,
866 3116 961 3168 καὶ
983 3115 1218 3188 Βίκτωρ,
1253 3117 1553 3189 στρατηγοὶ
1584 3119 1626 3150 ¹¹
1658 3118 1766 3189 γὰρ
1799 3114 1941 3191 ἦσαν

345 3204 447 3259 καὶ
475 3205 654 3273 αὐτοὶ,
700 3207 1164 3279 συνωμολόγησαν
1213 3209 1261 3240 ¹²
1306 3207 1480 3274 οὕτως
1507 3208 1672 3280 ἔχειν,
1714 3211 1809 3264 καὶ
1864 3208 1941 3282 τῷ

349 3295 566 3369 βασιλεῖ
593 3269 669 3371 μὴ
690 3269 1382 3374 χαλεπαίνειν-παρῄνεσαν
1401 3269 1499 3374 την
1628 3269 1871 3375 ἐλέγχοις
1890 3269 1938 3337 δῖ
1967 3269 2013 3331 c‘

349 3386 609 3459 ἀλήθειαν
630 3387 1087 3461 συνεξευγμένην.

933 3503 1186 3560 ΚΕΦΑΛ.
1215 3504 1343 3558 AA'.

343 3594 435 3648 Πε
474 3593 494 3647 ι
524 3593 830 3650 Ἰσαακίου
856 3595 964 3650 τοῦ
995 3596 1066 3650 ἐν
1093 3598 1732 3651 Κωνσταντινουπόλει
1753 3597 1940 3664 μονά-

420 3610 648 3724 ἑὲντος,
694 3666 793 3718 καὶ
836 3666 1242 3724 Βρετανίωνος
1275 3665 1324 3698 ⁵⁸
1364 3665 1472 3721 τοῦ
1518 3667 1779 3721 Σκυθίου
1808 3668 1939 3722 ἐπι-

449 3665 648 3730 'orz'oc,
694 3666 793 3718 καὶ
836 3666 1242 3733 Βρετανίωνος
1275 3665 1324 3698 ⁵⁸
1364 3665 1472 3721 τοῦ
1518 3667 1779 3721 Σκυθίου
1808 3668 1939 3722 ἐπι-

418 3734 659 3788 σκόπου
686 3736 1048 3804 παρῤησιας.

419 3825 558 3879 Φασὶ
602 3825 660 3879 δὲ
695 3826 791 3880 καὶ
858 3826 1135 3898 Ἰσαάκην,
1171 3826 1381 3898 σκηνὴν
1413 3827 1602 3882 αὐτόθι
1635 3827 1938 3899 μοναχικὴν

346 3913 564 3985 ἔχοντα,
595 3915 784 3986 ἐπειδὴ
815 3909 954 3969 εἶδεν
1009 3914 1173 3970 αὐτὸν
1208 3915 1521 3982 συνεξιόντα
1561 3918 1627 3987 τῇ
1683 3917 1935 3988 στρατιᾷ,

348 4004 450 4077 βοῇ
508 4005 853 4077 χρησάμενον
888 4006 1074 4076 φάναι’
1113 4025 1131 4059 ι
1178 4008 1278 4061 Ποῖ
1316 4006 1571 4079 βαδίζεις,
1605 4002 1652 4063 ὧ
1690 4005 1936 4078 βασιλεῦ,

347 4095 497 4149 κατὰ
545 4095 682 4149 Θεοῦ
738 4094 1236 4168 στρατευσάμενος,
1294 4097 1390 4150 καὶ
1420 4096 1610 4151 τοῦτον
1641 4096 1742 4151 οὐκ
1796 4096 1938 4167 ἔχων

350 4187 674 4260 ὲπίκουρον;
733 4186 906 4250 Αὐτὸς
957 4185 1067 4258 γὰρ
1120 4186 1260 4239 κατὰ
1306 4184 1401 4239 σοῦ
1452 4186 1578 4261 τοὺς
1622 4186 1931 4257 βαρϐάρους

350 4278 660 4347 κεκίνηκεν,
687 4279 873 4350 ἐπειδὴ
896 4279 992 4333 καὶ
1045 4277 1111 4331 σὺ
1139 4279 1258 4332 κατ’
1291 4279 1490 4343 αὐτοὺς
1535 4278 1739 4343 πολλὰς
1762 4277 1938 4349 γλώτ-

346 4390 454 4438 τας
489 4375 569 4438 είς
606 4372 955 4444 βλασφημίαν
984 4372 1031 4404 ”
1085 4373 1367 4443 ὲκίνησας,
1417 4373 1512 4426 καὶ
1553 4373 1681 4437 τοὺς
1728 4373 1937 4427 ἐκεῖνον

346 4465 656 4536 ὑμνοῦντας
683 4464 795 4519 τῶν
849 4463 1012 4517 Θείων
1052 4463 1219 4518 οἴκων
1269 4464 1560 4533 ὲξήλασας.
1613 4464 1829 4518 Παῦσαι
1873 4464 1938 4537 δὴ

343 4555 442 4614 οὖν
475 4558 750 4629 πολεμῶν,
787 4557 882 4610 καὶ
905 4555 1104 4609 παύσει
1137 4556 1228 4610 τὸν
1260 4557 1518 4627 πόλεμον·
1562 4556 1761 4621 ἀπόδος
1814 4560 1936 4621 ταῖς

1981 1931 2024 1988 Β
2052 1918 2322 1984 substitit,
2343 1919 2546 1974 bellum
2577 1917 2970 1974 reformidans.

2117 2010 2204 2085 [Β.
2238 2010 2320 2067 St.
2350 2010 2468 2084 55.]
2513 2012 2813 2083 Trajanum
2863 2010 3074 2066 interea
3109 2007 3435 2081 magistrum
3477 2005 3613 2060 mili-

2044 2108 2161 2159 tum
2189 2118 2315 2160 cum
2344 2105 2592 2161 exercitu
2616 2108 2635 2126 ‘
2675 2112 2873 2160 contra
2916 2101 3185 2159 barbaros
3231 2100 3404 2157 misit.
3432 2097 3537 2166 Qui
3566 2096 3640 2153 ab

2044 2195 2126 2253 eis
2155 2196 2360 2264 victus,
2392 2205 2621 2269 accepta
2649 2197 2825 2264 clade,
2878 2212 3003 2252 eum
3043 2195 3325 2259 rediisset,
3376 2191 3639 2264 gravibus

2043 2288 2316 2346 conviciis
2352 2298 2618 2361 exceptus
2660 2299 2748 2346 est
2794 2303 2825 2344 a
2864 2287 3123 2354 Valente,
3156 2286 3433 2359 ignaviam
3468 2282 3549 2339 illi
3573 2291 3632 2337 et

2046 2381 2400 2439 timiditatem
2444 2383 2836 2454 exprobrante.
2869 2380 2967 2439 Ille
2996 2392 3178 2438 autem
3213 2381 3409 2447 libere,
3459 2383 3522 2433 ut
3554 2376 3639 2431 vi-

2043 2492 2168 2532 rum
2203 2475 2405 2532 fortem
2451 2477 2717 2534 decebat:
2758 2494 2778 2528 ι
2839 2471 2962 2530 Νοη
2992 2490 3096 2547 ego
3145 2473 3327 2530 vietus
3376 2486 3523 2536 sum,
3553 2469 3639 2525 in-

2043 2570 2184 2639 quit,
2209 2585 2242 2626 o
2274 2570 2596 2641 imperator,
2628 2568 2725 2626 sed
2757 2577 2818 2625 tu
2858 2568 3149 2625 victoriam
3183 2562 3503 2637 prodidisti,
3536 2560 3635 2634 qui

2043 2662 2313 2718 adversus
2342 2660 2510 2717 Deum
2540 2661 2713 2718 aciem
2769 2660 3024 2725 instruis,
3078 2666 3140 2715 et
3186 2658 3312 2729 ejus
3365 2655 3635 2712 auxilium

2043 2751 2300 2810 barbaris
2331 2752 2625 2808 concilias.
2661 2750 2797 2806 Nam
2844 2750 2944 2807 abs
2984 2758 3042 2806 te
3069 2748 3364 2805 lacessitus
3403 2734 3481 2801 ad
3509 2745 3637 2802 illos

2043 2844 2282 2900 transit:
2311 2842 2483 2900 Deum
2515 2851 2700 2901 autem
2729 2843 2986 2915 sequitur
3022 2841 3286 2907 victoria,
3312 2848 3372 2897 et
3404 2839 3519 2896 illis
3544 2852 3635 2894 ce-

2043 2936 2124 2994 dit
2156 2938 2249 3009 qui
2287 2935 2399 2993 Deo
2436 2938 2578 2994 duce
2621 2938 2885 2993 militant.
2920 2936 3005 2991 An
3040 2935 3227 2992 nescis
3269 2949 3414 3005 quos
3454 2930 3634 2989 eccle-

2044 3032 2144 3091 siis
2170 3033 2420 3104 ejeceris,
2451 3041 2505 3089 et
2538 3032 2742 3104 quibus
2764 3032 2889 3088 illas
2918 3028 3313 3086 commiseris?
3347 3047 3367 3081 ι
3398 3025 3527 3082 Haec
3558 3025 3637 3080 ita

2043 3140 2107 3182 se
2138 3125 2341 3181 habere
2374 3124 2725 3181 afﬁrmabant
2770 3124 2940 3180 etiam
2981 3122 3284 3178 Arintheus
3312 3128 3369 3177 et
3403 3119 3632 3183 Victor,

2045 3219 2140 3290 qui
2173 3229 2228 3275 et
2266 3218 2374 3290 ipsi
2433 3212 2689 3291 magistri
2751 3217 2991 3273 militum
3050 3222 3235 3280 erant,
3288 3212 3636 3281 orabantque

2045 3312 2431 3385 imperatorem
2457 3353 2475 3381 ,
2517 3327 2588 3368 ne
2642 3310 2959 3382 conjunctis
2999 3325 3126 3367 cum
3158 3308 3393 3365 veritate
3439 3318 3632 3376 repre-

2043 3403 2404 3461 hensionibus
2443 3412 2816 3461 succenseret.

2152 3498 2365 3568 1012
2395 3496 2547 3552 CAP.
2584 3496 2778 3551 XXXI.
2809 3496 2894 3570 [Β.
2933 3495 3016 3551 St.
3050 3496 3114 3551 V.
3145 3494 3236 3550 34.
3269 3493 3368 3550 Ch.
3409 3491 3527 3563 50.]

2042 3584 2121 3641 De
2159 3584 2378 3641 Isaacio
2410 3586 2670 3640 monacho
2703 3585 3323 3654 Constantinopolitano,
3364 3594 3415 3638 et
3444 3582 3632 3637 Brem-

2500 3658 2656 3711 m’one
2685 3657 2928 3727 episcopo
2952 3655 3206 3727 Scythiae.

2146 3806 2356 3868 Ferunt
2377 3820 2433 3868 et
2463 3796 2727 3875 lsaaeem,
2758 3810 2857 3882 qui
2906 3812 3105 3867 cellam
3143 3810 3217 3866 ibi
3245 3810 3485 3867 habebat
3521 3825 3634 3865 mo-

2041 3905 2349 3971 nasticam,
2392 3919 2520 3960 cum
2560 3903 2715 3958 illum
2752 3903 2966 3960 videret
3006 3903 3061 3957 in
3086 3903 3496 3974 expeditionem
3529 3904 3631 3961 ab-

2038 4006 2260 4053 euntem
2318 4010 2446 4052 cum
2499 3993 2785 4061 exercitu,
2845 3994 2999 4049 clara
3051 4008 3187 4077 voce
3234 3994 3630 4053 exclamasse;

2045 4107 2066 4141 ι
2104 4088 2227 4156 Quo
2269 4088 2476 4160 pergis,
2531 4087 2858 4158 imperator,
2916 4087 3031 4143 Deo
3084 4089 3288 4144 bellum
3352 4085 3619 4148 inferens,

2042 4181 2279 4252 ejusque
2320 4195 2521 4236 carens
2550 4180 2811 4235 auxilio?
2855 4178 2976 4249 Ipse
3001 4180 3147 4235 enim
3184 4178 3450 4234 barbaros
3497 4193 3629 4233 con-

2040 4280 2123 4327 tra
2180 4278 2235 4327 te
2275 4270 2602 4335 concitavit,
2634 4270 2763 4340 quia
2803 4279 2860 4324 tu
2895 4278 3092 4325 contra
3124 4269 3279 4323 illum
3324 4269 3626 4323 multorum

2041 4364 2260 4436 linguas
2295 4361 2364 4416 ad
2398 4362 2797 4433 blasphemiam
2844 4361 3142 4432 instigasti,
3177 4360 3413 4433 piosque
3449 4361 3629 4431 ipsum

2042 4454 2334 4509 laudantes
2351 4467 2415 4508 ex
2457 4453 2639 4508 sacris
2663 4453 2877 4508 aedibus
2902 4451 3232 4508 deturbasti.
3254 4451 3509 4518 Proinde,
3547 4463 3627 4514 tu,

2041 4547 2247 4603 bellare
2306 4547 2522 4608 desine,
2550 4553 2607 4602 et
2645 4546 2763 4615 ipse
2795 4545 3002 4600 bellum
3044 4551 3358 4615 compescet
3402 4562 3416 4598 :
3450 4544 3620 4599 redde

347 4625 767 4725 noipvatgvrob;
812 4649 1070 4721 ἀρίστους
1099 4649 1326 4720 νομέας,
1362 4625 1458 4703 καὶ
1478 4649 1625 4720 λήψῃ
1647 4649 1747 4720 τὴν
1778 4648 1934 4720 νίκην

2043 4640 2301 4710 gregibus
2325 4641 2566 4710 Optimos
2595 4647 2871 4710 pastores,
2894 4646 2949 4693 et
2975 4638 3261 4693 victoriam
3287 4637 3410 4692 sine
3441 4637 3627 4692 labore

344 4744 599 4815 ἀπονητί.
643 4745 706 4797 Ei
765 4743 823 4797 δὲ
871 4743 1076 4796 τούτων
1135 4741 1300 4811 μηδὲν
1349 4741 1626 4811 δεδρακὼς
1685 4742 1934 4813 παρατάσσ

347 4837 468 4903 ξαιο
500 4836 570 4901 ⁸⁸,
605 4835 823 4907 μαθήσῃ
860 4836 926 4905 τῇ
986 4832 1170 4904 πείρα,
1202 4833 1351 4897 ὅπως
1400 4832 1638 4903 σκληρὸν
1680 4832 1742 4885 τὸ
1795 4834 1932 4903 πρὸς

345 4929 551 5001 κέντρα
585 4929 886 4994 λακτίζειν.
916 4925 1055 4980 Οὔτε
1098 4926 1205 4997 γὰρ
1249 4924 1564 4997 ἐπανήξεις,
1611 4925 1706 4979 καὶ
1759 4942 1931 4997 προσ-

2037 4732 2423 4803 consequeris.
2451 4731 2610 4798 Quod
2641 4733 2691 4788 si
2718 4732 2806 4787 bis
2838 4729 3105 4802 neglectis
3129 4729 3196 4783 ad
3224 4743 3466 4799 pugnam
3498 4744 3625 4799 pro-

2038 4828 2301 4891 cesseris,
2341 4842 2401 4881 re
2431 4827 2550 4896 ipsa
2576 4825 2860 4895 experiere
2889 4823 3038 4894 quod
3068 4822 3267 4877 durum
3304 4822 3377 4876 sit
3431 4828 3625 4876 contra

2040 4920 2299 4975 stimulos
2356 4918 2676 4972 calcitrare.
2719 4915 2856 4971 Nam
2900 4931 3003 4971 nec
3053 4915 3174 4986 ipse
3206 4915 3526 4980 reverteris,
3569 4922 3625 4969 et

1652 5063 1891 5118 VARIIE
1932 5058 2333 5118 LECTIONES.

419 5157 890 5230 ‘iﬂpmidtoa-
933 5155 1348 5230 Calen-aedili.
1412 5154 1456 5188 δ’
1488 5153 1774 5230 ιιε-οράςκ
1822 5143 3176 5230 αύμμεφειυεξειιξίδιοριι·ιςιὲῖιέίεενμειεεη
3203 5142 3517 5230 Weber"
3545 5142 3620 5230 '3’-

342 5231 412 5287 E.
439 5227 536 5294 XI,
566 5213 656 5285 i9.
690 5213 808 5282 'sed
846 5228 1010 5281 Basil.
1047 5235 1102 5280 et
1131 5224 1323 5296 Steph.
1384 5242 1508 5281 cum
1567 5225 1879 5296 Epiphanio
1915 5213 2060 5296 vin,
2096 5213 2543 5296 ηιι·,ηδιανέμεειν;
2579 5288 2590 5296 _
2634 5216 2693 5296 ιε,
2716 5213 2965 5296 emine.
2999 5214 3167 5296 Basil.
3201 5214 3299 5296 Gr:
3334 5222 3389 5269 ct
3428 5213 3620 5296 Steph.

343 5285 392 5333 λέ
445 5285 539 5354 Sic
589 5307 643 5355 et
695 5296 891 5368 Steph.
931 5297 987 5361 2,
1038 5306 1098 5368 ut
1136 5285 1256 5368 [δίιίί
1292 5285 1701 5368 εούειᾷνετίυὲ
1746 5296 1934 5368 προΐῃ.
1974 5285 2152 5368 Basil.
2201 5290 2297 5344 Gr.
2334 5285 2694 5368 etlSteph.__l
2742 5285 3009 5368 προῄει.Π
3045 5286 3091 5318 ⁸ο
3119 5285 3482 5368 παρέδωκαςλ
3499 5285 3622 5368 Pini

344 5371 512 5425 liber.
542 5370 586 5402 "
606 5354 1184 5440 ννστρατῗηγξυ-έτούτω.
1218 5367 1389 5424 Idem.
1481 5366 1541 5440 '_'_
1565 5354 2578 5440 aovmpoioﬁqérqv—fotpnvecarni.
2615 5354 2929 5440 fidetttlcugtll
2950 5354 3418 5440 ‘Qasaubonianm
3449 5354 3625 5440 Scali-

342 5454 479 5508 gero
515 5447 570 5496 et
597 5436 1109 5506 Citristophorsouo
1137 5452 1451 5508 quanquam
1493 5436 1580 5491 hic
1613 5437 1777 5491 habet
1815 5436 2055 5508 ὡμολογ.

2156 5432 2203 5464 ⁸³
2237 5418 2321 5485 Ιίἐί
2346 5439 2401 5485 et
2442 5418 2583 5485 liber
2614 5427 2828 5483 Savilii.
2861 5426 2967 5483 Sed
2994 5426 3248 5484 Valesius
3273 5441 3399 5481 eum
3428 5427 3622 5484 codice

341 5498 432 5567 Ϊο.
464 5511 583 5565 Pini
609 5517 757 5565 recte
788 5498 1074 5578 restituit:
1107 5498 1194 5560 ἐπ’
1217 5498 1399 5578 ἐλεγχ.
1429 5510 1492 5578 τῇ
1532 5498 2254 5578 ὰληθείᾳίσυνεζευγμένοις,
2285 5501 2433 5578 quod
2476 5500 2588 5570 jam
2645 5499 2885 5578 habebat
2908 5498 3276 5578 _Nieepho_rus
3307 5499 3343 5551 l.
3374 5513 3426 5551 c.
3469 5498 3623 5578 vide-

350 5591 554 5648 ratque
587 5580 907 5648 Christoph.
945 5587 1000 5632 et
1024 5575 1271 5645 Scaliger
1297 5569 1587 5646 {itemque
1625 5569 1797 5632 Bas'il.
1839 5569 2251 5648 Gr._et'r'_Stepli.
2290 5569 2547 5648 omnem
2584 5569 3058 5648 συνεζευγμένας,
3088 5571 3182 5623 sed
3218 5570 3271 5622 in
3298 5570 3620 5648 accusativo

341 5644 621 5723 ἀλήθειαν.
658 5650 702 5682 ⁸⁸
731 5644 830 5702 καῖ
870 5649 1028 5720 Βρετ.
1063 5673 1129 5686 -σ
1160 5644 1402 5720 παρρησ.
1457 5644 1580 5703 Hinc
1640 5648 1844 5702 absunt
1874 5660 1904 5699 a
1933 5644 2101 5700 Basil.
2151 5644 2272 5709 Gr.,
2333 5644 2557 5707 Stepliat

342 5723 495 5783 quod
544 5724 598 5776 in
633 5722 719 5775 his
762 5719 919 5774 editt.
974 5718 1259 5783 sequitur,
1311 5726 1477 5783 caput
1528 5718 1858 5774 refera..lur.
1968 5716 2019 5747 ⁸⁸
2050 5714 2144 5770 Sic
2191 5725 2245 5769 et
2288 5712 2479 5783 Steph.
2525 5712 2561 5783 2

2095 5732 2144 5769 IC
2191 5732 2245 5769 Cl
2288 5732 2479 5769 DiCDII.
2526 5732 2581 5763 Ζ.

342 5779 424 5856 ε’ίς
458 5791 805 5919 βλασφημίας
847 5779 1183 5859 παρέθηξας,
1230 5779 1398 5857 quani
1441 5789 1734 5844 lectionem
1790 5788 2083 5844 confirmat
2139 5779 2475 5855 Niceph/H.
2522 5780 2598 5836 Ε.
2632 5779 2722 5840 XI,
2770 5779 2856 5833 50.

344 5860 451 5919 Sea
477 5865 591 5919 iaer
632 5864 787 5917 bene.
818 5860 980 5919 Basil.
1014 5868 1069 5914 et
1122 5856 1312 5919 Steph.
1350 5858 1681 5919 παρατάξεο.

342 5718 495 5791 quod
544 5724 598 5776 in
633 5722 719 5775 his
762 5718 925 5774 editt.
974 5718 1477 5791 sequitur,‘capu_t
1528 5718 1858 5791 referantur.

344 5856 787 5934 Scaliger'b'ene.
818 5856 980 5927 Basil.
1014 5856 1069 5914 et
1122 5856 1312 5928 Steph.
1350 5858 1681 5929 παρατάξεο.

624 5957 900 6018 ΡΑΤιιοι..
938 5954 1057 6016 Gn.
1112 5953 1429 6015 LXXXII.

2203 5642 2598 5719 r.,hSte_pliaAui
2642 5649 2704 5719 et
2731 5635 2956 5719 ‘Vn‘lesii
2975 5641 3133 5719 ed_it.,
3167 5653 3323 5719 cum“
3342 5637 3427 5719 ad_
3459 5635 3615 5719 illud,
3676 5682 3677 5685 η

2641 5709 2747 5761 Sed
2807 5707 2998 5779 Steph.
3036 5710 3057 5761 l
3097 5725 3220 5762 cum
3284 5706 3449 5761 Basil.
3491 5704 3586 5758 Gr.

2641 5779 2722 5840 Kl,
2770 5779 2856 5833 50.
2998 5777 3045 5810 ⁸⁸*
3073 5778 3148 5831 Ita
3186 5773 3501 5842 Christoph.
3554 5774 3611 5823 et

3176 5933 3252 5993 38
