4124 6408
531 455 667 523 1195

1513 450 2005 515 THEODORETI
2044 450 2387 511 EPISCOPI
2422 451 2792 516 CYRENSIS

3674 444 3813 514 1196

527 574 836 630 exercitum
872 572 1098 643 insuper
1139 569 1381 624 amittes.
1420 586 1436 618 ι
1475 567 1553 621 .‘\d
1591 568 1705 623 hmc
1734 568 1910 622 iratus
1934 568 2111 637 impe-

2217 567 2506 631 απολέσεις
2531 567 2629 638 τὴν
2666 565 2946 637 στρατιάν.
2990 581 3007 616 ι
3037 562 3347 636 Ὀργισθείς
3374 564 3432 619 δὲ
3464 566 3492 618 ό
3533 564 3807 636 βασιλεύς⁸

432 716 447 731 ,
530 674 682 720 rator
706 683 720 719 :
748 685 766 717 ι
792 664 857 718 Et
882 673 1150 726 revertar,
1181 661 1389 729 inquit,
1417 667 1472 714 et
1500 659 1753 714 occidam
1783 665 1860 720 te,
1890 673 2113 728 pmnas-

528 772 638 827 que
676 757 890 827 exigam
927 754 1081 811 falsa:
1115 751 1521 825 praedictionis.
1555 772 1574 805 ι
1608 750 1749 806 Tum
1785 751 1880 807 ille
1935 751 2117 807 minas

529 849 666 903 nihil
689 850 897 905 veritus
922 864 935 900 :
961 866 979 899 ι
1008 848 1214 909 Eneca,
1237 846 1487 901 clamans
1510 846 1607 911 ait,
1640 845 1685 899 si
1713 843 2117 915 deprehensum

529 938 697 995 fuerit
744 939 799 992 in
840 937 1027 993 verbis
1074 938 1217 992 meis
1272 935 1695 991 mendaciumn

599 1028 685 1101 [Β.
710 1028 794 1083 St.
820 1025 886 1082 V.
913 1026 1030 1099 55.]
1058 1026 1165 1082 Sed
1195 1034 1250 1081 et
1283 1025 1569 1090 Bretanio,
1612 1025 1696 1080 vir
1735 1023 1984 1079 omnium
2005 1024 2119 1076 vir-

525 1128 705 1175 tutum
736 1118 1053 1191 insignibus
1084 1118 1341 1182 illustris,
1370 1117 1652 1188 totiusque
1684 1112 1922 1187 Scythiae
1952 1114 2119 1169 urbes

525 1210 806 1281 pontiﬁcia
842 1224 1041 1282 regens
1064 1216 1356 1280 potestate,
1392 1208 1636 1263 animum
1655 1206 1847 1263 divino
1879 1205 1998 1261 zelo
2020 1219 2117 1259 ac-

526 1301 735 1363 cendit.
783 1307 840 1357 et
888 1300 1209 1371 dogmatum
1244 1299 1683 1369 corruptionem,
1725 1299 2057 1369 iniquasquc
2096 1297 2119 1319 ⁶

526 1401 845 1447 sanctorum
864 1392 1188 1448 vexationes
1205 1392 1261 1447 in
1281 1390 1511 1447 Valente
1526 1392 1828 1462 redarguit,
1844 1406 1967 1445 cum
1987 1391 2121 1445 divi-

530 1485 764 1540 nissimo
788 1483 992 1539 Davide
1014 1486 1282 1540 clamans.
1317 1503 1337 1536 c
1371 1483 1663 1555 Loquebar
1682 1482 1749 1537 de
1776 1483 2120 1538 testimoniis

529 1576 641 1631 tuis
670 1576 725 1631 in
754 1584 1055 1647 censpectu
1084 1590 1301 1647 regum,
1343 1586 1398 1631 et
1424 1590 1535 1630 non
1566 1572 1950 1630 cont‘undebar
1975 1572 2025 1628 δ.
2054 1590 2077 1624 ο

707 1780 923 1852 1013
960 1780 1117 1835 me.
1164 1778 1382 1835 xxx".
1444 1777 1534 1852 [ν.
1566 1778 1658 1835 se.
1695 1777 1799 1835 cs.
1828 1776 1947 1852 τι]

2223 678 2242 711 ι
2282 660 2395 713 Καὶ
2441 658 2719 729 ἐπανήξω,
2777 657 2905 729 ἔφη,
2966 657 3061 710 καὶ
3100 657 3419 712 κατακτενῶ
3452 674 3534 721 σε,
3565 658 3659 710 καί
3707 658 3809 728 τῆς

2217 750 2448 820 ψευδοῦς
2473 748 2629 822 [195]
2670 748 3130 822 προαγορεύσεως
3170 747 3540 819 εἰσπράξομαι
3567 748 3741 811 δίκας.
3784 768 3804 801 ο

2228 843 2287 897 '0
2321 841 2379 895 δὲ
2428 843 2630 913 ἥκιστα
2651 841 2832 905 δείσας
2860 841 2961 913 τὴν
2994 840 3246 913 ἀπειλὴν,
3278 840 3383 913 ἔφη
3419 840 3582 912 βοῶν·
3613 841 3810 895 ιΚτεῖ·

2220 954 2329 1003 νον,
2352 937 2401 991 εἰ
2429 935 2713 1008 φωραθείη
2738 935 2849 991 τῶν
2885 935 3058 1005 λόγων
3084 935 3147 988 τὸ
3181 933 3397 1005 ψεῦδος.
3430 951 3450 986 ι

2288 1029 2401 1084 Καὶ
2426 1030 2737 1101 Βρετανίων
2773 1029 2844 1094 ⁸⁷,
2882 1016 3203 1099 παντοδαπῇ
3236 1027 3336 1100 μὲν
3355 1026 3816 1099 λαμπρυνόμενος

2217 1117 2413 1191 ἀρετῇ.
2446 1118 2629 1189 πάσης
2663 1118 2719 1172 δὲ
2746 1118 2848 1188 τῆς
2884 1117 3120 1181 Σκυθίας
3143 1118 3243 1181 τὰς
3270 1116 3459 1179 πόλεις
3496 1116 3819 1188 ἀρχιερατι-

2217 1210 2333 1276 κῶς
2369 1210 2571 1265 ἰθύνειν
2619 1210 3077 1280 πεπιστευμένος,
3117 1208 3426 1281 ἐπύρσευσέ
3457 1223 3516 1260 τε
3554 1207 3633 1278 τῷ
3665 1207 3824 1277 ζήλῳ

2216 1304 2279 1358 τὸ
2308 1304 2587 1376 φρόνημα,
2623 1303 2722 1357 καί
2754 1304 2853 1375 τὴν
2880 1302 2990 1356 τῶν
3022 1301 3313 1372 δογμάτων
3366 1299 3823 1373 διαφθοράνρκαὶ

2218 1396 2319 1461 τὰς
2343 1396 2484 1450 κατὰ
2523 1396 2634 1450 τῶν
2666 1395 2837 1465 ἁγίων
2864 1395 3208 1466 παρανομίας
3238 1393 3332 1449 τοῦ
3351 1393 3616 1457 Βάλεντος
3648 1393 3823 1463 ἤλεγ-

2220 1488 2301 1557 ξε,
2331 1488 2427 1541 καί
2465 1488 2603 1560 μετὰ
2638 1487 2734 1542 τοῦ
2769 1488 3048 1542 θειοτάτου
3085 1486 3249 1540 sane
3293 1485 3442 1539 ἐϐόα’
3481 1504 3501 1538 t
3557 1485 3825 1540 Ἐλάλουν

2220 1579 2279 1633 ἐν
2320 1582 2432 1644 τοῖς
2478 1581 2802 1653 μαρτυρίοις
2831 1598 2924 1635 σου
2977 1579 3221 1635 ἐναντίον
3254 1577 3541 1650 βασιλέων,
3569 1578 3665 1634 καὶ
3713 1578 3826 1633 οὐκ

2220 1673 2427 1745 ⁴(ισχυνό
2436 1692 2567 1746 μην.
2609 1694 2627 1726 ι

2800 1786 3061 1840 ΚΕΦΔΛ.
3103 1785 3228 1841 AB‘.

530 1875 607 1931 De
645 1872 883 1930 Valentis
924 1871 1258 1942 expeditione
1300 1875 1353 1926 in
1386 1872 1612 1945 Gothos,
1653 1879 1705 1927 et
1753 1870 2016 1943 quomodo
2063 1872 2113 1927 ia

2223 1874 2366 1945 Περί
2398 1873 2510 1945 τῆς
2541 1875 2694 1930 κατὰ
2738 1876 2981 1930 Γότθων
3004 1875 3308 1943 Βάλεντος
3346 1873 3684 1943 στρατείας,
3717 1873 3823 1930 καὶ

1068 1960 1129 1997 ea
1161 1958 1343 2012 panos
1384 1942 1569 1998 luerit.

598 2038 669 2092 At
696 2035 923 2104 Valens,
973 2037 1176 2108 spretis
1206 2036 1435 2108 optimis
1483 2034 1594 2092 illis
1619 2035 1957 2094 consiliariis
1980 2075 1996 2103 ,
2030 2035 2117 2092 in-

522 2139 775 2188 structas
814 2131 1007 2201 copias
1052 2131 1121 2186 ad
1169 2128 1590 2185 conserendum.
1627 2129 1881 2200 praelium
1934 2129 2118 2196 misit;

528 2225 649 2295 ipse
699 2223 754 2278 in
801 2222 1043 2292 quodam
1082 2222 1205 2277 vico
1238 2235 1532 2281 remanens
1567 2220 1865 2276 victoriam
1920 2234 2121 2291 exspe-

524 2316 735 2371 ctabat.
786 2313 896 2371 Sed
942 2314 1184 2379 milites,
1243 2311 1618 2369 Barbarorum
1679 2312 1947 2385 impetum
2007 2327 2119 2369 non

522 2408 895 2474 sustinentes,
949 2414 1106 2477 terga
1163 2403 1407 2471 dedere,
1457 2411 1514 2461 et
1568 2404 1638 2460 ab
1693 2401 2120 2473 insequentibus

524 2501 655 2555 caesi
683 2507 851 2566 sunt;
900 2498 1293 2569 lugiebantque
1323 2497 1404 2553 illi
1431 2498 1721 2555 celeritate
1749 2510 1994 2561 summa,
2025 2492 2119 2550 isti

530 2603 629 2658 pro
654 2590 867 2646 viribus
904 2590 1404 2660 persequebantur.

599 2679 684 2752 [Β.
711 2679 796 2735 St.
823 2678 941 2753 56.]
983 2678 1049 2735 Et
1081 2695 1208 2736 cum
1244 2679 1631 2753 pervenissent
1667 2676 1899 2735 Barbari
1939 2675 2010 2732 ad
2039 2675 2122 2733 vi-

520 2787 653 2828 cnm
696 2772 887 2841 illum,
923 2773 980 2828 in
1006 2789 1119 2845 quo
1156 2773 1354 2831 Valens
1395 2774 1586 2831 audita
1615 2773 1775 2831 clade
1816 2774 1993 2831 latere
2022 2787 2124 2829 co-

520 2872 695 2922 natus
716 2874 825 2931 est,
860 2866 987 2937 igne
1040 2867 1263 2922 admoto
1296 2868 1519 2939 pictatis
1564 2868 1780 2924 hostem
1835 2881 1945 2923 una
1991 2881 2121 2921 cum

528 2959 650 3015 vico
674 2959 1063 3017 incenderunt.
1103 2961 1183 3016 Ita
1215 2961 1308 3017 ille
1342 2961 1508 3018 etiam
1548 2961 1603 3018 in
1643 2961 1748 3018 hac
1781 2960 1894 3017 vita
1943 2960 2124 3018 scele-

510 3066 648 3106 -rutn
687 3066 915 3111 suorum
963 3067 1161 3124 poenas
1196 3052 1368 3110 dedit.

843 3245 999 3303 CAP.
1028 3243 1271 3301 xxxnl.
1306 3244 1397 3320 [γ.
1429 3246 1519 3302 57.
1551 3245 1655 3303 cn.
1683 3247 1801 3322 τι]

582 3336 880 3395 Undenam
916 3336 1075 3392 Gothi
1103 3334 1638 3396 Arianam'hwresim
1667 3343 2052 3399 contraxerint.

595 3490 790 3563 Operae
820 3492 1060 3563 pretium
1095 3502 1281 3547 autem
1318 3492 1599 3550 facturum
1652 3511 1741 3553 me
1778 3496 2044 3564 arbitror,
2070 3497 2117 3555 si

526 3586 854 3653 ignorantes
884 3585 1135 3651 doceam,
1181 3601 1293 3656 quo
1323 3596 1491 3658 pacto
1521 3589 1740 3646 Arianae
1772 3595 1944 3663 pestis
1978 3608 2117 3649 con-

516 3675 675 3747 tagio
705 3676 773 3731 ad
800 3676 1072 3732 Barbaros
1102 3679 1439 3747 pervenerit.

598 3768 686 3842 [Β.
736 3767 821 3823 St.
875 3766 991 3840 57.]
1035 3768 1159 3835 Quo
1219 3776 1506 3841 tempore,
1556 3768 1699 3827 istro
1758 3778 2113 3842 transmisso,

516 3864 678 3935 pacis
726 3860 933 3918 fmdera
976 3875 1105 3916 cum
1166 3858 1392 3917 Valente
1446 3875 1774 3933 sanxerunt,
1831 3866 2115 3928 Eudoxius

523 3956 616 4012 ille
647 3954 895 4023 infamis,
933 3953 1030 4026 qui
1064 3968 1315 4025 praesens
1342 3954 1559 4025 adorat,
1609 3956 1934 4030 imperatori
1982 3977 2115 4034 sug-

522 4052 716 4124 gessit,
770 4060 829 4107 nt
870 4051 1322 4107 communionem
1380 4066 1540 4107 suam
1590 4055 1674 4109 eis
1727 4056 2111 4126 persuaderet.

519 4145 661 4201 Olim
695 4146 868 4212 enim,
904 4160 972 4201 ex
1003 4159 1114 4215 quo
1145 4144 1349 4201 divina:
1388 4147 1725 4218 cognitionis
1769 4150 1959 4207 radios
1988 4167 2117 4207 sus-

524 4248 804 4310 ceperant,
858 4238 1188 4308 apostolicis
1230 4239 1586 4311 dogmatibus
1627 4242 1945 4298 alebantur.
1989 4241 2113 4299 Fir-

519 4334 751 4386 miorem
800 4330 1007 4402 quippe
1054 4347 1123 4387 ex
1172 4334 1565 4390 communione
1599 4337 1890 4391 sententia:
1918 4349 2111 4407 pacem

520 4423 705 4478 alebat
733 4422 998 4478 futuram.
1028 4421 1279 4481 Laudato
1319 4425 1425 4481 hoc
1452 4427 1709 4492 consilio,
1746 4425 1950 4483 Valens
1978 4443 2113 4483 con-

511 4517 833 4573 sensionem
884 4516 1204 4588 dogmatum
1266 4516 1572 4576 Gothorum
1630 4519 1847 4593 1014.
1876 4521 2112 4579 ducibus

2144 3268 2192 3336 C

2497 1946 2660 2013 ὅπως
2686 1946 2854 2000 ἔτισε
2886 1946 2997 2015 τῆς
3024 1947 3306 2013 ἀσεϐείας
3336 1946 3529 2013 δίκας.

2306 2036 2365 2092 ⁸0
2416 2036 2473 2091 δὲ
2520 2036 2629 2091 τῶν
2685 2036 3009 2109 συμϐούλων
3067 2036 3294 2092 ἐκείνων
3342 2037 3451 2091 τῶν
3506 2038 3748 2109 ἀρίστων
3770 2037 3824 2071 ⁸⁸

2221 2130 2669 2201 καταφρονήσας,
2701 2129 2800 2200 τὴν
2833 2129 2933 2201 μὲν
2962 2130 3221 2202 στρατιάν
3247 2128 3329 2193 εἰς
3358 2128 3457 2201 τὴν
3510 2130 3825 2202 παράταξιν

2222 2220 2596 2293 προῦπεμψεν
2618 2238 2630 2251 ·
2657 2219 2822 2286 αὐτὸς
2865 2220 2922 2274 δὲ
2966 2219 3023 2274 ἐν
3055 2238 3163 2274 τινι
3189 2219 3353 2292 κώμῃ
3381 2220 3690 2293 καθήμενος
3717 2221 3826 2293 τὴν

2220 2316 2380 2389 νίκην
2408 2315 2770 2390 προσέμενεν.
2807 2316 2870 2368 Oi
2902 2313 2960 2368 δὲ
3004 2312 3340 2386 στρατιῶται
3384 2311 3492 2366 τῶν
3523 2312 3826 2385 βαρϐάρων

2220 2410 2323 2464 οὐκ
2350 2410 2670 2479 ἐνεγκόντες
2699 2408 2799 2479 τὴν
2830 2407 2895 2478 ρύ
2906 2423 3037 2478 μην,
3063 2407 3385 2478 ἐτράποντο,
3412 2404 3508 2459 καί
3532 2406 3825 2459 κατεκτεί-

2220 2520 2375 2558 νοντο
2416 2502 2777 2572 διωκόμενοι*
2807 2501 2857 2554 oi
2905 2499 3008 2571 μὲν
3033 2499 3079 2532 ⁸⁸
3129 2498 3424 2569 φεύγοντες
3456 2497 3596 2553 κατά
3624 2498 3821 2570 τάχος,

2220 2598 2271 2650 οἰ
2297 2595 2356 2650 δέ
2383 2593 2731 2666 κατακράτος
2761 2593 3079 2655 διώκοντες.

2294 2686 2716 2750 Καταλαϐόντες
2753 2685 2811 2739 δὲ
2835 2685 2933 2757 τὴν
2962 2682 3157 2755 κώμην
3189 2680 3405 2753 ἐκείνην
3435 2681 3485 2735 οἰ
3524 2680 3823 2754 βάρϐαροι,

2222 2779 2352 2835 ἔνθα
2380 2782 2409 2833 ό
2456 2779 2635 2849 Βάλης
2669 2777 2770 2847 τὴν
2815 2772 2986 2850 ἧτταν
3033 2772 3370 2846 μεμαθηκὼς
3419 2772 3686 2845 ἐπειράθη
3721 2772 3824 2827 λα-

2224 2873 2361 2936 θεῖν,
2402 2872 2514 2943 πῦρ
2545 2869 2876 2942 ἐμϐαλὸντες
2917 2867 3229 2939 ἐνέπρησαν
3275 2866 3374 2918 σὺν
3405 2869 3472 2937 τῇ
3516 2863 3679 2938 κώμῃ
3721 2865 3823 2919 καὶ

2222 2961 2319 3018 τὸν
2352 2964 2453 3033 τῆς
2482 2960 2765 3024 εὐσεϐείας
2798 2959 3111 3014 ἀντίπαλον.
3147 2955 3305 3011 Οὕτω
3340 2957 3439 3027 μὲν
3471 2947 3564 3010 οὖν
3588 2957 3633 2990 ⁶⁰
3665 2958 3819 3011 ἐκεῖο

2223 3072 2313 3120 νος
2344 3057 2448 3109 κάν
2484 3052 2563 3126 τῷ
2592 3053 2823 3125 παρόντι
2858 3051 2959 3125 βίῳ
2994 3049 3188 3121 ποινὴν
3223 3048 3400 3105 ἐτισεν
3427 3041 3504 3106 ὧν
3521 3050 3566 3083 ⁸⁸
3603 3051 3822 3122 ἐπλημ-

2229 3146 2484 3219 μέλησεν.

2806 3258 3057 3314 ΚΕΦΛΛ.
3101 3259 3224 3314 AI".

2224 3357 2420 3413 Πόθεν
2475 3356 2530 3409 oi
2590 3355 2805 3409 Γότθοι
2864 3350 3013 3476 τὲἓά
3042 3349 3404 3422 Ἆρειανικῆς
3477 3349 3821 3422 μετέλαχον

3016 3440 3149 3476 me.

3016 3440 3149 3490 νης.

2308 3516 2448 3587 Ἐγὼ
2476 3517 2535 3572 δέ
2562 3510 2839 3587 προῦργον
2863 3514 2910 3546 θ’
2927 3512 3139 3585 νομίζω
3167 3512 3378 3579 διδάξαι
3409 3515 3536 3578 τοὺς
3557 3512 3822 3583 ἀγνοοῦν-

2220 3625 2343 3673 τας,
2379 3608 2529 3672 ὅπως
2561 3608 2608 3661 οἰ
2657 3604 2922 3678 βάρϐαροι
2951 3605 3052 3675 τὴν
3097 3605 3448 3680 ’Δρειανικὴν
3478 3605 3820 3674 εἰσεδέξαντο

2218 3701 2395 3756 νόσον.

2291 3795 2421 3849 Ὅτε
2458 3794 2551 3849 τὸν
2574 3794 2791 3866 Ἴστρον
2815 3791 3101 3858 διαϐάντες
3128 3793 3265 3866 πρὸς
3306 3792 3402 3848 τὸν
3430 3793 3672 3848 Βάλεντα
3713 3793 3819 3867 τὴν

2216 3888 2442 3959 εἰρήνην
2483 3886 2851 3955 ἐσπείσαντο,
2897 3886 3201 3958 τηνικαῦτα
3241 3885 3439 3958 παρὼν
3488 3887 3743 3953 Εὐδόξιος
3782 3890 3818 3941 ὁ

2214 3979 2559 4051 δυσώνυμος,
2598 3978 2831 4034 ὑπέθετο
2874 3978 2954 4050 τῷ
2981 3978 3194 4050 βασιλεῖ
3224 3980 3410 4034 πεῖσαι
3440 3979 3588 4051 αὑτῷ
3617 3996 3816 4033 κοινω·

2214 4072 2380 4143 νῆσαι
2410 4072 2540 4136 τοὺς
2578 4071 2831 4136 Γότθους.
2859 4072 3035 4127 Πάλαι
3076 4072 3186 4145 γάρ
3238 4071 3335 4134 τὰς
3361 4071 3459 4143 τῆς
3481 4071 3816 4140 θεογνωσίας

2216 4166 2446 4230 ἀκτῖνας
2497 4164 2784 4243 δεξάμενοι
2840 4166 2954 4229 τοῖς
3025 4164 3405 4229 άποστολικοίς
3453 4163 3815 4234 ἐνετρέφοντο

2214 4256 2471 4327 δόγμασι.
2519 4277 2540 4309 ι
2574 4257 2937 4329 Βεϐαιοτέραν
2979 4256 3090 4329 γὰρ
3118 4298 3133 4324 ,
3188 4258 3294 4330 ἔφη
3322 4298 3340 4325 ,
3383 4258 3444 4312 τὸ
3490 4256 3666 4313 κοινὸν
3713 4257 3810 4313 τοῦ

2215 4348 2570 4417 φρονήματος
2612 4347 2711 4419 τὴν
2737 4349 2964 4421 εἰρήνην
2993 4351 3311 4421 ἐργάσεται.
3353 4369 3373 4403 ι
3407 4348 3623 4420 Ταύτην
3649 4350 3807 4403 ἐπαι-

2214 4446 2377 4510 νέσας
2419 4446 2521 4517 τὴν
2560 4448 2789 4519 γνώμην
2844 4446 2996 4519 [196]
3045 4449 3074 4501 ό
3116 4448 3295 4521 Βάλης
3349 4446 3634 4519 προῦτεινε
3691 4450 3813 4512 τοῖς

2215 4541 2444 4596 ἐκείνων
2470 4541 2711 4613 ἡγεμόσι
2742 4540 2854 4597 τῶν
2882 4541 3169 4612 δογμάτων
3202 4541 3302 4613 τὴν
3338 4540 3680 4612 συμφωνίαν.
3737 4542 3806 4595 Οἰ

516 4610 827 4679 proposuit.
885 4609 955 4666 At
992 4609 1070 4665 illi
1127 4610 1331 4666 adduci
1363 4627 1426 4666 se
1468 4611 1653 4681 posse'
1688 4614 1993 4685 negabant,
2047 4623 2109 4670 ut

2217 4634 2269 4689 δὲ
2298 4634 2403 4688 οὐκ
2431 4609 2723 4699 ἀνέξεσθαι
2747 4629 2936 4705 ἔλεγον
2956 4609 3064 4706 τὴν
3090 4609 3356 4706 πατρῴαν
3385 4609 3743 4702 καταλείψειν
3760 4634 3810 4666 ⁸³

515 4708 801 4771 paternam
848 4700 1164 4758 doctrinam
1211 4701 1558 4757 desererent.
1607 4702 1829 4761 Illorum
1862 4721 1929 4766 eo
1968 4716 2111 4766 tem-

516 4810 650 4865 pore
717 4794 971 4865 Ulphilas
1037 4795 1339 4866 episcopus
1418 4805 1574 4862 erat,
1634 4800 1725 4855 cui
1804 4802 2105 4872 plurimum

514 4887 857 4956 tribuebant,
889 4886 1128 4958 ejusque
1164 4888 1334 4943 verba
1378 4902 1482 4959 pro
1517 4891 1642 4947 ﬁxis
1678 4893 1890 4967 legibus
1947 4897 2108 4954 habe-

512 4984 666 5037 bant.
703 4981 865 5037 llunc
904 4982 1089 5039 verbis
1134 4981 1459 5051 delinitum,
1513 4988 1860 5061 pecuniaque
1911 4991 2105 5047 eblan-

514 5073 687 5131 ditutn
717 5074 1007 5133 Eudoxlus
1041 5077 1297 5143 adduxit,
1329 5087 1391 5133 ut
1443 5078 1707 5140 Barbaris
1761 5086 2104 5156 amplecten-

516 5163 640 5222 dam
669 5171 687 5191 ‘
746 5170 1100 5236 imperatoris
1174 5170 1630 5228 communionem
1714 5177 2097 5247 persuaderet.

2208 4725 2581 4783 διδασκαλίαν.
2634 4724 2773 4779 Κατ’
2813 4726 3022 4780 ἐκεῖνον
3057 4723 3115 4778 δὲ
3154 4722 3247 4778 τὸν
3292 4727 3484 4795 χρόνον
3526 4722 3810 4791 eatena;

2209 4817 2390 4872 αὐτῶν
2421 4818 2722 4881 ἐπίσκοπος
2752 4812 2843 4890 ἦν,
2896 4811 2941 4886 ᾧ
2992 4815 3139 4887 μάλα
3183 4816 3484 4880 ἐπείθοντο,
3530 4816 3626 4869 κειί⁵
3673 4815 3807 4880 τοὺς

2208 4910 2421 4963 ἐκείνου
2452 4908 2649 4977 λόγους
2675 4910 2965 4981 ἀκινήτους
2994 4907 3379 4975 ὑπελάμϐανον
3407 4907 3625 4978 νόμους.
3659 4907 3704 4959 Τ
3707 4906 3805 4962 οὗ-

2209 5019 2300 5055 τον
2346 5002 2443 5056 καί⁵
2469 5002 2652 5071 λόγοις
2683 5001 3072 5072 κατακηλήσας
3112 4999 3383 5069 Εὑδόξιος,
3432 4998 3525 5053 καὶ
3553 5000 3808 5072 χρήμασι

2220 5093 2486 5158 δελεάσας
2516 5096 2704 5149 πεῖσαι
2752 5092 3142 5166 παρεσκεύασε
3192 5093 3322 5156 τοὺς
3370 5093 3679 5164 βαρϐάρους
3703 5091 3808 5163 τὴν

2210 5185 2476 5255 βασιλέως
2519 5187 2806 5241 κοινωνίαν
2856 5183 3232 5239 ἀσπάσασθαι.
3285 5182 3511 5238 Ἔπεισε
3558 5184 3648 5249 δὲ,
3694 5183 3808 5254 φή-

514 5255 797 5319 l’ersuasit
822 5270 1034 5329 autem,
1068 5277 1196 5319 cum
1237 5261 1449 5320 diceret
1480 5278 1546 5321 ex
1581 5267 1887 5325 ambitione
1914 5278 2093 5324 ortam

2217 5291 2301 5340 ra;
2347 5276 2414 5331 ἐκ
2454 5264 2764 5348 φιλοτιμίας
2806 5274 3139 5345 γεγενῆσθαι
3181 5272 3280 5345 τὴν
3320 5272 3471 5339 ἔριν.
3503 5274 3807 5346 ⁸δογμάτων

587 5438 618 5480 δ
657 5440 804 5497 l’sal.
838 5459 1033 5514 earl",
1061 5446 1153 5503 46.

1797 5611 2031 5669 VARIIE
2081 5614 2489 5675 LECTIONES.

582 5695 955 5772 ⁸⁷Βετρανίων
994 5701 1336 5772 ρίιιιίςιοιιιιη
1373 5701 1605 5772 Scaiig.,
1661 5700 1975 5761 Casaubon.

2084 5708 2233 5785 "_lta
2289 5710 2615 5785 Christoph.
2668 5722 2723 5785 e_t
2782 5712 3031 5785 Scaliger
3086 5730 3213 5771 cum
3265 5716 3473 5785 Valesii
3533 5715 3794 5773 editione.

512 5766 1183 5855 :épitp'raJ—tabctt‘t‘pnsil.
1374 5782 1431 5855 et
1457 5766 1661 5855 Steph;
1708 5775 1753 5855 ξ’
1786 5777 1881 5830 καὶ
1906 5780 1963 5855 οἰ⁸
1990 5776 2095 5855 μὲν
2121 5766 2640 5855 ἔφυγον-τέδίωκον.
2681 5766 3061 5855 Βιιείίίάιῗίει
3093 5766 3793 5855 's'i'é'pn'.‘33"6ov731iééi'5

513 5832 680 5910 ειπςῃ.
873 5847 920 5891 et
950 5838 1157 5910 Steph.
1190 5909 1195 5910 γ
1233 5841 1275 5872 θ’
1316 5842 1457 5910 ὑπὲρ
1488 5832 1589 5910 ὤν’.
1621 5841 1843 5899 Cmtera:
1901 5832 2002 5903 edd

513 5899 683 5956 Basil.
710 5903 806 5957 Gr.
840 5912 892 5959 ct
945 5899 1136 5975 Steph.
1187 5909 1393 5964 habent
1428 5899 1795 5981 καταλήψεων.

2012 5891 2025 5905 .
2065 5866 2278 5905 omnes.
2366 5851 2409 5883 ⁶¹¹
2439 5852 2741 5925 προύργου.
2779 5854 2943 5912 Basil.
2988 5855 3084 5911 Gr.
3141 5851 3793 5929 6"Christophot‘sonus,
