4124 6404
402 355 536 420 ιεοι
1444 358 2023 425 ECCLESIASTIC/E

2053 356 2439 418 HISTORIE
2492 358 2639 418 LIB.
2664 359 2733 419 V.
3012 404 3025 430 ι
3525 357 3660 424 1202

396 469 674 539 διαμάχην
685 468 1206 542 γεγέννηκεν.’Δλλὰ
1217 472 1389 528 ταῦτα
1409 477 1507 546 μὲν
1521 475 1747 549 ὕστερον
1757 477 1977 547 γεγένη-
2004 481 2024 537 Δ

2034 480 2053 535 ι
2083 473 2342 537 militum,
2375 482 2431 529 et
2462 473 2819 545 imperatoris
2846 473 3022 543 legem
3054 470 3394 543 proferente,
3427 471 3662 528 allirma-

394 576 511 612 ται.
530 559 666 612 Τότε
686 559 762 627 δὲ,
782 562 1114 635 ἀφικομένου
1141 565 1403 636 Σάπωρος
1428 567 1521 620 τοῦ
1537 567 1868 639 στρατηγοῦ,
1884 567 1977 622 καὶ

2082 564 2174 617 bat
2229 562 2493 619 Paulinus
2533 581 2594 621 se
2642 564 2863 620 Damasi
2912 563 3152 634 partium
3196 578 3320 619 esse
3354 581 3370 618 :
3407 563 3663 634 idemque

398 650 492 703 τὸν
518 649 801 720 βασιλικὸν
845 654 1225 720 ὑποδείξαντος
1271 658 1454 727 νόμον,
1484 659 1793 731 ἰσχυρίζετο
1825 660 1924 731 μὲν
1950 661 1980 713 ὁ

2082 655 2260 725 ipsum
2289 655 2597 712 aﬂirmabat
2654 656 2907 712 morbum
2957 670 3120 710 suum
3157 655 3347 710 celans
3374 654 3662 724 npollina-

400 742 670 807 Παυλῖνος
697 745 860 809 αὐτὸς
874 742 1013 801 εἶναι
1029 748 1131 819 τῆς
1146 751 1401 821 Δαμάσου
1421 751 1658 823 μερίδος·
1676 751 1981 825 ἰσχυρίζετο

2082 750 2221 804 rius.
2260 747 2333 802 At
2383 747 2604 803 divinus
2636 746 2910 814 Meletius,
2965 747 3181 817 1018
3232 745 3453 801 illorum
3505 760 3666 816 sper-

399 831 458 885 δὲ
495 833 589 886 καὶ
621 835 993 910 Ἀπολινάριος
1026 840 1428 912 κατακρύπτων
1482 845 1581 914 τὴν
1621 842 1795 897 νόσον.
1839 843 1897 898 Ὀ
1924 844 1982 898 δὲ

2083 854 2222 895 nens
2261 838 2712 902 contentionem,
2749 838 2893 892 intra
2934 839 3174 908 quietem
3224 852 3285 893 se
3316 838 3658 893 continebat.

403 922 546 987 θεῖος
567 925 831 990 Μελέτιος
853 930 1029 1001 ἡσυχῇ
1057 932 1318 1003 καθῆστο,
1339 931 1439 1004 τῆς
1470 933 1696 990 ἐκείνων
1716 935 1983 1007 ἀνεχόμε-

2084 931 2385 987 Flavianus
2414 945 2547 986 vero
2581 930 2673 985 ille
2707 928 3178 1000 sapientissimus,
3210 928 3305 1000 qui
3344 928 3401 984 in
3437 927 3667 998 presby-

402 1033 494 1081 νος
512 1016 706 1088 ἔριδος.
720 1020 1015 1088 Φλαϐιανὸς
1030 1023 1087 1077 δὲ
1108 1026 1136 1077 ὁ
1160 1026 1493 1095 σοφώτατος,
1517 1027 1593 1098 τῷ
1612 1028 1721 1082 τῶν
1744 1028 1983 1100 πρεσϐυ-

2086 1032 2329 1080 tcrorum
2355 1023 2541 1097 adhuc
2577 1037 2809 1077 numero
2839 1020 3192 1083 censebatur,
3231 1020 3410 1090 primo
3443 1019 3668 1089 quidem

405 1106 581 1178 τέρων
621 1112 1110 1184 ὲγκατειλεγμένος
1140 1114 1221 1169 ἔτι
1251 1116 1428 1188 χορῷ,
1473 1118 1688 1190 πρῶτον
1714 1120 1813 1191 μὲν
1847 1119 1984 1190 πρὸς

2085 1114 2153 1168 ad
2186 1113 2481 1168 Paulinum
2525 1112 2791 1183 magistro
2818 1111 3076 1166 audiente
3129 1110 3212 1166 sic
3258 1118 3345 1165 est
3402 1110 3665 1164 locutus:

405 1198 502 1251 τὸν
532 1200 798 1256 Παυλῖνον
823 1203 947 1275 ἔφη,
977 1205 1069 1259 τοῦ
1095 1208 1401 1278 στρατηγοῦ
1425 1210 1730 1274 ὲπαΐοντοςο
1762 1230 1780 1262 ι
1801 1209 1865 1265 Ei
1886 1210 1986 1280 τὴν

2093 1226 2113 1259 ε
2138 1205 2196 1260 Si
2241 1203 2464 1259 Damasi
2500 1203 2943 1259 communionem
2996 1201 3372 1271 amplecteris,
3403 1214 3436 1254 0
3466 1200 3664 1263 amice,

407 1292 689 1361 Δαμάσου,
722 1287 766 1349 ὧ
800 1297 1058 1370 φιλότης,
1091 1300 1377 1354 κοινωνίαν
1420 1300 1646 1373 ἀσπάζῃ
1671 1343 1682 1359 .
1721 1302 1986 1368 ἐπίδειξον

2088 1302 2197 1350 tua;
2226 1295 2392 1349 nobis
2433 1302 2488 1348 et
2529 1292 2686 1348 illius
2736 1290 3004 1347 doctrinae
3061 1290 3447 1360 cognationem
3481 1295 3672 1358 aperte

408 1383 543 1453 ἡμῖν
570 1385 757 1454 σαφῶς
792 1386 890 1458 τὴν
914 1388 1023 1441 τῶν
1049 1388 1336 1459 δογμάτων
1367 1391 1690 1460 συγγένειαν
1708 1395 1776 1448 ⁸⁸.
1809 1393 1986 1447 Ἐκεῖ-

2088 1385 2433 1454 demonstra.
2490 1383 2590 1437 llle
2645 1381 2795 1436 enim
2844 1394 3009 1434 uuam
3060 1378 3355 1433 Trinitatis
3401 1377 3671 1433 confitens

408 1491 501 1538 νος
538 1475 651 1547 γὰρ
695 1476 824 1547 μίαν
878 1481 977 1550 τῆς
1025 1480 1256 1550 Τριάδος
1306 1484 1492 1537 οὐσίαν
1546 1484 1844 1555 ὁμολογῶν,
1890 1487 1989 1550 τὰς

2090 1482 2417 1545 essentiam,
2449 1487 2564 1534 tres
2596 1477 2925 1549 hypostases
2961 1472 3257 1529 manifeste
3278 1472 3573 1543 praedicat;
3611 1477 3671 1524 tu

410 1569 561 1638 τρεῖς
605 1567 935 1634 ὑποστάσεις
977 1572 1271 1644 διαρρήδην
1306 1576 1598 1647 κηρύττει⁹
1643 1579 1709 1632 σὺ
1749 1577 1807 1631 δὲ
1849 1578 1990 1633 ἄντιο

2091 1588 2225 1629 vero
2253 1580 2448 1627 contra
2497 1568 2880 1642 hypostasium
2923 1565 3073 1622 tollis
3118 1565 3441 1619 trinitatem.
3494 1562 3677 1629 Quare

413 1672 549 1725 κρυς
591 1658 704 1711 τῶν
749 1661 1101 1716 ὑποστάσεων
1134 1664 1380 1735 ἀναιρεῖς
1428 1666 1528 1737 τὴν
1562 1668 1774 1739 τριάδα.
1805 1668 1990 1735 Δεῖξον

2092 1668 2410 1739 dogmatum
2460 1662 2695 1719 ostende
2741 1659 3124 1723 concordiam,
3169 1667 3227 1714 et
3268 1656 3536 1713 ecclesias
3586 1671 3676 1712 se-

410 1744 477 1817 δὴ
512 1743 605 1801 οὖν
639 1749 746 1804 τῶν
776 1751 1064 1822 δογμάτων
1097 1754 1194 1826 τὴν
1229 1758 1568 1827 συμφωνίαν,
1602 1759 1695 1813 καὶ
1730 1760 1863 1816 λάϐε
1889 1762 1991 1827 τὰς
2023 1809 2038 1827 ,

2042 1809 2067 1827 _
2095 1758 2337 1815 cundum
2367 1757 2544 1827 legem
2575 1769 2825 1826 capesse.
2867 1771 2887 1804 ι
2919 1752 3126 1808 Deinde
3185 1764 3311 1806 cum
3338 1764 3403 1827 os
3445 1749 3527 1803 illi
3563 1747 3670 1802 hac

413 1809 709 1907 ἐκκλησίας
751 1809 897 1895 κατά
942 1843 1035 1897 τὸν
1076 1809 1263 1914 νόμον.
1299 1809 1322 1900 λ
2023 1809 2041 1866 1

2043 1809 2068 1866 3
2095 1809 2784 1912 refutationeéobtura‘sset,
2814 1845 2880 1900 ad
2898 1842 3304 1915 Apollinarium
3331 1826 3633 1897 conversus
3658 1857 3671 1895 :

412 1928 660 2000 ἐλέγχοις
700 1932 1079 2004 ἐπιστομίσας,
1109 1938 1245 2008 πρὸς
1300 1938 1392 1992 τὸν
1433 1940 1809 2013 Ἀπολινάριον
1841 1942 1945 2016 ἔφη
1973 1959 1988 1975 '

2102 1963 2122 1997 ι
2151 1944 2402 1999 Demiror
2445 1948 2522 2008 te,
2576 1939 2857 2010 inquit,o
2886 1937 3100 2001 amice,
3156 1943 3268 1990 tam
3322 1933 3673 2005 impudenter

419 2041 439 2074 ι
474 2023 750 2092 Θαυμάζω
782 2043 863 2093 σε,
894 2020 941 2080 ὦ
969 2027 1119 2098 φίλος
1138 2031 1207 2098 ⁸³,
1238 2031 1412 2097 οὕτως
1443 2033 1636 2105 ἀνέδην
1666 2034 1808 2089 κατὰ
1826 2035 1870 2069 ⁸³
1895 2037 1994 2107 τῆς

2097 2048 2407 2104 repugnare
2434 2029 2678 2097 veritati,
2712 2029 2882 2100 idque
2907 2043 3033 2084 cum
3064 2026 3415 2099 exploratum
3447 2023 3677 2083 habeas.

413 2113 674 2186 ἀληθείας
717 2119 1048 2189 μαχόμενον,
1078 2123 1173 2176 καὶ
1207 2123 1378 2178 ταῦτα
1413 2126 1601 2197 σαφῶς
1627 2129 1994 2201 ἐπιστάμενον

2150 2140 2418 2190 amasum,
2441 2123 2740 2194 perfectam
2774 2137 2805 2176 a
2837 2119 2950 2176 Deo
2978 2118 3157 2175 Verbo
3187 2123 3524 2188 assumptam
3555 2131 3682 2171 esse

412 2205 490 2270 ὡς
509 2205 537 2256 ό
567 2206 867 2278 θαυμάσιος
893 2211 1150 2283 Δάμασος
1182 2214 1394 2270 τελείαν
1421 2217 1523 2272 ὑπὸ
1539 2218 1632 2273 τοῦ
1657 2220 1793 2274 Θεοῦ
1816 2222 1992 2293 Λόγου

2099 2225 2355 2273 naturam
2407 2223 2678 2280 nostram,
2743 2211 3035 2283 proﬁteri;
3097 2220 3154 2266 tu
3192 2225 3327 2266 vero
3392 2208 3680 2265 contraria

411 2296 514 2368 τὴν
545 2299 824 2370 ἡμετέραν
853 2302 1017 2370 φύσιν
1065 2306 1389 2378 ἀνειλῆφθαι
1426 2328 1591 2383 φησιν
1613 2328 1628 2344 ο
1663 2314 1730 2368 σὺ
1772 2313 1830 2368 δὲ
1869 2317 1996 2369 τού-

2098 2311 2300 2367 docere
2327 2323 2434 2363 non
2465 2307 2699 2364 desinis.
2731 2304 2969 2360 Mentem
3021 2304 3226 2375 quippe
3260 2312 3512 2359 nostram
3537 2304 3558 2325 ⁶
3586 2316 3679 2358 sa-

411 2389 627 2479 ναντίον
645 2389 820 2460 λέγων
843 2394 1127 2462 διατελεῖς.
1158 2400 1263 2454 Τὸν
1291 2400 1401 2473 γὰρ
1435 2403 1559 2458 νοῦν
1586 2404 1680 2461 τὸν
1720 2406 1996 2479 ἡμέτερον

2099 2400 2231 2456 Iutis
2259 2405 2540 2457 exsortem
2575 2396 2736 2452 facis.
2763 2395 2922 2462 Quod
2952 2395 2999 2450 si
3029 2395 3145 2449 haec
3175 2394 3465 2449 accusatio
3489 2398 3682 2449 nostra

411 2477 516 2548 τῆς
545 2481 821 2552 σωτηρίας
851 2485 1196 2559 ἀποστερεῖς.
1220 2492 1285 2545 Εί
1313 2492 1371 2547 δὲ
1397 2493 1566 2565 ψευδῆ
1595 2477 1780 2569 φαμεν
1816 2477 1997 2557 ταῧτά

2099 2491 2237 2548 falsa
2269 2500 2375 2556 est,
2405 2490 2494 2546 vel
2521 2503 2671 2545 nunc
2698 2489 2894 2544 saltem
2926 2487 3227 2558 probatam
3283 2487 3385 2542 abs
3437 2496 3490 2540 te
3522 2483 3682 2539 novi-

382 2641 387 2645 .
416 2587 513 2624 σου
553 2574 1010 2646 κατηγοροῦντες,
1040 2578 1135 2633 νῦν
1162 2580 1295 2651 γοῦν
1322 2584 1422 2655 τὴν
1446 2585 1553 2640 ὑπὸ
1578 2586 1674 2641 σοῦ
1700 2590 1993 2661 τεχθεῖσαν

2099 2592 2269 2640 tatem
2321 2583 2511 2654 ejura,
2568 2589 2623 2637 et
2679 2580 2903 2635 Damasi
2956 2578 3271 2634 doctrinam
3328 2577 3682 2647 amplectere,

414 2662 687 2755 άρνήθητι
736 2669 1111 2740 καινοτομίαν,
1160 2673 1256 2727 καὶ
1306 2674 1406 2747 τὴν
1460 2678 1716 2748 Δαμάσου
1773 2682 2000 2755 στέρξον

2101 2684 2217 2732 tum
2248 2675 2472 2730 divinas
2504 2672 2650 2729 aedes
2682 2671 2892 2727 obtine.
2918 2688 2937 2721 ι
2985 2668 3080 2723 Sic
3133 2669 3302 2739 igitur
3336 2667 3686 2738 sapientissi-

413 2754 785 2846 διδασκαλίαν,
814 2760 911 2814 καὶ
948 2763 1076 2827 τοὺς
1101 2765 1283 2829 θείους
1317 2767 1449 2822 λάϐε
1480 2771 1703 2841 σηκούς.
1740 2791 1760 2824 ι
1811 2773 1870 2828 Ὀ
1899 2775 1999 2846 μὲν

2101 2784 2228 2824 mus
2254 2766 2556 2822 Flavianus
2586 2763 2895 2821 verissimis
2928 2760 3246 2817 rationibus
3281 2760 3501 2815 illorum
3534 2774 3686 2815 com-

412 2841 511 2900 οὖν
553 2848 867 2918 σοφώτατος
915 2850 1215 2918 Φλαϐιανὸς
1251 2861 1366 2923 τοῖς
1406 2859 1634 2932 ἀληθέσι
1678 2862 1858 2933 λόγοις

2103 2859 2311 2931 pressit
2346 2856 2670 2922 audaciam;
2714 2854 2965 2911 Meletius
2994 2867 3146 2918 vero,
3198 2852 3514 2908 mortalium
3562 2866 3686 2906 om-

415 2938 642 2992 ὲκείνων
670 2942 986 2997 κατέπαυσε
1028 2947 1362 3018 παρρησίαν.
1398 2952 1662 3018 Μελέτιος
1689 2954 1767 3019 δὲ,
1800 2956 1830 3009 ὀ
1861 2959 2001 3014 πάν-

2101 2952 2257 3007 nium
2291 2949 2652 3012 mitissimus,
2693 2955 2945 3003 amanter
2972 2953 3030 3001 et
3065 2945 3302 3015 benigne
3344 2942 3687 3014 compellans

414 3047 528 3084 των
579 3031 883 3104 ἀνθρώπων
934 3037 1261 3107 πραότατος,
1318 3042 1658 3115 φιλοφρόνως
1716 3047 1835 3120 ἅμα
1904 3052 2002 3106 καὶ⁴

2100 3041 2450 3098 Paulinum:
2500 3038 2860 3105 «Quoniam,
2919 3037 3134 3107 inquit,
3192 3042 3248 3091 et
3303 3034 3437 3090 mihi
3496 3035 3686 3089 ovium

416 3121 594 3192 ἠπίως
641 3123 749 3196 ἔφη
788 3127 926 3197 πρὸς
963 3128 1057 3182 τὸν
1107 3131 1392 3188 Παυλῖνον·
1444 3153 1465 3187 ι
1505 3136 1723 3210 Ἐπειδὴ
1749 3141 1843 3193 καὶ⁵
1875 3141 2001 3212 ἐμοὶ
2028 3190 2044 3212 Α

2060 3188 2071 3210 Ι
2104 3133 2340 3189 istarum
2368 3144 2560 3187 curam
2592 3128 2860 3186 Dominus
2890 3126 3191 3191 commisit,
3215 3134 3272 3181 et
3301 3134 3363 3181 tu
3393 3124 3532 3179 alias
3555 3137 3688 3178 oves

414 3212 587 3266 τῶνδε
606 3212 715 3269 τῶν
742 3216 1035 3288 προϐάτων
1064 3217 1163 3290 τὴν
1188 3221 1507 3293 ἐπιμέλειαν
1525 3224 1555 3277 ό
1578 3226 1689 3281 τῶν
1712 3228 2002 3299 προϐάτων
2027 3212 2042 3245 1

2062 3222 2390 3282 'curandas
2442 3220 2762 3292 suscepisti,
2808 3234 3052 3289 ovesque
3101 3218 3247 3273 inter
3289 3231 3350 3273 se
3403 3213 3690 3286 religionis

415 3304 719 3377 ἐνεχείρισε
761 3308 967 3380 Κύριος
990 3350 1007 3377 ,
1042 3311 1137 3366 καὶ
1170 3313 1234 3367 σὺ
1266 3314 1373 3367 τῶν
1406 3313 1558 3389 [202]
1603 3317 1780 3374 ἄλλων
1808 3322 2005 3376 άναδέν

2107 3314 2501 3373 communione
2529 3310 2910 3375 consentiunt,
2944 3321 3140 3378 greges
3182 3313 3447 3371 nostros,
3489 3301 3689 3365 amice,

416 3393 569 3460 δεξαι
612 3395 712 3469 τὴν
756 3400 1036 3470 φροντίδα,
1080 3407 1330 3459 κοινωνεῖ
1352 3405 1410 3459 δὲ
1438 3406 1691 3480 ἀλλήλοις
1716 3412 1817 3481 τῆς
1850 3414 2006 3469 εὐσε-

2106 3408 2555 3478 conjuugamus,
2618 3409 2674 3456 et
2735 3399 3148 3455 contentionem
3216 3397 3287 3451 de
3359 3393 3689 3466 praefectura

415 3484 574 3552 ϐείας
623 3488 694 3543 τὰ
743 3489 1062 3563 θρέμματα,
1115 3495 1463 3566 συνάψωμεν,
1517 3498 1564 3558 ὦ
1625 3503 1871 3574 φιλότης,
1934 3508 2008 3565 τὰ

2107 3501 2469 3562 dirimamus,
2500 3492 2718 3565 1019
2740 3505 2983 3561 ovesque
3020 3490 3076 3545 in
3108 3502 3404 3545 commune
3461 3499 3694 3556 pascen-

420 3575 678 3648 ποίμνια,
711 3581 807 3634 καὶ
835 3581 932 3654 τὴν
960 3583 1091 3653 περὶ
1136 3585 1235 3658 τῆς
1276 3586 1574 3657 ἡγεμονίας
1608 3592 2005 3663 καταλύσωμεν

2079 3596 2084 3600 ”
2111 3602 2218 3656 tes.
2248 3603 2599 3647 communem
2630 3586 2743 3642 illis
2767 3599 2956 3641 curam
3003 3582 3417 3653 impendamus.
3453 3577 3609 3646 Quod
3644 3576 3694 3633 si

417 3664 728 3738 διαμάχην
782 3674 937 3743 κοινῇ
986 3672 1044 3726 δὲ
1084 3673 1152 3727 τὰ
1196 3674 1444 3746 πρόϐατα
1486 3678 1765 3749 νέμοντες,
1817 3684 2004 3758 κοινὴν

2108 3686 2175 3739 de
2212 3682 2389 3737 media
2432 3680 2560 3736 sede
2597 3686 2683 3735 est
2736 3676 3140 3738 controversia,
3176 3687 3280 3744 ego
3329 3673 3474 3727 hanc
3519 3670 3694 3726 etiam

416 3757 609 3822 αὐτοῖς
663 3761 1122 3835 προσενέγκωμεν
1175 3764 1493 3839 θεραπείαν.
1540 3769 1606 3824 El
1654 3772 1713 3826 δὲ
1756 3777 1785 3829 ό
1835 3757 2005 3847 μέσος

2106 3774 2357 3830 conabor
2396 3784 2702 3827 removere.
2755 3767 2998 3824 Ponatur
3049 3766 3197 3820 enim
3250 3765 3308 3820 in
3338 3779 3439 3829 ea,
3467 3775 3689 3833 quaeso,

419 3848 599 3915 θῶκος
644 3851 742 3925 τὴν
784 3852 901 3925 ἔριν
949 3857 1137 3927 γεννᾷ,
1189 3856 1299 3922 ἐγὼ
1345 3859 1439 3913 καὶ
1477 3859 1686 3933 ταύτην
1748 3863 2004 3931 ἐξελάσαι

2107 3881 2331 3923 sacrum
2372 3861 2757 3933 Evangelium,
2789 3868 2847 3915 et
2882 3873 2955 3915 ex
2977 3866 3214 3927 utraque
3254 3862 3414 3925 parte
3460 3866 3564 3906 nos
3608 3864 3693 3905 se-

417 3942 780 4013 πειράσομαι.
822 3944 910 4000 Ἐν
949 3946 1058 4017 γὰρ
1100 3946 1275 4019 τούτῳ
1321 3949 1384 4003 τὸ
1438 3948 1579 4004 θεῖον
1635 3955 2037 4022 προτεθεικὼς¹

2107 3959 2338 4016 deamus
2369 3964 2466 4013 :et
2488 3954 2539 4011 si
2561 3951 2785 4024 quidem
2826 3951 2981 4022 prior
3004 3963 3109 4021 ego
3140 3963 3173 4004 e
3215 3948 3326 4003 vita
3372 3956 3691 4007 excessero,

418 4033 775 4104 Εὐαγγέλιον,
821 4038 1162 4112 ἑκατέρωθεν
1189 4042 1340 4112 ἡμᾶς
1368 4042 1640 4121 καθῆσθαι
1670 4050 1967 4120 παρεγγυῶ
1987 4066 2002 4083 ο

2107 4059 2166 4109 tu
2222 4050 2401 4113 solus,
2455 4047 2658 4111 amice,
2710 4058 2933 4117 gregem
2973 4057 3134 4113 reges
3171 4059 3185 4096 :
3219 4040 3307 4096 sin
3360 4044 3546 4093 autem
3590 4032 3694 4089 tibi

423 4125 520 4218 καὶ
547 4128 597 4179 εἰ
623 4128 722 4197 μὲν
753 4128 972 4218 πρῶτος
998 4130 1109 4200 ἐγὼ
1133 4131 1398 4204 δεξαίμην
1433 4135 1529 4188 τοῦ
1565 4136 1682 4208 βίου
1711 4140 1773 4193 τὸ
1805 4141 2004 4214 πέρας,
2028 4137 2034 4143 ’

2108 4146 2264 4218 prius
2290 4143 2345 4199 id
2373 4139 2698 4211 contigerit,
2730 4152 2833 4208 ego
2866 4150 3066 4190 rursus
3108 4133 3293 4188 ovium
3332 4144 3433 4201 pro
3475 4126 3695 4184 viribus

430 4214 587 4285 μόνος
612 4218 830 4291 σχῇςθθ,
863 4214 909 4274 ὦ
944 4222 1098 4290 φίλος
1121 4263 1137 4287 ,
1166 4223 1264 4295 τὴν
1288 4225 1388 4296 τῆς
1415 4226 1652 4299 ποίμνης
1682 4232 2003 4303 ἠγεμονίαν.

2109 4214 2300 4295 curam
2341 4248 2554 4305 geram.
2584 4249 2603 4284 ι
2630 4230 2765 4296 Quae
2816 4244 2944 4285 cum
3000 4226 3238 4298 benigne
3276 4230 3635 4292 amanterque
3663 4234 3696 4273 a

424 4308 491 4361 El
518 4309 574 4362 δὲ
605 4311 670 4364 σὺ
707 4312 972 4384 πρότερος
1018 4315 1177 4369 τοῦτο
1222 4316 1435 4383 πάθοις,
1474 4319 1587 4389 ἐγὼ
1618 4321 1787 4377 πάλιν,
1812 4325 1893 4391 είς
1916 4326 2009 4382 δύ-

2109 4331 2302 4391 divino
2329 4326 2560 4384 Meletio
2592 4323 3006 4395 proferrentur,
3046 4319 3316 4375 Paulinus
3357 4324 3541 4371 tamen
3582 4328 3696 4368 non

424 4418 589 4494 ναμιν
616 4404 727 4458 τῶν
756 4406 1046 4476 προϐάτων
1076 4409 1503 4482 ὲπιμελήσομαι.
1549 4431 1568 4465 ι
1604 4414 1790 4471 Ταῦτα
1826 4419 2007 4491 ἠπίως

2110 4422 2414 4494 acquievit.
2450 4417 2642 4488 Itaque
2675 4415 2940 4485 magister
2979 4411 3238 4474 militum,
3267 4423 3330 4463 re
3366 4404 3695 4477 diiudicata,

425 4493 529 4595 μὲν
548 4493 672 4595 ipa
694 4497 791 4595 καί
821 4498 1159 4595 φιλοφρόνως
1185 4501 1387 4595 esse);
1414 4498 1536 4556 εἷπε
1559 4505 1823 4573 Μελέτιος
1848 4527 1863 4543 ·
1891 4515 1920 4566 ὁ
1948 4516 2006 4572 δὲ
2041 4539 2053 4595 1

2048 4539 2083 4594 ι)
2113 4493 2379 4574 ecclesias
2413 4523 2614 4581 magno
2638 4507 2855 4563 Meletio
2881 4502 3114 4559 tradidit
3148 4498 3454 4557 :Paulinus
3494 4504 3676 4595 autem

422 4584 692 4682 Παυλῖνος
737 4588 839 4641 οὐκ
885 4588 1156 4661 ἔστερξεν.
1219 4591 1278 4645 '0
1322 4592 1381 4647 δὲ
1429 4597 1766 4667 στρατηγὸς,
1811 4606 2005 4678 κριτὴς
2041 4584 2050 4595 Ι

2067 4584 2077 4592 ν
2119 4601 2674 4682 scgregatarumjam
2703 4599 2838 4653 olim
2876 4597 3063 4652 ovium
3104 4593 3335 4647 antistes
3369 4587 3695 4659 permansit.

421 4679 534 4733 τῶν
574 4680 883 4752 εἰρημένων
912 4683 1235 4754 γενόμενος,
1272 4684 1352 4754 τῷ
1386 4688 1607 4759 μεγάλῳ
1636 4690 1885 4764 Μελετίῳ
1910 4676 2012 4764 τάς
2069 4676 2376 4772 ἐκκλησίας
2411 4694 2761 4766 παρέδωκεν·
2796 4691 2824 4742 ὁ
2864 4689 2921 4742 δὲ
2968 4685 3230 4748 Παυλῖνος
3287 4682 3523 4751 διέμεινε
3589 4676 3699 4731 τῶν

424 4772 486 4838 ἐξ
514 4773 689 4845 ἀρχῆς
711 4774 1118 4846 ἀποκριθέντων
1151 4775 1444 4847 προϐάτων
1478 4779 1802 4850 ἡγούμενος.

1041 4870 1292 4924 ΚΕΦΑΛ.
1329 4875 1400 4926 Δ¹.
2398 4876 2555 4934 CAP.
2608 4877 2669 4931 ιν

2398 4876 2555 4934 CAP.
2608 4877 2695 4931 Iv.
2738 4873 2820 4947 [Β.
2860 4871 2942 4926 ει.
2978 4871 3040 4927 v.
3073 4868 3176 4923 cn.
3210 4869 3264 4923 ι.
3298 4866 3442 4940 85.]-

498 4962 544 4995 ³⁸
560 4963 698 5031 Περὶ
720 4964 1019 5018 Εὐσεϐίου
1049 4964 1158 5018 τοῦ
1181 4965 1521 5021 ἐπισκόπου
1551 4970 1935 5039 Σαμοσάτων.

1792 4972 1935 5030 inor.
2398 4964 2477 5019 De
2501 4963 2730 5019 Eusebio
2752 4962 2992 5030 episcopo
3027 4957 3420 5014 Samosatensie

510 5054 885 5125 Ἀπολινάριος
931 5054 989 5108 δὲ
1041 5056 1137 5127 τῆς
1189 5057 1298 5110 τῶν
1336 5056 1670 5130 Ἐκκλησιῶν
1713 5065 2013 5134 ἡγεμονίας

2186 5056 2572 5128 Apollinarius
2611 5069 2745 5109 vero
2791 5053 2861 5107 ab
2890 5050 3266 5106 Ecclesiarum
3298 5049 3728 5120 gubernatione-

422 5147 766 5220 διαμαρτὼν,
806 5147 1102 5221 διαρρήδην
1134 5147 1322 5204 λοιπὸν
1370 5151 1470 5221 τὴν
1524 5156 2012 5227 καινοτομηθεῖσαν

2115 5152 2392 5222 repulsus,
2434 5154 2623 5220 aperte
2654 5146 2917 5214 deinceps
2948 5156 3145 5196 novam
3199 5156 3356 5195 suam
3387 5140 3698 5197 doctrinam

426 5239 780 5296 διδασκαλίαν
804 5243 1092 5313 ἐκήρυττε,
1137 5244 1233 5298 καὶ
1260 5243 1360 5316 τῆς
1388 5243 1652 5317 αἱρέσεως
1681 5248 1873 5302 ἑαυτὸν
1903 5251 2010 5304 άπ-

2118 5242 2441 5310 prmdicare,
2475 5238 2788 5307 ducemque
2821 5251 2879 5289 se
2911 5235 3091 5302 ipsum
3124 5231 3396 5286 haereseos
3432 5232 3698 5302 proﬁteri.

428 5331 629 5400 ἐφηνεν
681 5331 945 5403 ἀρχηγόν.
1001 5332 1110 5385 Καὶ
1163 5333 1325 5397 αὐτὸς
1361 5332 1461 5404 μὲν
1511 5335 1568 5387 ὲν
1624 5336 1912 5408 Λαοδικείᾳ
1945 5337 2014 5391 τὰ

2120 5333 2440 5389 Morabatur
2468 5332 2512 5385 is
2538 5328 2785 5401 quidem,
2814 5336 2872 5381 ut
2894 5326 3215 5397 plurimum,
3242 5323 3557 5392 Laodiceae;
3586 5323 3698 5379 An-

1707 5453 1942 5509 VARUE
1985 5452 2387 5511 LECTIONES.

501 5544 548 5621 ξι
580 5543 893 5621 et’i‘aéﬁetao.
920 5543 1194 5621 Steph..2.
1224 5546 1306 5621 An
1335 5548 1752 5621 rescribendum
1795 5550 2115 5621 συμφωνίαν
2142 5564 2209 5605 ex
2234 5546 2658 5621 sequentibus?_
2698 5545 2744 5576 ⁸²
2770 5542 3182 5621 φέλώτιιςοέἰηὶ
3216 5543 3355 5621 “De?
3380 5553 3432 5621 εξ
3454 5534 3694 5621 ,Νίοίῖυ¹¹·

501 5561 548 5576 σι
580 5561 886 5600 ευσεοειαν.
920 5561 1194 5667 uernum
1224 5561 1306 5601 nn
1335 5561 1752 5605 rescribendum
1795 5561 2115 5621 συμφωνίαν
2142 5564 2209 5605 ex
2234 5561 2625 5620 sequentibus!
2698 5561 2744 5576 "
2770 5561 3032 5615 φιλωτιιςο
3062 5561 3182 5599 ι¹ιηι
3219 5561 3355 5598 "De"
3380 5561 3432 5597 Cl
3467 5561 3694 5610 NWP'“

430 5612 482 5693 [³
503 5614 726 5693 ἀναίδην
752 5618 818 5687 τῇ
842 5615 1007 5693 άληθε
1034 5633 1234 5693 αλμαχ.
1271 5616 1396 5693 Das.
1429 5616 1600 5675 Graec.
1635 5624 1906 5693 etstepb.
1982 5621 2030 5655 ⁸³
2052 5622 2274 5693 σχήσεις
2298 5620 2508 5693 habent
2528 5615 2766 5680 Christ",
2794 5615 3020 5693 βαθμοὶ
3043 5613 3167 5693 _Pini
3189 5615 3391 5693 cod'.l.,_
3415 5612 3695 5693 ςιὶυηξξιὶεθηξ

385 5694 395 5701 ’
507 5677 818 5758 φιλψτὴςεξί
867 5677 1006 5758 "fin
1035 5677 1156 5742 tum
1180 5677 1392 5742 'imdice
1444 5696 1625 5744 tamen
1663 5677 1910 5750 Valesius
1957 5677 2155 5749 narrat.
2203 5677 2462 5748 inchoare
2498 5690 2601 5746 hoc
2626 5677 2760 5758 cap.
2782 5688 2812 5741 4
2840 5687 3009 5756 paulo.
3043 5682 3463 5741 inferiusrcrbis
3497 5680 3642 5735 illis:
3666 5679 3696 5730 ὁ

431 5754 491 5809 δὲ
543 5754 714 5827 μέγας
756 5756 1036 5821 Εὐσέϐιος,
1063 5765 1195 5825 ctc.,
1222 5760 1366 5828 quod
1401 5759 1492 5814 illc
1525 5762 1740 5829 probat.
