4124 6424
1598 356 2082 433 THEODORETI
2123 375 2461 440 EPISCOPI
2502 383 2869 449 CYRENSIS

3677 402 3796 471 1204

571 452 794 508 tiochiaa
827 460 1009 513 tamen
1044 459 1159 529 jam
1210 472 1372 521 antea
1411 470 1696 530 ordinarat
1730 476 1984 548 Vitalem,
2026 488 2113 542 vit:

571 556 707 585 nam;
740 543 1037 585 hnnncloln
1067 553 1334 585 δηοιηηη...
1406 565 1745 585 -.._-._n_,-,
1897 572 1911 585 .
2105 579 2113 585 .

2214 528 2223 550 ι
2255 489 2481 545 πλεῖστα
2528 494 2793 567 διέτριϐεν
2825 516 2839 530 ·
2875 500 2933 553 ὲν
2971 498 3271 575 Ἀντιοχείᾳ
3320 503 3375 558 δὲ
3414 506 3512 578 ήδη
3560 511 3797 585 πρότερον

570 556 707 600 sane
740 543 1037 606 honestate
1067 553 1356 627 insignem,
1404 565 1837 639 apostolicisque
1878 543 2151 645 dogmati-

570 630 677 688 bus
698 634 1049 706 innutritum,
1067 642 1163 699 sed
1185 649 1393 704 erroris
1416 630 1602 721 postea
1629 630 1759 714 labe'
1775 630 2145 732 inquiiratum.

568 719 799 781 Divinus
850 738 1030 785 autem
1076 731 1331 794 Meletius
1362 719 1660 800 Diodorum
1695 719 1870 815 illum,
1916 719 2148 824 cujusa

570 825 659 866 me
689 812 806 883 jam
836 816 978 875 facta
1008 832 1096 879 est
1142 827 1372 898 mentio,
1419 833 1515 901 qui
1563 852 1757 894 navem
1791 812 2055 902 Ecclesiae
2092 850 2145 904 in

568 907 899 971 gravissima
948 919 1274 985 tempestate
1311 921 1643 983 incolumem
1678 943 1948 1002 servarat,
1985 936 2144 995 Tarsi

563 1003 839 1064 pastorem
873 1001 1208 1075 designavit,
1231 1010 1576 1087 Cilicumque
1599 1031 1818 1092 gentem
1853 1027 1974 1097 ejus
1997 1046 2146 1090 curae

562 1089 862 1145 commisit.
935 1095 1190 1165 Apameae
1269 1118 1400 1160 vero
1474 1089 1794 1181 episcopum
1853 1122 1874 1141 '

564 1175 781 1249 1020
826 1181 1118 1258 Joannem,
1154 1193 1304 1251 claro
1337 1175 1562 1265 quidem
1614 1203 1768 1260 illum
1800 1222 2001 1278 genere
2047 1228 2141 1268 or-

558 1274 697 1334 tum,
746 1272 845 1330 sed
902 1292 1003 1334 sua
1058 1285 1233 1355 magis
1292 1303 1458 1359 quam
1509 1294 1781 1364 majorum
1802 1272 2032 1359 vvirtute
2068 1306 2138 1360 il-

558 1358 812 1419 lustrem.
845 1365 1120 1428 Doctrina:
1153 1358 1319 1432 enim,
1331 1382 1539 1449 pariter
1559 1358 1616 1441 et
1641 1386 1766 1445 vita:
1796 1396 2140 1454 ornamentis

557 1452 778 1511 enituit.
834 1457 935 1516 llic
980 1469 1228 1535 tempore
1271 1476 1621 1544 tempestatis
1670 1484 2171 1560 consentientium.

557 1556 748 1599 secum
787 1547 841 1603 in
897 1552 1001 1609 [ide
1046 1571 1378 1617 conventum
1429 1567 1780 1641 gubernavit,
1826 1574 2133 1645 adjutorem

554 1633 766 1695 habens
806 1640 1135 1703 laudabilem
1171 1633 1538 1723 Stephanum,
1579 1678 1741 1731 quem
1766 1633 1957 1747 ipsum
1990 1633 2132 1742 quo:

552 1742 661 1795 que
683 1730 907 1792 divinus
946 1736 1193 1798 Meletius
1223 1744 1290 1798 ad
1339 1747 1445 1804 alia
1475 1730 2129 1820 certamina-destinavit.

550 1818 689 1874 Cum
721 1824 866 1879 enim
902 1834 1249 1900 cognovisset
1283 1835 1684 1900 Germaniciani
1718 1846 1948 1907 Eudoxii
1978 1818 2129 1925 peste
2165 1841 2209 1896 Β
2235 1830 2372 1922 θετοε

548 1923 867 1985 corruptam
919 1935 1066 1989 esse,
1120 1930 1372 1987 sanando
1422 1936 1617 1992 morbo
1649 1941 1920 1998 medicum
1978 1923 2126 2004 hunc

547 2000 718 2068 misit,
755 2008 850 2075 qui
881 2017 937 2063 et
963 2009 1278 2073 Graecorum
1332 2031 1482 2080 artes
1514 2042 1708 2085 omnes
1754 2032 2047 2104 didicerat,
2073 2048 2127 2096 et

544 2097 725 2153 sacris
757 2100 1065 2174 disciplinis
1094 2121 1126 2162 a
1169 2112 1345 2180 prima
1387 2124 1548 2174 aetate
1582 2118 1763 2178 fuerat
1796 2097 2123 2188 instructus.

541 2184 732 2258 Neque
783 2206 909 2247 eum
945 2208 1097 2257 certe
1150 2215 1278 2273 spes
1326 2204 1593 2263 frustrata
1650 2221 1756 2269 cst.
1807 2214 2121 2288 Spiritalem

539 2276 684 2330 enim
728 2279 1039 2341 doctrinam
1072 2292 1343 2352 exhibens
1387 2298 1546 2369 lupos
1591 2303 1647 2358 in
1696 2320 1829 2364 oves
1867 2314 2120 2371 mutavit.

535 2362 609 2419 At
635 2382 866 2439 magnus
898 2373 1171 2438 Eusebius
1205 2384 1275 2439 ab
1302 2388 1499 2444 exsilio
1529 2407 1809 2458 reversus,
1834 2398 2118 2470 Acacium,

535 2455 698 2525 cujus
742 2463 979 2522 celebris
1008 2477 1095 2524 est
1141 2470 1309 2536 fama,
1345 2475 1552 2534 Bermze
1589 2484 1870 2542 ordinavit
1900 2492 2119 2560 episco-

532 2559 687 2615 pum,
723 2548 1004 2625 Hierapoli
1049 2575 1179 2616 vero
1228 2562 1596 2636 Theodotum,
1641 2575 1804 2645 cujus
1857 2548 2118 2651 religiosa

532 2644 882 2699 conversatio
912 2661 1060 2702 nunc
1109 2652 1276 2708 etiam
1309 2658 1364 2712 in
1395 2673 1493 2715 ore
1523 2673 1606 2718 est
1643 2644 1916 2725 omnium.
1946 2672 2113 2729 Chal-

532 2727 673 2785 cidis
715 2746 879 2802 porro
933 2736 1252 2812 Eusebium,
1298 2758 1354 2803 et
1397 2750 1523 2822 Cyri
1584 2766 1789 2816 nostra:
1820 2761 2113 2834 lsidorum,

529 2831 825 2896 Utrumque
856 2829 1259 2903 admirabilem,
1280 2848 1336 2895 et
1359 2843 1547 2901 divino
1574 2851 1692 2906 zelo
1724 2858 2111 2925 conspicuum.

528 2911 635 2969 Sed
669 2924 723 2971 et
756 2918 1046 2991 Eulogium
1082 2925 1259 2994 illum,
1284 2934 1376 3002 qui
1399 2950 1500 3005 pro
1523 2943 1824 3009 apostolica
1854 2911 2111 3006 doctrina

516 3465 777 3524 idoneum
859 3476 1138 3532 medicum
1220 3481 1676 3543 subministrans.
1758 3492 2101 3554 Postremum

513 3560 760 3617 omnium
802 3564 1000 3623 Marim
1041 3571 1265 3628 divinus
1306 3574 1579 3635 Eusebius
1615 3579 1857 3640 Dolichze
1894 3592 2124 3645 creavit'

511 3652 834 3725 episcopum
872 3677 886 3713 :
921 3661 1186 3731 oppidum
1222 3663 1326 3719 hoc
1358 3682 1610 3738 parvum,
1640 3684 1695 3730 et
1735 3676 1943 3735 Ariana
1978 3680 2101 3738 labe

512 3750 645 3800 tunc
676 3746 888 3819 1021
926 3755 1191 3824 temporis
1219 3757 1506 3841 infectum.
1533 3763 1690 3822 Hunc
1724 3784 1859 3841 ergo
1880 3770 2094 3841 Marim,

506 3834 688 3891 virum
717 3854 852 3896 sane
892 3843 1256 3917 laudandum,
1282 3859 1338 3907 et
1370 3836 1560 3913 multis
1589 3858 1851 3916 virtutum
1879 3868 2096 3935 generi-

504 3927 611 3986 bus
655 3931 950 4003 illustrem,
997 3937 1054 3994 in
1098 3941 1401 4015 episcopali
1437 3950 1566 4005 sede
1596 3952 1875 4011 collocare
1906 3959 2094 4016 volens

504 4035 739 4094 magnus
795 4024 1092 4099 Eusebius,
1161 4034 1445 4094 Dolicham
1506 4044 1679 4099 venit.
1739 4045 1940 4105 Urbem
2007 4053 2091 4108 iu-

504 4114 745 4169 troeuuti
791 4120 996 4176 mulier
1036 4123 1312 4193 quaedam,
1361 4130 1554 4186 ariana
1602 4148 1758 4203 peSte
1809 4137 2089 4211 laborans,

501 4204 757 4276 conjecta
808 4209 877 4267 de
938 4222 1082 4270 tecto
1142 4221 1326 4291 tegula
1374 4232 1543 4293 caput
1601 4226 1777 4293 illisit,
1807 4244 1986 4301 eoque
2023 4252 2089 4290 ex

499 4301 733 4357 vulnere
771 4303 915 4359 haud
963 4309 1139 4365 multo
1174 4322 1298 4382 post
1348 4315 1417 4370 ad
1465 4317 1744 4374 meliorem
1776 4321 1943 4377 vitam
1987 4326 2090 4379 mi-

500 4391 701 4460 gravit.
742 4391 905 4450 Morti
944 4407 1131 4455 autem
1166 4403 1382 4462 vicinus
1413 4422 1510 4464 eos
1541 4409 1633 4478 qui
1672 4411 1906 4467 aderant
1934 4414 2089 4484 jure-

2252 583 2721 659 ὲκεχειροτονήκει
2776 591 3044 658 Βιτάλιον,
3073 593 3174 666 βίῳ
3230 595 3326 666 μὲν
3366 597 3566 671 ἀρίστῳ
3589 583 3799 673 κοσμού-

2252 688 2433 741 μενον,
2479 676 2573 729 καὶ
2613 681 2727 743 τοῖς
2752 681 3130 749 ἀποστολικοῐς
3156 684 3418 757 δόγμασιν
3449 691 3797 764 ἐντεθραμμέο

2247 778 2354 829 νον,
2390 763 2615 835 ὕστερον
2636 768 2694 823 δὲ
2725 769 2825 843 τὴν
2845 772 2998 826 νόσον
3026 774 3341 845 δεξάμενον.
3379 778 3435 831 '0
3463 777 3519 831 δὲ
3541 779 3672 845 θεῖος
3698 763 3799 838 Με-

2246 854 2440 922 λέτιος,
2466 859 2730 932 Διόδωρον
2763 863 2992 930 ἐκεῖνον,
3027 858 3090 919 οὗ
3128 868 3226 921 καὶ⁹
3254 868 3486 940 πρόσθεν
3522 871 3796 946 ἐμνήσθην,

2243 946 2336 1002 τὸν
2392 952 2451 1002 ἰν
2505 950 2584 1022 τῷ
2640 955 2981 1029 παγχαλέπῳ
3010 957 3239 1013 κλύδωνι
3268 961 3596 1018 ἀϐάπτιστον
3631 966 3689 1018 τὸ
3712 967 3800 1037 τῆς

2256 1035 2587 1110 Ἐκκλησίας
2629 1042 2973 1103 διασώσαντα
3026 1050 3251 1120 σκάφος,
3304 1052 3559 1124 Ταρσέων
3593 1055 3636 1089 ⁸⁸
3679 1035 3799 1112 κατ-

1935 1123 2142 1177 creavit
2169 1143 2203 1183 ο
2240 1127 2440 1201 έστησε
2476 1135 2733 1204 ποιμένα,
2772 1139 2867 1193 καὶ
2998 1142 3239 1197 Κιλίκων
3297 1123 3444 1217 αὐτῷ
3493 1148 3799 1219 ἐνεχείρισεν

2240 1217 2412 1286 ἔθνος.
2460 1223 2764 1296 ’Δπαμείας
2803 1229 2861 1283 δὲ
2908 1214 3006 1303 τὴν
3054 1214 3451 1307 ἀρχιερατικὴν
3498 1214 3798 1309 ἐπιμέλειαν

2253 1310 2475 1385 Ἰωάννῃ
2507 1317 2892 1385 πεπίστευκεν,
2917 1320 2977 1386 ὃς
3000 1317 3114 1394 εἶχε
3139 1323 3241 1396 μὲν
3272 1325 3367 1381 καὶ
3386 1327 3478 1380 τοῦ
3504 1328 3686 1396 γένους
3712 1330 3800 1402 τὴν

2239 1405 2621 1474 περιφάνεια-ι,
2653 1412 3043 1483 κατορθώμασι
3070 1416 3127 1470 δὲ
3158 1417 3358 1489 μᾶλλον
3387 1419 3605 1485 οἰκείοις
3629 1421 3660 1493 ἢ
3683 1439 3801 1494 προ-

2235 1499 2471 1562 γονικοῖς
2504 1499 2904 1577 ἐλαμπρύνετο.
2934 1507 3093 1562 Κατά
3141 1510 3339 1564 ταύτὸν
3388 1512 3495 1583 γὰρ
3536 1513 3690 1567 αὐτὸν
3719 1517 3801 1569 καὶ

2235 1584 2389 1656 λόγος
2413 1590 2639 1662 ἐκόσμει
2667 1594 2763 1649 καὶ
2792 1595 2926 1667 βίος.
2953 1593 3128 1664 Οὗτος
3156 1601 3215 1655 ὲν
3235 1599 3312 1672 τῷ
3330 1603 3430 1673 τῆς
3452 1601 3616 1675 ζάλης
3641 1607 3801 1678 καιρῷ

2232 1672 2324 1726 τὸν
2357 1676 2467 1730 τῶν
2518 1679 2832 1749 όμοπίστων
2876 1685 3212 1759 ἐκυϐέρνησε
3248 1690 3522 1760 σύλλογον,
3558 1672 3800 1767 συνεργὸν

2231 1761 2290 1817 δὲ
2318 1760 2431 1837 εἶχε
2458 1768 2550 1821 τὸν
2583 1770 2900 1838 ἀξιέπαινον
2934 1777 3226 1847 Στέφανον,
3262 1781 3401 1836 ἀλλὰ
3427 1783 3522 1838 καὶ
3549 1760 3736 1839 τοῦτον.
3772 1787 3797 1838 ὁ

2415 1860 2677 1928 Μελέτιος
2721 1867 2802 1931 είς
2832 1868 3057 1941 ἑτέρους
3083 1871 3301 1941 ἀγῶνας
3336 1877 3652 1947 μετέστησε.
3686 1880 3796 1934 Mat-

2237 1943 2345 2001 θὼν
2393 1950 2502 2023 γάρ
2555 1953 2660 2007 ὑπὸ
2712 1956 2812 2026 τῆς
2856 1958 3107 2025 Εὐδοξίου
3142 1943 3686 2039 λώϐης-διεφθάρθαι
3712 1969 3797 2042 τὴν

2230 2036 2633 2110 Γερμανίκειαν
2661 2042 2836 2120 [205],
2859 2048 3048 2104 τοῦτον
3073 2051 3367 2109 ἀπέστειλε
3424 2036 3606 2129 ίατρδν
3634 2036 3795 2124 ἀλεξί-

2227 2144 2399 2185 κακον
2423 2147 2437 2162 ·
2498 2134 2593 2188 καὶ
2623 2135 2712 2191 διὰ
2746 2138 2929 2212 πάσης
2955 2140 3065 2213 γὰρ
3095 2138 3232 2214 ἦκτο
3278 2147 3532 2213 παιδείας
3575 2149 3793 2223 Ἐλληνι-

2224 2220 2352 2291 κῆς,
2387 2223 2483 2277 καὶ
2514 2227 2628 2287 τοῖς
2660 2227 2826 2294 θείοις
2846 2231 3211 2306 ὲνετέθραπτο
3241 2236 3500 2308 δόγμασι.
3554 2241 3661 2295 Καὶ
3706 2220 3794 2314 τῆς

2223 2312 2440 2378 ἐλπίδος
2469 2316 2569 2370 οὐκ
2602 2317 2864 2392 ἐψεύσθη.
2897 2322 2976 2395 Τῇ
3008 2325 3116 2395 γὰρ
3150 2333 3501 2401 πνευματικῇ
3533 2312 3793 2403 χρώμενος

2220 2404 2541 2482 διδασκαλίᾳ
2566 2411 2830 2479 μετέλαϐε
2857 2415 2985 2479 τοὺς
3016 2416 3215 2483 λύκους
3243 2420 3327 2483 είς
3358 2423 3620 2494 πρόϐατα.
3663 2425 3717 2477 '0
3742 2424 3791 2477 δὲ

2223 2496 2395 2568 μέγας
2426 2501 2703 2571 Εὐσέϐιος,
2732 2505 2798 2560 ἐκ
2825 2506 2925 2577 τῆς
2946 2508 3245 2580 ὑπερορίας
3279 2510 3616 2581 ἐπανελθὼν,
3646 2516 3791 2570 Ἀκά-

2217 2605 2335 2642 κιον
2381 2589 2502 2659 μὲν,
2531 2583 2592 2645 οὗ
2624 2593 2758 2648 πολὺ
2803 2595 2866 2649 τὸ
2898 2596 3076 2662 κλέος,
3110 2599 3167 2652 ὲν
3208 2600 3412 2672 Βεροίᾳ
3434 2604 3789 2676 κεχειροτόνη-

2219 2694 2311 2731 κεν
2342 2696 2357 2711 ο
2408 2681 2467 2733 ὲν
2502 2680 2801 2753 Ἱεραπόλει
2833 2685 2891 2739 δὲ
2925 2687 3181 2744 Θεόδοτον
3206 2691 3294 2760 π’,
3334 2688 3398 2749 οὗ
3445 2696 3543 2767 τὴν
3586 2698 3794 2768 ἀσκητι·

2217 2768 2318 2839 κὴν
2349 2770 2626 2828 πολιτείαν
2655 2776 2817 2848 μέχρι
2848 2779 2943 2831 καὶ
2972 2782 3214 2853 τήμερον
3269 2784 3498 2855 ᾄδουσιν
3549 2787 3787 2849 ἅπαντες.

2214 2861 2476 2916 Εὐσέϐιον
2526 2864 2585 2923 δὲ
2642 2866 2912 2933 Χαλκίδος
2956 2871 3025 2939 ⁸⁷,
3076 2873 3261 2946 Κύρου
3294 2877 3357 2932 δὲ
3388 2880 3488 2951 τῆς
3537 2882 3791 2954 ἡμετέρας

2226 2957 2517 3030 Ἰσίδωρον
2543 2961 2859 3032 ἀξιαγάστω
2878 2966 2933 3020 δὲ
2958 2968 3129 3041 ἦστην
3159 2971 3352 3042 ἄμφω,
3384 2976 3477 3030 καὶ
3505 2976 3649 3049 ζήλῳ
3677 2979 3789 3048 θείῳ

2212 3052 2636 3123 κεκοσμημένω.
2686 3055 2823 3109 Φασὶ
2853 3057 2909 3110 δὲ
2944 3060 3108 3115 αὐτὸν
3135 3061 3229 3117 καὶ
3255 3065 3523 3136 Εύλόγιον
3577 3070 3789 3133 ἐκεῖνον,

2209 3141 2302 3194 τὸν
2326 3141 2466 3214 ὑπὲρ
2486 3143 2596 3198 τῶν
2620 3146 2995 3205 ἀποστολικῶν
3018 3153 3399 3226 ἠγωνισμένον
3422 3160 3469 3193 ⁸⁸
3498 3161 3787 3232 δογμάτων,

2203 3506 2461 3577 Εύλόγιος
2489 3508 2546 3565 δὲ
2595 3514 2978 3588 Πρωτογένην,
3006 3518 3113 3574 τῶν
3141 3522 3374 3590 ἀγώνων
3405 3527 3496 3581 τὸν
3526 3529 3784 3589 κοινωνὸν,

2201 3600 2322 3663 ταῖς
2355 3601 2571 3673 Κάραις
2593 3603 2640 3636 ⁹⁰
2667 3605 2992 3679 ἐπέστησεν,
3032 3612 3218 3684 ἰατρὸν
3250 3614 3579 3683 ἀλεξίκακον
3607 3621 3705 3675 οὐκ
3732 3616 3784 3673 εὖ

2199 3693 2524 3771 διακειμένη
2554 3699 2943 3773 δωρησάμενος
2979 3705 3154 3761 πόλει.
3197 3708 3259 3762 '0
3280 3710 3339 3765 δὲ
3371 3712 3515 3779 θεῖος
3544 3714 3786 3777 Εὐσέϐιος

2198 3788 2431 3859 ἔσχατον
2461 3791 2761 3849 ἐπίσκοπον
2792 3796 2978 3868 Μάριν
3012 3803 3076 3871 τῇ
3111 3801 3305 3875 Aelim
3353 3808 3783 3879 κεχειροτόνηχε.

2199 3880 2426 3953 πολίχνη
2475 3884 2521 3915 ⁹¹
2567 3884 2625 3938 δὲ
2675 3885 2815 3956 αὕτη
2859 3891 3090 3961 σμικρὰ,
3133 3894 3228 3947 καὶ
3282 3895 3389 3967 τῆς
3451 3899 3787 3971 Ἀρειανικῆς

2197 3970 2354 4024 νόσου
2390 3973 2513 4026 κατ’
2534 3974 2711 4028 ἐκεῖνο
2738 3974 2833 4029 τοῦ
2871 3978 3064 4048 καιροῦ
3097 3982 3442 4053 μετειλήφει.
3472 3970 3673 4041 Τοῦτον
3701 3984 3785 4039 τὸν

2194 4061 2404 4132 Μάριν,
2445 4062 2765 4130 ἀξιέπαινον
2793 4064 2942 4131 δντα,
2970 4067 3063 4121 καὶ
3101 4068 3317 4134 πολλοῖς
3350 4072 3552 4127 εἴδεσιν
3588 4072 3786 4144 ἀρετῶν

2193 4153 2562 4224 ἠγλαϊσμένον
2590 4157 2657 4221 ⁶¹,
2711 4156 2988 4227 ἐνιδρύσαι
3042 4161 3154 4223 τοῖς
3206 4162 3509 4230 ἱερατικοῖς
3539 4163 3787 4224 ὲθελέσας

2195 4243 2394 4308 θώκοις
2425 4247 2454 4298 ὁ
2482 4247 2656 4316 μέγας
2679 4248 2960 4315 Εὐσέϐιος,
2990 4249 3090 4321 τὴν
3121 4251 3351 4324 Δολιχὴν
3385 4257 3435 4288 ⁸³
3467 4256 3781 4310 κατέλαϐεν.

2195 4336 2429 4395 Είσιόντι
2471 4337 2527 4390 δὲ
2571 4338 2724 4409 αὐτῷ
2774 4341 2912 4412 γυνή
2960 4359 3061 4407 τις,
3093 4342 3193 4413 τῆς
3228 4344 3583 4417 ’Δρειανικῆς
3636 4347 3783 4402 νόσου

2192 4427 2648 4500 ὲμπεπλησμένη,
2687 4431 2936 4502 κέραμον
2990 4433 3199 4487 ἄνωθεν
3236 4436 3530 4510 ἐπαφῆκεν
3560 4440 3668 4494 άπὸ
3695 4436 3783 4491 τοῦ

494 4483 739 4551 jurando
769 4488 1064 4559 astrinxit,
1108 4509 1178 4550 ne
1208 4512 1373 4567 quam
1409 4513 1439 4552 a
1478 4500 1708 4557 muliere
1756 4502 1883 4559 facti
1920 4483 2086 4576 hujus

2214 4483 2447 4584 ίτέγουςξ
2470 4483 2530 4582 dc
2686 4483 3497 4596 τεικέφαλὴνὴσῒυ-νέτριψεῖκαὶ
3541 4532 3660 4600 μετ’
3680 4526 3783 4581 ὀλί-

500 4590 716 4643 pmuam
750 4594 1132 4651 reposcerent,
1164 4586 1457 4643 Dominum
1483 4607 1680 4669 nempe
1708 4609 1871 4649 suum
1899 4598 2083 4653 imita-

497 4681 608 4735 tus,
634 4673 729 4741 qui
763 4690 863 4745 pro
893 4679 1319 4737 crucillxoribus
1349 4683 1468 4739 suis
1505 4699 1675 4742 orans
1702 4687 1843 4744 dixit
1872 4708 1887 4746 :
1919 4710 1938 4745 ι
1978 4692 2083 4748 Pa-

493 4770 601 4826 ter,
630 4764 844 4822 dimitte
874 4768 1009 4835 illis,
1047 4787 1163 4847 non
1181 4771 1327 4827 enim
1361 4775 1544 4830 sciunt
1571 4779 1704 4848 quid
1736 4780 1938 4839 faciant
1963 4795 2023 4853 ος
2056 4808 2074 4840 ι

493 4864 548 4910 et
593 4870 925 4914 conservum
986 4860 1327 4932 Stephanum
1389 4876 1512 4938 post
1566 4872 1771 4929 multos
1831 4875 2077 4948 lapidum

492 4948 637 5005 ictus
685 4950 1015 5008 clamantem
1058 4971 1073 5010 :
1122 4972 1142 5005 ι
1185 4954 1435 5023 Domine,
1477 4977 1545 5015 ne
1574 4970 1790 5022 statuas
1822 4967 1931 5027 illis
1975 4971 2080 5028 hoc

470 5047 782 5107 «peccatum
812 5041 862 5096 ἀ.
911 5060 929 5094 ι
964 5044 983 5066 ⁶
1013 5041 1131 5100 Tali
1164 5056 1343 5104 morte
1390 5062 1515 5120 post
1565 5055 1767 5112 multos
1802 5068 1858 5115 et
1897 5062 2081 5118 varios

491 5144 696 5202 agones
731 5134 903 5191 vitam
939 5135 1082 5194 llniit
1108 5153 1345 5211 magnus
1378 5141 1674 5214 Eusebius,
1702 5158 1759 5204 ct
1802 5152 1898 5221 qui
1934 5150 2068 5209 Bar-

563 5298 583 5325 ο
616 5287 749 5345 Luc.
775 5307 929 5361 χχιιι,
961 5294 1050 5352 54.
1127 5294 1155 5336 ά
1188 5297 1313 5354 Act.
1355 5316 1449 5365 vlt,
1482 5300 1562 5358 59.

2192 4624 2289 4677 γον
2319 4610 2400 4673 είς
2434 4609 2526 4663 τὸν
2556 4611 2766 4682 ἀμείνω
2815 4612 2929 4681 βίον
2979 4614 3366 4687 παρέπεμψεν.
3415 4621 3474 4674 ’0
3505 4621 3564 4674 δὲ
3599 4621 3780 4674 τελευ-

2189 4702 2299 4756 τῶν
2333 4704 2731 4775 παρηγγύησεν
2770 4704 2957 4776 ὅρκοις
3000 4710 3128 4771 τοὺς
3179 4710 3457 4781 παρόντας
3520 4713 3776 4784 πεδήσας,

2192 4794 2328 4865 μηδὲ
2390 4796 2520 4865 μίαν
2564 4795 2665 4868 τὴν
2708 4795 2870 4850 τοῦτο
2919 4796 3197 4869 δράσασαν
3239 4802 3540 4872 εἰσπρᾶξαι
3570 4805 3775 4874 ποινήν.

2188 4885 2299 4938 Καὶ
2346 4885 2438 4940 τὸν
2487 4888 2688 4941 οἰκεῖον
2720 4887 2828 4958 γὰρ
2858 4886 3051 4959 ἐζήλου
3082 4890 3383 4960 Δεσπότην,
3416 4893 3478 4956 ὃς
3511 4894 3642 4963 περὶ
3672 4891 3775 4945 τῶν

2185 4977 2611 5049 έσταυρωκότων
2659 4977 2762 5048 ἔφη
2790 4994 2804 5008 ο
2839 4998 2859 5030 ι
2897 4981 3101 5052 Πάτερ,
3127 4982 3264 5051 ἄφες
3313 4982 3520 5047 αὐτοῖς,
3559 4985 3623 5037 ού
3674 4982 3774 5053 γὰρ

2184 5066 2361 5121 οἴδασι
2413 5068 2468 5123 τί
2521 5069 2737 5123 ποιοῦσι
2762 5085 2775 5098 ·
2803 5088 2823 5121 ι
2860 5069 2954 5123 καὶ
3000 5070 3093 5125 τὸν
3137 5071 3430 5143 ὁμόδουλον
3482 5075 3771 5145 Στέφανον,

2186 5159 2328 5230 μετὰ
2385 5160 2485 5225 τὰς
2541 5161 2743 5227 πολλὰς
2798 5162 2906 5219 τῶν
2965 5163 3129 5220 λίθων
3185 5166 3415 5236 νιφάδας
3473 5167 3768 5240 βοήσαντα·

1769 5455 2003 5513 ΥΑΒΙΙΕ
2044 5458 2443 5521 LECTIONES.

553 5531 601 5650 ἲ
632 5533 1074 5650 Ταρσῶνηϐοᾱεὲξ
1104 5542 1220 5598 Pini
1252 5545 1819 5650 giccpli.lflist.
1854 5551 2164 5650 Baiani,
2188 5555 2242 5650 5:
2273 5558 2692 5650 selegissem;
2864 5562 3037 5650 crae:
3096 5568 3140 5599 ετ
3169 5567 3535 5650 Χαλδεηδόνρς,
3569 5569 3757 5650 ξξρριι,

603 5619 834 5650 γωνισυ.-
909 5624 985 5650 ne,
1045 5629 1174 5650 ..οων
1435 5635 1590 5650 λιιι...-
1665 5640 1677 5650 ι
1703 5636 1786 5650 η...
1820 5636 1941 5650 ιη...-
2042 5641 2103 5650 Α...
2197 5642 2219 5650 -

2103 5598 2140 5608 -.
2189 5598 2242 5610 υ.
2399 5598 2685 5613 νυυνω-υγο
2710 5598 2831 5616 uno.
2865 5598 3037 5619 uia“...
3128 5598 3131 5599 '
3169 5598 3342 5621 nuru“
3362 5598 3497 5621 υυνυ’
3522 5609 3535 5623 ι
3569 5598 3661 5625 ou-
3704 5598 3757 5624 ΙΙ.

486 5598 535 5705 ξς
562 5598 990 5705 ἀγωόξσμ.¹ίξειε.
1021 5612 1198 5705 (ἐξίει-ι.
1256 5598 1301 5649 ⁸⁸
1337 5598 1793 5705 Ἐῥέρἔῆξξίὀὲεἰῖἶ
1807 5598 1949 5675 'cEIn'
2193 5637 2246 5682 et
2272 5626 2503 5705 Niceph:
2530 5699 2540 5705 _
2576 5630 2623 5705 ’9
2650 5633 2917 5705 Κάρραις.
2954 5636 3118 5690 Iidem
3147 5654 3270 5691 cum
3301 5598 3533 5705 Niccpli.
3589 5640 3633 5672 ⁸⁵
3664 5598 3758 5691 Xo-

660 5668 791 5773 :Piui
833 5676 998 5773 'l'ilier.
1047 5668 2567 5773 (llonlirmatﬁlii—cepit.,vquunquam“rscuiperwscribit
2597 5668 2843 5773 Δολιχίἒ.

485 5737 797 5814 ⁹³Ᾰὸ>.ίχην.
833 5744 947 5802 l’iui
971 5752 1159 5807 codex.

2952 5706 2995 5738 "
3020 5706 3401 5781 ἀγλαΐσμενον.
3426 5706 3555 5767 Bas.
3584 5709 3754 5767 Grazc.
