4124 6400
348 398 497 467 1205

1342 401 1936 463 ECCLESIASTICIE
1974 402 2357 463 HISTORIIE
2396 405 2542 465 LIB.
2581 406 2642 467 V.

3468 403 3607 471 1%6

350 530 371 564 σ
414 511 611 584 Κύριε,
645 511 721 585 μὴ
752 513 956 585 στήσῃς
986 513 1170 577 αὐτοῖς
1216 512 1315 584 τὴν
1342 514 1617 587 ἁμαρτίαν
1644 511 1868 581 ταύτην.
1903 529 1924 561 ι

2031 511 2197 568 baros
2228 510 2281 566 in
2314 510 2546 566 Thracia
2587 520 2858 577 evaserat,
2898 512 3193 584 impiorum
3226 511 3607 568 haereticorum

342 603 573 659 Τοιοῦτο
623 604 764 673 μετὰ
814 605 942 670 τοὺς
997 605 1372 670 παντοδαποὺς
1422 605 1643 674 ἀγῶνας
1677 605 1707 657 6
1760 602 1934 673 μέγας

343 697 608 762 Εὐσέϐιος
638 697 855 764 ἐδέξατο
874 698 1045 764 τέλος,
1081 698 1323 762 καὶτοὺς
1369 700 1428 750 ἐν
1472 700 1539 769 τῇ
1569 697 1759 768 Θρᾴκῃ
1792 694 1929 764 βαρ-

340 788 548 861 ϐάρους
606 789 906 860 διαφυγὼν,
953 790 1054 855 τάς
1099 789 1210 844 τῶν
1237 790 1516 844 δυσσεϐῶν
1552 785 1845 860 αίρετικῶν
1870 784 1933 837 οὐ

337 880 566 950 διέφυγε
618 885 827 954 χεῖρας,
859 882 995 938 ἀλλά
1023 882 1090 938 δι’
1112 883 1337 939 ἐκείνων
1366 883 1457 940 τὸν
1485 884 1580 939 τοῦ
1629 877 1934 953 μαρτυρίου

341 969 613 1039 στέφανον
638 972 957 1044 ἀνεδήσατο.
988 974 1175 1030 Ταῦτα
1210 974 1309 1047 μὲν
1338 969 1432 1029 οὖν
1480 972 1621 1045 μετά
1674 970 1776 1041 τὴν
1830 970 1934 1021 ἐπ-

342 1061 532 1115 άνοδον
587 1063 697 1118 τῶν
746 1066 1063 1122 ἐπισκόπων
1106 1068 1344 1136 ἐγένετο.
1374 1063 1675 1139 Γρατιανδς
1700 1061 1778 1127 δὲ,
1823 1058 1929 1131 τὴν

2032 616 2230 659 manus
2277 603 2518 675 eﬂ‘ugere
2564 619 2673 658 non
2713 604 2913 676 potuit,
2944 603 3038 660 sed
3072 603 3318 676 martyrii
3349 617 3608 657 coronam

2033 706 2130 762 per
2158 708 2253 748 eos
2282 703 2369 750 cst
2412 694 2668 765 adeptus.
2700 694 2825 751 llaec
2858 695 3027 767 igitur
3056 705 3180 766 post
3220 695 3454 749 reditum
3498 695 3614 763 cpi-

2031 797 2325 853 scoporum
2378 792 2530 855 gesta
2561 792 2707 840 sunt.
2741 784 3038 841 Gratianus
3073 790 3286 850 autem,
3319 781 3611 837 Thraciam

2029 888 2061 929 a
2095 872 2379 940 Barbaris,
2417 876 2511 946 qui
2566 875 2850 931 Valentem
2892 876 3319 931 combusserant
3345 917 3360 941 ,
3407 872 3612 928 vastari

2028 968 2234 1022 certior
2258 966 2664 1036 factus,rclicta
2688 967 2862 1035 Italia,
2886 968 2941 1023 in
2964 966 3304 1023 Pannoniam
3331 964 3613 1038 profectus

2026 1063 2131 1112 est.

338 1155 568 1229 Θρᾴκην
594 1157 901 1231 δῃουμένην
941 1159 1129 1231 μαθὼν
1163 1162 1271 1215 ὑπὸ
1289 1162 1400 1217 τῶν
1436 1161 1526 1215 τὸν
1572 1157 1812 1213 Βάλεντα
1866 1150 2224 1207 κεκαυκὰτων
2276 1152 2588 1226 βαρϐάρων,
2657 1152 2975 1209 καταλιπὼν
3032 1152 3132 1223 τὴν
3209 1150 3461 1215 Ἰταλίαν,
3532 1150 3612 1213 είς

339 1251 443 1321 τὴν
470 1250 738 1306 Πανονίαν
768 1250 814 1284 ⁸⁸
843 1250 1089 1318 ἀφίκετο.

842 1345 994 1421 [204]
1046 1346 1298 1403 ΚΕΦΔΛ.
1350 1347 1428 1402 E'.

590 1439 731 1507 Περὶ
777 1437 891 1508 τῆς
938 1440 1262 1496 Θεοδοσίου
1291 1440 1679 1510 στρατηγίας.

414 1530 551 1584 Κατ’
580 1531 788 1584 ἐκεῖνον
817 1531 875 1584 δὲ
912 1530 1005 1585 τὸν
1035 1531 1224 1604 καιρὸν
1261 1530 1560 1597 Θεοδόσιος,
1605 1530 1692 1585 διά
1729 1547 1789 1583 τε
1827 1530 1928 1601 τὴν

347 1621 455 1676 τῶν
508 1622 790 1693 προγόνων
841 1625 1221 1694 περιφάνειαν,
1271 1624 1366 1678 καὶ
1422 1623 1511 1677 διά
1566 1623 1667 1695 τὴν
1720 1622 1929 1679 οἰκείαν

342 1712 617 1785 ἀνδρείαν,
669 1715 1100 1785 ὀνομαστότατος
1132 1711 1220 1787 ἦν,
1259 1717 1354 1771 καὶ
1394 1716 1584 1771 τούτου
1621 1715 1783 1790 χάριν
1822 1715 1928 1770 ὑπὸ

340 1805 440 1859 τοῦ
475 1804 673 1875 φθόνου
726 1805 836 1860 τῶν
887 1808 1168 1879 ὁμοτίμων
1201 1808 1247 1841 ’⁸
1293 1808 1388 1862 καὶ
1416 1807 1702 1880 ὁμοφύλων
1737 1807 1929 1880 βαλλόο

340 1912 525 1968 μενος,
578 1896 639 1950 ἐν
680 1899 804 1962 ταῖς
855 1898 1120 1963 Σπανίαις
1154 1899 1200 1934 ³⁸
1244 1898 1515 1971 διέτριϐεν
1540 1917 1554 1932 ·
1596 1901 1654 1954 ἐν
1689 1900 1928 1964 ἐκείναις

335 1990 449 2062 γάρ
478 1988 580 2059 ἔφυ
615 2007 674 2045 τε
710 1991 804 2045 καὶ
827 1991 1058 2063 ἐτράφη.
1107 1990 1354 2063 ’Λπορῶν
1382 1990 1447 2063 δὴ
1486 1984 1579 2044 οὖν
1606 1991 1634 2045 6
1672 1989 1929 2060 βασιλεὺς

335 2082 365 2135 ὃ
396 2099 450 2135 τι
486 2081 594 2154 χρὴ
631 2081 850 2154 δράσαι,
892 2081 1228 2154 φυσηθέντες
1271 2084 1380 2155 γὰρ
1428 2085 1494 2137 ἐκ
1536 2083 1635 2156 τῆς
1680 2084 1837 2157 νίκης
1875 2086 1925 2138 oi

335 2172 639 2246 βάρϐαροι,
682 2173 951 2247 δύσμαχοι
981 2168 1122 2248 ἦσάν
1156 2192 1217 2229 τε
1260 2175 1356 2229 καὶ
1383 2174 1624 2243 ἐδόκουν,
1654 2175 1753 2248 τὴν
1799 2176 1927 2230 Θεο»

331 2264 517 2319 δοσίου
550 2266 886 2337 στρατηγίαν
909 2266 1063 2322 λύσιν
1079 2267 1317 2322 ὑπέλαϐε
1340 2266 1449 2321 τῶν
1478 2266 1684 2323 κακῶν.
1715 2267 1927 2324 Αὐτίκα

331 2357 404 2429 δὴ
436 2354 554 2425 οὖν,
598 2359 666 2412 ἐκ
695 2359 808 2414 τῶν
839 2361 1090 2416 Σπανιῶν
1133 2361 1178 2395 ⁸⁷
1220 2361 1311 2415 τὸν
1356 2361 1523 2432 ἄνδρα
1563 2361 1926 2433 μεταπεμψά-

335 2466 522 2522 μενος,
556 2450 653 2504 καὶ
707 2451 1014 2524 στρατηγὸν
1045 2453 1455 2525 χειροτονήσας,
1489 2452 1628 2524 μετά
1664 2454 1764 2525 τῆς
1795 2470 1922 2510 συν-

330 2540 658 2614 ειλεγμένης
709 2542 984 2614 ἐξέπεμψε
1051 2547 1330 2613 στρατιᾶς.
1392 2544 1452 2598 '0
1509 2544 1568 2597 δὲ
1618 2546 1685 2615 τῇ
1745 2544 1924 2598 πίστει

329 2633 682 2704 φραξάμενος
733 2633 1052 2705 θαρσαλέως
1090 2633 1401 2705 ἐξώρμησε,
1441 2633 1662 2705 καὶτῆς
1700 2635 1923 2707 θρᾴκης

327 2724 553 2791 ἐπιϐάς,
620 2726 717 2780 καὶ
784 2727 916 2790 τοὺς
987 2725 1303 2798 βαρϐάρους
1350 2725 1692 2797 θεασάμενος
1754 2727 1923 2798 ὁμόσε

328 2815 670 2889 χωροῦντας,
720 2816 879 2884 ἔταξε
930 2815 1029 2889 τὴν
1078 2817 1339 2890 στρατιὰν
1386 2818 1462 2882 ὡς
1504 2820 1550 2851 ⁸⁸
1592 2819 1675 2882 είς
1718 2818 1919 2890 μάχην.

341 2904 683 2977 Ἀψιμαχίας
727 2906 785 2961 δὲ
822 2907 1148 2979 γενομένης,
1205 2909 1306 2963 οὐκ
1358 2908 1677 2978 ἐνεγκόντες
1726 2910 1922 2965 ἐκεῖνοι

325 2996 432 3068 τὴν
477 2996 737 3071 ἐμϐολὴν,
783 2999 882 3069 τὴν
919 2997 1072 3066 τάξιν
1113 2999 1403 3053 κατέλιπον
1428 3012 1444 3029 ⁸
1491 3002 1593 3071 τῆς
1627 2997 1687 3053 δὲ
1715 3000 1922 3087 τροπῆς

2385 1350 2538 1405 car.
2571 1349 2633 1405 v.
2686 1348 2889 1423 (est.
2932 1349 2998 1404 v.
3031 1348 3132 1404 cu.
3181 1347 3261 1421 5.]

2260 1445 2263 1448 ’
2320 1442 2397 1498 De
2433 1442 2726 1499 Theodosio
2773 1441 3030 1512 magistro
3076 1440 3328 1495 militum.

2102 1542 2208 1599 Per
2254 1540 2308 1597 id
2343 1548 2563 1609 tempus
2594 1534 2944 1591 Theodosius
2984 1541 3039 1590 ct
3078 1534 3350 1604 majorum
3384 1547 3611 1589 suorum

2032 1634 2349 1698 nobilitate,
2378 1639 2433 1686 et
2461 1646 2560 1686 sua
2603 1628 2782 1699 ipsius
2818 1627 3019 1681 virtute
3054 1625 3399 1681 clarissimus
3441 1624 3614 1680 habe-

2033 1727 2196 1782 batur
2226 1743 2240 1780 :
2268 1737 2502 1795 eamque
2549 1722 2622 1777 ob
2654 1734 2903 1783 causam,
2937 1733 3062 1773 cum
3097 1717 3389 1788 aequalium
3438 1732 3615 1788 popuo

2031 1819 2343 1888 lariumquc
2372 1813 2580 1869 invidia
2618 1811 2830 1883 1022
2858 1816 3218 1882 premeretur,
3254 1808 3310 1862 in
3350 1805 3614 1878 Hispania

2029 1913 2198 1969 vitam
2252 1908 2513 1971 ducebat,
2555 1905 2609 1960 in
2651 1920 2757 1975 qua
2796 1911 2957 1958 natus
2991 1901 3371 1971 educatusque
3411 1898 3611 1955 fuerat.

2031 1995 2194 2077 inops
2220 2017 2352 2074 ergo
2382 1998 2603 2057 consilii
2638 1995 2769 2068 quid
2802 2000 2988 2066 ageret
3027 1992 3344 2064 imperator,
3376 2006 3441 2047 co
3466 1991 3613 2062 quod

2027 2097 2256 2152 Barbari
2286 2094 2417 2151 elati
2445 2091 2681 2148 victoria
2711 2103 2855 2160 κει-ε
2885 2085 3035 2140 vinci
3068 2092 3316 2156 possent,
3341 2094 3434 2139 aut
3468 2084 3613 2139 vinci

2026 2206 2191 2267 posse
2220 2188 2561 2251 viderentur,
2604 2183 2768 2237 linem
2799 2179 2961 2235 malis
2997 2177 3245 2260 futurum
3277 2175 3534 2241 credidit,
3560 2176 3609 2232 si

2026 2282 2403 2341 Theodosium
2464 2278 2545 2336 rei
2613 2273 2870 2331 militaris
2947 2271 3147 2328 ducem
3222 2268 3612 2326 constitueret.

2024 2375 2207 2445 Quare
2228 2373 2466 2430 accitum
2489 2384 2614 2426 mox
2643 2385 2710 2425 ex
2733 2364 2999 2437 Hispania
3027 2363 3350 2436 magistrum
3379 2362 3616 2416 militum

2024 2467 2330 2531 renuntiat,
2366 2464 2713 2531 collectoque
2746 2473 2870 2515 cum
2925 2457 3169 2513 exercitu
3222 2455 3277 2510 in
3312 2454 3616 2525 expeditio-

2021 2574 2145 2617 nem
2178 2556 2431 2625 dimittit.
2463 2553 2561 2609 llle
2588 2567 2720 2608 vero
2757 2550 2867 2605 [ide
2897 2548 3149 2625 munitus
3181 2561 3381 2619 magna
3416 2545 3616 2600 ﬁducia

2022 2653 2128 2706 iter
2173 2646 2434 2717 suscipit,
2476 2645 2874 2714 ingressusque
2920 2639 2981 2694 in
3008 2638 3304 2693 Thraciam
3376 2643 3430 2691 et
3476 2634 3614 2688 Bar-

2022 2740 2193 2797 baros
2240 2751 2311 2793 ex
2366 2734 2603 2790 adverso
2659 2730 2951 2787 venientes
3015 2728 3392 2798 conspicatus,
3439 2725 3616 2781 aciem

2024 2833 2093 2888 ad
2160 2843 2404 2903 pugnam
2454 2825 2745 2883 instruxit.
2795 2822 3204 2893 Congressione
3259 2819 3425 2886 facta,
3489 2832 3616 2873 cum

2022 2924 2286 2994 impetum
2318 2920 2398 2975 illi
2436 2933 2548 2974 non
2578 2917 2807 2983 ferrent,
2842 2914 3069 2969 ordines
3110 2912 3375 2968 deserunt
3405 2930 3420 2966 :
3456 2909 3616 2979 fuga-

2023 3030 2131 3085 que
2180 3011 2344 3077 inita,
2374 3009 2472 3064 alii
2517 3016 2674 3078 terga
2709 3014 2959 3074 vertunt,
3002 3004 3096 3058 alii
3146 3017 3247 3074 pro
3291 3002 3504 3057 viribus
3532 3001 3616 3056 in-

328 3089 655 3160 γενομένης,
706 3088 757 3143 oi
800 3090 902 3163 μὲν
935 3089 1189 3162 ἔφευγον,
1221 3091 1270 3145 oi
1305 3090 1361 3144 δὲ
1390 3090 1737 3162 κατακράτος
1764 3090 1921 3145 ἐδίω-

2029 3114 2357 3176 sequuntur.
2398 3101 2594 3171 Magna
2659 3097 2716 3153 ﬁt
2775 3104 2994 3166 strages
3054 3094 3452 3149 Barbarorum.
3503 3091 3615 3146 Nec

329 3197 451 3235 κον.
507 3180 683 3246 Πολὺς
732 3180 790 3235 δὲ
843 3182 1002 3251 φόνος
1058 3181 1170 3237 τῶν
1215 3183 1509 3256 βαρϐάρων
1556 3180 1794 3253 ἐγένετο.
1842 3184 1919 3237 Οὐ

2029 3199 2175 3255 enim
2225 3211 2255 3251 a
2303 3192 2572 3249 Romanis
2616 3192 2794 3246 solum
2846 3188 3222 3251 caedebantur,
3255 3184 3354 3244 sed
3408 3185 3617 3241 mutuis

332 3275 500 3348 μόνον
541 3274 654 3345 γὰρ
702 3272 808 3328 ὑπὸ
844 3274 1154 3347 Ῥωμαίων,
1196 3275 1333 3330 ἀλλὰ
1381 3276 1478 3331 καὶ
1525 3277 1618 3331 ὑπ’
1673 3278 1921 3351 ἀλλήλων

331 3366 658 3420 ἐκτείνοντο.
711 3364 877 3421 Οὕτω
915 3366 974 3421 δὲ
1020 3367 1130 3422 τῶν
1183 3368 1453 3424 πλείστων
1500 3370 1923 3442 ἀναιρεθέντων,

330 3455 531 3527 ὀλίγων
582 3455 640 3511 δὲ
689 3456 803 3512 τῶν
830 3458 1016 3513 λαθεῖν
1071 3458 1411 3531 δυνηθέντων
1473 3460 1775 3518 διαϐάντων
1830 3463 1923 3519 τὸν

332 3549 570 3620 Ἴστρον,
605 3548 768 3613 εὐθὺς
791 3551 821 3603 ὀ
841 3549 1062 3620 ἄριστος
1082 3551 1407 3625 στρατηγὸς,
1426 3552 1495 3624 ἢν
1516 3547 1630 3623 εἷχε
1660 3554 1921 3625 στρατιάν

333 3647 396 3699 ἐν
429 3645 554 3708 ταῖς
588 3643 955 3710 πελαζούσαις
993 3646 1181 3699 πόλεσι
1217 3646 1430 3719 διελῲν,
1467 3647 1628 3713 αὐτὸς
1662 3647 1799 3719 πρὸς
1829 3649 1921 3703 τὸν

333 3738 563 3810 βασιλέα
610 3738 912 3810 Γρατιανόν
970 3739 1113 3794 κατά
1162 3740 1328 3812 τάχος
1354 3716 1620 3796 ’ἐλαύνων
1672 3716 1919 3811 ἀφίκετο,

328 3833 444 3887 τῶν
481 3832 702 3887 οἰκείων
744 3832 1022 3904 τροπαίων
1066 3833 1112 3868 ’⁸
1169 3834 1460 3906 γενόμενος
1510 3835 1759 3904 ἄγγελος.
1814 3837 1923 3890 Καὶ

331 3918 508 3972 πιστά
563 3920 664 3991 μὲν
706 3918 890 3989 λέγειν
951 3920 1078 3975 οὐδὲ
1127 3922 1277 3994 αὐτῷ
1328 3922 1506 3978 ἐδόκει
1559 3922 1638 3994 τῷ
1693 3924 1920 3994 βασιλεῖ,

331 4010 909 4082 ὑπερεκπληττομένῳ
937 4012 999 4066 τὸ
1030 4013 1284 4082 γεγονός·
1315 4013 1364 4066 οί
1394 4012 1452 4067 δὲ
1474 4016 1594 4077 ταῖς
1609 4014 1759 4068 ἀκίσι
1779 4017 1796 4047 ¹
1825 4016 1921 4069 τοῦ

335 4100 537 4169 φθόνου
581 4101 924 4175 βαλλόμενοι,
968 4104 1063 4158 καὶ
1121 4104 1456 4174 πεφευγέναι
1510 4106 1672 4161 αὐτὸν
1712 4107 1920 4177 ἔλεγον,

337 4195 438 4247 καὶ
464 4193 851 4270 διεφθαρκέναι
894 4196 995 4268 τὴν
1040 4198 1324 4270 στρατιάν.
1371 4197 1430 4251 'U
1454 4198 1514 4252 δὲ
1550 4199 1678 4263 τοὺς
1710 4200 1921 4254 ἀντιτε-

334 4263 671 4354 ταγμένους-
693 4263 961 4357 ἐξῄτησεν
1011 4263 1362 4351 ἀποστεῖλαι,
1420 4286 1517 4339 καὶ
1556 4286 1763 4355 γνῶναι
1814 4287 1924 4342 τῶν

335 4378 707 4452 ἀνῃρημένων
739 4378 1038 4452 βαρϐάρων
1067 4380 1130 4434 τὸ
1155 4379 1379 4451 πλῆθος.
1425 4378 1636 4451 Ῥᾴδιον
1672 4380 1750 4448 δὲ,
1794 4379 1922 4452 ἔφη,

2028 3289 2135 3362 ipsi
2168 3303 2388 3360 quoque
2423 3284 2748 3340 vulneribus
2784 3280 3170 3336 concidebant.
3206 3278 3470 3341 Plurimis
3514 3292 3617 3331 auo

2031 3393 2140 3441 tem
2171 3383 2278 3438 hoc
2306 3379 2471 3435 modo
2497 3374 2830 3440 interfectis,
2855 3375 3157 3445 paucisque
3183 3370 3278 3441 qui
3312 3369 3618 3426 subducere

2030 3492 2091 3534 se
2128 3479 2443 3547 potuerant,
2487 3470 2690 3525 lstrum
2742 3465 3107 3529 transgressis
3134 3502 3149 3527 ,
3196 3463 3461 3517 continuo
3506 3459 3619 3516 dux

2030 3568 2296 3638 optimus,
2330 3578 2479 3627 cum,
2510 3574 2673 3630 quem
2724 3558 2964 3613 habebat
3021 3554 3349 3617 exercitum,
3399 3567 3495 3623 per
3538 3554 3620 3607 vi-

2031 3662 2187 3716 cinas
2217 3658 2384 3715 urbes
2415 3653 2794 3731 dispersisset,
2840 3651 2907 3704 ad
2965 3650 3352 3718 imperatorem
3400 3644 3619 3701 Gratia-

2031 3769 2186 3818 num,
2229 3760 2292 3807 ut
2333 3763 2561 3806 suorum
2618 3745 2736 3817 ipse
2793 3751 3126 3813 tropaeorum
3184 3739 3414 3793 nuntius
3471 3745 3621 3793 esset

2031 3855 2249 3900 summa
2303 3837 2662 3894 festinatione
2710 3832 3014 3887 contendit.
3068 3829 3336 3884 (laterum
3386 3826 3619 3895 impera-

2032 3932 2160 3999 tori,
2211 3930 2284 3987 οι)
2332 3927 2413 3985 rei
2474 3922 2912 3997 magnitudinem
2976 3920 3229 3985 attonito,
3275 3916 3619 3972 incredibilia

2030 4039 2152 4096 quae
2180 4020 2447 4077 narrabat
2474 4018 2806 4074 videbantur
2832 4031 2845 4068 :
2870 4013 2987 4077 alii,
3008 4028 3150 4084 quos
3177 4009 3385 4066 stimuli
3412 4024 3620 4079 punge-

2033 4119 2166 4174 bant
2210 4112 2459 4179 invidia‘,
2490 4119 2545 4165 et
2595 4107 2808 4181 fugisse
2837 4107 3018 4179 ipsum
3070 4103 3351 4167 dicchant,
3378 4111 3433 4159 ct
3465 4116 3622 4155 excr-

2032 4210 2205 4263 citum
2231 4206 2512 4261 amisisse.
2541 4200 2683 4255 Tum
2736 4199 2829 4254 ille
2877 4198 3015 4253 istos
3044 4197 3195 4267 ipsos
3227 4194 3319 4266 qui
3360 4194 3620 4247 adversa-

2032 4301 2237 4355 bantur
2267 4299 2283 4319 '
2314 4296 2460 4350 mitti
2511 4293 2691 4364 petiit,
2741 4298 2805 4345 ut
2857 4289 2928 4345 de
2965 4302 3233 4344 caesorum
3270 4285 3623 4341 multitudine

2036 4394 2460 4463 cognoscerent.
2492 4384 2679 4440 Facile
2720 4395 2960 4450 namque
3013 4378 3100 4433 vel
3135 4393 3199 4433 ex
3255 4377 3447 4449 spoliis
3497 4390 3623 4446 per-

334 4470 434 4524 καὶ
464 4470 575 4524 ἀπὺ
599 4470 710 4525 τῶν
746 4469 962 4526 σκύλων
1006 4469 1306 4540 ἐπιγνῶναι
1349 4471 1441 4525 τὸν
1485 4470 1739 4543 ἀριθμόν.
1784 4469 1925 4525 Τού-

2034 4483 2170 4555 spici
2227 4480 2406 4537 aiebat
2442 4491 2738 4534 numerum
2791 4487 2977 4545 posse.
3020 4469 3236 4536 Quibus
3266 4467 3450 4523 verbis
3500 4481 3624 4536 per-

336 4579 452 4627 τοις
499 4562 651 4630 εῐξας
695 4566 812 4628 τοῖς
858 4563 1038 4634 λόγοις
1068 4565 1099 4618 6
1140 4564 1417 4635 βασιλεὺς,
1462 4564 1753 4619 ἀπέστειλε
1796 4564 1924 4627 τοὺς

335 4654 641 4727 ὀψομένους
663 4657 735 4711 τά
751 4657 1139 4739 πεπραγμένα,
1161 4660 1257 4712 καὶ
1283 4657 1458 4712 ταῦτα
1490 4657 1852 4730 μηνύσοντας.

830 4748 982 4823 [205]
1034 4750 1287 4805 ΚΕΦΑΛ.
1347 4750 1439 4817 ς’.

333 4839 480 4908 Περὶ
538 4838 651 4906 τῆς
703 4840 923 4896 τούτου
966 4841 1314 4907 βασιλείας,
1372 4839 1473 4895 καί
1510 4833 1601 4897 ὧν
1653 4837 1928 4908 rapacidar-

996 4913 1265 4980 ὀνείρων.

426 4999 489 5052 ’0
514 4999 574 5053 δὲ
602 4999 826 5072 ἄριστος
854 5003 1162 5074 στρατηγὸς
1197 5001 1363 5057 αὑτοῦ
1410 5001 1619 5073 μείνας,
1660 5000 1785 5072 ὄψιν
1816 4997 1927 5056 εἶδε

338 5087 645 5146 θεσπεσίαν
686 5092 833 5157 τινὰ,
870 5095 965 5148 καὶ
1012 5094 1145 5167 παρ’
1175 5094 1344 5149 αὐτοῦ
1397 5094 1580 5166 σαφῶς
1634 5093 1785 5165 αύτῷ
1816 5093 1927 5148 δει-

2035 4590 2236 4632 suasus
2266 4574 2590 4643 imperator,
2616 4566 2765 4622 misit
2795 4564 2892 4636 qui
2924 4578 3012 4618 res
3037 4570 3222 4634 gestas
3247 4562 3619 4631 explorarent,

2032 4676 2087 4722 et
2125 4667 2193 4722 de
2224 4664 2310 4720 his
2344 4670 2531 4734 postea
2566 4659 2855 4716 referrent.

2288 4752 2500 4825 1023
2529 4750 2683 4809 car.
2722 4749 2788 4805 γι
2825 4748 2910 4823 [Β.
2948 4747 3028 4802 Si.
3063 4744 3127 4800 v.
3159 4744 3261 4800 cu.
3293 4741 3372 4815 6.]

2206 4843 2283 4899 De
2315 4844 2548 4914 ejusdem
2580 4842 2823 4909 imperio.
2854 4848 2904 4894 et
2933 4839 3043 4894 viso
3078 4852 3170 4907 per
3192 4849 3455 4890 somnum.

2104 5000 2325 5058 Interim
2360 5012 2492 5055 vero
2524 4994 2771 5053 manenti
2809 4991 2953 5064 apud
2986 4989 3315 5046 Gratianum
3358 4993 3622 5056 praastan-

2034 5094 2254 5153 tissimo
2305 5090 2622 5148 Theodosio
2672 5084 3058 5143 admirandum
3105 5078 3416 5151 quoddam,
3451 5085 3508 5133 et
3552 5078 3621 5131 ab

339 5179 568 5251 χθείσαν
595 5185 616 5216 ¹
642 5184 738 5240 τοῦ
764 5185 874 5241 τῶν
906 5186 1045 5242 ὅλων
1086 5187 1243 5242 Θεοῦ.
1292 5188 1499 5242 Ἐδόκει
1533 5187 1643 5260 γάρ
1675 5188 1810 5259 ὀρᾷν
1836 5186 1925 5241 τὸν

2036 5189 2159 5261 ipso
2209 5185 2358 5242 haud
2387 5182 2556 5240 dubie
2584 5179 2971 5237 universorum
3011 5174 3125 5231 Deo
3161 5171 3415 5236 missum,
3440 5169 3619 5261 visum

340 5273 492 5328 θεῖον
538 5277 827 5346 Μελέτιον,
880 5279 981 5351 τῆς
1048 5280 1368 5352 ’Δντιοχέων
1445 5258 1775 5351 Ἐκκλησίας
1836 5281 1925 5335 τὸν

2040 5258 2286 5336 oblatum
2329 5282 2436 5332 est.
2464 5271 2767 5329 Videbatur
2805 5269 2954 5325 enim
3004 5265 3194 5323 videre
3228 5262 3476 5318 divinum
3512 5258 3606 5314 Me-

343 5366 635 5438 πρόεδρον,
705 5369 930 5442 χλανίδα
978 5389 1039 5425 τε
1098 5372 1248 5445 αὐτῷ
1288 5370 1573 5444 βασιλικὴν
1611 5370 1927 5449 περιθέντα,

2037 5371 2250 5435 letium,
2291 5365 2553 5424 Ecclesiae
2584 5361 2943 5420 Antiochenaa
2970 5357 3295 5424 antistitem,
3328 5355 3424 5426 qui
3453 5353 3596 5423 impo

1636 5525 1864 5583 VARlAE
1903 5522 2308 5582 LECTlONES.

415 5682 464 5755 ξι
495 5682 814 5755 Παννονίαν.
846 5681 971 5739 Bas.
1002 5682 1178 5737 Grmc.
1229 5692 1284 5738 et
1322 5684 1512 5755 Steph.
1604 5684 1761 5755 "fita
1794 5683 2135 5755 Christnph..
2170 5682 2317 5755 Scal.
2344 5681 2802 5755 _et_Casanb.rScd
2844 5682 3135 5755 verbafgu
3166 5677 3393 5755 ὀμοφύλί
3424 5675 3623 5755 absunt

355 5768 385 5808 a
415 5753 539 5824 Bas.
569 5751 769 5824 Graec"
789 5755 979 5822 Steph.
1002 5763 1057 5807 et
1086 5754 1279 5824 lipipll.
1312 5751 1453 5810 Nisi.
1486 5757 1606 5823 (rip.
1630 5754 1723 5819 IX,
1747 5755 1801 5809 4.
1913 5757 1959 5789 ’⁸

1530 5828 1545 5859 ³
1581 5825 1785 5880 ἀκτῖσι.
1817 5825 1984 5884 idem.

356 5840 389 5877 α
426 5821 530 5878 Bas
584 5822 758 5878 Graue.
873 5821 917 5857 π
946 5821 1211 5895 τροπέωνζ
1248 5824 1413 5881 ldum.

1993 5749 2311 5815 ’Ῐσπανίαις.
2342 5752 2529 5806 Iidem.
2606 5754 2652 5786 θ’
2681 5752 2985 5807 Ἰσπανιῶν.
3020 5749 3208 5806 iidem.

3287 5749 3330 5779 9"
3366 5746 3440 5808 ὡς
3471 5745 3623 5799 acht

2061 5829 2080 5858 ³
2105 5827 2168 5878 ἐκ
2203 5825 2353 5881 addit
2375 5822 2690 5893 Chris'mph.
