4124 6422
578 443 712 511 1207

1563 457 2050 516 THEODORETI
2090 457 2431 518 EPISCOPI
2472 460 2839 521 CYRENSIS

3698 457 3814 523 1208

575 559 840 614 ratoriam
887 559 991 616 sibi
1034 562 1226 618 laenam
1271 563 1546 633 injiceret,
1589 566 1872 635 capitique
1929 566 2164 621 similem

2271 565 2364 617 καὶ
2400 567 2767 638 παραπλησίῳ
2802 564 3050 638 στεφάνῳ
3103 563 3406 636 κοσμοῦντα
3453 564 3547 634 τὴν
3580 568 3814 639 κεφαλήν.

576 666 842 706 coronam
875 652 1205 724 imponeret.
1236 656 1371 724 Qua:
1401 665 1565 712 noctu
1603 658 1721 712 visa
1753 673 1912 712 mane
1946 658 2163 714 cuidam

577 759 646 798 ex
696 743 1066 802 familiaribus
1113 762 1238 802 cum
1298 747 1638 814 indicasset;
1669 751 2026 821 perspicuum
2074 751 2166 808 ille

578 837 856 892 somnium
891 853 1016 895 esse
1053 839 1216 908 dixit,
1250 841 1500 912 nihilque
1548 843 1770 898 obscuri
1807 845 1890 899 vel
1925 845 2165 916 ambigui

573 931 880 985 continere.
925 929 1004 988 Ac
1055 934 1220 1003 pauci
1262 936 1490 990 omnino
1536 935 1657 992 dies
1709 937 2166 1005 intercesserant,

573 1038 700 1076 cum
740 1026 948 1081 reversi
1003 1033 1137 1082 sunt
1194 1028 1598 1097 exploratores,
1654 1042 1706 1083 et
1757 1031 1994 1101 plurima
2035 1033 2169 1088 Bar-

572 1114 836 1172 barorum
867 1117 1038 1172 millia
1083 1133 1222 1177 caesa
1260 1119 1434 1176 fuisse
1482 1122 1812 1178 retulerunt.
1854 1124 2012 1181 Unde
2043 1140 2168 1194 per-

572 1222 800 1262 suasum
848 1207 1058 1264 habens
1107 1209 1431 1280 imperator,
1482 1213 1694 1282 cptimo
1745 1229 1775 1268 a
1829 1229 1890 1270 se
1931 1215 2170 1271 consilio

571 1308 820 1352 creatum
862 1298 1019 1355 illum
1066 1304 1395 1370 magistrum
1429 1305 1666 1359 militum
1699 1305 1896 1373 fuisse,
1925 1307 2167 1378 impera-

572 1399 749 1444 torem
793 1405 1018 1461 quoque
1067 1391 1397 1464 designavit,
1443 1406 1499 1451 et
1549 1407 1759 1467 partem
1813 1399 2050 1469 imperii,
2078 1400 2168 1456 cui

572 1477 780 1536 Valens
812 1483 1131 1552 praefuerat,
1167 1487 1462 1555 regendam
1497 1489 1548 1544 ei
1597 1491 1896 1546 commisit.
1927 1492 2060 1547 Inde
2111 1494 2167 1548 in

574 1575 786 1628 Italiam
819 1575 936 1646 ipse
967 1579 1275 1642 contendit,
1317 1578 1632 1635 Theodosio
1684 1583 1750 1636 ad
1787 1583 2020 1640 traditas
2062 1584 2166 1640 sibi

575 1666 894 1736 provincias
925 1667 1178 1726 dimisso.
1206 1671 1310 1738 Qui
1342 1682 1399 1725 ut
1427 1674 1660 1742 primum
1696 1675 1930 1745 imperio
1963 1675 2168 1746 potitus

575 1769 682 1825 est,
731 1758 1110 1816 Ecclesiarum
1145 1763 1458 1819 concordiae
1475 1781 1584 1836 prae
1615 1767 1831 1822 caeteris
1856 1768 2022 1824 rebus
2046 1785 2170 1839 pro.

577 1852 845 1923 spiciens,
886 1853 1178 1925 episcopos
1229 1857 1454 1912 ditionis
1493 1874 1606 1913 sua:
1631 1858 2165 1932 Constantinopolim

575 1952 856 2001 maturare
895 1945 1087 2016 jussit.
1122 1945 1248 2002 Hzec
1276 1949 1421 2002 enim
1456 1950 1571 2005 sola
1612 1967 1741 2021 pars
1779 1952 1983 2008 Ariana
2014 1963 2168 2024 peste

578 2037 784 2091 referta
817 2046 957 2102 erat,
990 2053 1115 2092 cum
1152 2037 1429 2095 Occidens
1480 2041 1548 2093 ah
1585 2041 1688 2096 hac
1737 2043 1826 2098 lue
1875 2044 2016 2098 liber
2051 2061 2170 2100 ma-

575 2138 771 2193 neret,
835 2128 966 2199 quia
1029 2127 1454 2194 Constantinus,
1501 2131 1857 2188 Constantini
1929 2135 2166 2191 ﬁliorum

575 2219 885 2287 maximus,
938 2231 993 2276 ct
1036 2219 1312 2277 Constans
1359 2223 1624 2281 minimus
1682 2234 1837 2291 natu,
1883 2233 2168 2298 paternam

574 2307 737 2364 ﬁdem
808 2311 1077 2368 illibatam
1132 2322 1566 2382 conservarant,
1635 2325 1689 2374 et
1748 2317 2168 2376 Valentinianus

573 2418 797 2475 quoque
854 2405 1153 2476 imperator
1197 2403 1515 2462 Occidentis
1561 2404 1840 2465 sinceram
1905 2410 2166 2481 pietatem

571 2498 818 2554 retinuit.

773 2611 990 2684 1024
1019 2612 1176 2672 CAP.
1215 2615 1328 2672 vn.
1366 2616 1386 2690 ξ
1417 2617 1476 2672 B.
1513 2616 1594 2673 St.
1622 2615 1694 2679 γε
1724 2616 1827 2673 Ch.
1865 2617 1917 2672 7.
1948 2618 1968 2690 ]

573 2720 809 2787 Quinam
833 2723 1062 2795 insignes
1090 2725 1290 2795 fuerint
1322 2729 1542 2785 Ariana:
1575 2729 1828 2799 factionis
1859 2731 2162 2789 antistites.

643 2879 714 2935 At
741 2894 872 2934 vero
904 2895 1032 2951 pars
1051 2879 1350 2940 Orientalis
1380 2883 1557 2940 labem
1580 2884 1742 2940 istam
1765 2882 1952 2939 multis
1976 2889 2168 2938 aucto-

569 2973 725 3032 ribus
785 2975 1083 3031 contraxit.
1154 2975 1371 3032 Etenim
1423 2983 1439 3000 ‘
1491 2979 1657 3034 Arius
1714 2979 2058 3035 Alexandriae
2109 2979 2166 3034 in

573 3064 814 3136 Egypto
874 3069 1208 3140 presbyter,
1276 3071 1673 3142 blasphemiam
1730 3073 1894 3126 istam
1953 3072 2167 3141 primus

570 3158 822 3212 omnium
863 3157 1062 3214 edidit.
1127 3159 1267 3215 Tum
1296 3161 1570 3217 Eusebius
1630 3171 1686 3217 et
1716 3162 2067 3232 Patrophilus
2111 3171 2168 3218 et

569 3247 764 3306 Aetius
799 3247 1100 3315 Palaestini,
1128 3249 1398 3308 Paulinus
1427 3260 1481 3307 et
1511 3253 1815 3324 Gregorius
1853 3253 2166 3324 thnices,
2197 3273 2239 3330 ο

569 3347 628 3394 et
666 3339 953 3396 Laodiceae
978 3341 1320 3408 Theodotus,
1347 3345 1624 3416 hujusque
1666 3363 1962 3403 successor
1997 3348 2169 3405 Geor-

572 3432 719 3500 gius,
757 3440 812 3488 et
844 3441 969 3503 post
1007 3433 1154 3489 hunc
1187 3435 1523 3494 Athanasius
1555 3449 1610 3494 et
1645 3438 2171 3510 NarcissusCilices,

575 3520 720 3582 male
759 3521 912 3592 jacta
944 3524 1156 3580 semina
1199 3527 1538 3583 nutrierunt.
1596 3527 1870 3585 Eusebius
1937 3532 2065 3586 item
2118 3542 2174 3587 et

575 3614 856 3686 Theognis
903 3616 1146 3688 Bithyni,
1196 3628 1252 3672 et
1307 3618 1707 3691 Menophantus
1768 3621 2060 3693 Ephesius,
2118 3633 2174 3680 et

577 3703 899 3766 Theodorus
925 3705 1262 3774 Perinthius,
1286 3723 1338 3765 et
1368 3710 1533 3766 Maris
1553 3711 1985 3781 Chalcedonius,
2008 3725 2174 3787 atque

577 3797 670 3854 alii
704 3799 928 3869 quidam
969 3815 1000 3854 a
1030 3799 1287 3865 Thracia,
1344 3803 1693 3873 improbitate
1753 3807 1871 3861 sola
1935 3809 2170 3874 nobiles,

576 3893 741 3964 longo
768 3900 1017 3964 tempore
1043 3894 1384 3950 zizaniorum
1420 3905 1540 3951 sata
1563 3908 1619 3954 et
1650 3900 1901 3970 rigarunt
1934 3910 1989 3956 et
2027 3901 2176 3960 love-

578 3995 726 4043 runt.
767 3985 1028 4043 Subsidio
1066 3997 1251 4045 autem
1287 3993 1567 4062 perversis
1615 3995 1873 4063 agricolis
1924 3995 2028 4050 fuit
2056 4003 2173 4051 tum

576 4079 819 4138 facilitas
859 4079 1197 4148 Constantii,
1250 4092 1364 4138 tum
1424 4087 1641 4142 malitia
1689 4085 1959 4145 Valentis.
2023 4088 2176 4144 lianc

577 4173 746 4244 igitur
771 4175 842 4229 ob
871 4189 1096 4230 causam
1129 4177 1305 4233 solius
1340 4178 1557 4249 imperii
1588 4181 1677 4235 sui
1701 4182 1992 4252 episcopos
2027 4181 2177 4238 Con-

577 4267 947 4338 stantinopoli
1001 4269 1121 4339 cogi
1182 4269 1373 4338 jussit.
1439 4272 1561 4336 Quo
1609 4289 1736 4328 cum
1793 4274 2175 4339 advenissent,

579 4367 802 4414 centum
825 4375 1056 4416 numero
1087 4371 1141 4417 et
1161 4362 1590 4433 quinquaginta,
1616 4365 1788 4419 vetuit
1821 4381 1888 4420 ne
1918 4379 2175 4434 magnum

2269 657 2454 711 Ταῦτα
2490 658 2704 728 νύκτωρ
2740 658 2884 721 ίδὼν,
2927 659 3200 729 ἐμήνυσεν
3245 657 3412 710 ἔωθεν
3450 656 3557 710 τῶν
3601 657 3819 729 συνήθων

2268 749 2411 802 τινί·
2439 751 2467 803 6
2499 750 2555 804 δὲ
2590 751 2760 819 σαφὲς
2783 745 2926 804 εἶναι
2969 751 3032 803 τὸ
3075 749 3325 804 ἐνύπνιον
3363 747 3488 818 ἔφη,
3533 749 3624 802 καὶ
3674 749 3820 820 μηδὲν

2267 840 2685 912 αἰνιγματῶδες,
2749 841 2884 912 μηδὲ
2932 841 3230 913 ἀμφίϐολον
3290 839 3453 911 ἔχειν.
3508 838 3718 908 Ὀλίγων
3772 840 3822 893 δὲ

2269 933 2411 1001 ἄγαν
2451 932 2778 988 διελθουσῶν
2816 933 3061 1005 ἡμερῶν,
3111 932 3412 1002 ἐπανῆλθον
3465 931 3560 1001 μὲν
3605 930 3706 983 τῶν
3737 947 3822 982 πε-

2269 1025 2607 1096 πραγμένων
2638 1027 2686 1079 οί
2717 1026 2922 1097 ἔφοροι,
2941 1025 3037 1080 καὶ
3068 1024 3485 1096 κατηκοντίσθαι
3517 1022 3612 1086 τὰς
3645 1021 3824 1084 πολλὰς

2269 1116 2379 1171 τῶν
2407 1116 2703 1190 βαρϐάρων
2727 1118 2935 1189 ἔφησαν
2961 1118 3246 1189 μυριάδας.
3282 1115 3529 1177 Πεισθεὶς
3557 1115 3611 1168 δὲ
3638 1117 3664 1186 6
3692 1114 3825 1183 βασι-

2269 1208 2417 1274 λεὺς,
2483 1209 2558 1272 ὡς
2616 1211 2815 1281 ἄριστα
2870 1209 3253 1281 ψηφισάμενος
3312 1208 3472 1262 αὐτὸν
3525 1205 3824 1276 στρατηγὸν,

2271 1298 2498 1370 βασιλέα
2528 1302 2972 1372 κεχειροτόνηκε,
3015 1303 3218 1371 καὶτῆς
3256 1298 3519 1361 Βάλεντος
3551 1297 3735 1367 μοίρας
3767 1293 3828 1346 τὰ

2269 1391 2528 1463 σκῆπτρα
2555 1392 2864 1462 παρέδωκε.
2894 1394 3004 1446 Καὶ
3045 1392 3206 1456 αὐτὸς
3235 1392 3335 1462 μὲν
3360 1390 3453 1443 ἐπὶ
3483 1389 3579 1458 τὴν
3619 1387 3828 1440 Ἰταλίαν

2247 1481 2612 1553 ἐξώρμησεν,
2658 1485 2866 1537 ἐκεῖνον
2910 1483 2966 1537 δὲ
3010 1486 3091 1548 είς
3134 1482 3232 1553 τήν
3275 1481 3522 1535 δοθεῖσαν
3555 1477 3829 1549 ἠγεμονίαν

2270 1571 2655 1643 παρέπεμψεν.
2699 1575 2875 1639 Εὐθὺς
2918 1574 2982 1646 δὴ
3026 1569 3120 1628 οὖν
3152 1573 3249 1645 τὴν
3296 1571 3572 1643 βασιλείαν
3606 1569 3829 1640 παραλαι

2270 1662 2403 1731 ϐὼν,
2451 1668 2550 1736 τῆς
2579 1666 2688 1718 τῶν
2723 1666 3060 1737 Ἐκκλησιῶν
3109 1666 3217 1738 πρὸ
3260 1664 3370 1718 τῶν
3415 1663 3591 1718 ἄλλων
3631 1679 3830 1731 συμφω-

2270 1754 2390 1818 νίας
2434 1757 2774 1829 ἐπεμελήθη,
2823 1760 2914 1813 καλ⁸
2971 1761 3100 1822 τοὺς
3148 1759 3248 1830 τῆς
3295 1757 3504 1818 οἰκείας
3556 1751 3829 1825 ἡγεμονίας

2271 1847 2606 1911 ἐπισκόπους
2681 1853 2759 1914 είς
2824 1852 2923 1923 τὴν
2995 1848 3570 1906 Κωνσταντινούπολιν
3624 1847 3828 1917 δραμεῖν

2199 1917 2241 1970 Β
2270 1938 2658 2009 παρηγγύησε.
2690 1939 2840 2012 Αὕτη
2877 1917 2987 2012 γὰρ
3037 1942 3172 2014 μόνη
3217 1944 3316 2013 τῆς
3351 1942 3692 2010 Ἀρειανικῆς
3733 1937 3830 1988 ἐνε-

2271 2030 2588 2100 πέπληστο³
2616 2032 2798 2104 λώϐης
2822 2050 2834 2063 ’
2863 2037 2896 2105 ἡ
2927 2034 3036 2105 γὰρ
3061 2034 3306 2105 Ἐσπέρα
3337 2037 3439 2104 τῆς
3471 2033 3626 2086 νόσου
3649 2027 3830 2096 ταύτης

2271 2121 2540 2192 ἐλευθέρα
2587 2122 2846 2192 διέμεινε.
2898 2126 3310 2190 Κωνσταντῖνος
3363 2125 3464 2194 μὲν
3511 2125 3639 2194 γὰρ,
3678 2124 3703 2175 ὁ
3739 2120 3829 2174 τῶν

2270 2215 2682 2270 Κωνσταντίνου
2727 2217 2934 2272 παίδων
2982 2218 3395 2290 πρεσϐύτατος,
3431 2217 3526 2271 καὶ
3557 2212 3829 2275 Κώνσταςδ

2269 2301 2299 2353 6
2332 2301 2620 2367 νεώτατος,
2653 2304 2754 2374 τὴν
2782 2305 3044 2378 πατρῴαν
3086 2307 3266 2361 πίστιν
3297 2309 3576 2378 ἀκήρατον
3607 2304 3830 2373 διετήρη-

2271 2411 2393 2460 σαν,
2451 2397 2545 2448 καὶ
2588 2392 2654 2449 αὗ
2706 2398 2868 2451 πάλιν
2914 2399 3326 2463 Βαλεντινιανὸς
3376 2402 3405 2454 6
3459 2397 3701 2469 βασιλεὺς
3749 2395 3831 2464 τῆς

2283 2485 2553 2557 Ἐσπέρας
2580 2489 2859 2561 ἀκραιφνῆ
2887 2490 3173 2560 διεφύλαξε
3204 2490 3304 2562 τὴν
3339 2490 3642 2544 εὐσέϐειαν.

2877 2605 3130 2658 ΚΕΦΔΛ.
3171 2607 3244 2660 Z'.

2277 2714 2441 2781 Τίνες
2482 2717 2768 2786 ἐπίσημοι
2809 2717 3139 2789 προστάται
3187 2719 3300 2788 τῆς
3349 2719 3579 2789 Ἀρείου
3626 2733 3830 2788 συμμο-

2829 2791 2970 2856 ρίας
2999 2788 3298 2858 ἐγένοντο.

2341 2879 2415 2932 Τὸ
2441 2879 2500 2933 δὲ
2526 2885 2722 2956 τμῆμα
2759 2881 2869 2933 τῶν
2917 2880 3098 2951 Ἐᾠων
3120 2883 3140 2913 ⁵
3181 2882 3521 2953 πολλαχόθεν
3544 2882 3640 2953 τὴν
3677 2878 3832 2948 λώϐην

2268 2972 2476 3041 ταύτην
2517 2971 2756 3038 ἐδέξατο.
2785 2971 3002 3044 Ἀρειός
3044 2989 3105 3025 τε
3152 2972 3262 3044 γὰρ
3319 2972 3724 3044 Ἀλεξανδρείας
3749 2969 3832 3036 τῆς

2271 3065 2576 3134 Αἰγυπτίας
2619 3066 2992 3136 πρεσϐύτερος
3039 3065 3138 3130 ὢν,
3185 3068 3302 3119 ἐκεῖ
3359 3069 3460 3137 τὴν
3511 3062 3831 3136 βλασφημίαν

2271 3158 2564 3229 ἐγέννησε·
2601 3159 2695 3212 καὶ
2728 3158 3021 3223 Εὐσέϐιος,
3071 3160 3166 3213 καὶ
3208 3160 3574 3232 Ιιατρόφιλος,
3609 3160 3696 3211 καὶ
3738 3153 3832 3207 ’Λέ-

2270 3265 2409 3312 τιος,
2443 3251 2491 3301 οί
2518 3249 2635 3302 Παλ
2680 3251 2889 3312 ιστῖνοι,
2919 3249 3014 3302 καὶ
3041 3249 3309 3312 Παυλῖνος
3345 3252 3440 3305 καὶ
3465 3249 3771 3321 Γρηγόριοςν
3794 3243 3833 3295 οἶ

2275 3341 2562 3406 Φοίνικες,
2611 3342 2704 3395 καὶ
2749 3342 3078 3405 Λαοδικείας
3124 3341 3462 3408 Θεόδοτοςε,
3515 3344 3609 3396 καὶ
3655 3344 3680 3394 6
3723 3336 3835 3409 μετὰ

2273 3435 2463 3490 τοῦτον
2501 3434 2798 3507 Γεώργιος,
2847 3435 2944 3488 καὶ
2991 3436 3130 3506 μετὰ
3173 3435 3402 3489 τοῦτοντ
3451 3433 3759 3494 Ἀθανάσιός
3790 3446 3836 3483 τε

2275 3529 2370 3582 καὶ
2396 3529 2730 3600 Νάρκισσος,
2767 3530 2815 3582 οἱ
2844 3528 3092 3593 Κίλικες,
3125 3529 3196 3581 τὰ
3237 3529 3428 3593 κακῶς
3455 3526 3836 3597 καταϐληθέντι

2275 3620 2575 3690 ἐξέθρεψαν
2619 3619 2771 3693 [2υ6]
2819 3620 3145 3692 σπέρματαο
3194 3619 3461 3686 Εὐσέϐιός
3500 3639 3561 3674 τε
3604 3620 3697 3674 καὶ
3731 3613 3839 3669 8e6-

2275 3732 2448 3784 γνιος,
2480 3716 2528 3767 oi.
2560 3713 2811 3778 Βιθυνοὶ,
2847 3715 2942 3767 καὶ
2970 3714 3332 3785 Μηνόφαντος
3353 3715 3375 3745 ³
3416 3717 3445 3768 6
3483 3713 3741 3783 Ἐφέσιος,
3767 3706 3841 3759 καὶ

2293 3807 2568 3878 Θεόδωρος
2591 3810 2620 3860 6
2649 3805 2933 3878 Περίνθιος
2951 3807 2993 3872 ⁸,
3019 3807 3114 3859 καὶ
3138 3806 3324 3876 Μάρις
3355 3807 3386 3860 6
3417 3797 3841 3876 Χαλκηδόνιοςη,

2277 3900 2372 3953 καὶ
2399 3898 2576 3969 ἐτεροί
2610 3916 2755 3961 τινες
2788 3899 2896 3953 άπὸ
2927 3899 3024 3969 τῆς
3052 3898 3300 3969 Θρᾴκης,
3321 3898 3438 3952 ἀπὸ
3469 3898 3668 3958 κακίας
3699 3893 3841 3964 μόνης

2277 3991 2560 4062 ἐπίσημοι,
2585 3989 2745 4061 μέχρι
2775 3988 2976 4042 πολλοῦ
3005 3988 3314 4042 διετέλεσαν
3345 3989 3448 4059 τὴν
3475 3987 3584 4041 τῶν
3615 3981 3844 4051 ζιζανίων

2280 4083 2490 4154 σπορὰν
2533 4083 2790 4154 ἄρδοντές
2817 4099 2880 4135 τε
2909 4083 3003 4136 καὶ
3053 4081 3377 4143 θάλποντες.
3413 4082 3543 4144 Τοῖς
3575 4079 3631 4132 δέ
3679 4072 3844 4132 κακοῖς

2282 4177 2588 4249 συνέπραξε
2618 4181 2904 4248 γεωργοῖς,
2931 4177 3318 4230 Κωνσταντίου
3346 4194 3409 4230 τε
3441 4178 3476 4247 ἠ
3511 4172 3748 4234 εὐκολία,
3770 4163 3844 4222 κιὶ

2279 4271 2312 4338 ἡ
2348 4268 2610 4332 Βάλεντος
2645 4269 2939 4340 μοχθηρία.
2973 4267 3175 4321 Τούτου
3215 4266 3281 4338 δὴ
3323 4268 3514 4333 ἕνεκα,
3557 4267 3726 4337 μόνης
3765 4258 3846 4326 τῆς

2280 4361 2488 4424 οἰκείας
2517 4361 2793 4430 βασιλείας
2821 4360 2948 4424 τοὺς
2981 4357 3316 4421 ἐπισκόπους
3343 4361 3425 4422 είς
3452 4359 3553 4429 τὴν
3580 4358 3846 4409 Κωνσταν·

580 4449 859 4506 Meletium
895 4453 1002 4508 sibi
1042 4454 1340 4524 quisquam
1367 4454 1664 4519 indicaret,
1707 4471 1772 4510 ex
1839 4455 2040 4512 somnii
2091 4457 2171 4511 sui

2280 4451 2589 4506 τινούπολιν
2637 4451 3091 4522 συναθροισθῆναι
3145 4449 3506 4522 προσέταξεν.
3553 4445 3768 4514 Ἐπειδὴ
3804 4438 3849 4493 δὲ

579 4543 849 4602 memoria
900 4543 1080 4602 virum
1111 4545 1345 4614 cupiens
1377 4559 1699 4615 agnoscere.
1758 4543 1892 4598 Cum
1921 4561 2054 4616 ergo
2118 4547 2171 4602 in

2280 4544 2564 4614 ἀφίκοντο,
2611 4545 2954 4615 πεντήκοντα
3002 4542 3061 4595 δὲ
3100 4538 3241 4615 ἦσαν
3292 4543 3389 4596 καὶ
3445 4540 3664 4602 ἑκατὸν,
3723 4547 3845 4633 παξ¹

581 4632 846 4702 palatium
889 4643 1041 4689 totus
1085 4635 1180 4690 ille
1215 4641 1396 4689 cmtus
1446 4634 1833 4704 episcoporum
1890 4637 2171 4704 intrasset,

2283 4637 2530 4709 ηγγύησε
2569 4635 2772 4707 μηδένα
2820 4633 2968 4704 αὐτῷ
3015 4634 3254 4706 μηνύσαι
3301 4634 3452 4696 ὅστις
3498 4635 3527 4687 6
3584 4631 3753 4702 μέγας
3779 4628 3850 4730 εξη

584 4725 708 4780 aliis
742 4727 1003 4782 omnibus
1059 4727 1468 4797 praetermissis,
1493 4727 1562 4781 ad
1606 4745 1862 4800 magnum
1902 4731 2171 4788 Meletium

2279 4731 2541 4794 Μελέτιος
2561 4749 2572 4760 ·
2607 4729 2859 4784 ἐϐούλετο
2883 4729 2994 4800 γὰρ
3034 4731 3099 4782 ἐκ
3125 4729 3226 4796 τῆς
3253 4726 3348 4780 τοῦ
3369 4727 3411 4758 ¹¹
3444 4724 3702 4778 ἐνυπνίου
3735 4724 3852 4788 {Mr

585 4818 849 4881 accurrit,
882 4826 957 4882 ct,
990 4819 1140 4872 velut
1169 4819 1343 4886 patris
1373 4834 1566 4875 amans
1609 4819 1752 4876 ﬁlius
1782 4830 1904 4892 post
1955 4824 2171 4896 longum

2285 4841 2393 4895 μης
2429 4823 2737 4894 μηνυθῆναι
2768 4822 2859 4874 τὸν
2886 4822 3074 4890 ἄνδρα.
3111 4821 3216 4873 Καὶ
3252 4817 3446 4888 ἐπειδὴ
3483 4819 3564 4880 εἰς
3599 4816 3688 4868 τὸν
3716 4806 3851 4917 βασί-

585 4919 805 4980 tempus
851 4918 1080 4980 paterno
1140 4910 1329 4965 fruens
1391 4921 1642 4982 aspectu,
1705 4917 2051 4986 amplexatus
2100 4931 2171 4975 esl

2282 4915 2426 4968 λειον
2457 4915 2802 4986 εἰσελήλυθεν
2824 4910 2972 4966 οἷκον
2994 4912 3139 4976 ἆπας
3169 4913 3377 4972 ἐκεῖνος
3407 4910 3520 4962 τῶν
3553 4909 3850 4960 ἐπισκόπων

584 5019 734 5066 eum,
771 5003 1168 5073 osculatusque
1201 5004 1412 5074 1025
1447 5006 1665 5070 oculos,
1728 5008 1904 5076 labra,
1966 5018 2171 5079 pectus,

2281 5010 2312 5060 6
2343 5008 2550 5076 ὅμιλος,
2595 5008 2721 5070 τοὺς
2752 5005 2944 5068 ἄλλους
2987 5001 3307 5058 καταλιπὼν
3341 5003 3593 5063 ἅπαντας
3622 5039 3636 5060 ,
3666 5001 3740 5066 τῷ
3774 5007 3854 5062 με·

585 5104 774 5166 caput,
816 5103 872 5150 et
901 5096 1177 5151 dexteram
1205 5113 1327 5165 qua:
1363 5097 1468 5166 ipsi
1502 5112 1764 5153 coronam
1812 5102 2171 5170 imposuerat.

2298 5101 2451 5171 γάλῳ
2482 5100 2726 5169 Μελετίῳ
2751 5087 3154 5169 προσέδραμεν,
3186 5097 3281 5149 καὶ
3304 5089 3416 5148 οἷόν
3445 5111 3532 5158 τις
3565 5093 3695 5188 παῖς
3723 5084 3853 5188 φιλο·

589 5188 782 5245 Visum
809 5191 975 5245 etiam
999 5189 1146 5260 quod
1165 5191 1409 5244 oblatum
1438 5190 1487 5243 ei
1514 5190 1691 5245 fuerat
1717 5193 1990 5260 exposuit.
2007 5191 2171 5247 Caete-

2289 5192 2516 5263 πάτωρ,
2562 5189 2652 5243 διὰ
2691 5189 2885 5260 χρόνου
2943 5186 3158 5258 μακροῦ
3209 5184 3338 5247 θέας
3398 5181 3680 5252 πατρικῆς
3735 5181 3852 5263 atto:

591 5297 684 5338 ros
701 5296 919 5351 quoque
939 5297 1130 5337 omnes
1157 5297 1280 5336 cum
1307 5290 1560 5335 amanter
1581 5282 1899 5346 salutasset,
1917 5291 2171 5348 tanquam

2287 5283 2530 5346 λαύσας,
2582 5279 3016 5352 περιεπτύσσετό
3090 5294 3151 5330 τε
3229 5275 3326 5329 καὶ
3393 5272 3721 5342 κατεφίλει,
3774 5257 3856 5314 καὶ

593 5373 784 5428 Patres
814 5375 1023 5444 rogavit
1055 5383 1114 5430 ut
1146 5374 1217 5429 de
1248 5378 1412 5430 rebus
1447 5375 1744 5444 propositis
1775 5376 2171 5430 consultarent.

2289 5375 2640 5444 ὀφθαλμοὺς,
2689 5374 2785 5426 καὶ⁴
2833 5371 2987 5442 χείλη
3015 5411 3030 5435 ,
3065 5370 3161 5423 xa‘t
3202 5367 3401 5439 στέρνα
3458 5367 3556 5418 καὶ
3606 5353 3852 5469 κεφαλὴν,

592 5466 688 5518 καὶ
718 5465 816 5532 τήν
861 5467 1286 5537 στεφανώσασαν
1315 5467 1514 5531 δεξιάν.
1563 5467 1830 5538 Ἐδήλωσε
1856 5467 1914 5520 δὲ
1947 5467 2040 5520 καὶ
2069 5467 2168 5538 τὴν
2201 5467 2323 5536 ὄψιν
2351 5467 2418 5537 ἣν
2455 5463 2583 5520 εἶδε.
2619 5464 3164 5536 Φιλοφρονησάμενος
3197 5461 3257 5516 δέ
3322 5457 3418 5513 καὶ
3465 5458 3594 5520 τοὺς
3680 5449 3852 5506 ἄλλους

594 5556 867 5618 ἅπαντας,
923 5556 1313 5626 βουλεύσασθαι
1364 5559 1492 5628 περὶ
1539 5557 1647 5610 τῶν
1679 5559 2056 5630 προκειμένων
2091 5558 2165 5622 ὡς
2206 5559 2450 5628 πατέρας
2483 5557 2706 5627 ἠξίωσε.

1876 5711 2113 5766 VARI/1'3
2154 5712 2559 5770 LECTIONES.

674 5831 695 5860 ³
724 5827 1010 5913 Conscntit
1048 5829 1169 5912 Ba‘s.
1231 5829 1430 5913 Gracc,‘
1465 5829 1557 5913 Ἦιί
1623 5830 1786 5913 habet
1835 5831 2149 5913 ἐνέπληστο.
2188 5830 2324 5913 Sed_
2349 5830 2470 5883 Pini
2517 5830 2657 5913 liber
2685 5827 3083 5913 ἀνεπέπληστο.
3143 5827 3166 5857 ⁸
3195 5812 3849 5913 Κὼχρταλνς.-ῐὲαε..ϐἧίξξ;

604 5903 623 5932 ε
659 5899 717 5951 τδ
745 5895 896 5972 es...
919 5880 1042 5972 eis.
1088 5880 1260 5972 arma:
1282 5880 2578 5972 τῇ,θειδφτο-ςῖιξιέηιίς⁷εθέεδιέευξῑῑιιιξιιῖτιιέέιὶ
2602 5880 2797 5972 septi.
2832 5880 3245 5967 ἒιτινιένςςφιιιντος.
3282 5880 3601 5963 Christoph.
3675 5889 3694 5922 ο
3727 5880 3828 5946 ηερ

609 5967 777 6023 ιιθου.
808 5965 929 6023 Bas.
957 5966 1131 6022 Graec.
1213 5969 1254 5997 ‘°
1286 5966 1672 6036 Καλχηδόνιος.
1705 5966 1870 6025 Idem.
1951 5972 1990 6005 “
2018 5971 2110 6025 τοῦ
2137 5972 2287 6029 abest
2327 5972 2395 6028 ab
2425 5969 2634 6027 eodem.
2710 5965 2752 6051 ’-
