4124 6404
293 386 437 480 1209

909 522 1164 578 ΚΕΦΑΛ.
1195 519 1279 579 N'.

286 616 435 688 Περὶ
462 614 576 685 τῆς
622 615 693 669 ἐν
741 616 1386 688 Κωνσταντινοοπόλει
1423 613 1882 684 συναθροισθεί-

879 703 999 753 σης
1027 685 1317 740 συνόδου.

368 781 507 835 Κατ’
546 780 759 833 ἐκεῖνον
798 777 857 832 δὲ
899 779 991 832 τὸν
1022 777 1215 848 χρόνον
1259 778 1288 830 6
1331 776 1431 848 τὴν
1478 774 1783 842 Ναζιανζὸν
1815 774 1886 829 τὰ

288 873 581 929 τελευταῖα
610 870 887 940 ποιμάνας
923 871 981 922 ὲν
1023 867 1592 922 Κωνσταντινουπόλει
1619 865 1883 938 διέτριϐε,

288 968 417 1029 ταῖς
458 965 830 1035 ’Δρειανικαῑς
858 961 1308 1031 ἀντιταττόμενος
1336 959 1709 1032 βλασφημίαις
1733 976 1748 990 ·
1791 958 1887 1012 καὶ

288 1060 387 1113 τόν
412 1075 472 1111 τε
503 1057 647 1110 θεῖον
680 1054 810 1109 λαδν
843 1056 966 1118 ταῖς
995 1054 1385 1122 εὐαγγελικαῖς
1422 1052 1600 1126 ἄρδων
1630 1053 1888 1107 διδασκα-

290 1151 480 1215 λίαις,
536 1148 666 1212 τούς
720 1165 781 1201 τε
847 1149 949 1218 τῆς
1020 1145 1258 1218 ποίμνης
1328 1144 1435 1210 ἔξω
1500 1145 1887 1215 πλανωμένους

292 1240 556 1311 ἀγρεύων
582 1278 599 1302 ,
639 1238 734 1292 καὶ
774 1237 875 1307 τῆς
903 1236 1150 1307 ὀλεθρίου
1184 1235 1323 1299 πόας
1370 1234 1672 1306 ἐλευθερῶν
1699 1275 1712 1297 ,
1744 1232 1889 1286 οὕτω

292 1332 401 1403 τὴν
425 1331 668 1402 ποίμνην
700 1329 918 1399 ἐκείνην
944 1327 1004 1393 ἐξ
1038 1329 1222 1396 ὀλίγου
1243 1329 1285 1359 ⁸⁸
1316 1326 1562 1398 μεγάλην
1583 1326 1884 1396 ἀπέφηνεν.

295 1424 505 1479 Τοῦτον
547 1420 674 1475 ἰδὼν
721 1419 750 1471 6
796 1419 939 1482 θεῖος
972 1418 1263 1482 Μελέτιος,
1297 1418 1390 1472 καὶ
1430 1417 1540 1470 τῶν
1570 1416 1661 1469 τὸν
1689 1415 1890 1469 κανόνα

296 1512 663 1584 γεγραφότων
700 1510 793 1564 τὸν
826 1509 1030 1565 σκοπὸν
1064 1508 1429 1580 ἐπιστάμενος
1451 1545 1467 1571 ,
1497 1506 1598 1570 τάς
1642 1506 1752 1576 γὰρ
1792 1506 1892 1576 τῆς

305 1608 598 1680 φιλαρχίας
641 1603 899 1678 ἀφορμὰς
949 1604 1406 1675 περικόπτοντες,
1470 1601 1752 1657 ἐκώλυσαν
1793 1599 1893 1671 τὴν

302 1702 636 1773 μετάθεσιν,
700 1701 1004 1755 ὲὸεὸαίωσε
1059 1700 1140 1771 τῷ
1163 1701 1209 1733 ¹³
1271 1699 1561 1773 Γρηγορίῳ
1620 1700 1720 1770 τὴν
1793 1698 1893 1768 τῆς

296 1794 932 1858 Κωνσταντινουπό).εως
988 1794 1304 1865 προεδρίανο
1345 1792 1527 1861 ὀλίγου
1572 1792 1631 1846 δὲ
1660 1790 1894 1845 διελθόν-

1285 409 1875 473 ECCLESIASTIC/E
1908 410 2296 474 HISTORI/E
2336 413 2482 474 LIB.
2510 415 2577 473 V.

1913 526 1959 584 A

3433 413 3568 481 12H)

2306 524 2459 579 CAP.
2498 523 2638 578 Vill.
2678 523 2772 596 [υ.
2810 524 2891 580 St.
2921 523 2984 578 v.
3020 525 3193 581 Ch.8.
3227 525 3244 598 j

2275 617 2347 672 De
2362 627 2544 672 coacto
2563 618 3027 687 Constantinopoli
3063 621 3311 674 concilio.

2061 774 2139 830 Eo
2164 782 2412 846 tempore
2466 774 2952 843 Constantinopoli
3000 773 3230 845 degebat
3261 774 3309 830 is
3349 775 3440 845 qui
3469 774 3577 829 Na-

1991 871 2310 924 zianzeuam
2374 867 2677 923 Ecelesiam
2732 869 3036 924 novissime
3070 877 3306 932 rexerat,
3341 868 3578 923 Ariano-

1986 978 2111 1017 rum
2142 961 2497 1030 blasphemiis
2517 962 2866 1017 vehementer
2888 962 3168 1016 obsistens
3196 979 3209 1014 :
3241 962 3335 1030 qui
3362 961 3575 1029 plebem

1989 1064 2239 1109 sanctam
2285 1053 2619 1124 evangelicis
2662 1054 2918 1109 imbuens
2977 1052 3274 1116 doctrinis,
3336 1066 3579 1120 ovesque

1989 1155 2144 1201 extra
2179 1160 2399 1216 gregem
2432 1145 2754 1199 aberrantes
2783 1158 3074 1207 revocans,
3111 1150 3167 1198 et
3197 1158 3228 1199 a
3264 1142 3432 1196 noxio
3477 1158 3577 1212 pa-

1992 1238 2123 1293 bulo
2157 1236 2465 1302 abducens,
2520 1237 2595 1290 ita
2623 1250 2842 1307 gregem
2873 1236 3029 1290 illiilli
3087 1250 3153 1290 ex
3212 1234 3433 1289 modico
3466 1249 3581 1287 ma-

1990 1344 2158 1401 gnum
2196 1327 2346 1383 fecit.
2394 1326 2558 1382 Ilunc
2591 1342 2717 1381 cum
2771 1325 3002 1380 vidisset
3033 1326 3257 1380 divinus
3302 1323 3580 1387 Mcletius,

1991 1429 2049 1478 et
2092 1437 2286 1476 eorum
2342 1420 2437 1490 qui
2509 1434 2777 1473 canonem
2838 1418 3179 1487 scripserant
3234 1423 3582 1486 perspectam

1992 1522 2230 1570 tuentem
2250 1512 2501 1577 haberet,
2532 1510 2677 1581 quod
2697 1510 2942 1564 ambitus
2967 1513 2983 1530 '
3007 1507 3264 1563 videlicet
3297 1507 3583 1560 materiam

1993 1607 2378 1680 praecidentes,
2408 1605 2793 1676 episcoporum
2822 1600 3238 1657 translationem
3263 1597 3570 1669 prohibue-

1994 1704 2127 1766 rint,
2171 1700 2434 1772 Gregorio
2477 1695 3150 1762 Coustantinopolitanum
3200 1692 3582 1762 episcopatum

1996 1794 2367 1859 confirmavit,
2436 1790 2703 1859 brevique
2754 1794 2880 1858 post
2947 1772 3195 1855 tempore
3251 1781 3318 1836 ad
3376 1779 3585 1837 doloris

293 1906 394 1953 τος
425 1887 656 1959 χρόνου,
691 1886 721 1938 6
765 1885 864 1956 μὲν
905 1884 1049 1949 θεῖος
1100 1884 1364 1948 Μελέτιος
1411 1884 1493 1948 είς
1528 1883 1628 1955 τὴν
1680 1882 1887 1938 ἄλυπον

2000 1894 2274 1959 expertem
2327 1886 2496 1940 vitam
2555 1882 2830 1954 migravit,
2895 1878 3144 1933 omnium
3202 1875 3297 1946 qui
3347 1873 3585 1929 dicendo

296 1981 545 2054 μετέστη
595 1977 777 2050 ζωὴν,
814 1977 920 2031 ὑπὸ
949 1977 1168 2032 πάντων
1203 1978 1313 2030 τῶν
1349 1975 1446 2031 τοῦ
1474 1975 1517 2008 ¹⁸
1560 1976 1723 2045 λόγου
1754 1993 1885 2047 μετ-

292 2074 601 2145 ειληχότων
645 2074 764 2135 ταῖς
802 2070 1117 2140 ἐπιταφίοις
1146 2069 1455 2134 τελειωθεὶς
1479 2069 1524 2102 ¹¹⁵
1563 2069 1883 2141 εὐφημίαις.

291 2166 567 2237 Τιμόθεος
616 2165 676 2219 δὲ
726 2165 755 2217 6
806 2164 909 2235 τῆς
970 2163 1365 2235 Ἀλεξανδρέων
1419 2162 1758 2227 ἐπίσκοπος,
1828 2162 1884 2226 δς

291 2260 511 2332 Πέτρον
564 2257 839 2323 διεδέξατο
895 2256 988 2310 τὸν
1045 2256 1144 2325 τῆς
1210 2255 1529 2309 Ἀθανασίου
1596 2256 1888 2329 προεδρίας

293 2351 641 2423 κληρονόμον
668 2352 964 2421 γενόμενον
988 2389 1003 2413 ,
1059 2349 1182 2403 ἀντὶ
1209 2348 1304 2401 τοῦ
1339 2348 1646 2417 θαυμασίου
1679 2350 1889 2419 Γρηγο-

296 2442 461 2516 ρίου,
495 2443 749 2515 Μάξιμόν
796 2460 918 2497 τινα
968 2440 1385 2513 κεχειροτόνηκε
1426 2441 1684 2506 κυνικὸν,
1725 2441 1889 2505 εὐθὺς

299 2542 473 2599 αὐτοῦ
504 2541 603 2606 τὰς
629 2541 858 2606 κυνικάς
889 2541 1192 2613 ἀποκείρας
1227 2539 1382 2613 [207]
1412 2541 1605 2612 τρίχας
1624 2558 1639 2573 ο
1666 2542 1760 2594 καὶ
1787 2542 1889 2612 τῆς

311 2641 698 2713 Ἀπολιναρίου
757 2640 816 2694 δὲ
846 2641 1137 2713 τερθρείας
1160 2640 1205 2671 ³⁸
1236 2639 1519 2702 ἀνάπλεως
1541 2632 1696 2701 οὗτος
1727 2638 1770 2670 ¹⁷
1796 2634 1886 2710 ἦν.

310 2736 461 2793 Ἀλλ’
516 2738 618 2791 οὐκ
660 2737 901 2808 ἤνεγκαν
945 2734 1044 2788 τοῦ
1085 2734 1460 2804 γεγενημένου
1520 2732 1618 2802 τὴν
1655 2731 1888 2786 ἀτοπίαν

295 2836 353 2888 oi
381 2831 688 2904 τηνικαῦτα
729 2832 1134 2901 συνειλεγμένοι
1159 2848 1172 2862 ·
1221 2827 1362 2903 ἦσαν
1414 2829 1472 2881 δὲ
1515 2829 1709 2900 ἀνδρες
1738 2824 1893 2892 ἀξιά-

298 2942 543 2995 γαστοι,
598 2925 694 2979 καὶ
748 2926 912 2996 ζήλου
971 2923 1120 2977 θείου
1180 2924 1276 2977 καὶ
1338 2921 1532 2992 σοφίας
1594 2920 1887 2987 ἀνάπλεοι,

313 3018 590 3081 Ἐλλάδιος
637 3018 737 3087 μὲν
764 3019 794 3071 6
834 3017 933 3082 τῆς
978 3014 1073 3068 τοῦ
1130 3014 1369 3085 μεγάλου
1418 3011 1705 3066 Βασιλείου
1752 3028 1891 3081 προ-

298 3108 519 3180 εδρείας
545 3108 809 3177 διάδοχος,
843 3105 1146 3177 Γρηγόριος
1176 3103 1234 3156 δὲ
1282 3103 1379 3156 καὶ
1421 3102 1648 3172 Πέτρος,
1688 3104 1738 3154 ol.
1766 3103 1894 3165 τοὺς

299 3202 507 3264 αὐτοὺς
559 3199 828 3269 Βασιλείῳ
884 3196 1134 3267 πατέρας
1183 3197 1525 3267 αὐχήσαντες
1550 3211 1564 3225 ·
1637 3193 1897 3266 ’Λμφιλό-
1928 3237 1972 3297 c

306 3310 430 3367 χιος
481 3292 539 3345 δὲ
574 3290 870 3346 Λυκαόνων
916 3291 1138 3361 ἠγεῖτο,
1180 3289 1276 3342 καὶ
1327 3286 1561 3340 Πισίδων
1601 3287 1898 3356 Ὀπτιμος,

307 3386 409 3440 καὶ
439 3383 682 3438 Κιλίκων
724 3383 1011 3452 Διόδωρος.
1061 3380 1254 3451 Παρῆν
1301 3378 1359 3431 δὲ
1404 3378 1501 3432 καὶ
1554 3376 1825 3445 Πελάγιος
1875 3376 1903 3428 6

307 3476 660 3539 Λαοδικείας,
699 3474 796 3528 καὶ
822 3474 1079 3541 Εὒλόγιος
1103 3474 1132 3526 ὁ
1153 3471 1461 3541 Ἐδέσης¹⁸,
1496 3470 1594 3524 καὶ
1620 3468 1900 3533 ’Δκάκιος,

308 3571 414 3626 καὶ
456 3570 727 3640 Ἰσίδωρος
760 3569 790 3621 6
820 3566 1127 3637 ἡμέτερος,
1178 3563 1273 3617 καὶ
1307 3558 1575 3632 Κύριλλος
1602 3561 1632 3613 6
1677 3559 1906 3630 Ἱεροσο-

310 3663 525 3734 λύμων,
550 3663 645 3715 καὶ
672 3659 929 3723 Γελάσιος
957 3659 986 3710 6
1012 3653 1350 3725 Καισαρείας
1380 3651 1481 3722 τῆς
1515 3648 1902 3719 Παλαιστίνης,

310 3755 464 3825 λόγῳ
490 3753 586 3808 καὶ
619 3751 718 3822 βίῳ
761 3748 1158 3820 κοσμούμενος,
1193 3745 1289 3799 καὶ
1320 3744 1499 3810 ἕτεροι
1533 3740 1780 3795 πλεῖστοι
1803 3738 1907 3805 τῆς

314 3850 524 3923 ἀρετῆς
560 3845 816 3917 ἀθληταί.
865 3844 1000 3898 Τότε
1055 3840 1122 3914 δὴ
1173 3834 1268 3894 οὖν
1324 3830 1474 3892 οὗτοι
1519 3836 1746 3898 πάντες,
1796 3832 1906 3885 τῶν

313 3922 640 4011 Ᾰίγυπτίων
678 3938 819 4006 σφᾶς
848 3933 1049 3997 αὐτοὺς
1088 3929 1510 4002 ἀποκρίναντες,
1549 3927 1646 3980 σὺν
1690 3922 1770 3994 τῷ
1809 3939 1908 3993 με-

315 4034 473 4104 γάλῳ
490 4030 780 4103 Γρηγορίῳ
801 4028 899 4093 τὰς
922 4023 1261 4095 πανηγύρεις
1285 4020 1583 4075 ἐπετέλουν
1610 4017 1711 4081 τὰς
1733 4015 1903 4078 θείας.

331 4127 396 4180 '0
425 4125 481 4179 δὲ
508 4123 649 4186 θεῖος
700 4119 1005 4190 παρεκάλει
1039 4114 1362 4187 Γρηγόριος,
1405 4114 1537 4183 περὶ
1587 4108 1910 4181 συμφωνίας

326 4212 823 4284 συνηθροισμένους
861 4209 960 4280 τὴν
1003 4207 1141 4278 πρὸς
1183 4205 1451 4276 ἀλλήλους
1480 4202 1736 4273 ὁμόνοιαν
1777 4216 1911 4270 προσ

322 4306 554 4378 τιμῆσαι
599 4306 702 4375 τῆς
755 4303 875 4366 ἑνὸς
916 4300 1112 4372 ἀνδρὸς
1145 4297 1385 4359 ἀδικίας.
1424 4312 1442 4346 ι
1479 4292 1627 4363 Ἐγώ
1670 4308 1733 4345 τε
1777 4291 1910 4364 γὰρ,

1999 1981 2210 2052 aliquid
2242 1986 2497 2051 poterant
2534 1975 2862 2032 funebribus
2886 1971 3234 2028 orationibus
3260 1975 3584 2024 exornatus.

1993 2081 2063 2130 At
2080 2074 2403 2128 Timotheus
2415 2070 2912 2124 Alexandrinorum
2930 2065 3182 2130 antistes,
3198 2061 3341 2117 Petri
3361 2073 3587 2116 succes-

1995 2186 2089 2228 sor
2118 2170 2285 2233 illius,
2315 2166 2409 2237 qui
2438 2163 2744 2219 Athanasio
2777 2163 2831 2215 in
2858 2160 3182 2231 episcopatu
3210 2160 3585 2217 successerat,

1994 2279 2095 2335 pro
2134 2259 2443 2317 admirabili
2475 2258 2759 2328 Gregorio,
2792 2253 3087 2308 Maximum
3116 2249 3408 2321 quemdam
3435 2245 3590 2317 cyni-

1995 2373 2142 2423 cum,
2159 2355 2390 2410 detonsa
2410 2352 2593 2408 subito
2618 2349 2808 2421 eyoiea
2832 2346 2955 2415 ejus
2977 2358 3156 2407 coma,
3177 2338 3473 2399 ordinavit.
3491 2336 3591 2407 qui

1996 2449 2207 2504 frivolis
2223 2448 2388 2501 etiam
2406 2442 2724 2515 Apollinarii
2746 2440 2978 2510 argutiis
2996 2437 3237 2492 animum
3252 2432 3588 2503 oppleverat.

2002 2542 2216 2612 1026
2236 2541 2421 2608 Itaque
2453 2547 2562 2589 tam
2588 2534 2888 2589 absurdum
2914 2529 3128 2585 facinus
3151 2542 3259 2581 non
3287 2526 3461 2577 tulere
3490 2519 3587 2591 qui

1998 2644 2131 2691 tunc
2143 2641 2534 2688 convenerant,
2555 2623 2889 2695 suspicicudi
2911 2622 3072 2692 plane
3091 2618 3217 2681 viri,
3234 2626 3287 2670 et
3300 2613 3484 2667 divino
3501 2624 3595 2663 zc-

1999 2730 2054 2784 lo
2085 2741 2151 2782 ac
2173 2721 2443 2795 sapientia
2464 2717 2634 2790 pleni.
2661 2714 2719 2769 In
2740 2714 2946 2786 quibus
2979 2711 3082 2766 fuit
3109 2705 3393 2763 Helladius
3416 2699 3598 2772 magni

1998 2819 2188 2877 Basilii
2224 2792 2518 2872 successor
2552 2810 2607 2863 in
2653 2807 3001 2878 episc0patu,
3037 2798 3340 2871 Gregorius
3373 2797 3502 2850 item
3543 2792 3617 2848 ρι’

1999 2910 2224 2974 Petrus,
2251 2905 2442 2963 eodem
2465 2917 2578 2973 quo
2618 2898 2855 2955 Basilius
2889 2903 3044 2966 patre
3078 2891 3218 2959 nati,
3264 2897 3321 2945 et
3369 2885 3601 2956 Amphi-

2003 3002 2218 3059 lochius
2246 2999 2564 3070 Lycaonum
2594 3001 2803 3063 pastor,
2850 2998 2906 3045 et
2958 2986 3216 3058 Optimus
3264 2981 3601 3046 Pisidarum,

1998 3105 2056 3152 et
2081 3094 2317 3151 Cilicum
2353 3088 2647 3144 Diodorus.
2672 3084 2914 3138 Aderant
2931 3088 2985 3135 et
3006 3077 3263 3147 Pelagius
3287 3072 3598 3137 Laodiceae,

2001 3199 2059 3244 et
2080 3184 2349 3255 Eulogius
2375 3180 2618 3245 Edessze,
2646 3184 2702 3233 et
2721 3173 2984 3237 Aeacius,
3012 3178 3069 3227 et
3115 3166 3362 3226 Isidorus
3389 3169 3601 3226 noster,

2003 3288 2060 3337 et
2084 3253 2325 3349 Cyrillus
2377 3268 2912 3336 Hierosolymorum,
2941 3269 2998 3317 et
3046 3258 3303 3315 Gelasius
3337 3253 3607 3309 Caesarea)

2004 3344 2334 3431 Palaistinaa,
2368 3359 2622 3416 doctrina
2678 3354 3041 3421 moribusque
3083 3346 3347 3418 insignis,
3395 3344 3607 3412 aliique

2005 3460 2237 3517 virtutis
2270 3455 2489 3510 athletae
2533 3465 2700 3522 quam
2751 3445 2999 3517 plurimi.
3032 3441 3099 3496 Hi
3142 3449 3275 3495 tunc
3333 3433 3607 3500 universi,

2007 3552 2220 3621 seipsos
2252 3548 2323 3602 ab
2354 3542 2631 3615 IEgyptiis
2682 3543 3060 3609 segregantes,
3091 3547 3218 3587 cum
3247 3540 3444 3621 magno
3474 3522 3612 3579 Grc-

2008 3616 2167 3715 gorio
2198 3648 2507 3696 conventus
2564 3631 2941 3689 celebrabant.
2988 3625 3058 3679 At
3116 3621 3342 3678 divinus
3400 3616 3612 3685 Grego-

2008 3709 2128 3794 rius
2181 3734 2376 3791 orabat
2412 3731 2561 3794 illos,
2592 3734 2654 3781 ut
2681 3722 2775 3794 qui
2828 3714 3240 3776 constituendae
3284 3709 3602 3767 concordia:

2008 3844 2179 3887 causa
2211 3829 2607 3883 convenerant,
2630 3825 2883 3872 mutuum
2919 3810 3023 3882 ipsi
3079 3817 3418 3863 consensum
3444 3799 3611 3855 unius

2008 3918 2250 3979 hominis
2274 3913 2479 3984 injuria
2519 3910 2790 3982 potiorem
2838 3904 3131 3959 ducerent.
3168 3917 3188 3950 ι
3212 3895 3346 3949 Nam
3372 3902 3427 3950 et
3477 3905 3604 3962 ego,

2014 4013 2220 4076 aiebat,
2253 4007 2446 4062 multis
2477 4002 2630 4059 euris
2658 4000 2934 4054 liberatus
2955 4001 3170 4066 gratam
3206 3988 3608 4059 mihiquietem

2015 4102 2309 4173 recipiam,
2341 4106 2396 4153 et
2429 4110 2530 4150 vos
2560 4100 2685 4163 post
2709 4091 2935 4161 longum
2969 4083 3106 4139 illud
3137 4090 3193 4139 et
3210 4095 3377 4153 grave
3406 4078 3612 4133 bellmn

2012 4171 2364 4267 optatissima
2399 4203 2535 4259 pace
2579 4181 2859 4239 iruemini.
2885 4198 2904 4232 ι
2960 4175 3275 4232 Absurdius
3309 4171 3456 4228 enim
3483 4184 3614 4240 pro-

2015 4258 2162 4344 fecto
2193 4281 2333 4339 nihil
2370 4258 2558 4339 fuerit,
2583 4287 2749 4346 quam
2780 4284 2877 4326 eos
2920 4266 3016 4338 qui
3050 4263 3273 4320 hostilia
3303 4274 3481 4331 nuper
3502 4258 3610 4312 tela

320 4353 461 4470 ἐφῖιί
487 4353 897 4452 τῶτυζὲίωὲὲζῴ
924 4353 1225 4463 φρόντίδων
1257 4353 1616 4455 ἀπαλλαγείς,
1656 4386 1758 4457 τὴν
1789 4353 1896 4455 έμο

2018 4379 2320 4441 evaserint,
2380 4374 2501 4429 suis
2550 4370 2694 4423 inter
2732 4378 2794 4422 se
2852 4361 2979 4416 telis
3026 4357 3141 4427 figi,
3177 4361 3233 4410 et
3290 4353 3437 4407 vires
3486 4363 3619 4404 suas

2425 4464 2476 4470 ’·
2621 4461 2631 4470 ·
2764 4456 2775 4468 ·
2875 4468 2897 4470 η
2953 4450 3140 4470 ’κε-μμ
3182 4462 3195 4470 ε
3256 4444 3619 4470 ι...ι.ι.....,.,,η

324 4493 491 4563 φίλην
534 4488 891 4559 ἀπολήψομαι
938 4485 1194 4558 ἡσυχίαν,
1244 4481 1344 4537 καὶ
1395 4481 1556 4552 ὑμεῖς
1582 4480 1684 4545 τὴν
1721 4477 1915 4548 τριπό-

2021 4484 2382 4532 consumere.
2422 4464 2515 4520 Sic
2545 4461 2694 4518 enim
2732 4456 2907 4511 risum
2952 4450 3197 4506 inimicis
3256 4444 3621 4511 laetitiamque

330 4533 498 4656 θητόν
526 4533 753 4653 εἰρήνην
784 4533 921 4649 μετά
949 4533 1650 4645 τὸνλμακρδννέκείνοννκαί
1682 4533 1896 4637 χαλεπὸς

2024 4566 2368 4640 parabimus.
2395 4558 2579 4624 Quare
2609 4552 2791 4606 virum
2815 4545 3047 4617 quaerite
3073 4542 3311 4610 aliquem
3348 4535 3509 4591 laude
3536 4533 3620 4587 di-

212 5914 229 5927 ,
346 5841 550 5898 derunt
583 5840 789 5897 Christ.
817 5845 872 5894 et
897 5835 1043 5893 Scal.

694 4631 981 4740 ⁷πόλεμον.
1063 4631 1335 4736 ’ἰῶν-γὰρ
1368 4663 1491 4716 λίαν
1522 4631 1896 4720 ἀτοπωτάτων,

2011 4631 2205 4740 gnum,
2235 4646 2712 4721 intelligentiaque
2762 4636 3076 4710 praeditum,
3112 4631 3207 4702 qui
3243 4638 3323 4684 tot
3352 4637 3615 4681 curarum

321 4722 606 4838 ’τξνν
969 4722 1406 4823 *ἀπαλλαγέντας
1447 4752 1621 4823 βελῶν
1647 4749 1896 4820 ἀλλήλους

2012 4722 2231 4833 pondus
2285 4745 2473 4804 subire
2528 4753 2595 4794 ac
2643 4733 2930 4793 sustinere
2988 4734 3139 4784 recte
3202 4722 3399 4794 possit,
3455 4728 3622 4790 atque

2598 4828 2609 4838 '
2679 4827 2692 4838 ·
2811 4831 2850 4838 -ν
2949 4818 3045 4838 ηε-
3101 4813 3322 4838 ...-_:.:..
3362 4810 3603 4838 ηιςηηηωι

326 4813 1057 4932 βάλλεινξκαί-τξνοίκείαν
1088 4813 1400 4905 ἀναλίσκειν
1439 4813 1612 4915 ίσχύν.
1658 4813 1896 4912 Ἐπίχαρ

2010 4813 2161 4905 hunc
2203 4840 2526 4911 episcopum
2578 4827 2883 4897 designate.
2949 4818 3049 4874 His
3101 4813 3326 4872 monitis
3359 4813 3610 4867 obsecuti

605 4906 915 5010 ούτωῚτοῑς
946 4940 1266 5014 δυσμενέσιν
1308 4906 1565 5007 ἐσόμεθα.
1602 4906 1813 5004 ’Ἄνδρα
1847 4906 1896 4986 δί

2010 4935 2206 5009 optimi
2228 4906 2500 5003 pastores,
2519 4918 2839 4977 Nectarium
2859 4913 3040 4969 virum
3062 4906 3377 4980 patricium,
3401 4906 3622 4975 generis

465 5000 913 5112 Ιὲνιιιῑιζητήσαντες
964 5000 1316 5100 ἀξιέπαινον,
1366 5000 1462 5083 καὶ
1506 5026 1634 5080 νοῦν
1689 5000 1896 5095 ἔχοντα1

2000 5000 2302 5088 ἠόῦίιὶιοιο
2317 5021 2552 5082 clarum,
2572 5010 2981 5077 virtutibusque
3033 5002 3293 5058 omnibus
3323 5000 3620 5057 illustrem,

2370 5111 2373 5112 ν
2548 5105 2600 5112 .-
2749 5101 2762 5112 .
2983 5111 2991 5112 κ
3042 5094 3355 5112 ,λη-Μ,
3405 5086 3619 5112 ,Δη-

472 5086 771 5207 φροντίδίυν
797 5086 1115 5198 ’τδνπλῖἷθος
1144 5086 1258 5178 καὶ
1287 5086 1541 5187 δέξασθαι
1582 5119 1678 5172 καὶ
1799 5086 1896 5170 διαλ

2020 5120 2272 5177 maxima:
2301 5111 2452 5166 illius
2481 5105 2634 5163 urbis
2678 5101 3000 5172 episcopum
3032 5094 3376 5149 ordinarunt.
3405 5086 3619 5157 1027

2790 5190 2806 5207 ι
2837 5204 2849 5207 -
2871 5186 3095 5207 -ιιεμ--εε
3118 5178 3619 5207 λ-........ι....ι.....;,.;-

328 5180 1145 5296 θεῖναῖΓδυνάμενον,ἀρχιερέα
1187 5180 1574 5287 προϐάλλεσθε.
1613 5231 1632 5264 ›
1675 5211 1896 5271 Ταύταις

2021 5211 2315 5266 Maximum
2339 5215 2487 5262 vero,
2506 5208 2764 5266 tanquam
2776 5186 3099 5261 Apollinarii
3113 5182 3398 5239 dementia:
3411 5195 3472 5251 pa
3483 5180 3627 5233 rtici-

2441 5291 2473 5296 “
2511 5289 2544 5296 ··
2628 5288 2659 5296 ’ν
2711 5293 2720 5296 -
2881 5280 3066 5296 ὀς-ηπ-
3099 5274 3415 5296 Δι..η..........
3452 5267 3620 5296 εφη...

329 5320 385 5373 οἱ
444 5267 990 5390 ἀριστοινποιμένὲἒ
1038 5267 1157 5374 ⁸ζαίς
1216 5267 1518 5377 ύποθήκαις
1578 5302 1892 5357 πεισθέντες

2021 5291 2479 5374 pem,episcopali
2494 5288 2761 5360 dignitate
2775 5280 3071 5354 spoliatum
3096 5274 3423 5331 abdicarunt
3452 5275 3465 5290 ‘
3482 5267 3622 5323 Tum

1630 5484 1867 5545 VARUE
1902 5479 2198 5540 LECTION
2207 5476 2308 5534 ES.

422 5701 467 5732 ¹²
500 5700 706 5767 ὀλίγης.
741 5698 870 5767 Bas.
898 5693 1076 5750 Grzec.
1104 5762 1131 5767 _
1186 5691 1524 5767 ¹ξθειοτάτῳ
1546 5687 1755 5767 addunt
1787 5685 1911 5739 Bas.
1939 5680 2124 5767 graec;
2152 5750 2166 5767 ι
2186 5687 2248 5759 οι.
2297 5677 2530 5767 Steph.”
2567 5675 2610 5706 "
2644 5672 2740 5767 τού
2771 5671 2927 5767 οὒὲει
2952 5684 2984 5767 a
3013 5668 3142 5767 Bas.
3174 5666 3353 5767 ςιτηερ.
3432 5662 3616 5767 '13::-

341 5728 560 5833 νιωθείὲ
571 5728 615 5824 ’ἐ
626 5728 1076 5825 1ἓίιεῗῖέαέἓωὲι,
1098 5728 1524 5833 savni'i'é‘élﬁéé'
1783 5728 2483 5833 vale-siusf'“
2501 5743 2801 5833 θρησκείας
2822 5740 3107 5833 βιορίιῶᾏ..
3188 5738 3228 5769 ³⁷
3259 5729 3416 5800 οὗτος
3462 5728 3615 5787 addi-

1160 5811 1508 5904 Miseria];
1540 5811 1667 5886 ﬁas.
1701 5826 1901 5896 Gneo,
1932 5820 2226 5880 articulum
2260 5819 2425 5877 etiam
2457 5811 2874 5888 οηὶοἾεροσολο
2900 5811 3120 5868 omnm“

661 5716 706 5761 ς.
741 5698 870 5752 Bas.
898 5693 1076 5750 (ἔναιε.
