4124 6418
575 371 711 439 1211

1597 381 1697 440 ΤΠ
1708 378 2083 440 EODORETI
2108 378 2445 440 EPISCOPI
2473 379 2841 443 CYRENSIS

3668 381 3782 450 1212

567 484 879 540 canonibus
931 485 999 540 ad
1051 494 1261 540 rectam
1308 486 1581 562 Ecclesia}-
1602 485 2137 541 administrationem

2263 486 2547 557 λίεκτάριον
2570 488 2900 558 εὐπατρίδην
2928 488 3117 560 ἀνδρα,
3164 488 3260 542 καὶ
3286 489 3598 561 περιφανείη.
3615 492 3782 559 γένους

568 576 756 641 editis,
778 576 1079 647 Nicmque
1111 578 1358 648 exposita
1387 578 1489 632 tide
1520 578 1694 648 palam
1720 578 2064 639 confirmata,
2093 577 2147 629 in

570 682 727 723 suam
754 670 982 738 quisque
1014 670 1244 740 patriam
1276 669 1480 725 reversi
1504 676 1652 725 sunt.
1672 668 1947 738 Sequenti
1988 677 2151 722 :esta-

570 767 646 823 te,
687 775 811 812 cum
871 759 937 813 ad
1003 760 1249 815 eamdem
1282 761 1471 814 urbem
1505 758 1903 815 ecclesiasticis
1951 758 2149 812 iterum

571 850 805 918 negotiis
834 850 1050 904 evocati
1085 851 1305 920 plurimi
1342 851 1661 913 rediissem,
1694 848 2016 920 synodicam
2084 847 2154 901 ab

569 940 1012 996 Occidentalibus
1035 942 1307 1011 episcopis
1327 942 1616 1012 epiStolam
1644 946 2005 1009 acceperunt,
2043 953 2153 1007 qua

570 1034 970 1097 imitabantur,
1034 1044 1095 1088 ut
1158 1033 1386 1089 Romam
1436 1034 1501 1087 ad
1551 1036 1850 1105 synodum,
1904 1048 2029 1103 qua:
2063 1032 2137 1085 ibi

577 1127 819 1179 maxima
874 1126 1191 1196 cogebatur,
1230 1140 1289 1179 se
1320 1126 1658 1181 conferrent.
1700 1124 1903 1180 Verum
1944 1125 2000 1177 hi
2036 1123 2157 1176 lon-

582 1218 846 1286 ginquam
883 1221 1110 1289 quidem
1150 1218 1549 1288 profectionem
1598 1220 1747 1272 velut
1778 1217 2025 1272 inutilem
2067 1214 2154 1269 fu-

580 1315 763 1360 turam
796 1307 1076 1379 deprecati
1107 1319 1237 1365 sunt
1273 1329 1287 1364 :
1323 1310 1613 1379 epistolam
1643 1316 1825 1361 autem
1861 1305 2153 1368 miserunt,

572 1396 628 1450 in
660 1412 767 1466 qua
796 1399 1093 1468 procellam
1130 1410 1325 1454 contra
1362 1398 1636 1455 Ecclesias
1658 1398 1959 1451 excitatam
1985 1393 2156 1464 signi-

577 1486 831 1551 ﬁcantes,
870 1489 1088 1544 illorum
1109 1490 1208 1543 hac
1235 1489 1288 1543 in
1315 1504 1373 1543 re
1396 1487 1780 1559 negligentiam
1802 1484 2155 1539 denotabant.

575 1580 909 1649 Apostolica:
927 1598 1145 1652 quoque
1181 1583 1449 1637 doctrina:
1489 1596 1759 1637 summam
1791 1578 1984 1636 iisdem
2013 1577 2157 1630 litte-

575 1671 653 1725 ris
684 1672 1022 1729 indiderunt.
1049 1674 1155 1729 Sed
1189 1673 1551 1729 scribentium
1574 1672 1831 1727 virtutem
1859 1685 1923 1726 ac
1942 1670 2161 1741 sapien-

576 1762 707 1817 tiam
739 1765 934 1820 litterae
971 1766 1102 1836 ipsa:
1134 1767 1379 1836 apertius
1411 1764 1792 1820 declarabunt.

577 1855 964 1926 κροτουμένης.
1019 1857 1179 1910 Ἀλλὰ
1217 1856 1315 1927 τὴν
1381 1857 1478 1927 μὲν
1528 1854 1841 1926 ἀποδημίαν
1897 1851 2322 1924 παρῃτήσαντο,
2361 1847 2437 1909 ώς
2494 1845 2649 1900 οὐδὲν
2700 1845 2932 1917 ἔχουσαν
3006 1846 3198 1917 κέρδος
3249 1861 3263 1874 ·

2255 578 2650 649 κοσμούμενον,
2681 579 2777 632 καὶ
2814 582 2928 643 τοῖς
2960 580 3058 649 τῆς
3088 579 3286 651 ἀρετῆς
3323 579 3481 633 εἴδεσι
3506 579 3785 651 λαμπρυνόο

2256 687 2437 739 μενον,
2477 670 2774 724 ἐπίσκοπον
2815 671 2914 741 τῆς
2941 671 3205 740 μεγίστης
3238 669 3449 738 ἐκείνης
3483 672 3789 744 ἐχειροτόνη-

2255 779 2356 815 σαν
2384 762 2610 825 πόλεως,
2636 763 2727 816 τὸν
2759 762 2815 816 δέ
2848 763 3121 832 Μάξιμον,
3171 761 3248 825 ὡς
3290 762 3409 832 τῆς
3448 762 3795 833 ’Δπολιναρίου

2255 853 2678 923 φρενοϐλαϐείας
2717 853 3091 924 μετειληχότα,
3122 853 3225 921 τῆς
3249 854 3625 924 ἀρχιερατικῆς
3658 855 3796 920 ἀξίας

2255 944 2673 1013 γυμνώσαντες,
2715 946 3090 1016 ἀπεκήρυξαν.
3146 945 3257 998 Καὶ
3311 943 3537 1006 κανόνας
3578 943 3632 997 δέ
3681 946 3797 1014 περί

2254 1034 2353 1103 τῆς
2378 1032 2838 1103 ἐκκλησιαστικῆς
2881 1033 3190 1103 γράψαντες
3238 1030 3532 1102 εὐκοσμίας
3554 1070 3570 1097 ,
3600 1031 3684 1085 καί⁵
3712 1033 3799 1103 τὴν

2256 1123 2573 1177 ἐκτεθείσαν
2616 1123 2797 1176 πίστιν
2844 1124 2903 1176 ἐν
2932 1122 3138 1192 Νικαία
3173 1121 3395 1193 βεϐαίαν
3427 1120 3601 1190 μένειν
3638 1121 3801 1188 διαγο-

2259 1211 2554 1282 ρεύσαντες
2576 1250 2593 1274 ,
2644 1212 2723 1274 εἰς
2779 1210 2878 1274 τάς
2921 1212 3129 1275 οἰκείας
3184 1209 3487 1279 ἐπανῆλθον
3539 1209 3800 1279 πατρίδας.

2258 1302 2365 1354 Τοῦ
2398 1301 2456 1355 δέ
2485 1300 2875 1371 ἐπιγενομένου
2906 1300 3131 1372 θέρους,
3167 1301 3246 1364 εἰς
3292 1300 3505 1368 ἐκείνην
3542 1294 3689 1361 αὖθις
3718 1298 3805 1367 τὴν

2258 1394 2413 1447 πόλιν
2445 1393 2496 1447 οἰ
2525 1393 2766 1446 πλεῖστοι
2797 1391 3005 1446 τούτων
3045 1391 3498 1461 παραγενόμενοι,
3537 1389 3807 1458 ἐκκλησια·

2262 1479 2444 1531 στικαί
2481 1480 2590 1550 γὰρ
2618 1479 2817 1543 αὐτοὺς
2858 1478 3020 1533 πάλιν
3054 1478 3418 1533 συνεκάλεσαν
3464 1479 3667 1547 χρεῖαι,
3701 1494 3810 1529 συν-

2259 1569 2445 1640 οδικὴν
2495 1565 2787 1641 ἐπιστολὴν
2846 1571 2955 1625 τῶν
3027 1569 3130 1639 τῆς
3195 1570 3466 1640 Ἐσπέρας
3523 1568 3813 1622 ἐπισκόπων

2260 1660 2530 1729 ἐδέξαντο,
2568 1663 2650 1725 εἰς
2683 1662 2782 1732 τὴν
2842 1662 3067 1733 Ῥώμην
3112 1661 3310 1724 αὐτοὺς
3363 1659 3650 1732 ἀφικέσθαι
3697 1676 3813 1729 προ-

2260 1754 2572 1824 τρέπουσαν
2595 1791 2611 1817 ,
2643 1752 2793 1826 [208]
2825 1754 2905 1818 ὡς
2933 1754 3151 1808 συνόδου
3189 1752 3452 1823 μεγίστης
3491 1752 3673 1805 αὐτόοι
3701 1768 3815 1818 συγο

3354 1844 3667 1898 ἐπέστειλαν
3745 1842 3821 1907 δὲ,

571 1944 666 1996 τόν
704 1962 761 1998 τε
808 1946 1053 2001 κλύδωνα
1116 1948 1208 2001 τὸν
1255 1947 1397 2002 κατὰ
1442 1948 1550 2001 τῶν
1599 1944 1933 2016 Ἐκκλησιῶν
1990 1939 2374 1997 ἐπαναστάντα
2418 1938 2810 2008 σημαίνοντες,
2881 1938 2979 1991 καὶ
3044 1938 3145 2007 τὴν
3223 1936 3599 2007 γεγενημένην
3659 1934 3817 1989 αὐτῶν

573 2036 832 2101 ἀμέλειαν
876 2039 1256 2109 αἰνιττόμενοι.
1320 2041 1410 2094 Ἑν
1479 2038 1760 2108 κεφαλαίῳ
1807 2036 1928 2089 δὲ¹⁹
1981 2033 2076 2087 καὶ
2139 2030 2202 2084 τὸ
2256 2027 2612 2083 ἀποστολικδν
2666 2029 2779 2091 τοῖς
2829 2028 3157 2108 γράμμασιν
3222 2026 3493 2098 ἐνέθηκαν
3564 2024 3813 2098 φρόνημα.

575 2133 914 2205 Σαφέστερον
944 2134 999 2187 δέ
1023 2136 1119 2205 τὴν
1151 2136 1260 2188 τῶν
1286 2136 1644 2207 γεγραφότων
1677 2132 1929 2203 ἀνδρείαν
1966 2146 2028 2184 τε
2055 2126 2150 2182 καὶ
2192 2125 2381 2194 σοφίαν
2406 2124 2548 2178 αὺτά
2574 2123 2805 2195 δηλώσει
2833 2124 2902 2177 τὰ
2927 2124 3253 2194 γράμματα.

927 2226 1081 2280 car.
1114 2224 1203 2281 Ix.
1232 2226 1325 2297 [Β.
1362 2228 1442 2281 St.
1473 2226 1537 2280 v.
1573 2227 1673 2281 cn.
1713 2224 1806 2296 9.]

648 2314 891 2384 Epistola
928 2318 1182 2387 synodica
1212 2318 1421 2372 concilii
1464 2314 2063 2377 Comtantinopolitani.

644 2469 893 2525 Dominis
932 2472 1405 2537 honoratissimis,
1447 2480 1503 2526 et
1536 2471 2021 2526 reverendissimis
2054 2469 2162 2525 fra-

573 2562 769 2616 tribus
804 2569 859 2615 et
912 2563 1166 2632 collegis,
1220 2561 1479 2624 Damaso,
1533 2562 1850 2624 Ambrosio,
1901 2560 2159 2627 Brittoni,

577 2652 903 2716 Valeriano,
939 2653 1221 2717 Ascholio,
1269 2654 1525 2716 Anemio,
1588 2653 1895 2741 Basilio,'ct
1932 2652 2163 2721 reliquis

577 2740 793 2796 sanctis
816 2741 1095 2812 episc0pis
1126 2741 1180 2794 in
1216 2754 1411 2809 magna
1437 2742 1573 2796 urbe
1604 2740 1774 2794 Itonia
1796 2743 2161 2812 congregatis,

577 2841 769 2888 sancta
815 2832 1059 2902 synodus
1111 2832 1545 2886 orthodoxorum
1602 2835 2015 2902 episcolzorum,
2069 2834 2163 2902 qui

576 2926 632 2980 in
650 2926 865 2997 1028
883 2942 1075 2995 magna
1101 2925 1236 2980 urbe
1257 2925 1741 2996 Constantinopoli
1767 2934 2163 2995 convenerunt,

575 3018 637 3074 in
664 3018 898 3073 Domino
918 3020 1173 3074 salutem.

649 3185 1056 3246 Multitudinem
1108 3191 1486 3247 calamitatum
1542 3190 1704 3246 nobis
1732 3190 1802 3245 ab
1833 3192 2163 3244 Arianorum

578 3284 825 3355 potentia
859 3282 1196 3338 indictarum
1232 3283 1596 3338 reverentiam
1634 3292 1871 3338 vestram
1902 3284 2050 3336 velut
2073 3299 2166 3338 cas

577 3377 923 3445 ignorantem
980 3374 1198 3437 docere,
1264 3383 1318 3428 et
1370 3389 1634 3429 enarrare
1693 3390 2164 3443 supervacaneum

2864 2213 3115 2266 ΚΕΦΑΛ.
3159 2212 3237 2265 Θ’.

2264 2301 2599 2358 Συνοδικόν
2669 2303 2828 2371 παρὰ
2891 2301 3002 2371 τῆς
3039 2303 3133 2425 ὧν
3203 2302 3819 2357 Κωνσεαντινουπόνίει

2912 2390 3037 2425 συν
3111 2390 3205 2425 ου.

2912 2390 3205 2427 συνοοου.

2332 2459 2555 2534 κυρίοις
2585 2464 2936 2533 τιμιωτάτοις
2960 2505 2974 2528 ,
3010 2462 3104 2516 καὶ
3140 2461 3558 2527 εὐλαϐεστάτοις
3598 2460 3820 2531 ἀδελφοῖς

2263 2554 2360 2609 καὶ
2409 2554 2881 2625 συλλειτουργοῖς,
2929 2553 3169 2623 Δαμάσῳ
3197 2593 3213 2618 ,
3283 2551 3636 2623 Ἀμϐροσίῳ,
3685 2551 3821 2623 Βρίτ-

2262 2646 2454 2700 τωνι²⁶
2478 2685 2493 2710 ,
2533 2644 2884 2717 Οὐαλεριανῷ
2904 2684 2919 2709 ,
2963 2644 3224 2715 ’Δσχολίῳ
3250 2644 3294 2677 ⁸¹
3315 2687 3332 2711 ,
3379 2644 3636 2713 ’Δνεμίῳ,
3681 2643 3823 2695 Βασι-

2263 2736 2423 2808 λείῳ,
2480 2738 2572 2791 καὶ
2627 2741 2740 2801 τοῖς
2791 2738 3000 2801 λοιποῖς
3059 2737 3240 2804 ἁγίοις
3302 2736 3661 2799 ἐπισκόποις.
3728 2734 3823 2794 τοῖς

2267 2828 2684 2899 συνεληλυθόσιν
2713 2831 2771 2883 ἐν
2799 2832 2863 2900 τῇ
2899 2828 3111 2899 μεγάλῃ
3140 2828 3293 2881 πόλει
3317 2828 3365 2861 ”
3403 2827 3618 2901 Ῥώμῃ,
3645 2830 3678 2897 ἡ
3711 2823 3823 2893 ἁγία

2266 2921 2483 2986 σύνοδος
2528 2920 2635 2974 τῶν
2665 2921 2961 2992 όρθοδόξων
3012 2921 3330 2974 ἐπισκόπων
3353 2960 3370 2985 ,
3403 2919 3516 2974 τῶν
3561 2916 3826 2988 συνεληλυ-

2265 3013 2433 3067 θότων
2462 3013 2520 3066 ἐν
2548 3015 2612 3083 τῇ
2644 3014 2855 3085 μεγάλῃ
2896 3013 3047 3067 πόλει
3068 3013 3115 3044 ⁸³
3153 3010 3746 3073 Κωνσταντινουπόλει,
3776 3007 3825 3060 ἐν

2264 3102 2456 3172 Κυρίῳ
2485 3103 2718 3173 χαίρειν.

2337 3190 2409 3243 Τὸ
2461 3192 2558 3260 μὲν
2606 3192 2681 3254 ώς
2735 3190 3036 3259 ἀγνοοῦσαν
3080 3190 3181 3262 τὴν
3233 3192 3517 3265 ὑμετέραν
3565 3190 3831 3246 εὐλάϐειαν

2264 3282 2579 3347 διδάσκειν,
2620 3285 2715 3336 καὶ
2767 3283 3074 3354 διηγεῖσθαι
3131 3283 3241 3337 τῶν
3309 3285 3660 3357 παθημάτων
3682 3284 3725 3316 ’³
3782 3282 3832 3334 τὸ

2267 3373 2493 3443 πλῆθος,
2517 3373 2626 3427 τῶν
2656 3374 3003 3445 ἐπαχθέντων
3031 3375 3164 3445 ἡμῖν
3199 3375 3354 3445 παρὰ
3384 3377 3489 3447 τῆς
3514 3376 3623 3430 τῶν
3645 3377 3831 3445 ’Λρειαο

575 3465 818 3520 videtur.
850 3461 1040 3535 Neque
1070 3465 1217 3519 enim
1254 3473 1363 3518 tam
1395 3465 1550 3534 parvi
1596 3480 1683 3520 res
1710 3473 1929 3519 nostras
1961 3466 2160 3520 ducere

2267 3464 2375 3516 νῶν
2395 3464 2442 3496 ³⁸
2485 3465 2811 3527 δυναστείας
2836 3504 2852 3530 ,
2910 3465 3166 3535 περιττὸν
3205 3464 3355 3528 ῖσως.
3412 3466 3555 3518 οὔτε
3584 3465 3691 3535 γὰρ
3714 3463 3833 3517 οὕτω

578 3557 920 3613 arbitramur
990 3557 1248 3628 pietatem
1302 3566 1561 3622 vestram,
1628 3565 1686 3609 ut
1719 3556 1787 3611 de
1823 3555 1910 3610 bis
1973 3555 2160 3609 doceri

2269 3558 2547 3628 πάρεργον
2578 3556 2648 3610 τὰ
2672 3555 2796 3610 καθ’
2824 3557 2972 3626 ἡμᾶς
2995 3557 3203 3627 κρίνειν
3242 3555 3341 3625 τὴν
3380 3557 3662 3627 ὑμετέραν
3694 3551 3835 3624 ήγούυ

583 3665 724 3720 opus
751 3648 1011 3714 habeant,
1045 3649 1249 3718 quibus
1277 3648 1576 3703 condolere
1604 3649 1897 3718 oportebat
1936 3665 1948 3701 ε
1984 3663 2164 3718 neque

573 3740 853 3812 ejusmodi
899 3749 1059 3795 erant
1088 3748 1467 3809 tempestates,
1495 3741 1700 3811 quibus
1734 3739 2031 3794 conﬂictati
2064 3755 2162 3794 suo

575 3849 722 3898 mus,
756 3840 814 3887 ut
840 3833 1007 3887 latere
1041 3832 1113 3886 ob
1143 3832 1476 3887 tenuitatem
1516 3832 1817 3903 potuerint.
1852 3829 1961 3885 Sed
1992 3838 2048 3885 et
2075 3846 2165 3884 re-

576 3939 711 3979 cens
741 3931 960 3994 tempus
1015 3924 1463 3992 persecutionum
1521 3923 1699 3976 vivam
1754 3922 1934 3977 adhuc
1982 3929 2166 3976 servat

578 4016 925 4080 memoriam,
961 4030 1071 4069 non
1108 4016 1161 4069 in
1195 4015 1264 4070 iis
1292 4014 1454 4070 modo
1476 4016 1570 4085 qui
1604 4016 1753 4086 passi
1793 4024 1944 4079 sunt,
1974 4016 2069 4069 sed
2104 4015 2161 4069 in

579 4106 649 4161 iis
681 4108 845 4161 etiam
873 4106 968 4177 qui
996 4122 1381 4177 perpessurum
1400 4122 1676 4161 aerumnas
1709 4122 1806 4176 per
1829 4107 2161 4161 cbaritatem

581 4200 942 4271 participant.
988 4198 1123 4253 Nam
1174 4201 1290 4254 heri
1344 4200 1541 4265 ferme,
1599 4199 1643 4253 si
1697 4199 1886 4253 dicere
1918 4199 2067 4263 licet,
2099 4213 2165 4251 ac

579 4289 782 4343 nudius
803 4290 1001 4342 tertius
1028 4289 1248 4359 quidam
1272 4290 1453 4345 exsilii
1485 4288 1721 4343 vinculis
1750 4288 1914 4342 soluti
1946 4286 2012 4340 ad
2064 4285 2167 4337 E3-

577 4379 775 4435 clesias
806 4396 937 4435 suas
960 4397 1056 4451 per
1082 4381 1225 4436 mille
1248 4381 1488 4450 pericula
1537 4379 1769 4442 rediere,
1795 4392 2168 4431 mortuorum-

586 4486 695 4541 que
723 4473 777 4525 in
809 4472 1009 4527 exsilio
1044 4472 1230 4527 relata:
1253 4456 1385 4528 sunt
1419 4470 1668 4538 reliquia:
1692 4487 1703 4522 :
1728 4468 1952 4538 quidam
2001 4467 2165 4521 etiam

579 4572 707 4633 post
742 4562 979 4618 reditum
1014 4564 1083 4619 ab
1108 4564 1306 4620 exsilio
1354 4565 1408 4617 in
1435 4563 1739 4617 ferventem
1772 4561 1954 4615 adhuc
1991 4562 2166 4615 haere-

577 4655 814 4710 ticorum
843 4655 1082 4711 furorem
1105 4657 1474 4719 incurrentes,
1498 4651 1771 4723 lapidibus
1807 4652 1876 4706 ab
1911 4653 1995 4707 eis
2019 4653 2166 4707 sicut

577 4745 777 4801 beatus
816 4745 1134 4816 Stephanus
1175 4745 1385 4810 obruti,
1421 4744 1671 4814 graviora
1704 4746 1759 4799 in
1791 4746 1969 4815 patria
2002 4761 2165 4817 quam

579 4842 637 4896 in
674 4841 854 4896 alieno
879 4840 997 4893 solo
1038 4838 1407 4908 pertulerunt.
1438 4837 1543 4891 Alii
1578 4836 1818 4894 diversis
1879 4839 2167 4909 suppliciis

587 4931 995 4994 excarniﬁcati,
1032 4930 1293 5001 stigmata
1326 4929 1533 4985 Christi
1564 4939 1617 4985 et
1641 4931 1857 4986 vibices
1899 4932 2082 4986 adhuc
2105 4932 2162 4986 in

581 5038 817 5095 corpore
865 5019 1289 5077 circumferunt.
1353 5019 1723 5075 Pecuniarum
1771 5036 1904 5076 vero
1937 5022 2161 5087 damna,

586 5121 645 5168 et
680 5117 885 5172 multas
938 5114 1249 5180 civitatum,
1292 5121 1349 5168 et
1377 5114 1619 5184 privatas
1663 5113 2008 5185 singulorum
2034 5120 2166 5184 pro-

583 5204 913 5277 scriptiones
946 5244 961 5271 ,
1024 5206 1253 5262 insidias
1288 5245 1304 5271 ,
1370 5205 1736 5260 contumelias
1758 5245 1773 5271 ,
1807 5211 1862 5261 et
1916 5219 2170 5260 carceres

2270 3649 2411 3720 μεθα
2443 3649 2777 3714 θεοσέϐειαν,
2819 3647 2896 3711 ώς
2920 3647 3130 3701 δεῖσθαι
3170 3647 3263 3701 τοῦ
3313 3649 3515 3718 μαθεῖν
3547 3647 3739 3709 ταῦτα,
3771 3638 3838 3705 οἷς

2266 3742 2432 3813 ἐχρῆν
2487 3739 2814 3807 συναλγεῖνο
2861 3738 2987 3792 οὔτε
3024 3738 3257 3792 τοιοῦτοί
3300 3756 3451 3803 τινες
3507 3737 3836 3811 περισχόντες

2264 3837 2415 3906 ἡμᾶς
2459 3833 2759 3905 χειμῶνες,
2799 3832 2876 3897 ὡς
2906 3832 3189 3887 λανθάνειν
3226 3833 3337 3886 ἀπὸ
3368 3835 3417 3867 ’³
3469 3835 3838 3905 σμικρότητος.

2266 3926 2335 3977 "U
2356 3941 2415 3978 τε
2453 3926 2645 3995 χρόνος
2685 3923 2795 3976 τῶν
2828 3922 3085 3995 διωγμῶν
3107 3923 3153 3955 ³⁸
3205 3923 3404 3995 νεαρὸς
3426 3963 3444 3989 ,
3501 3925 3728 3978 ἔναυλον
3773 3920 3838 3973 ἔτι

2266 4015 2555 4083 φυλάττων
2613 4014 2710 4086 τὴν
2762 4016 3021 4086 μνήμην,
3071 4014 3133 4067 οὐ
3170 4016 3284 4077 τοῖς
3314 4014 3621 4069 πεπονθόσι
3678 4013 3839 4085 μόνον,

2266 4106 2403 4160 ἀλλά
2431 4107 2525 4160 καὶ
2544 4108 2587 4139 ’⁷
2625 4109 2739 4170 τοῖς
2782 4106 2849 4159 δι’
2878 4106 3106 4176 ἀγάπην
3141 4105 3211 4158 τά
3240 4104 3350 4158 τῶν
3379 4107 3738 4161 πεπονθότων
3768 4104 3840 4156 οἰ-

2267 4197 2624 4267 κειουμένοις.
2661 4197 2802 4261 Χθές
2833 4198 2941 4269 γὰρ
2984 4198 3061 4259 ὡς
3089 4198 3266 4250 εἰπεῖν
3312 4196 3395 4250 ἐτι
3439 4200 3536 4251 καὶ
3578 4197 3766 4269 πρώην
3801 4191 3842 4246 οἱ

2272 4289 2369 4360 μὲν
2406 4289 2516 4342 τῶν
2559 4289 2658 4359 τῆς
2687 4288 2902 4361 ἐξορίας
2933 4289 3187 4354 λυθέντες
3222 4290 3443 4360 δεσμῶν
3472 4292 3556 4355 εἰς
3596 4291 3694 4353 τὰς
3735 4289 3844 4341 ἐαυ-

2268 4379 2374 4432 τῶν
2418 4380 2747 4451 Ἐκκλησίας
2799 4381 2893 4434 διὰ
2945 4382 3156 4453 μυρίων
3214 4383 3532 4454 ἐπανήκασι
3592 4381 3843 4451 θλίψεων·

2267 4471 2374 4525 τῶν
2403 4471 2460 4525 δέ
2489 4472 2582 4526 καὶ
2603 4472 2998 4527 τελειωθέντων
3025 4474 3083 4526 ἐν
3113 4475 3233 4537 ταῖς
3259 4474 3509 4546 ἐξορίαις
3533 4471 3848 4542 ἐπανεκομί-

2269 4562 2371 4633 σθη
2400 4565 2469 4617 τὰ
2502 4563 2731 4633 λείψανα
2757 4581 2772 4596 ·
2807 4563 2953 4627 τινὲς
2984 4564 3043 4618 δὲ
3074 4566 3168 4619 καὶ
3198 4565 3338 4635 μετά
3377 4567 3484 4639 τὴν
3515 4568 3618 4639 τῆς
3648 4563 3848 4636 ἐξορίας

2269 4656 2548 4721 ἐπάνοδον,
2598 4657 2680 4709 ἔτι
2731 4656 3020 4728 βράσσοντι
3057 4658 3136 4729 τῷ
3193 4658 3303 4713 τῶν
3356 4661 3663 4733 αἰρετικῶν
3708 4672 3849 4725 περι-

2269 4747 2529 4812 πεσόντες
2571 4747 2761 4820 θυμῷ,
2796 4748 3101 4821 πικρότερα
3141 4748 3252 4805 τῶν
3285 4751 3382 4803 ἐπὶ
3424 4755 3533 4823 τῆς
3573 4747 3850 4820 ἀλλοτρίας
3888 4796 3896 4811 .

2271 4843 2364 4895 ἐπὶ
2408 4841 2509 4912 τῆς
2559 4840 2765 4902 οἰκείας
2798 4841 3123 4909 ὑπέμειναν,
3167 4840 3338 4904 λίθοις
3368 4843 3507 4912 παρ’
3551 4842 3732 4895 αὐτῶν
3770 4853 3849 4891 τεο

2196 4895 2243 4957 D
2269 4895 2585 4993 λειωθέντες
2639 4895 2779 4982 κατά
2832 4895 2925 4982 τὸν
2989 4895 3261 5002 μακάριον
3311 4895 3618 4999 ὲτὲφανον.
3677 4930 3849 4984 ’Ἄλλοι

2270 5022 2546 5092 διαφόροις
2592 5020 3019 5086 καταξανθέντες
3065 5022 3293 5087 αἰκίαις,
3346 5021 3432 5089 έτι
3464 5025 3539 5076 τὰ
3588 5024 3848 5093 στίγματα

2271 5113 2366 5167 τοῦ
2421 5110 2692 5183 Χριστοῦ,
2747 5112 3010 5175 καὶτοὺς
3064 5111 3341 5182 μώλωπας
3397 5114 3461 5169 ἐν
3515 5116 3600 5187 τῷ
3651 5114 3849 5184 σώματι

2276 5206 2653 5276 περιφέρουσι.
2707 5204 3023 5275 Χρημάτων
3078 5204 3135 5258 δὲ
3182 5204 3388 5276 ζημίας
3446 5210 3548 5262 καὶ
3594 5204 3849 5280 προτιμή·

1892 5390 2127 5446 νΑῐίΙΑζ
2157 5393 2560 5452 LECTIONES.

696 5540 738 5574 "
767 5543 895 5613 γάρ.
934 5544 1058 5601 Bas.
1091 5547 1263 5603 Graec.
1312 5559 1366 5605 et
1395 5548 1584 5619 Steph.
1663 5552 1708 5583 ὀ
1736 5551 1964 5621 Βρίττῳ,
1999 5552 2170 5608 codex
2200 5550 2285 5608 εἷο.
2318 5553 2460 5607 Pini.
2494 5552 2691 5623 Epiph.
2721 5552 2815 5620 IX,
2853 5553 2939 5616 55,
2976 5551 3266 5607 Brittonio.

696 5624 741 5649 »ρ
791 5622 837 5649 nl
875 5615 967 5649 In!
1047 5616 1227 5649 Plu-ina
1302 5620 1468 5649 I.‘..:..|.
1606 5620 1651 5649 ιι
1684 5622 2038 5649 ..-υ-ἸρρλΊ-.
2100 5623 2197 5649 0....
2260 5633 2307 5649 ..ι
2352 5624 2468 5649 l):-.:
2530 5625 2794 5649 .._..I.....u..
2826 5624 2982 5649 vuln-
3082 5624 3129 5649 Il
3157 5622 3247 5649 an.

1632 5622 1651 5649 ’
1684 5622 2063 5693 μεγαλοπόλιὲ.
2099 5623 2221 5693 Bas.
2257 5633 2313 5678 et
2351 5624 2493 5687 Pini,
2530 5622 2795 5693 probante
2826 5624 3006 5677 Vales.

590 5608 854 5687 graec._'et'
874 5615 1018 5687 Lat.,
1047 5616 1275 5679 Cltrist.,
1302 5620 1492 5687 I'Ipiph.

3371 5552 3418 5623 ξι
3452 5552 3705 5623 ’Λχολίιμ
3737 5547 3846 5603 886-

3082 5624 3129 5655 "
3157 5622 3248 5676 Sic
3273 5635 3327 5675 et
3357 5622 3537 5675 Savil.
3572 5623 3709 5676 liber
3733 5630 3844 5672 cum

593 5680 844 5765 ἕῖρρρὶιο.
868 5684 1011 5765 aP‘Ld
1042 5702 1205 5765 ίῃιεεηι
1251 5680 1618 5765 lucc-cpistola
1637 5761 1648 5765 _
1670 5680 1849 5765 ess-tat
1882 5689 1974 5765 Η,
1997 5690 2063 5745 Ε.
2092 5692 2202 5758 XII,
2231 5696 2318 5759 16;
2352 5694 2445 5748 sed
2474 5680 2841 5765 Basierraec.
2872 5703 2927 5745 et
2953 5693 3069 5765 Lat.
3095 5707 3237 5765 eum,
3257 5691 3453 5765 Steph:
3499 5692 3612 5745 τῶν
3640 5684 3843 5765 παθῶν.

596 5749 1043 5823 ’δἈρειομανῶν.
1063 5749 1226 5810 Iidem
1247 5749 1438 5813 coddf
1472 5760 1516 5829 ξδ
1548 5761 1669 5813 ὑπό.
1687 5760 1805 5815 Bas.
1834 5771 1886 5817 et
1916 5763 2137 5833 Niceph.
2193 5749 2250 5796 ’³⁸
2275 5749 2620 5832 διωγμὰτωυ.
2644 5764 2766 5819 Bas.
2793 5763 2910 5816 Lat.
2983 5754 3025 5795 ’ἰ
3063 5764 3152 5816 καί
3190 5749 3398 5818 οὺοειύ
3425 5756 3842 5825 Bas.ctl\'iceph-
