4124 6402
276 366 411 434 1213

1243 387 1833 450 ΕΟΟΕΕΞΙΑΞΤΙΩἘ
1881 382 2264 445 HISTORIA".
2297 383 2447 446 LIB.
2479 385 2547 447 V.

3411 385 3551 452 1214

270 512 387 589 σεις
420 497 468 530 ³⁸
493 498 705 557 πόλεων
722 546 737 570 ,
787 505 882 560 καὶ
909 508 1012 574 τὰς
1036 509 1143 565 τῶν
1185 514 1309 568 καθ’
1339 517 1435 572 ἕνα
1461 517 1755 589 δημεύσεις
1778 516 1844 583 ’⁸,

1953 513 2078 583 quis
2105 514 2437 569 cnnmcret?
2467 513 2674 568 Revera
2724 514 2869 569 enim
2899 524 3112 573 cunctas
3154 521 3209 575 in
3268 533 3363 573 nos
3415 521 3549 575 ιιιηί-

269 588 422 683 [209]
469 594 563 647 καὶ
594 590 893 667 συσκευὰς,
938 604 1035 658 καὶ
1074 604 1295 679 ὕϐρεις,
1342 611 1436 663 καὶ
1479 588 1852 683 δεσμωτήρια,

267 681 354 744 τες
388 683 455 737 ἂν
481 683 960 759 ἐξαριθμήσασθαι
984 693 1209 750 δύναται
1231 697 1309 765 ³⁰;
1336 699 1515 754 Πᾶσαι
1546 681 1657 772 γὰρ
1687 681 1856 764 ὅντως

265 774 354 842 ἐφ’
416 776 567 846 ἡμᾶς
633 781 691 832 αἱ
751 781 959 853 θλίψεις
1014 788 1433 863 ἐπληθύνθησαν
1516 792 1658 864 ὑπὲρ
1733 796 1857 864 ἀρι-

265 863 424 936 θμὸν,
468 868 598 932 ἴσως
628 871 727 942 μὲν
767 874 889 930 ἐπεὶ
930 877 973 910 ³⁸
1021 879 1177 946 δίκας
1215 863 1634 956 ἁμαρτημάτων
1681 863 1857 940 ἐτίνο-

267 974 372 1025 μεν
409 958 476 1025 ³’,
517 960 646 1026 ἴσως
678 964 735 1018 δὲ
787 967 883 1021 καὶ
923 968 1019 1023 τοῦ
1061 972 1447 1045 φιλανθρώπου
1472 975 1608 1031 Θεοῦ
1639 976 1728 1032 διὰ
1760 976 1855 1031 τοῦ

263 1049 506 1121 πλήθους
528 1053 640 1107 τῶν
667 1055 1006 1128 παθημάτων
1035 1064 1184 1134 ἡμᾶς
1212 1066 1602 1135 γυμνάζοντος.
1637 1068 1855 1123 Τούτων

266 1141 368 1211 μὲν
395 1137 491 1198 οὖν
522 1144 603 1215 τῷ
648 1147 769 1219 Θεῷ
797 1150 979 1222 χάρις,
1007 1153 1066 1218 ὃς
1095 1155 1189 1210 καὶ
1209 1156 1296 1227 διὰ
1323 1159 1594 1213 τοσούτων
1621 1158 1856 1230 θλίψεων

258 1232 389 1322 τοὺς
423 1233 623 1289 ἑαυτοῦ
665 1238 888 1306 δούλους
910 1243 1204 1300 ἐπαίδευσε
1234 1248 1302 1313 ³³,
1340 1249 1434 1302 καὶ
1468 1251 1683 1306 κατὰτὸ
1718 1252 1858 1322 πλῆ-

256 1317 354 1384 θος
384 1321 499 1375 τῶν
525 1326 828 1398 οἰκτιρμῶν
875 1332 1045 1386 αὐτοῦ
1090 1333 1253 1388 πάλιν
1292 1335 1561 1406 ἐξήγαγεν
1596 1339 1745 1408 ἡμᾶς
1777 1317 1858 1401 είς
1893 1368 1913 1396 ο

254 1410 569 1486 ἀναψυχήν.
629 1416 795 1488 Ἡμῖν
844 1420 902 1475 δέ
938 1426 1157 1496 μακρᾶς
1196 1426 1297 1498 μὲν
1331 1427 1439 1481 ἔδει
1489 1429 1706 1500 σχολῆς,
1763 1431 1858 1484 καὶ

255 1503 459 1559 πολλοῦ
485 1507 679 1578 χρόνου
728 1511 825 1566 καὶ
855 1513 1042 1581 πόνου,
1084 1516 1222 1590 πρὸς
1249 1517 1348 1590 τὴν
1376 1519 1488 1574 τῶν
1520 1520 1857 1592 Ἐκκλησιῶν

260 1594 658 1669 ἐπανόρθωσιν,
690 1602 759 1657 ῐν’
796 1602 987 1679 ὥσπερ
1017 1609 1082 1662 ἐκ
1119 1612 1339 1681 μακρᾶς
1362 1612 1702 1684 ἀρρωστίας,
1733 1615 1857 1678 ταῖς

256 1688 401 1777 κατά
446 1692 645 1762 μικρὸν
684 1695 1031 1767 ἐπιμελείαις
1081 1703 1144 1756 τὸ
1187 1703 1346 1775 σῶμα
1384 1706 1485 1775 τῆς
1529 1706 1855 1777 Ἐκκλησίας

250 1775 726 1852 ἐκνοοηλεύοντες,
791 1789 929 1860 πρὸς
987 1789 1087 1862 τὴν
1130 1794 1363 1864 ἀρχαίαν
1412 1796 1513 1867 τῆς
1567 1775 1854 1863 εὐσεϐείας

1960 605 2173 661 ctiones
2220 606 2596 677 multiplicatae
2623 615 2753 662 sunt
2792 621 2959 678 supra
2986 624 3298 674 numerum,
3337 611 3554 683 1029

1960 697 2198 753 fortasse
2258 707 2317 753 ut
2371 707 2721 768 peccatorum
2783 716 2976 770 ptenas
3044 703 3361 770 lueremus,
3439 705 3552 758 l‘or—

1959 797 2111 846 tasse
2159 789 2400 860 benigno
2441 789 2553 846 Deo
2600 806 2704 847 nos
2751 808 3265 862 per-aerumnarum
3299 776 3553 852 multitu-

1958 884 2140 939 dinem
2188 894 2501 940 exercente.
2577 884 2684 939 Pro
2737 886 2822 940 his
2889 887 3056 956 igitur
3130 887 3243 944 Deo
3296 890 3551 947 habenda
3610 900 3612 903 ’

1957 983 2043 1033 est
2091 978 2295 1046 gratia,
2352 977 2444 1046 qui
2513 978 2680 1032 tantis
2723 977 3115 1035 alllietionibus
3166 995 3356 1038 servos
3415 998 3548 1039 suos

1956 1069 2217 1135 erudivit,
2251 1076 2305 1124 et
2340 1070 2645 1126 secundum
2683 1071 3093 1126 multitudinem
3131 1073 3547 1129 miserationum

1956 1176 2181 1226 suarum
2214 1176 2414 1217 rursus
2441 1161 2638 1217 eduxit
2676 1177 2779 1218 nos
2837 1164 2891 1217 in
2947 1163 3320 1235 refrigerium.
3371 1166 3547 1222 Nobis

1956 1268 2092 1309 sane
2127 1253 2196 1308 ad
2241 1251 2636 1308 instaurandas
2694 1254 2964 1309 ecclesias
3023 1254 3286 1309 diuturna
3347 1272 3543 1326 opera,

1955 1347 2232 1419 longoque
2264 1355 2510 1416 tempore
2550 1355 2606 1402 et
2642 1347 2832 1403 labore
2886 1361 3025 1418 opus
3054 1356 3197 1415 erat,
3236 1357 3293 1404 ut
3345 1364 3548 1419 corpus

1957 1437 2218 1495 Ecclesiae
2247 1448 2508 1510 tanquam
2536 1453 2600 1496 ex
2622 1439 2889 1495 diuturno
2918 1440 3113 1495 morbo
3140 1441 3305 1497 lentis
3337 1443 3546 1498 sensim

1957 1532 2339 1589 curationibus
2372 1540 2712 1597 recreantes,
2747 1532 2815 1587 ad
2839 1532 3128 1602 pristinam
3153 1533 3375 1604 pietatis
3400 1534 3551 1588 sani—

1957 1634 2119 1679 tatem
2140 1638 2549 1680 revocaremus.
2574 1623 2842 1690 Quamvis
2878 1624 3024 1679 enim
3092 1624 3545 1694 persecutionum

1954 1716 2253 1787 asperitate
2305 1716 2525 1771 liberati
2560 1716 2800 1771 maxime
2840 1716 3118 1779 videmur,
3176 1724 3230 1772 et
3264 1716 3535 1772 ecclesias

1955 1821 2148 1862 omnes
2181 1807 2270 1861 din
2299 1806 2368 1861 ab
2402 1805 2679 1861 haereticis
2726 1814 3026 1877 occupatas
3058 1807 3304 1876 recipere
3343 1824 3358 1862 :
3401 1814 3545 1859 atta-

250 1869 472 1969 ὑγίειαν
518 1875 984 1969 ἐπαναγάγωμεν.
1021 1883 1133 1937 Καὶ
1156 1887 1266 1957 γάρ
1294 1887 1342 1939 εί
1377 1888 1443 1941 τὰ
1479 1888 1715 1960 μάλιστα
1760 1890 1844 1944 δο-

1958 1913 2083 1954 men
2110 1898 2330 1955 molesti
2361 1898 2520 1953 nobis
2550 1897 2833 1968 suntlupi,
2861 1898 2954 1969 qui
2974 1898 3194 1954 etiamsi
3213 1899 3281 1953 ab
3302 1899 3545 1954 ovilibus

248 1961 466 2030 κοῦμεν
494 1966 596 2035 τῆς
631 1968 741 2024 τῶν
779 1970 1042 2043 διωγμῶν
1077 1975 1425 2049 ἀπηλλάχθαι
1463 1980 1844 2052 σφοδρότητος,

259 2054 361 2107 καὶ
407 2059 510 2120 τὰς
547 2059 845 2133 ἐκκλησίας
904 2066 1136 2137 χρονίως
1168 2070 1340 2140 παρὰ
1388 2070 1499 2125 τῶν
1555 2073 1848 2145 αἱρετικῶν

243 2149 684 2237 κατασχεθείσας
728 2153 934 2225 ἀρτίως
995 2160 1636 2237 ἀνακομίζεσθαι,.πλὴν
1710 2166 1847 2221 ἀλλὰ

244 2236 444 2309 βαρεῖς
466 2241 598 2312 ἡμῖν
628 2243 802 2313 λύκοι,
832 2249 928 2303 καὶ
952 2251 1093 2321 μετά
1112 2251 1172 2307 τὸ
1197 2254 1298 2323 τῆς
1330 2255 1574 2329 μάνδρας
1594 2236 1847 2328 ἐξωσθῆ-

241 2347 359 2397 ναι,
393 2333 540 2387 κατᾱ
568 2337 670 2399 τὰς
700 2337 880 2403 νάπας
918 2341 989 2396 τὰ
1023 2344 1252 2415 ποίμνια
1283 2346 1698 2420 διαρπάζοντες,
1747 2352 1845 2405 άν-

240 2427 555 2496 τισυνάξεις
603 2431 935 2504 τολμῶντες,
979 2438 1170 2511 δήμων
1216 2443 1495 2510 κινοῦντες
1542 2448 1845 2502 ἐπαναστά-

249 2535 384 2613 σεις,
399 2521 691 2613 ὀκνοῦντες
712 2525 867 2584 οὐδὲν
890 2532 971 2594 είς
1000 2531 1100 2603 τὴν
1118 2534 1225 2589 τῶν
1244 2535 1586 2608 Ἐκκλησιῶν
1613 2538 1837 2613 βλάϐην.

244 2605 355 2667 Ἦν
403 2614 507 2684 μὲν
555 2611 651 2671 οὖν
698 2618 838 2691 ὅπερ
893 2623 1198 2696 είρήκαμεν
1247 2605 1563 2699 ἀναγκαῖον,
1613 2605 1843 2687 *πλείονα

444 2710 961 2785 προσασχοληθῆναι
1004 2718 1215 2787 χρόνον.
1266 2722 1483 2794 Ἐπειδὴ
1523 2725 1706 2795 μέντοι
1742 2728 1841 2799 τὴν

236 2796 541 2870 ἀδελφικὴν
569 2801 694 2871 περὶ
724 2804 873 2874 ἡμᾶς
897 2805 1119 2880 ἀγάπην
1140 2811 1593 2884 ἐπιδεικνύμενοι,
1624 2796 1842 2871 σύνοδον

237 2888 340 2940 ἐπὶ
366 2888 471 2960 τῆς
531 2890 753 2963 Ῥώμης
808 2894 943 2950 Θεοῦ
975 2896 1229 2972 βουλήσει
1257 2906 1711 2977 συγκροτοῦντες,
1745 2910 1841 2964 καὶ

237 2980 402 3050 ἡμᾶς
429 2980 508 3045 ὡς
538 2984 717 3039 οίκεῖα
754 2986 890 3060 μέλη
949 2993 1429 3062 προσεκαλέσασθε
1470 2997 1559 3052 διὰ
1590 3000 1705 3053 τῶν
1742 3002 1839 3056 τοῦ

239 3072 662 3165 θεοφιλεστάτου
704 3078 970 3150 βασιλέως
998 3087 1367 3157 γραμμάτων,
1397 3089 1464 3144 ἶν’
1495 3093 1682 3165 ἐπειδὴ
1716 3094 1839 3149 τότε

234 3163 341 3260 τας
365 3165 577 3237 θλίψεις
625 3171 777 3242 μόνοι
833 3175 1331 3251 κατεδικάσθημεν,
1383 3182 1480 3238 νῦν
1531 3187 1589 3240 ἐν
1622 3163 1689 3260 τῇ
1729 3190 1840 3244 τῶν

142 3284 147 3289 -
238 3258 669 3333 αὐτοκρατόρων
704 3266 833 3337 περὶ
859 3266 959 3338 τὴν
987 3268 1269 3325 εὐσέϐειαν
1297 3275 1588 3348 συμφωνίᾳ
1628 3258 1703 3350 μή
1733 3297 1841 3350 χω-

238 3350 333 3421 ρὶς
372 3350 535 3422 ἡμῶν
579 3351 962 3428 βασιλεύσητε,
1004 3361 1141 3415 ἀλλὰ
1180 3363 1276 3417 καὶ
1316 3365 1477 3435 ἡμεῖς
1518 3367 1646 3440 ὑμῖν
1698 3373 1843 3427 κατὰ

235 3442 343 3533 τὴν
389 3443 756 3519 ἀποστολικὴν
789 3451 974 3522 φωνὴν
1002 3452 1546 3529 συμϐασιλεύσωμεν’
1577 3460 1711 3532 εὐχὴ
1742 3461 1842 3533 μὲν

232 3530 310 3607 ἦν
343 3537 500 3608 ἡμῖν,
532 3538 583 3593 εί
611 3539 859 3610 δυνατὸν,
893 3542 1096 3599 ἅπασιν
1119 3546 1334 3618 ἀθρόως
1363 3530 1727 3608 καταλιποῦσι
1741 3530 1841 3619 τὰς

246 3626 605 3700 Ἐκκλησίας,
629 3631 708 3703 τῷ
725 3633 929 3706 πόθῳῆ
953 3638 1019 3707 τῇ
1051 3639 1213 3709 χρείᾳ
1239 3640 1591 3712 χαρίσασθαι.
1610 3645 1707 3709 Τίς
1728 3646 1839 3718 γὰρ

229 3720 373 3792 ἡμῖν
411 3720 572 3776 δώσει
627 3724 910 3796 πτέρυγας
955 3728 1090 3783 ὡσεὶ
1131 3736 1486 3804 περιστερᾶς,
1520 3736 1615 3791 καὶ
1667 3756 1838 3793 πετα-

227 3807 578 3881 σθησόμεθα,
603 3814 700 3867 καὶ
736 3815 871 3885 πρὸς
898 3818 1045 3888 ὑμᾶς
1065 3822 1523 3895 καταπαύσομεν;
1556 3827 1680 3881 ἐπεὶ
1711 3830 1757 3862 ³⁵
1779 3828 1836 3883 δὲ

228 3899 404 3994 τοῦτο
435 3904 737 3994 Δπαντελῶς
767 3908 1004 3980 ἐγύμνου
1042 3912 1143 3976 τὰς
1188 3915 1533 3988 Ἐκκλησίας,
1565 3918 1690 3992 ἄρτι
1738 3923 1835 3994 τῆς

220 3992 599 4083 ἀνανεώσεως
630 3998 944 4072 ἀρχομένας
974 4004 1040 4068 ³⁸,
1068 4006 1163 4061 καὶ
1187 4008 1248 4061 τὸ
1274 4011 1510 4083 πρᾶγμα
1550 3992 1835 4069 παντάπα-

220 4100 325 4180 σιν
440 4090 552 4152 τοῖς
592 4090 809 4156 πολλοῖς
848 4093 1123 4152 ἀδύνατονσ
1142 4080 1596 4176 συνεδεδραμήκει
1604 4123 1704 4177 μεν
1724 4108 1834 4180 γὰρ

219 4177 323 4239 εἰς
349 4177 449 4272 τὴν
472 4180 1067 4254 Κωνσταντινούπολιν,
1106 4192 1172 4244 ἐκ
1197 4191 1307 4247 τῶν
1337 4195 1538 4266 πέρυσι
1571 4177 1836 4272 γραμμά-

216 4285 351 4364 τιον
504 4275 656 4346 παρὰ
681 4278 784 4348 τῆς
817 4278 1437 4357 ὑμετέραςίτιμιότητος
1472 4269 1620 4361 μετὰ-
1774 4296 1832 4349 ἐν

231 4359 516 4435 Ἀκυληΐᾳ
551 4364 770 4423 σύνοδον
824 4369 960 4441 πρὸς
988 4372 1082 4428 τὸν
1111 4359 1528 4445 θεοφιλέστατον
1604 4359 1831 4452 βασιλέα

211 4452 517 4550 ᾷεοδόσιον
572 4456 1030 4519 ἐπισταλθέντωνσ
1076 4469 1215 4539 πρὸς
1262 4471 1432 4544 μόνην
1482 4474 1687 4549 ταύτην
1730 4479 1830 4550 τὴν

1954 1990 2115 2059 ejecti
2147 1997 2297 2055 sunt,
2335 1990 2518 2044 ovium
2553 2004 2747 2060 greges
2782 1990 2837 2044 in
2871 1990 3041 2061 sylvis
3076 1988 3370 2060 diripiunt,
3407 2005 3542 2045 con-

1955 2083 2161 2139 trarios
2219 2090 2529 2138 conventus
2591 2089 2784 2153 agunt,
2846 2083 3176 2152 populorum
3242 2082 3547 2139 seditiones

1910 2174 2283 2240 concitant,
2337 2174 2475 2228 nihil
2534 2172 2772 2244 denique
2822 2173 2968 2244 quod
3020 2175 3282 2229 Ecclesiis
3345 2189 3546 2231 nocere

1951 2275 2118 2336 queat
2177 2266 2626 2337 praetermittunt.
2665 2265 2849 2333 Quare
2891 2266 2944 2320 iu
2976 2267 3061 2322 his
3103 2283 3336 2324 necesse
3381 2270 3543 2325 nobis

1950 2365 2090 2423 erat,
2125 2366 2186 2412 ut
2215 2358 2476 2419 diximus,
2519 2357 2784 2427 longioris
2820 2357 3085 2427 temporis
3114 2374 3340 2428 operam
3367 2361 3542 2416 collo-

1951 2465 2100 2507 care.
2135 2447 2294 2504 Nunc
2346 2464 2503 2515 vero,
2530 2461 2818 2520 postquam
2881 2450 3154 2520 synodum
3207 2447 3394 2503 Romae
3446 2447 3543 2505 Dei

1951 2550 2105 2619 nutu.
2139 2550 2558 2612 congregantes,
2597 2556 2700 2595 nos
2753 2541 2918 2595 etiam
2972 2556 3071 2611 pro
3122 2539 3366 2595 fraterna
3412 2554 3542 2610 erga

1950 2649 2053 2689 nos
2082 2634 2353 2687 eharitate
2372 2641 2575 2699 vestra,
2607 2641 2870 2701 tanquam
2897 2632 3144 2686 membra
3166 2632 3411 2702 propria,
3445 2647 3543 2700 per

1949 2724 2350 2795 religiosissimi
2375 2714 2970 2793 imperatoris'litteras
2998 2722 3294 2785 evocastis,
3321 2738 3389 2777 ne
3413 2724 3544 2792 quia

1950 2817 2053 2874 soli
2096 2825 2229 2871 tunc
2281 2815 2349 2869 ad
2404 2812 2723 2870 subeundas
2760 2829 3037 2869 aerumnas
3073 2813 3276 2870 luimus
3310 2815 3539 2881 addicti,

1950 2909 2179 2970 nuncin
2238 2910 2342 2964 ista
2399 2909 2795 2978 imperatorum
2859 2907 2927 2963 de
2984 2908 3187 2977 pietate
3245 2909 3541 2964 concordia

1951 3004 2054 3060 soli
2110 2999 2379 3072 regnetis,
2435 2998 2533 3055 sed
2589 3014 2692 3054 nos
2752 3000 2917 3053 etiam
2954 2999 3278 3065 vobiscum,
3334 3007 3393 3052 ut
3461 2999 3543 3052 ait

1946 3094 2249 3163 A‘postolus
2272 3103 2319 3158 θ,
2367 3105 2791 3161 conregnemus,
2850 3090 3205 3160 optabamus,
3241 3090 3456 3161 1030
3490 3090 3538 3145 si

1912 3182 1924 3191 ’
1951 3187 2066 3241 lieri
2097 3191 2304 3255 posset,
2337 3197 2538 3262 omnes.
2564 3181 2749 3246 simul,
2788 3180 3000 3235 relictis
3049 3179 3344 3242 Eeclesiis,
3384 3182 3538 3235 desi-

1944 3281 2097 3336 derio
2118 3278 2306 3351 potius
2326 3291 2492 3346 quam
2523 3275 2747 3329 utilitati
2771 3273 3000 3329 servire.
3032 3272 3168 3340 Quis
3186 3275 3335 3329 enim
3376 3275 3538 3330 nobis

1944 3371 2096 3425 dabit
2120 3384 2327 3438 pennas
2357 3367 2503 3422 sicut
2526 3366 2797 3421 columbae
2816 3363 2862 3429 τ,
2883 3372 2943 3419 ut
2971 3365 3242 3431 volemus,
3267 3374 3321 3421 et
3351 3368 3538 3437 requi-

1941 3446 2197 3517 escamus
2242 3457 2383 3528 apud
2427 3458 2574 3513 vos?
2627 3456 2829 3512 Verum
2884 3458 3014 3527 quia
3060 3457 3165 3513 hoc
3226 3459 3533 3527 Eeelesias,

1942 3573 2065 3628 qua:
2090 3571 2239 3610 nunc
2266 3554 2507 3626 primum
2548 3551 2845 3622 incipiunt,
2880 3568 3113 3623 prorsus
3162 3551 3419 3615 nudaret,
3477 3561 3537 3607 et

1940 3667 2054 3706 rem
2094 3658 2355 3719 praestare
2402 3646 2634 3702 omnino
2687 3646 2844 3700 multi
2902 3661 3011 3700 non
3044 3653 3319 3716 poterant,
3354 3645 3374 3666 ‘
3402 3660 3536 3700 con-

1940 3754 2270 3796 veneramus
2304 3740 2450 3796 enim
2498 3738 3081 3808 Constantinopolim,
3132 3738 3198 3792 ad
3242 3739 3454 3793 litteras
3500 3753 3534 3794 a

1940 3833 2249 3889 reverentia
2282 3840 2467 3888 vestra
2499 3831 2789 3902 superiore
2854 3846 3005 3884 anno
3054 3840 3177 3902 post
3236 3832 3530 3886 concilium

1936 3926 2291 3997 Aquileiense
2318 3924 2385 3978 ad
2414 3924 2901 3994 religiosissimum
2929 3924 3323 4013 imperatorem
3350 3923 3533 3979 Theo-

1936 4018 2151 4073 dosium
2187 4017 2409 4082 missas,
2456 4018 2523 4073 ad
2560 4017 2665 4071 hoc
2705 4016 2885 4074 solum
2927 4017 3033 4071 iter
3060 4015 3532 4087 Constantinopo-
3584 4088 3599 4102 .

1937 4112 2030 4165 lim
2085 4125 2261 4182 usque
2315 4109 2603 4174 instructi,
2652 4117 2709 4165 et
2771 4108 2840 4164 de
2899 4109 3003 4165 hac
3054 4119 3268 4165 tantum
3318 4111 3530 4181 synodo

1934 4203 2319 4272 episcoporum
2366 4202 2461 4273 qui
2491 4204 2543 4256 in
2588 4202 2891 4272 provinciis
2951 4213 3343 4258 remanserunt
3394 4218 3531 4258 eon-

1935 4310 2159 4350 sensum
2195 4292 2509 4361 aﬂ‘erentes,
2548 4309 2673 4348 cum
2728 4293 2798 4349 de
2849 4293 3120 4364 longioris
3163 4293 3528 4364 profectionis

1933 4402 2103 4441 onere
2136 4401 2237 4443 nec
2273 4387 2537 4456 suSpicati
2577 4400 2851 4452 essemus,
2887 4400 2989 4440 nec
3038 4395 3165 4440 ante
3224 4386 3527 4457 quidquam

1932 4478 2281 4535 audissemus
2334 4494 2497 4549 quam
2559 4477 3097 4547 Constantinopolim
3141 4479 3524 4545 pervenimus:

209 4545 550 4651 ἀποδημίαν
775 4556 937 4629 μέχρι
998 4545 1653 4634 Κωνσταντινουπόλεως-
1692 4545 1833 4643 παρ-

1945 4585 2062 4623 cum
2093 4569 2385 4640 praestituti
2437 4584 2661 4640 quoque
2720 4568 2986 4639 temporis
3026 4568 3303 4639 angustia,
3346 4586 3527 4638 neque

215 4639 635 4730 εσκευασμένοι
660 4644 728 4712 ⁸⁸,
766 4649 861 4703 καὶ
891 4653 1019 4722 περὶ
1040 4652 1246 4725 ταύτης
1276 4658 1445 4730 μόνης
1476 4661 1578 4729 τῆς
1608 4639 1829 4718 συνόδου

204 4728 343 4784 τῶν
382 4731 441 4785 ἐν
483 4738 605 4799 ταῖς
646 4738 941 4811 ἐπαρχίαις
993 4745 1292 4812 μεινάντων
1341 4751 1655 4807 ἐπισκόπων
1702 4772 1834 4825 συγ-

202 4821 533 4916 κατάθεσιν
563 4828 918 4901 ἐπαγόμενοι,
972 4833 1123 4908 [210]
1167 4836 1415 4906 μείζονος
1452 4840 1509 4895 δέ
1556 4842 1601 4875 ³⁷
1631 4821 1834 4916 ἀποδη-

206 4915 366 4986 μιας
395 4917 534 4989 μήτε
570 4922 1046 4995 προσδοκήσαντες
1096 4929 1309 4997 χρείαν,
1368 4933 1507 5002 μήτε
1551 4915 1834 5005 προακού-

207 5023 428 5071 σαντες
447 5009 608 5077 ὃλως,
627 5014 759 5085 πρὶν
785 5016 844 5070 ἐν
872 5018 1442 5078 Κωνσταντινουπόλει
1459 5026 1503 5059 ³⁸
1533 5027 1832 5083 συνελθεῖν·

298 5187 378 5243 οι
410 5189 537 5245 Cor.
570 5206 644 5259 ιν,
676 5193 728 5248 8.
816 5197 836 5237 f
878 5196 1026 5257 Psal.
1062 5217 1172 5269 Liv,
1207 5202 1260 5262 7.

1934 4660 2000 4715 ad
2036 4661 2252 4731 longius
2289 4662 2396 4716 iter
2448 4660 2850 4723 adornandum,
2896 4675 3073 4729 neque
3122 4660 3188 4715 ad
3231 4660 3524 4730 episcopos

1934 4753 2339 4810 communionis
2374 4762 2580 4810 nostra:
2606 4755 2701 4824 qui
2748 4755 2800 4809 in
2836 4753 3136 4823 provinciis
3184 4763 3341 4807 erant
3378 4768 3524 4807 com-

1934 4849 2389 4905 monel‘aciendos
2415 4888 2430 4914 ,
2485 4864 2793 4919 eorumque
2839 4863 3150 4904 consensus
3190 4847 3521 4904 obtinendos

1935 4940 2073 4996 satis
2114 4947 2305 4997 esset:
2337 4941 2602 5012 quoniam
2655 4941 2773 4997 haec
2828 4941 3113 5011 multaque
3177 4941 3367 4997 adhaee
3410 4942 3517 4995 alia

1935 5033 2205 5104 plurimos
2227 5035 2415 5091 venire
2444 5034 2831 5107 prohibebant,
2857 5034 3002 5107 quod
3033 5033 3346 5105 proximum
3376 5045 3518 5100 erat,

1542 5365 1779 5424 nam
1820 5342 2225 5428 LECTIONES.

334 5539 810 5634 ",S’Eﬂ°f“3£‘"t°ff‘
835 5547 1268 5634 [εῗῗὲθοῗβεετίίέίι
1288 5546 1561 5634 Valesius.
1587 5556 1920 5634 “WI‘P’I‘W
1945 5559 2165 5634 quidem
2186 5561 2413 5634 nullum.
2431 5559 2522 5634 hic
2549 5574 2773 5634 sensum
2806 5558 2991 5634 habet,
3044 5562 3119 5634 _“_
3137 5560 3517 5634 δημοσιεύσεις

196 5608 558 5687 Bas._Gri_ee_.
592 5608 649 5665 et
675 5608 797 5667 Lat.
829 5628 954 5687 cum
974 5616 1178 5687 Steph.
1204 5620 1256 5671 1.

1356 5619 1405 5701 ⁸2
1422 5619 1672 5701 δύναιτό.-
1691 5619 1857 5682 Iidem
1889 5619 2015 5701 cuin
2038 5630 2266 5701 Niceph.

2372 5631 2418 5664 ³¹
2450 5630 2659 5704 ἐπειδή.
2698 5630 2888 5704 Iidem.
2959 5633 3013 5704 _"
3037 5630 3313 5704 ἐτίναμεν.
3346 5631 3512 5704 Iidem

196 5679 398 5773 gygen.
432 5680 824 5773 :ggquggveft
851 5679 1101 5773 cpi-iga;
1117 5687 1262 5773 sca].
1289 5689 1636 5773 et_(_2as_aub.__
1659 5679 2929 5773 “magissagax”:tgmgcettajaa‘giat
2951 5679 3144 5773 Steph.
3156 5679 3511 5773 “Tia-:55;

198 5750 818 5845 ii'ueipncqiagicepk.
863 5756 1305 5845 "’"dpxottéqu.
1351 5761 1515 5845 Basil.
1563 5764 1640 5845 ff
1668 5750 2244 5845 πάρᾶαέςρἆᾆᾙὲζιοι.
2274 5750 3215 5845 Nié'épii."éuiiﬁbgdie'uéﬁgleba.
3249 5750 3514 5827 εἶ”ῐῖὲἆ

188 5822 387 5901 βὺσει
412 5835 444 5876 a
475 5820 644 5879 Basil.

759 5824 802 5856 ³⁸
829 5828 907 5892 είς
939 5824 1529 5889 Κώνσταντῐνουπόλιν.
1562 5824 1883 5895 ΙίιΙοιιιὶυιη
1911 5824 2107 5913 Steph‘.
2140 5824 2188 5899 1.
