  <div class='ocr_page' id='page_1' title='image "/cluster/home/n/w/nwhite01/storage/ocr_20150623/82:no.3/coo.31924054869833/615.png"; bbox 0 0 4124 6422; ppageno 0'>
   <div class='ocr_carea' id='block_1_1' title="bbox 636 386 772 452">
    <p class='ocr_par' dir='ltr' id='par_1_1' title="bbox 636 386 772 452">
     <span class='ocr_line' id='line_1_1' title="bbox 636 386 772 452; baseline 0.029 -4"><span class='ocrx_word' id='word_1_1' title='bbox 636 386 772 452; x_wconf 77' lang='lat'><strong>19.15</strong></span> 
     </span>
    </p>
   </div>
   <div class='ocr_carea' id='block_1_2' title="bbox 1595 394 2874 457">
    <p class='ocr_par' dir='ltr' id='par_1_2' title="bbox 1595 394 2874 457">
     <span class='ocr_line' id='line_1_2' title="bbox 1595 394 2874 457; baseline 0.003 -5"><span class='ocrx_word' id='word_1_2' title='bbox 1595 394 2088 453; x_wconf 78' lang='lat' dir='ltr'><strong>TIIEODORETI</strong></span> <span class='ocrx_word' id='word_1_3' title='bbox 2129 394 2469 456; x_wconf 86' lang='lat' dir='ltr'><strong>EPlSCOPI</strong></span> <span class='ocrx_word' id='word_1_4' title='bbox 2507 396 2874 457; x_wconf 82' lang='lat' dir='ltr'><strong>CYBENSIS</strong></span> 
     </span>
    </p>
   </div>
   <div class='ocr_carea' id='block_1_3' title="bbox 3729 395 3842 458">
    <p class='ocr_par' dir='ltr' id='par_1_3' title="bbox 3729 395 3842 458">
     <span class='ocr_line' id='line_1_3' title="bbox 3729 395 3842 458; baseline 0.009 -1"><span class='ocrx_word' id='word_1_5' title='bbox 3729 395 3842 458; x_wconf 69' lang='grc' dir='ltr'><strong>19.ἱῦ</strong></span> 
     </span>
    </p>
   </div>
   <div class='ocr_carea' id='block_1_4' title="bbox 635 500 2221 580">
    <p class='ocr_par' dir='ltr' id='par_1_4' title="bbox 635 500 2210 576">
     <span class='ocr_line' id='line_1_4' title="bbox 635 500 2210 576; baseline 0.002 -19"><span class='ocrx_word' id='word_1_6' title='bbox 635 517 749 557; x_wconf 78' lang='lat' dir='ltr'><strong>tum</strong></span> <span class='ocrx_word' id='word_1_7' title='bbox 782 500 848 554; x_wconf 85' lang='lat' dir='ltr'><strong>ad</strong></span> <span class='ocrx_word' id='word_1_8' title='bbox 883 516 968 555; x_wconf 85' lang='lat' dir='ltr'><strong>res</strong></span> <span class='ocrx_word' id='word_1_9' title='bbox 990 503 1421 572; x_wconf 85' lang='lat' dir='ltr'><strong>constituendas,</strong></span> <span class='ocrx_word' id='word_1_10' title='bbox 1483 514 1597 558; x_wconf 90' lang='lat' dir='ltr'><strong>tum</strong></span> <span class='ocrx_word' id='word_1_11' title='bbox 1647 506 1717 559; x_wconf 93' lang='lat' dir='ltr'><strong>ad</strong></span> <span class='ocrx_word' id='word_1_12' title='bbox 1783 515 2023 560; x_wconf 90' lang='lat' dir='ltr'><strong>vestram</strong></span> <span class='ocrx_word' id='word_1_13' title='bbox 2065 505 2210 576; x_wconf 89' lang='lat' dir='ltr'><strong>(no-</strong></span> 
     </span>
    </p>
   </div>
   <div class='ocr_carea' id='block_1_5' title="bbox 2326 500 3843 580">
    <p class='ocr_par' dir='ltr' id='par_1_5' title="bbox 2326 506 3843 580">
     <span class='ocr_line' id='line_1_5' title="bbox 2326 506 3843 580; baseline 0.001 -21"><span class='ocrx_word' id='word_1_14' title='bbox 2326 508 2451 578; x_wconf 81' lang='grc' dir='ltr'>πρδς</span> <span class='ocrx_word' id='word_1_15' title='bbox 2481 509 2537 562; x_wconf 77' lang='grc' dir='ltr'><strong>δὲ</strong></span> <span class='ocrx_word' id='word_1_16' title='bbox 2561 509 2792 573; x_wconf 79' lang='grc' dir='ltr'><strong>τούτοις,</strong></span> <span class='ocrx_word' id='word_1_17' title='bbox 2821 510 2916 562; x_wconf 73' lang='grc' dir='ltr'><strong>καὶ</strong></span> <span class='ocrx_word' id='word_1_18' title='bbox 2958 507 3061 578; x_wconf 84' lang='grc' dir='ltr'>τῆς</span> <span class='ocrx_word' id='word_1_19' title='bbox 3088 506 3422 580; x_wconf 79' lang='grc' dir='ltr'><strong>προθεσμίας</strong></span> <span class='ocrx_word' id='word_1_20' title='bbox 3462 508 3544 561; x_wconf 84' lang='grc' dir='ltr'>διὰ</span> <span class='ocrx_word' id='word_1_21' title='bbox 3573 509 3843 579; x_wconf 81' lang='grc' dir='ltr'><strong>στενότητα,</strong></span> 
     </span>
    </p>
   </div>
   <div class='ocr_carea' id='block_1_6' title="bbox 638 592 2214 665">
    <p class='ocr_par' dir='ltr' id='par_1_6' title="bbox 638 592 2214 665">
     <span class='ocr_line' id='line_1_6' title="bbox 638 592 2214 665; baseline 0.003 -20"><span class='ocrx_word' id='word_1_22' title='bbox 638 601 810 646; x_wconf 89' lang='lat' dir='ltr'><strong>stram</strong></span> <span class='ocrx_word' id='word_1_23' title='bbox 839 592 856 664; x_wconf 95' lang='lat'>)</span> <span class='ocrx_word' id='word_1_24' title='bbox 894 609 1022 664; x_wconf 78' lang='lat' dir='ltr'><strong>erga</strong></span> <span class='ocrx_word' id='word_1_25' title='bbox 1054 610 1154 650; x_wconf 91' lang='lat' dir='ltr'><strong>nos</strong></span> <span class='ocrx_word' id='word_1_26' title='bbox 1187 595 1327 665; x_wconf 88' lang='lat' dir='ltr'><strong>(vos)</strong></span> <span class='ocrx_word' id='word_1_27' title='bbox 1352 595 1781 650; x_wconf 75' lang='lat' dir='ltr'><strong>benevolentiam</strong></span> <span class='ocrx_word' id='word_1_28' title='bbox 1807 597 2214 662; x_wconf 79' lang='lat' dir='ltr'><strong>declarandam,</strong></span> 
     </span>
    </p>
   </div>
   <div class='ocr_carea' id='block_1_7' title="bbox 639 684 2218 758">
    <p class='ocr_par' dir='ltr' id='par_1_7' title="bbox 639 684 2218 758">
     <span class='ocr_line' id='line_1_7' title="bbox 639 684 2218 758; baseline 0.003 -21"><span class='ocrx_word' id='word_1_29' title='bbox 639 684 1128 741; x_wconf 87' lang='lat' dir='ltr'><strong>reverendissimos</strong></span> <span class='ocrx_word' id='word_1_30' title='bbox 1221 687 1798 758; x_wconf 74' lang='lat' dir='ltr'><strong>honoratissimosque</strong></span> <span class='ocrx_word' id='word_1_31' title='bbox 1882 688 2080 744; x_wconf 88' lang='lat' dir='ltr'><strong>fratres</strong></span> <span class='ocrx_word' id='word_1_32' title='bbox 2161 697 2218 744; x_wconf 91' lang='lat' dir='ltr'><strong>et</strong></span> 
     </span>
    </p>
   </div>
   <div class='ocr_carea' id='block_1_8' title="bbox 637 774 2216 848">
    <p class='ocr_par' dir='ltr' id='par_1_8' title="bbox 637 774 2216 848">
     <span class='ocr_line' id='line_1_8' title="bbox 637 774 2216 848; baseline 0.003 -20"><span class='ocrx_word' id='word_1_33' title='bbox 637 774 877 843; x_wconf 79' lang='lat' dir='ltr'><strong>collegas</strong></span> <span class='ocrx_word' id='word_1_34' title='bbox 917 786 1137 831; x_wconf 87' lang='lat' dir='ltr'><strong>nostros</strong></span> <span class='ocrx_word' id='word_1_35' title='bbox 1169 778 1489 848; x_wconf 82' lang='lat' dir='ltr'><strong>episcopos,</strong></span> <span class='ocrx_word' id='word_1_36' title='bbox 1522 780 1838 848; x_wconf 80' lang='lat' dir='ltr'><strong>Cyriacum,</strong></span> <span class='ocrx_word' id='word_1_37' title='bbox 1897 779 2216 846; x_wconf 85' lang='lat' dir='ltr'><strong>Eusebium,</strong></span> 
     </span>
    </p>
   </div>
   <div class='ocr_carea' id='block_1_9' title="bbox 641 859 2218 941">
    <p class='ocr_par' dir='ltr' id='par_1_9' title="bbox 641 859 2218 941">
     <span class='ocr_line' id='line_1_9' title="bbox 641 859 2218 941; baseline 0.004 -23"><span class='ocrx_word' id='word_1_38' title='bbox 641 864 849 933; x_wconf 79' lang='lat'><strong>1031</strong></span> <span class='ocrx_word' id='word_1_39' title='bbox 886 874 940 919; x_wconf 89' lang='lat' dir='ltr'><strong>et</strong></span> <span class='ocrx_word' id='word_1_40' title='bbox 974 859 1316 920; x_wconf 83' lang='lat' dir='ltr'><strong>Priscianum</strong></span> <span class='ocrx_word' id='word_1_41' title='bbox 1348 871 1720 936; x_wconf 78' lang='lat' dir='ltr'><strong>exoravimus,</strong></span> <span class='ocrx_word' id='word_1_42' title='bbox 1755 879 1812 924; x_wconf 93' lang='lat' dir='ltr'><strong>ut</strong></span> <span class='ocrx_word' id='word_1_43' title='bbox 1838 870 2218 941; x_wconf 90' lang='lat' dir='ltr'><strong>proﬁciscendi</strong></span> 
     </span>
    </p>
   </div>
   <div class='ocr_carea' id='block_1_10' title="bbox 637 957 2219 1033">
    <p class='ocr_par' dir='ltr' id='par_1_10' title="bbox 637 957 2219 1033">
     <span class='ocr_line' id='line_1_10' title="bbox 637 957 2219 1033; baseline 0.006 -25"><span class='ocrx_word' id='word_1_44' title='bbox 637 957 704 1010; x_wconf 88' lang='lat' dir='ltr'><strong>ad</strong></span> <span class='ocrx_word' id='word_1_45' title='bbox 744 974 837 1011; x_wconf 90' lang='lat' dir='ltr'><strong>vos</strong></span> <span class='ocrx_word' id='word_1_46' title='bbox 895 958 1138 1012; x_wconf 83' lang='lat' dir='ltr'><strong>laborem</strong></span> <span class='ocrx_word' id='word_1_47' title='bbox 1194 960 1428 1015; x_wconf 88' lang='lat' dir='ltr'><strong>libenter</strong></span> <span class='ocrx_word' id='word_1_48' title='bbox 1469 962 1817 1032; x_wconf 86' lang='lat' dir='ltr'><strong>susciperent</strong></span> <span class='ocrx_word' id='word_1_49' title='bbox 1873 980 1886 1016; x_wconf 91' lang='lat'><strong>:</strong></span> <span class='ocrx_word' id='word_1_50' title='bbox 1943 979 2041 1032; x_wconf 84' lang='lat' dir='ltr'><strong>per</strong></span> <span class='ocrx_word' id='word_1_51' title='bbox 2080 977 2219 1033; x_wconf 86' lang='lat' dir='ltr'><strong>quos</strong></span> 
     </span>
    </p>
   </div>
   <div class='ocr_carea' id='block_1_11' title="bbox 640 1048 2216 1122">
    <p class='ocr_par' dir='ltr' id='par_1_11' title="bbox 640 1048 2216 1122">
     <span class='ocr_line' id='line_1_11' title="bbox 640 1048 2216 1122; baseline 0.004 -21"><span class='ocrx_word' id='word_1_52' title='bbox 640 1059 691 1101; x_wconf 92' lang='lat' dir='ltr'><strong>ct</strong></span> <span class='ocrx_word' id='word_1_53' title='bbox 727 1048 953 1117; x_wconf 80' lang='lat' dir='ltr'><strong>paciﬁca</strong></span> <span class='ocrx_word' id='word_1_54' title='bbox 987 1052 1367 1120; x_wconf 81' lang='lat' dir='ltr'><strong>unitatemque</strong></span> <span class='ocrx_word' id='word_1_55' title='bbox 1405 1063 1663 1122; x_wconf 87' lang='lat' dir='ltr'><strong>spectans</strong></span> <span class='ocrx_word' id='word_1_56' title='bbox 1710 1055 1965 1109; x_wconf 87' lang='lat' dir='ltr'><strong>voluntas</strong></span> <span class='ocrx_word' id='word_1_57' title='bbox 2009 1064 2216 1119; x_wconf 89' lang='lat' dir='ltr'><strong>nostra,</strong></span> 
     </span>
    </p>
   </div>
   <div class='ocr_carea' id='block_1_12' title="bbox 635 1141 2222 1217">
    <p class='ocr_par' dir='ltr' id='par_1_12' title="bbox 635 1141 2222 1217">
     <span class='ocr_line' id='line_1_12' title="bbox 635 1141 2222 1217; baseline 0.004 -23"><span class='ocrx_word' id='word_1_58' title='bbox 635 1147 688 1194; x_wconf 92' lang='lat' dir='ltr'><strong>ct</strong></span> <span class='ocrx_word' id='word_1_59' title='bbox 713 1141 1000 1195; x_wconf 86' lang='lat' dir='ltr'><strong>incensum</strong></span> <span class='ocrx_word' id='word_1_60' title='bbox 1031 1159 1179 1198; x_wconf 70' lang='lat' dir='ltr'><strong>sana:</strong></span> <span class='ocrx_word' id='word_1_61' title='bbox 1220 1144 1343 1198; x_wconf 89' lang='lat' dir='ltr'><strong>ﬁdei</strong></span> <span class='ocrx_word' id='word_1_62' title='bbox 1399 1145 1642 1199; x_wconf 89' lang='lat' dir='ltr'><strong>studium</strong></span> <span class='ocrx_word' id='word_1_63' title='bbox 1691 1149 1936 1217; x_wconf 88' lang='lat' dir='ltr'><strong>pateﬁat.</strong></span> <span class='ocrx_word' id='word_1_64' title='bbox 1991 1145 2102 1202; x_wconf 86' lang='lat' dir='ltr'><strong>Nos</strong></span> <span class='ocrx_word' id='word_1_65' title='bbox 2139 1154 2222 1202; x_wconf 88' lang='lat' dir='ltr'><strong>et-</strong></span> 
     </span>
    </p>
   </div>
   <div class='ocr_carea' id='block_1_13' title="bbox 633 1233 2222 1304">
    <p class='ocr_par' dir='ltr' id='par_1_13' title="bbox 633 1233 2222 1304">
     <span class='ocr_line' id='line_1_13' title="bbox 633 1233 2222 1304; baseline 0.006 -18"><span class='ocrx_word' id='word_1_66' title='bbox 633 1233 810 1295; x_wconf 87' lang='lat' dir='ltr'><strong>enim,</strong></span> <span class='ocrx_word' id='word_1_67' title='bbox 877 1236 993 1288; x_wconf 91' lang='lat' dir='ltr'><strong>sivc</strong></span> <span class='ocrx_word' id='word_1_68' title='bbox 1050 1237 1512 1304; x_wconf 86' lang='lat' dir='ltr'><strong>persecutiones,</strong></span> <span class='ocrx_word' id='word_1_69' title='bbox 1557 1240 1674 1293; x_wconf 87' lang='lat' dir='ltr'><strong>sive</strong></span> <span class='ocrx_word' id='word_1_70' title='bbox 1735 1241 2040 1304; x_wconf 80' lang='lat' dir='ltr'><strong>cruciatus,</strong></span> <span class='ocrx_word' id='word_1_71' title='bbox 2105 1241 2222 1295; x_wconf 88' lang='lat' dir='ltr'><strong>sive</strong></span> 
     </span>
    </p>
   </div>
   <div class='ocr_carea' id='block_1_14' title="bbox 634 1322 2218 1397">
    <p class='ocr_par' dir='ltr' id='par_1_14' title="bbox 634 1322 2218 1397">
     <span class='ocr_line' id='line_1_14' title="bbox 634 1322 2218 1397; baseline 0.006 -23"><span class='ocrx_word' id='word_1_72' title='bbox 634 1322 1022 1392; x_wconf 88' lang='lat' dir='ltr'><strong>imperatorias</strong></span> <span class='ocrx_word' id='word_1_73' title='bbox 1089 1327 1287 1389; x_wconf 87' lang='lat' dir='ltr'><strong>minas,</strong></span> <span class='ocrx_word' id='word_1_74' title='bbox 1319 1327 1434 1381; x_wconf 88' lang='lat' dir='ltr'><strong>sive</strong></span> <span class='ocrx_word' id='word_1_75' title='bbox 1493 1326 1872 1382; x_wconf 88' lang='lat' dir='ltr'><strong>crudelitatem</strong></span> <span class='ocrx_word' id='word_1_76' title='bbox 1922 1329 2170 1397; x_wconf 87' lang='lat' dir='ltr'><strong>judicum</strong></span> <span class='ocrx_word' id='word_1_77' title='bbox 2203 1369 2218 1394; x_wconf 93' lang='lat'><strong>,</strong></span> 
     </span>
    </p>
   </div>
   <div class='ocr_carea' id='block_1_15' title="bbox 641 1413 2218 1489">
    <p class='ocr_par' dir='ltr' id='par_1_15' title="bbox 641 1413 2218 1489">
     <span class='ocr_line' id='line_1_15' title="bbox 641 1413 2218 1489; baseline 0.006 -23"><span class='ocrx_word' id='word_1_78' title='bbox 641 1413 757 1466; x_wconf 85' lang='lat' dir='ltr'><strong>sive</strong></span> <span class='ocrx_word' id='word_1_79' title='bbox 796 1414 959 1467; x_wconf 88' lang='lat' dir='ltr'><strong>aliam</strong></span> <span class='ocrx_word' id='word_1_80' title='bbox 1024 1431 1412 1486; x_wconf 89' lang='lat' dir='ltr'><strong>quamcunque</strong></span> <span class='ocrx_word' id='word_1_81' title='bbox 1470 1419 1822 1474; x_wconf 88' lang='lat' dir='ltr'><strong>tentationem</strong></span> <span class='ocrx_word' id='word_1_82' title='bbox 1872 1422 2218 1489; x_wconf 88' lang='lat' dir='ltr'><strong>pertulimus,</strong></span> 
     </span>
    </p>
   </div>
   <div class='ocr_carea' id='block_1_16' title="bbox 642 1506 2224 1574">
    <p class='ocr_par' dir='ltr' id='par_1_16' title="bbox 642 1506 2224 1574">
     <span class='ocr_line' id='line_1_16' title="bbox 642 1506 2224 1574; baseline 0.008 -19"><span class='ocrx_word' id='word_1_83' title='bbox 642 1520 744 1574; x_wconf 88' lang='lat' dir='ltr'><strong>pro</strong></span> <span class='ocrx_word' id='word_1_84' title='bbox 775 1506 1088 1574; x_wconf 83' lang='lat' dir='ltr'><strong>evangelica</strong></span> <span class='ocrx_word' id='word_1_85' title='bbox 1116 1506 1219 1561; x_wconf 88' lang='lat' dir='ltr'><strong>ﬁde</strong></span> <span class='ocrx_word' id='word_1_86' title='bbox 1243 1522 1271 1560; x_wconf 89' lang='lat' dir='ltr'><strong>a</strong></span> <span class='ocrx_word' id='word_1_87' title='bbox 1299 1509 1561 1563; x_wconf 88' lang='lat' dir='ltr'><strong>trecentis</strong></span> <span class='ocrx_word' id='word_1_88' title='bbox 1588 1510 1777 1564; x_wconf 90' lang='lat' dir='ltr'><strong>decem</strong></span> <span class='ocrx_word' id='word_1_89' title='bbox 1849 1519 1904 1564; x_wconf 87' lang='lat' dir='ltr'><strong>et</strong></span> <span class='ocrx_word' id='word_1_90' title='bbox 1951 1522 2080 1566; x_wconf 89' lang='lat' dir='ltr'><strong>octo</strong></span> <span class='ocrx_word' id='word_1_91' title='bbox 2123 1511 2224 1566; x_wconf 85' lang='lat' dir='ltr'><strong>Pa-</strong></span> 
     </span>
    </p>
   </div>
   <div class='ocr_carea' id='block_1_17' title="bbox 647 1596 2225 1670">
    <p class='ocr_par' dir='ltr' id='par_1_17' title="bbox 647 1596 2225 1670">
     <span class='ocr_line' id='line_1_17' title="bbox 647 1596 2225 1670; baseline 0.007 -22"><span class='ocrx_word' id='word_1_92' title='bbox 647 1597 825 1650; x_wconf 87' lang='lat' dir='ltr'><strong>tribus</strong></span> <span class='ocrx_word' id='word_1_93' title='bbox 851 1598 993 1666; x_wconf 87' lang='lat' dir='ltr'><strong>apud</strong></span> <span class='ocrx_word' id='word_1_94' title='bbox 1041 1596 1270 1652; x_wconf 65' lang='lat' dir='ltr'><strong>Nicaeam</strong></span> <span class='ocrx_word' id='word_1_95' title='bbox 1309 1600 1578 1670; x_wconf 74' lang='lat' dir='ltr'><strong>Bithyniae</strong></span> <span class='ocrx_word' id='word_1_96' title='bbox 1608 1602 1930 1656; x_wconf 85' lang='lat' dir='ltr'><strong>conﬁrmata</strong></span> <span class='ocrx_word' id='word_1_97' title='bbox 1961 1605 2225 1659; x_wconf 87' lang='lat' dir='ltr'><strong>sustinui-</strong></span> 
     </span>
    </p>
   </div>
   <div class='ocr_carea' id='block_1_18' title="bbox 643 1685 2218 1764">
    <p class='ocr_par' dir='ltr' id='par_1_18' title="bbox 643 1685 2218 1764">
     <span class='ocr_line' id='line_1_18' title="bbox 643 1685 2218 1764; baseline 0.007 -25"><span class='ocrx_word' id='word_1_98' title='bbox 643 1701 787 1740; x_wconf 87' lang='lat' dir='ltr'><strong>mus.</strong></span> <span class='ocrx_word' id='word_1_99' title='bbox 815 1685 966 1740; x_wconf 87' lang='lat' dir='ltr'><strong>Hanc</strong></span> <span class='ocrx_word' id='word_1_100' title='bbox 988 1687 1177 1756; x_wconf 91' lang='lat' dir='ltr'><strong>utique</strong></span> <span class='ocrx_word' id='word_1_101' title='bbox 1205 1697 1259 1743; x_wconf 88' lang='lat' dir='ltr'><strong>et</strong></span> <span class='ocrx_word' id='word_1_102' title='bbox 1296 1691 1450 1745; x_wconf 89' lang='lat' dir='ltr'><strong>vobis</strong></span> <span class='ocrx_word' id='word_1_103' title='bbox 1476 1699 1529 1746; x_wconf 89' lang='lat' dir='ltr'><strong>et</strong></span> <span class='ocrx_word' id='word_1_104' title='bbox 1563 1693 1746 1756; x_wconf 90' lang='lat' dir='ltr'><strong>nobis,</strong></span> <span class='ocrx_word' id='word_1_105' title='bbox 1769 1699 1824 1748; x_wconf 88' lang='lat' dir='ltr'><strong>et</strong></span> <span class='ocrx_word' id='word_1_106' title='bbox 1851 1695 2110 1750; x_wconf 89' lang='lat' dir='ltr'><strong>omnibus</strong></span> <span class='ocrx_word' id='word_1_107' title='bbox 2127 1697 2218 1764; x_wconf 93' lang='lat' dir='ltr'><strong>qui</strong></span> 
     </span>
    </p>
   </div>
   <div class='ocr_carea' id='block_1_19' title="bbox 642 1778 2223 1852">
    <p class='ocr_par' dir='ltr' id='par_1_19' title="bbox 642 1778 2223 1852">
     <span class='ocr_line' id='line_1_19' title="bbox 642 1778 2223 1852; baseline 0.006 -21"><span class='ocrx_word' id='word_1_108' title='bbox 642 1793 786 1832; x_wconf 71' lang='lat' dir='ltr'><strong>verte</strong></span> <span class='ocrx_word' id='word_1_109' title='bbox 819 1778 942 1832; x_wconf 89' lang='lat' dir='ltr'><strong>ﬁdei</strong></span> <span class='ocrx_word' id='word_1_110' title='bbox 975 1781 1198 1833; x_wconf 89' lang='lat' dir='ltr'><strong>verbum</strong></span> <span class='ocrx_word' id='word_1_111' title='bbox 1230 1796 1341 1835; x_wconf 91' lang='lat' dir='ltr'><strong>non</strong></span> <span class='ocrx_word' id='word_1_112' title='bbox 1377 1790 1718 1852; x_wconf 83' lang='lat' dir='ltr'><strong>pervertunt,</strong></span> <span class='ocrx_word' id='word_1_113' title='bbox 1757 1784 1980 1852; x_wconf 87' lang='lat' dir='ltr'><strong>probari</strong></span> <span class='ocrx_word' id='word_1_114' title='bbox 2022 1800 2223 1841; x_wconf 87' lang='lat' dir='ltr'><strong>conve-</strong></span> 
     </span>
    </p>
   </div>
   <div class='ocr_carea' id='block_1_20' title="bbox 2321 597 3848 670">
    <p class='ocr_par' dir='ltr' id='par_1_20' title="bbox 2321 597 3848 670">
     <span class='ocr_line' id='line_1_20' title="bbox 2321 597 3848 670; baseline -0.001 -18"><span class='ocrx_word' id='word_1_115' title='bbox 2321 601 2457 670; x_wconf 81' lang='grc' dir='ltr'>μήτε</span> <span class='ocrx_word' id='word_1_116' title='bbox 2484 600 2622 670; x_wconf 80' lang='grc' dir='ltr'>πρὸς</span> <span class='ocrx_word' id='word_1_117' title='bbox 2652 599 3008 670; x_wconf 81' lang='grc' dir='ltr'>παρασκευὴν</span> <span class='ocrx_word' id='word_1_118' title='bbox 3049 599 3391 669; x_wconf 83' lang='grc' dir='ltr'>μακροτέρας</span> <span class='ocrx_word' id='word_1_119' title='bbox 3417 597 3703 667; x_wconf 78' lang='grc' dir='ltr'><strong>ἀποδημίας</strong></span> <span class='ocrx_word' id='word_1_120' title='bbox 3733 599 3848 650; x_wconf 73' lang='grc' dir='ltr'>ἐνδι-</span> 
     </span>
    </p>
   </div>
   <div class='ocr_carea' id='block_1_21' title="bbox 2316 688 3850 760">
    <p class='ocr_par' dir='ltr' id='par_1_21' title="bbox 2316 688 3850 760">
     <span class='ocr_line' id='line_1_21' title="bbox 2316 688 3850 760; baseline -0.001 -18"><span class='ocrx_word' id='word_1_121' title='bbox 2316 689 2511 758; x_wconf 84' lang='grc' dir='ltr'><strong>δούσης</strong></span> <span class='ocrx_word' id='word_1_122' title='bbox 2537 689 2748 760; x_wconf 84' lang='grc' dir='ltr'>καιρὸν,</span> <span class='ocrx_word' id='word_1_123' title='bbox 2785 690 2924 759; x_wconf 86' lang='grc' dir='ltr'>μήτε</span> <span class='ocrx_word' id='word_1_124' title='bbox 2961 689 3167 750; x_wconf 77' lang='grc' dir='ltr'><strong>πάντας</strong></span> <span class='ocrx_word' id='word_1_125' title='bbox 3209 688 3334 750; x_wconf 77' lang='grc' dir='ltr'>τοὺς</span> <span class='ocrx_word' id='word_1_126' title='bbox 3367 690 3422 742; x_wconf 84' lang='grc' dir='ltr'><strong>ὲν</strong></span> <span class='ocrx_word' id='word_1_127' title='bbox 3454 691 3566 750; x_wconf 84' lang='grc' dir='ltr'>ταῖς</span> <span class='ocrx_word' id='word_1_128' title='bbox 3598 689 3850 758; x_wconf 76' lang='grc' dir='ltr'><strong>ἐπαρχίαις</strong></span> 
     </span>
    </p>
   </div>
   <div class='ocr_carea' id='block_1_22' title="bbox 2318 780 3851 850">
    <p class='ocr_par' dir='ltr' id='par_1_22' title="bbox 2318 780 3851 850">
     <span class='ocr_line' id='line_1_22' title="bbox 2318 780 3851 850; baseline -0.001 -16"><span class='ocrx_word' id='word_1_129' title='bbox 2318 783 2669 844; x_wconf 83' lang='grc' dir='ltr'>κοινωνικοὺς</span> <span class='ocrx_word' id='word_1_130' title='bbox 2696 781 3028 843; x_wconf 76' lang='grc' dir='ltr'><strong>ἐπισκόπους</strong></span> <span class='ocrx_word' id='word_1_131' title='bbox 3055 780 3486 850; x_wconf 80' lang='grc' dir='ltr'><strong>ὑπομνησθῆναι,</strong></span> <span class='ocrx_word' id='word_1_132' title='bbox 3519 781 3716 843; x_wconf 78' lang='grc' dir='ltr'>καὶτὰς</span> <span class='ocrx_word' id='word_1_133' title='bbox 3743 784 3851 850; x_wconf 75' lang='grc' dir='ltr'>παρ’</span> 
     </span>
    </p>
   </div>
   <div class='ocr_carea' id='block_1_23' title="bbox 2318 870 3857 941">
    <p class='ocr_par' dir='ltr' id='par_1_23' title="bbox 2318 870 3857 941">
     <span class='ocr_line' id='line_1_23' title="bbox 2318 870 3857 941; baseline -0.001 -16"><span class='ocrx_word' id='word_1_134' title='bbox 2318 873 2497 926; x_wconf 78' lang='grc' dir='ltr'>αὐτῶν</span> <span class='ocrx_word' id='word_1_135' title='bbox 2528 871 2953 940; x_wconf 82' lang='grc' dir='ltr'>συγκαταθέσεις</span> <span class='ocrx_word' id='word_1_136' title='bbox 2991 871 3195 923; x_wconf 81' lang='grc' dir='ltr'>λαϐεῖν·</span> <span class='ocrx_word' id='word_1_137' title='bbox 3227 870 3412 941; x_wconf 77' lang='grc' dir='ltr'>ἐπειδὴ</span> <span class='ocrx_word' id='word_1_138' title='bbox 3437 870 3725 936; x_wconf 67' lang='grc' dir='ltr'>ταῦτα,Μί</span> <span class='ocrx_word' id='word_1_139' title='bbox 3751 871 3857 923; x_wconf 81' lang='grc' dir='ltr'>πολ-</span> 
     </span>
    </p>
   </div>
   <div class='ocr_carea' id='block_1_24' title="bbox 2318 960 3858 1031">
    <p class='ocr_par' dir='ltr' id='par_1_24' title="bbox 2318 960 3858 1031">
     <span class='ocr_line' id='line_1_24' title="bbox 2318 960 3858 1031; baseline -0.001 -18"><span class='ocrx_word' id='word_1_140' title='bbox 2318 961 2385 1014; x_wconf 78' lang='grc' dir='ltr'>λὰ</span> <span class='ocrx_word' id='word_1_141' title='bbox 2429 963 2565 1031; x_wconf 78' lang='grc' dir='ltr'>πρὸς</span> <span class='ocrx_word' id='word_1_142' title='bbox 2610 961 2821 1024; x_wconf 85' lang='grc' dir='ltr'><strong>τούτοις</strong></span> <span class='ocrx_word' id='word_1_143' title='bbox 2876 961 3062 1030; x_wconf 72' lang='grc' dir='ltr'>ἕτερα,</span> <span class='ocrx_word' id='word_1_144' title='bbox 3111 961 3212 1030; x_wconf 82' lang='grc' dir='ltr'><strong>τὴν</strong></span> <span class='ocrx_word' id='word_1_145' title='bbox 3248 961 3357 1014; x_wconf 87' lang='grc' dir='ltr'>τῶν</span> <span class='ocrx_word' id='word_1_146' title='bbox 3403 961 3653 1014; x_wconf 88' lang='grc' dir='ltr'>πλειόνων</span> <span class='ocrx_word' id='word_1_147' title='bbox 3703 960 3858 1027; x_wconf 76' lang='grc' dir='ltr'>ἄφιξιν</span> 
     </span>
    </p>
   </div>
   <div class='ocr_carea' id='block_1_25' title="bbox 2318 1049 3860 1124">
    <p class='ocr_par' dir='ltr' id='par_1_25' title="bbox 2318 1049 3860 1124">
     <span class='ocr_line' id='line_1_25' title="bbox 2318 1049 3860 1124; baseline -0.001 -18"><span class='ocrx_word' id='word_1_148' title='bbox 2318 1054 2664 1118; x_wconf 84' lang='grc' dir='ltr'>διεκώλυσεν,</span> <span class='ocrx_word' id='word_1_149' title='bbox 2700 1053 2730 1105; x_wconf 88' lang='grc' dir='ltr'><strong>ὂ</strong></span> <span class='ocrx_word' id='word_1_150' title='bbox 2757 1052 3008 1124; x_wconf 85' lang='grc' dir='ltr'>δεύτερον</span> <span class='ocrx_word' id='word_1_151' title='bbox 3044 1049 3133 1124; x_wconf 83' lang='grc' dir='ltr'>ἦν,</span> <span class='ocrx_word' id='word_1_152' title='bbox 3172 1054 3252 1116; x_wconf 82' lang='grc' dir='ltr'><strong>εἴς</strong></span> <span class='ocrx_word' id='word_1_153' title='bbox 3296 1071 3357 1105; x_wconf 87' lang='grc' dir='ltr'><strong>τε</strong></span> <span class='ocrx_word' id='word_1_154' title='bbox 3392 1053 3500 1106; x_wconf 85' lang='grc' dir='ltr'><strong>τῶν</strong></span> <span class='ocrx_word' id='word_1_155' title='bbox 3556 1053 3860 1122; x_wconf 80' lang='grc' dir='ltr'>πραγμάτων</span> 
     </span>
    </p>
   </div>
   <div class='ocr_carea' id='block_1_26' title="bbox 2320 1144 3860 1216">
    <p class='ocr_par' dir='ltr' id='par_1_26' title="bbox 2320 1144 3860 1216">
     <span class='ocr_line' id='line_1_26' title="bbox 2320 1144 3860 1216; baseline -0.001 -18"><span class='ocrx_word' id='word_1_156' title='bbox 2320 1144 2714 1214; x_wconf 80' lang='grc' dir='ltr'>ἐπανόρθωσιν,</span> <span class='ocrx_word' id='word_1_157' title='bbox 2749 1145 2843 1198; x_wconf 75' lang='grc' dir='ltr'><strong>καὶ</strong></span> <span class='ocrx_word' id='word_1_158' title='bbox 2875 1144 2972 1216; x_wconf 80' lang='grc' dir='ltr'><strong>τὴν</strong></span> <span class='ocrx_word' id='word_1_159' title='bbox 3017 1145 3118 1213; x_wconf 83' lang='grc' dir='ltr'>τῆς</span> <span class='ocrx_word' id='word_1_160' title='bbox 3162 1145 3206 1178; x_wconf 74' lang='grc'>³³</span> <span class='ocrx_word' id='word_1_161' title='bbox 3246 1144 3514 1214; x_wconf 79' lang='grc' dir='ltr'>ὑμετέρας</span> <span class='ocrx_word' id='word_1_162' title='bbox 3564 1144 3684 1214; x_wconf 76' lang='grc' dir='ltr'>περὶ</span> <span class='ocrx_word' id='word_1_163' title='bbox 3735 1145 3860 1213; x_wconf 79' lang='grc' dir='ltr'>ἡμᾶς</span> 
     </span>
    </p>
   </div>
   <div class='ocr_carea' id='block_1_27' title="bbox 2319 1233 3861 1305">
    <p class='ocr_par' dir='ltr' id='par_1_27' title="bbox 2319 1233 3861 1305">
     <span class='ocr_line' id='line_1_27' title="bbox 2319 1233 3861 1305; baseline -0.003 -18"><span class='ocrx_word' id='word_1_164' title='bbox 2319 1235 2540 1305; x_wconf 80' lang='grc' dir='ltr'><strong>ἀγάπης</strong></span> <span class='ocrx_word' id='word_1_165' title='bbox 2565 1233 2861 1298; x_wconf 82' lang='grc' dir='ltr'>ἀπόδειξιν,</span> <span class='ocrx_word' id='word_1_166' title='bbox 2895 1235 3052 1287; x_wconf 89' lang='grc' dir='ltr'>τοῦτο</span> <span class='ocrx_word' id='word_1_167' title='bbox 3084 1235 3489 1304; x_wconf 83' lang='grc' dir='ltr'>πεποιήκαμεν,</span> <span class='ocrx_word' id='word_1_168' title='bbox 3525 1235 3646 1296; x_wconf 77' lang='grc' dir='ltr'>τοὺς</span> <span class='ocrx_word' id='word_1_169' title='bbox 3688 1233 3861 1284; x_wconf 85' lang='grc' dir='ltr'>αἰδεσι-</span> 
     </span>
    </p>
   </div>
   <div class='ocr_carea' id='block_1_28' title="bbox 2325 1319 3864 1394">
    <p class='ocr_par' dir='ltr' id='par_1_28' title="bbox 2325 1319 3864 1394">
     <span class='ocr_line' id='line_1_28' title="bbox 2325 1319 3864 1394; baseline -0.003 -18"><span class='ocrx_word' id='word_1_170' title='bbox 2325 1324 2608 1394; x_wconf 88' lang='grc' dir='ltr'>μωτάτους</span> <span class='ocrx_word' id='word_1_171' title='bbox 2638 1323 2732 1376; x_wconf 76' lang='grc' dir='ltr'><strong>καὶ</strong></span> <span class='ocrx_word' id='word_1_172' title='bbox 2762 1323 3126 1394; x_wconf 84' lang='grc' dir='ltr'>τιμιωτάτους</span> <span class='ocrx_word' id='word_1_173' title='bbox 3159 1322 3602 1393; x_wconf 80' lang='grc' dir='ltr'>συλλειτουργοὺς</span> <span class='ocrx_word' id='word_1_174' title='bbox 3629 1321 3716 1373; x_wconf 77' lang='grc' dir='ltr'><strong>καὶ</strong></span> <span class='ocrx_word' id='word_1_175' title='bbox 3735 1319 3864 1373; x_wconf 82' lang='grc' dir='ltr'>ἀδελ-</span> 
     </span>
    </p>
   </div>
   <div class='ocr_carea' id='block_1_29' title="bbox 2323 1411 3864 1482">
    <p class='ocr_par' dir='ltr' id='par_1_29' title="bbox 2323 1411 3864 1482">
     <span class='ocr_line' id='line_1_29' title="bbox 2323 1411 3864 1482; baseline -0.002 -17"><span class='ocrx_word' id='word_1_176' title='bbox 2323 1413 2456 1481; x_wconf 78' lang='grc' dir='ltr'>φοὺς</span> <span class='ocrx_word' id='word_1_177' title='bbox 2500 1412 2658 1482; x_wconf 80' lang='grc' dir='ltr'>ἡμῶν</span> <span class='ocrx_word' id='word_1_178' title='bbox 2699 1413 3053 1475; x_wconf 80' lang='grc' dir='ltr'>ἐπισκόπους,</span> <span class='ocrx_word' id='word_1_179' title='bbox 3123 1411 3424 1482; x_wconf 80' lang='grc' dir='ltr'>Κυριακδν,</span> <span class='ocrx_word' id='word_1_180' title='bbox 3478 1411 3726 1464; x_wconf 78' lang='grc' dir='ltr'>Εὑσέϐιον</span> <span class='ocrx_word' id='word_1_181' title='bbox 3788 1411 3864 1462; x_wconf 84' lang='grc' dir='ltr'>καὶ</span> 
     </span>
    </p>
   </div>
   <div class='ocr_carea' id='block_1_30' title="bbox 2323 1503 3865 1574">
    <p class='ocr_par' dir='ltr' id='par_1_30' title="bbox 2323 1503 3865 1574">
     <span class='ocr_line' id='line_1_30' title="bbox 2323 1503 3865 1574; baseline -0.001 -18"><span class='ocrx_word' id='word_1_182' title='bbox 2323 1504 2672 1574; x_wconf 75' lang='grc' dir='ltr'>Πρισκιανὸν,</span> <span class='ocrx_word' id='word_1_183' title='bbox 2713 1503 3008 1574; x_wconf 75' lang='grc' dir='ltr'>προθύμως</span> <span class='ocrx_word' id='word_1_184' title='bbox 3047 1507 3244 1574; x_wconf 88' lang='grc' dir='ltr'>καμεῖν</span> <span class='ocrx_word' id='word_1_185' title='bbox 3290 1505 3448 1573; x_wconf 81' lang='grc' dir='ltr'>ἄχρις</span> <span class='ocrx_word' id='word_1_186' title='bbox 3478 1503 3626 1572; x_wconf 86' lang='grc' dir='ltr'>ὑμῶν</span> <span class='ocrx_word' id='word_1_187' title='bbox 3649 1503 3865 1571; x_wconf 87' lang='grc' dir='ltr'>δυσωπή-</span> 
     </span>
    </p>
   </div>
   <div class='ocr_carea' id='block_1_31' title="bbox 2325 1588 3864 1664">
    <p class='ocr_par' dir='ltr' id='par_1_31' title="bbox 2325 1588 3864 1664">
     <span class='ocr_line' id='line_1_31' title="bbox 2325 1588 3864 1664; baseline -0.001 -18"><span class='ocrx_word' id='word_1_188' title='bbox 2325 1610 2536 1657; x_wconf 74' lang='grc' dir='ltr'>σαντεςο</span> <span class='ocrx_word' id='word_1_189' title='bbox 2571 1594 2637 1647; x_wconf 90' lang='grc' dir='ltr'>δι’</span> <span class='ocrx_word' id='word_1_190' title='bbox 2668 1588 2742 1648; x_wconf 86' lang='grc' dir='ltr'>ὧν</span> <span class='ocrx_word' id='word_1_191' title='bbox 2788 1595 2882 1648; x_wconf 84' lang='grc' dir='ltr'>καὶ</span> <span class='ocrx_word' id='word_1_192' title='bbox 2917 1595 3014 1664; x_wconf 82' lang='grc' dir='ltr'>τὴν</span> <span class='ocrx_word' id='word_1_193' title='bbox 3045 1595 3318 1664; x_wconf 80' lang='grc' dir='ltr'>ἡμετέραν</span> <span class='ocrx_word' id='word_1_194' title='bbox 3347 1594 3662 1664; x_wconf 88' lang='grc' dir='ltr'>προαίρεσιν</span> <span class='ocrx_word' id='word_1_195' title='bbox 3694 1597 3864 1664; x_wconf 75' lang='grc' dir='ltr'>εἰρηνιο</span> 
     </span>
    </p>
   </div>
   <div class='ocr_carea' id='block_1_32' title="bbox 2324 1683 3862 1756">
    <p class='ocr_par' dir='ltr' id='par_1_32' title="bbox 2324 1683 3862 1756">
     <span class='ocr_line' id='line_1_32' title="bbox 2324 1683 3862 1756; baseline -0.003 -18"><span class='ocrx_word' id='word_1_196' title='bbox 2324 1688 2426 1756; x_wconf 83' lang='grc' dir='ltr'>κὴν</span> <span class='ocrx_word' id='word_1_197' title='bbox 2459 1683 2644 1749; x_wconf 76' lang='grc' dir='ltr'>οὖσαν,</span> <span class='ocrx_word' id='word_1_198' title='bbox 2678 1687 2770 1739; x_wconf 75' lang='grc' dir='ltr'><strong>καὶ</strong></span> <span class='ocrx_word' id='word_1_199' title='bbox 2805 1685 3006 1740; x_wconf 83' lang='grc' dir='ltr'>σκοπὸν</span> <span class='ocrx_word' id='word_1_200' title='bbox 3055 1687 3301 1747; x_wconf 85' lang='grc' dir='ltr'>ἐνωσεως</span> <span class='ocrx_word' id='word_1_201' title='bbox 3339 1685 3568 1754; x_wconf 75' lang='grc' dir='ltr'>ἔχουσαν</span> <span class='ocrx_word' id='word_1_202' title='bbox 3595 1684 3657 1748; x_wconf 73' lang='grc' dir='ltr'><strong>⁸ο,</strong></span> <span class='ocrx_word' id='word_1_203' title='bbox 3684 1683 3862 1737; x_wconf 73' lang='grc' dir='ltr'>καὶτὸν</span> 
     </span>
    </p>
   </div>
   <div class='ocr_carea' id='block_1_33' title="bbox 2325 1773 3864 1852">
    <p class='ocr_par' dir='ltr' id='par_1_33' title="bbox 2325 1773 3864 1852">
     <span class='ocr_line' id='line_1_33' title="bbox 2325 1773 3864 1852; baseline -0.006 -18"><span class='ocrx_word' id='word_1_204' title='bbox 2325 1781 2484 1852; x_wconf 77' lang='grc' dir='ltr'>ζῆλον</span> <span class='ocrx_word' id='word_1_205' title='bbox 2512 1780 2667 1852; x_wconf 83' lang='grc' dir='ltr'>ἡμῶν</span> <span class='ocrx_word' id='word_1_206' title='bbox 2698 1779 2790 1832; x_wconf 83' lang='grc' dir='ltr'>τὸν</span> <span class='ocrx_word' id='word_1_207' title='bbox 2839 1780 2980 1848; x_wconf 85' lang='grc' dir='ltr'>ὑπὲρ</span> <span class='ocrx_word' id='word_1_208' title='bbox 3026 1777 3126 1847; x_wconf 81' lang='grc' dir='ltr'>τῆς</span> <span class='ocrx_word' id='word_1_209' title='bbox 3167 1775 3354 1846; x_wconf 81' lang='grc' dir='ltr'>ὑγιοῦς</span> <span class='ocrx_word' id='word_1_210' title='bbox 3406 1776 3640 1838; x_wconf 88' lang='grc' dir='ltr'>πίστεως</span> <span class='ocrx_word' id='word_1_211' title='bbox 3667 1773 3864 1843; x_wconf 73' lang='grc' dir='ltr'>φανερὸν</span> 
     </span>
    </p>
   </div>
   <div class='ocr_carea' id='block_1_34' title="bbox 642 1867 2221 1944">
    <p class='ocr_par' dir='ltr' id='par_1_34' title="bbox 642 1872 2221 1944">
     <span class='ocr_line' id='line_1_34' title="bbox 642 1872 2221 1944; baseline 0.003 -18"><span class='ocrx_word' id='word_1_212' title='bbox 642 1872 744 1938; x_wconf 89' lang='lat' dir='ltr'><strong>nit,</strong></span> <span class='ocrx_word' id='word_1_213' title='bbox 781 1879 841 1926; x_wconf 93' lang='lat' dir='ltr'><strong>ut</strong></span> <span class='ocrx_word' id='word_1_214' title='bbox 878 1888 998 1942; x_wconf 73' lang='lat' dir='ltr'><strong>qua:</strong></span> <span class='ocrx_word' id='word_1_215' title='bbox 1026 1873 1406 1943; x_wconf 89' lang='lat' dir='ltr'><strong>antiquissima</strong></span> <span class='ocrx_word' id='word_1_216' title='bbox 1437 1875 1527 1940; x_wconf 89' lang='lat' dir='ltr'><strong>sit,</strong></span> <span class='ocrx_word' id='word_1_217' title='bbox 1559 1885 1614 1930; x_wconf 91' lang='lat' dir='ltr'><strong>et</strong></span> <span class='ocrx_word' id='word_1_218' title='bbox 1635 1876 1950 1944; x_wconf 87' lang='lat' dir='ltr'><strong>baptismati</strong></span> <span class='ocrx_word' id='word_1_219' title='bbox 1990 1892 2221 1932; x_wconf 90' lang='lat' dir='ltr'><strong>consen-</strong></span> 
     </span>
    </p>
   </div>
   <div class='ocr_carea' id='block_1_35' title="bbox 2326 1867 3861 1944">
    <p class='ocr_par' dir='ltr' id='par_1_35' title="bbox 2326 1867 3861 1941">
     <span class='ocr_line' id='line_1_35' title="bbox 2326 1867 3861 1941; baseline -0.002 -19"><span class='ocrx_word' id='word_1_220' title='bbox 2326 1871 2609 1941; x_wconf 84' lang='grc' dir='ltr'>ποιοῦμεν.</span> <span class='ocrx_word' id='word_1_221' title='bbox 2655 1872 2846 1941; x_wconf 81' lang='grc' dir='ltr'>Ἡμεῖς</span> <span class='ocrx_word' id='word_1_222' title='bbox 2883 1871 3015 1940; x_wconf 80' lang='grc' dir='ltr'>γὰρ,</span> <span class='ocrx_word' id='word_1_223' title='bbox 3043 1871 3153 1922; x_wconf 75' lang='grc' dir='ltr'>εἴτε</span> <span class='ocrx_word' id='word_1_224' title='bbox 3200 1870 3495 1938; x_wconf 78' lang='grc' dir='ltr'>διωγμοὺς,</span> <span class='ocrx_word' id='word_1_225' title='bbox 3522 1869 3628 1921; x_wconf 69' lang='grc' dir='ltr'>εἴτε</span> <span class='ocrx_word' id='word_1_226' title='bbox 3671 1867 3861 1936; x_wconf 75' lang='grc' dir='ltr'>θλίψεις,</span> 
     </span>
    </p>
   </div>
   <div class='ocr_carea' id='block_1_36' title="bbox 643 1962 2223 2034">
    <p class='ocr_par' dir='ltr' id='par_1_36' title="bbox 643 1962 2223 2034">
     <span class='ocr_line' id='line_1_36' title="bbox 643 1962 2223 2034; baseline 0.005 -20"><span class='ocrx_word' id='word_1_227' title='bbox 643 1970 826 2028; x_wconf 89' lang='lat' dir='ltr'><strong>tanea,</strong></span> <span class='ocrx_word' id='word_1_228' title='bbox 855 1962 1058 2017; x_wconf 89' lang='lat' dir='ltr'><strong>docens</strong></span> <span class='ocrx_word' id='word_1_229' title='bbox 1093 1979 1194 2019; x_wconf 91' lang='lat' dir='ltr'><strong>nos</strong></span> <span class='ocrx_word' id='word_1_230' title='bbox 1243 1965 1469 2020; x_wconf 86' lang='lat' dir='ltr'><strong>credere</strong></span> <span class='ocrx_word' id='word_1_231' title='bbox 1516 1967 1570 2020; x_wconf 92' lang='lat' dir='ltr'><strong>in</strong></span> <span class='ocrx_word' id='word_1_232' title='bbox 1622 1966 1850 2021; x_wconf 89' lang='lat' dir='ltr'><strong>nomine</strong></span> <span class='ocrx_word' id='word_1_233' title='bbox 1917 1965 2120 2034; x_wconf 84' lang='lat' dir='ltr'><strong>Patris,</strong></span> <span class='ocrx_word' id='word_1_234' title='bbox 2167 1978 2223 2022; x_wconf 91' lang='lat' dir='ltr'><strong>et</strong></span> 
     </span>
    </p>
   </div>
   <div class='ocr_carea' id='block_1_37' title="bbox 642 2053 2224 2124">
    <p class='ocr_par' dir='ltr' id='par_1_37' title="bbox 642 2053 2224 2124">
     <span class='ocr_line' id='line_1_37' title="bbox 642 2053 2224 2124; baseline 0.004 -17"><span class='ocrx_word' id='word_1_235' title='bbox 642 2053 790 2121; x_wconf 90' lang='lat' dir='ltr'><strong>Filii,</strong></span> <span class='ocrx_word' id='word_1_236' title='bbox 825 2062 880 2108; x_wconf 87' lang='lat' dir='ltr'><strong>et</strong></span> <span class='ocrx_word' id='word_1_237' title='bbox 909 2053 1149 2124; x_wconf 91' lang='lat' dir='ltr'><strong>Spiritus</strong></span> <span class='ocrx_word' id='word_1_238' title='bbox 1183 2057 1379 2110; x_wconf 89' lang='lat' dir='ltr'><strong>sancti.</strong></span> <span class='ocrx_word' id='word_1_239' title='bbox 1410 2058 1484 2111; x_wconf 84' lang='lat' dir='ltr'><strong>Ita</strong></span> <span class='ocrx_word' id='word_1_240' title='bbox 1508 2058 1794 2124; x_wconf 91' lang='lat' dir='ltr'><strong>nimirum,</strong></span> <span class='ocrx_word' id='word_1_241' title='bbox 1821 2067 1881 2113; x_wconf 93' lang='lat' dir='ltr'><strong>ut</strong></span> <span class='ocrx_word' id='word_1_242' title='bbox 1907 2074 2014 2113; x_wconf 91' lang='lat' dir='ltr'><strong>una</strong></span> <span class='ocrx_word' id='word_1_243' title='bbox 2033 2060 2224 2114; x_wconf 88' lang='lat' dir='ltr'><strong>creda-</strong></span> 
     </span>
    </p>
   </div>
   <div class='ocr_carea' id='block_1_38' title="bbox 640 2143 2223 2213">
    <p class='ocr_par' dir='ltr' id='par_1_38' title="bbox 640 2143 2223 2213">
     <span class='ocr_line' id='line_1_38' title="bbox 640 2143 2223 2213; baseline 0.006 -18"><span class='ocrx_word' id='word_1_244' title='bbox 640 2151 733 2196; x_wconf 89' lang='lat' dir='ltr'><strong>tur</strong></span> <span class='ocrx_word' id='word_1_245' title='bbox 761 2143 1044 2206; x_wconf 87' lang='lat' dir='ltr'><strong>divinitas,</strong></span> <span class='ocrx_word' id='word_1_246' title='bbox 1080 2153 1134 2198; x_wconf 89' lang='lat' dir='ltr'><strong>et</strong></span> <span class='ocrx_word' id='word_1_247' title='bbox 1157 2145 1422 2213; x_wconf 86' lang='lat' dir='ltr'><strong>potentia,</strong></span> <span class='ocrx_word' id='word_1_248' title='bbox 1455 2156 1510 2201; x_wconf 93' lang='lat' dir='ltr'><strong>et</strong></span> <span class='ocrx_word' id='word_1_249' title='bbox 1563 2147 1879 2202; x_wconf 90' lang='lat' dir='ltr'><strong>substantia</strong></span> <span class='ocrx_word' id='word_1_250' title='bbox 1941 2148 2121 2204; x_wconf 87' lang='lat' dir='ltr'><strong>Patris</strong></span> <span class='ocrx_word' id='word_1_251' title='bbox 2169 2161 2223 2205; x_wconf 91' lang='lat' dir='ltr'><strong>ct</strong></span> 
     </span>
    </p>
   </div>
   <div class='ocr_carea' id='block_1_39' title="bbox 640 2233 2222 2312">
    <p class='ocr_par' dir='ltr' id='par_1_39' title="bbox 640 2233 2222 2312">
     <span class='ocr_line' id='line_1_39' title="bbox 640 2233 2222 2312; baseline 0.004 -24"><span class='ocrx_word' id='word_1_252' title='bbox 640 2233 790 2300; x_wconf 87' lang='lat' dir='ltr'><strong>Filii,</strong></span> <span class='ocrx_word' id='word_1_253' title='bbox 823 2242 876 2290; x_wconf 89' lang='lat' dir='ltr'><strong>et</strong></span> <span class='ocrx_word' id='word_1_254' title='bbox 912 2234 1151 2306; x_wconf 88' lang='lat' dir='ltr'><strong>Spiritus</strong></span> <span class='ocrx_word' id='word_1_255' title='bbox 1194 2238 1392 2305; x_wconf 89' lang='lat' dir='ltr'><strong>sancti,</strong></span> <span class='ocrx_word' id='word_1_256' title='bbox 1450 2240 1791 2310; x_wconf 82' lang='lat' dir='ltr'><strong>aequalisque</strong></span> <span class='ocrx_word' id='word_1_257' title='bbox 1837 2242 2101 2312; x_wconf 78' lang='lat' dir='ltr'><strong>dignitas,</strong></span> <span class='ocrx_word' id='word_1_258' title='bbox 2167 2249 2222 2297; x_wconf 90' lang='lat' dir='ltr'><strong>et</strong></span> 
     </span>
    </p>
   </div>
   <div class='ocr_carea' id='block_1_40' title="bbox 638 2326 2224 2404">
    <p class='ocr_par' dir='ltr' id='par_1_40' title="bbox 638 2326 2224 2404">
     <span class='ocr_line' id='line_1_40' title="bbox 638 2326 2224 2404; baseline 0.004 -25"><span class='ocrx_word' id='word_1_259' title='bbox 638 2326 930 2396; x_wconf 88' lang='lat' dir='ltr'><strong>imperium</strong></span> <span class='ocrx_word' id='word_1_260' title='bbox 968 2336 1326 2393; x_wconf 67' lang='lat' dir='ltr'><strong>cozeternum,</strong></span> <span class='ocrx_word' id='word_1_261' title='bbox 1363 2329 1416 2382; x_wconf 94' lang='lat' dir='ltr'><strong>in</strong></span> <span class='ocrx_word' id='word_1_262' title='bbox 1441 2332 1619 2385; x_wconf 88' lang='lat' dir='ltr'><strong>tribus</strong></span> <span class='ocrx_word' id='word_1_263' title='bbox 1655 2331 1914 2400; x_wconf 89' lang='lat' dir='ltr'><strong>perfectis</strong></span> <span class='ocrx_word' id='word_1_264' title='bbox 1960 2333 2224 2404; x_wconf 90' lang='lat' dir='ltr'><strong>hyposta-</strong></span> 
     </span>
    </p>
   </div>
   <div class='ocr_carea' id='block_1_41' title="bbox 638 2419 2222 2497">
    <p class='ocr_par' dir='ltr' id='par_1_41' title="bbox 638 2419 2222 2497">
     <span class='ocr_line' id='line_1_41' title="bbox 638 2419 2222 2497; baseline 0.005 -24"><span class='ocrx_word' id='word_1_265' title='bbox 638 2419 816 2482; x_wconf 88' lang='lat' dir='ltr'><strong>sibus,</strong></span> <span class='ocrx_word' id='word_1_266' title='bbox 848 2419 964 2473; x_wconf 90' lang='lat' dir='ltr'><strong>sive</strong></span> <span class='ocrx_word' id='word_1_267' title='bbox 997 2419 1049 2472; x_wconf 92' lang='lat' dir='ltr'><strong>in</strong></span> <span class='ocrx_word' id='word_1_268' title='bbox 1086 2419 1264 2475; x_wconf 82' lang='lat' dir='ltr'><strong>tribus</strong></span> <span class='ocrx_word' id='word_1_269' title='bbox 1294 2421 1556 2492; x_wconf 88' lang='lat' dir='ltr'><strong>perfectis</strong></span> <span class='ocrx_word' id='word_1_270' title='bbox 1605 2426 1898 2493; x_wconf 88' lang='lat' dir='ltr'><strong>personis:</strong></span> <span class='ocrx_word' id='word_1_271' title='bbox 1936 2435 1993 2480; x_wconf 91' lang='lat' dir='ltr'><strong>ut</strong></span> <span class='ocrx_word' id='word_1_272' title='bbox 2044 2442 2222 2497; x_wconf 88' lang='lat' dir='ltr'><strong>neque</strong></span> 
     </span>
    </p>
   </div>
   <div class='ocr_carea' id='block_1_42' title="bbox 641 2510 2222 2589">
    <p class='ocr_par' dir='ltr' id='par_1_42' title="bbox 641 2510 2222 2589">
     <span class='ocr_line' id='line_1_42' title="bbox 641 2510 2222 2589; baseline 0.005 -22"><span class='ocrx_word' id='word_1_273' title='bbox 641 2510 872 2568; x_wconf 84' lang='lat' dir='ltr'><strong>Sabellii</strong></span> <span class='ocrx_word' id='word_1_274' title='bbox 938 2513 1115 2582; x_wconf 91' lang='lat' dir='ltr'><strong>pestis</strong></span> <span class='ocrx_word' id='word_1_275' title='bbox 1163 2513 1342 2567; x_wconf 90' lang='lat' dir='ltr'><strong>locum</strong></span> <span class='ocrx_word' id='word_1_276' title='bbox 1403 2515 1686 2580; x_wconf 84' lang='lat' dir='ltr'><strong>inveniat,</strong></span> <span class='ocrx_word' id='word_1_277' title='bbox 1735 2532 1843 2587; x_wconf 89' lang='lat' dir='ltr'><strong>qua</strong></span> <span class='ocrx_word' id='word_1_278' title='bbox 1899 2518 2222 2589; x_wconf 83' lang='lat' dir='ltr'><strong>hypostases</strong></span> 
     </span>
    </p>
   </div>
   <div class='ocr_carea' id='block_1_43' title="bbox 638 2602 2224 2681">
    <p class='ocr_par' dir='ltr' id='par_1_43' title="bbox 638 2602 2224 2681">
     <span class='ocr_line' id='line_1_43' title="bbox 638 2602 2224 2681; baseline 0.006 -24"><span class='ocrx_word' id='word_1_279' title='bbox 638 2602 1092 2668; x_wconf 79' lang='lat' dir='ltr'><strong>confundantur,</strong></span> <span class='ocrx_word' id='word_1_280' title='bbox 1146 2605 1522 2674; x_wconf 88' lang='lat' dir='ltr'><strong>tollanturquc</strong></span> <span class='ocrx_word' id='word_1_281' title='bbox 1578 2609 1987 2677; x_wconf 84' lang='lat' dir='ltr'><strong>proprietates;</strong></span> <span class='ocrx_word' id='word_1_282' title='bbox 2044 2626 2224 2681; x_wconf 86' lang='lat' dir='ltr'><strong>neque</strong></span> 
     </span>
    </p>
   </div>
   <div class='ocr_carea' id='block_1_44' title="bbox 637 2695 2223 2774">
    <p class='ocr_par' dir='ltr' id='par_1_44' title="bbox 637 2695 2223 2774">
     <span class='ocr_line' id='line_1_44' title="bbox 637 2695 2223 2774; baseline 0.006 -26"><span class='ocrx_word' id='word_1_283' title='bbox 637 2695 1152 2761; x_wconf 85' lang='lat' dir='ltr'><strong>Eunomianorum,</strong></span> <span class='ocrx_word' id='word_1_284' title='bbox 1214 2697 1694 2768; x_wconf 87' lang='lat' dir='ltr'><strong>Arianorumque,</strong></span> <span class='ocrx_word' id='word_1_285' title='bbox 1759 2707 1815 2754; x_wconf 91' lang='lat' dir='ltr'><strong>et</strong></span> <span class='ocrx_word' id='word_1_286' title='bbox 1871 2715 2061 2755; x_wconf 89' lang='lat' dir='ltr'><strong>eorum</strong></span> <span class='ocrx_word' id='word_1_287' title='bbox 2125 2704 2223 2774; x_wconf 92' lang='lat' dir='ltr'><strong>qui</strong></span> 
     </span>
    </p>
   </div>
   <div class='ocr_carea' id='block_1_45' title="bbox 637 2787 2220 2860">
    <p class='ocr_par' dir='ltr' id='par_1_45' title="bbox 637 2787 2220 2860">
     <span class='ocr_line' id='line_1_45' title="bbox 637 2787 2220 2860; baseline 0.006 -20"><span class='ocrx_word' id='word_1_288' title='bbox 637 2787 904 2860; x_wconf 80' lang='lat' dir='ltr'><strong>Spiritum</strong></span> <span class='ocrx_word' id='word_1_289' title='bbox 937 2797 1188 2842; x_wconf 91' lang='lat' dir='ltr'><strong>sanctum</strong></span> <span class='ocrx_word' id='word_1_290' title='bbox 1238 2799 1582 2859; x_wconf 81' lang='lat' dir='ltr'><strong>oppugnant,</strong></span> <span class='ocrx_word' id='word_1_291' title='bbox 1642 2790 1789 2846; x_wconf 84' lang='lat' dir='ltr'><strong>vires</strong></span> <span class='ocrx_word' id='word_1_292' title='bbox 1841 2791 2042 2846; x_wconf 89' lang='lat' dir='ltr'><strong>habeat</strong></span> <span class='ocrx_word' id='word_1_293' title='bbox 2098 2794 2220 2849; x_wconf 87' lang='lat' dir='ltr'><strong>bla-</strong></span> 
     </span>
    </p>
   </div>
   <div class='ocr_carea' id='block_1_46' title="bbox 642 2880 2220 2953">
    <p class='ocr_par' dir='ltr' id='par_1_46' title="bbox 642 2880 2220 2953">
     <span class='ocr_line' id='line_1_46' title="bbox 642 2880 2220 2953; baseline 0.003 -19"><span class='ocrx_word' id='word_1_294' title='bbox 642 2880 894 2950; x_wconf 87' lang='lat' dir='ltr'><strong>sphemia</strong></span> <span class='ocrx_word' id='word_1_295' title='bbox 919 2921 932 2946; x_wconf 90' lang='lat'><strong>,</strong></span> <span class='ocrx_word' id='word_1_296' title='bbox 983 2895 1103 2950; x_wconf 86' lang='lat' dir='ltr'><strong>quae</strong></span> <span class='ocrx_word' id='word_1_297' title='bbox 1130 2881 1341 2951; x_wconf 75' lang='lat'><strong>1032</strong></span> <span class='ocrx_word' id='word_1_298' title='bbox 1373 2880 1763 2948; x_wconf 84' lang='lat' dir='ltr'><strong>substantiam,</strong></span> <span class='ocrx_word' id='word_1_299' title='bbox 1816 2897 1914 2937; x_wconf 88' lang='lat' dir='ltr'><strong>seu</strong></span> <span class='ocrx_word' id='word_1_300' title='bbox 1944 2897 2220 2953; x_wconf 88' lang='lat' dir='ltr'><strong>naturam,</strong></span> 
     </span>
    </p>
   </div>
   <div class='ocr_carea' id='block_1_47' title="bbox 634 2971 2222 3042">
    <p class='ocr_par' dir='ltr' id='par_1_47' title="bbox 634 2971 2222 3042">
     <span class='ocr_line' id='line_1_47' title="bbox 634 2971 2222 3042; baseline 0.003 -16"><span class='ocrx_word' id='word_1_301' title='bbox 634 2980 690 3027; x_wconf 90' lang='lat' dir='ltr'><strong>et</strong></span> <span class='ocrx_word' id='word_1_302' title='bbox 711 2971 1054 3028; x_wconf 87' lang='lat' dir='ltr'><strong>divinitatem</strong></span> <span class='ocrx_word' id='word_1_303' title='bbox 1088 2973 1372 3040; x_wconf 90' lang='lat' dir='ltr'><strong>discindit,</strong></span> <span class='ocrx_word' id='word_1_304' title='bbox 1409 2981 1580 3042; x_wconf 83' lang='lat' dir='ltr'><strong>atque</strong></span> <span class='ocrx_word' id='word_1_305' title='bbox 1608 2972 1868 3028; x_wconf 75' lang='lat' dir='ltr'><strong>lncreatae</strong></span> <span class='ocrx_word' id='word_1_306' title='bbox 1900 2982 1956 3028; x_wconf 90' lang='lat' dir='ltr'><strong>et</strong></span> <span class='ocrx_word' id='word_1_307' title='bbox 1978 2975 2222 3030; x_wconf 89' lang='lat' dir='ltr'><strong>consub-</strong></span> 
     </span>
    </p>
   </div>
   <div class='ocr_carea' id='block_1_48' title="bbox 634 3064 2215 3137">
    <p class='ocr_par' dir='ltr' id='par_1_48' title="bbox 634 3064 2215 3137">
     <span class='ocr_line' id='line_1_48' title="bbox 634 3064 2215 3137; baseline -0.001 -15"><span class='ocrx_word' id='word_1_308' title='bbox 634 3066 874 3122; x_wconf 87' lang='lat' dir='ltr'><strong>stantiali</strong></span> <span class='ocrx_word' id='word_1_309' title='bbox 898 3074 951 3121; x_wconf 91' lang='lat' dir='ltr'><strong>et</strong></span> <span class='ocrx_word' id='word_1_310' title='bbox 979 3075 1265 3122; x_wconf 85' lang='lat' dir='ltr'><strong>coaeternae</strong></span> <span class='ocrx_word' id='word_1_311' title='bbox 1292 3064 1549 3120; x_wconf 85' lang='lat' dir='ltr'><strong>Trinitati</strong></span> <span class='ocrx_word' id='word_1_312' title='bbox 1595 3065 1964 3135; x_wconf 88' lang='lat' dir='ltr'><strong>posteriorem</strong></span> <span class='ocrx_word' id='word_1_313' title='bbox 2019 3082 2215 3137; x_wconf 88' lang='lat' dir='ltr'><strong>quam-</strong></span> 
     </span>
    </p>
   </div>
   <div class='ocr_carea' id='block_1_49' title="bbox 634 3155 2219 3215">
    <p class='ocr_par' dir='ltr' id='par_1_49' title="bbox 634 3155 2219 3215">
     <span class='ocr_line' id='line_1_49' title="bbox 634 3155 2219 3215; baseline -0.001 -4"><span class='ocrx_word' id='word_1_314' title='bbox 634 3157 760 3211; x_wconf 88' lang='lat' dir='ltr'><strong>dam</strong></span> <span class='ocrx_word' id='word_1_315' title='bbox 787 3164 881 3210; x_wconf 89' lang='lat' dir='ltr'><strong>aut</strong></span> <span class='ocrx_word' id='word_1_316' title='bbox 909 3167 1146 3212; x_wconf 88' lang='lat' dir='ltr'><strong>creatam</strong></span> <span class='ocrx_word' id='word_1_317' title='bbox 1177 3163 1272 3212; x_wconf 88' lang='lat' dir='ltr'><strong>aut</strong></span> <span class='ocrx_word' id='word_1_318' title='bbox 1300 3155 1531 3211; x_wconf 80' lang='lat' dir='ltr'><strong>diversa:</strong></span> <span class='ocrx_word' id='word_1_319' title='bbox 1555 3158 1890 3215; x_wconf 61' lang='lat' dir='ltr'><strong>substantia}</strong></span> <span class='ocrx_word' id='word_1_320' title='bbox 1917 3158 1938 3182; x_wconf 74' lang='grc'><strong>¹</strong></span> <span class='ocrx_word' id='word_1_321' title='bbox 1966 3167 2219 3214; x_wconf 85' lang='lat' dir='ltr'><strong>naturam</strong></span> 
     </span>
    </p>
   </div>
   <div class='ocr_carea' id='block_1_50' title="bbox 636 3249 2224 3323">
    <p class='ocr_par' dir='ltr' id='par_1_50' title="bbox 636 3249 2224 3323">
     <span class='ocr_line' id='line_1_50' title="bbox 636 3249 2224 3323; baseline 0.001 -21"><span class='ocrx_word' id='word_1_322' title='bbox 636 3249 870 3303; x_wconf 85' lang='lat' dir='ltr'><strong>inducit.</strong></span> <span class='ocrx_word' id='word_1_323' title='bbox 898 3250 1305 3305; x_wconf 89' lang='lat' dir='ltr'><strong>lncarnationis</strong></span> <span class='ocrx_word' id='word_1_324' title='bbox 1333 3265 1556 3323; x_wconf 89' lang='lat' dir='ltr'><strong>quoque</strong></span> <span class='ocrx_word' id='word_1_325' title='bbox 1618 3249 1932 3311; x_wconf 83' lang='lat' dir='ltr'><strong>doctrinam</strong></span> <span class='ocrx_word' id='word_1_326' title='bbox 1972 3253 2224 3308; x_wconf 90' lang='lat' dir='ltr'><strong>incorru-</strong></span> 
     </span>
    </p>
   </div>
   <div class='ocr_carea' id='block_1_51' title="bbox 629 3344 2224 3420">
    <p class='ocr_par' dir='ltr' id='par_1_51' title="bbox 629 3344 2224 3420">
     <span class='ocr_line' id='line_1_51' title="bbox 629 3344 2224 3420; baseline 0.005 -28"><span class='ocrx_word' id='word_1_327' title='bbox 629 3348 786 3413; x_wconf 70' lang='lat' dir='ltr'><strong>ptam</strong></span> <span class='ocrx_word' id='word_1_328' title='bbox 837 3356 1168 3405; x_wconf 88' lang='lat' dir='ltr'><strong>servamus,</strong></span> <span class='ocrx_word' id='word_1_329' title='bbox 1239 3358 1421 3412; x_wconf 87' lang='lat' dir='ltr'><strong>neque</strong></span> <span class='ocrx_word' id='word_1_330' title='bbox 1490 3344 1714 3411; x_wconf 72' lang='lat' dir='ltr'><strong>animae,</strong></span> <span class='ocrx_word' id='word_1_331' title='bbox 1781 3357 1964 3420; x_wconf 81' lang='lat' dir='ltr'><strong>neque</strong></span> <span class='ocrx_word' id='word_1_332' title='bbox 2021 3344 2224 3398; x_wconf 86' lang='lat' dir='ltr'><strong>mentis</strong></span> 
     </span>
    </p>
   </div>
   <div class='ocr_carea' id='block_1_52' title="bbox 635 3431 2220 3503">
    <p class='ocr_par' dir='ltr' id='par_1_52' title="bbox 635 3431 2220 3503">
     <span class='ocr_line' id='line_1_52' title="bbox 635 3431 2220 3503; baseline 0.003 -19"><span class='ocrx_word' id='word_1_333' title='bbox 635 3441 914 3498; x_wconf 80' lang='lat' dir='ltr'><strong>expertem</strong></span> <span class='ocrx_word' id='word_1_334' title='bbox 954 3437 1050 3483; x_wconf 89' lang='lat' dir='ltr'><strong>aut</strong></span> <span class='ocrx_word' id='word_1_335' title='bbox 1084 3431 1466 3500; x_wconf 81' lang='lat' dir='ltr'><strong>imperfectam</strong></span> <span class='ocrx_word' id='word_1_336' title='bbox 1503 3433 1690 3490; x_wconf 81' lang='lat' dir='ltr'><strong>carnis</strong></span> <span class='ocrx_word' id='word_1_337' title='bbox 1742 3432 2220 3503; x_wconf 80' lang='lat' dir='ltr'><strong>dispensationem</strong></span> 
     </span>
    </p>
   </div>
   <div class='ocr_carea' id='block_1_53' title="bbox 633 3521 2224 3604">
    <p class='ocr_par' dir='ltr' id='par_1_53' title="bbox 633 3521 2224 3604">
     <span class='ocr_line' id='line_1_53' title="bbox 633 3521 2224 3604; baseline 0.003 -28"><span class='ocrx_word' id='word_1_338' title='bbox 633 3521 1037 3590; x_wconf 84' lang='lat' dir='ltr'><strong>suscipientes,</strong></span> <span class='ocrx_word' id='word_1_339' title='bbox 1077 3521 1196 3604; x_wconf 54' lang='lat' dir='ltr'><strong>‘sed</strong></span> <span class='ocrx_word' id='word_1_340' title='bbox 1247 3532 1422 3577; x_wconf 91' lang='lat' dir='ltr'><strong>totum</strong></span> <span class='ocrx_word' id='word_1_341' title='bbox 1469 3523 1709 3580; x_wconf 88' lang='lat' dir='ltr'><strong>scientes</strong></span> <span class='ocrx_word' id='word_1_342' title='bbox 1755 3523 2059 3595; x_wconf 86' lang='lat' dir='ltr'><strong>perfectum</strong></span> <span class='ocrx_word' id='word_1_343' title='bbox 2097 3535 2224 3581; x_wconf 82' lang='lat' dir='ltr'><strong>ante</strong></span> 
     </span>
    </p>
   </div>
   <div class='ocr_carea' id='block_1_54' title="bbox 635 3610 2222 3684">
    <p class='ocr_par' dir='ltr' id='par_1_54' title="bbox 635 3610 2222 3684">
     <span class='ocr_line' id='line_1_54' title="bbox 635 3610 2222 3684; baseline 0.003 -17"><span class='ocrx_word' id='word_1_344' title='bbox 635 3611 839 3668; x_wconf 87' lang='lat' dir='ltr'><strong>saecula</strong></span> <span class='ocrx_word' id='word_1_345' title='bbox 862 3610 954 3667; x_wconf 86' lang='lat' dir='ltr'><strong>Dei</strong></span> <span class='ocrx_word' id='word_1_346' title='bbox 982 3610 1238 3680; x_wconf 85' lang='lat' dir='ltr'><strong>Verbum,</strong></span> <span class='ocrx_word' id='word_1_347' title='bbox 1273 3613 1576 3684; x_wconf 90' lang='lat' dir='ltr'><strong>perfectum</strong></span> <span class='ocrx_word' id='word_1_348' title='bbox 1601 3615 1656 3668; x_wconf 92' lang='lat' dir='ltr'><strong>in</strong></span> <span class='ocrx_word' id='word_1_349' title='bbox 1686 3615 2006 3671; x_wconf 86' lang='lat' dir='ltr'><strong>novissimis</strong></span> <span class='ocrx_word' id='word_1_350' title='bbox 2027 3615 2222 3672; x_wconf 89' lang='lat' dir='ltr'><strong>diebus</strong></span> 
     </span>
    </p>
   </div>
   <div class='ocr_carea' id='block_1_55' title="bbox 635 3704 2224 3778">
    <p class='ocr_par' dir='ltr' id='par_1_55' title="bbox 635 3704 2224 3778">
     <span class='ocr_line' id='line_1_55' title="bbox 635 3704 2224 3778; baseline 0.002 -19"><span class='ocrx_word' id='word_1_351' title='bbox 635 3704 834 3760; x_wconf 88' lang='lat' dir='ltr'><strong>salutis</strong></span> <span class='ocrx_word' id='word_1_352' title='bbox 857 3713 1056 3761; x_wconf 72' lang='lat' dir='ltr'><strong>nostra:</strong></span> <span class='ocrx_word' id='word_1_353' title='bbox 1088 3705 1262 3776; x_wconf 77' lang='lat' dir='ltr'><strong>gratia</strong></span> <span class='ocrx_word' id='word_1_354' title='bbox 1295 3706 1572 3762; x_wconf 90' lang='lat' dir='ltr'><strong>hominem</strong></span> <span class='ocrx_word' id='word_1_355' title='bbox 1619 3704 1847 3762; x_wconf 82' lang='lat' dir='ltr'><strong>factum.</strong></span> <span class='ocrx_word' id='word_1_356' title='bbox 1880 3707 2013 3773; x_wconf 65' lang='lat' dir='ltr'><strong>Quae</strong></span> <span class='ocrx_word' id='word_1_357' title='bbox 2054 3708 2224 3778; x_wconf 78' lang='lat' dir='ltr'><strong>igitur</strong></span> 
     </span>
    </p>
   </div>
   <div class='ocr_carea' id='block_1_56' title="bbox 633 3796 2222 3869">
    <p class='ocr_par' dir='ltr' id='par_1_56' title="bbox 633 3796 2222 3869">
     <span class='ocr_line' id='line_1_56' title="bbox 633 3796 2222 3869; baseline 0.002 -18"><span class='ocrx_word' id='word_1_358' title='bbox 633 3798 703 3852; x_wconf 89' lang='lat' dir='ltr'><strong>ad</strong></span> <span class='ocrx_word' id='word_1_359' title='bbox 742 3796 899 3853; x_wconf 89' lang='lat' dir='ltr'><strong>ﬁdem</strong></span> <span class='ocrx_word' id='word_1_360' title='bbox 935 3798 1195 3866; x_wconf 90' lang='lat' dir='ltr'><strong>attinent,</strong></span> <span class='ocrx_word' id='word_1_361' title='bbox 1250 3814 1415 3868; x_wconf 90' lang='lat' dir='ltr'><strong>quam</strong></span> <span class='ocrx_word' id='word_1_362' title='bbox 1463 3808 1651 3869; x_wconf 87' lang='lat' dir='ltr'><strong>aperte</strong></span> <span class='ocrx_word' id='word_1_363' title='bbox 1703 3799 2112 3869; x_wconf 68' lang='lat' dir='ltr'><strong>przedicamus,</strong></span> <span class='ocrx_word' id='word_1_364' title='bbox 2168 3801 2222 3854; x_wconf 92' lang='lat' dir='ltr'><strong>in</strong></span> 
     </span>
    </p>
   </div>
   <div class='ocr_carea' id='block_1_57' title="bbox 634 3889 2224 3962">
    <p class='ocr_par' dir='ltr' id='par_1_57' title="bbox 634 3889 2224 3962">
     <span class='ocr_line' id='line_1_57' title="bbox 634 3889 2224 3962; baseline 0.002 -17"><span class='ocrx_word' id='word_1_365' title='bbox 634 3905 851 3945; x_wconf 89' lang='lat' dir='ltr'><strong>summa</strong></span> <span class='ocrx_word' id='word_1_366' title='bbox 883 3897 1012 3944; x_wconf 93' lang='lat' dir='ltr'><strong>sunt</strong></span> <span class='ocrx_word' id='word_1_367' title='bbox 1041 3889 1394 3960; x_wconf 89' lang='lat' dir='ltr'><strong>hujusmodi:</strong></span> <span class='ocrx_word' id='word_1_368' title='bbox 1424 3889 1493 3945; x_wconf 92' lang='lat' dir='ltr'><strong>de</strong></span> <span class='ocrx_word' id='word_1_369' title='bbox 1522 3890 1724 3960; x_wconf 90' lang='lat' dir='ltr'><strong>quibus</strong></span> <span class='ocrx_word' id='word_1_370' title='bbox 1755 3892 1994 3962; x_wconf 91' lang='lat' dir='ltr'><strong>amplius</strong></span> <span class='ocrx_word' id='word_1_371' title='bbox 2027 3892 2224 3948; x_wconf 83' lang='lat' dir='ltr'><strong>animis</strong></span> 
     </span>
    </p>
   </div>
   <div class='ocr_carea' id='block_1_58' title="bbox 631 3982 2226 4052">
    <p class='ocr_par' dir='ltr' id='par_1_58' title="bbox 631 3982 2226 4052">
     <span class='ocr_line' id='line_1_58' title="bbox 631 3982 2226 4052; baseline 0.002 -15"><span class='ocrx_word' id='word_1_372' title='bbox 631 3983 833 4038; x_wconf 83' lang='lat' dir='ltr'><strong>vestris</strong></span> <span class='ocrx_word' id='word_1_373' title='bbox 859 3982 1179 4038; x_wconf 83' lang='lat' dir='ltr'><strong>satisfacere</strong></span> <span class='ocrx_word' id='word_1_374' title='bbox 1204 3983 1474 4052; x_wconf 89' lang='lat' dir='ltr'><strong>poteritis,</strong></span> <span class='ocrx_word' id='word_1_375' title='bbox 1503 3985 1546 4037; x_wconf 90' lang='lat' dir='ltr'><strong>si</strong></span> <span class='ocrx_word' id='word_1_376' title='bbox 1574 3993 1779 4038; x_wconf 89' lang='lat' dir='ltr'><strong>tomum</strong></span> <span class='ocrx_word' id='word_1_377' title='bbox 1808 3985 2003 4051; x_wconf 82' lang='lat' dir='ltr'><strong>synodi</strong></span> <span class='ocrx_word' id='word_1_378' title='bbox 2030 3985 2226 4040; x_wconf 85' lang='lat' dir='ltr'><strong>Antio-</strong></span> 
     </span>
    </p>
   </div>
   <div class='ocr_carea' id='block_1_59' title="bbox 594 4074 2224 4146">
    <p class='ocr_par' dir='ltr' id='par_1_59' title="bbox 594 4074 2224 4146">
     <span class='ocr_line' id='line_1_59' title="bbox 594 4074 2224 4146; baseline 0.002 -18"><span class='ocrx_word' id='word_1_379' title='bbox 594 4083 602 4091; x_wconf 93' lang='lat'>&#39;</span> <span class='ocrx_word' id='word_1_380' title='bbox 633 4075 844 4137; x_wconf 69' lang='lat' dir='ltr'><strong>cliente,</strong></span> <span class='ocrx_word' id='word_1_381' title='bbox 873 4083 928 4128; x_wconf 91' lang='lat' dir='ltr'><strong>et</strong></span> <span class='ocrx_word' id='word_1_382' title='bbox 957 4089 1083 4128; x_wconf 92' lang='lat' dir='ltr'><strong>eum</strong></span> <span class='ocrx_word' id='word_1_383' title='bbox 1117 4074 1214 4144; x_wconf 90' lang='lat' dir='ltr'><strong>qui</strong></span> <span class='ocrx_word' id='word_1_384' title='bbox 1244 4074 1527 4143; x_wconf 91' lang='lat' dir='ltr'><strong>superiore</strong></span> <span class='ocrx_word' id='word_1_385' title='bbox 1558 4089 1704 4129; x_wconf 92' lang='lat' dir='ltr'><strong>anno</strong></span> <span class='ocrx_word' id='word_1_386' title='bbox 1745 4075 2224 4146; x_wconf 87' lang='lat' dir='ltr'><strong>Constantinopoli</strong></span> 
     </span>
    </p>
   </div>
   <div class='ocr_carea' id='block_1_60' title="bbox 632 4167 2224 4239">
    <p class='ocr_par' dir='ltr' id='par_1_60' title="bbox 632 4167 2224 4239">
     <span class='ocr_line' id='line_1_60' title="bbox 632 4167 2224 4239; baseline 0.001 -19"><span class='ocrx_word' id='word_1_387' title='bbox 632 4181 664 4220; x_wconf 89' lang='lat' dir='ltr'><strong>a</strong></span> <span class='ocrx_word' id='word_1_388' title='bbox 689 4167 898 4238; x_wconf 90' lang='lat' dir='ltr'><strong>synodo</strong></span> <span class='ocrx_word' id='word_1_389' title='bbox 928 4167 1225 4221; x_wconf 91' lang='lat' dir='ltr'><strong>universali</strong></span> <span class='ocrx_word' id='word_1_390' title='bbox 1255 4167 1571 4232; x_wconf 67' lang='lat' dir='ltr'><strong>esteditus,</strong></span> <span class='ocrx_word' id='word_1_391' title='bbox 1594 4167 1870 4238; x_wconf 86' lang='lat' dir='ltr'><strong>inspicere</strong></span> <span class='ocrx_word' id='word_1_392' title='bbox 1894 4167 2224 4239; x_wconf 81' lang='lat' dir='ltr'><strong>dignamini,</strong></span> 
     </span>
    </p>
   </div>
   <div class='ocr_carea' id='block_1_61' title="bbox 634 4256 2228 4330">
    <p class='ocr_par' dir='ltr' id='par_1_61' title="bbox 634 4256 2228 4330">
     <span class='ocr_line' id='line_1_61' title="bbox 634 4256 2228 4330; baseline 0.002 -18"><span class='ocrx_word' id='word_1_393' title='bbox 634 4258 729 4312; x_wconf 90' lang='lat' dir='ltr'><strong>ubi</strong></span> <span class='ocrx_word' id='word_1_394' title='bbox 757 4265 811 4313; x_wconf 85' lang='lat' dir='ltr'><strong>et</strong></span> <span class='ocrx_word' id='word_1_395' title='bbox 844 4257 966 4313; x_wconf 88' lang='lat' dir='ltr'><strong>ﬁdei</strong></span> <span class='ocrx_word' id='word_1_396' title='bbox 1007 4256 1414 4312; x_wconf 81' lang='lat' dir='ltr'><strong>confessionem</strong></span> <span class='ocrx_word' id='word_1_397' title='bbox 1454 4259 1681 4314; x_wconf 89' lang='lat' dir='ltr'><strong>uberius</strong></span> <span class='ocrx_word' id='word_1_398' title='bbox 1728 4261 2114 4330; x_wconf 76' lang='lat' dir='ltr'><strong>exposuimus,</strong></span> <span class='ocrx_word' id='word_1_399' title='bbox 2172 4268 2228 4317; x_wconf 89' lang='lat' dir='ltr'><strong>et</strong></span> 
     </span>
    </p>
   </div>
   <div class='ocr_carea' id='block_1_62' title="bbox 634 4347 2225 4406">
    <p class='ocr_par' dir='ltr' id='par_1_62' title="bbox 634 4347 2225 4406">
     <span class='ocr_line' id='line_1_62' title="bbox 634 4347 2225 4406; baseline 0.002 -4"><span class='ocrx_word' id='word_1_400' title='bbox 634 4349 692 4402; x_wconf 86' lang='lat' dir='ltr'><strong>in</strong></span> <span class='ocrx_word' id='word_1_401' title='bbox 723 4362 917 4402; x_wconf 87' lang='lat' dir='ltr'><strong>recens</strong></span> <span class='ocrx_word' id='word_1_402' title='bbox 957 4347 1282 4402; x_wconf 88' lang='lat' dir='ltr'><strong>adinventas</strong></span> <span class='ocrx_word' id='word_1_403' title='bbox 1325 4349 1562 4404; x_wconf 74' lang='lat' dir='ltr'><strong>haereses</strong></span> <span class='ocrx_word' id='word_1_404' title='bbox 1594 4350 1958 4406; x_wconf 90' lang='lat' dir='ltr'><strong>anathematis</strong></span> <span class='ocrx_word' id='word_1_405' title='bbox 1999 4359 2225 4406; x_wconf 88' lang='lat' dir='ltr'><strong>senten-</strong></span> 
     </span>
    </p>
   </div>
   <div class='ocr_carea' id='block_1_63' title="bbox 637 4438 2226 4509">
    <p class='ocr_par' dir='ltr' id='par_1_63' title="bbox 637 4438 2226 4509">
     <span class='ocr_line' id='line_1_63' title="bbox 637 4438 2226 4509; baseline 0.005 -19"><span class='ocrx_word' id='word_1_406' title='bbox 637 4438 766 4491; x_wconf 90' lang='lat' dir='ltr'><strong>tiam</strong></span> <span class='ocrx_word' id='word_1_407' title='bbox 800 4439 1247 4508; x_wconf 89' lang='lat' dir='ltr'><strong>perscripsimus.</strong></span> <span class='ocrx_word' id='word_1_408' title='bbox 1282 4439 1356 4494; x_wconf 88' lang='lat' dir='ltr'><strong>De</strong></span> <span class='ocrx_word' id='word_1_409' title='bbox 1387 4439 1598 4509; x_wconf 91' lang='lat' dir='ltr'><strong>privata</strong></span> <span class='ocrx_word' id='word_1_410' title='bbox 1634 4449 1818 4495; x_wconf 87' lang='lat' dir='ltr'><strong>autem</strong></span> <span class='ocrx_word' id='word_1_411' title='bbox 1851 4442 2226 4498; x_wconf 87' lang='lat' dir='ltr'><strong>Ecclesiarum</strong></span> 
     </span>
    </p>
   </div>
   <div class='ocr_carea' id='block_1_64' title="bbox 2325 1959 3863 2034">
    <p class='ocr_par' dir='ltr' id='par_1_64' title="bbox 2325 1959 3863 2034">
     <span class='ocr_line' id='line_1_64' title="bbox 2325 1959 3863 2034; baseline -0.003 -19"><span class='ocrx_word' id='word_1_412' title='bbox 2325 1965 2432 2016; x_wconf 73' lang='grc' dir='ltr'>εἴτε</span> <span class='ocrx_word' id='word_1_413' title='bbox 2457 1963 2742 2033; x_wconf 82' lang='grc' dir='ltr'>βασιλικὰς</span> <span class='ocrx_word' id='word_1_414' title='bbox 2768 1962 3018 2028; x_wconf 83' lang='grc' dir='ltr'>ἀπειλάς,</span> <span class='ocrx_word' id='word_1_415' title='bbox 3050 1962 3158 2016; x_wconf 79' lang='grc' dir='ltr'>εἴτε</span> <span class='ocrx_word' id='word_1_416' title='bbox 3190 1963 3287 2025; x_wconf 85' lang='grc' dir='ltr'>τὰς</span> <span class='ocrx_word' id='word_1_417' title='bbox 3317 1964 3427 2016; x_wconf 82' lang='grc' dir='ltr'>τῶν</span> <span class='ocrx_word' id='word_1_418' title='bbox 3447 1962 3715 2034; x_wconf 83' lang='grc' dir='ltr'>ἀρχόντων</span> <span class='ocrx_word' id='word_1_419' title='bbox 3745 1959 3863 2028; x_wconf 86' lang='grc' dir='ltr'>ὠμό-</span> 
     </span>
    </p>
   </div>
   <div class='ocr_carea' id='block_1_65' title="bbox 2323 2052 3864 2124">
    <p class='ocr_par' dir='ltr' id='par_1_65' title="bbox 2323 2052 3864 2124">
     <span class='ocr_line' id='line_1_65' title="bbox 2323 2052 3864 2124; baseline -0.003 -18"><span class='ocrx_word' id='word_1_420' title='bbox 2323 2072 2511 2124; x_wconf 87' lang='grc' dir='ltr'>τητας,</span> <span class='ocrx_word' id='word_1_421' title='bbox 2543 2055 2653 2106; x_wconf 74' lang='grc' dir='ltr'>εἴτε</span> <span class='ocrx_word' id='word_1_422' title='bbox 2684 2054 2806 2107; x_wconf 89' lang='grc' dir='ltr'>τινὰ</span> <span class='ocrx_word' id='word_1_423' title='bbox 2829 2053 3132 2124; x_wconf 86' lang='grc' dir='ltr'>πειρασμὸν</span> <span class='ocrx_word' id='word_1_424' title='bbox 3158 2053 3346 2124; x_wconf 72' lang='grc' dir='ltr'>ἕτερον</span> <span class='ocrx_word' id='word_1_425' title='bbox 3379 2054 3534 2124; x_wconf 80' lang='grc' dir='ltr'>παρὰ</span> <span class='ocrx_word' id='word_1_426' title='bbox 3565 2053 3669 2106; x_wconf 84' lang='grc' dir='ltr'>τῶν</span> <span class='ocrx_word' id='word_1_427' title='bbox 3697 2052 3864 2120; x_wconf 80' lang='grc' dir='ltr'>αἱρετι-</span> 
     </span>
    </p>
   </div>
   <div class='ocr_carea' id='block_1_66' title="bbox 2324 2143 3864 2217">
    <p class='ocr_par' dir='ltr' id='par_1_66' title="bbox 2324 2143 3864 2217">
     <span class='ocr_line' id='line_1_66' title="bbox 2324 2143 3864 2217; baseline -0.005 -18"><span class='ocrx_word' id='word_1_428' title='bbox 2324 2147 2436 2199; x_wconf 84' lang='grc' dir='ltr'>κῶν</span> <span class='ocrx_word' id='word_1_429' title='bbox 2485 2145 2877 2217; x_wconf 82' lang='grc' dir='ltr'>ὑπεμείναμεν,</span> <span class='ocrx_word' id='word_1_430' title='bbox 2925 2147 3064 2217; x_wconf 85' lang='grc' dir='ltr'>ὑπὲρ</span> <span class='ocrx_word' id='word_1_431' title='bbox 3090 2147 3189 2216; x_wconf 85' lang='grc' dir='ltr'><strong>τῆς</strong></span> <span class='ocrx_word' id='word_1_432' title='bbox 3238 2144 3603 2215; x_wconf 85' lang='grc' dir='ltr'>εὐαγγελικῆς</span> <span class='ocrx_word' id='word_1_433' title='bbox 3647 2143 3864 2203; x_wconf 86' lang='grc' dir='ltr'>πίστεως,</span> 
     </span>
    </p>
   </div>
   <div class='ocr_carea' id='block_1_67' title="bbox 2322 2231 3868 2310">
    <p class='ocr_par' dir='ltr' id='par_1_67' title="bbox 2322 2231 3868 2310">
     <span class='ocr_line' id='line_1_67' title="bbox 2322 2231 3868 2310; baseline -0.006 -18"><span class='ocrx_word' id='word_1_434' title='bbox 2322 2239 2422 2308; x_wconf 79' lang='grc' dir='ltr'><strong>τῆς</strong></span> <span class='ocrx_word' id='word_1_435' title='bbox 2455 2241 2512 2292; x_wconf 80' lang='grc' dir='ltr'>ὲν</span> <span class='ocrx_word' id='word_1_436' title='bbox 2537 2239 2742 2310; x_wconf 85' lang='grc' dir='ltr'>Νικαίᾳ</span> <span class='ocrx_word' id='word_1_437' title='bbox 2796 2240 2893 2308; x_wconf 84' lang='grc' dir='ltr'>τῆς</span> <span class='ocrx_word' id='word_1_438' title='bbox 2919 2239 3171 2302; x_wconf 87' lang='grc' dir='ltr'>Βιθυνίας</span> <span class='ocrx_word' id='word_1_439' title='bbox 3219 2239 3376 2309; x_wconf 82' lang='grc' dir='ltr'><strong>παρά</strong></span> <span class='ocrx_word' id='word_1_440' title='bbox 3427 2237 3536 2291; x_wconf 83' lang='grc' dir='ltr'>τῶν</span> <span class='ocrx_word' id='word_1_441' title='bbox 3588 2231 3868 2305; x_wconf 77' lang='grc' dir='ltr'>τριακοσίων</span> 
     </span>
    </p>
   </div>
   <div class='ocr_carea' id='block_1_68' title="bbox 2322 2327 3868 2402">
    <p class='ocr_par' dir='ltr' id='par_1_68' title="bbox 2322 2327 3868 2402">
     <span class='ocr_line' id='line_1_68' title="bbox 2322 2327 3868 2402; baseline -0.006 -18"><span class='ocrx_word' id='word_1_442' title='bbox 2322 2333 2697 2387; x_wconf 85' lang='grc' dir='ltr'>ὀκτωκαίδεκα</span> <span class='ocrx_word' id='word_1_443' title='bbox 2746 2332 2789 2363; x_wconf 68' lang='grc'><strong>⁸⁸</strong></span> <span class='ocrx_word' id='word_1_444' title='bbox 2831 2332 3090 2402; x_wconf 87' lang='grc' dir='ltr'>Πατέρων</span> <span class='ocrx_word' id='word_1_445' title='bbox 3147 2330 3519 2402; x_wconf 83' lang='grc' dir='ltr'>κυρωθείσης,</span> <span class='ocrx_word' id='word_1_446' title='bbox 3573 2327 3868 2396; x_wconf 81' lang='grc' dir='ltr'>ὑπέστημεν.</span> 
     </span>
    </p>
   </div>
   <div class='ocr_carea' id='block_1_69' title="bbox 2323 2418 3870 2496">
    <p class='ocr_par' dir='ltr' id='par_1_69' title="bbox 2323 2418 3870 2496">
     <span class='ocr_line' id='line_1_69' title="bbox 2323 2418 3870 2496; baseline -0.008 -18"><span class='ocrx_word' id='word_1_447' title='bbox 2323 2427 2541 2495; x_wconf 83' lang='grc' dir='ltr'>Ταύτην</span> <span class='ocrx_word' id='word_1_448' title='bbox 2571 2425 2615 2457; x_wconf 63' lang='grc' dir='ltr'><strong>δ’</strong></span> <span class='ocrx_word' id='word_1_449' title='bbox 2666 2425 2775 2496; x_wconf 86' lang='grc' dir='ltr'><strong>γάρ</strong></span> <span class='ocrx_word' id='word_1_450' title='bbox 2809 2424 2902 2478; x_wconf 77' lang='grc' dir='ltr'>καὶ</span> <span class='ocrx_word' id='word_1_451' title='bbox 2935 2425 3084 2495; x_wconf 89' lang='grc' dir='ltr'>ὑμῖν,</span> <span class='ocrx_word' id='word_1_452' title='bbox 3121 2424 3218 2478; x_wconf 73' lang='grc' dir='ltr'><strong>καὶ</strong></span> <span class='ocrx_word' id='word_1_453' title='bbox 3256 2425 3422 2493; x_wconf 84' lang='grc' dir='ltr'>ἡμῖν,</span> <span class='ocrx_word' id='word_1_454' title='bbox 3477 2421 3573 2474; x_wconf 77' lang='grc' dir='ltr'>καὶ</span> <span class='ocrx_word' id='word_1_455' title='bbox 3621 2420 3747 2472; x_wconf 85' lang='grc' dir='ltr'>πᾶσι</span> <span class='ocrx_word' id='word_1_456' title='bbox 3783 2418 3870 2476; x_wconf 76' lang='grc' dir='ltr'>τοῖς</span> 
     </span>
    </p>
   </div>
   <div class='ocr_carea' id='block_1_70' title="bbox 2327 2511 3871 2588">
    <p class='ocr_par' dir='ltr' id='par_1_70' title="bbox 2327 2511 3871 2588">
     <span class='ocr_line' id='line_1_70' title="bbox 2327 2511 3871 2588; baseline -0.006 -18"><span class='ocrx_word' id='word_1_457' title='bbox 2327 2518 2402 2588; x_wconf 82' lang='grc' dir='ltr'>μὴ</span> <span class='ocrx_word' id='word_1_458' title='bbox 2447 2517 2835 2588; x_wconf 78' lang='grc' dir='ltr'>διαστρέφουσι</span> <span class='ocrx_word' id='word_1_459' title='bbox 2882 2518 2973 2570; x_wconf 81' lang='grc' dir='ltr'>τὸν</span> <span class='ocrx_word' id='word_1_460' title='bbox 3032 2516 3190 2582; x_wconf 89' lang='grc' dir='ltr'>λόγον</span> <span class='ocrx_word' id='word_1_461' title='bbox 3237 2517 3334 2586; x_wconf 81' lang='grc' dir='ltr'>τῆς</span> <span class='ocrx_word' id='word_1_462' title='bbox 3397 2513 3629 2585; x_wconf 78' lang='grc' dir='ltr'>ἀληθοῦς</span> <span class='ocrx_word' id='word_1_463' title='bbox 3679 2511 3871 2570; x_wconf 78' lang='grc' dir='ltr'>πίστεως</span> 
     </span>
    </p>
   </div>
   <div class='ocr_carea' id='block_1_71' title="bbox 2326 2599 3872 2678">
    <p class='ocr_par' dir='ltr' id='par_1_71' title="bbox 2326 2599 3872 2678">
     <span class='ocr_line' id='line_1_71' title="bbox 2326 2599 3872 2678; baseline -0.008 -17"><span class='ocrx_word' id='word_1_464' title='bbox 2326 2608 2680 2678; x_wconf 90' lang='grc' dir='ltr'>συναρέσκειν</span> <span class='ocrx_word' id='word_1_465' title='bbox 2709 2609 2809 2672; x_wconf 87' lang='grc' dir='ltr'>δεῖ,</span> <span class='ocrx_word' id='word_1_466' title='bbox 2838 2606 3222 2678; x_wconf 76' lang='grc' dir='ltr'>πρεσϐυτάτην</span> <span class='ocrx_word' id='word_1_467' title='bbox 3252 2601 3430 2660; x_wconf 79' lang='grc' dir='ltr'>οὖσαν</span> <span class='ocrx_word' id='word_1_468' title='bbox 3460 2604 3526 2670; x_wconf 72' lang='grc'>⁸⁸,</span> <span class='ocrx_word' id='word_1_469' title='bbox 3567 2602 3657 2656; x_wconf 80' lang='grc' dir='ltr'>καὶ</span> <span class='ocrx_word' id='word_1_470' title='bbox 3689 2599 3872 2654; x_wconf 76' lang='grc' dir='ltr'>ἀκόλου-</span> 
     </span>
    </p>
   </div>
   <div class='ocr_carea' id='block_1_72' title="bbox 2325 2689 3874 2771">
    <p class='ocr_par' dir='ltr' id='par_1_72' title="bbox 2325 2689 3874 2771">
     <span class='ocr_line' id='line_1_72' title="bbox 2325 2689 3874 2771; baseline -0.008 -19"><span class='ocrx_word' id='word_1_471' title='bbox 2325 2699 2416 2753; x_wconf 87' lang='grc' dir='ltr'>Θον</span> <span class='ocrx_word' id='word_1_472' title='bbox 2453 2699 2530 2771; x_wconf 81' lang='grc' dir='ltr'>τῷ</span> <span class='ocrx_word' id='word_1_473' title='bbox 2561 2699 2920 2770; x_wconf 79' lang='grc' dir='ltr'>βαπτίσματι,</span> <span class='ocrx_word' id='word_1_474' title='bbox 2949 2699 3044 2752; x_wconf 80' lang='grc' dir='ltr'><strong>καὶ</strong></span> <span class='ocrx_word' id='word_1_475' title='bbox 3067 2699 3432 2753; x_wconf 81' lang='grc' dir='ltr'>διδάσκουσαν</span> <span class='ocrx_word' id='word_1_476' title='bbox 3465 2698 3613 2767; x_wconf 76' lang='grc' dir='ltr'>ἡμᾶς</span> <span class='ocrx_word' id='word_1_477' title='bbox 3642 2689 3874 2747; x_wconf 80' lang='grc' dir='ltr'>πιστεύειν</span> 
     </span>
    </p>
   </div>
   <div class='ocr_carea' id='block_1_73' title="bbox 2324 2778 3873 2860">
    <p class='ocr_par' dir='ltr' id='par_1_73' title="bbox 2324 2778 3873 2860">
     <span class='ocr_line' id='line_1_73' title="bbox 2324 2778 3873 2860; baseline -0.008 -18"><span class='ocrx_word' id='word_1_478' title='bbox 2324 2791 2403 2854; x_wconf 87' lang='grc' dir='ltr'><strong>εἰς</strong></span> <span class='ocrx_word' id='word_1_479' title='bbox 2429 2791 2490 2843; x_wconf 80' lang='grc' dir='ltr'>τὸ</span> <span class='ocrx_word' id='word_1_480' title='bbox 2535 2791 2708 2860; x_wconf 75' lang='grc' dir='ltr'>ὄνομα</span> <span class='ocrx_word' id='word_1_481' title='bbox 2754 2789 2848 2844; x_wconf 88' lang='grc' dir='ltr'><strong>τοῦ</strong></span> <span class='ocrx_word' id='word_1_482' title='bbox 2907 2790 3141 2859; x_wconf 80' lang='grc' dir='ltr'>ΙΙατρὸς,</span> <span class='ocrx_word' id='word_1_483' title='bbox 3193 2790 3288 2842; x_wconf 76' lang='grc' dir='ltr'>καὶ</span> <span class='ocrx_word' id='word_1_484' title='bbox 3336 2789 3442 2842; x_wconf 86' lang='grc' dir='ltr'>τοῦ</span> <span class='ocrx_word' id='word_1_485' title='bbox 3496 2787 3654 2848; x_wconf 88' lang='grc' dir='ltr'>Υἰοῦ,</span> <span class='ocrx_word' id='word_1_486' title='bbox 3690 2778 3873 2838; x_wconf 73' lang='grc' dir='ltr'>καὶτοῦ</span> 
     </span>
    </p>
   </div>
   <div class='ocr_carea' id='block_1_74' title="bbox 2325 2876 3870 2952">
    <p class='ocr_par' dir='ltr' id='par_1_74' title="bbox 2325 2876 3870 2952">
     <span class='ocr_line' id='line_1_74' title="bbox 2325 2876 3870 2952; baseline -0.007 -16"><span class='ocrx_word' id='word_1_487' title='bbox 2325 2883 2482 2950; x_wconf 83' lang='grc' dir='ltr'>ἁγίου</span> <span class='ocrx_word' id='word_1_488' title='bbox 2525 2881 2860 2952; x_wconf 83' lang='grc' dir='ltr'>Πνεύματος.</span> <span class='ocrx_word' id='word_1_489' title='bbox 2880 2881 3088 2951; x_wconf 76' lang='grc' dir='ltr'>Δηλαδη</span> <span class='ocrx_word' id='word_1_490' title='bbox 3121 2879 3382 2950; x_wconf 78' lang='grc' dir='ltr'>θεότητος</span> <span class='ocrx_word' id='word_1_491' title='bbox 3413 2879 3458 2910; x_wconf 70' lang='grc'>⁸⁸</span> <span class='ocrx_word' id='word_1_492' title='bbox 3496 2878 3590 2931; x_wconf 72' lang='grc' dir='ltr'><strong>καὶ</strong></span> <span class='ocrx_word' id='word_1_493' title='bbox 3617 2876 3870 2944; x_wconf 82' lang='grc' dir='ltr'>δυνάμεως,</span> 
     </span>
    </p>
   </div>
   <div class='ocr_carea' id='block_1_75' title="bbox 2326 2961 3872 3044">
    <p class='ocr_par' dir='ltr' id='par_1_75' title="bbox 2326 2961 3872 3044">
     <span class='ocr_line' id='line_1_75' title="bbox 2326 2961 3872 3044; baseline -0.007 -15"><span class='ocrx_word' id='word_1_494' title='bbox 2326 2975 2420 3029; x_wconf 71' lang='grc' dir='ltr'><strong>καὶ</strong></span> <span class='ocrx_word' id='word_1_495' title='bbox 2446 2975 2634 3038; x_wconf 87' lang='grc' dir='ltr'>οὐσίας</span> <span class='ocrx_word' id='word_1_496' title='bbox 2670 2975 2797 3042; x_wconf 81' lang='grc' dir='ltr'>μιᾶς</span> <span class='ocrx_word' id='word_1_497' title='bbox 2821 2973 2915 3026; x_wconf 90' lang='grc' dir='ltr'><strong>τοῦ</strong></span> <span class='ocrx_word' id='word_1_498' title='bbox 2950 2973 3188 3044; x_wconf 66' lang='grc' dir='ltr'>Πατρός,</span> <span class='ocrx_word' id='word_1_499' title='bbox 3224 2972 3322 3025; x_wconf 71' lang='grc' dir='ltr'><strong>καὶ</strong></span> <span class='ocrx_word' id='word_1_500' title='bbox 3377 2971 3475 3024; x_wconf 90' lang='grc' dir='ltr'><strong>τοῦ</strong></span> <span class='ocrx_word' id='word_1_501' title='bbox 3504 2969 3656 3034; x_wconf 81' lang='grc' dir='ltr'>Υἰοῦ,</span> <span class='ocrx_word' id='word_1_502' title='bbox 3683 2968 3765 3020; x_wconf 78' lang='grc' dir='ltr'><strong>καὶ</strong></span> <span class='ocrx_word' id='word_1_503' title='bbox 3803 2961 3872 3014; x_wconf 80' lang='grc' dir='ltr'>τοῦ</span> 
     </span>
    </p>
   </div>
   <div class='ocr_carea' id='block_1_76' title="bbox 2327 3055 3872 3138">
    <p class='ocr_par' dir='ltr' id='par_1_76' title="bbox 2327 3055 3872 3138">
     <span class='ocr_line' id='line_1_76' title="bbox 2327 3055 3872 3138; baseline -0.005 -16"><span class='ocrx_word' id='word_1_504' title='bbox 2327 3069 2486 3138; x_wconf 88' lang='grc' dir='ltr'>ἁγίου</span> <span class='ocrx_word' id='word_1_505' title='bbox 2542 3065 2861 3137; x_wconf 74' lang='grc' dir='ltr'>Πνεῦματος</span> <span class='ocrx_word' id='word_1_506' title='bbox 2922 3065 3344 3136; x_wconf 86' lang='grc' dir='ltr'>πιστευομένης,</span> <span class='ocrx_word' id='word_1_507' title='bbox 3398 3064 3660 3135; x_wconf 85' lang='grc' dir='ltr'>όμοτίμου</span> <span class='ocrx_word' id='word_1_508' title='bbox 3708 3077 3763 3112; x_wconf 88' lang='grc' dir='ltr'><strong>τε</strong></span> <span class='ocrx_word' id='word_1_509' title='bbox 3802 3055 3872 3122; x_wconf 75' lang='grc' dir='ltr'><strong>τῆς</strong></span> 
     </span>
    </p>
   </div>
   <div class='ocr_carea' id='block_1_77' title="bbox 2325 3153 3873 3227">
    <p class='ocr_par' dir='ltr' id='par_1_77' title="bbox 2325 3153 3873 3227">
     <span class='ocr_line' id='line_1_77' title="bbox 2325 3153 3873 3227; baseline -0.01 -13"><span class='ocrx_word' id='word_1_510' title='bbox 2325 3161 2506 3225; x_wconf 82' lang='grc' dir='ltr'>ἀξίας,</span> <span class='ocrx_word' id='word_1_511' title='bbox 2540 3159 2634 3212; x_wconf 75' lang='grc' dir='ltr'>καὶ</span> <span class='ocrx_word' id='word_1_512' title='bbox 2687 3158 2962 3212; x_wconf 85' lang='grc' dir='ltr'>συναῖδίου</span> <span class='ocrx_word' id='word_1_513' title='bbox 3001 3157 3100 3227; x_wconf 84' lang='grc' dir='ltr'>τῆς</span> <span class='ocrx_word' id='word_1_514' title='bbox 3148 3156 3458 3227; x_wconf 76' lang='grc' dir='ltr'>βασιλείας,</span> <span class='ocrx_word' id='word_1_515' title='bbox 3523 3158 3581 3208; x_wconf 83' lang='grc' dir='ltr'><strong>ὲν</strong></span> <span class='ocrx_word' id='word_1_516' title='bbox 3628 3153 3763 3225; x_wconf 85' lang='grc' dir='ltr'>τρισὶ</span> <span class='ocrx_word' id='word_1_517' title='bbox 3809 3163 3873 3199; x_wconf 81' lang='grc' dir='ltr'><strong>τε·</strong></span> 
     </span>
    </p>
   </div>
   <div class='ocr_carea' id='block_1_78' title="bbox 2325 3247 3874 3318">
    <p class='ocr_par' dir='ltr' id='par_1_78' title="bbox 2325 3247 3874 3318">
     <span class='ocr_line' id='line_1_78' title="bbox 2325 3247 3874 3318; baseline -0.008 -13"><span class='ocrx_word' id='word_1_518' title='bbox 2325 3253 2498 3316; x_wconf 86' lang='grc' dir='ltr'>λείαις</span> <span class='ocrx_word' id='word_1_519' title='bbox 2529 3251 2577 3283; x_wconf 68' lang='grc'><strong>⁸⁸</strong></span> <span class='ocrx_word' id='word_1_520' title='bbox 2630 3251 3014 3314; x_wconf 78' lang='grc' dir='ltr'>ὑποστάσεσιν,</span> <span class='ocrx_word' id='word_1_521' title='bbox 3069 3249 3236 3318; x_wconf 75' lang='grc' dir='ltr'>ἤγουν</span> <span class='ocrx_word' id='word_1_522' title='bbox 3281 3249 3444 3316; x_wconf 68' lang='grc' dir='ltr'>τρισὶ</span> <span class='ocrx_word' id='word_1_523' title='bbox 3477 3247 3700 3308; x_wconf 89' lang='grc' dir='ltr'>τελείοις</span> <span class='ocrx_word' id='word_1_524' title='bbox 3746 3254 3874 3312; x_wconf 74' lang='grc' dir='ltr'>προσ-</span> 
     </span>
    </p>
   </div>
   <div class='ocr_carea' id='block_1_79' title="bbox 2323 3331 3874 3415">
    <p class='ocr_par' dir='ltr' id='par_1_79' title="bbox 2323 3331 3874 3415">
     <span class='ocr_line' id='line_1_79' title="bbox 2323 3331 3874 3415; baseline -0.013 -15"><span class='ocrx_word' id='word_1_525' title='bbox 2323 3346 2516 3408; x_wconf 59' lang='grc' dir='ltr'>ώποις</span> <span class='ocrx_word' id='word_1_526' title='bbox 2547 3343 2621 3408; x_wconf 83' lang='grc' dir='ltr'>ὡς</span> <span class='ocrx_word' id='word_1_527' title='bbox 2659 3345 2798 3415; x_wconf 84' lang='grc' dir='ltr'>μήτε</span> <span class='ocrx_word' id='word_1_528' title='bbox 2848 3342 2947 3415; x_wconf 84' lang='grc' dir='ltr'><strong>τὴν</strong></span> <span class='ocrx_word' id='word_1_529' title='bbox 2998 3339 3288 3395; x_wconf 80' lang='grc' dir='ltr'>Σαϐελλίου</span> <span class='ocrx_word' id='word_1_530' title='bbox 3330 3342 3497 3395; x_wconf 81' lang='grc' dir='ltr'>νόσον</span> <span class='ocrx_word' id='word_1_531' title='bbox 3526 3337 3706 3411; x_wconf 82' lang='grc' dir='ltr'>χώραν</span> <span class='ocrx_word' id='word_1_532' title='bbox 3729 3331 3874 3387; x_wconf 78' lang='grc' dir='ltr'>λαϐεῖν</span> 
     </span>
    </p>
   </div>
   <div class='ocr_carea' id='block_1_80' title="bbox 2327 3426 3874 3508">
    <p class='ocr_par' dir='ltr' id='par_1_80' title="bbox 2327 3426 3874 3508">
     <span class='ocr_line' id='line_1_80' title="bbox 2327 3426 3874 3508; baseline -0.008 -17"><span class='ocrx_word' id='word_1_533' title='bbox 2327 3437 2708 3508; x_wconf 85' lang='grc' dir='ltr'>συγχεομένων</span> <span class='ocrx_word' id='word_1_534' title='bbox 2733 3435 2841 3489; x_wconf 83' lang='grc' dir='ltr'><strong>τῶν</strong></span> <span class='ocrx_word' id='word_1_535' title='bbox 2875 3434 3248 3500; x_wconf 87' lang='grc' dir='ltr'>ὑποστάσεων,</span> <span class='ocrx_word' id='word_1_536' title='bbox 3279 3433 3472 3486; x_wconf 82' lang='grc' dir='ltr'>εἰτοῦν</span> <span class='ocrx_word' id='word_1_537' title='bbox 3508 3431 3618 3485; x_wconf 83' lang='grc' dir='ltr'><strong>τῶν</strong></span> <span class='ocrx_word' id='word_1_538' title='bbox 3648 3426 3874 3496; x_wconf 75' lang='grc' dir='ltr'>ἰδιοτὴτων</span> 
     </span>
    </p>
   </div>
   <div class='ocr_carea' id='block_1_81' title="bbox 2326 3510 3875 3600">
    <p class='ocr_par' dir='ltr' id='par_1_81' title="bbox 2326 3510 3875 3600">
     <span class='ocr_line' id='line_1_81' title="bbox 2326 3510 3875 3600; baseline -0.013 -16"><span class='ocrx_word' id='word_1_539' title='bbox 2326 3517 2756 3600; x_wconf 84' lang='grc' dir='ltr'>ἀναιρουμένων·</span> <span class='ocrx_word' id='word_1_540' title='bbox 2811 3527 2949 3598; x_wconf 82' lang='grc' dir='ltr'>μήτε</span> <span class='ocrx_word' id='word_1_541' title='bbox 3003 3524 3110 3597; x_wconf 84' lang='grc' dir='ltr'><strong>μὴν</strong></span> <span class='ocrx_word' id='word_1_542' title='bbox 3157 3525 3268 3578; x_wconf 79' lang='grc' dir='ltr'>τῶν</span> <span class='ocrx_word' id='word_1_543' title='bbox 3307 3524 3352 3556; x_wconf 72' lang='grc'><strong>⁸⁸</strong></span> <span class='ocrx_word' id='word_1_544' title='bbox 3409 3519 3770 3593; x_wconf 82' lang='grc' dir='ltr'>Εὑνομιανῶν,</span> <span class='ocrx_word' id='word_1_545' title='bbox 3809 3510 3875 3566; x_wconf 74' lang='grc' dir='ltr'>καὶ</span> 
     </span>
    </p>
   </div>
   <div class='ocr_carea' id='block_1_82' title="bbox 2337 3605 3874 3693">
    <p class='ocr_par' dir='ltr' id='par_1_82' title="bbox 2337 3605 3874 3693">
     <span class='ocr_line' id='line_1_82' title="bbox 2337 3605 3874 3693; baseline -0.012 -19"><span class='ocrx_word' id='word_1_546' title='bbox 2337 3619 2656 3693; x_wconf 84' lang='grc' dir='ltr'>Ἀρειανῶν,</span> <span class='ocrx_word' id='word_1_547' title='bbox 2695 3620 2790 3671; x_wconf 62' lang='grc' dir='ltr'><strong>καὶ⁵</strong></span> <span class='ocrx_word' id='word_1_548' title='bbox 2823 3617 3303 3687; x_wconf 84' lang='grc' dir='ltr'>Πνευματομάχων</span> <span class='ocrx_word' id='word_1_549' title='bbox 3341 3617 3451 3688; x_wconf 78' lang='grc' dir='ltr'>τὴν</span> <span class='ocrx_word' id='word_1_550' title='bbox 3491 3616 3535 3648; x_wconf 69' lang='grc'><strong>⁸⁷</strong></span> <span class='ocrx_word' id='word_1_551' title='bbox 3574 3605 3874 3685; x_wconf 80' lang='grc' dir='ltr'>βλασφημίαν</span> 
     </span>
    </p>
   </div>
   <div class='ocr_carea' id='block_1_83' title="bbox 2329 3702 3874 3785">
    <p class='ocr_par' dir='ltr' id='par_1_83' title="bbox 2329 3702 3874 3785">
     <span class='ocr_line' id='line_1_83' title="bbox 2329 3702 3874 3785; baseline -0.007 -19"><span class='ocrx_word' id='word_1_552' title='bbox 2329 3711 2552 3785; x_wconf 78' lang='grc' dir='ltr'>ἰσχύειν,</span> <span class='ocrx_word' id='word_1_553' title='bbox 2577 3713 2676 3781; x_wconf 81' lang='grc' dir='ltr'><strong>τῆς</strong></span> <span class='ocrx_word' id='word_1_554' title='bbox 2698 3709 2907 3774; x_wconf 80' lang='grc' dir='ltr'>οὐσίας,</span> <span class='ocrx_word' id='word_1_555' title='bbox 2972 3710 3005 3779; x_wconf 84' lang='grc' dir='ltr'><strong>ἢ</strong></span> <span class='ocrx_word' id='word_1_556' title='bbox 3040 3708 3139 3777; x_wconf 80' lang='grc' dir='ltr'>τῆς</span> <span class='ocrx_word' id='word_1_557' title='bbox 3175 3707 3420 3775; x_wconf 85' lang='grc' dir='ltr'>φύσεως,</span> <span class='ocrx_word' id='word_1_558' title='bbox 3457 3707 3490 3777; x_wconf 80' lang='grc' dir='ltr'>ἢ</span> <span class='ocrx_word' id='word_1_559' title='bbox 3527 3707 3631 3774; x_wconf 81' lang='grc' dir='ltr'>τῆς</span> <span class='ocrx_word' id='word_1_560' title='bbox 3665 3702 3874 3768; x_wconf 84' lang='grc' dir='ltr'>θεότητος</span> 
     </span>
    </p>
   </div>
   <div class='ocr_carea' id='block_1_84' title="bbox 2325 3790 3876 3872">
    <p class='ocr_par' dir='ltr' id='par_1_84' title="bbox 2325 3790 3876 3872">
     <span class='ocr_line' id='line_1_84' title="bbox 2325 3790 3876 3872; baseline -0.01 -18"><span class='ocrx_word' id='word_1_561' title='bbox 2325 3800 2685 3872; x_wconf 87' lang='grc' dir='ltr'>τεμνομένης,</span> <span class='ocrx_word' id='word_1_562' title='bbox 2720 3799 2814 3851; x_wconf 72' lang='grc' dir='ltr'>καὶ</span> <span class='ocrx_word' id='word_1_563' title='bbox 2843 3799 2908 3868; x_wconf 80' lang='grc' dir='ltr'><strong>τῇ</strong></span> <span class='ocrx_word' id='word_1_564' title='bbox 2937 3796 3180 3866; x_wconf 85' lang='grc' dir='ltr'>ἀκτίστῳ</span> <span class='ocrx_word' id='word_1_565' title='bbox 3217 3795 3313 3848; x_wconf 72' lang='grc' dir='ltr'><strong>καὶ</strong></span> <span class='ocrx_word' id='word_1_566' title='bbox 3355 3795 3637 3865; x_wconf 80' lang='grc' dir='ltr'>ὁμοουσίῳ</span> <span class='ocrx_word' id='word_1_567' title='bbox 3670 3790 3758 3845; x_wconf 69' lang='grc' dir='ltr'><strong>καὶ</strong></span> <span class='ocrx_word' id='word_1_568' title='bbox 3785 3801 3876 3872; x_wconf 55' lang='grc' dir='ltr'>συνῇ</span> 
     </span>
    </p>
   </div>
   <div class='ocr_carea' id='block_1_85' title="bbox 2325 3871 3877 3963">
    <p class='ocr_par' dir='ltr' id='par_1_85' title="bbox 2325 3871 3877 3963">
     <span class='ocr_line' id='line_1_85' title="bbox 2325 3871 3877 3963; baseline -0.009 -16"><span class='ocrx_word' id='word_1_569' title='bbox 2325 3871 2480 3962; x_wconf 86' lang='grc' dir='ltr'>αῖδίῳ</span> <span class='ocrx_word' id='word_1_570' title='bbox 2520 3890 2712 3963; x_wconf 86' lang='grc' dir='ltr'>Τριάδι</span> <span class='ocrx_word' id='word_1_571' title='bbox 2771 3887 3239 3959; x_wconf 87' lang='grc' dir='ltr'>μεταγενεστέρας</span> <span class='ocrx_word' id='word_1_572' title='bbox 3275 3885 3450 3950; x_wconf 81' lang='grc' dir='ltr'>τινὸς,</span> <span class='ocrx_word' id='word_1_573' title='bbox 3505 3885 3539 3957; x_wconf 81' lang='grc' dir='ltr'><strong>ἦ</strong></span> <span class='ocrx_word' id='word_1_574' title='bbox 3587 3882 3814 3950; x_wconf 83' lang='grc' dir='ltr'>κτιστῆς,</span> <span class='ocrx_word' id='word_1_575' title='bbox 3856 3871 3877 3938; x_wconf 73' lang='grc' dir='ltr'><strong>ἢ</strong></span> 
     </span>
    </p>
   </div>
   <div class='ocr_carea' id='block_1_86' title="bbox 2327 3971 3881 4056">
    <p class='ocr_par' dir='ltr' id='par_1_86' title="bbox 2327 3971 3881 4056">
     <span class='ocr_line' id='line_1_86' title="bbox 2327 3971 3881 4056; baseline -0.015 -18"><span class='ocrx_word' id='word_1_576' title='bbox 2327 3983 2669 4056; x_wconf 80' lang='grc' dir='ltr'>ἑτεροουσίου</span> <span class='ocrx_word' id='word_1_577' title='bbox 2710 3980 2926 4051; x_wconf 85' lang='grc' dir='ltr'>φύσεως</span> <span class='ocrx_word' id='word_1_578' title='bbox 2971 3977 3345 4048; x_wconf 82' lang='grc' dir='ltr'>ὲπαγομένης.</span> <span class='ocrx_word' id='word_1_579' title='bbox 3380 3978 3497 4032; x_wconf 71' lang='grc' dir='ltr'><strong>Καὶ</strong></span> <span class='ocrx_word' id='word_1_580' title='bbox 3534 3977 3627 4030; x_wconf 84' lang='grc' dir='ltr'><strong>τὸν</strong></span> <span class='ocrx_word' id='word_1_581' title='bbox 3654 3974 3747 4044; x_wconf 80' lang='grc' dir='ltr'><strong>τῆς</strong></span> <span class='ocrx_word' id='word_1_582' title='bbox 3768 3971 3881 4022; x_wconf 77' lang='grc' dir='ltr'>ἐναν-</span> 
     </span>
    </p>
   </div>
   <div class='ocr_carea' id='block_1_87' title="bbox 2327 4060 3884 4159">
    <p class='ocr_par' dir='ltr' id='par_1_87' title="bbox 2327 4060 3884 4159">
     <span class='ocr_line' id='line_1_87' title="bbox 2327 4060 3884 4159; baseline -0.028 -7"><span class='ocrx_word' id='word_1_583' title='bbox 2327 4078 2667 4150; x_wconf 76' lang='grc' dir='ltr'><strong>θρωπήσεως</strong></span> <span class='ocrx_word' id='word_1_584' title='bbox 2717 4073 2773 4127; x_wconf 81' lang='grc' dir='ltr'>δὲ</span> <span class='ocrx_word' id='word_1_585' title='bbox 2821 4072 2917 4126; x_wconf 82' lang='grc' dir='ltr'>τοῦ</span> <span class='ocrx_word' id='word_1_586' title='bbox 2976 4071 3184 4142; x_wconf 83' lang='grc' dir='ltr'>Κυρίου</span> <span class='ocrx_word' id='word_1_587' title='bbox 3218 4070 3381 4139; x_wconf 79' lang='grc' dir='ltr'>λόγον</span> <span class='ocrx_word' id='word_1_588' title='bbox 3426 4070 3782 4138; x_wconf 73' lang='grc' dir='ltr'>ἀδιάστροφον</span> <span class='ocrx_word' id='word_1_589' title='bbox 3808 4060 3884 4159; x_wconf 59' lang='grc' dir='ltr'>σιδ-</span> 
     </span>
    </p>
   </div>
   <div class='ocr_carea' id='block_1_88' title="bbox 2327 4159 3875 4238">
    <p class='ocr_par' dir='ltr' id='par_1_88' title="bbox 2327 4159 3875 4238">
     <span class='ocr_line' id='line_1_88' title="bbox 2327 4159 3875 4238; baseline -0.01 -16"><span class='ocrx_word' id='word_1_590' title='bbox 2327 4168 2516 4238; x_wconf 76' lang='grc' dir='ltr'>ζομεν,</span> <span class='ocrx_word' id='word_1_591' title='bbox 2570 4166 2693 4220; x_wconf 77' lang='grc' dir='ltr'>οῦτε</span> <span class='ocrx_word' id='word_1_592' title='bbox 2733 4164 2963 4234; x_wconf 75' lang='grc' dir='ltr'>ἄψυχον,</span> <span class='ocrx_word' id='word_1_593' title='bbox 3009 4162 3133 4215; x_wconf 75' lang='grc' dir='ltr'>οὕτε</span> <span class='ocrx_word' id='word_1_594' title='bbox 3169 4162 3350 4226; x_wconf 81' lang='grc' dir='ltr'>ἄνουν,</span> <span class='ocrx_word' id='word_1_595' title='bbox 3396 4161 3430 4230; x_wconf 84' lang='grc' dir='ltr'>ἢ</span> <span class='ocrx_word' id='word_1_596' title='bbox 3469 4161 3638 4230; x_wconf 85' lang='grc' dir='ltr'>ἁτελῆ</span> <span class='ocrx_word' id='word_1_597' title='bbox 3665 4159 3758 4228; x_wconf 78' lang='grc' dir='ltr'><strong>τὴν</strong></span> <span class='ocrx_word' id='word_1_598' title='bbox 3805 4162 3875 4217; x_wconf 71' lang='grc' dir='ltr'><strong>της</strong></span> 
     </span>
    </p>
   </div>
   <div class='ocr_carea' id='block_1_89' title="bbox 2330 4245 3879 4332">
    <p class='ocr_par' dir='ltr' id='par_1_89' title="bbox 2330 4245 3879 4332">
     <span class='ocr_line' id='line_1_89' title="bbox 2330 4245 3879 4332; baseline -0.014 -18"><span class='ocrx_word' id='word_1_599' title='bbox 2330 4260 2531 4332; x_wconf 81' lang='grc' dir='ltr'>σαρκὸς</span> <span class='ocrx_word' id='word_1_600' title='bbox 2574 4258 2889 4328; x_wconf 84' lang='grc' dir='ltr'>οἰκονομίαν</span> <span class='ocrx_word' id='word_1_601' title='bbox 2935 4253 3394 4326; x_wconf 83' lang='grc' dir='ltr'>παραδεχόμενοι·</span> <span class='ocrx_word' id='word_1_602' title='bbox 3433 4253 3558 4306; x_wconf 85' lang='grc' dir='ltr'>ὅλον</span> <span class='ocrx_word' id='word_1_603' title='bbox 3611 4251 3668 4304; x_wconf 84' lang='grc' dir='ltr'><strong>δὲ</strong></span> <span class='ocrx_word' id='word_1_604' title='bbox 3716 4245 3879 4332; x_wconf 66' lang='grc' dir='ltr'>εἰδότες</span> 
     </span>
    </p>
   </div>
   <div class='ocr_carea' id='block_1_90' title="bbox 2327 4328 3884 4421">
    <p class='ocr_par' dir='ltr' id='par_1_90' title="bbox 2327 4328 3884 4421">
     <span class='ocr_line' id='line_1_90' title="bbox 2327 4328 3884 4421; baseline -0.012 -16"><span class='ocrx_word' id='word_1_605' title='bbox 2327 4328 2530 4405; x_wconf 80' lang='grc' dir='ltr'>τέλειον</span> <span class='ocrx_word' id='word_1_606' title='bbox 2556 4351 2653 4421; x_wconf 78' lang='grc' dir='ltr'><strong>μὲν</strong></span> <span class='ocrx_word' id='word_1_607' title='bbox 2681 4351 2812 4403; x_wconf 75' lang='grc' dir='ltr'>ὄντα</span> <span class='ocrx_word' id='word_1_608' title='bbox 2853 4348 2959 4419; x_wconf 80' lang='grc' dir='ltr'><strong>πρὸ</strong></span> <span class='ocrx_word' id='word_1_609' title='bbox 2986 4346 3197 4401; x_wconf 82' lang='grc' dir='ltr'>αἰώνων</span> <span class='ocrx_word' id='word_1_610' title='bbox 3217 4344 3353 4397; x_wconf 86' lang='grc' dir='ltr'>Θεοῦ</span> <span class='ocrx_word' id='word_1_611' title='bbox 3399 4346 3599 4413; x_wconf 87' lang='grc' dir='ltr'>Λόγον,</span> <span class='ocrx_word' id='word_1_612' title='bbox 3633 4342 3822 4394; x_wconf 85' lang='grc' dir='ltr'>τέλειον</span> <span class='ocrx_word' id='word_1_613' title='bbox 3845 4328 3884 4382; x_wconf 77' lang='grc' dir='ltr'>δὲ</span> 
     </span>
    </p>
   </div>
   <div class='ocr_carea' id='block_1_91' title="bbox 2329 4428 3888 4513">
    <p class='ocr_par' dir='ltr' id='par_1_91' title="bbox 2329 4428 3888 4513">
     <span class='ocr_line' id='line_1_91' title="bbox 2329 4428 3888 4513; baseline -0.012 -15"><span class='ocrx_word' id='word_1_614' title='bbox 2329 4443 2616 4513; x_wconf 82' lang='grc' dir='ltr'>ἄνθρωπον</span> <span class='ocrx_word' id='word_1_615' title='bbox 2645 4441 2730 4494; x_wconf 76' lang='grc' dir='ltr'><strong>ἐπ’</strong></span> <span class='ocrx_word' id='word_1_616' title='bbox 2751 4441 2997 4512; x_wconf 81' lang='grc' dir='ltr'>ἐσχάτων</span> <span class='ocrx_word' id='word_1_617' title='bbox 3022 4439 3132 4492; x_wconf 83' lang='grc' dir='ltr'><strong>τῶν</strong></span> <span class='ocrx_word' id='word_1_618' title='bbox 3159 4437 3387 4508; x_wconf 77' lang='grc' dir='ltr'>ἡμερῶν</span> <span class='ocrx_word' id='word_1_619' title='bbox 3411 4436 3504 4490; x_wconf 83' lang='grc' dir='ltr'><strong>διὰ</strong></span> <span class='ocrx_word' id='word_1_620' title='bbox 3520 4437 3622 4506; x_wconf 86' lang='grc' dir='ltr'><strong>τὴν</strong></span> <span class='ocrx_word' id='word_1_621' title='bbox 3650 4428 3888 4503; x_wconf 80' lang='grc' dir='ltr'>ἡμετέραν</span> 
     </span>
    </p>
   </div>
   <div class='ocr_carea' id='block_1_92' title="bbox 635 4513 2221 4626">
    <p class='ocr_par' dir='ltr' id='par_1_92' title="bbox 635 4529 2221 4603">
     <span class='ocr_line' id='line_1_92' title="bbox 635 4529 2221 4603; baseline 0.004 -20"><span class='ocrx_word' id='word_1_622' title='bbox 635 4529 1131 4595; x_wconf 90' lang='lat' dir='ltr'><strong>administratione,</strong></span> <span class='ocrx_word' id='word_1_623' title='bbox 1169 4531 1449 4599; x_wconf 87' lang='lat' dir='ltr'><strong>antiquus,</strong></span> <span class='ocrx_word' id='word_1_624' title='bbox 1477 4538 1537 4583; x_wconf 92' lang='lat' dir='ltr'><strong>ut</strong></span> <span class='ocrx_word' id='word_1_625' title='bbox 1564 4532 1740 4596; x_wconf 85' lang='lat' dir='ltr'><strong>scitis,</strong></span> <span class='ocrx_word' id='word_1_626' title='bbox 1786 4547 1905 4588; x_wconf 92' lang='lat' dir='ltr'><strong>mos</strong></span> <span class='ocrx_word' id='word_1_627' title='bbox 1947 4533 2221 4603; x_wconf 89' lang='lat' dir='ltr'><strong>obtinuit,</strong></span> 
     </span>
    </p>
   </div>
   <div class='ocr_carea' id='block_1_93' title="bbox 2326 4513 3886 4626">
    <p class='ocr_par' dir='ltr' id='par_1_93' title="bbox 2331 4513 3886 4626">
     <span class='ocr_line' id='line_1_93' title="bbox 2331 4513 3886 4626; baseline -0.015 -37"><span class='ocrx_word' id='word_1_628' title='bbox 2331 4533 2485 4606; x_wconf 71' lang='lat' dir='ltr'><strong>[2M]</strong></span> <span class='ocrx_word' id='word_1_629' title='bbox 2526 4533 2800 4606; x_wconf 90' lang='grc' dir='ltr'>σωτηρίαν</span> <span class='ocrx_word' id='word_1_630' title='bbox 2833 4533 3149 4601; x_wconf 90' lang='grc' dir='ltr'>γενόμενον.</span> <span class='ocrx_word' id='word_1_631' title='bbox 3181 4529 3262 4582; x_wconf 79' lang='grc' dir='ltr'><strong>Τὰ</strong></span> <span class='ocrx_word' id='word_1_632' title='bbox 3287 4529 3385 4599; x_wconf 86' lang='grc' dir='ltr'>μὲν</span> <span class='ocrx_word' id='word_1_633' title='bbox 3409 4525 3507 4582; x_wconf 85' lang='grc' dir='ltr'><strong>οῦν</strong></span> <span class='ocrx_word' id='word_1_634' title='bbox 3535 4525 3680 4580; x_wconf 73' lang='grc' dir='ltr'>κατὰ</span> <span class='ocrx_word' id='word_1_635' title='bbox 3707 4521 3797 4626; x_wconf 70' lang='grc' dir='ltr'><strong>τὴν</strong></span> <span class='ocrx_word' id='word_1_636' title='bbox 3823 4513 3886 4567; x_wconf 77' lang='grc' dir='ltr'>πί-</span> 
     </span>
    </p>
   </div>
   <div class='ocr_carea' id='block_1_94' title="bbox 636 4622 2223 4699">
    <p class='ocr_par' dir='ltr' id='par_1_94' title="bbox 636 4622 2223 4699">
     <span class='ocr_line' id='line_1_94' title="bbox 636 4622 2223 4699; baseline 0.004 -23"><span class='ocrx_word' id='word_1_637' title='bbox 636 4630 1064 4693; x_wconf 89' lang='lat' dir='ltr'><strong>sanctorumque</strong></span> <span class='ocrx_word' id='word_1_638' title='bbox 1085 4622 1265 4678; x_wconf 71' lang='lat' dir='ltr'><strong>Niceae</strong></span> <span class='ocrx_word' id='word_1_639' title='bbox 1300 4622 1522 4676; x_wconf 90' lang='lat' dir='ltr'><strong>Patrum</strong></span> <span class='ocrx_word' id='word_1_640' title='bbox 1549 4623 1816 4691; x_wconf 88' lang='lat' dir='ltr'><strong>deﬁnitio,</strong></span> <span class='ocrx_word' id='word_1_641' title='bbox 1852 4633 1909 4679; x_wconf 91' lang='lat' dir='ltr'><strong>ut</strong></span> <span class='ocrx_word' id='word_1_642' title='bbox 1953 4626 2006 4680; x_wconf 94' lang='lat' dir='ltr'><strong>in</strong></span> <span class='ocrx_word' id='word_1_643' title='bbox 2041 4627 2223 4699; x_wconf 82' lang='lat' dir='ltr'><strong>singu-</strong></span> 
     </span>
    </p>
   </div>
   <div class='ocr_carea' id='block_1_95' title="bbox 636 4713 2221 4788">
    <p class='ocr_par' dir='ltr' id='par_1_95' title="bbox 636 4713 2221 4788">
     <span class='ocr_line' id='line_1_95' title="bbox 636 4713 2221 4788; baseline 0.004 -19"><span class='ocrx_word' id='word_1_644' title='bbox 636 4716 702 4770; x_wconf 92' lang='lat' dir='ltr'><strong>lis</strong></span> <span class='ocrx_word' id='word_1_645' title='bbox 726 4716 1022 4786; x_wconf 89' lang='lat' dir='ltr'><strong>provinciis</strong></span> <span class='ocrx_word' id='word_1_646' title='bbox 1040 4713 1282 4786; x_wconf 87' lang='lat' dir='ltr'><strong>episc0pi</strong></span> <span class='ocrx_word' id='word_1_647' title='bbox 1301 4713 1620 4784; x_wconf 69' lang='lat' dir='ltr'><strong>provinciae,</strong></span> <span class='ocrx_word' id='word_1_648' title='bbox 1643 4724 1696 4770; x_wconf 92' lang='lat' dir='ltr'><strong>et</strong></span> <span class='ocrx_word' id='word_1_649' title='bbox 1718 4715 1762 4771; x_wconf 92' lang='lat' dir='ltr'><strong>si</strong></span> <span class='ocrx_word' id='word_1_650' title='bbox 1782 4714 1885 4788; x_wconf 90' lang='lat' dir='ltr'><strong>ipsi</strong></span> <span class='ocrx_word' id='word_1_651' title='bbox 1910 4718 2079 4774; x_wconf 89' lang='lat' dir='ltr'><strong>velint</strong></span> <span class='ocrx_word' id='word_1_652' title='bbox 2095 4735 2221 4775; x_wconf 90' lang='lat' dir='ltr'><strong>cum</strong></span> 
     </span>
    </p>
   </div>
   <div class='ocr_carea' id='block_1_96' title="bbox 633 4807 2222 4882">
    <p class='ocr_par' dir='ltr' id='par_1_96' title="bbox 633 4807 2222 4882">
     <span class='ocr_line' id='line_1_96' title="bbox 633 4807 2222 4882; baseline 0.002 -21"><span class='ocrx_word' id='word_1_653' title='bbox 633 4809 716 4863; x_wconf 90' lang='lat' dir='ltr'><strong>eis</strong></span> <span class='ocrx_word' id='word_1_654' title='bbox 742 4807 1376 4870; x_wconf 87' lang='lat' dir='ltr'><strong>finitimi,ordinationes</strong></span> <span class='ocrx_word' id='word_1_655' title='bbox 1418 4807 1722 4862; x_wconf 91' lang='lat' dir='ltr'><strong>secundum</strong></span> <span class='ocrx_word' id='word_1_656' title='bbox 1761 4810 2050 4866; x_wconf 88' lang='lat' dir='ltr'><strong>utilitatem</strong></span> <span class='ocrx_word' id='word_1_657' title='bbox 2098 4827 2222 4882; x_wconf 85' lang='lat' dir='ltr'><strong>per-</strong></span> 
     </span>
    </p>
   </div>
   <div class='ocr_carea' id='block_1_97' title="bbox 635 4898 2224 4974">
    <p class='ocr_par' dir='ltr' id='par_1_97' title="bbox 635 4898 2224 4974">
     <span class='ocr_line' id='line_1_97' title="bbox 635 4898 2224 4974; baseline 0.002 -19"><span class='ocrx_word' id='word_1_658' title='bbox 635 4909 812 4972; x_wconf 81' lang='lat' dir='ltr'><strong>agant.</strong></span> <span class='ocrx_word' id='word_1_659' title='bbox 832 4899 951 4966; x_wconf 84' lang='lat' dir='ltr'><strong>Qua</strong></span> <span class='ocrx_word' id='word_1_660' title='bbox 971 4916 1036 4954; x_wconf 79' lang='lat' dir='ltr'><strong>ex</strong></span> <span class='ocrx_word' id='word_1_661' title='bbox 1051 4898 1224 4954; x_wconf 85' lang='lat' dir='ltr'><strong>forma</strong></span> <span class='ocrx_word' id='word_1_662' title='bbox 1247 4900 1440 4956; x_wconf 90' lang='lat' dir='ltr'><strong>scitote</strong></span> <span class='ocrx_word' id='word_1_663' title='bbox 1456 4910 1568 4955; x_wconf 90' lang='lat' dir='ltr'><strong>tum</strong></span> <span class='ocrx_word' id='word_1_664' title='bbox 1586 4902 1826 4973; x_wconf 88' lang='lat' dir='ltr'><strong>reliquas</strong></span> <span class='ocrx_word' id='word_1_665' title='bbox 1845 4903 1990 4974; x_wconf 89' lang='lat' dir='ltr'><strong>apud</strong></span> <span class='ocrx_word' id='word_1_666' title='bbox 2004 4921 2105 4960; x_wconf 87' lang='lat' dir='ltr'><strong>nos</strong></span> <span class='ocrx_word' id='word_1_667' title='bbox 2127 4906 2224 4958; x_wconf 89' lang='lat' dir='ltr'><strong>Ee-</strong></span> 
     </span>
    </p>
   </div>
   <div class='ocr_carea' id='block_1_98' title="bbox 2331 4613 3881 4699">
    <p class='ocr_par' dir='ltr' id='par_1_98' title="bbox 2331 4613 3881 4699">
     <span class='ocr_line' id='line_1_98' title="bbox 2331 4613 3881 4699; baseline -0.01 -17"><span class='ocrx_word' id='word_1_668' title='bbox 2331 4645 2471 4694; x_wconf 88' lang='grc' dir='ltr'>στιν,</span> <span class='ocrx_word' id='word_1_669' title='bbox 2497 4627 2596 4699; x_wconf 85' lang='grc' dir='ltr'>τὴν</span> <span class='ocrx_word' id='word_1_670' title='bbox 2628 4627 2759 4695; x_wconf 84' lang='grc' dir='ltr'>παρ’</span> <span class='ocrx_word' id='word_1_671' title='bbox 2803 4627 2835 4695; x_wconf 88' lang='grc' dir='ltr'>ἠ</span> <span class='ocrx_word' id='word_1_672' title='bbox 2847 4624 2960 4694; x_wconf 84' lang='grc' dir='ltr'><strong>μῶν</strong></span> <span class='ocrx_word' id='word_1_673' title='bbox 2978 4624 3021 4655; x_wconf 71' lang='grc'><strong>⁸⁸</strong></span> <span class='ocrx_word' id='word_1_674' title='bbox 3057 4621 3442 4683; x_wconf 85' lang='grc' dir='ltr'>ἀνυποστόλως</span> <span class='ocrx_word' id='word_1_675' title='bbox 3479 4613 3881 4691; x_wconf 74' lang='grc' dir='ltr'>κηρυττομένην,</span> 
     </span>
    </p>
   </div>
   <div class='ocr_carea' id='block_1_99' title="bbox 2329 4701 3889 4788">
    <p class='ocr_par' dir='ltr' id='par_1_99' title="bbox 2329 4701 3889 4788">
     <span class='ocr_line' id='line_1_99' title="bbox 2329 4701 3889 4788; baseline -0.015 -14"><span class='ocrx_word' id='word_1_676' title='bbox 2329 4721 2406 4784; x_wconf 87' lang='grc' dir='ltr'>ὼς</span> <span class='ocrx_word' id='word_1_677' title='bbox 2445 4720 2504 4772; x_wconf 78' lang='grc' dir='ltr'>ὲν</span> <span class='ocrx_word' id='word_1_678' title='bbox 2540 4716 2823 4788; x_wconf 81' lang='grc' dir='ltr'>κεφαλαίῳ</span> <span class='ocrx_word' id='word_1_679' title='bbox 2864 4715 3111 4769; x_wconf 74' lang='grc' dir='ltr'>τοιαῦτα*</span> <span class='ocrx_word' id='word_1_680' title='bbox 3162 4713 3291 4783; x_wconf 67' lang='grc' dir='ltr'>περὶ</span> <span class='ocrx_word' id='word_1_681' title='bbox 3348 4703 3426 4764; x_wconf 82' lang='grc' dir='ltr'>ὧν</span> <span class='ocrx_word' id='word_1_682' title='bbox 3459 4712 3559 4765; x_wconf 74' lang='grc' dir='ltr'>καὶ</span> <span class='ocrx_word' id='word_1_683' title='bbox 3601 4709 3694 4761; x_wconf 75' lang='grc' dir='ltr'>ἐπὶ</span> <span class='ocrx_word' id='word_1_684' title='bbox 3741 4701 3889 4756; x_wconf 76' lang='grc' dir='ltr'>πλεῖον</span> 
     </span>
    </p>
   </div>
   <div class='ocr_carea' id='block_1_100' title="bbox 2328 4789 3892 4883">
    <p class='ocr_par' dir='ltr' id='par_1_100' title="bbox 2328 4789 3892 4883">
     <span class='ocr_line' id='line_1_100' title="bbox 2328 4789 3892 4883; baseline -0.008 -17"><span class='ocrx_word' id='word_1_685' title='bbox 2328 4811 2794 4883; x_wconf 79' lang='grc' dir='ltr'>ψυχαγωγηθῆναι</span> <span class='ocrx_word' id='word_1_686' title='bbox 2851 4806 3171 4880; x_wconf 85' lang='grc' dir='ltr'>δυνήσεσθε,</span> <span class='ocrx_word' id='word_1_687' title='bbox 3233 4804 3314 4875; x_wconf 84' lang='grc' dir='ltr'><strong>τῷ</strong></span> <span class='ocrx_word' id='word_1_688' title='bbox 3367 4821 3426 4857; x_wconf 87' lang='grc' dir='ltr'><strong>τε</strong></span> <span class='ocrx_word' id='word_1_689' title='bbox 3485 4805 3546 4856; x_wconf 82' lang='grc' dir='ltr'>ἐν</span> <span class='ocrx_word' id='word_1_690' title='bbox 3625 4789 3892 4863; x_wconf 58' lang='grc' dir='ltr'>Ἀντιοχείᾳ</span> 
     </span>
    </p>
   </div>
   <div class='ocr_carea' id='block_1_101' title="bbox 2326 4885 3892 4975">
    <p class='ocr_par' dir='ltr' id='par_1_101' title="bbox 2326 4885 3892 4975">
     <span class='ocr_line' id='line_1_101' title="bbox 2326 4885 3892 4975; baseline -0.006 -18"><span class='ocrx_word' id='word_1_691' title='bbox 2326 4903 2480 4975; x_wconf 86' lang='grc' dir='ltr'>τόμῳ</span> <span class='ocrx_word' id='word_1_692' title='bbox 2501 4901 2654 4974; x_wconf 84' lang='grc' dir='ltr'><strong>παρά</strong></span> <span class='ocrx_word' id='word_1_693' title='bbox 2669 4902 2768 4972; x_wconf 85' lang='grc' dir='ltr'>τῆς</span> <span class='ocrx_word' id='word_1_694' title='bbox 2789 4903 2905 4955; x_wconf 79' lang='grc' dir='ltr'>ἐκεῖ</span> <span class='ocrx_word' id='word_1_695' title='bbox 2938 4895 3297 4968; x_wconf 78' lang='grc' dir='ltr'>συνελθούσης</span> <span class='ocrx_word' id='word_1_696' title='bbox 3319 4895 3545 4948; x_wconf 80' lang='grc' dir='ltr'>συνόδου</span> <span class='ocrx_word' id='word_1_697' title='bbox 3574 4885 3892 4963; x_wconf 72' lang='grc' dir='ltr'>γεγενημένῳ</span> 
     </span>
    </p>
   </div>
   <div class='ocr_carea' id='block_1_102' title="bbox 1909 5042 2591 5098">
    <p class='ocr_par' dir='ltr' id='par_1_102' title="bbox 1909 5042 2591 5098">
     <span class='ocr_line' id='line_1_102' title="bbox 1909 5042 2591 5098; baseline -0.003 0"><span class='ocrx_word' id='word_1_698' title='bbox 1909 5043 2140 5098; x_wconf 74' lang='lat' dir='ltr'><strong>VARle</strong></span> <span class='ocrx_word' id='word_1_699' title='bbox 2179 5042 2591 5098; x_wconf 83' lang='lat' dir='ltr'><strong>LECTIONES.</strong></span> 
     </span>
    </p>
   </div>
   <div class='ocr_carea' id='block_1_103' title="bbox 706 5129 3464 5211">
    <p class='ocr_par' dir='ltr' id='par_1_103' title="bbox 706 5129 3464 5211">
     <span class='ocr_line' id='line_1_103' title="bbox 706 5129 3464 5211; baseline 0.003 -23"><span class='ocrx_word' id='word_1_700' title='bbox 706 5135 751 5167; x_wconf 72' lang='grc'>³⁸</span> <span class='ocrx_word' id='word_1_701' title='bbox 780 5133 937 5211; x_wconf 71' lang='lat' dir='ltr'><strong>Haud</strong></span> <span class='ocrx_word' id='word_1_702' title='bbox 1002 5133 1168 5190; x_wconf 87' lang='lat' dir='ltr'><strong>dubie</strong></span> <span class='ocrx_word' id='word_1_703' title='bbox 1236 5136 1648 5192; x_wconf 84' lang='lat' dir='ltr'><strong>rescribendum</strong></span> <span class='ocrx_word' id='word_1_704' title='bbox 1691 5141 1820 5211; x_wconf 49' lang='lat' dir='ltr'><strong>qui.</strong></span> <span class='ocrx_word' id='word_1_705' title='bbox 1877 5141 1976 5211; x_wconf 83' lang='grc' dir='ltr'>τὴν</span> <span class='ocrx_word' id='word_1_706' title='bbox 2035 5142 2133 5210; x_wconf 81' lang='grc' dir='ltr'>τῆς</span> <span class='ocrx_word' id='word_1_707' title='bbox 2193 5141 2468 5211; x_wconf 79' lang='grc' dir='ltr'>ἡμετέρας</span> <span class='ocrx_word' id='word_1_708' title='bbox 2543 5139 2673 5211; x_wconf 71' lang='grc' dir='ltr'><strong>περί</strong></span> <span class='ocrx_word' id='word_1_709' title='bbox 2745 5139 2891 5208; x_wconf 79' lang='grc' dir='ltr'>ὑμᾶς</span> <span class='ocrx_word' id='word_1_710' title='bbox 2951 5135 3128 5211; x_wconf 69' lang='grc' dir='ltr'>ἀγάπ.</span> <span class='ocrx_word' id='word_1_711' title='bbox 3189 5129 3464 5211; x_wconf 59' lang='grc' dir='ltr'>ἀπόδειξοχ</span> 
     </span>
    </p>
   </div>
   <div class='ocr_carea' id='block_1_104' title="bbox 3527 5129 3892 5201">
    <p class='ocr_par' dir='ltr' id='par_1_104' title="bbox 3527 5129 3892 5201">
     <span class='ocr_line' id='line_1_104' title="bbox 3527 5129 3892 5201; baseline -0.016 -17"><span class='ocrx_word' id='word_1_712' title='bbox 3527 5129 3676 5201; x_wconf 87' lang='lat' dir='ltr'><strong>quod</strong></span> <span class='ocrx_word' id='word_1_713' title='bbox 3722 5132 3779 5201; x_wconf 67' lang='lat' dir='ltr'><strong>et</strong></span> <span class='ocrx_word' id='word_1_714' title='bbox 3799 5131 3892 5201; x_wconf 34' lang='grc' dir='ltr'>’τρε</span> 
     </span>
    </p>
   </div>
   <div class='ocr_carea' id='block_1_105' title="bbox 638 5190 3891 5280">
    <p class='ocr_par' dir='ltr' id='par_1_105' title="bbox 638 5190 3891 5280">
     <span class='ocr_line' id='line_1_105' title="bbox 638 5190 3891 5280; baseline -0 -20"><span class='ocrx_word' id='word_1_715' title='bbox 638 5206 1110 5280; x_wconf 61' lang='lat' dir='ltr'><strong>ipsadocetetea</strong></span> <span class='ocrx_word' id='word_1_716' title='bbox 1135 5221 1254 5274; x_wconf 66' lang='lat' dir='ltr'><strong>qum</strong></span> <span class='ocrx_word' id='word_1_717' title='bbox 1281 5190 1646 5280; x_wconf 24' lang='lat' dir='ltr'><strong>sequuntur.“</strong></span> <span class='ocrx_word' id='word_1_718' title='bbox 1687 5190 2141 5280; x_wconf 18' lang='grc' dir='ltr'>δοίὝέπιδείΞινυμέἶι</span> <span class='ocrx_word' id='word_1_719' title='bbox 2177 5190 2389 5265; x_wconf 46' lang='lat' dir='ltr'><strong>ﬁliiﬁlii</strong></span> <span class='ocrx_word' id='word_1_720' title='bbox 2406 5190 2842 5279; x_wconf 25' lang='lat' dir='ltr'><strong>hwasretrSteph.‘</strong></span> <span class='ocrx_word' id='word_1_721' title='bbox 2870 5190 3287 5280; x_wconf 55' lang='lat' dir='ltr'><strong>cum&#39;Nicepl1._,</strong></span> <span class='ocrx_word' id='word_1_722' title='bbox 3320 5190 3891 5280; x_wconf 45' lang='lat' dir='ltr'><strong>conﬁrnianteﬁpiﬂ;</strong></span> 
     </span>
    </p>
   </div>
   <div class='ocr_carea' id='block_1_106' title="bbox 636 5272 3566 5354">
    <p class='ocr_par' dir='ltr' id='par_1_106' title="bbox 636 5272 3566 5354">
     <span class='ocr_line' id='line_1_106' title="bbox 636 5272 3566 5354; baseline 0.003 -27"><span class='ocrx_word' id='word_1_723' title='bbox 636 5277 679 5306; x_wconf 67' lang='grc' dir='ltr'><strong>ιι</strong></span> <span class='ocrx_word' id='word_1_724' title='bbox 705 5272 1165 5354; x_wconf 47' lang='lat' dir='ltr'><strong>lidem_c_odices&#39;</strong></span> <span class='ocrx_word' id='word_1_725' title='bbox 1197 5272 1439 5354; x_wconf 70' lang='lat' dir='ltr'><strong>numeris</strong></span> <span class='ocrx_word' id='word_1_726' title='bbox 1496 5279 1969 5354; x_wconf 49' lang='lat' dir='ltr'><strong>hzegexprimunt</strong></span> <span class='ocrx_word' id='word_1_727' title='bbox 1992 5272 2097 5354; x_wconf 65' lang='grc' dir='ltr'><strong>τιηΙ</strong></span> <span class='ocrx_word' id='word_1_728' title='bbox 2153 5289 2353 5354; x_wconf 28' lang='lat' dir='ltr'><strong>atque“</strong></span> <span class='ocrx_word' id='word_1_729' title='bbox 2373 5291 2500 5354; x_wconf 85' lang='lat' dir='ltr'><strong>ante</strong></span> <span class='ocrx_word' id='word_1_730' title='bbox 2529 5272 2790 5354; x_wconf 68' lang='grc' dir='ltr'>Πατέρων</span> <span class='ocrx_word' id='word_1_731' title='bbox 2822 5279 3030 5354; x_wconf 81' lang='lat' dir='ltr'><strong>addunt</strong></span> <span class='ocrx_word' id='word_1_732' title='bbox 3064 5272 3234 5354; x_wconf 56' lang='lat' dir='ltr'><strong>dgito}!</strong></span> <span class='ocrx_word' id='word_1_733' title='bbox 3263 5272 3566 5354; x_wconf 65' lang='grc' dir='ltr'>θεοερόρων-</span> 
     </span>
    </p>
   </div>
   <div class='ocr_carea' id='block_1_107' title="bbox 637 5345 3471 5421">
    <p class='ocr_par' dir='ltr' id='par_1_107' title="bbox 637 5345 3471 5421">
     <span class='ocr_line' id='line_1_107' title="bbox 637 5345 3471 5421; baseline -0.003 -17"><span class='ocrx_word' id='word_1_734' title='bbox 637 5345 801 5421; x_wconf 74' lang='lat' dir='ltr'><strong>codd.</strong></span> <span class='ocrx_word' id='word_1_735' title='bbox 840 5346 972 5421; x_wconf 71' lang='lat' dir='ltr'><strong>Pini</strong></span> <span class='ocrx_word' id='word_1_736' title='bbox 1000 5346 1238 5421; x_wconf 84' lang='lat' dir='ltr'><strong>et_Sav.,</strong></span> <span class='ocrx_word' id='word_1_737' title='bbox 1276 5346 1465 5421; x_wconf 63' lang='lat' dir='ltr'><strong>Steph.</strong></span> <span class='ocrx_word' id='word_1_738' title='bbox 1493 5349 1548 5421; x_wconf 40' lang='lat'><strong>2,</strong></span> <span class='ocrx_word' id='word_1_739' title='bbox 1583 5345 1790 5421; x_wconf 77' lang='lat' dir='ltr'><strong>Christ.</strong></span> <span class='ocrx_word' id='word_1_740' title='bbox 1824 5361 1879 5406; x_wconf 86' lang='lat' dir='ltr'><strong>et</strong></span> <span class='ocrx_word' id='word_1_741' title='bbox 1938 5345 2083 5405; x_wconf 57' lang='lat' dir='ltr'><strong>Scal:</strong></span> <span class='ocrx_word' id='word_1_742' title='bbox 2134 5345 2258 5406; x_wconf 81' lang='lat' dir='ltr'><strong>cum</strong></span> <span class='ocrx_word' id='word_1_743' title='bbox 2296 5351 2524 5421; x_wconf 84' lang='lat' dir='ltr'><strong>Niceph.</strong></span> <span class='ocrx_word' id='word_1_744' title='bbox 2563 5345 2907 5421; x_wconf 59' lang='lat' dir='ltr'><strong>Sed&#39;Steph.</strong></span> <span class='ocrx_word' id='word_1_745' title='bbox 2945 5349 2964 5399; x_wconf 83' lang='lat' dir='ltr'><strong>l</strong></span> <span class='ocrx_word' id='word_1_746' title='bbox 3001 5355 3054 5403; x_wconf 87' lang='lat' dir='ltr'><strong>et</strong></span> <span class='ocrx_word' id='word_1_747' title='bbox 3081 5345 3471 5421; x_wconf 59' lang='lat' dir='ltr'><strong>Basil._jc_aO-rgz.</strong></span> 
     </span>
    </p>
   </div>
   <div class='ocr_carea' id='block_1_108' title="bbox 3680 5263 3892 5317">
    <p class='ocr_par' dir='ltr' id='par_1_108' title="bbox 3680 5263 3892 5317">
     <span class='ocr_line' id='line_1_108' title="bbox 3680 5263 3892 5317; baseline -0.019 0"><span class='ocrx_word' id='word_1_748' title='bbox 3680 5269 3724 5299; x_wconf 72' lang='lat'>“</span> <span class='ocrx_word' id='word_1_749' title='bbox 3755 5263 3822 5317; x_wconf 86' lang='lat' dir='ltr'><strong>Ita</strong></span> <span class='ocrx_word' id='word_1_750' title='bbox 3850 5264 3892 5309; x_wconf 72' lang='lat' dir='ltr'><strong>el</strong></span> 
     </span>
    </p>
   </div>
   <div class='ocr_carea' id='block_1_109' title="bbox 3591 5330 3892 5408">
    <p class='ocr_par' dir='ltr' id='par_1_109' title="bbox 3591 5330 3892 5408">
     <span class='ocr_line' id='line_1_109' title="bbox 3591 5330 3892 5408; baseline 0 0"><span class='ocrx_word' id='word_1_751' title='bbox 3591 5341 3638 5373; x_wconf 78' lang='lat'>“</span> <span class='ocrx_word' id='word_1_752' title='bbox 3668 5339 3732 5408; x_wconf 80' lang='grc' dir='ltr'>ῆν</span> <span class='ocrx_word' id='word_1_753' title='bbox 3761 5330 3892 5408; x_wconf 60' lang='grc' dir='ltr'>μόλξς</span> 
     </span>
    </p>
   </div>
   <div class='ocr_carea' id='block_1_110' title="bbox 640 5403 3892 5492">
    <p class='ocr_par' dir='ltr' id='par_1_110' title="bbox 640 5403 3892 5492">
     <span class='ocr_line' id='line_1_110' title="bbox 640 5403 3892 5492; baseline -0.001 -25"><span class='ocrx_word' id='word_1_754' title='bbox 640 5416 1178 5492; x_wconf 39' lang='grc' dir='ltr'>ποτὲ-πρεσϐυτάτην</span> <span class='ocrx_word' id='word_1_755' title='bbox 1204 5403 1262 5468; x_wconf 78' lang='grc' dir='ltr'><strong>τε</strong></span> <span class='ocrx_word' id='word_1_756' title='bbox 1287 5403 1476 5471; x_wconf 73' lang='grc' dir='ltr'>οὖσαν.</span> <span class='ocrx_word' id='word_1_757' title='bbox 1515 5403 1664 5492; x_wconf 71' lang='lat' dir='ltr'><strong>Bas.,</strong></span> <span class='ocrx_word' id='word_1_758' title='bbox 1691 5403 1907 5491; x_wconf 39' lang='lat' dir='ltr'><strong>Stephl,</strong></span> <span class='ocrx_word' id='word_1_759' title='bbox 1941 5403 2199 5475; x_wconf 52' lang='lat' dir='ltr'><strong>casaub:</strong></span> <span class='ocrx_word' id='word_1_760' title='bbox 2578 5403 3052 5480; x_wconf 18' lang='lat' dir='ltr'><strong>iovnlnes‘codices,</strong></span> <span class='ocrx_word' id='word_1_761' title='bbox 3083 5432 3205 5472; x_wconf 90' lang='lat' dir='ltr'><strong>cum</strong></span> <span class='ocrx_word' id='word_1_762' title='bbox 3240 5414 3470 5492; x_wconf 82' lang='lat' dir='ltr'><strong>Niceph.</strong></span> <span class='ocrx_word' id='word_1_763' title='bbox 3495 5411 3721 5492; x_wconf 68' lang='lat' dir='ltr'><strong>Primus</strong></span> 
     </span>
    </p>
   </div>
   <div class='ocr_carea' id='block_1_111' title="bbox 642 5478 3894 5567">
    <p class='ocr_par' dir='ltr' id='par_1_111' title="bbox 642 5478 3894 5567">
     <span class='ocr_line' id='line_1_111' title="bbox 642 5478 3894 5567; baseline 0 -30"><span class='ocrx_word' id='word_1_764' title='bbox 642 5478 1030 5567; x_wconf 47' lang='lat' dir='ltr'><strong>stophfausus</strong></span> <span class='ocrx_word' id='word_1_765' title='bbox 1062 5478 1146 5541; x_wconf 74' lang='lat' dir='ltr'><strong>est</strong></span> <span class='ocrx_word' id='word_1_766' title='bbox 1179 5503 1496 5556; x_wconf 77' lang='lat' dir='ltr'><strong>expungere</strong></span> <span class='ocrx_word' id='word_1_767' title='bbox 1527 5478 1695 5567; x_wconf 66' lang='lat' dir='ltr'><strong>verba</strong></span> <span class='ocrx_word' id='word_1_768' title='bbox 1729 5478 1806 5563; x_wconf 77' lang='grc' dir='ltr'><strong>ἦν’</strong></span> <span class='ocrx_word' id='word_1_769' title='bbox 1829 5478 1999 5567; x_wconf 62' lang='grc' dir='ltr'>μόλις,</span> <span class='ocrx_word' id='word_1_770' title='bbox 2032 5507 2192 5560; x_wconf 92' lang='lat' dir='ltr'><strong>quem</strong></span> <span class='ocrx_word' id='word_1_771' title='bbox 2227 5478 2560 5567; x_wconf 66' lang='lat' dir='ltr'><strong>Sirmondus</strong></span> <span class='ocrx_word' id='word_1_772' title='bbox 2597 5499 2822 5567; x_wconf 81' lang='lat' dir='ltr'><strong>secutus</strong></span> <span class='ocrx_word' id='word_1_773' title='bbox 2855 5497 2962 5550; x_wconf 90' lang='lat' dir='ltr'><strong>est,</strong></span> <span class='ocrx_word' id='word_1_774' title='bbox 2997 5478 3119 5544; x_wconf 83' lang='lat' dir='ltr'><strong>cum</strong></span> <span class='ocrx_word' id='word_1_775' title='bbox 3158 5501 3231 5567; x_wconf 73' lang='lat' dir='ltr'><strong>se</strong></span> <span class='ocrx_word' id='word_1_776' title='bbox 3265 5478 3544 5567; x_wconf 62' lang='lat' dir='ltr'><strong>extrieare</strong></span> <span class='ocrx_word' id='word_1_777' title='bbox 3570 5497 3635 5536; x_wconf 76' lang='lat' dir='ltr'><strong>ex</strong></span> <span class='ocrx_word' id='word_1_778' title='bbox 3670 5478 3894 5567; x_wconf 52' lang='lat' dir='ltr'><strong>obsfllﬂ;</strong></span> 
     </span>
    </p>
   </div>
   <div class='ocr_carea' id='block_1_112' title="bbox 643 5548 3894 5632">
    <p class='ocr_par' dir='ltr' id='par_1_112' title="bbox 643 5548 3894 5632">
     <span class='ocr_line' id='line_1_112' title="bbox 643 5548 3894 5632; baseline 0.007 -28"><span class='ocrx_word' id='word_1_779' title='bbox 643 5548 758 5606; x_wconf 80' lang='lat' dir='ltr'><strong>tate</strong></span> <span class='ocrx_word' id='word_1_780' title='bbox 808 5561 1095 5607; x_wconf 79' lang='lat' dir='ltr'><strong>verborum</strong></span> <span class='ocrx_word' id='word_1_781' title='bbox 1143 5548 1268 5610; x_wconf 44' lang='lat' dir='ltr'><strong>non&quot;</strong></span> <span class='ocrx_word' id='word_1_782' title='bbox 1309 5548 1511 5632; x_wconf 60' lang='lat' dir='ltr'><strong>posset.</strong></span> <span class='ocrx_word' id='word_1_783' title='bbox 1552 5557 1665 5632; x_wconf 81' lang='lat' dir='ltr'><strong>Sed</strong></span> <span class='ocrx_word' id='word_1_784' title='bbox 1713 5548 1860 5616; x_wconf 76' lang='lat' dir='ltr'><strong>recte</strong></span> <span class='ocrx_word' id='word_1_785' title='bbox 1895 5548 2146 5616; x_wconf 66' lang='lat' dir='ltr'><strong>Valesius</strong></span> <span class='ocrx_word' id='word_1_786' title='bbox 2182 5571 2301 5631; x_wconf 89' lang='lat' dir='ltr'><strong>post</strong></span> <span class='ocrx_word' id='word_1_787' title='bbox 2331 5562 2397 5630; x_wconf 75' lang='grc' dir='ltr'><strong>ἣν</strong></span> <span class='ocrx_word' id='word_1_788' title='bbox 2428 5562 2581 5632; x_wconf 83' lang='grc' dir='ltr'>μόλις</span> <span class='ocrx_word' id='word_1_789' title='bbox 2611 5561 2828 5630; x_wconf 89' lang='lat' dir='ltr'><strong>supplet</strong></span> <span class='ocrx_word' id='word_1_790' title='bbox 2877 5576 2907 5632; x_wconf 82' lang='lat' dir='ltr'><strong>e</strong></span> <span class='ocrx_word' id='word_1_791' title='bbox 2941 5548 3300 5632; x_wconf 53' lang='lat' dir='ltr'><strong>sequenlibus</strong></span> <span class='ocrx_word' id='word_1_792' title='bbox 3337 5551 3616 5632; x_wconf 53' lang='grc' dir='ltr'><strong>σῴζομεν,</strong></span> <span class='ocrx_word' id='word_1_793' title='bbox 3643 5548 3894 5632; x_wconf 51' lang='grc' dir='ltr'><strong>ίῖααΡξῙῘξ</strong></span> 
     </span>
    </p>
   </div>
   <div class='ocr_carea' id='block_1_113' title="bbox 642 5612 3895 5727">
    <p class='ocr_par' dir='ltr' id='par_1_113' title="bbox 642 5612 3895 5727">
     <span class='ocr_line' id='line_1_113' title="bbox 642 5612 3895 5701; baseline -0.002 -25"><span class='ocrx_word' id='word_1_794' title='bbox 642 5638 912 5676; x_wconf 75' lang='lat' dir='ltr'><strong>servamus</strong></span> <span class='ocrx_word' id='word_1_795' title='bbox 945 5641 1247 5693; x_wconf 83' lang='lat' dir='ltr'><strong>quanquam</strong></span> <span class='ocrx_word' id='word_1_796' title='bbox 1275 5612 1912 5701; x_wconf 38' lang='lat' dir='ltr'><strong>antiquissimum—ﬁdem.</strong></span> <span class='ocrx_word' id='word_1_797' title='bbox 1943 5612 2156 5688; x_wconf 45' lang='lat' dir='ltr'><strong>tibi;</strong></span> <span class='ocrx_word' id='word_1_798' title='bbox 2182 5612 2310 5686; x_wconf 56' lang='lat' dir='ltr'><strong>’L&#39;it&#39;.</strong></span> <span class='ocrx_word' id='word_1_799' title='bbox 2339 5612 2763 5688; x_wconf 52' lang='lat' dir='ltr'><strong>rim&#39;thiicanr</strong></span> <span class='ocrx_word' id='word_1_800' title='bbox 2792 5630 2957 5684; x_wconf 84' lang='lat' dir='ltr'><strong>verba</strong></span> <span class='ocrx_word' id='word_1_801' title='bbox 2978 5612 3045 5700; x_wconf 60' lang='grc' dir='ltr'>ἢῦ</span> <span class='ocrx_word' id='word_1_802' title='bbox 3079 5626 3231 5698; x_wconf 85' lang='grc' dir='ltr'>μόλις</span> <span class='ocrx_word' id='word_1_803' title='bbox 3264 5623 3423 5700; x_wconf 62' lang='grc' dir='ltr'>ποτε,</span> <span class='ocrx_word' id='word_1_804' title='bbox 3443 5612 3544 5677; x_wconf 78' lang='lat' dir='ltr'><strong>sed</strong></span> <span class='ocrx_word' id='word_1_805' title='bbox 3563 5638 3629 5675; x_wconf 88' lang='lat' dir='ltr'><strong>ca</strong></span> <span class='ocrx_word' id='word_1_806' title='bbox 3650 5612 3895 5694; x_wconf 55' lang='lat' dir='ltr'><strong>excidisse</strong></span> 
     </span>
     <span class='ocr_line' id='line_1_114' title="bbox 647 5677 3892 5727; baseline 0 0"><span class='ocrx_word' id='word_1_807' title='bbox 647 5694 946 5727; x_wconf 63' lang='lat' dir='ltr'><strong>acini-ianua</strong></span> <span class='ocrx_word' id='word_1_808' title='bbox 978 5694 1131 5727; x_wconf 70' lang='grc' dir='ltr'>,ιηηοι</span> <span class='ocrx_word' id='word_1_809' title='bbox 1230 5696 1276 5727; x_wconf 64' lang='grc' dir='ltr'>ιιι</span> <span class='ocrx_word' id='word_1_810' title='bbox 1295 5715 1351 5727; x_wconf 69' lang='grc' dir='ltr'><strong>..ρ</strong></span> <span class='ocrx_word' id='word_1_811' title='bbox 1390 5697 1593 5727; x_wconf 68' lang='grc' dir='ltr'><strong>..ιιι-1η...</strong></span> <span class='ocrx_word' id='word_1_812' title='bbox 1629 5700 1729 5727; x_wconf 67' lang='grc' dir='ltr'><strong>ι)..-</strong></span> <span class='ocrx_word' id='word_1_813' title='bbox 1789 5713 1833 5727; x_wconf 59' lang='grc' dir='ltr'><strong>Α.</strong></span> <span class='ocrx_word' id='word_1_814' title='bbox 1869 5702 2032 5727; x_wconf 52' lang='grc' dir='ltr'>ριληι-</span> <span class='ocrx_word' id='word_1_815' title='bbox 2133 5703 2178 5727; x_wconf 69' lang='grc' dir='ltr'>ιιι</span> <span class='ocrx_word' id='word_1_816' title='bbox 2212 5703 2572 5727; x_wconf 65' lang='lat'><strong>_-\-.-_1.__--</strong></span> <span class='ocrx_word' id='word_1_817' title='bbox 2608 5704 2726 5727; x_wconf 76' lang='lat'><strong>_..~.-_</strong></span> <span class='ocrx_word' id='word_1_818' title='bbox 2777 5699 2891 5727; x_wconf 76' lang='lat' dir='ltr'><strong>n:..:</strong></span> <span class='ocrx_word' id='word_1_819' title='bbox 2934 5701 3098 5727; x_wconf 66' lang='grc' dir='ltr'><strong>,πηιην</strong></span> <span class='ocrx_word' id='word_1_820' title='bbox 3157 5711 3278 5727; x_wconf 81' lang='lat' dir='ltr'><strong>num</strong></span> <span class='ocrx_word' id='word_1_821' title='bbox 3336 5693 3554 5727; x_wconf 73' lang='lat' dir='ltr'><strong>Ninonh</strong></span> <span class='ocrx_word' id='word_1_822' title='bbox 3639 5698 3686 5727; x_wconf 76' lang='lat' dir='ltr'><strong>nl</strong></span> <span class='ocrx_word' id='word_1_823' title='bbox 3723 5677 3892 5727; x_wconf 59' lang='lat' dir='ltr'><strong>famnil-</strong></span> 
     </span>
    </p>
   </div>
   <div class='ocr_carea' id='block_1_114' title="bbox 645 5684 3892 5773">
    <p class='ocr_par' dir='ltr' id='par_1_114' title="bbox 645 5684 3892 5773">
     <span class='ocr_line' id='line_1_115' title="bbox 645 5684 3892 5773; baseline 0.003 -29"><span class='ocrx_word' id='word_1_824' title='bbox 645 5684 1158 5773; x_wconf 56' lang='lat' dir='ltr'><strong>asteriscus&#39;docét.</strong></span> <span class='ocrx_word' id='word_1_825' title='bbox 1230 5684 1600 5773; x_wconf 53' lang='lat' dir='ltr'><strong>fteaddunt</strong></span> <span class='ocrx_word' id='word_1_826' title='bbox 1626 5684 1761 5773; x_wconf 58' lang='lat' dir='ltr'><strong>Bas&#39;.</strong></span> <span class='ocrx_word' id='word_1_827' title='bbox 1785 5684 1838 5757; x_wconf 76' lang='lat' dir='ltr'><strong>et</strong></span> <span class='ocrx_word' id='word_1_828' title='bbox 1868 5684 2060 5773; x_wconf 63' lang='lat' dir='ltr'><strong>Steph.</strong></span> <span class='ocrx_word' id='word_1_829' title='bbox 2081 5684 2178 5735; x_wconf 36' lang='lat' dir='ltr'><strong>ﬂ“</strong></span> <span class='ocrx_word' id='word_1_830' title='bbox 2212 5684 2587 5773; x_wconf 66' lang='grc' dir='ltr'>τελειοτάταιξ</span> <span class='ocrx_word' id='word_1_831' title='bbox 2607 5684 2745 5763; x_wconf 76' lang='grc' dir='ltr'>ταῖς.</span> <span class='ocrx_word' id='word_1_832' title='bbox 2775 5699 2893 5773; x_wconf 86' lang='lat' dir='ltr'><strong>Pini</strong></span> <span class='ocrx_word' id='word_1_833' title='bbox 2931 5684 3113 5773; x_wconf 48' lang='lat' dir='ltr'><strong>colicis</strong></span> <span class='ocrx_word' id='word_1_834' title='bbox 3157 5684 3297 5773; x_wconf 47' lang='lat' dir='ltr'><strong>cum&quot;</strong></span> <span class='ocrx_word' id='word_1_835' title='bbox 3333 5684 3892 5773; x_wconf 46' lang='lat' dir='ltr'><strong>N_iceph_.ncl”EPj_lf&quot;L&#39;</strong></span> 
     </span>
    </p>
   </div>
   <div class='ocr_carea' id='block_1_115' title="bbox 648 5762 1424 5836">
    <p class='ocr_par' dir='ltr' id='par_1_115' title="bbox 648 5762 1424 5836">
     <span class='ocr_line' id='line_1_116' title="bbox 648 5762 1424 5836; baseline 0.019 -31"><span class='ocrx_word' id='word_1_836' title='bbox 648 5763 696 5836; x_wconf 53' lang='grc' dir='ltr'><strong>ξι</strong></span> <span class='ocrx_word' id='word_1_837' title='bbox 716 5764 816 5836; x_wconf 69' lang='grc' dir='ltr'><strong>τὴν</strong></span> <span class='ocrx_word' id='word_1_838' title='bbox 839 5762 968 5836; x_wconf 29' lang='grc' dir='ltr'>τῷν..</span> <span class='ocrx_word' id='word_1_839' title='bbox 1005 5762 1127 5836; x_wconf 66' lang='lat' dir='ltr'><strong>llas.</strong></span> <span class='ocrx_word' id='word_1_840' title='bbox 1159 5773 1213 5818; x_wconf 92' lang='lat' dir='ltr'><strong>et</strong></span> <span class='ocrx_word' id='word_1_841' title='bbox 1235 5765 1424 5836; x_wconf 86' lang='lat' dir='ltr'><strong>Steph.</strong></span> 
     </span>
    </p>
   </div>
   <div class='ocr_carea' id='block_1_116' title="bbox 652 5831 1611 5906">
    <p class='ocr_par' dir='ltr' id='par_1_116' title="bbox 652 5831 1611 5906">
     <span class='ocr_line' id='line_1_117' title="bbox 652 5831 1611 5906; baseline 0.005 -20"><span class='ocrx_word' id='word_1_842' title='bbox 652 5831 842 5903; x_wconf 67' lang='lat' dir='ltr'><strong>Steph.</strong></span> <span class='ocrx_word' id='word_1_843' title='bbox 875 5831 1176 5887; x_wconf 84' lang='lat' dir='ltr'><strong>habebant:</strong></span> <span class='ocrx_word' id='word_1_844' title='bbox 1213 5831 1483 5906; x_wconf 78' lang='grc' dir='ltr'>τῶν’παρ’</span> <span class='ocrx_word' id='word_1_845' title='bbox 1513 5837 1611 5906; x_wconf 81' lang='grc' dir='ltr'>ἡμ.</span> 
     </span>
    </p>
   </div>
   <div class='ocr_carea' id='block_1_117' title="bbox 1538 5768 2474 5844">
    <p class='ocr_par' dir='ltr' id='par_1_117' title="bbox 1538 5768 2474 5844">
     <span class='ocr_line' id='line_1_118' title="bbox 1538 5768 2474 5844; baseline 0.003 -20"><span class='ocrx_word' id='word_1_846' title='bbox 1538 5768 1583 5802; x_wconf 73' lang='grc'>⁸⁷</span> <span class='ocrx_word' id='word_1_847' title='bbox 1617 5771 1713 5844; x_wconf 79' lang='grc' dir='ltr'>τὴν</span> <span class='ocrx_word' id='word_1_848' title='bbox 1749 5774 1902 5832; x_wconf 88' lang='lat' dir='ltr'><strong>abest</strong></span> <span class='ocrx_word' id='word_1_849' title='bbox 1928 5768 2122 5833; x_wconf 64' lang='lat' dir='ltr'><strong>a&#39;Bas.</strong></span> <span class='ocrx_word' id='word_1_850' title='bbox 2167 5783 2225 5832; x_wconf 83' lang='lat' dir='ltr'><strong>cl:</strong></span> <span class='ocrx_word' id='word_1_851' title='bbox 2249 5772 2474 5844; x_wconf 81' lang='lat' dir='ltr'><strong>Niceph.</strong></span> 
     </span>
    </p>
   </div>
   <div class='ocr_carea' id='block_1_118' title="bbox 2589 5757 3893 5840">
    <p class='ocr_par' dir='ltr' id='par_1_118' title="bbox 2589 5757 3893 5840">
     <span class='ocr_line' id='line_1_119' title="bbox 2589 5757 3893 5840; baseline -0.018 -11"><span class='ocrx_word' id='word_1_852' title='bbox 2589 5772 2634 5804; x_wconf 65' lang='grc' dir='ltr'><strong><em>η</em></strong></span> <span class='ocrx_word' id='word_1_853' title='bbox 2657 5757 2737 5828; x_wconf 56' lang='lat' dir='ltr'><strong>uix</strong></span> <span class='ocrx_word' id='word_1_854' title='bbox 2763 5779 2815 5828; x_wconf 86' lang='lat' dir='ltr'><strong>ct</strong></span> <span class='ocrx_word' id='word_1_855' title='bbox 2837 5769 3155 5840; x_wconf 86' lang='lat' dir='ltr'><strong>Christoph.</strong></span> <span class='ocrx_word' id='word_1_856' title='bbox 3185 5775 3238 5824; x_wconf 90' lang='lat' dir='ltr'><strong>et</strong></span> <span class='ocrx_word' id='word_1_857' title='bbox 3265 5765 3416 5821; x_wconf 90' lang='lat' dir='ltr'><strong>Scal.</strong></span> <span class='ocrx_word' id='word_1_858' title='bbox 3450 5757 3558 5818; x_wconf 79' lang='lat' dir='ltr'><strong>Sed</strong></span> <span class='ocrx_word' id='word_1_859' title='bbox 3591 5757 3750 5814; x_wconf 82' lang='lat' dir='ltr'><strong>Basil.</strong></span> <span class='ocrx_word' id='word_1_860' title='bbox 3783 5757 3893 5805; x_wconf 87' lang='lat' dir='ltr'><strong>cum</strong></span> 
     </span>
    </p>
   </div>
  </div>
