4124 6430
298 481 439 547 19217

1331 484 1920 547 ECCLESIASTIC/E
1948 483 2335 546 HISTORI/E
2364 487 2512 549 LIB.
2538 488 2608 550 ν.

3442 494 3578 561 1218

291 602 738 668 καταξιιίισαντες
778 604 1040 676 ἐντυχεῖν,
1089 604 1182 659 καὶ
1221 603 1301 675 τῷ
1345 606 1576 676 πέρυσιν
1617 605 1675 657 ἐν
1722 606 1875 658 Κων-

1984 603 2173 659 clcsias
2190 602 2588 668 administrari,
2616 608 2730 657 tum
2767 603 3268 661 illustrissimarum
3308 606 3580 664 Ecclesia-

294 694 743 750 σταντινουπόλει
801 697 954 768 παρὰ
1010 698 1110 768 τῆς
1165 698 1550 768 οἰκουμενικῆς
1603 698 1879 752 ὲκτεθέντι

295 786 542 852 συνόδου,
573 789 631 839 ὲν
670 783 753 851 οἷς
790 787 1125 859 πλατύτερον
1159 789 1257 860 τὴν
1296 788 1478 843 πίστιν
1521 789 1877 861 ὡμολογήσα-

294 895 420 949 μεν,
472 881 567 932 καὶ
632 879 741 933 τῶν
782 879 1011 952 ἔναγχος
1066 880 1568 953 καινοτομηθεισῶν
1615 881 1880 953 αἱρέσεων

291 974 743 1045 ἁναθεματισμὸν
774 973 1050 1046 ἔγγραφον
1101 976 1503 1046 πεποιήκαμεν.
1539 975 1674 1045 Περὶ
1687 975 1744 1028 δὲ
1774 973 1881 1028 τῶν

289 1065 622 1133 οἰκονομιῶν
671 1066 780 1120 τῶν
832 1068 975 1123 κατὰ
1026 1068 1194 1140 μέρος
1244 1070 1302 1122 ἐν
1352 1070 1470 1132 ταῖς
1504 1067 1878 1138 Ἐκκλησίαις,

293 1159 530 1223 παλαιός
571 1177 650 1225 τε,
690 1159 766 1223 ὡς
805 1161 944 1226 ἴστε,
976 1160 1202 1232 ,θεσμὸς
1243 1161 1577 1232 κεκράτηκε,
1626 1162 1721 1215 καὶ
1774 1160 1882 1214 τῶν

295 1252 478 1320 ἁγίων
513 1252 571 1306 ὲν
605 1252 812 1323 Νικαίᾳ
850 1252 1107 1326 Πατέρων
1141 1254 1267 1324 ὄρος
1299 1254 1422 1307 καθ’
1451 1252 1687 1323 ἑκάστην
1717 1254 1883 1322 ὲπαρ-

289 1336 420 1407 χίαν
455 1337 579 1401 τοὺς
600 1338 701 1408 τῆς
729 1339 1020 1410 ἐπαρχίας,
1069 1341 1163 1394 καὶ
1200 1340 1359 1413 εἴπερ
1379 1343 1577 1396 ἐκεῖνοι
1608 1342 1884 1412 βούλοιντο

292 1428 398 1480 σὺν
455 1428 639 1491 αὐτοῖς
667 1428 791 1492 τοὺς
819 1429 1078 1500 ὁμόρους,
1124 1431 1261 1501 πρὸς
1289 1432 1351 1485 τὸ
1391 1433 1673 1505 συμφέρον
1710 1434 1884 1487 ποιεῖ-

294 1518 428 1573 σθαι
475 1519 574 1582 τὰς
606 1521 961 1591 χειροτονίας.
998 1515 1092 1585 Οἷς
1119 1521 1449 1587 ἀκολούθως,
1481 1523 1581 1585 τάς
1608 1540 1667 1576 τε
1689 1522 1884 1587 λοιπὰς

296 1610 626 1682 Ἐκκλησίας
668 1614 800 1684 παρ’
824 1616 958 1684 ἡμῖν
997 1613 1397 1684 οἰκονομεῖσθαι
1448 1614 1767 1683 γινώσκετε,
1792 1614 1885 1667 καὶ

292 1703 404 1757 τῶν
435 1705 858 1775 ἐπισημοτάτων
903 1704 1243 1776 Ἐκκλησιῶν
1288 1706 1667 1777 ἀναδεδεῖχθαι
1693 1707 1736 1739 θ’
1758 1707 1885 1770 τοὺς

292 1799 486 1868 ίερεῖς.
516 1797 677 1852 Ὅθεν
726 1798 825 1869 τῆς
857 1799 955 1869 μὲν
986 1800 1045 1851 ὲν
1076 1798 1653 1853 Κωνσταντινουπόλει
1685 1816 1885 1853 νεοπα-

288 1886 448 1953 γοῦς,
477 1886 551 1950 ὡς
578 1886 643 1940 ἂν
664 1886 811 1940 εἴποι
840 1904 945 1953 τις,
973 1887 1326 1959 Ἐκκλησίας,
1348 1888 1428 1963 ἣν⁸
1450 1887 1636 1959 ὥσπερ
1666 1891 1731 1942 ὲκ
1758 1889 1880 1942 στό-

289 1995 468 2047 ματος
508 1979 722 2042 λέοντος
741 1979 839 2050 τῆς
892 1979 1001 2034 τῶν
1043 1979 1338 2051 αἱρετικῶν
1371 1980 1721 2052 βλασφημίας
1743 1981 1879 2035 ὑπό-

285 2087 427 2141 γυον
450 2070 845 2142 ἐξηρπάσαμεν
875 2070 963 2125 διά
994 2071 1104 2126 τῶν
1132 2073 1438 2145 οἰκτιρμῶν
1464 2073 1558 2127 τοῦ
1585 2072 1746 2147 Θεοῦ,
1790 2073 1882 2128 τὸν

284 2160 727 2232 αἰδεσιμὼτατον
765 2162 861 2215 καὶ
887 2161 1304 2233 θεοφιλέστατον
1318 2164 1635 2233 Νεκτάριον
1657 2164 1881 2218 ἐπίσκο-

286 2269 397 2306 πον
417 2254 972 2326 κεχειροτονήκαμεν,
1005 2255 1099 2308 ἐπὶ
1115 2255 1216 2325 τῆς
1244 2256 1630 2328 οίκουμενικῆς
1662 2256 1880 2312 συνόδου

288 2344 436 2415 μετά
461 2347 646 2416 κοινῆς
670 2346 946 2417 ὁμονοίας,
972 2346 1065 2400 ὑπ’
1089 2346 1245 2417 ὄψεσι
1293 2348 1388 2402 καὶ
1414 2345 1507 2401 τοῦ
1533 2347 1880 2418 θεοφιλεστά-

282 2453 386 2490 του
411 2436 677 2507 βασιλέως
723 2438 1031 2505 Θεοδοσίου,
1063 2438 1266 2502 παντός
1309 2457 1371 2492 τε
1403 2438 1497 2493 τοῦ
1530 2440 1757 2512 κλήρου,
1787 2439 1884 2494 καὶ

289 2530 481 2597 πάσης
509 2528 985 2602 ὲπιψηφιζομένης
1022 2530 1123 2601 τῆς
1146 2530 1373 2595 πόλεως.
1405 2532 1517 2602 Τῆς
1537 2531 1594 2585 δὲ
1639 2532 1883 2605 πρεσϐυ-

283 2620 464 2692 τάτης
490 2622 581 2675 καὶ
601 2621 771 2685 ὅντως
812 2623 1179 2694 ἁποστολικῆς
1203 2623 1535 2693 Ἐκκλησίας
1565 2625 1662 2694 τῆς
1700 2624 1886 2679 ὲνἋν-

280 2713 504 2785 τιοχείᾳ
527 2714 625 2785 τῆς
648 2714 870 2786 Συρίας,
902 2716 961 2768 ὲν
992 2708 1028 2790 ᾗ
1057 2714 1250 2789 πρώτῃ
1278 2714 1340 2769 τὸ
1368 2716 1550 2786 τίμιον
1587 2717 1699 2769 τῶν
1752 2717 1887 2788 Χρι-

284 2808 532 2860 στιανῶν
571 2807 944 2879 ἐχρημάτισεν
986 2807 1175 2879 ὄνομα,
1204 2806 1295 2861 τὸν
1323 2807 1752 2879 αἰδεσιμὼτατον
1790 2807 1886 2862 καὶ⁸

283 2894 711 2964 θεοφιλέστατον
755 2896 1058 2953 ἐπίσκοπον
1077 2897 1376 2953 Φλασιανὸν
1407 2898 1545 2952 οἵτε
1574 2899 1674 2969 τῆς
1714 2900 1886 2972 ἔπαρ-

280 2986 421 3060 χίας
454 2989 549 3041 καὶ
589 2987 693 3058 τῆς
762 2988 1094 3059 ἀνατολικῆς
1131 2988 1450 3061 διοικήσεως
1491 2990 1888 3063 συνδραμόντες

281 3078 598 3143 κανονικῶς
630 3081 1064 3153 ἐχειροτόνησαν,
1093 3082 1279 3153 πάσης
1312 3084 1607 3155 συμψήφου
1640 3084 1737 3155 τῆς
1764 3084 1888 3137 Ἐκ-

281 3170 529 3242 κλησίας
557 3170 748 3243 ὥσπερ
789 3172 880 3225 διὰ
925 3174 1054 3245 μιᾶς
1087 3174 1274 3246 φωνῆς
1313 3175 1405 3229 τὸν
1438 3175 1608 3248 ἄνδρα
1647 3177 1887 3248 τιμησά-

284 3264 598 3362 σηςηνπερ
636 3263 898 3362 ἔνθεσμον
927 3267 1286 3362 Δχειροτονίαν
1319 3267 1537 3335 ἐδέξατο
1571 3270 1666 3323 καὶ
1692 3271 1754 3324 τὸ
1783 3270 1882 3343 τῆς
1908 3303 1952 3362 c

290 3355 517 3409 συνόδου
545 3356 743 3412 κοινόν.
773 3358 885 3428 Τῆς
921 3357 979 3411 δέ
1013 3374 1075 3426 γε
1116 3360 1324 3432 μητρὸς
1353 3360 1581 3414 ἀπασῶν
1616 3361 1725 3415 τῶν
1766 3363 1885 3416 Ἐκ-

286 3447 542 3516 κλησιῶν
598 3447 697 3518 τῆς
739 3449 798 3503 ὲν
847 3448 1265 3520 Ἱεροσολύμοις,
1313 3450 1406 3504 τὸν
1452 3451 1884 3523 αἰδεσιμὼτατον

284 3537 392 3593 καί
421 3537 835 3610 θεοφιλέστατον
864 3540 1133 3613 Κύριλλον
1175 3541 1471 3596 ἐπίσκοπον
1512 3539 1652 3596 εἶναι
1684 3546 1883 3615 γνωρί-

282 3628 484 3702 ζομεν,
512 3632 815 3697 κανονικῶς
865 3649 925 3686 τε
961 3632 1113 3705 παρὰ
1161 3632 1270 3687 τῶν
1301 3633 1403 3704 τῆς
1451 3634 1722 3706 ἐπαρχίας
1773 3652 1885 3705 χει-

286 3720 656 3792 ροτονηθέντα
693 3723 883 3789 πάλαι,
921 3725 1017 3778 καὶ
1046 3724 1273 3778 πλεῖστα
1322 3725 1459 3795 πρὸς
1500 3728 1626 3791 τοὺς
1666 3728 1881 3797 ’Λρεια-

284 3813 425 3876 γοὺς
466 3814 525 3867 ὲν
566 3814 842 3887 διαφόροις
899 3818 1082 3882 τόποις
1137 3818 1472 3890 ἀθλήσαντα.
1530 3815 1626 3884 Οἷς
1682 3820 1757 3885 ὡς
1799 3821 1885 3876 ὲν-

289 3901 517 3972 θέσμως
564 3906 660 3960 καὶ
710 3908 1014 3974 κανονικῶς
1045 3910 1178 3980 παρ’
1201 3912 1334 3983 ἡμῖν
1367 3913 1757 3984 κεκρατηκόσι,
1789 3913 1885 3967 καὶ

281 3991 395 4063 τὴν
427 3994 700 4067 ὑμετέραν
730 3999 1050 4071 συγχαίρειν
1101 4002 1530 4072 παρακαλοῦμεν
1573 4002 1882 4066 εὐλάϐειαν,

283 4085 401 4156 ’τῆς
460 4093 837 4163 πνευματικῆς
887 4093 1278 4166 μεσιτευούσης
1329 4095 1572 4167 ἀγάπης,
1636 4097 1731 4149 καὶ
1788 4093 1883 4149 τοῦ

286 4179 568 4250 κυριακοῦ
612 4182 803 4250 φόὸου,
837 4186 1020 4239 πᾶσαν
1072 4185 1174 4257 μὲν
1201 4186 1656 4251 καταστέλλοντος
1681 4187 1888 4260 ἀνθρω-

290 4267 467 4337 πίνην
515 4270 668 4345 [212]
716 4277 1117 4345 προσπάθειαν,
1163 4276 1260 4349 τὴν
1306 4279 1363 4332 δὲ
1408 4279 1516 4333 τῶν
1547 4280 1887 4351 Ἐκκλησιῶν

284 4358 588 4432 «οἰκοδομὴν
630 4366 1037 4436 προτιμοτέραν
1072 4367 1356 4433 ποιοῦντος
1379 4369 1425 4402 ⁸ο
1473 4373 1572 4442 τῆς
1611 4373 1767 4442 πρὸςέ
1796 4371 1887 4425 τὸν

288 4446 427 4501 καθ’
469 4449 567 4504 ἕνα
617 4453 904 4525 συνηθείας
939 4458 983 4489 ⁸³
1017 4457 1050 4529 ἢ
1090 4460 1332 4530 χάριτος.
1364 4459 1522 4514 Οὕτω
1567 4461 1675 4533 γὰρ
1701 4462 1796 4515 τοῦ
1828 4480 1888 4517 τε

286 4539 401 4611 τῆς
460 4541 696 4608 πίστεως
737 4551 1194 4620 συμφωνηθέντος
1236 4552 1433 4622 λόγου,
1474 4554 1697 4625 καὶτῆς
1750 4556 1888 4626 Χρι-

1984 711 2103 750 rum
2128 701 2345 749 creatos
2373 694 2547 750 fuisse
2570 695 2907 751 sacerdotes.
2936 694 3094 752 Unde
3131 707 3382 763 etnovzc,
3414 706 3472 752 ut
3496 700 3579 754 sic

1983 803 2261 853 vocemus,
2282 788 2530 842 ecclesiae
2554 787 3202 858 Constantinopolitanae,
3220 805 3384 860 quam
3403 807 3581 861 nuper

1982 897 2045 937 cx
2071 882 2455 936 haereticorum
2477 880 2839 949 blasphemia,
2868 888 3131 949 tanquam
3164 896 3228 935 ex
3278 896 3373 935 ore
3399 882 3577 937 leonis

1987 972 2197 1043 1033
2223 988 2319 1042 per
2349 972 2440 1027 Dci
2471 972 2911 1027 misericordiam
2946 973 3253 1041 eripuimus
3276 1015 3291 1039 ,
3323 989 3580 1028 reveren-

1983 1066 2275 1121 dissimum
2296 1064 2889 1136 religiosissimumque
2915 1064 3231 1120 Ncctarium
3260 1066 3577 1135 in‘generali

1984 1158 2256 1223 concilio,
2284 1158 2566 1211 communi
2599 1156 2845 1211 omnium
2877 1172 3152 1213 consensu
3175 1197 3191 1219 ,
3223 1166 3278 1212 ct
3308 1164 3578 1228 praasente

1983 1250 2407 1321 religiosissime
2441 1249 2774 1317 imperatore
2800 1248 3133 1316 Theodosio,
3164 1250 3425 1318 cleroqne
3454 1248 3580 1302 uni-

1984 1358 2182 1407 verso,
2217 1351 2270 1396 et
2315 1350 2516 1396 cuncta
2565 1339 2900 1409 suﬂ'ragante
2953 1340 3212 1408 civitate,
3255 1341 3577 1409 episcopum

1985 1432 2403 1489 constituimus.
2438 1430 2502 1484 Et
2535 1431 2944 1500 antiquissima:
2978 1446 3229 1500 vermquc
3264 1431 3579 1500 apostolica:

1985 1525 2346 1579 Antiochena:
2376 1524 2432 1577 in
2458 1523 2619 1593 Syria
2654 1523 2952 1590 Ecclesia,
2982 1522 3037 1576 in
3067 1538 3173 1591 qua
3207 1523 3386 1591 primo
3417 1537 3581 1575 vene-

1984 1617 2220 1671 randum
2254 1615 2703 1670 Christianorum
2737 1629 2940 1669 nomen
2977 1614 3227 1668 auditum
3264 1622 3382 1675 cst,
3421 1628 3578 1667 reve-

1985 1709 2378 1765 rendissimum
2412 1715 2467 1763 et
2500 1706 2985 1777 religiosissimum
3013 1707 3335 1776 episcopum
3364 1703 3577 1757 Flavia-

1987 1818 2116 1857 num
2153 1800 2452 1873 provinciae
2481 1799 2647 1856 simul
2677 1806 2732 1854 et
2763 1799 3026 1854 dimcesis
3048 1798 3345 1852 Orientalis
3373 1811 3577 1850 conve-

1986 1893 2201 1948 nientes
2229 1892 2471 1963 episcopi
2500 1891 2768 1947 canonice
2795 1889 3162 1954 ordinarunt,
3191 1897 3305 1943 tota
3330 1888 3577 1942 Ecclesia

1986 1985 2370 2041 consentiente
2393 2025 2408 2051 ,
2439 1992 2493 2039 et
2524 1984 2683 2052 quasi
2719 1997 2830 2037 uno
2862 1998 2959 2037 ore
2992 1983 3170 2036 virum
3200 1981 3573 2036 collaudante.

1983 2077 2160 2143 Quam
2219 2067 2803 2147 quidcm'legitimam
2866 2073 3273 2129 ordinationem
3332 2074 3578 2144 synodus

1985 2183 2206 2240 quoque
2259 2167 2590 2223 universalis
2626 2167 3032 2237 comprobavit.
3069 2165 3259 2220 Matris
3313 2180 3444 2219 vero
3483 2163 3579 2219 Ec-

1983 2261 2280 2317 clesiarum
2329 2262 2577 2315 omnium
2612 2257 3135 2329 Hierosolymitana:
3170 2254 3576 2312 reverendissi—

1984 2370 2132 2409 mum
2162 2363 2216 2410 et
2241 2352 2728 2425 religiosissimum
2761 2351 3029 2422 Cyrillum
3080 2350 3400 2420 episcopum
3452 2365 3578 2404 esse

1984 2446 2402 2517 signiﬁcamus;
2436 2444 2532 2516 qui
2567 2451 2622 2500 et
2651 2443 2923 2498 canonice
2952 2442 3085 2497 olim
3120 2440 3224 2495 fuit
3259 2441 3327 2495 ab
3357 2441 3578 2511 episeo-

1984 2540 2071 2610 pis
2102 2538 2403 2610 provincia;
2429 2536 2752 2603 ordinatus,
2785 2542 2840 2591 et
2870 2548 2996 2589 cum
3024 2533 3248 2587 Arianis
3280 2532 3578 2603 plurimum

1984 2631 2223 2686 diversis
2253 2630 2309 2683 in
2338 2629 2477 2684 locis
2508 2628 2831 2683 decertavit.
2859 2625 3073 2692 Quibus
3104 2632 3365 2693 tanquam
3395 2622 3579 2691 legiti-

1984 2737 2075 2778 me
2101 2730 2155 2776 et
2184 2720 2452 2777 canonice
2480 2721 2623 2790 apud
2654 2734 2757 2774 nos
2790 2716 3113 2773 constitutis
3133 2757 3149 2781 ,
3174 2721 3413 2769 vestram
3442 2728 3581 2783 quo-

1985 2828 2095 2885 que
2109 2813 2475 2868 reverentiam
2493 2810 2782 2883 ‘gratulari
2798 2808 3183 2871 obsecramus,
3204 2806 3582 2861 intercedente

1985 2903 2228 2976 spiritali
2281 2903 2595 2970 charitate,
2646 2909 2701 2956 et
2746 2899 2968 2954 Domini
3025 2899 3227 2953 timore
3275 2898 3578 2951 humanum

1984 3011 2207 3051 onmem
2254 2994 2507 3050 allectum
2553 3000 2875 3056 coercente,
2945 2991 3415 3060 ecclesiarumque
3441 2988 3562 3044 aedi-

1986 3088 2300 3144 ﬁcationem
2339 3085 2518 3158 pluris
2573 3085 2703 3140 duci
2743 3083 3021 3147 faciente,
3077 3097 3243 3152 quam
3296 3083 3576 3150 privatum

1986 3194 2120 3250 erga
2172 3192 2626 3247 unumquemque
2681 3176 3021 3230 voluntatem
3077 3181 3132 3228 et
3176 3172 3429 3242 gratiam.
3484 3168 3580 3224 Sic

1986 3272 2132 3328 enim
2182 3277 2238 3326 et
2289 3267 2416 3323 ﬁdei
2472 3266 2724 3321 doctrina
2770 3269 3135 3326 consonante,
3171 3269 3227 3316 et
3258 3260 3578 3315 Christiana
3626 3308 3633 3313 .

1985 3366 2043 3421 in
2076 3364 2239 3419 nobis
2270 3363 2543 3417 charitate
2577 3360 2901 3417 conﬁrmata
2925 3398 2940 3423 ,
2974 3357 3296 3413 desinemus
3329 3354 3464 3409 illud
3495 3353 3581 3407 dio

1983 3474 2112 3515 cere
2146 3456 2294 3528 quod
2324 3456 2394 3511 ab
2435 3454 2705 3525 apostolis
2745 3453 3066 3508 damnatum
3093 3457 3217 3506 est:
3252 3470 3271 3501 ‹
3302 3449 3415 3520 Ego
3452 3446 3578 3518 qui-

1983 3550 2105 3606 dem
2139 3565 2260 3605 sum
2294 3548 2484 3611 Pauli,
2523 3545 2739 3617 1034
2773 3562 2875 3616 ego
2906 3554 3092 3617 autem
3126 3541 3445 3612 Apollonii,
3474 3554 3580 3610 ego

1982 3658 2117 3698 vero
2136 3641 2334 3711 Cephae
2356 3639 2411 3694 ἐ
2440 3658 2456 3691 ι
2483 3646 2650 3708 atque
2677 3651 2871 3692 omnes
2889 3651 2991 3691 nos
3011 3634 3214 3690 Christi
3243 3649 3367 3689 esse
3393 3642 3580 3688 osten-

1984 3731 2316 3801 dentes,qui
2345 3730 2399 3785 in
2436 3730 2599 3785 nobis
2630 3727 2844 3783 divisus
2878 3741 2989 3781 non
3021 3734 3129 3789 es‘t,
3156 3725 3576 3793 indiscerptum,

1984 3825 2096 3880 Deo
2123 3823 2368 3886 favente,
2406 3834 2609 3891 corpus
2627 3819 2889 3874 Ecclesiae
2917 3818 3398 3881 conservabimus,
3427 3826 3480 3868 et
3508 3814 3578 3867 ad

1982 3912 2198 3968 Domini
2240 3911 2483 3965 tribunal
2523 3924 2650 3963 cum
2692 3907 2893 3962 ﬁducia
2935 3905 3406 3975 comparebimus.
3450 3902 3579 3957 llaec

1986 4008 2067 4063 illi
2097 4006 2367 4060 adversus
2388 4003 2531 4069 Arii,
2560 4011 2611 4057 et
2636 4000 2802 4067 Aetii,
2840 4010 2895 4057 et
2917 3999 3172 4054 Eunomii
3203 3997 3535 4053 dementiam
3559 4033 3576 4060 ,

1984 4098 2226 4167 itemque
2255 4101 2447 4151 contra
2481 4092 2810 4157 Sabellium,
2840 4090 3233 4153 etPliotinum,
3254 4098 3309 4143 et
3352 4087 3579 4141 Marcel-

1983 4192 2129 4254 lum,
2168 4187 2515 4255 Paulumque
2572 4183 3035 4247 Samosatenum,
3092 4190 3146 4237 et
3196 4179 3578 4234 Macedonium

1996 4281 2403 4351 conscripsere.
2437 4277 2751 4344 Quinetiam
2782 4274 3106 4346 Apollinarii
3152 4272 3449 4327 novitatem
3500 4270 3580 4325 si-

1985 4375 2194 4430 militer
2225 4380 2413 4443 aperte
2451 4370 2825 4433 damnarunt,
2878 4384 3002 4423 cum
3041 4366 3338 4431 dixerunt,
3396 4364 3582 4417 lucar-

1989 4468 2235 4523 nationis
2260 4480 2484 4538 quoque
2510 4462 2822 4519 doctrinam
2855 4462 3239 4530 incorruptam
3271 4471 3579 4517 serxamus,

1989 4574 2171 4631 neque
2205 4559 2404 4614 anima?
2423 4598 2438 4623 ,
2473 4571 2654 4629 neque
2680 4554 2883 4608 mentis
2910 4559 3192 4623 expertem
3216 4591 3231 4615 ,
3258 4557 3354 4603 aut
3386 4547 3585 4617 imper-

299 4635 594 4728 στιανικῆς
641 4639 989 4713 κυρωθείσης
1031 4643 1089 4695 ὲν
1125 4645 1258 4714 ἡμῖν
1291 4646 1532 4718 ἀγάπης,
1564 4647 1885 4717 παυσόμεθα

1995 4649 2198 4705 fectant
2229 4650 2418 4703 carnis
2446 4646 2914 4715 dispensationem
2951 4643 3322 4728 snsoeipientes

289 4725 552 4793 λέγοντες
578 4731 638 4785 τὸ
661 4733 814 4806 παρά
845 4734 951 4787 τῶν
982 4736 1298 4791 ἀποστόλων
1326 4739 1798 4810 κατεγνωσμένον·
1824 4761 1842 4794 ε
1885 4744 2029 4813 Ἐγὼ
2055 4743 2154 4814 μέν
2187 4744 2303 4812 εἰμι
2336 4740 2578 4803 Παύλου,
2610 4736 2720 4807 ἐγὼ
2739 4737 2798 4790 δὲ
2825 4725 3092 4795 Ἀπολλὼ,
3118 4731 3229 4801 ἐγὼ
3256 4731 3312 4783 δὲ
3341 4730 3526 4799 Κηφᾶ·
3559 4749 3578 4780 ι

291 4821 505 4886 πάντες
527 4822 585 4876 δὲ
629 4825 866 4896 Χριστοῦ
915 4828 1197 4897 φανέντες,
1223 4825 1282 4892 ὃς
1316 4830 1375 4882 ὲν
1417 4831 1549 4900 ἡμῖν
1577 4831 1640 4884 οὐ
1675 4831 2026 4905 μεμέρισται,
2059 4831 2194 4886 Θεοῦ
2224 4829 2630 4897 καταξιοῦντος,
2654 4827 2911 4897 ἄσχιστον
2940 4823 3001 4876 τὸ
3033 4821 3196 4893 σῶμα
3222 4821 3322 4891 τῆς
3355 4818 3586 4890 Ἐκκλη-

292 4913 428 4976 σίας
457 4915 788 4986 τηρήσομεν,
829 4921 925 4973 καὶ
977 4918 1057 4990 τῷ
1103 4918 1311 4991 βήματι
1332 4920 1427 4974 τοῦ
1453 4922 1657 4993 Κυρίου
1691 4923 1830 4993 μετὰ
1872 4924 2186 4994 παρρησίας
2213 4919 2701 4993 παραστησόμεθα.
2737 4915 2924 4970 Ταῦτα
2962 4914 3104 4968 κατά
3127 4930 3188 4967 τε
3215 4913 3315 4982 τῆς
3348 4911 3584 4982 Ἀρείου,

218 5035 234 5063 ~.
291 5007 402 5063 καὶ
438 5007 668 5073 Ἀετίου,
724 5010 820 5065 καὶ
875 5012 1143 5083 Εὐνομίου
1192 5013 1410 5084 μανίας,
1440 5014 1537 5068 καὶ
1569 5014 1749 5085 μέντοι
1780 5015 1874 5069 καὶ
1917 5014 2061 5068 κατά
2092 5013 2404 5077 Σαϐελλίου,
2437 5010 2534 5065 καὶ
2564 5007 2856 5071 Φωτεινοῦ,
2898 5008 2995 5060 καὶ
3060 5005 3407 5077 Μαρκέλλου,
3441 5001 3583 5055 Παύ-

291 5106 401 5160 λου
435 5119 494 5156 τε
522 5104 617 5157 τοῦ
654 5106 1020 5177 Σαμοσατέως
1078 5110 1173 5163 καὶ
1226 5110 1563 5165 Μακεδονίου
1595 5110 1958 5181 γεγράφασιν.
2018 5110 2294 5173 Ὡσαύτως
2342 5109 2399 5162 δὲ
2434 5108 2531 5161 καὶ
2584 5104 2682 5177 τὴν
2727 5102 3103 5174 Ἀπολιναρίου
3137 5103 3183 5134 ⁸³
3234 5098 3589 5167 καινοτομίαν

222 5190 232 5195 έ
297 5195 609 5266 προφανῶς
645 5196 1026 5271 ἀπεκήρυξαν,
1068 5202 1377 5273 εἰρηκότες,
1414 5203 1525 5256 Καὶ
1577 5201 1669 5256 τὸν
1709 5202 1808 5272 τῆς
1867 5201 2339 5274 ὲνανθρωπήσεως
2385 5201 2441 5253 δὲ
2477 5196 2572 5251 τοῦ
2601 5192 2808 5264 Κυρίου
2844 5194 3000 5260 λόγον
3021 5193 3382 5267 ἀδιάστροφον
3420 5186 3591 5252 σώζο-

302 5305 417 5358 μεν
460 5287 583 5342 οῦτε
604 5291 830 5363 ἄψυχον,
890 5292 1013 5347 οὔτε
1075 5295 1322 5367 ἄνουν,ἢ
1369 5296 1538 5366 ἀτελῆ
1613 5295 1711 5368 τὴν
1766 5297 1866 5367 τῆς
1931 5296 2138 5367 σαρκὸς
2188 5293 2501 5363 οἰκονομίαν
2573 5285 3029 5360 παραδεχόμενοι.

383 5468 411 5507 8
437 5467 459 5522 Ι
486 5468 613 5524 Cor.
650 5487 685 5536 ι,
726 5470 812 5529 12.

1587 5634 1673 5690 VA
1686 5634 1823 5689 [WE
1863 5633 2269 5691 LECTIONES.

382 5774 429 5808 ι’
463 5775 613 5831 Hanc
650 5773 936 5829 lectionem
972 5771 1190 5829 Valesio
1215 5788 1435 5843 quoque
1462 5782 1612 5828 recte
1646 5757 1939 5843 probatam,
1964 5775 2170 5830 habent
2205 5774 2324 5829 Pini
2357 5772 2656 5843 Saviliique
2689 5770 2849 5826 codd.
2878 5784 3006 5843 cum
3039 5766 3360 5843 Niccp‘haln
3387 5763 3508 5843 Bas.
3538 5772 3596 5818 et

302 5846 506 5918 Smph.
539 5854 654 5918 erat
687 5844 1057 5918 ἀναδεδέχθαι,
1091 5844 1177 5918 cui
1200 5833 1413 5918 Epiph.
1446 5833 1741 5918 consentit.
1853 5846 1899 5877 "°
1934 5845 2217 5918 ποιούσης.
2257 5846 2423 5901 Basil.
2528 5833 2581 5874 ⁵¹’
2606 5842 2953 5913 συμπαθείας
2982 5833 3402 5894 νει-ἱυε’1ιιιι›ριιι
3429 5833 3592 5887 iidem

303 5913 441 5975 cum
481 5916 669 5988 Steph.
784 5916 829 5947 “
878 5913 1094 5968 Ἀπολλ.
1139 5913 1304 5970 Iidem
1343 5914 1432 5969 hic
1460 5924 1513 5969 ct
1542 5915 1691 5969 alibi.
