4124 6404
592 447 731 512 19.19
1445 517 1449 523 ,

1038 558 1265 615 carer
1308 557 1376 612 Χ.
1422 555 1568 629 [Clu
1602 554 1732 628 ιο]

592 652 816 707 Damasi
874 651 1107 720 episcopi
1153 649 1334 720 Roma:
1375 648 1630 719 synodica
1681 648 1932 703 adversus
1974 648 2177 718 Apolli-

945 738 1123 773 narem
1159 731 1206 774 et
1244 719 1571 773 Timotheum
1603 721 1822 787 scripta.

662 810 767 865 Sed
818 821 869 865 et
923 809 1347 865 laudatissimus
1402 810 1707 874 Damasus,
1749 825 1873 864 cum
1927 821 2177 866 exortam

588 919 712 957 esse
753 902 894 955 hanc
935 901 1188 957 hIBl'CSilll
1228 902 1567 969 accepisset,
1600 917 1708 956 non
1749 902 1928 957 solum
1964 902 2178 973 Apolli-

588 1008 773 1045 narem
797 1032 823 1057 ,.
856 1007 1049 1046 verum
1092 993 1258 1047 etiam
1298 990 1648 1045 Timotheum
1685 992 1807 1061 ejus
1845 992 2177 1063 discipulum

586 1085 903 1150 abdicavit,
939 1092 995 1139 et
1032 1084 1249 1138 litteras
1290 1086 1396 1137 hac
1436 1085 1504 1139 de
1539 1100 1598 1137 re
1633 1084 1701 1138 ad
1733 1082 2041 1140 Orientales
2066 1085 2181 1155 epi-

586 1193 786 1247 scopos
822 1177 1087 1247 scripsit,
1126 1192 1262 1248 quas
1313 1177 1563 1233 historia:
1608 1178 1854 1234 inserere
1887 1178 2063 1234 visum
2096 1187 2181 1235 est

585 1284 687 1323 C00
698 1279 967 1324 scnlaneu
977 1284 1025 1321 m
1036 1310 1050 1323 .

724 1360 745 1431 [
772 1360 835 1413 V.
874 1360 1006 1433 10.]
1044 1360 1283 1429 Epistola
1316 1359 1543 1416 Damasi
1574 1363 1805 1433 episcopi
1835 1361 2035 1417 Romae.

657 1451 813 1517 Quod
849 1452 1088 1505 debitam
1123 1452 1240 1507 sedi
1305 1454 1626 1522 apostolicae
1676 1456 2038 1509 reverentiam
2087 1459 2180 1510 ex-

587 1545 741 1599 hibet
777 1545 1024 1600 cbaritas
1063 1553 1244 1600 vestra
1271 1584 1285 1608 ,
1320 1545 1478 1599 vobis
1512 1546 1651 1615 ipsis
1684 1546 1984 1616 plurimum
2034 1561 2178 1616 pra:-

587 1638 785 1699 statis,
824 1638 920 1692 ﬁlii
964 1637 1402 1692 honoratissimi.
1446 1637 1659 1692 Etenim
1716 1649 1777 1693 ut
1828 1638 2067 1695 maxime
2122 1638 2177 1693 in

587 1738 778 1784 sancta
818 1729 1097 1794 Ecclesia,
1132 1730 1187 1783 in
1222 1744 1330 1799 qua
1367 1729 1565 1785 sedens
1602 1739 1835 1787 sanctus
1879 1732 2177 1801 Apostolus

584 1823 772 1877 docuit
795 1821 1075 1891 quomodo
1099 1823 1257 1877 nobis
1286 1822 1572 1878 tractanda
1605 1823 1815 1896 1035
1840 1824 1952 1878 sint
1978 1825 2177 1895 guber-

1567 441 2060 513 THEODORETI
2109 436 2451 500 EPISCOPI
2498 440 2864 505 CYRENSIS

2204 556 2254 613 Δ

3722 439 3860 506 1220

2891 556 3144 613 ΚΕΦΔΛ.
3185 559 3242 611 ι’.

2281 647 2615 704 Συνοδικὸν
2685 647 2963 720 Δαμάσου
3016 650 3353 705 ἐπισκόπου
3416 650 3635 720 Ῥώμης
3707 649 3862 702 κατὰ

2474 718 2901 787 Ἀπολιναξρίου
2936 720 3035 774 καὶ
3094 721 3369 790 Τιμοθέου
3409 718 3650 791 γραφέν.

2353 812 2460 864 Kal
2518 811 2771 883 Δάμασος
2812 812 2869 866 δὲ
2904 814 2933 866 6
2989 811 3369 884 πανεύφημος,
3410 813 3615 883 ταύτην
3671 810 3864 882 μαθὼν

2281 901 2616 970 άναφυεῖσαν
2644 901 2744 972 τὴν
2803 901 3043 972 αἵρεσιν,
3103 902 3203 954 οὑκ
3251 900 3625 972 Ἀπολινάριον
3676 898 3860 969 μόνον,

2280 992 2416 1049 ἀλλὰ
2449 994 2543 1049 καὶ
2572 993 2834 1064 Τιμόθεον
2861 993 2951 1047 τὸν
2984 992 3192 1048 ἐκείνου
3219 1010 3281 1061 γε
3321 992 3584 1063 φοιτητὴν
3615 989 3867 1045 καθελὼν

2280 1084 2616 1158 ἀπεκήρυξε·
2650 1087 2744 1140 καὶ
2772 1084 2930 1139 τοῦτο
2959 1088 3072 1149 τοῖς
3104 1086 3204 1155 τὴν
3240 1084 3414 1156 Ἔῴαν
3445 1084 3715 1138 ίθύνουσιν
3739 1085 3866 1135 ἐπι-

2282 1178 2505 1242 σκόποις
2550 1178 2638 1231 διά
2670 1177 3014 1248 γραμμάτων
3055 1176 3326 1249 ἐδήλωτεν
3349 1176 3417 1241 ⁸³,
3454 1176 3597 1245 άπερ
3624 1174 3866 1228 ἐνθεῖναι

2279 1271 2344 1341 τῇ
2400 1270 2691 1339 συγγραφῇ
2717 1269 2979 1337 νενόμικα
3000 1266 3288 1338 χρήσιμον.
3440 1277 3446 1283 ”
3496 1290 3503 1293 ·

2420 1358 2744 1428 Ἐπιστολὴ
2782 1357 3066 1429 Δαμάσου
3094 1357 3428 1411 ἐπισκόπου
3468 1353 3715 1423 Ῥώμης.

2351 1448 2474 1503 Ὀτι
2503 1452 2568 1520 τῇ
2587 1448 2919 1519 ἀποστολικῇ
2951 1447 3190 1520 καθέδρᾳ
3215 1446 3315 1518 τὴν
3344 1445 3705 1515 ὀφειλομένην
3727 1444 3869 1497 αἰδῶ

2277 1543 2310 1612 ὴ
2356 1541 2546 1611 ἀγάπη
2607 1541 2761 1612 ὑμῶν
2814 1538 3103 1610 ἀπονέμει,
3160 1539 3375 1601 ἑαυτοῖς
3424 1537 3472 1569 ⁸⁵
3500 1536 3562 1590 τὸ
3611 1535 3869 1588 πλεῖστον

2279 1633 2546 1705 παρέχετε
2578 1632 2646 1698 ⁸⁸,
2686 1634 2791 1687 υἱοὶ
2820 1631 3156 1703 τιμιώτατοι.
3185 1629 3295 1684 Καὶ
3322 1628 3432 1701 γὰρ
3460 1630 3510 1683 εί
3529 1630 3596 1682 τὰ
3627 1628 3867 1699 μάλιστα

2278 1724 2336 1776 ἐν
2370 1727 2434 1796 τῇ
2459 1724 2592 1796 ἀγίᾳ
2621 1724 2942 1795 Ἐκκλησία,
2969 1723 3028 1777 ὲν
3070 1715 3155 1798 ᾖὸ
3187 1721 3341 1792 ἆγιος
3382 1720 3705 1783 Ἀπόστολος
3725 1718 3860 1773 καθ-

2279 1817 2536 1886 εζόμενος
2581 1816 2786 1884 ἐδίδαξε
2835 1816 2950 1880 πῶς
2994 1816 3263 1888 προσήκει
3319 1814 3466 1887 ἡμᾶς
3522 1814 3646 1877 τοὺς
3667 1815 3869 1876 οἴακας

586 1914 780 1969 nacula
822 1929 942 1983 quae
978 1915 1363 1983 suscepimus,
1402 1916 1613 1970 honore
1650 1923 1834 1970 tamen
1871 1916 1979 1970 isto
2021 1915 2167 1969 iul‘e-

2280 1908 2478 1961 ἰθύνειν
2511 1908 2605 1972 οὒς
2632 1907 3025 1978 ἀνεδεξάμεθα,
3054 1908 3205 1979 ὅμως
3232 1905 3605 1977 ὁμολογοῦμεν
3636 1904 3870 1969 ἑαυτοὺς

586 2007 767 2061 riores
802 2021 905 2060 nos
933 2022 1058 2061 esse
1086 2006 1417 2060 conﬁtemur
1456 2025 1469 2061 :
1504 2007 1597 2062 sed
1634 2015 1921 2079 propterea
1952 2010 1969 2029 ⁴
2001 2008 2177 2063 modis

537 2092 540 2096 Α
586 2098 850 2153 omnibus
901 2099 1255 2163 laboramus,
1288 2100 1333 2154 si
1364 2113 1471 2169 qua
1506 2099 1785 2167 possimus
1827 2099 1893 2152 ad
1938 2098 2179 2154 beatitu—

560 2191 734 2266 -dinis
766 2191 887 2261 ejus
938 2192 1179 2261 gloriam
1234 2192 1545 2262 pervenire.
1593 2191 1800 2247 Scitote
1850 2192 2017 2264 igitur
2068 2208 2170 2248 nos

588 2282 883 2355 profanum
917 2284 1049 2338 olim
1086 2281 1438 2339 Timotheum
1461 2326 1477 2351 ,
1534 2284 1875 2353 Apollinaris
1932 2287 2175 2342 haeretici

589 2375 928 2444 discipulum
953 2414 968 2439 ,
1001 2389 1109 2428 una
1137 2389 1262 2429 cum
1292 2374 1461 2445 impio
1490 2374 1614 2445 ejus
1642 2378 1896 2446 dogmate
1920 2379 2179 2433 condem-

587 2482 791 2522 nasse:
827 2482 927 2521 ncc
964 2466 1229 2536 reliquias
1259 2465 1382 2535 ejus
1414 2467 1645 2522 credere
1679 2468 1787 2521 vim
1826 2469 1992 2522 ullam
2026 2470 2180 2524 dein-

586 2574 717 2628 ceps
772 2558 1083 2613 habituras.
1145 2558 1303 2624 Quod
1355 2558 1403 2613 si
1455 2559 1723 2630 antiquus
1774 2560 1866 2615 ille
1912 2576 2175 2631 serpens,

587 2650 758 2704 semel
792 2659 957 2718 atque
998 2650 1196 2703 iterum
1233 2650 1415 2714 ictus,
1450 2666 1550 2706 suo
1584 2651 1758 2721 ipsius
1792 2653 1935 2707 malo
1966 2654 2179 2709 revixe-

599 2739 696 2801 rit,
719 2739 836 2808 qui,
870 2754 994 2794 cum
1027 2747 1324 2795 extraneus
1357 2740 1431 2795 sit
1463 2741 1532 2795 ab
1570 2739 1845 2804 Ecclesia,
1879 2742 2178 2799 mortiferis

586 2832 705 2886 suis
737 2832 965 2887 venenis
997 2831 1245 2887 inﬁdeles
1269 2832 1539 2902 quosdam
1570 2833 1830 2889 tentando
1856 2835 2179 2892 subvertere

587 2939 696 2977 non
729 2933 950 2986 cessat,
990 2939 1086 2977 vos
1118 2932 1298 2978 tamen
1354 2925 1496 2981 hanc
1547 2927 1699 2981 velut
1746 2938 1953 2997 pestem
2002 2927 2175 2983 decli-

586 3028 745 3082 nate,
781 3016 1015 3086 ﬁdeique
1045 3034 1317 3073 memores
1359 3020 1716 3090 apostolicae,
1748 3020 1913 3090 hujus
1942 3022 2178 3079 maxime

586 3125 708 3179 quze
738 3109 934 3164 Nicaeae
966 3125 995 3162 a
1029 3109 1290 3164 Patribus
1331 3112 1540 3181 scripto
1581 3120 1667 3167 est
1706 3113 1987 3182 exposita,
2019 3113 2176 3169 ﬁrmo

584 3204 758 3271 gradu
785 3202 1014 3257 stabiles
1039 3201 1093 3255 in
1127 3201 1231 3257 ﬁde
1260 3217 1323 3258 ac
1352 3204 1666 3258 immobiles
1697 3215 2041 3272 permanete,
2073 3220 2174 3260 nec

582 3293 901 3362 vanilmluia
948 3293 1261 3349 exoletasve
1290 3295 1627 3365 qua>stioues
1653 3310 1681 3348 a
1715 3295 1932 3351 clericis
1960 3306 2055 3352 aut
2079 3297 2176 3351 lai-

583 3384 665 3439 cis
695 3385 893 3439 vestris
924 3384 977 3439 in
1012 3394 1292 3456 posterum
1327 3386 1503 3441 audiri
1539 3387 1847 3457 patiamini.
1878 3386 1998 3442 Jam
2029 3389 2175 3445 enim

584 3476 753 3529 semel
800 3475 1032 3531 formam
1080 3477 1372 3543 dedimus,
1429 3486 1489 3532 ut
1541 3479 1638 3549 qui
1689 3495 1749 3535 se
1796 3480 2175 3538 Christianum

584 3568 897 3640 proﬁtetur,
930 3570 1066 3625 illud
1101 3578 1284 3627 servet
1316 3571 1462 3641 quod
1498 3572 1762 3627 traditum
1798 3582 1883 3629 est
1921 3575 1991 3631 ab
2041 3591 2176 3647 apo-

583 3660 776 3722 stolis,
814 3674 937 3714 cum
978 3669 1211 3716 sanctus
1247 3659 1457 3717 Paulus
1488 3662 1677 3719 dicat:
1711 3680 1730 3714 ‹
1761 3662 1815 3718 Si
1856 3665 1980 3735 quis
2020 3667 2176 3721 vobis

581 3752 1046 3823 evangelizaverit
1083 3762 1282 3823 praeter
1317 3754 1367 3807 id
1404 3754 1550 3824 quod
1584 3756 1913 3826 accepistis,
1941 3758 2175 3814 anathe-

581 3856 671 3898 ma
704 3843 775 3896 sit
805 3842 856 3897 ιι.
891 3861 910 3894 ι
938 3841 1198 3897 Christus
1230 3844 1376 3898 cnim
1402 3884 1416 3909 ,
1447 3843 1624 3901 Filius
1659 3846 1876 3919 1836
1910 3847 2039 3911 Dei,
2068 3848 2177 3903 Βο-

581 3937 767 3990 minus
794 3943 1007 4001 noster,
1035 3937 1219 4007 generi
1253 3938 1496 3993 humano
1529 3939 1903 4008 plenissimam
1938 3942 2172 3996 salutem

581 4026 843 4096 passione
890 4040 991 4080 sua
1027 4027 1299 4092 contulit,
1361 4035 1421 4081 ut
1468 4036 1643 4087 totum
1676 4028 1955 4084 hominem
1990 4044 2174 4101 pecca-

588 4118 660 4172 tis
689 4117 1029 4188 implicatum
1068 4119 1136 4172 ab
1167 4119 1319 4173 omni
1351 4130 1576 4189 peccato
1605 4122 1880 4176 liberaret.
1934 4120 2093 4175 llunc
2126 4120 2174 4175 si

582 4209 708 4277 quis
739 4208 1123 4277 imperfectam
1154 4208 1558 4265 humanitatem
1588 4212 1672 4265 vel
1703 4211 2048 4265 divinitatem
2080 4210 2176 4263 ha-

582 4298 773 4354 buisse
800 4300 1039 4365 dixerit,
1063 4300 1111 4354 is
1134 4300 1333 4370 spiritu
1363 4301 1642 4357 diabolico
1671 4303 1886 4372 plenus,
1914 4301 2175 4367 gehennm

585 4386 756 4440 ﬁiium
788 4402 846 4441 se
870 4403 993 4443 esse
1024 4388 1388 4445 demonstrat.
1414 4390 1690 4445 Timothei
1719 4406 1852 4460 ergo
1881 4390 2177 4444 abdicatio-

2281 1999 2570 2064 ἐλάττονας
2592 1996 2731 2053 εἶναι
2761 1999 2861 2070 τῆς
2912 1998 3099 2071 τιμῆς
3122 1998 3258 2053 ἀλλὰ
3277 1998 3363 2052 διὰ
3382 1996 3541 2052 τοῦτο
3564 1997 3871 2069 οίῳδήποτε

2280 2094 2465 2164 τρόπῳ
2504 2092 2898 2163 σπουδάζομεν,
2930 2092 2987 2144 εἴ
3032 2109 3149 2154 πως
3190 2089 3552 2162 δυνηθείημεν
3595 2089 3733 2160 πρὸς
3764 2087 3873 2159 τὴν

2278 2185 2436 2250 δόξαν
2460 2185 2556 2256 τῆς
2585 2186 2987 2256 μακαριότητος
3020 2184 3187 2237 αὑτοῦ
3234 2181 3659 2255 παραγενέσθαι.
3693 2179 3873 2234 Γινώ-

2283 2294 2443 2330 σκετε
2467 2278 2665 2342 τοίνυν,
2696 2278 2777 2330 ὅτι
2805 2277 2897 2330 τὸν
2925 2277 3093 2331 πάλαι
3119 2276 3165 2308 ⁵⁸
3187 2274 3472 2345 Τιμόθεον,
3494 2274 3585 2328 τὸν
3610 2272 3872 2353 βέσηλον,

2277 2367 2372 2420 τὸν
2414 2366 2663 2438 μαθητὴν
2724 2366 3098 2438 Ἀπολιναρίου
3125 2366 3171 2398 ⁵⁷
3234 2363 3329 2419 τοῦ
3376 2363 3676 2436 αίρετικοῦ,
3722 2361 3875 2434 μετά

2280 2458 2375 2514 τοῦ
2418 2460 2651 2525 ἀσεϐοῦς
2680 2458 2847 2515 αὑτοῦ
2887 2459 3157 2531 δόγματος
3196 2456 3540 2528 καθείλομεν,
3576 2455 3670 2510 καὶ
3700 2455 3874 2508 066a-

2285 2554 2400 2624 μῶς
2455 2553 2787 2624 πιστεύομεν
2841 2552 3007 2605 αὑτοῦ
3056 2550 3126 2606 τά
3160 2550 3390 2620 λείψανα
3435 2549 3580 2619 λόγῳ
3613 2548 3720 2600 τινὶ
3766 2547 3875 2602 τοῦ

2280 2647 2469 2700 λοιποῦ
2500 2646 2726 2718 ἰσχύειν.
2752 2647 2814 2699 Εἰ
2843 2645 2887 2699 δ’
2916 2644 2997 2697 ἔτι
3024 2644 3070 2676 ⁵⁸
3105 2645 3134 2698 6
3173 2642 3295 2713 ὄφις
3325 2642 3531 2705 ἐκεῖνος
3556 2642 3583 2694 6
3611 2638 3876 2705 παλαιὸς,

2282 2739 2430 2806 ἅπαξ
2458 2741 2551 2793 καὶ
2582 2739 2836 2811 δεύτερον
2862 2735 3224 2808 καταδηχθελς
3256 2736 3325 2800 ³⁸,
3355 2735 3490 2806 πρὸς
3522 2734 3655 2788 ίδίαν
3688 2751 3877 2804 τιμω-

2283 2831 2404 2903 ρίαν
2464 2832 2661 2902 ἀναζῇ,
2701 2830 2849 2893 ὅστις
2893 2829 3050 2892 ἐκτὸς
3083 2829 3178 2898 τῆς
3229 2826 3556 2899 Ἐκκλησίας
3602 2826 3875 2896 ὑπάρχει,

2278 2922 2335 2987 ὃς
2384 2921 2583 2993 σφῆλαι
2612 2923 2725 2984 τοῖς
2763 2918 2913 2992 [Ξιὸ]
2956 2918 3151 2973 ἑαυτοῦ
3189 2917 3588 2989 θανατηφόροις
3645 2917 3878 2987 φαρμά-

2280 3032 2396 3078 κοις
2428 3012 2578 3077 τινάς
2609 3013 2871 3075 ἀπίστους
2899 3008 3267 3083 διαπειράζων
3297 3010 3357 3063 οὑ
3388 3007 3880 3078 παύετάι,ταύτην

2278 3106 2469 3177 ὥσπερ
2519 3106 2725 3176 φθοράν
2776 3123 2899 3159 τινα
2950 3103 3256 3170 ὲκκλίνατε,
3304 3103 3454 3173 ὅμως
3500 3103 3655 3172 ὑμεῖς
3693 3101 3739 3133 ⁸⁸
3782 3117 3881 3171 με·

2283 3200 2545 3271 μνημένοι
2575 3201 2672 3269 τῆς
2695 3197 3061 3268 ἀποστολικῆς
3092 3196 3348 3263 πίστεως,
3374 3195 3580 3264 ταύτης
3608 3193 3877 3265 μάλιστα,

2282 3292 2403 3361 ἥτις
2438 3293 2496 3344 ὲν
2539 3289 2745 3361 Νικαίᾳ
2767 3287 2915 3359 παρά
2948 3286 3056 3341 τῶν
3090 3288 3347 3359 Πατέρων
3378 3287 3670 3359 ἐγγράφως
3693 3283 3883 3351 ἐξετέ-

2285 3382 2372 3452 θη.
2408 3381 2611 3453 βεϐαίῳ
2647 3378 2841 3451 βαθμῷ
2897 3376 3134 3449 ἰσχυρῶς
3168 3379 3234 3448 τῇ
3264 3377 3444 3430 πίστει
3474 3375 3881 3447 ἀμετακίνητοι

2282 3475 2616 3545 διαμείνατε,
2644 3474 2738 3527 καὶ
2786 3473 2861 3544 μὴ
2916 3470 3303 3542 ματαιολογίας
3340 3471 3436 3523 καὶ
3491 3468 3882 3539 ἠφανισμένας

2284 3567 2544 3639 ζητήσεις
2608 3564 2747 3636 μετά
2799 3564 2959 3617 τοῦτο
3011 3561 3347 3633 ὑπομείνητε
3388 3561 3431 3594 ⁶¹
3472 3561 3693 3615 ἀκούειν
3743 3561 3885 3625 τοὺς

2284 3660 2582 3732 κληρικοὺς
2604 3658 2637 3731 ἢ
2669 3657 2795 3721 τοὺς
2817 3655 3039 3721 λαῖκοὺς
3058 3654 3233 3726 ὑμῶν.
3274 3653 3414 3725 Ἤδη
3450 3654 3558 3726 γὰρ
3606 3651 3758 3716 ἅπαξ
3774 3650 3882 3705 τύ-

2282 3772 2383 3807 πον
2417 3751 2721 3821 ἐδώκαμεν,
2766 3749 2855 3804 ῐνα
2890 3751 2919 3802 6
2960 3746 3246 3819 γινώσκων
3284 3746 3477 3801 ἑαυτὸν
3519 3746 3860 3817 Χριστιανὸν

2281 3847 2458 3899 ἐκεῖνο
2487 3843 2767 3913 φυλάττοι,
2804 3843 2941 3913 ὅπερ
2972 3839 3125 3913 παρά
3157 3839 3264 3894 τῶν
3294 3839 3605 3894 ἀποστόλων
3636 3838 3883 3907 παρεδό-

2283 3936 2371 4008 θη,
2403 3935 2654 4003 λέγοντος
2674 3933 2769 3988 τοῦ
2807 3933 2960 4002 ἁγίου
2993 3932 3231 3988 Παύλου·
3273 3952 3291 3985 ι
3319 3933 3387 3986 Ei
3420 3949 3502 3995 τις
3529 3932 3671 4002 ὑμᾶς
3706 3932 3884 4002 εὐαγ-

2280 4029 2556 4100 γελίζεται
2593 4027 2725 4101 παρ’
2770 4026 2799 4081 ὃ
2847 4026 3210 4099 παρελάὸετε,
3252 4024 3503 4095 ἀνάθεμα
3536 4025 3697 4079 ἔστω.
3739 4044 3759 4077 ι
3820 4027 3883 4080 Ὁ

2280 4119 2391 4191 γὰρ
2425 4118 2681 4191 Χριστὸς,
2713 4118 2742 4170 6
2774 4118 2903 4182 Υἱὸς
2950 4117 3045 4172 τοῦ
3091 4115 3247 4182 Θεοῦ,
3275 4119 3303 4170 6
3330 4116 3536 4189 Κύριος
3573 4116 3757 4187 ἡμῶν,
3798 4117 3883 4188 τῷ

2280 4212 2428 4280 γένει
2470 4210 2579 4263 τῶν
2622 4208 2929 4282 ἀνθρώπων
2975 4209 3065 4263 διά
3107 4207 3204 4262 τοῦ
3238 4209 3371 4263 ἰδίου
3420 4207 3625 4272 πάθους
3658 4207 3880 4280 πληρε-

2283 4302 2486 4372 στάτην
2541 4301 2793 4356 ἀπέδωκε
2835 4300 2934 4372 τὴν
2981 4299 3277 4372 σωτηρίαν,
3332 4300 3420 4353 ἵνα
3466 4299 3586 4352 ὅλον
3615 4298 3711 4352 τὸν
3776 4301 3882 4354 ἄν-

2282 4391 2500 4465 θρωπον
2537 4394 2656 4457 ταῖς
2698 4391 2995 4463 ἁμαρτίαις
3026 4391 3347 4461 ἐνεχόμενον
3381 4390 3561 4460 πάσης
3595 4389 3886 4463 ἁμαρτίας

583 4493 708 4533 uem
740 4480 872 4549 quid
908 4496 936 4534 a
970 4497 1056 4537 me
1086 4482 1269 4537 denuo
1298 4483 1604 4553 requiritis,
1640 4482 1731 4552 qui
1765 4490 1819 4535 et
1844 4482 1934 4534 hic.
1964 4481 2174 4552 judicio

2281 4484 2645 4557 ἐλευθερώσῃ.
2679 4484 2879 4537 Τοῦτον
2911 4486 3062 4547 εἴτις
3097 4484 3142 4514 ⁸³
3168 4477 3640 4552 ἀνθρωπότητοςῆ
3675 4479 3882 4551 θεότη-

583 4571 728 4628 sedis
768 4574 1118 4642 apostolicae,
1152 4583 1423 4647 praesente
1453 4574 1618 4630 Petro
1649 4574 1993 4630 Alexandria
2021 4576 2174 4634 urbis

2280 4592 2369 4639 τος
2413 4574 2636 4629 ἔλαττον
2693 4572 2985 4644 ἐσχηκέναι
3037 4570 3205 4637 εἴποι,
3256 4568 3567 4641 πνεύματος
3615 4567 3883 4623 διαϐόλου

584 4657 889 4735 episeopo,
942 4665 1236 4722 abdicatus
1288 4674 1374 4722 est
1422 4678 1533 4720 una
1586 4679 1710 4720 cum
1767 4666 2032 4737 magistro
2072 4684 2176 4724 suo

2285 4663 2740 4737 πεπληρωμένος,
2771 4663 2873 4734 τῆς
2895 4663 3119 4733 γεέννης
3145 4661 3263 4716 υἱὸν
3281 4660 3472 4715 ἑαυτὸν
3494 4657 3881 4714 ἀποδείκνυσι.

651 4841 679 4881 1³
712 4839 892 4899 Galat.
924 4858 965 4910 ι,
1012 4841 1068 4898 8.

1885 4976 2124 5035 ἾΑΒΙᾹΞ
2164 4975 2568 5034 LECTlONES.

694 5126 1687 5217 γ’δεδηλωκενᾈβιιείιῇςιδιερῇ,
1733 5131 1965 5217 Niceph.
2265 5130 2383 5198 XII,
2427 5133 2514 5188 17.
2545 5206 2558 5217 _
2621 5134 2675 5217 '1
2688 5118 3118 5217 ﬁauzotc._vidii'
3154 5130 3420 5217 .Valesius
3490 5146 3713 5216 sensum
3749 5136 3882 5217 _in-

582 5205 765 5267 eptum
813 5214 974 5265 esse;
1006 5213 1175 5268 quare
1230 5200 1575 5266 suspicatur
1602 5202 1717 5257 haec
1751 5200 1892 5258 male
1936 5204 2104 5255 verba
2163 5200 2335 5257 fuisse
2374 5220 2405 5257 e
2457 5205 2806 5261 cod.\'itioso
2840 5205 3119 5276 archetypi
3153 5203 3297 5269 Lat.,
3337 5205 3391 5259 in
3434 5219 3546 5274 quo
3593 5205 3878 5274 scriptum

585 5266 751 5338 interit
797 5269 941 5323 vobis
1008 5268 1132 5338 (pro
1182 5269 1355 5338 nobis)
1416 5271 1706 5337 plurimum
1785 5272 2052 5327 tribuitis.
2185 5273 2559 5338 ⁵⁸παρέχεσθε
2622 5275 2783 5330 habet
2856 5277 2993 5330 liber
3047 5276 3134 5330 J0.
3190 5274 3332 5338 Piui,
3386 5273 3617 5338 Niceph.
3671 5276 3877 5332 etiam.

586 5290 751 5323 mem
797 5290 941 5323 υουιδ
1008 5290 1132 5338 ψῐυ
1182 5290 1355 5338 nauta)
1416 5290 1706 5337 plurimum
1785 5290 2052 5327 trmuuts.
2185 5290 2559 5345 υυπαρεχεσυε
2623 5290 2783 5330 nubet
2856 5290 2993 5330 ltbel'
3047 5290 3134 5330 J0.
3191 5290 3332 5338 l’tltt,
3386 5290 3617 5345 mcepn.
3671 5290 3877 5332 etiam.

586 5337 634 5416 ’ξ
666 5340 1017 5416 Camerarius
1051 5339 1269 5416 volebat
1300 5355 1313 5390 :
1351 5341 1436 5416 ὅτι
1465 5342 1630 5416 πάλαι
1659 5344 1750 5396 τὸν
1774 5341 2041 5416 Τιμόθεον
2067 5342 2485 5416 --καθείλομεν
2513 5387 2527 5411 ,
2576 5349 2716 5416 quod
2744 5345 3069 5415 jamdudum
3112 5344 3439 5399 Timotheum
3483 5346 3880 5416 condemnave-

585 5408 938 5487 rimusLnge
965 5409 1278 5487 emendatio
1308 5410 1439 5487 mihi
1496 5414 1724 5487 quidem
1735 5408 2050 5487 verissima
2106 5413 2345 5487 videtur,
2383 5408 2967 5487 non'm'odoipropter
3019 5431 3079 5470 ea
3129 5415 3278 5487 quod,
3329 5416 3669 5487 Epiphanius
3696 5415 3879 5487 Hist.

588 5479 846 5556 trip._lX,_
881 5479 1155 5556 lA4_habet
1192 5497 1205 5533 :
1234 5482 1374 5556 quoa
1421 5479 2065 5556 ιιιιὶὶίειη-ΑΤ-ἑιηοιΙιειιηιἠ
2087 5483 2576 5556 ςοηάεηιηαυὶηιιιε,
2630 5486 2726 5540 sed
2745 5479 2815 5556 iet
2848 5479 3120 5540 Damasus
3147 5479 3319 5554 paulo
3352 5479 3476 5556 post
3505 5485 3872 5556 Timotheum

585 5547 859 5631 ἅπαξ-,και
883 5547 1598 5631 ’δΞύΞε-ρ-ονὲαξ-ταδηχθέντα
1618 5553 1783 5631 dicit,
1814 5559 2006 5631 atque“
2028 5551 2260 5631 inferius
2306 5547 2628 5631 planissime
2663 5554 2814 5631 addit
2849 5556 2951 5631 {ei
2982 5547 3236 5631 ΠᾼΛῘΝ
3285 5547 3415 5631 παρ’
3453 5555 3598 5631 Δἐμοῦ
3647 5557 3876 5631 ζητεῖτε

583 5620 685 5688 τὴν
718 5620 1195 5673 ΚΛΘΑΙῬΕΣΙΝ
1244 5620 1554 5691 Τιμοθέους
1617 5622 1659 5653 ⁵⁷
1698 5621 1917 5674 Ἀπολλ.
1968 5620 2322 5679 Basileenses
2367 5634 2420 5677 et
2470 5626 2811 5693 Stephanici.
2869 5626 2916 5657 ⁸⁸
2946 5628 2993 5679 εἰ
3027 5627 3083 5679 δέ
3116 5645 3166 5679 τι
3204 5620 3411 5690 ἐκεῖνος
3444 5627 3472 5679 ὁ
3497 5620 3871 5695 Sang—Bas“.

588 5686 790 5730 Fndnm
822 5688 986 5730 mmln
1014 5689 1243 5730 lraipnln
1300 5693 1465 5730 vol-Im
1523 5689 1665 5730 amni
1696 5689 2064 5730 Νἰιιρηιιηνιιιη
2151 5694 2196 5725 59
2231 5695 2642 5730 «mena-Inungi,-
2675 5696 2926 5730 nonam-illi:
2979 5696 3332 5730 (Tumor-mina
3408 5699 3454 5730 60
3497 5699 3655 5730 ι’...ρτρ
3712 5703 3869 5730 ιιι-ιιι.

588 5686 790 5742 Eodem
822 5688 986 5739 modo
1014 5689 1246 5753 trajecta
1300 5686 1469 5744 verba
1522 5686 1666 5760 apud
1696 5689 2090 5757 Nicephorum.
2151 5694 2196 5725 ⁵ο
2231 5686 2642 5765 καταπληχθεὶς
2675 5696 2933 5753 rescribit
2979 5696 3357 5751 Camerarius.
3391 5686 3454 5730 ’⁸ο
3497 5686 3677 5767 ὑμεῖς,
3711 5703 3872 5767 quod

589 5758 792 5839 habent
825 5755 1164 5839 (‘Jhristophq
1200 5757 1415 5839 δεξιῆς..
1437 5761 1862 5839 et__Ca_saubon_.,
1920 5762 2159 5839 itemque
2214 5763 2607 5839 Niceplt_orus,_
2637 5765 2795 5820 abest
2829 5782 2858 5821 a
2890 5767 3056 5824 Basil.
3089 5776 3140 5823 ct
3175 5767 3363 5838 Steph.
3428 5768 3471 5800 “
3505 5769 3866 5839 ὑπομείνατε.

589 5823 758 5880 Basil.
800 5823 1214 5892 uterque‘cum
1271 5823 1460 5896 Ste'ph.
1494 5830 1540 5861 ⁸³
1583 5829 1703 5899 ἦτοι
1763 5823 1972 5888 addunt
2011 5823 2197 5905 iidem.
2224 5823 2367 5889 cum'
2417 5823 2756 5905 Nicephoro.
