4124 6404
335 449 467 517 1221

1356 454 1945 518 ΕεριΕειΑεΤΙοίΕ
1978 457 2360 518 IIISTORI/E
2389 426 2545 520 LIB.
2570 461 2639 522 ν.

3451 463 3586 528 1%

331 561 401 615 Τί
448 560 632 615 τοίνυν
681 561 844 615 πάλιν
883 564 1015 634 παρ’
1041 565 1173 634 ἐμοῦ
1224 564 1435 633 ζητεῖτε
1468 566 1565 638 τὴν
1594 567 1910 639 καθαίρεσιν

2015 567 2331 637 Apollinare
2352 610 2366 634 ,
2402 580 2454 627 ct
2483 573 2538 626 in
2567 572 2657 629 die
2688 571 2877 645 iudicii
2912 573 3127 630 debitas
3157 589 3345 646 poenas
3375 584 3428 631 ct
3457 593 3587 646 sup-

331 652 599 723 Τιμοθέου
639 653 718 719 ⁶³;
768 655 877 708 Καὶ
904 656 1135 711 ἐνταῦθα
1176 657 1353 727 κρίσει
1397 660 1497 729 τῆς
1548 660 1909 731 ἀποστολικῆς

328 740 623 812 καθέδρας,
651 742 915 814 παρόντος
954 743 1047 797 καὶ
1075 747 1284 817 Πέτρου
1327 747 1421 801 τοῦ
1462 748 1761 802 ἐπισκόπου
1807 750 1908 819 τῆς

340 828 738 903 Ἀλεξανδρέων
774 833 1000 897 πόλεως,
1037 837 1316 909 καθῃρέθη
1356 838 1472 908 ἅμα
1505 838 1583 910 τῷ
1604 839 1906 911 διδασκάλῳ

324 923 492 977 αὐτοῦ
538 924 908 997 ’Λπολιναρίῳ
959 927 1027 994 ⁸⁸,
1061 928 1120 992 ὃς
1151 929 1195 961 ⁸⁸
1224 929 1317 982 καὶ
1354 932 1410 983 ὲν
1439 930 1621 1001 ἡμέρᾳ
1661 932 1759 1001 τῆς
1782 932 1906 1001 κρί-

328 1031 467 1079 σεως
508 1016 610 1080 τὰς
640 1018 996 1089 ὀφειλομένας
1030 1020 1304 1092 τιμωρίας
1350 1022 1443 1074 καὶ
1476 1020 1739 1090 βασάνους
1769 1023 1903 1075 ὐπο-

330 1109 501 1177 μενεϊ.
543 1109 605 1161 Εἰ
648 1108 706 1163 δέ
735 1126 889 1175 τινας
944 1111 1310 1182 κουφοτέρους
1354 1112 1532 1165 πείθει
1568 1113 1797 1179 ἐκεῖνος,
1831 1112 1906 1177 ὥς

326 1213 445 1251 τινα
493 1199 686 1253 ἐλπίδα
713 1200 874 1271 ἔχων,
915 1202 1064 1267 ὅστις
1095 1203 1191 1273 τὴν
1224 1202 1399 1273 ἀληθῆ
1448 1203 1638 1257 ἐλπίδα
1679 1204 1777 1273 τὴν
1826 1206 1907 1268 είς

324 1289 561 1359 Χριστὸν
585 1294 652 1363 τῇ
695 1292 955 1363 ὁμολογίᾳ
986 1293 1269 1363 μετέὸαλε,
1319 1295 1456 1365 μετὰ
1485 1294 1675 1347 τούτου
1708 1295 1908 1365 ὁμοίως

326 1381 629 1446 ἀπολεῖται,
684 1384 833 1449 ὅστις
885 1385 949 1456 δή
990 1403 1121 1438 ποτε
1162 1385 1433 1455 βούλεται,
1470 1385 1548 1455 τῷ
1594 1386 1776 1439 κανόνι
1807 1391 1907 1458 τῆς

2010 662 2176 731 plicia
2206 664 2722 732 sustinebit?Quod
2757 668 2802 721 si
2828 666 3062 724 leviores
3096 670 3383 740 quospiam
3417 671 3505 725 ille
3529 671 3584 725 in

2008 767 2166 807 suam
2218 756 2547 810 sententiam
2583 757 2872 827 perducit,
2927 761 3086 828 quasi
3141 777 3292 831 spem
3346 763 3585 833 aliquam

1950 903 1954 907 ,
2008 845 2253 912 habens,
2287 848 2383 919 qui
2416 864 2606 905 veram
2638 865 2790 922 Spem
2825 852 2880 907 in
2912 853 3191 909 Christum
3229 870 3331 908 una
3368 870 3489 909 cum
3523 854 3588 909 ﬁ-

2006 937 2093 992 dei
2122 938 2483 1011 confessione
2512 945 2781 1009 mutavit,
2828 960 2953 999 cum
2999 947 3101 1001 hoc
3147 948 3353 1017 pariter
3384 947 3587 1018 peribit

2010 1027 2329 1099 quicunque
2377 1032 2495 1087 vult
2526 1031 2787 1088 Ecclesiae
2816 1036 3017 1090 canoni
3064 1052 3392 1108 repugnare.
3443 1037 3586 1093 licus

2015 1133 2113 1174 vos
2143 1121 2448 1179 incolumes
2485 1126 2789 1191 custodiat,
2826 1128 2921 1182 ﬁlii
2955 1129 3391 1185 honoratissimi.
3443 1128 3584 1197 Quin

2011 1218 2066 1265 et
2097 1213 2202 1268 alia
2236 1218 2487 1285 quaedam
2518 1219 2763 1290 epiSCOpi
2798 1221 2852 1274 in
2900 1236 3097 1291 magna
3142 1222 3314 1276 Roma
3355 1238 3586 1292 congre-

2013 1305 2127 1375 gati
2173 1307 2438 1364 adversus
2489 1310 2736 1366 diversas
2787 1312 3023 1368 haereses
3060 1314 3429 1383 scripserunt,
3466 1328 3587 1384 qua:

2015 1399 2322 1453 narrationi
2357 1401 2603 1457 intexere
2638 1418 2946 1474 congruum
2978 1405 3306 1460 existimavi.

336 1477 666 1569 Ἐκκλησίας
692 1480 1108 1545 ἀντιπαλαίσας.
1158 1481 1220 1534 Ὀ
1271 1480 1403 1544 Θεὸς
1455 1482 1598 1551 ὑμᾶς
1641 1482 1982 1551 ὑγιαίνοντας
2017 1489 2389 1560 διαφυλάττοι,
2421 1496 2527 1549 uici.
2583 1498 2921 1569 τιμιώτατοι.
2989 1499 3100 1552 Καὶ
3153 1498 3287 1552 ἀλλα
3348 1496 3405 1550 δέ
3464 1511 3587 1549 τινα

328 1565 807 1660 συναθροισθέντες
854 1570 913 1623 ἔν
966 1573 1032 1640 τῇ
1099 1570 1306 1641 μεγάλῃ
1363 1569 1551 1642 Ῥώμῃ
1594 1571 1904 1642 γεγράφασι
1941 1579 2080 1633 κατά
2100 1581 2374 1655 διαφόρων
2398 1565 2682 1658 αἱρέσεων,
2716 1588 2858 1660 άπερ
2880 1590 3178 1660 ἀναγκαῖον
3248 1589 3435 1660 ᾠήθην
3500 1588 3586 1644 ὲν-

331 1659 499 1713 θεῖναι
534 1661 600 1730 τῇ
627 1663 918 1731 συγγραφῇ
930 1701 943 1714 .

916 1751 1164 1804 ΚΕΦΛΛ.
1206 1749 1310 1805 iA'.

334 1838 711 1909 Ὀιιολογ-ίαθσ
739 1838 848 1905 τῆς
879 1840 1209 1906 καθολικῆς
1236 1843 1512 1907 πίστεως,
1537 1840 1620 1909 ἢν
1647 1844 1681 1896 ό
1703 1843 1907 1910 πάπας

403 1910 678 1978 Δάμασος
709 1911 1026 1965 ἀπέστειλε
1059 1912 1208 1978 apd-9
1238 1913 1577 1965 ἐπίσκοπον
1604 1914 1909 1967 Παυλῖνον

623 1981 981 2048 Μακεδονίῃ,
1033 1980 1101 2048 ὃς
1121 1982 1163 2013 ⁸⁷
1198 1981 1435 2050 ἐγένετο
1481 1982 1578 2043 ἐν,
1602 1986 1907 2051 Θεσσαλο-

412 2140 630 2211 Ἐπειδὴ
658 2142 797 2213 μετὰ
827 2143 927 2215 τὴν
952 2144 1010 2197 ἐν
1041 2143 1248 2216 Νικαίᾳ
1277 2143 1494 2199 σύνοδον
1515 2145 1654 2217 αὕτη
1676 2148 1708 2217 ἠ
1732 2146 1906 2215 πλάνη

327 2232 618 2302 ἀνέκυψεν,
646 2233 785 2287 ὥστε
807 2235 1011 2307 τολμᾷν
1031 2253 1184 2301 τινας
1216 2236 1427 2309 βεϐήλῳ
1454 2239 1681 2310 στόματι
1713 2242 1906 2306 εἰπεῖν,

325 2322 390 2376 τὸ
423 2323 646 2395 Πνεῦμα
691 2325 749 2378 τὸ
783 2324 936 2395 ἅγιον
964 2326 1287 2397 γεγενῆσθαι
1321 2327 1408 2381 διά
1440 2327 1533 2381 τοῦ
1578 2329 1728 2396 Υίοῦ,
1776 2331 1910 2384 ἀνα-

326 2412 691 2485 θεματίζομεν
723 2417 848 2480 τοὺς
880 2416 954 2487 μὴ
985 2417 1121 2487 μετά
1159 2418 1336 2486 πάσης
1366 2417 1676 2491 ἐλευθερίας
1705 2421 1910 2491 κηρύτ-

325 2520 517 2568 τοντας
549 2505 644 2558 σὺν
676 2505 754 2577 τῷ
785 2507 959 2580 Πατρὶ
993 2507 1087 2560 καὶ
1120 2506 1197 2578 τῷ
1247 2506 1363 2577 Υίῷ
1405 2509 1502 2579 τῆς
1535 2511 1665 2579 μιᾶς
1693 2512 1785 2563 καὶ
1811 2510 1910 2581 τῆς

327 2596 498 2666 αὐτῆς
544 2598 731 2661 οὐσίας
778 2614 838 2651 τε
895 2598 990 2652 καὶ
1042 2598 1286 2663 ἐξουσίας
1339 2600 1606 2671 ὑπάρχειν
1648 2602 1707 2655 τὸ
1753 2603 1909 2671 ἅγιον

328 2687 575 2758 Πνεῦμα.
604 2688 836 2758 Ὁμοίως
853 2689 908 2742 δὲ
928 2691 1401 2763 ἀναθεματίζομεν
1422 2694 1657 2767 καὶτοὺς
1672 2697 1736 2765 τῇ
1755 2693 1907 2767 [214]

326 2779 617 2833 Σαδελλίου
646 2780 1071 2845 ἀκολουθοῦντας
1104 2782 1299 2856 πλάνῃ,
1328 2785 1419 2837 τὸν
1464 2765 1626 2839 αύτδν
1651 2765 1909 2852 λέγοντας

327 2870 425 2923 καὶ
448 2872 663 2943 Πατέρα
692 2867 830 2927 εἶναι
859 2874 954 2927 καὶ
982 2874 1128 2929 Υίόν.
1171 2873 1663 2947 ’Λναθεματίζομεν
1693 2878 1909 2948 Ἀρειον

328 2962 425 3015 καὶ
455 2963 738 3033 Εὐνόμιον,
789 2965 839 3018 οἳ
871 2967 934 3035 τῇ
979 2964 1068 3038 ἴσῃ
1101 2966 1412 3038 δυσσεϐείᾳ,
1461 2969 1510 3021 εί
1543 2969 1636 3022 καὶ
1663 2970 1774 3031 τοῖς
1808 2967 1907 3040 ῥῆ-

1931 1756 1979 1816 Β

2461 1759 2614 1815 CAP.
2645 1761 2735 1815 x1.
2773 1762 2857 1835 [Β.
2878 1763 2977 1818 ρει.
3011 1763 3123 1835 10.]

2010 1844 2285 1929 Cori-fessio
2328 1850 2451 1929 fidei
2502 1853 2829 1929 catholicat,‘
2852 1872 3008 1929 quam
3063 1856 3325 1911 Damasus
3358 1876 3495 1929 papa
3530 1863 3583 1916 in

2079 1916 2461 1997 Macedoniam
2482 1924 2623 1997 misit
2688 1925 2757 1977 ad
2789 1916 3079 1980 Paulinum
3112 1916 3438 1997 episcopum;
3464 1949 3581 1985 cum

2077 1998 2212 2041 esset
2245 1988 2649 2047 Thessalonica.

2081 2138 2351 2204 Quoniam
2393 2151 2516 2212 post
2577 2144 2873 2201 concilium
2945 2145 3225 2204 Nicaenum
3284 2150 3374 2207 hic
3423 2168 3583 2209 error

2010 2231 2261 2290 emersit,
2313 2238 2371 2285 ut
2417 2233 2639 2303 quidam
2689 2252 2784 2290 ore
2823 2236 3055 2307 profano
3087 2241 3271 2297 dicere
3321 2243 3580 2311 audeant,

2015 2320 2225 2392 1037
2261 2321 2527 2392 Spiritum
2560 2335 2812 2381 sanctum
2841 2344 2937 2399 per
2967 2329 3163 2386 Filium
3191 2332 3392 2388 factum
3430 2352 3577 2401 esse,

2012 2413 2543 2472 anathematizamus
2566 2433 2692 2481 eos,
2714 2419 2807 2488 qui
2841 2436 2952 2475 non
2971 2420 3252 2479 liberrime
3281 2428 3583 2495 praedicant

2012 2502 2278 2571 Spiritum
2309 2518 2564 2562 sanctum
2596 2511 2760 2567 unius
2789 2513 3152 2585 ejusdemque
3185 2533 3307 2572 cum
3338 2518 3499 2576 Patre
3526 2530 3583 2579 et

2010 2596 2151 2652 Filio
2201 2599 2532 2655 substantia:
2568 2618 2631 2657 ac
2662 2607 2955 2673 potestatis
2982 2607 3277 2664 exsistere.
3317 2609 3583 2669 Similiter

2011 2694 2192 2742 autem
2225 2690 2753 2749 anathematizamus
2778 2710 2895 2761 eos,
2930 2700 3024 2764 qui
3076 2697 3299 2755 Sabellii
3337 2717 3583 2758 errorem

2012 2786 2342 2847 sequuntur,
2389 2790 2443 2834 et
2470 2782 2720 2837 eumdem
2751 2800 2874 2839 esse
2901 2786 3094 2842 dicunt
3142 2788 3358 2846 Patrem
3391 2801 3447 2849 et
3492 2794 3584 2848 Fi-

2011 2872 2166 2928 lium.
2198 2874 2745 2935 Anathcmatizamus
2775 2880 2967 2936 Arium
2996 2891 3050 2938 et
3093 2882 3451 2953 Eunomium,
3486 2890 3582 2960 qui

2012 2966 2130 3035 pari
2168 2966 2469 3037 impietate.
2527 2971 2655 3025 licet
2691 2972 2875 3028 verbis
2901 2974 3240 3045 discrepent,
3286 2978 3485 3034 Filium
3527 2988 3583 3035 ct

330 3071 466 3125 μασι
513 3055 879 3127 διαφέρονται,
931 3059 1021 3114 τὸν
1068 3060 1196 3113 Υίὸν
1244 3061 1339 3114 καὶ¹
1382 3062 1443 3116 τὸ
1485 3062 1638 3132 ἅγιον
1686 3061 1909 3131 Πνεῦμα

2015 3055 2283 3127 Spiritum
2310 3069 2562 3115 sanctum
2589 3070 2898 3118 creaturam
2923 3081 3045 3121 esse
3069 3068 3414 3123 conﬁrmant.
3436 3072 3582 3125 Ana-

326 3147 532 3219 κτίσμα
573 3144 712 3203 εῖναι
750 3150 1191 3223 διισχυρίζονται.
1240 3152 1737 3225 ’Λναθεματίζομεν
1784 3153 1910 3217 τοὺς

2014 3150 2434 3206 thematizamus
2469 3151 2930 3221 Maccdonianos,
2981 3144 3173 3227 qui'ex
3223 3158 3342 3213 Arii
3397 3161 3584 3217 radice

327 3238 780 3305 Μακεδονιανοὺς,
826 3243 1022 3304 οἵτινες
1052 3244 1116 3295 ὲκ
1169 3243 1268 3313 τῆς
1321 3245 1531 3316 Ἀρείου
1579 3243 1732 3317 ῥίζης
1777 3262 1911 3299 κατ-

330 3330 615 3400 αγόμενοι,
667 3332 788 3403 οὐχὶ
814 3332 913 3404 τὴν
945 3334 1216 3403 ἀσέϐειαν,
1244 3334 1381 3388 ἀλλὰ
1407 3335 1506 3406 τὴν
1542 3336 1911 3407 προσηγορίαν

329 3421 646 3493 ὲνήλλαξαν.
705 3422 1198 3495 ’Δναθεματίζομεν
1245 3426 1529 3491 Φωτεινὸν,
1580 3427 1639 3490 ὃς
1670 3428 1769 3498 τὴν
1815 3428 1910 3481 τοῦ

342 3512 596 3577 Ἐϐίωνος
647 3513 858 3584 αἵρεσιν
926 3515 1319 3581 ἁνακαινίζων,
1369 3516 1459 3570 τὸν
1511 3516 1715 3588 Κύριον
1753 3510 1912 3588 ἡμῶν

340 3604 549 3675 Ἰησοῦν
597 3605 834 3677 Χριστὸν
888 3606 1046 3677 μόνον
1094 3607 1160 3661 ἐκ
1210 3608 1309 3677 τῆς
1359 3607 1578 3678 Μαρίας
1620 3607 1908 3680 ὡμολόγει.

286 3712 291 3726 ε
342 3696 837 3768 ’Λναθεματίξομεν
882 3698 1131 3761 καὶτοὺς
1156 3698 1250 3752 δύο
1294 3694 1433 3753 εἶναι
1464 3701 1612 3763 υἱοὺς
1648 3700 1911 3771 διισχυρι-

329 3790 609 3862 ζομένους,
636 3791 732 3847 ἕνα
762 3792 868 3863 πρὸ
897 3790 1005 3845 τῶν
1033 3791 1262 3857 αἰώνων,
1297 3793 1391 3847 καὶ
1438 3792 1594 3848 ἄλλον
1632 3793 1772 3865 μετά
1813 3792 1913 3865 τὴν

327 3885 427 3954 τῆς
458 3882 660 3954 σαρκὸς
694 3886 757 3938 ὲκ
789 3884 886 3956 τῆς
911 3885 1132 3957 Μαρίας
1157 3885 1445 3955 ἀνάληψιν.
1489 3883 1912 3956 ’Λναθεματίζο-

332 3992 431 4046 μεν
457 3975 761 4043 κάκείνους,
805 3977 1001 4039 οἵτινες
1046 3976 1167 4030 ἀντὶ
1196 3976 1419 4047 λογικῆς
1447 3976 1625 4047 ψυχῆς
1651 3976 1915 4049 διισχυρί-

331 4067 514 4131 ζονται
547 4067 627 4121 ὅτι
678 4070 707 4121 ό
733 4067 828 4121 τοῦ
857 4067 991 4122 Θεοῦ
1024 4069 1197 4138 Λόγος
1230 4069 1476 4141 ἐστράφη
1522 4071 1579 4123 ὲν
1605 4071 1670 4139 τῇ
1703 4068 1918 4141 ἀνθρω-

335 4157 466 4228 πίνῃ
500 4159 680 4230 σαρκί.
712 4161 885 4223 Λύτος
915 4160 1024 4230 γὰρ
1049 4155 1201 4225 οὗτος
1224 4164 1252 4216 ὁ
1279 4160 1375 4214 τοῦ
1404 4159 1540 4215 Θεοῦ
1569 4160 1761 4229 Λόγος,
1794 4161 1916 4231 οὐχὶ

2011 3243 2320 3315 pr0pagati.
2348 3259 2456 3299 non
2481 3245 2838 3316 impietatem,
2864 3248 2957 3304 sed
2983 3264 3177 3305 nomen
3204 3257 3379 3306 solum
3407 3262 3583 3307 muta-

2012 3343 2159 3389 runt.
2180 3336 2721 3390 Anathematizamus
2746 3335 3059 3403 Pbotinum,
3077 3340 3190 3409 qui,
3218 3341 3441 3397 Ehionis
3472 3343 3583 3397 hae-

2013 3428 2161 3481 resin
2188 3442 2481 3488 renovans,
2506 3426 2793 3481 Dominum
2822 3439 3069 3483 nostrum
3087 3429 3273 3487 Jesum
3299 3433 3582 3487 Christum

2012 3516 2194 3570 solum
2253 3531 2319 3570 ex
2381 3518 2555 3570 Maria
2606 3517 2993 3572 conﬁtebatur.
3043 3519 3585 3580 Anathematizamus

2012 3607 2176 3660 etiam
2204 3622 2300 3662 eos
2353 3609 2446 3677 qui
2475 3608 2615 3661 duos
2644 3608 2782 3664 ﬁlios
2808 3624 2930 3664 esse
2950 3609 3240 3676 allirmant,
3266 3630 3431 3667 unum
3458 3608 3587 3671 ante

2014 3697 2236 3762 saecula,
2263 3706 2317 3751 ct
2344 3698 2509 3751 alium
2542 3707 2665 3767 post
2695 3700 2881 3753 carnis
2913 3704 3344 3771 assumptioncm
3374 3719 3442 3759 ex
3469 3703 3583 3758 Ma-

2012 3788 2114 3841 ria.
2150 3787 2694 3844 Anatbematizamus
2718 3798 2772 3845 et
2810 3791 2936 3863 illos
2983 3793 3085 3861 qui
3123 3802 3439 3848 asseverant
3486 3810 3586 3865 pro

2011 3880 2271 3935 rationali
2305 3881 2484 3935 anima
2521 3880 2610 3936 Dei
2636 3880 2875 3937 Verbum
2908 3884 2960 3937 in
2997 3884 3231 3938 humana
3264 3901 3429 3940 carne
3459 3902 3586 3943 ver-

2014 3980 2195 4027 satum
2223 3987 2366 4027 esse.
2408 3972 2590 4042 Ipsum
2617 3975 2763 4027 enim
2790 3972 2885 4028 Dei
2911 3972 3148 4029 Verbum
3172 4015 3188 4041 ,
3213 3991 3319 4030 non
3348 3977 3470 4033 loco
3493 3992 3588 4033 ra-

2015 4065 2245 4120 tionalis
2271 4074 2325 4119 et
2352 4064 2711 4135 intclligcntis
2742 4067 2935 4119 animm
2966 4066 3019 4120 in
3054 4082 3286 4137 corpore
3317 4083 3419 4123 suo
3447 4069 3547 4125 fuit
3569 4111 3585 4136 ,

2020 4157 2114 4213 sed
2142 4165 2409 4223 nostram,
2438 4158 2541 4211 hoc
2567 4165 2673 4221 est,
2707 4157 3029 4212 rationalem
3057 4167 3110 4214 et
3135 4158 3586 4226 intellectualem,

335 4247 459 4300 ἀντὶ
489 4250 588 4320 τῆς
639 4251 862 4322 λογικῆς
907 4253 1004 4306 καὶ
1050 4256 1244 4324 νοερᾶς
1287 4253 1463 4324 ψυχῆς
1510 4253 1567 4304 ὲν
1594 4251 1674 4323 τῷ
1718 4252 1912 4306 ἑαυτοῦ

2017 4251 2138 4305 sine
2165 4258 2388 4320 peccato
2411 4249 2646 4302 animam
2671 4251 2974 4319 assumpsit
2990 4259 3044 4306 ct
3061 4254 3427 4308 conservavit.
3444 4252 3591 4307 Ana-

335 4338 549 4410 σώματι
581 4343 827 4412 γέγονεν,
862 4343 997 4398 ἀλλά
1020 4344 1119 4415 τὴν
1147 4345 1445 4417 ἡμετέραν,
1493 4343 1639 4398 τοῦτ’
1671 4346 1786 4399 ἐστι
1825 4345 1912 4399 λο-

2016 4343 2366 4396 thematizam
2376 4357 2439 4396 us
2456 4341 2671 4410 cos,qui
2690 4341 3146 4407 dicunthrbum
3168 4344 3260 4400 Dei
3275 4346 3591 4415 productio-

331 4429 496 4501 γικὴν
523 4434 617 4486 καὶ
640 4434 855 4506 νοεράν,
893 4435 1020 4490 ἀνευ
1049 4436 1147 4506 τῆς
1178 4436 1452 4507 ἁμαρτίας
1482 4435 1658 4507 ψυχὴν
1688 4436 1912 4491 ἀνέλαϐε

2021 4449 2091 4488 ne
2110 4444 2165 4489 et
2187 4437 2566 4491 contractione
2587 4452 2616 4490 a
2636 4433 2798 4491 Patre
2824 4446 3134 4507 separatum
3165 4453 3309 4501 esse,
3335 4440 3593 4510 idemque

333 4523 431 4575 καὶ
460 4523 682 4579 έσωσεν.
733 4525 1227 4597 ’Λναθεματίξομεν
1257 4527 1351 4579 καὶ
1381 4527 1509 4591 τοὺς
1544 4528 1800 4597 λέγοντας
1822 4527 1916 4582 τὸν

334 4615 511 4683 Λόγον
543 4616 638 4670 τοῦ
669 4616 804 4671 Θεοῦ
832 4621 898 4690 τῇ
929 4618 1149 4672 ἐκτάσει
1179 4618 1274 4671 καὶ
1298 4622 1363 4689 τῇ
1396 4619 1627 4691 συστολῇ
1677 4622 1783 4675 ἀπὸ
1819 4617 1914 4674 τοῦ
1948 4614 1960 4624 “

333 4710 548 4781 Πατρὸς
578 4711 908 4783 κεχωρίσθαι
925 4712 991 4777 ⁸³,
1024 4711 1119 4764 καὶ⁵
1161 4712 1533 4768 ἀνυπόστατον
1565 4713 1726 4767 αὑτὸν
1755 4708 1916 4777 εἶναι,

333 4799 367 4870 ἢ
408 4799 624 4870 μέλλειν
666 4803 923 4874 τελευτᾷν
975 4801 1452 4874 βλασφημοῦντας.
1502 4805 1642 4869 Τοὺς
1692 4805 1748 4858 δὲ
1808 4803 1918 4859 ἀπὸ

346 4892 688 4963 Έκκλησιῶν
720 4897 799 4959 είς
831 4896 1024 4968 ἐτέρας
1057 4897 1381 4968 Ἐκκλησίας
1411 4896 1768 4967 μετελθόντας
1787 4895 1918 4966 ἄχρι

331 4985 595 5039 τοσούτου
648 4988 755 5041 ἀπὸ
801 4988 900 5058 τῆς
947 4990 1222 5061 ἡμετέρας
1272 4990 1557 5052 κοινωνίας
1604 4988 1920 5060 ἀλλοτρίους

332 5077 557 5149 ἔχομεν,
582 5078 741 5149 ἄχρις
773 5071 834 5132 οὗ
868 5079 1001 5151 πρὸς
1020 5079 1189 5144 αὐτάς
1220 5079 1555 5133 ἐπανέλθωσι
1585 5081 1684 5143 τὰς
1714 5080 1915 5146 πόλεις,

336 5172 398 5222 ὲν
426 5166 517 5231 αἷς
542 5170 759 5240 πρῶτον
804 5171 1309 5243 ἐχειροτονήθησαν.
1358 5172 1484 5225 Ἐὰν
1525 5172 1583 5226 δέ
1608 5190 1712 5235 τις,
1757 5173 1918 5226 ἄλλου

333 5258 450 5314 ἀπὸ
470 5259 636 5313 τόπου
663 5262 741 5325 εἰς
761 5261 926 5315 τόπον
954 5262 1320 5332 μετελθόντος,
1345 5265 1402 5317 ὲν
1425 5262 1575 5333 τόπῳ
1600 5264 1694 5315 τοῦ
1717 5262 1921 5327 ζῶντος

333 5351 741 5423 ἐχειροτονήθη,
760 5352 888 5424 ἄχρι
920 5354 1173 5408 τοσούτου
1201 5354 1442 5426 σχολάσῃ
1470 5355 1578 5408 ἀπὸ
1607 5354 1701 5407 τοῦ
1734 5355 1922 5426 ἀρχιε-

2020 4527 2140 4581 sine
2163 4527 2524 4583 subsistentia
2544 4544 2687 4594 esse,
2708 4528 3587 4599 interiturumqueblasphemant.

2019 4622 2127 4679 Eos
2153 4633 2360 4688 autem,
2380 4623 2473 4693 qui
2493 4624 2563 4679 ab
2579 4624 2837 4680 Ecclesiis
2862 4624 2927 4680 ad
2948 4620 3084 4680 alias
3097 4624 3370 4681 Ecclesias
3389 4626 3592 4693 migra-

2019 4722 2238 4778 verunt,
2262 4714 2450 4768 tandiu
2479 4728 2508 4767 a
2559 4725 2747 4770 nostra
2777 4699 3164 4770 communione
3186 4716 3395 4771 alienos
3420 4716 3589 4770 habe-

2020 4820 2145 4860 mus
2172 4845 2186 4866 ,
2230 4805 2406 4860 donec
2443 4806 2510 4860 ad
2542 4820 2637 4861 eas
2689 4806 2915 4861 redeant
2946 4806 3199 4862 civitates
3224 4849 3239 4873 ,
3279 4806 3334 4861 in
3374 4806 3589 4877 1038

2020 4895 2223 4963 quibus
2264 4895 2501 4963 primum
2538 4894 2774 4949 ordinati
2810 4903 2961 4950 sunt.
2997 4895 3151 4961 Quod
3187 4896 3231 4951 si
3271 4897 3398 4966 quis
3423 4936 3438 4961 ,
3476 4897 3587 4951 alio

2016 4988 2083 5042 ad
2117 4987 2278 5041 aliam
2313 4989 2496 5045 sedem
2533 4990 2819 5050 translato,
2857 4989 2911 5043 in
2955 4990 3133 5044 locum
3159 4989 3393 5045 viventis
3426 4987 3592 5043 fuerit

2016 5077 2327 5142 ordinatus,
2361 5078 2551 5131 tandiu
2599 5092 2628 5131 a
2660 5078 2991 5134 sacerdotali
3021 5078 3290 5147 dignitate
3314 5082 3467 5131 vacet
3520 5078 3588 5141 is,

2014 5166 2107 5242 q‘ui
2136 5170 2411 5240 propriam
2439 5168 3001 5234 tlefenditcivitatem,
3028 5170 3204 5225 donec
3234 5173 3251 5193 ⁶
3292 5181 3588 5224 successor

2016 5264 2139 5332 ejus
2197 5262 2508 5331 requiescat
2551 5262 2608 5315 in
2670 5260 2923 5315 Domino.
2980 5260 3039 5314 Si
3088 5262 3213 5332 quis
3242 5275 3349 5315 non
3382 5258 3585 5313 dixerit

2019 5367 2235 5423 semper
2275 5351 2514 5418 l'atrem,
2537 5358 2592 5405 et
2630 5364 2847 5421 semper
2877 5350 3101 5418 Filium,
3124 5359 3180 5406 et
3221 5364 3437 5422 semper
3464 5362 3592 5405 esse

1650 5495 1888 5552 VARUE
1927 5493 2333 5551 LECTIUNES.

421 5608 470 5641 “
497 5609 555 5673 ὃς
586 5608 748 5663 iidem
779 5608 1009 5663 addunt.
1097 5608 1143 5678 f"
1173 5609 1388 5666 Ἀπολλ.
1422 5609 1608 5663 Iidem.
1675 5610 1720 5642 ”
1737 5609 1817 5673 ὃς,
1847 5608 1992 5678 quod
2034 5608 2237 5662 habent
2273 5606 2633 5678 (lbristopb.L
2651 5606 2874 5678 Scalig.,
2908 5604 3216 5678 Casaubon.
3254 5619 3307 5667 et
3334 5607 3583 5678 N:ccph.,

340 5679 500 5733 abest
523 5695 552 5731 a
578 5679 985 5734 Basileensibus
1014 5686 1068 5731 et
1091 5676 1654 5748 Stcph.,quibuscnm
1683 5676 2022 5747 Epiphanius
2055 5680 2348 5732 consentit.
2413 5677 2457 5748 f‘
2486 5677 2572 5748 Jo.
2610 5676 2731 5748 Pini
2772 5676 2942 5748 codex
2980 5677 3044 5728 ad
3084 5678 3223 5729 latus
3257 5684 3330 5735 ita
3366 5676 3587 5748 exhibet

338 5752 489 5805 hunc
533 5748 750 5803 titulum
784 5763 799 5801 :
829 5749 1049 5801 ὲπιστολ

1052 5749 1086 5819 ὴ
1133 5737 1232 5816 τῆς
1260 5737 1445 5803 καθολ.
1487 5766 1638 5802 πιστ.
1672 5737 2274 5819 ἣηξὲὶτέστειλεΔαμασσ
2337 5745 2468 5815 πρὸς
2529 5747 2751 5819 nevi?!-
2798 5737 2984 5819 ‘27P“??-
3038 5747 3196 5819 έν-τῇ
3252 5747 3581 5818 Μακεδονίείο

337 5802 509 5872 “ora
540 5802 793 5874 malebat
824 5802 1094 5875 Valesius:
1156 5802 1887 5889 ⁶έ’Θεσσαλονικαίᾳ.’Βίιείι.
1923 5802 2172 5883 Latinus:
2238 5821 2284 5850 θ’
2322 5802 2681 5887 κε’χωρεῖσθαι
2708 5814 2872 5871 Basil.
2896 5814 2996 5869 Gr.
3031 5826 3085 5869 et
3115 5802 3227 5870 1.51.
