4124 6410
532 410 669 479 1223

1567 380 2060 470 THEODORETI
2098 405 2442 469 EPISCOPI
2482 405 2851 472 CYRENSIS

3677 406 3816 473 129.4

532 531 796 603 Spiritum
824 533 1099 587 sanctum,
1128 521 1425 577 anathema
1457 519 1550 577 sit.
1578 519 1635 574 Si
1658 519 1785 590 quis
1817 534 1928 575 non
1960 517 2113 574 dixe-

2233 518 2449 587 ρατικοῦ
2466 520 2512 558 ⁷⁸
2551 519 2863 592 ἀξιώματος
2897 522 2928 575 6
2968 520 3066 595 τὴν
3096 520 3231 577 ἰδίαν
3269 521 3424 577 πόλιν
3452 521 3809 592 καταλείψας,

531 625 606 680 rit
637 621 835 677 Filium
896 627 1083 674 natum
1142 631 1209 670 ex
1272 612 1468 679 Patre,
1523 613 1627 667 hoc
1677 619 1784 679 est,
1838 627 1906 667 ex
1934 612 2118 667 divina

529 713 652 782 ejus
681 706 1014 768 substantia,
1066 702 1355 758 anathema
1404 702 1499 757 sit.
1551 699 1607 755 Si
1654 701 1778 771 quis
1806 716 1918 755 non
1961 701 2118 757 dixe-

533 807 609 858 rit
675 816 864 858 verum
909 800 1075 855 Deum
1112 795 1315 850 Filium
1365 793 1487 860 Dei,
1531 793 1678 850 sicut
1712 809 1906 848 verum
1949 792 2117 849 Deum

531 895 747 950 Patrem
811 893 952 962 ejus,
984 901 1041 946 et
1072 889 1257 943 omnia
1315 902 1501 952 nosse,
1538 894 1591 941 et
1623 886 1807 940 omnia
1851 902 2036 957 posse,
2065 893 2122 942 et

531 986 677 1040 Patri
714 983 977 1054 aequalem
1032 996 1174 1046 esse,
1216 980 1510 1034 anathema
1547 978 1636 1033 sit.
1701 978 1755 1033 Si
1799 980 1925 1051 quis
1960 974 2118 1034 dixe-

531 1076 602 1129 rit
642 1074 790 1145 quod
825 1074 879 1127 in
938 1087 1107 1127 carne
1139 1079 1344 1142 degens
1378 1069 1555 1125 Filius
1584 1069 1701 1135 Dei,
1748 1087 1877 1125 cum
1914 1077 2036 1125 erat
2065 1069 2119 1125 in

531 1177 701 1235 terra,
735 1169 789 1222 in
817 1167 974 1223 cmlis
1016 1176 1071 1222 et
1101 1182 1227 1221 cum
1265 1164 1430 1221 Patre
1460 1181 1568 1220 non
1607 1166 1795 1228 fuerit,
1828 1167 2121 1222 anathema

532 1262 624 1316 sit.
661 1259 718 1314 Si
751 1261 879 1331 quis
909 1258 1113 1314 dixerit
1174 1258 1232 1312 in
1272 1256 1535 1327 passione
1565 1258 1747 1313 crucis
1788 1255 1989 1311 Filium
2024 1255 2120 1311 Dei

534 1355 781 1411 dolorem
831 1352 1123 1407 divinitate
1169 1350 1537 1414 sustinuisse,
1581 1360 1637 1405 et
1694 1366 1804 1405 non
1846 1364 2014 1406 carne
2056 1363 2123 1404 ac

536 1446 722 1499 anima
771 1444 1048 1510 rationali,
1095 1458 1258 1513 quam
1298 1442 1354 1496 in
1411 1441 1585 1496 forma
1619 1443 1764 1497 servi
1795 1442 2121 1511 assumpsit,

538 1537 685 1591 sicut
717 1544 910 1591 saneta
941 1533 1229 1605 Scriptura
1255 1533 1416 1599 dixit,
1446 1534 1737 1587 anathema
1777 1534 1870 1587 sit.
1906 1532 1962 1587 Si
2000 1533 2124 1603 quis

537 1643 651 1683 non
710 1627 912 1682 dixerit
951 1627 1043 1679 Dei
1079 1627 1314 1681 Verbum
1355 1642 1521 1681 carne
1577 1642 1823 1696 passum,
1856 1634 1912 1681 et
1959 1640 2126 1680 carne

537 1720 891 1783 crueitixnm,
932 1728 985 1773 ct
1030 1732 1204 1773 carne
1232 1726 1534 1779 mortuum,
1566 1717 1887 1788 factumque
1920 1717 2125 1787 primo-

538 1810 783 1880 genitum
810 1824 874 1862 ex
902 1810 1155 1873 mortuis,
1182 1816 1458 1878 quatenus
1504 1808 1611 1862 vita
1650 1818 1733 1863 est
1766 1817 1821 1863 et
1848 1809 1976 1864 vitae
2026 1822 2125 1862 au-

538 1871 661 1959 ctor
715 1912 775 1955 ut
827 1902 995 1968 Deus,
1033 1871 1328 1955 anathema
1367 1900 1461 1955 sit.
1517 1898 1574 1954 Si
1623 1901 1747 1970 quis
1780 1916 1887 1955 non
1919 1901 2125 1956 dixerit
2158 1871 2200 1931 Β

538 1997 685 2062 quod
733 1996 786 2049 in
813 2010 983 2050 carne
1013 2010 1179 2064 quam
1207 1996 1510 2065 assumpsit
1540 1996 1696 2050 sedet
1723 1996 1792 2051 ad
1832 1994 2120 2051 dexteram

537 2087 741 2153 Patris,
785 2087 838 2142 in
873 2101 981 2157 qua
1013 2086 1181 2141 etiam
1210 2097 1478 2141 venturus
1515 2094 1599 2141 est
1626 2085 1881 2155 judicare
1910 2086 2125 2157 1039

537 2182 697 2237 vivos
745 2188 800 2236 et
849 2189 1123 2241 mortuos.
1184 2179 1478 2233 anathema
1546 2179 1638 2234 sit.
1708 2177 1767 2233 Si
1825 2179 1954 2250 quis
2012 2195 2125 2234 non

538 2274 741 2330 dixerit
794 2272 1064 2343 Spiritum
1116 2280 1369 2325 sanctum
1417 2285 1485 2325 ex
1516 2269 1677 2326 Patre
1706 2286 1832 2326 esse
1880 2286 2009 2326 vere
2059 2286 2125 2325 ac

538 2363 786 2435 pr0prie,
827 2364 973 2417 sicut
1018 2371 1071 2417 et
1106 2359 1307 2415 Filium
1351 2376 1418 2414 ex
1470 2359 1657 2414 divina
1701 2360 2038 2426 substantia,
2072 2369 2127 2415 et

538 2455 710 2510 Demn
772 2454 864 2511 Dei
910 2454 1170 2518 Verbum,
1219 2453 1515 2509 anathema
1574 2453 1667 2509 sit.
1727 2451 1785 2508 Si
1843 2454 1971 2524 quis
2013 2468 2125 2508 non

540 2551 746 2607 dixerit
786 2550 971 2605 omnia
1018 2563 1182 2618 posse
1213 2547 1483 2618 Spiritum
1534 2555 1816 2613 sanctum,
1848 2557 1904 2603 et
1940 2549 2126 2604 omnia

540 2659 730 2711 nosse,
757 2652 811 2699 et
865 2643 1069 2711 ubique
1121 2640 1341 2706 adesse,
1403 2641 1549 2697 sicut
1594 2648 1649 2695 et
1702 2638 1902 2695 Filium
1926 2648 1983 2695 et
2025 2640 2129 2695 l’a-

542 2742 708 2797 trem,
760 2733 1055 2788 anathema
1114 2731 1204 2787 sit.
1271 2730 1329 2784 Si
1407 2730 1534 2802 quis
1590 2729 1794 2786 dixerit
1859 2728 2128 2801 Spiritum

543 2834 798 2882 sanctum
858 2824 1154 2886 facturam,
1203 2832 1298 2877 aut
1332 2837 1432 2893 per
1485 2820 1685 2877 Filium
1737 2820 1941 2876 factum
1983 2836 2128 2889 esse,

542 2916 841 2971 anathema
876 2915 972 2970 sit.
1014 2913 1070 2969 Si
1111 2914 1238 2986 quis
1283 2929 1395 2969 non
1434 2912 1636 2969 dixerit
1670 2913 1889 2969 Patrem
1944 2915 2133 2969 omnia

544 3023 642 3080 per
686 3007 885 3061 Filium
937 3007 1288 3061 incarnatum
1334 3017 1391 3061 et
1443 3020 1540 3077 per
1567 3004 1833 3076 Spiritum
1875 3013 2131 3061 sanctum

542 3100 882 3166 condidisse,
941 3099 1048 3154 hoc
1098 3108 1205 3166 est,
1238 3098 1482 3155 visibilia
1537 3104 1595 3154 et
1637 3097 1961 3163 invisibilia,
1997 3112 2135 3153 ana-

544 3194 731 3247 thema
783 3194 877 3249 sit.
918 3190 976 3247 Si
1026 3191 1153 3263 quis
1185 3208 1295 3248 non
1329 3191 1535 3247 dixerit
1569 3191 1775 3258 Patris,
1810 3197 1864 3246 et
1890 3189 2039 3259 Filii,
2078 3196 2135 3245 et

548 3287 794 3358 Spiritus
845 3287 1027 3344 sancti
1076 3302 1244 3341 unam
1296 3286 1673 3350 divinitatem,
1714 3286 2131 3352 auctoritatem,

545 3386 876 3451 potestatem
913 3393 1101 3442 unam,
1126 3377 1380 3448 gloriam,
1424 3376 1768 3433 dominatum
1820 3391 2014 3441 unum,
2051 3391 2139 3432 re-

550 3489 718 3547 gnum
777 3489 969 3537 unum,
1016 3473 1357 3528 voluntatem
1410 3483 1464 3529 et
1488 3473 1802 3536 veritatem,
1839 3472 2137 3528 anathema

550 3566 645 3621 sit.
687 3562 745 3619 Si
798 3564 925 3634 quis
958 3579 1069 3618 non
1117 3563 1318 3618 dixerit
1349 3571 1464 3621 tres
1515 3580 1675 3621 veras
1706 3580 1996 3635 personas,
2036 3564 2139 3620 Pa-

549 3654 655 3711 tris
702 3663 757 3711 et
801 3654 926 3709 Filii
954 3662 1009 3709 et
1058 3652 1304 3724 Spiritus
1340 3653 1541 3720 sancti,
1594 3668 1813 3723 semper
1861 3653 2136 3718 viventes,

549 3748 734 3805 omnia
784 3747 1151 3811 continentes,
1200 3745 1444 3801 visibilia
1496 3754 1553 3801 et
1600 3744 1924 3811 invisibilia,
1952 3744 2140 3801 omnia

551 3847 827 3913 potentes,
884 3839 1067 3895 omnia
1116 3839 1455 3909 judicantes,
1515 3840 1699 3894 omnia
1758 3839 2130 3905 viviﬁcantes,

550 3933 738 3989 omnia
787 3939 1063 3995 creantes,
1126 3932 1316 3987 omnia
1359 3940 1786 3998 conservantes,
1847 3931 2142 3987 anathema

550 4030 645 4084 sit.
675 4027 731 4084 Si
767 4029 891 4098 quis
924 4044 1034 4083 non
1061 4027 1266 4083 dixerit
1307 4029 1653 4084 adorandum
1688 4028 1955 4099 Spiritum
2005 4044 2141 4086 san-

551 4134 701 4183 ctum
748 4125 817 4180 ab
873 4125 1021 4180 omni
1079 4134 1355 4191 creatura,
1406 4125 1553 4181 sicut
1585 4134 1640 4181 et
1685 4125 1885 4180 Filium
1941 4134 1995 4181 et
2034 4124 2143 4180 Pa-

551 4225 717 4282 trem,
782 4216 1074 4271 auathema
1138 4217 1233 4271 sit.
1276 4213 1333 4270 Si
1396 4217 1525 4286 quis
1583 4216 1655 4271 de
1705 4215 1914 4271 Patre'
1967 4215 2141 4271 et‘Fi-

553 4305 631 4360 lio
678 4313 830 4360 recte
881 4305 1086 4370 sentit,
1142 4306 1211 4360 de
1265 4304 1474 4376 Spiritu
1532 4315 1717 4360 autem
1775 4316 1973 4362 sancto
2032 4322 2143 4362 non

561 4391 776 4464 105,0
800 4400 946 4448 recte
979 4393 1170 4457 sentit,
1198 4394 1517 4460 anathema,
1549 4395 1676 4462 quia
1707 4396 1992 4451 haereticus
2026 4408 2142 4453 est:

555 4486 686 4556 quia
737 4499 929 4541 omnes
976 4484 1244 4553 haeretici,
1288 4484 1384 4557 qui
1412 4485 1479 4541 de
1511 4486 1652 4542 Filio
1678 4486 1796 4556 Dei,
1822 4497 1877 4543 et
1904 4489 1972 4544 de
2001 4488 2131 4561 Spi-

2222 611 2380 683 ἄχρις
2400 606 2461 666 οῦ
2482 614 2510 666 6
2530 610 2913 684 διαδεξάμενος
2929 614 3092 668 αὐτὸν
3111 613 3496 685 ἀναπαύσηται
3517 616 3577 667 ἐν
3598 616 3811 687 Κυρίῳ.

2221 702 2290 755 Εἴ
2309 719 2393 765 τις
2413 702 2488 773 μὴ
2516 703 2646 774 εἴπῃ
2677 704 2764 757 ἀεὶ
2796 704 2888 758 τὸν
2919 704 3165 777 Πατέρα,
3197 707 3294 761 καὶ
3320 706 3409 760 ἀεὶ
3426 705 3518 761 τὸν
3540 706 3695 768 Υίδν,
3720 703 3817 757 καὶ.

2222 796 2312 850 ἀεὶ
2331 796 2393 850 τὸ
2414 796 2570 865 ἅγιον
2594 794 2819 868 Πνεῦμα
2836 799 2879 829 ⁷¹
2898 793 3059 863 εἶναι,
3086 800 3336 871 ἀνάθεμα
3361 799 3525 852 ἔστω.
3544 797 3611 850 Εἴ
3626 814 3710 861 τις
3737 796 3816 868 μὴ

2222 888 2350 959 εἴπῃ
2372 889 2462 943 τὸν
2480 889 2609 943 Υίὸν
2627 889 2960 962 γεννηθέντα
2981 893 3046 947 ὲκ
3061 892 3610 965 Πατρὸς,τουτέστιν,
3630 892 3696 945 ὲκ
3715 891 3817 960 τῆς

2221 983 2410 1049 οὐσίας
2427 985 2526 1056 τῆς
2553 986 2704 1051 θείας
2726 986 2914 1053 αὐτοῦ,
2929 988 3178 1059 ἀνάθεμα
3198 988 3361 1043 ἔστω.
3384 988 3547 1052 Εἴτις
3572 987 3647 1059 μὴ
3660 986 3815 1055 εἴπῃ,

2221 1068 2475 1147 ἀληθινὸν
2509 1079 2644 1135 Θεὸν
2678 1080 2771 1137 τὸν
2800 1082 2930 1136 Υἰὸν
2953 1082 3048 1135 τοῦ
3076 1081 3235 1148 Θεοῦ,
3281 1082 3358 1146 ὡς
3398 1081 3651 1153 ἀληθινὸν
3683 1078 3819 1132 Θεὸν

2222 1171 2315 1224 τὸν
2342 1171 2564 1244 Πατέρα
2592 1171 2781 1237 αὐτοῦ,
2815 1175 2910 1228 καὶ
2940 1173 3121 1229 πάντα
3167 1156 3452 1242 δύνάσθαι,
3499 1174 3597 1229 καὶ
3635 1172 3818 1227 πάντα

2222 1262 2446 1327 εἰδέναι,
2490 1263 2585 1318 καὶ
2624 1264 2702 1335 τῷ
2747 1263 2925 1336 Πατρὶ
2978 1265 3112 1331 ἴσον,
3146 1265 3398 1337 ἀνάθεμα
3427 1264 3588 1319 ἔστω.
3634 1263 3703 1317 Εἴ
3731 1278 3820 1327 τις

2223 1356 2375 1427 εἴπῃ,
2411 1356 2494 1409 ’ὁτι
2523 1356 2583 1408 ἐν
2613 1356 2780 1428 σαρκὶ
2810 1356 3013 1426 διάγων
3045 1358 3075 1410 ὁ
3104 1357 3237 1422 Υἱὸς
3278 1357 3375 1412 τοῦ
3419 1355 3582 1420 Θεοῦ,
3630 1357 3722 1409 ὅτε
3747 1350 3822 1426 ἦν

2224 1448 2282 1500 ὲν
2314 1449 2380 1519 τῇ
2414 1450 2507 1520 γῇ,
2543 1450 2600 1502 ὲν
2625 1451 2740 1513 τοῖς
2765 1449 3017 1520 οὐρανοῖς
3040 1450 3133 1504 καὶ
3163 1451 3261 1505 σὺν
3290 1449 3368 1520 τῷ
3401 1450 3577 1520 Πατρὶ
3604 1449 3706 1502 οὐκ
3724 1443 3818 1519 ἦν,

2223 1538 2477 1611 ἀνάθεμα
2525 1540 2690 1595 ἔστω.
2744 1540 2813 1593 Εἴ
2857 1559 2943 1605 τις
2985 1543 3136 1615 εἴπῃ,
3179 1542 3263 1596 ὅτι
3309 1544 3369 1596 ὲν
3409 1541 3488 1613 τῷ
3531 1542 3694 1596 πάθει
3724 1540 3822 1593 τοῦ

2227 1630 2463 1701 σταυροῦ
2506 1630 2604 1703 τὴν
2654 1631 2910 1703 ὀδύνηνη
2957 1633 3252 1704 ὑπέμεινεν
3295 1636 3325 1688 ὁ
3368 1633 3499 1697 Υἱὸς
3542 1631 3638 1686 τοῦ
3680 1630 3821 1685 Θεοῦ

2226 1722 2500 1792 θεότητι⁷³
2522 1762 2536 1784 ,
2592 1725 2689 1777 καὶ
2725 1724 2845 1795 οὐχὶ
2882 1725 3047 1794 σαρκὶ
3078 1725 3174 1779 καὶ
3201 1724 3348 1796 ψυχῇ
3376 1723 3593 1795 λογικῇ,
3644 1723 3823 1793 ἥνπερ

2227 1814 2489 1869 ἀνέλαϐεν
2532 1817 2590 1869 ὲν
2619 1818 2686 1887 τῇ
2722 1815 2876 1869 τοῦτδ
2914 1816 3104 1871 δούλου
3154 1819 3362 1889 μορφῇ,
3410 1814 3487 1880 ὡς
3525 1815 3751 1886 εἴρηκεν
3783 1815 3819 1884 ἡ

2232 1904 2364 1972 ἁγία
2398 1905 2611 1976 Γραφὴ,
2643 1905 2895 1977 ἀνάθεμα
2929 1905 3089 1983 ἔστω.
3142 1908 3212 1963 Εἴ
3254 1924 3339 1972 τις
3354 1907 3402 1939 ⁷⁸
3434 1907 3509 1979 μὴ
3547 1907 3699 1980 εἴπῃ,
3728 1905 3823 1959 τδν

2232 1997 2325 2051 τοῦ
2355 1997 2505 2071 [215]
2536 1997 2671 2052 Θεοῦ
2707 1999 2879 2068 Λόγον
2912 1998 3157 2054 παθόντα
3191 2001 3358 2071 σαρκὶ
3370 2001 3441 2064 ⁷⁸,
3468 2000 3565 2054 καὶ
3587 1998 3823 2053 θανάτου

2232 2090 2570 2160 γευσάμενον
2610 2091 2794 2162 σαρκὶ,
2842 2091 3107 2161 γεγονότα
3151 2109 3211 2145 τε
3241 2091 3588 2164 πρωτότοκον
3621 2093 3687 2145 ὲκ
3712 2090 3824 2144 τῶν

2232 2183 2465 2255 νεκρῶν,
2507 2181 2646 2237 καθὸ
2680 2181 2792 2255 ζωή
2823 2184 2941 2239 ὲστι
2968 2185 3064 2239 καὶ
3101 2184 3366 2251 ζωοποιὺς
3392 2186 3422 2239 6
3450 2185 3659 2249 Υἱὸςττ,
3691 2182 3827 2238 ἀνά-

2233 2275 2377 2346 θεμα
2420 2275 2581 2330 ἔστω.
2634 2276 2702 2331 Εἴ
2731 2294 2816 2341 τις
2852 2276 2927 2349 μὴ
2977 2278 3137 2350 εἴπῃ,
3188 2278 3273 2332 ὅτι
3319 2280 3378 2332 ὲν
3432 2277 3599 2351 σαρκὶ
3646 2278 3826 2349 ἥνπερ

2233 2367 2466 2422 ἀνέλαϐε
2479 2369 2526 2400 ⁷⁸
2555 2369 2844 2434 καθέζεται
2872 2371 2928 2425 ὲν
2947 2371 2991 2403 ⁷⁸
3018 2369 3173 2443 δεξιᾷ
3196 2370 3293 2426 τοῦ
3329 2372 3564 2441 Πατρὸς,
3592 2372 3649 2426 έν
3676 2365 3835 2444 ᾖκαῑ

2234 2459 2516 2516 ἐλεύσεται
2539 2462 2722 2533 κρῖναι
2746 2460 2958 2526 ζῶντας
2987 2461 3084 2517 καὶ
3110 2462 3361 2534 νεκροὺς,
3389 2460 3639 2533 ἀνάθεμα
3662 2460 3829 2515 ἔστω.

2235 2553 2304 2607 Εἴ
2326 2570 2411 2617 τις
2447 2552 2523 2625 μὴ
2554 2553 2687 2627 εἴπῃ
2720 2553 2784 2607 τὸ
2825 2553 3053 2626 Πνεῦμα
3089 2554 3152 2609 τὸ
3188 2554 3344 2623 ἅγιον
3378 2554 3444 2608 ὲκ
3474 2552 3570 2608 τοῦ
3614 2551 3835 2624 Πατρδς

2235 2635 2375 2697 εἶναι
2404 2642 2622 2714 ἀληθῶς
2663 2644 2759 2697 καὶ
2804 2643 3032 2714 κυρίως,
3083 2645 3161 2708 ὡς
3202 2643 3298 2698 καὶ
3338 2644 3431 2697 τὸν
3471 2643 3599 2697 Υίδν
3637 2642 3704 2695 ὲκ
3728 2642 3834 2713 τῆς

2217 2732 2389 2798 ,θείας
2415 2734 2624 2800 οὐσίας,
2655 2736 2750 2788 καὶ
2771 2733 2906 2788 Θεὸν
2935 2733 3073 2788 Θεοῦ
3097 2734 3271 2801 Λόγον
3284 2734 3355 2800 ⁸⁰,
3386 2735 3634 2807 ἀνάθεμα
3664 2733 3833 2788 ἔστω.

2237 2825 2305 2879 Εἴ
2332 2842 2417 2888 τις
2453 2824 2528 2895 μὴ
2558 2825 2689 2897 εἴπῃ
2712 2825 2890 2879 πάντα
2917 2824 3178 2880 δύνασθαι
3206 2826 3269 2880 τὸ
3300 2826 3529 2899 Πνεῦμα
3560 2826 3622 2880 τὸ
3648 2826 3834 2895 ἅγιον,

2238 2915 2333 2970 καὶ
2364 2916 2541 2969 πάντα
2570 2915 2792 2983 ειδέναι,
2827 2916 2924 2969 καὶ
2950 2916 3227 2988 πανταχοῦ
3246 2917 3291 2948 θί
3327 2920 3603 2990 παρεῖναι,
3628 2917 3706 2982 ὡς
3735 2916 3838 2970 καὶ

2237 3010 2329 3063 τὸν
2371 3008 2502 3063 Υἱὸν
2550 3007 2645 3062 καὶ
2694 3006 2787 3061 τὸν
2833 3007 3075 3080 Πατέρα,
3124 3008 3373 3080 ἀνάθεμα
3416 3010 3579 3064 ἔστω.
3633 3009 3704 3064 Εἴ
3744 3026 3837 3074 τις

2240 3099 2369 3170 εἴπῃ
2384 3099 2429 3130 δ’
2458 3098 2520 3151 τὸ
2558 3097 2783 3168 Πνεῦμα
2812 3097 2873 3152 τὸ
2905 3097 3063 3168 ἅγιον
3093 3098 3328 3171 ποίημα,
3384 3100 3418 3171 ἢ
3446 3101 3535 3155 διὰ
3568 3099 3663 3154 τοῦ
3695 3099 3835 3154 Υίοῦ

2241 3193 2596 3263 γεγενῆσθαι,
2630 3192 2879 3265 ἀνάθεμα
2908 3192 3070 3247 ἔστω.
3122 3193 3190 3248 Εἴ
3210 3211 3296 3258 τις
3341 3193 3418 3265 μὴ
3457 3194 3607 3266 εἴπῃ,
3651 3193 3836 3249 πάντα

2237 3284 2327 3339 διά
2354 3283 2451 3338 τοῦ
2472 3284 2605 3338 Υίοῦ
2632 3285 2727 3338 τοῦ
2749 3284 3129 3357 σαρκωθέντος
3143 3285 3211 3351 ⁵³,
3241 3284 3455 3339 καὶτοῦ
3482 3285 3635 3353 ἁγίου
3667 3286 3842 3338 Πνεῦ-

2243 3395 2444 3451 ματος,
2494 3377 2585 3432 τὸν
2639 3378 2863 3449 Πατέρα
2909 3379 3325 3449 πεποιηκέναι,
3356 3377 3501 3458 τοῦτ’
3557 3376 3707 3431 ἔστιν
3763 3378 3837 3431 τά

2238 3472 2412 3542 ὀρατά
2438 3470 2534 3525 καὶ
2568 3470 2637 3525 τὰ
2664 3471 2893 3541 ἀόρατα,
2920 3472 3173 3542 ἀνάθεμα
3206 3472 3368 3526 έστω.
3398 3472 3465 3525 Εἴ
3486 3489 3571 3535 τις
3598 3471 3674 3544 μὴ
3701 3474 3835 3545 εἴπῃ

2239 3564 2333 3619 τοῦ
2362 3565 2595 3636 Πατρὸς,
2628 3564 2723 3619 καὶ
2748 3565 2843 3618 τοῦ
2873 3564 3027 3631 Υἱοῦ,
3072 3565 3168 3619 καὶ
3193 3564 3290 3618 τοῦ
3324 3564 3483 3634 ἁγίου
3512 3563 3838 3635 Πνεύματος

2243 3656 2374 3727 μίαν
2420 3655 2673 3727 θεότητα,
2717 3654 2989 3720 ὲξουσίαν,
3025 3655 3348 3709 δυναστείαν
3396 3655 3604 3725 μίανδδ,
3649 3654 3833 3721 δόξαν,

2242 3749 2540 3821 κυριότητα
2582 3749 2735 3821 μίαν,
2781 3748 3060 3820 βασιλείαν
3105 3747 3256 3819 μίαν,
3303 3747 3523 3819 θέλησιν
3569 3747 3663 3803 καὶ
3701 3747 3840 3817 ἀλή-

2243 3842 2414 3909 θειαν,
2456 3843 2706 3912 ἀνάθεμα
2743 3841 2905 3897 ἔστω.
2936 3841 3004 3895 Εἴ
3026 3857 3112 3905 τις
3137 3839 3269 3912 τρία
3302 3840 3572 3911 πρόσωπα
3601 3839 3675 3911 μὴ
3704 3839 3837 3911 εἴπῃ

2243 3934 2498 4007 ἀληθινὰ,
2547 3934 2642 3988 τοῦ
2672 3934 2908 4005 Πατρὸς,
2943 3933 3038 3987 καὶ
3068 3931 3164 3987 τοῦ
3200 3931 3354 3998 Υἱοῦ,
3404 3931 3499 3986 καὶ
3534 3930 3630 3985 τοῦ
3677 3929 3835 3997 ἁγίου

2244 4028 2586 4099 Πνεύματος,
2634 4029 2716 4092 εἰς
2760 4028 2851 4082 ἀεὶ
2878 4026 3057 4092 ζῶντα
3071 4025 3140 4093 ⁸³,
3191 4023 3261 4079 τὰ
3299 4023 3478 4079 πάντα
3510 4021 3832 4092 κατέχοντα,

2243 4120 2314 4175 τά
2350 4121 2523 4192 ὁρατά
2559 4120 2669 4193 καὶί
2692 4119 2762 4174 τά
2806 4118 3037 4190 ἀόρατα,
3088 4117 3268 4172 πάντα
3311 4115 3607 4188 δυνάμενα,
3657 4112 3837 4166 πάντα

2246 4212 2520 4284 κρίνοντα,
2553 4212 2732 4267 πάντα
2758 4209 3146 4278 ζωοποιοῦντα,
3172 4209 3350 4264 πάντα
3375 4203 3837 4280 δημιουργοῦντα,

2246 4302 2427 4357 πάντα
2474 4302 2721 4367 σώζοντα
2748 4345 2763 4371 ,
2818 4302 3072 4373 ἀνάθεμα
3120 4302 3282 4358 ἔστω.
3331 4299 3403 4356 Εἴ
3445 4317 3530 4365 τις
3577 4298 3653 4371 μὴ
3705 4298 3841 4368 εἴπῃ

2249 4395 2625 4467 προσκυνητδν
2656 4396 2717 4451 τὸ
2760 4394 2987 4468 Πνεῦμα
3028 4394 3091 4449 τὸ
3141 4394 3299 4464 ἅγιον
3329 4393 3483 4464 παρὰ
3526 4390 3709 4463 πάσης
3740 4389 3843 4459 τῆς

2249 4487 2502 4555 κτίσεως,
2546 4486 2622 4552 ὡς
2665 4489 2761 4542 καὶ
2791 4488 2882 4542 τὸν
2910 4486 3039 4542 Υίὸν
3066 4485 3162 4540 καὶ
3191 4485 3283 4540 τὸν
3315 4483 3558 4556 Πατέρα,
3588 4480 3844 4551 ἀνάθεμα

1853 4645 1943 4701 VA
1952 4644 2087 4702 l1le
2120 4644 2527 4703 LECTIONES.

630 4745 678 4779 ’θ
723 4741 1242 4817 ἱερατικοῦηῐίᾀρ-[η
1290 4751 1349 4817 et
1396 4740 1715 4817 Stephanici
1772 4757 1926 4817 cum_
1950 4744 2282 4817 Epiphanio.
2349 4745 2414 4817 _"7‘
2456 4743 2518 4798 τὸ
2582 4744 2681 4817 liv.
2727 4742 2920 4817 eodm
2976 4741 3149 4817 Basil.
3192 4740 3482 4817 Graec._e_t
3537 4739 3657 4817 Lat.
3715 4754 3840 4817 eum

556 4814 746 4885 Steph.
775 4809 829 4871 et
859 4816 1089 4887 Niceph.
1126 4812 1245 4887 ΧΠ,
1282 4814 1392 4887 18η
1427 4815 1472 4845 τ’
1499 4809 1667 4887 ξπόνομν
1697 4813 1863 4887 habet
1888 4809 2218 4887 Excer'pturn
2248 4832 2315 4871 ex
2348 4815 2434 4887 his
2468 4809 2945 4887 anathematisniis
2974 4815 3044 4887 in
3070 4810 3685 4887 TheodoretiAEranist.
3710 4809 3840 4887 dial.

552 4887 641 4953 Ill,
680 4903 730 4956 p.
769 4886 895 4943 162.
941 4885 1244 4956 Sirmondi.

1351 4885 1398 4917 ⁷⁸
1428 4884 1523 4938 καὶ
1735 4885 1828 4957 καὶ
1860 4887 2038 4957 οὐχὶνή
2066 4879 2221 4957 ’σὰρξ
2253 4885 2392 4957 μετά
2443 4886 2541 4956 τῆς
2562 4886 2759 4957 ψυχῆς,
2802 4885 2870 4956 ἢν
2896 4884 3249 4957 ἐνεδύσατοᾲῇ
3283 4880 3376 4957 τρῦ
3412 4879 3837 4957 δούλου-μοεζρὴ,

554 4949 836 5031 ἢνίὲαυτῷ
861 4956 1042 5023 ἔλαϐε,
1063 4954 1259 5031 καθὼς
1292 4956 1514 5027 εἴρηκεν
1613 4955 1827 5031 Ιςραφὴ,
1860 4949 2122 5031 ἀνάθεμα-
2144 4949 2306 5031 ἔστω.
2341 4956 2436 5010 Sic
2553 4949 2863 5031 _c'._'itoSter,
2897 4954 3058 5031 cujus
3094 4949 3425 5031 verbisfere
3458 4949 3676 5031 accedit
3717 4949 3841 5031 Pini

554 5020 752 5093 codex,
786 5020 1037 5097 itemque
1061 5020 1427 5095 Nicephorus',
1484 5020 1577 5097 qui
1630 5020 1805 5097 habet
1849 5043 1864 5079 :
1904 5027 2002 5080 καὶ
2035 5020 2168 5097 Θεὸς
2206 5027 2416 5097 Δόγος,
2455 5026 2639 5097 οὐχ).έὴ
2668 5025 2807 5097 σάρξ
2852 5020 3060 5097 σὺν⁷τῇ
3099 5023 3244 5097 ψυχῇ
3268 5021 3774 5097 ἥνπερ-ἐνεδύσατο
3810 5020 3844 5090 ἡ

558 5098 745 5169 μορφὴ
783 5097 880 5152 τοῦ
911 5095 1096 5152 δούλου
1121 5139 1136 5159 .
1167 5097 1344 5168 ἤνπερ
1384 5095 1565 5169 έαντῷ
1598 5096 1884 5169 ἀνέλαϐεν,
1914 5095 2113 5169 ctc'.__'_‘
2144 5095 2237 5150 τοῦ
2264 5098 2430 5169 abest
2483 5095 2528 5150 a7
2572 5095 2984 5169 Basileensibus
3031 5103 3087 5149 et

3130 5090 3321 5163 Steph}
3386 5090 3563 5163 "llic
3619 5090 3848 5163 anathe-

556 5161 849 5224 ina'ti'sinus
891 5169 1049 5224 abest
1079 5184 1110 5222 a
1144 5161 1335 5223 codice
1382 5167 1500 5221 Pini
1536 5161 1625 5220 ὀι
1684 5166 1978 5237 Epiphanii
2018 5166 2161 5220 Hist.
2200 5168 2350 5237 trip.,
2397 5169 2641 5237 itemque
2695 5181 2724 5219 a
2772 5166 3115 5237 collectione
3152 5161 3397 5237 Romana
3452 5161 3745 5237 Holstenii,
3786 5168 3848 5237 ut

556 5240 816 5295 observat
861 5237 1137 5295 Valesius.
1199 5240 1246 5275 ⁷⁸
1284 5237 1463 5291 καὶ-
1488 5237 1673 5301 σαρκί.
1709 5231 1838 5292 Haec
1877 5252 1988 5292 non
2024 5237 2228 5291 habent
2266 5231 2428 5291 codd.
2457 5231 2826 5292 Basileenses.
2892 5236 2937 5267 '"
2989 5235 3065 5298 ὡς
3088 5235 3239 5297 Θεός.
3277 5233 3446 5289 Iidem
3467 5249 3591 5290 cum
3647 5231 3843 5301 Steph.

555 5310 590 5362 4
637 5316 692 5362 et
748 5310 1077 5379 Nicephoro.
1140 5308 1186 5379 7f
1221 5307 1404 5363 ἔλαϐε.
1436 5306 1520 5379 ,[ο.

1602 5308 1675 5362 ini
1714 5310 1870 5364 liber.
1959 5309 2004 5377 τε
2039 5310 2103 5377 τῇ
2139 5307 2346 5363 addunt
2374 5307 2541 5362 Basil.
2570 5315 2624 5361 ct
2655 5305 2844 5377 Steph.
2895 5305 2941 5337 ⁸ο
2973 5302 3611 5377 Valesius_interpretem
3647 5303 3849 5377 legisse

558 5386 713 5451 putat
744 5364 1136 5451 in_archetypo
1157 5378 1352 5451 Latino
1387 5377 1606 5451 :‘Deum
1649 5377 1899 5432 Verbum.
1961 5364 2347 5451 III‘AHOI‘SICIIH
2400 5379 2727 5451 collectione
2754 5364 3117 5451 'est_quidem
3156 5391 3169 5427 :
3205 5364 3613 5451 Deum-verum.
3667 5364 3848 5451 θῗγῆς

560 5445 1247 5527 addunt__Basilcenses_et
1272 5448 1507 5527 _Steph;,
1538 5449 1914 5527 abestautenr
1939 5462 1969 5501 a
2000 5446 2123 5501 Pini
2154 5447 2460 5527 Sa_vilii_que
2496 5448 2782 5527 codicibus
2810 5445 3197 5527 ;_i\iicephoro,
3236 5445 3543 5527 [Epiphanio
3586 5452 3643 5527 et
3673 5445 3846 5527 colle-

559 5518 742 5571 ctione
776 5517 1064 5576 Holstenii.

1164 5520 1209 5590 9'
1239 5514 1406 5590 εἴποιῖ
1459 5518 1628 5590 Basili.
1668 5516 1764 5590 Gr.
1798 5525 1853 5590 et
1892 5516 2015 5590 Lat.
2047 5534 2173 5573 cum
2211 5514 2400 5590 Steph.
2426 5530 2489 5590 iet
2520 5518 2748 5590 Niceph.
2841 5519 2887 5551 ⁸³
2912 5514 3020 5590 τοῦ
3046 5533 3206 5590 σαρκ.
3245 5514 3373 5590 Hatc
3404 5519 3607 5590 absunt
3638 5530 3668 5568 a
3706 5514 3849 5569 libro

561 5585 703 5660 Pini,
738 5586 1067 5660 Epiphanio,
1109 5588 1423 5660 Nicephoro
1462 5597 1517 5643 et
1582 5588 1852 5660 Bolstenii
1895 5588 2240 5660 collectione.

560 5656 903 5732 δυναστείαν,
950 5659 1079 5732 μίαν
1104 5656 1517 5732 δοξηίκυριρτη,
1554 5658 1683 5729 μίαν
1712 5657 1918 5732 βασιλ,
1979 5659 2109 5732 μίαν
2143 5660 2328 5732 θελησ.
2363 5677 2420 5732 κ.
2451 5659 2611 5731 ἀληθ.

2343 5591 2391 5621 ⁸⁸
2424 5585 2770 5646 Basileenses
2823 5597 2879 5644 et
2936 5585 3288 5657 Nicephorus
3332 5587 3406 5641 ita
3439 5588 3794 5657 distinguunt
3828 5601 3843 5637 :

2649 5659 2797 5728 quod
2830 5659 2964 5714 mihi
2988 5656 3176 5714 verius
3214 5658 3453 5714 videtur.
3502 5656 3848 5728 Nicephorus

563 5737 687 5795 post
717 5725 978 5799 ἐξουσίαν,
1000 5731 1165 5782 etiam
1214 5725 1669 5799 addit__0st61q-ca.
1713 5725 1776 5799 1"
1820 5725 2074 5799 Valesius
2106 5725 2760 5786 rescribendum'suadet
2792 5746 2807 5783 :
2847 5730 2941 5783 ἴσα
2980 5730 3081 5789 ἀεὶ
3112 5727 3316 5799 ζῶντα,
3352 5736 3577 5785 secutus
3612 5725 3850 5796 Epipha-

566 5799 715 5873 niam
761 5808 815 5853 et
864 5796 1225 5873 archetypum
1264 5798 1332 5873 ab
1364 5795 1640 5856 Holstenii
1670 5798 1905 5868 editum,
1938 5798 1996 5856 in
2025 5816 2136 5872 quo
2173 5809 2258 5860 est
2287 5820 2300 5858 :
2331 5801 2564 5873 wquales
2593 5816 2799 5872 semper
2840 5803 3087 5856 viventes.
3135 5798 3322 5858 Recte.
3373 5799 3634 5855 Eamdem
3661 5795 3851 5866 plano

566 5868 856 5925 lectionem
892 5865 1075 5922 hahet'
1098 5865 1469 5938 Nicephorus.
