4124 6448
486 346 619 411 1227

1528 348 2017 409 THEODORETI
2059 349 2398 410 EPISCOPI
2440 351 2809 412 CYRENSIS

486 460 636 511 nium
669 455 1067 522 communicat,
1099 465 1275 521 ratus,
1303 456 1346 511 si
1378 456 1524 511 hunc
1562 457 1614 511 in
1651 473 1807 512 suam
1860 468 2071 510 senten-

2184 475 2319 521 σεως
2376 459 2571 531 δέλεαρ
2631 461 2976 525 ἀποϐλέπων,
3041 461 3099 514 τὸ
3163 461 3537 534 θανατηφόρον
3598 464 3761 530 ἄγκι-

484 549 616 601 tiam
658 547 976 611 adduceret,
1010 547 1169 603 facile
1206 549 1328 602 aliis
1356 549 1617 603 omnibus
1645 550 1986 617 superiorem
2018 562 2079 601 se

486 640 749 695 futurum.
789 639 895 694 Sed
936 640 1260 695 Ambrosius
1294 649 1574 710 paternam
1618 638 1830 709 104,2
1858 638 1932 690 illi
1972 637 2080 706 pie-

484 742 650 788 tatem
682 733 971 787 revocabat
1011 733 1061 785 in
1112 733 1464 795 memoriam,
1508 740 1676 801 atque
1718 740 1775 783 ut
1809 730 2073 784 intactam

485 824 731 880 servaret
764 823 1132 879 haereditatem
1180 838 1343 893 quam
1379 829 1671 892 acceperat
1726 821 2073 874 hortabatur.

487 914 726 968 Docebat
763 916 927 967 etiam
979 915 1297 982 dogmatum
1364 911 1827 983 discrepantiam,
1876 918 1931 964 et
1965 924 2077 978 quo

484 1015 643 1074 pacto
664 1005 778 1058 haec
802 1004 1023 1074 quidem
1051 1004 1271 1058 Domini
1303 996 1574 1057 doctrinae
1600 1010 1657 1057 et
1686 1002 2071 1071 apostolorum

485 1096 865 1167 przedieationi
906 1105 1285 1151 consentanea
1320 1095 1455 1159 sint,
1483 1096 1590 1148 alia
1618 1108 1749 1149 vero
1778 1091 2074 1146 manifeste

481 1187 779 1254 contraria,
828 1188 1044 1258 legique
1092 1187 1371 1257 spirituali
1426 1185 1813 1255 repugnantia.
1872 1183 2074 1236 Adole-

483 1294 644 1333 scens
678 1293 830 1343 vero,
871 1286 1064 1347 utpote
1098 1276 1447 1339 adolescens,
1485 1285 1541 1330 et
1573 1290 1601 1327 a
1636 1275 1863 1344 decepta
1893 1281 2067 1328 matre

485 1370 767 1433 incitatus,
793 1385 904 1423 non
925 1368 1089 1423 modo
1106 1368 1388 1423 Ambrosii
1416 1367 1599 1421 verbis
1629 1382 1736 1419 non
1766 1376 1850 1419 est
1876 1379 2070 1418 assen-

484 1476 603 1522 sus,
643 1457 740 1512 sed
787 1459 953 1512 etiam
1003 1459 1083 1512 ira
1115 1459 1346 1517 exarsit,
1386 1457 1634 1526 levisque
1662 1464 1716 1511 et
1757 1454 1943 1523 gravis
1979 1468 2071 1507 ar-

486 1561 715 1607 matura.-
764 1551 1036 1606 militibus
1061 1550 1309 1605 ecclesiae
1349 1559 1502 1619 septa
1552 1547 1934 1603 circumsedit.
1965 1546 2069 1601 Ubi

485 1656 666 1701 autem
713 1644 1077 1699 fortissimum
1130 1643 1455 1697 bellatorem
1494 1642 1577 1696 his
1629 1641 1792 1695 rebus
1846 1639 2072 1693 minime

483 1738 814 1793 exterritum
865 1736 1001 1789 vidit
1033 1737 1156 1806 (pro
1197 1735 1366 1790 larvis
1422 1734 1572 1789 enim
1637 1732 1752 1786 haec
1812 1731 2066 1795 habebat,

2183 565 2343 619 στρον
2371 552 2469 621 οὐχ
2503 552 2649 622 ἑώρα
2676 568 2690 582 ⁸
2753 552 3056 624 ’Λμϐροσίῳ
3089 553 3287 623 πρώτῳ
3321 554 3446 616 τοὺς
3478 553 3606 625 περὶ
3636 554 3764 608 τού⁴

2180 656 2288 691 των
2322 642 2687 712 προσενήνοχε
2717 642 2927 711 λόγους,
2958 643 3258 713 ἡγεύμενος
3297 645 3346 696 εί
3379 644 3567 698 τοῦτον
3596 662 3763 715 μετα-

2181 729 2380 794 πείσοι,
2408 730 2514 784 τῶν
2541 732 2716 786 ἄλλων
2747 733 2943 804 ῥᾳδίως
2964 734 3029 787 ἂν
3053 735 3422 806 περιέσεσθαι.
3462 736 3520 789 Ὀ
3546 736 3602 788 δὲ
3624 737 3723 805 τῆς
3743 737 3761 767 ί
3788 748 3805 755 ί

2177 820 2269 873 τοῦ
2304 822 2508 892 πατρὸς
2536 824 2942 895 ἀνεμίμνησκεν
2981 826 3282 890 εὐσεϐείας,
3315 826 3525 879 καὶτὸν
3559 826 3762 897 κλῆρον

2177 913 2481 983 παρεκάλει
2508 913 2795 982 φυλάττειν
2815 915 2873 967 ὃν
2902 916 3207 987 παρέλαϐεν
3232 916 3447 970 ἄσυλον.
3486 916 3763 969 Ἐδίδασκε

2176 1004 2233 1056 δὲ
2266 1007 2361 1058 καὶ
2392 1005 2491 1076 τὴν
2539 1007 2647 1060 τῶν
2696 1007 2981 1077 δογμάτων
3015 1009 3301 1080 διαφορὰν,
3357 1008 3450 1062 καὶ
3498 1009 3646 1071 ὅπως
3693 1007 3764 1062 τὰ

2179 1094 2280 1165 μὲν
2308 1098 2373 1166 τῇ
2424 1097 2517 1150 τοῦ
2545 1098 2752 1170 Κυρίου
2780 1098 3098 1169 διδασκαλίᾳ
3132 1100 3227 1152 καὶ
3254 1102 3364 1161 τοῖς
3393 1098 3501 1153 τῶν
3531 1100 3765 1153 ἀποστό-

2173 1185 2281 1240 λων
2312 1187 2597 1257 συμϐαίνει
2649 1189 2988 1259 κηρύγμασι,
3039 1191 3107 1244 τὰ
3136 1190 3192 1243 δὲ
3222 1189 3480 1262 ἄντικρυς
3518 1190 3760 1255 ἐναντία,

2176 1281 2271 1332 καὶ
2296 1281 2363 1350 τῇ
2395 1283 2740 1351 πνευματικῇ
2771 1281 3065 1353 νομοθεσίᾳ
3099 1282 3402 1351 μαχόμενα.
3444 1270 3509 1335 Ὀ
3535 1282 3591 1335 δὲ
3618 1282 3761 1345 νέος,

2173 1364 2261 1422 οἷα
2310 1371 2376 1436 δὴ
2421 1371 2558 1433 νέος,
2596 1372 2691 1424 καὶ
2724 1374 2871 1444 παρὰ
2908 1362 3113 1443 μητρὸς
3156 1372 3307 1445 [217]
3351 1374 3712 1445 ἠπατημένης
3740 1377 3763 1407 ⁸

2174 1458 2475 1530 θηγόμενος
2492 1461 2533 1526 ³,
2567 1462 2628 1514 οὐ
2655 1463 2812 1532 μόνον
2842 1464 2901 1516 οὐ
2932 1464 3184 1533 προσίετο
3208 1466 3276 1517 τὰ
3302 1465 3594 1534 λεγόμενα,
3626 1466 3762 1520 ἀλλὰ

2173 1551 2271 1603 καὶ
2296 1550 2469 1621 θυμοῦ
2500 1553 2712 1624 πλήρης
2744 1555 2971 1622 ἐγίνετο,
3003 1556 3100 1609 καὶ
3135 1556 3311 1626 λόχοις
3330 1557 3566 1610 ὁπλιτῶν
3584 1575 3645 1611 τε
3666 1559 3765 1611 καὶ

2174 1640 2490 1695 πελταστῶν
2512 1643 2634 1706 τοὺς
2658 1644 3144 1714 ἐκκλησιαστικοὺς
3166 1662 3231 1697 πε
3239 1646 3485 1716 ριϐόλους
3507 1646 3765 1705 ὲκύκλου.,

2186 1734 2404 1805 Ἐπειδὴ
2438 1735 2494 1788 δὲ
2535 1736 2624 1790 τὸν
2662 1736 2918 1804 μέγιστον
2951 1738 3155 1790 ἐκεῖνον
3188 1737 3416 1808 ἀριστέα
3448 1738 3600 1791 οὐδὲν
3642 1739 3762 1791 ἐδε-

486 1845 608 1901 qnae
662 1827 911 1898 puerulis
964 1825 1131 1897 objiei
1178 1840 1209 1879 a
1267 1823 1605 1894 quibusdam
1661 1820 1889 1892 solent),
1950 1828 2065 1874 tutu

2180 1825 2352 1891 δίξατο
2376 1825 2482 1878 τῶν
2518 1826 2608 1879 ὐπ’
2639 1825 2802 1879 αὐτοῦ
2833 1827 3139 1896 γενομένων
3167 1845 3177 1859 ·
3216 1827 3625 1899 μορμολύκεια⁸
3651 1829 3762 1902 γὰρ

486 1925 709 1996 gravius
754 1921 1097 1991 indignatus,
1131 1926 1321 1987 aperte
1360 1917 1512 1969 illum
1564 1929 1596 1969 e
1645 1912 1824 1967 sacris
1850 1911 2068 1966 toribus

486 2016 711 2088 prodire
738 2013 917 2083 jubet.
969 2010 1035 2065 Et
1077 2011 1167 2065 ille
1212 2028 1225 2064 :
1283 2027 1302 2061 ι
1354 2009 1470 2062 Hoc
1500 2022 1602 2076 ego
1656 2019 1812 2065 vero,
1865 2002 2066 2073 inquit,

486 2119 608 2161 mea
659 2111 855 2172 sponte
902 2114 1013 2154 non
1072 2096 1296 2160 faciam,
1330 2109 1430 2149 nec
1474 2090 1885 2147 ovium~caulas
1923 2088 2070 2158 lupis

486 2195 736 2266 prodam,
795 2206 897 2247 nec
931 2189 1183 2244 divinum
1239 2186 1501 2256 templum
1557 2179 2070 2251 blasphemantibus

485 2281 721 2336 tradam.
761 2283 831 2334 At
876 2279 921 2334 si
968 2277 1064 2332 tibi
1098 2275 1352 2329 occidere
1386 2273 1542 2336 libet,
1584 2268 1815 2324 intusin
1844 2282 1929 2322 me
1966 2281 2067 2320 en-

486 2388 601 2429 sem
647 2370 734 2427 vel
780 2369 1002 2425 hastam
1039 2364 1235 2436 deﬁge.
1280 2362 1544 2416 Libenter
1573 2360 1721 2413 enim
1750 2355 2066 2427 hujusmodi

486 2463 689 2520 caedem
721 2460 1017 2531 excipiam.
1071 2476 1088 2508 ι

733 2678 921 2735 'cae.
960 2675 1097 2731 xw.
1129 2676 1152 2748 [
1182 2675 1239 2729 Β.
1285 2672 1365 2728 St.
1406 2671 1470 2725 v.
1505 2671 1607 2726 cn.
1648 2667 1787 2741 IL]

593 2772 669 2826 De
700 2772 763 2825 iis
802 2786 919 2839 qua:
966 2767 1238 2839 Maximus
1271 2774 1534 2839 tyrannus
1583 2760 1967 2817 Valentiniano

975 2838 1185 2906 juniori
1233 2832 1575 2905 signiﬁcavit.

554 2934 744 3005 Longo
776 2941 898 3003 post
940 2945 1206 3001 tempore,
1256 2943 1383 2982 cum
1438 2924 1758 2979 rescivisset
1795 2920 2067 2975 Maximus

485 3043 607 3097 qme
671 3028 723 3079 in
786 3024 1155 3078 clarissimum
1209 3018 1465 3073 veritatis
1509 3029 1817 3085 praeconem
1858 3020 2071 3068 tentata

2178 1916 2417 1969 ὑπέλαϐε
2442 1918 2633 1982 ταῦτα,
2681 1917 3083 1989 μειρακυλλίοις
3125 1918 3228 1971 ὑπό
3255 1936 3417 1973 τινων
3452 1923 3763 1991 προσφερό-

2181 2026 2319 2079 μενα
2344 2026 2358 2040 °
2395 2009 2519 2062 τότε
2546 2010 2609 2080 δὴ
2637 2010 2969 2080 χαλεπήνας,
2997 2009 3289 2080 προφανῶς
3319 2011 3479 2065 αὐτὸν
3506 2013 3763 2067 ἐκέλευσε

2178 2101 2287 2154 τῶν
2314 2100 2474 2170 ἱερῶν
2498 2100 2600 2166 ἔξω
2635 2101 2792 2171 βῆναι
2818 2102 3125 2173 προθύρων.
3172 2103 3229 2155 Ὀ
3253 2103 3311 2157 δέ
3334 2119 3348 2135 ο
3398 2124 3417 2156 ι
3438 2105 3611 2161 Ἐκὼν
3640 2105 3760 2175 μὲν,

2180 2194 2306 2264 ἔφη,
2352 2192 2511 2247 τοῦτο
2538 2195 2598 2247 οὐ
2628 2195 2833 2266 δράσω,
2869 2196 2989 2248 οὐδὲ
3020 2194 3285 2265 προδώσω
3308 2199 3422 2260 τοῖς
3454 2197 3638 2261 λύκοις
3669 2199 3763 2252 τὸν

2179 2285 2289 2338 τῶν
2331 2286 2616 2356 προϐάτων
2670 2286 2859 2355 σηκὸν,
2911 2286 3033 2338 οὐδὲ
3086 2289 3198 2349 τοῖς
3246 2286 3624 2358 βλασφημοῦσι
3669 2290 3764 2344 τὸν

2182 2374 2324 2429 θεῖον
2360 2376 2667 2448 παραδώσω
2711 2376 2865 2431 νεών.
2924 2376 3065 2430 Ἀλλ’
3107 2376 3161 2430 εί
3207 2395 3288 2430 σοι
3335 2382 3543 2432 κτεῖναι
3590 2382 3762 2449 δοκεῖ,

2179 2466 2329 2520 ἔνδον
2363 2467 2625 2536 ὲπένεγκέ
2663 2485 2752 2538 μοι
2788 2468 2848 2520 τὸ
2884 2466 3052 2537 ξίφος,
3084 2468 3116 2539 ἤ
3147 2469 3244 2540 τὴν
3282 2472 3508 2541 αἰχμήν.
3558 2472 3764 2526 Ἀσπα-

2183 2559 2313 2623 σίως
2339 2559 2447 2628 γὰρ
2475 2558 2698 2629 δέξομαι
2738 2560 2838 2628 τὴν
2868 2558 3125 2629 τοιαύτην
3156 2563 3387 2632 σφαγήν.
3418 2581 3436 2613 ι

2778 2673 3031 2725 ΚΕΦΑΛ.
3073 2674 3170 2727 IA'.

2184 2764 2321 2832 Περὶ
2360 2764 2478 2817 τῶν
2516 2764 2676 2832 παρὰ
2711 2763 2985 2833 Μαξίμου
3020 2765 3124 2817 τοῦ
3157 2764 3456 2832 τυράννου
3482 2765 3767 2821 Balaru-

2639 2831 2823 2898 νιανῷ
2842 2831 2879 2865 δή
2902 2831 3312 2897 δηλωθέντων.

2258 2925 2464 2995 Χρόνου
2511 2925 2567 2977 δὲ
2619 2924 2814 2995 συχνοῦ
2845 2924 3192 2995 τριϐομένου,
3248 2925 3536 2996 μεμάθηκε
3584 2928 3683 2998 μὲν
3736 2930 3767 2982 6

2184 3015 2437 3087 Μάξιμος
2482 3018 2551 3069 τὰ
2600 3016 2742 3069 κατά
2786 3016 2881 3069 τοῦ
2928 3017 3315 3088 μεγαλοφώνου
3364 3020 3605 3090 κήρυκος
3664 3021 3767 3092 τῆς

487 3118 723 3175 fuerant,
756 3110 969 3167 litteras
999 3110 1222 3180 scripsit
1250 3109 1314 3161 ad
1342 3106 1810 3169 Valentinianum,
1844 3105 2071 3157 hortans

2184 3107 2443 3179 ἀληθείας
2468 3107 2794 3178 τολμώμενα
2814 3123 2827 3135 '
2857 3108 3136 3161 ἐπέστειλε
3168 3108 3223 3162 δὲ
3248 3109 3326 3179 τῷ
3352 3109 3765 3183 Βαλεντινιανῷ,

484 3225 611 3263 etttn
665 3218 722 3261 ut
757 3206 961 3259 bellum
1004 3204 1271 3256 adversus
1317 3202 1572 3270 pii-tatem
1613 3198 1917 3259 omitteret,
1958 3209 2071 3247 mo-

2182 3199 2272 3253 τὸν
2305 3198 2445 3252 κατά
2478 3198 2576 3269 τῆς
2607 3199 2886 3262 εὐσεϐείας
2928 3200 3164 3268 πόλεμον
3216 3202 3514 3256 καταλῦσαι
3555 3221 3768 3274 παρεγ-

485 3312 738 3367 nensque
793 3312 861 3349 ne
924 3303 1208 3363 paternam
1260 3293 1521 3361 pietatem
1585 3288 1891 3342 desereret.
1943 3285 2072 3340 belli

486 3402 711 3458 quoque
758 3386 938 3439 minas
973 3382 1193 3451 adjecit,
1232 3379 1443 3450 1043
1477 3379 1580 3433 nisi
1620 3386 1841 3447 pareret
1877 3395 1888 3429 :
1920 3390 1984 3429 ac
2017 3391 2075 3429 re

488 3481 607 3550 ipsa
646 3479 806 3533 \erba
837 3475 1206 3530 contirmavit.
1243 3473 1375 3526 Nam
1416 3471 1655 3524 collecto
1687 3471 1933 3525 exercitu
1966 3468 2075 3522 Me-

488 3573 769 3627 diolanum
809 3585 1002 3623 versus
1036 3567 1218 3630 duxit,
1254 3565 1344 3619 tibi
1392 3565 1482 3617 ille
1517 3563 1771 3634 degebat.
1798 3562 1892 3616 llle
1922 3575 2072 3625 vero,

488 3663 676 3718 audito
709 3663 830 3731 ejus
861 3659 1123 3722 adventu,
1150 3658 1287 3725 fugit
1323 3655 1375 3709 in
1407 3654 1708 3725 Illyricum,
1730 3651 2074 3724 experientia

487 3752 683 3811 doctus
718 3754 847 3825 quid
881 3752 986 3806 sibi
1029 3747 1329 3820 profuisset
1357 3747 1554 3800 matris
1583 3747 1900 3799 consilium.

806 4035 959 4090 cui.
996 4034 1111 4088 xv.
1150 4033 1234 4105 [8.
1273 4033 1355 4087 St.
1393 4034 1457 4086 v.
1486 4032 1587 4087 cn.
1627 4031 1736 4104 ιε]

525 4129 601 4185 De
635 4131 699 4184 iis
737 4146 853 4197 qua:
906 4146 940 4181 α
987 4127 1281 4206 Theodosio
1316 4128 1638 4194 imperatore
1667 4126 1730 4176 de
1774 4123 1959 4177 eadem
1990 4138 2042 4176 re

1083 4207 1287 4264 scripta
1331 4207 1477 4249 sunt.

562 4286 1005 4339 Landatissimus
1038 4301 1169 4337 vero
1198 4284 1457 4354 princeps
1479 4281 1851 4343 Theodosius,
1872 4280 2079 4334 certior

489 4377 559 4432 de
588 4378 656 4430 iis
684 4377 865 4429 tactus
887 4392 1008 4445 quae
1037 4386 1222 4447 egerat
1246 4376 1572 4446 imperator,
1597 4383 1651 4428 et
1676 4389 1798 4442 qua:
1828 4372 1895 4424 ad
1919 4371 2074 4424 illum

2177 3290 2347 3358 γυῶν,
2395 3292 2488 3345 καὶ
2531 3292 2812 3361 παραινῶν
2855 3293 2933 3362 μὴ
2973 3292 3235 3363 προέσθαι
3264 3294 3361 3364 τὴν
3391 3295 3648 3366 πατρῴαν
3678 3298 3769 3350 εὐ-

2179 3381 2415 3438 σέϐειαν.
2472 3383 2835 3454 Προστέθεικε
2867 3384 2924 3437 δὲ
2960 3386 3053 3437 καὶ
3088 3385 3181 3437 τοῦ
3212 3386 3448 3455 πολέμου
3478 3386 3573 3458 τὴν
3602 3390 3766 3441 ἀπει-

2176 3469 2295 3543 λὴν,
2329 3473 2377 3524 εί
2410 3472 2485 3543 μὴ
2513 3473 2756 3527 πείθοιτο
2779 3491 2790 3504 ·
2845 3475 2940 3526 καὶ
2990 3475 3174 3544 μέντοι
3218 3477 3312 3531 καὶ
3359 3476 3420 3529 τὸ
3452 3476 3612 3547 ἔργον
3652 3481 3768 3541 τοῖς

2177 3562 2354 3631 λόγοις
2384 3564 2659 3619 ἐπέθεικε.
2698 3564 2807 3636 Τὴν
2837 3565 2946 3636 γὰρ
2980 3566 3238 3636 στρατιὰν
3263 3568 3512 3639 ἀγείρας,
3546 3570 3637 3621 ἐπὶ
3667 3570 3767 3639 τὴν

2178 3654 2502 3708 Μεδιόλανον
2546 3653 2827 3728 ὥρμησεν,
2881 3657 3009 3710 ἔνθα
3067 3660 3275 3720 ἐκεῖνος
3323 3660 3528 3729 διῆγεν.
3602 3661 3660 3714 Ὀ
3707 3661 3768 3715 δὲ

2180 3745 2370 3815 μαθὼν
2399 3747 2498 3818 τὴν
2532 3747 2740 3818 ἔφοδον,
2768 3750 2847 3812 είς
2887 3750 3177 3821 Ἰλλυρίους
3207 3752 3356 3804 ἵκετο
3385 3752 3602 3820 φεύγων
3619 3753 3664 3817 ⁸,
3697 3757 3765 3825 τῇ

2177 3839 2346 3910 πείρα
2379 3840 2566 3910 μαθὼν
2597 3840 2756 3893 τίνων
2802 3843 2867 3894 ὲκ
2893 3840 2994 3912 τῆς
3044 3842 3304 3914 μητρῴας
3346 3843 3600 3898 ἀπώνατο
3630 3861 3768 3914 συμο

2180 3930 2398 4002 ϐουλῆς.

2770 4025 3019 4082 ΚΕΦΔΛ.
3072 4026 3170 4079 1Ε¹.

2185 4118 2321 4186 Περὶ
2376 4117 2495 4171 τῶν
2543 4116 2705 4184 παρὰ
2734 4115 3236 4189 ΔΘεοδοιγίουγτοῦ
3276 4118 3581 4185 ,βασιλέως
3632 4118 3768 4189 ,περὶ

2643 4186 2857 4240 τούτοῠ
2889 4188 3243 4256 γραμμάτων
3260 4189 3301 4242 ⁸.

2253 4277 2564 4349 Πυθόμενος
2607 4278 2666 4331 δὲ
2700 4277 2979 4342 Θεοδόσιος
3025 4281 3053 4332 ὁ
3084 4280 3441 4352 πανεύφημος
3486 4282 3763 4352 βασιλεὺς,

2180 4371 2249 4424 τά
2283 4388 2341 4424 τε
2382 4368 2529 4450 παρά
2566 4368 2657 4422 τοῦ
2708 4369 2971 4440 βασιλέως
3004 4372 3338 4441 πραχθέντα,
3369 4374 3464 4426 xa‘t
3515 4374 3582 4427 τὰ
3612 4377 3768 4445 παρὰ

492 4466 790 4535 scripserat
833 4477 1136 4537 tyrannus,
1192 4467 1260 4521 ad
1316 4466 1611 4537 profugum
1661 4464 2071 4518 adolescentem

2182 4461 2278 4515 τοῦ
2312 4461 2576 4530 τυράννου
2623 4459 2927 4530 γραφέντα,
2958 4460 3165 4532 ἔγραψε
3196 4463 3273 4532 τῷ
3307 4467 3601 4534 πεφευγότι
3635 4467 3763 4533 νέῳ,

492 4558 752 4628 seripsit,
788 4559 1098 4613 mirandum
1133 4574 1240 4613 non
1271 4574 1430 4621 esse,
1465 4557 1512 4611 si
1546 4555 1867 4625 imperatori
1903 4554 2075 4622 trepi-

492 4650 677 4714 datio,
712 4658 952 4721 tyranno
984 4651 1243 4719 adjuncta
1292 4649 1365 4703 sit
1400 4647 1670 4711 victoria,
1723 4646 1854 4715 quia
1896 4644 2074 4713 pieta-

492 4750 601 4795 tem
633 4741 976 4811 impugnavit
1024 4743 1347 4810 imperator,
1390 4749 1657 4809 tyrannus
1697 4736 1932 4805 adjuvit.
1980 4734 2074 4788 llle

493 4831 637 4886 hanc
666 4832 933 4900 abjiciens
964 4831 1144 4884 nudus
1176 4827 1420 4900 profugit
1451 4846 1464 4881 :
1502 4828 1590 4883 hic
1608 4829 1797 4882 eadem
1826 4826 2072 4880 munitus

495 4921 759 4977 nudatum
792 4922 962 4976 vincit
992 4940 1003 4975 :
1036 4922 1223 4991 pietati
1249 4922 1397 4976 enim
1423 4921 1580 4975 adest
1603 4920 1726 4990 ejus
1759 4920 2071 4990 legislator.

497 5013 695 5067 Etltzec
725 5012 944 5083 quidem
978 5010 1202 5080 scripsit
1237 5025 1362 5064 cum
1401 5010 1595 5080 procul
1632 5009 1872 5063 abesset.
1912 5005 2073 5061 Post—

494 5121 659 5174 quam
690 5109 821 5159 vero
847 5105 1066 5175 cognita
1106 5102 1228 5173 ejus
1266 5102 1394 5172 fuga
1429 5101 1497 5156 ad
1533 5099 1786 5155 ferendas
1826 5100 1904 5152 illi
1934 5115 2071 5167 sup-

497 5198 670 5266 petias
703 5200 984 5269 protectus
1024 5204 1143 5262 est,
1200 5204 1255 5250 ut
1285 5193 1524 5264 preprio
1562 5208 1731 5262 regno
1776 5192 1973 5247 relicto
2019 5191 2073 5243 in

2188 4555 2262 4626 μὴ
2296 4554 2496 4625 χρῆναι
2527 4553 2849 4624 θαυμάζειν,
2878 4557 2926 4608 εἰ
2958 4554 3034 4625 τῷ
3063 4556 3269 4626 βασιλεί
3302 4559 3398 4629 μὲν
3429 4561 3488 4613 τὸ
3519 4562 3659 4627 δέος,
3686 4562 3768 4631 τῷ

2182 4645 2239 4698 δὲ
2269 4646 2518 4715 τυράννῳ
2546 4643 2606 4696 τὸ
2630 4644 2828 4713 κράτος
2859 4646 3212 4709 συνέζευκται
3236 4664 3250 4679 ο
3286 4652 3350 4718 τῇ
3381 4650 3488 4721 γὰρ
3515 4652 3768 4722 εὐσεϐείᾳ

2184 4735 2575 4807 πεπολέμηκε⁸
2605 4735 2701 4805 μὲν
2721 4737 2748 4788 6
2780 4735 3057 4805 βασιλεὺς,
3093 4740 3121 4790 6
3153 4738 3208 4792 δὲ
3241 4740 3503 4811 τύραννος
3536 4743 3768 4795 ἐπεκού-

2185 4841 2349 4898 ρησε·
2396 4825 2492 4878 καὶ
2522 4826 2550 4878 ὁ
2606 4824 2705 4894 μὲν
2738 4824 2944 4893 ταύτην
2995 4828 3317 4897 προέμενος,
3376 4832 3767 4903 ἀποδιδράσκει

2183 4917 2387 4988 γυμνός
2414 4932 2428 4945 ·
2461 4918 2489 4968 6
2517 4914 2574 4968 δὲ
2629 4917 2800 4984 ταύτῃ
2845 4918 3298 4986 καθωπλισμένος
3348 4921 3442 4974 τοῦ
3478 4939 3766 4993 γεγυμνω-

2187 5009 2350 5079 μένου
2381 5009 2591 5079 κρατεῖ.
2621 5006 2700 5078 Τῇ
2732 5008 2839 5076 γὰρ
2869 5009 3120 5080 εὐσεϐείᾳ
3150 5012 3246 5063 καὶ
3267 5013 3295 5064 ὁ
3318 5011 3518 5082 ταύτης
3549 5015 3767 5066 σύνεστι

2182 5098 2501 5169 νομοθέτης.
2531 5096 2715 5148 Ταῦτα
2744 5097 2840 5166 μὲν
2866 5094 2958 5152 οὖν
2989 5098 3120 5161 ἑκὰς
3146 5097 3221 5150 ὣν
3250 5098 3399 5171 [918]
3429 5102 3763 5158 ἐπέστειλεν.

2194 5190 2415 5260 Ἐπειδὴ
2458 5188 2515 5241 δὲ
2545 5191 2643 5259 τὴν
2698 5189 2876 5259 φυγὴν
2933 5189 3262 5261 μεμαθηκὼς
3310 5192 3391 5256 είς
3441 5195 3766 5266 ἐπικουρίαν

1766 5370 2002 5427 VARle
2030 5368 2322 5425 LECTION
2330 5370 2433 5426 ES.

604 5527 622 5600 ἦ
654 5545 713 5600 τε
739 5529 864 5600 add.
896 5530 1063 5600 Basil.
1095 5528 1189 5585 Gr.
1220 5540 1272 5586 et
1307 5531 1499 5600 Steph.

1610 5532 1630 5560 ³
1673 5527 2028 5598 ἠπατημένος
2059 5526 2149 5599 καὶ
2177 5526 2503 5599 Θηγόμενος.
2532 5535 2615 5599 __ta
2648 5544 2744 5597 per
2773 5529 3149 5599 conjecturam
3208 5532 3261 5585 in
3320 5533 3513 5588 codice
3554 5531 3764 5587 Casau-

502 5596 649 5672 boni.
690 5599 710 5672 ξ
742 5598 819 5651 lta
849 5599 1010 5672 codd.
1044 5600 1249 5672 Pinipet
1282 5596 1925 5672 δεινῇὶὶ,(ἒιιςίεῐοριιηιξι
1949 5598 2190 5672 _Scalig.,
2227 5596 2495 5672 probante
2527 5596 2772 5672 ﬁtalesio.
2815 5596 2989 5672 _B:_i_sil.
3021 5600 3117 5654 Gr.
3146 5612 3200 5672 et
3242 5602 3434 5672 Steph.
3465 5603 3759 5658 habebant:

504 5665 896 5736 καθηγὸμενος.
941 5669 1359 5788 δἱιιορμολύκια.
1398 5671 1559 5722 Basil.
1594 5667 1689 5722 Gr.
1752 5670 1770 5698 ⁵
1805 5666 1880 5736 τῷ
1905 5668 2010 5736 νέῳ
2035 5665 2248 5721 creterze
2277 5665 2437 5720 editt.
2474 5667 2701 5721 addunt.

504 5734 695 5788 Stenh.
736 5736 959 5788 Nieeuli.
1034 5735 1201 5788 “.20.
1261 5736 1899 5788 "vamwéwmvﬂzeterm.
1979 5738 1999 5769 ⁹
2034 5735 2157 5788 Haec
2199 5735 2694 5788 πεπολέμηκε-τῆ

1034 5735 1201 5803 11⁷30.
1261 5735 1899 5811 ⁸γραφέντων.(]ιειει·ιυ.
1979 5735 1999 5769 ⁹
2034 5735 2157 5791 Haec
2199 5735 2694 5810 πεπολέμηκε-τῇ
2735 5739 2844 5810 γὰρ
2879 5735 3132 5811 εὐσεϐεἰᾲ
3166 5735 3367 5815 absunt
3393 5759 3422 5797 a
3450 5742 3617 5797 Basil.
3661 5741 3762 5797 Gr.

504 5734 695 5807 Steph.
721 5734 959 5807 'Nicepli.

2809 5670 2828 5699 ⁶
2866 5668 3041 5739 ᾤχετο
3083 5668 3525 5739 φεύγων.’Βιιεί1.
3564 5672 3657 5726 Gr.
3708 5684 3763 5726 et

3625 349 3767 419 129.8
3850 387 3857 393 -
