  <div class='ocr_page' id='page_1' title='image "/cluster/home/n/w/nwhite01/storage/ocr_20150623/82:no.3/coo.31924054869833/622.png"; bbox 0 0 4124 6400; ppageno 0'>
   <div class='ocr_carea' id='block_1_1' title="bbox 339 392 480 458">
    <p class='ocr_par' dir='ltr' id='par_1_1' title="bbox 339 392 480 458">
     <span class='ocr_line' id='line_1_1' title="bbox 339 392 480 458; baseline 0.014 -2"><span class='ocrx_word' id='word_1_1' title='bbox 339 392 480 458; x_wconf 68' lang='grc'><strong>1229</strong></span> 
     </span>
    </p>
   </div>
   <div class='ocr_carea' id='block_1_2' title="bbox 1329 356 2616 467">
    <p class='ocr_par' dir='ltr' id='par_1_2' title="bbox 1329 356 2616 467">
     <span class='ocr_line' id='line_1_2' title="bbox 1329 356 2616 467; baseline 0.003 -12"><span class='ocrx_word' id='word_1_2' title='bbox 1329 392 1916 456; x_wconf 64' lang='lat' dir='ltr'><strong>ECCLESIASTICzE</strong></span> <span class='ocrx_word' id='word_1_3' title='bbox 1955 388 2337 467; x_wconf 63' lang='lat' dir='ltr'><strong>HISTOﬁIzE</strong></span> <span class='ocrx_word' id='word_1_4' title='bbox 2378 356 2522 456; x_wconf 87' lang='lat' dir='ltr'><strong>LIB.</strong></span> <span class='ocrx_word' id='word_1_5' title='bbox 2549 391 2616 458; x_wconf 87' lang='lat' dir='ltr'><strong>v.</strong></span> 
     </span>
    </p>
   </div>
   <div class='ocr_carea' id='block_1_3' title="bbox 3473 404 3607 471">
    <p class='ocr_par' dir='ltr' id='par_1_3' title="bbox 3473 404 3607 471">
     <span class='ocr_line' id='line_1_3' title="bbox 3473 404 3607 471; baseline 0.03 -4"><span class='ocrx_word' id='word_1_6' title='bbox 3473 404 3607 471; x_wconf 68' lang='lat'><strong>1:230</strong></span> 
     </span>
    </p>
   </div>
   <div class='ocr_carea' id='block_1_4' title="bbox 331 504 1930 583">
    <p class='ocr_par' dir='ltr' id='par_1_4' title="bbox 331 504 1922 578">
     <span class='ocr_line' id='line_1_4' title="bbox 331 504 1922 578; baseline -0.003 -17"><span class='ocrx_word' id='word_1_7' title='bbox 331 508 596 574; x_wconf 76' lang='grc' dir='ltr'>ἀφίκετο,</span> <span class='ocrx_word' id='word_1_8' title='bbox 614 506 710 559; x_wconf 76' lang='grc' dir='ltr'><strong>καί</strong></span> <span class='ocrx_word' id='word_1_9' title='bbox 730 506 824 578; x_wconf 80' lang='grc' dir='ltr'>τὴν</span> <span class='ocrx_word' id='word_1_10' title='bbox 845 506 940 576; x_wconf 79' lang='grc' dir='ltr'><strong>μὲν</strong></span> <span class='ocrx_word' id='word_1_11' title='bbox 957 504 1163 559; x_wconf 76' lang='grc' dir='ltr'>οἰκείαν</span> <span class='ocrx_word' id='word_1_12' title='bbox 1181 505 1605 559; x_wconf 82' lang='grc' dir='ltr'>καταλελοιποτα</span> <span class='ocrx_word' id='word_1_13' title='bbox 1622 505 1922 575; x_wconf 81' lang='grc' dir='ltr'>βασιλείαν,</span> 
     </span>
    </p>
   </div>
   <div class='ocr_carea' id='block_1_5' title="bbox 2032 504 3610 583">
    <p class='ocr_par' dir='ltr' id='par_1_5' title="bbox 2032 505 3610 583">
     <span class='ocr_line' id='line_1_5' title="bbox 2032 505 3610 583; baseline 0.007 -22"><span class='ocrx_word' id='word_1_14' title='bbox 2032 521 2194 561; x_wconf 89' lang='lat' dir='ltr'><strong>suum</strong></span> <span class='ocrx_word' id='word_1_15' title='bbox 2230 505 2449 561; x_wconf 84' lang='lat' dir='ltr'><strong>venisse</strong></span> <span class='ocrx_word' id='word_1_16' title='bbox 2484 509 2817 577; x_wconf 73' lang='lat' dir='ltr'><strong>conspexit,</strong></span> <span class='ocrx_word' id='word_1_17' title='bbox 2872 510 3111 579; x_wconf 89' lang='lat' dir='ltr'><strong>primum</strong></span> <span class='ocrx_word' id='word_1_18' title='bbox 3144 514 3369 583; x_wconf 93' lang='lat' dir='ltr'><strong>quidetn</strong></span> <span class='ocrx_word' id='word_1_19' title='bbox 3414 518 3610 579; x_wconf 71' lang='lat' dir='ltr'><strong>anima:</strong></span> 
     </span>
    </p>
   </div>
   <div class='ocr_carea' id='block_1_6' title="bbox 278 593 1926 671">
    <p class='ocr_par' dir='ltr' id='par_1_6' title="bbox 278 593 1926 671">
     <span class='ocr_line' id='line_1_6' title="bbox 278 593 1926 671; baseline 0.001 -23"><span class='ocrx_word' id='word_1_20' title='bbox 278 662 293 671; x_wconf 33' lang='grc' dir='ltr'><strong><em>η</em></strong></span> <span class='ocrx_word' id='word_1_21' title='bbox 330 598 427 659; x_wconf 79' lang='grc' dir='ltr'><strong>εἰς</strong></span> <span class='ocrx_word' id='word_1_22' title='bbox 452 597 512 650; x_wconf 86' lang='grc' dir='ltr'><strong>δέ</strong></span> <span class='ocrx_word' id='word_1_23' title='bbox 533 597 632 669; x_wconf 85' lang='grc' dir='ltr'><strong>τὴν</strong></span> <span class='ocrx_word' id='word_1_24' title='bbox 662 597 825 651; x_wconf 82' lang='grc' dir='ltr'>αὐτοῦ</span> <span class='ocrx_word' id='word_1_25' title='bbox 854 597 1296 668; x_wconf 82' lang='grc' dir='ltr'>παραγενόμενον</span> <span class='ocrx_word' id='word_1_26' title='bbox 1319 593 1426 650; x_wconf 77' lang='grc' dir='ltr'>εἶδε</span> <span class='ocrx_word' id='word_1_27' title='bbox 1450 614 1462 626; x_wconf 70' lang='grc' dir='ltr'><strong>ο</strong></span> <span class='ocrx_word' id='word_1_28' title='bbox 1493 598 1706 667; x_wconf 84' lang='grc' dir='ltr'>πρῶτον</span> <span class='ocrx_word' id='word_1_29' title='bbox 1731 604 1829 669; x_wconf 80' lang='grc' dir='ltr'>μὲν</span> <span class='ocrx_word' id='word_1_30' title='bbox 1859 601 1926 668; x_wconf 83' lang='grc' dir='ltr'>τῇ</span> 
     </span>
    </p>
   </div>
   <div class='ocr_carea' id='block_1_7' title="bbox 336 689 1927 761">
    <p class='ocr_par' dir='ltr' id='par_1_7' title="bbox 336 689 1927 761">
     <span class='ocr_line' id='line_1_7' title="bbox 336 689 1927 761; baseline -0.001 -19"><span class='ocrx_word' id='word_1_31' title='bbox 336 689 490 760; x_wconf 75' lang='grc' dir='ltr'>ψυχῇ</span> <span class='ocrx_word' id='word_1_32' title='bbox 525 690 622 760; x_wconf 80' lang='grc' dir='ltr'><strong>τὴν</strong></span> <span class='ocrx_word' id='word_1_33' title='bbox 656 689 954 761; x_wconf 80' lang='grc' dir='ltr'><strong>θεραπείαν</strong></span> <span class='ocrx_word' id='word_1_34' title='bbox 1003 690 1367 760; x_wconf 81' lang='grc' dir='ltr'>προσήνεγκε,</span> <span class='ocrx_word' id='word_1_35' title='bbox 1409 689 1503 743; x_wconf 80' lang='grc' dir='ltr'><strong>καί</strong></span> <span class='ocrx_word' id='word_1_36' title='bbox 1534 690 1631 760; x_wconf 84' lang='grc' dir='ltr'>τὴν</span> <span class='ocrx_word' id='word_1_37' title='bbox 1675 690 1927 758; x_wconf 67' lang='grc' dir='ltr'>ἐπιγενο-</span> 
     </span>
    </p>
   </div>
   <div class='ocr_carea' id='block_1_8' title="bbox 287 776 1926 851">
    <p class='ocr_par' dir='ltr' id='par_1_8' title="bbox 287 776 1926 851">
     <span class='ocr_line' id='line_1_8' title="bbox 287 776 1926 851; baseline -0.003 -18"><span class='ocrx_word' id='word_1_38' title='bbox 287 843 293 849; x_wconf 34' lang='grc' dir='ltr'><strong><em>π</em></strong></span> <span class='ocrx_word' id='word_1_39' title='bbox 343 779 520 851; x_wconf 81' lang='grc' dir='ltr'>μένην</span> <span class='ocrx_word' id='word_1_40' title='bbox 547 780 646 848; x_wconf 83' lang='grc' dir='ltr'>τῆς</span> <span class='ocrx_word' id='word_1_41' title='bbox 684 778 938 840; x_wconf 81' lang='grc' dir='ltr'>ἀσεϐείας</span> <span class='ocrx_word' id='word_1_42' title='bbox 974 776 1205 848; x_wconf 81' lang='grc' dir='ltr'>ἐξήλασε</span> <span class='ocrx_word' id='word_1_43' title='bbox 1234 777 1409 840; x_wconf 91' lang='grc' dir='ltr'>νόσον,</span> <span class='ocrx_word' id='word_1_44' title='bbox 1449 776 1544 829; x_wconf 80' lang='grc' dir='ltr'><strong>καί</strong></span> <span class='ocrx_word' id='word_1_45' title='bbox 1573 777 1651 839; x_wconf 88' lang='grc' dir='ltr'><strong>εἰς</strong></span> <span class='ocrx_word' id='word_1_46' title='bbox 1680 776 1779 846; x_wconf 82' lang='grc' dir='ltr'>τὴν</span> <span class='ocrx_word' id='word_1_47' title='bbox 1819 792 1926 828; x_wconf 89' lang='grc' dir='ltr'>πα-</span> 
     </span>
    </p>
   </div>
   <div class='ocr_carea' id='block_1_9' title="bbox 262 862 1925 940">
    <p class='ocr_par' dir='ltr' id='par_1_9' title="bbox 262 862 1925 940">
     <span class='ocr_line' id='line_1_9' title="bbox 262 862 1925 940; baseline -0.002 -18"><span class='ocrx_word' id='word_1_48' title='bbox 262 900 283 922; x_wconf 67' lang='grc' dir='ltr'><strong>κ</strong></span> <span class='ocrx_word' id='word_1_49' title='bbox 338 865 529 940; x_wconf 72' lang='grc' dir='ltr'>τρῷαν</span> <span class='ocrx_word' id='word_1_50' title='bbox 566 867 848 922; x_wconf 76' lang='grc' dir='ltr'>εὐσέϐειαν</span> <span class='ocrx_word' id='word_1_51' title='bbox 880 868 1230 937; x_wconf 77' lang='grc' dir='ltr'>ἐπανήγαγεν</span> <span class='ocrx_word' id='word_1_52' title='bbox 1252 883 1267 897; x_wconf 87' lang='grc'><strong>·</strong></span> <span class='ocrx_word' id='word_1_53' title='bbox 1302 862 1421 919; x_wconf 81' lang='grc' dir='ltr'>εἶτα</span> <span class='ocrx_word' id='word_1_54' title='bbox 1455 865 1680 937; x_wconf 80' lang='grc' dir='ltr'>θαρρεῖν</span> <span class='ocrx_word' id='word_1_55' title='bbox 1715 881 1925 937; x_wconf 86' lang='grc' dir='ltr'>παρεγ-</span> 
     </span>
    </p>
   </div>
   <div class='ocr_carea' id='block_1_10' title="bbox 337 958 1929 1031">
    <p class='ocr_par' dir='ltr' id='par_1_10' title="bbox 337 958 1929 1031">
     <span class='ocr_line' id='line_1_10' title="bbox 337 958 1929 1031; baseline -0.001 -18"><span class='ocrx_word' id='word_1_56' title='bbox 337 965 576 1031; x_wconf 76' lang='grc' dir='ltr'>γυήσας,</span> <span class='ocrx_word' id='word_1_57' title='bbox 627 961 719 1015; x_wconf 71' lang='grc' dir='ltr'>καὶ</span> <span class='ocrx_word' id='word_1_58' title='bbox 760 960 901 1015; x_wconf 72' lang='grc' dir='ltr'>κατὰ</span> <span class='ocrx_word' id='word_1_59' title='bbox 950 961 1042 1014; x_wconf 85' lang='grc' dir='ltr'><strong>τοῦ</strong></span> <span class='ocrx_word' id='word_1_60' title='bbox 1074 960 1337 1031; x_wconf 87' lang='grc' dir='ltr'>τυράννου</span> <span class='ocrx_word' id='word_1_61' title='bbox 1370 958 1730 1031; x_wconf 81' lang='grc' dir='ltr'>στρατεύσας,</span> <span class='ocrx_word' id='word_1_62' title='bbox 1777 959 1929 1013; x_wconf 83' lang='grc' dir='ltr'>ἀναι-</span> 
     </span>
    </p>
   </div>
   <div class='ocr_carea' id='block_1_11' title="bbox 338 1046 1927 1120">
    <p class='ocr_par' dir='ltr' id='par_1_11' title="bbox 338 1046 1927 1120">
     <span class='ocr_line' id='line_1_11' title="bbox 338 1046 1927 1120; baseline -0.001 -18"><span class='ocrx_word' id='word_1_63' title='bbox 338 1051 489 1118; x_wconf 78' lang='grc' dir='ltr'>μωτὶ</span> <span class='ocrx_word' id='word_1_64' title='bbox 525 1049 626 1119; x_wconf 78' lang='grc' dir='ltr'><strong>μὲν</strong></span> <span class='ocrx_word' id='word_1_65' title='bbox 674 1048 754 1119; x_wconf 85' lang='grc' dir='ltr'>τῷ</span> <span class='ocrx_word' id='word_1_66' title='bbox 790 1051 895 1120; x_wconf 86' lang='grc' dir='ltr'>νέῳ</span> <span class='ocrx_word' id='word_1_67' title='bbox 923 1048 1022 1119; x_wconf 84' lang='grc' dir='ltr'>τὴν</span> <span class='ocrx_word' id='word_1_68' title='bbox 1069 1048 1345 1119; x_wconf 84' lang='grc' dir='ltr'>βασιλείαν</span> <span class='ocrx_word' id='word_1_69' title='bbox 1390 1047 1697 1117; x_wconf 81' lang='grc' dir='ltr'>παρέδωκε,</span> <span class='ocrx_word' id='word_1_70' title='bbox 1731 1046 1821 1100; x_wconf 84' lang='grc' dir='ltr'><strong>τὸν</strong></span> <span class='ocrx_word' id='word_1_71' title='bbox 1871 1046 1927 1100; x_wconf 81' lang='grc' dir='ltr'>δὲ</span> 
     </span>
    </p>
   </div>
   <div class='ocr_carea' id='block_1_12' title="bbox 337 1135 1927 1210">
    <p class='ocr_par' dir='ltr' id='par_1_12' title="bbox 337 1135 1927 1210">
     <span class='ocr_line' id='line_1_12' title="bbox 337 1135 1927 1210; baseline -0.001 -21"><span class='ocrx_word' id='word_1_72' title='bbox 337 1138 609 1210; x_wconf 82' lang='grc' dir='ltr'>τύραννον</span> <span class='ocrx_word' id='word_1_73' title='bbox 654 1137 910 1191; x_wconf 75' lang='grc' dir='ltr'>ἔκτεινεν.</span> <span class='ocrx_word' id='word_1_74' title='bbox 954 1137 1182 1191; x_wconf 82' lang='grc' dir='ltr'>Ἀδικεῖν</span> <span class='ocrx_word' id='word_1_75' title='bbox 1214 1137 1322 1207; x_wconf 80' lang='grc' dir='ltr'><strong>γὰρ</strong></span> <span class='ocrx_word' id='word_1_76' title='bbox 1367 1135 1658 1200; x_wconf 81' lang='grc' dir='ltr'>ὑπέλαϐεν,</span> <span class='ocrx_word' id='word_1_77' title='bbox 1702 1135 1927 1198; x_wconf 78' lang='grc' dir='ltr'>καὶτὰς</span> 
     </span>
    </p>
   </div>
   <div class='ocr_carea' id='block_1_13' title="bbox 337 1225 1924 1298">
    <p class='ocr_par' dir='ltr' id='par_1_13' title="bbox 337 1225 1924 1298">
     <span class='ocr_line' id='line_1_13' title="bbox 337 1225 1924 1298; baseline -0.002 -19"><span class='ocrx_word' id='word_1_78' title='bbox 337 1227 483 1298; x_wconf 84' lang='grc' dir='ltr'>πρὸς</span> <span class='ocrx_word' id='word_1_79' title='bbox 512 1226 806 1296; x_wconf 81' lang='grc' dir='ltr'>Γρατιανὺν</span> <span class='ocrx_word' id='word_1_80' title='bbox 836 1227 1210 1296; x_wconf 70' lang='grc' dir='ltr'>γεγενημένας</span> <span class='ocrx_word' id='word_1_81' title='bbox 1241 1225 1598 1296; x_wconf 82' lang='grc' dir='ltr'>παραϐαίνειν</span> <span class='ocrx_word' id='word_1_82' title='bbox 1630 1225 1924 1293; x_wconf 79' lang='grc' dir='ltr'>συνθήκας,</span> 
     </span>
    </p>
   </div>
   <div class='ocr_carea' id='block_1_14' title="bbox 336 1314 1926 1387">
    <p class='ocr_par' dir='ltr' id='par_1_14' title="bbox 336 1314 1926 1387">
     <span class='ocr_line' id='line_1_14' title="bbox 336 1314 1926 1387; baseline -0.004 -17"><span class='ocrx_word' id='word_1_83' title='bbox 336 1319 391 1370; x_wconf 84' lang='grc' dir='ltr'><strong>εἰ</strong></span> <span class='ocrx_word' id='word_1_84' title='bbox 430 1317 506 1387; x_wconf 81' lang='grc' dir='ltr'>μὴ</span> <span class='ocrx_word' id='word_1_85' title='bbox 536 1318 727 1387; x_wconf 78' lang='grc' dir='ltr'>ποινὴν</span> <span class='ocrx_word' id='word_1_86' title='bbox 780 1318 909 1381; x_wconf 75' lang='grc' dir='ltr'>τοὺς</span> <span class='ocrx_word' id='word_1_87' title='bbox 953 1317 1321 1380; x_wconf 77' lang='grc' dir='ltr'><strong>ἀπεκτονότας</strong></span> <span class='ocrx_word' id='word_1_88' title='bbox 1347 1317 1390 1347; x_wconf 75' lang='grc'><strong>⁸⁸</strong></span> <span class='ocrx_word' id='word_1_89' title='bbox 1440 1314 1800 1384; x_wconf 70' lang='grc' dir='ltr'>εἰσπράξαιτο</span> <span class='ocrx_word' id='word_1_90' title='bbox 1828 1315 1926 1383; x_wconf 82' lang='grc' dir='ltr'><strong>τῆς</strong></span> 
     </span>
    </p>
   </div>
   <div class='ocr_carea' id='block_1_15' title="bbox 340 1410 583 1478">
    <p class='ocr_par' dir='ltr' id='par_1_15' title="bbox 340 1410 583 1478">
     <span class='ocr_line' id='line_1_15' title="bbox 340 1410 583 1478; baseline 0.012 -17"><span class='ocrx_word' id='word_1_91' title='bbox 340 1410 583 1478; x_wconf 72' lang='grc' dir='ltr'>σφαγῆς.</span> 
     </span>
    </p>
   </div>
   <div class='ocr_carea' id='block_1_16' title="bbox 930 1498 1336 1566">
    <p class='ocr_par' dir='ltr' id='par_1_16' title="bbox 930 1498 1336 1566">
     <span class='ocr_line' id='line_1_16' title="bbox 930 1498 1336 1566; baseline 0.005 -15"><span class='ocrx_word' id='word_1_92' title='bbox 930 1499 1180 1553; x_wconf 71' lang='grc' dir='ltr'><strong>ΚΕΦΛΛ.</strong></span> <span class='ocrx_word' id='word_1_93' title='bbox 1222 1498 1336 1566; x_wconf 61' lang='lat' dir='ltr'><strong>L7.</strong></span> 
     </span>
    </p>
   </div>
   <div class='ocr_carea' id='block_1_17' title="bbox 507 1589 1759 1659">
    <p class='ocr_par' dir='ltr' id='par_1_17' title="bbox 507 1589 1759 1659">
     <span class='ocr_line' id='line_1_17' title="bbox 507 1589 1759 1659; baseline -0.001 -15"><span class='ocrx_word' id='word_1_94' title='bbox 507 1591 647 1659; x_wconf 78' lang='grc' dir='ltr'>Περί</span> <span class='ocrx_word' id='word_1_95' title='bbox 692 1590 1074 1658; x_wconf 64' lang='grc' dir='ltr'>Ἀμφίλοχίου</span> <span class='ocrx_word' id='word_1_96' title='bbox 1104 1590 1442 1643; x_wconf 73' lang='grc' dir='ltr'><strong>ἐπισκόπου</strong></span> <span class='ocrx_word' id='word_1_97' title='bbox 1490 1589 1759 1643; x_wconf 77' lang='grc' dir='ltr'><strong>Ἰκονίου.</strong></span> 
     </span>
    </p>
   </div>
   <div class='ocr_carea' id='block_1_18' title="bbox 410 1676 1926 1752">
    <p class='ocr_par' dir='ltr' id='par_1_18' title="bbox 410 1676 1926 1752">
     <span class='ocr_line' id='line_1_18' title="bbox 410 1676 1926 1752; baseline -0.005 -15"><span class='ocrx_word' id='word_1_98' title='bbox 410 1683 571 1737; x_wconf 84' lang='grc' dir='ltr'>Μετὰ</span> <span class='ocrx_word' id='word_1_99' title='bbox 596 1683 653 1736; x_wconf 73' lang='grc' dir='ltr'>δὲ</span> <span class='ocrx_word' id='word_1_100' title='bbox 674 1682 774 1752; x_wconf 83' lang='grc' dir='ltr'><strong>τῆν</strong></span> <span class='ocrx_word' id='word_1_101' title='bbox 803 1680 1011 1734; x_wconf 81' lang='grc' dir='ltr'>ἐκεῖθεν</span> <span class='ocrx_word' id='word_1_102' title='bbox 1043 1681 1321 1744; x_wconf 77' lang='grc' dir='ltr'>ἐπάνοδον,</span> <span class='ocrx_word' id='word_1_103' title='bbox 1346 1681 1576 1748; x_wconf 73' lang='grc' dir='ltr'>ἀφίκετο</span> <span class='ocrx_word' id='word_1_104' title='bbox 1609 1679 1710 1750; x_wconf 82' lang='grc' dir='ltr'><strong>μὲν</strong></span> <span class='ocrx_word' id='word_1_105' title='bbox 1740 1680 1768 1732; x_wconf 78' lang='grc' dir='ltr'>ὁ</span> <span class='ocrx_word' id='word_1_106' title='bbox 1796 1676 1926 1730; x_wconf 85' lang='grc' dir='ltr'>θαυ-</span> 
     </span>
    </p>
   </div>
   <div class='ocr_carea' id='block_1_19' title="bbox 340 1760 1924 1846">
    <p class='ocr_par' dir='ltr' id='par_1_19' title="bbox 340 1760 1924 1846">
     <span class='ocr_line' id='line_1_19' title="bbox 340 1760 1924 1846; baseline -0.004 -18"><span class='ocrx_word' id='word_1_107' title='bbox 340 1773 542 1846; x_wconf 78' lang='grc' dir='ltr'>μάσιος</span> <span class='ocrx_word' id='word_1_108' title='bbox 584 1772 951 1843; x_wconf 81' lang='grc' dir='ltr'>Ἀμφιλόχιος,</span> <span class='ocrx_word' id='word_1_109' title='bbox 986 1766 1046 1825; x_wconf 80' lang='grc' dir='ltr'><strong>οῦ</strong></span> <span class='ocrx_word' id='word_1_110' title='bbox 1078 1771 1336 1834; x_wconf 80' lang='grc' dir='ltr'>πολλάκις</span> <span class='ocrx_word' id='word_1_111' title='bbox 1376 1760 1673 1842; x_wconf 83' lang='grc' dir='ltr'>ἐμνήσθην,</span> <span class='ocrx_word' id='word_1_112' title='bbox 1708 1768 1924 1824; x_wconf 75' lang='grc' dir='ltr'>ἀντιϐο-</span> 
     </span>
    </p>
   </div>
   <div class='ocr_carea' id='block_1_20' title="bbox 337 1861 1927 1933">
    <p class='ocr_par' dir='ltr' id='par_1_20' title="bbox 337 1861 1927 1933">
     <span class='ocr_line' id='line_1_20' title="bbox 337 1861 1927 1933; baseline -0.003 -15"><span class='ocrx_word' id='word_1_113' title='bbox 337 1865 454 1919; x_wconf 78' lang='grc' dir='ltr'>λῶν</span> <span class='ocrx_word' id='word_1_114' title='bbox 477 1865 601 1928; x_wconf 83' lang='grc' dir='ltr'>τοὺς</span> <span class='ocrx_word' id='word_1_115' title='bbox 632 1863 740 1916; x_wconf 85' lang='grc' dir='ltr'><strong>τῶν</strong></span> <span class='ocrx_word' id='word_1_116' title='bbox 787 1863 840 1915; x_wconf 76' lang='grc' dir='ltr'><strong>Ἀ</strong></span> <span class='ocrx_word' id='word_1_117' title='bbox 854 1862 1081 1933; x_wconf 86' lang='grc' dir='ltr'>ρειανῶν</span> <span class='ocrx_word' id='word_1_118' title='bbox 1110 1865 1173 1915; x_wconf 82' lang='grc' dir='ltr'><strong>ἐκ</strong></span> <span class='ocrx_word' id='word_1_119' title='bbox 1214 1863 1319 1916; x_wconf 85' lang='grc' dir='ltr'><strong>τῶν</strong></span> <span class='ocrx_word' id='word_1_120' title='bbox 1352 1863 1559 1915; x_wconf 84' lang='grc' dir='ltr'>πόλεων</span> <span class='ocrx_word' id='word_1_121' title='bbox 1607 1861 1927 1933; x_wconf 79' lang='grc' dir='ltr'>ἐξελαθῆναι</span> 
     </span>
    </p>
   </div>
   <div class='ocr_carea' id='block_1_21' title="bbox 341 1937 1923 2026">
    <p class='ocr_par' dir='ltr' id='par_1_21' title="bbox 341 1937 1923 2026">
     <span class='ocr_line' id='line_1_21' title="bbox 341 1937 1923 2026; baseline -0.002 -17"><span class='ocrx_word' id='word_1_122' title='bbox 341 1956 657 2024; x_wconf 76' lang='grc' dir='ltr'>συλλόγους.</span> <span class='ocrx_word' id='word_1_123' title='bbox 722 1954 781 2007; x_wconf 84' lang='grc' dir='ltr'><strong>Ὀ</strong></span> <span class='ocrx_word' id='word_1_124' title='bbox 826 1955 883 2007; x_wconf 85' lang='grc' dir='ltr'>δὲ</span> <span class='ocrx_word' id='word_1_125' title='bbox 915 1937 1172 2024; x_wconf 73' lang='grc' dir='ltr'>βασιλεὺς</span> <span class='ocrx_word' id='word_1_126' title='bbox 1221 1955 1601 2026; x_wconf 79' lang='grc' dir='ltr'>ἀπηνεστέραν</span> <span class='ocrx_word' id='word_1_127' title='bbox 1640 1953 1923 2007; x_wconf 81' lang='grc' dir='ltr'>ὑπολαϐὼν</span> 
     </span>
    </p>
   </div>
   <div class='ocr_carea' id='block_1_22' title="bbox 341 2045 1927 2123">
    <p class='ocr_par' dir='ltr' id='par_1_22' title="bbox 341 2045 1927 2123">
     <span class='ocr_line' id='line_1_22' title="bbox 341 2045 1927 2123; baseline -0.001 -23"><span class='ocrx_word' id='word_1_128' title='bbox 341 2048 449 2119; x_wconf 80' lang='grc' dir='ltr'>τὴν</span> <span class='ocrx_word' id='word_1_129' title='bbox 482 2049 723 2123; x_wconf 68' lang='grc' dir='ltr'>αἴτησιν,</span> <span class='ocrx_word' id='word_1_130' title='bbox 758 2046 859 2099; x_wconf 84' lang='grc' dir='ltr'><strong>οὐκ</strong></span> <span class='ocrx_word' id='word_1_131' title='bbox 904 2046 1141 2113; x_wconf 79' lang='grc' dir='ltr'>ἐδέξατο.</span> <span class='ocrx_word' id='word_1_132' title='bbox 1187 2047 1244 2100; x_wconf 89' lang='lat'><strong>&#39;0</strong></span> <span class='ocrx_word' id='word_1_133' title='bbox 1274 2047 1330 2100; x_wconf 84' lang='grc' dir='ltr'>δὲ</span> <span class='ocrx_word' id='word_1_134' title='bbox 1380 2045 1690 2116; x_wconf 81' lang='grc' dir='ltr'>σοφώτατος</span> <span class='ocrx_word' id='word_1_135' title='bbox 1729 2047 1927 2117; x_wconf 78' lang='grc' dir='ltr'>Ἀμφι-</span> 
     </span>
    </p>
   </div>
   <div class='ocr_carea' id='block_1_23' title="bbox 341 2136 1930 2210">
    <p class='ocr_par' dir='ltr' id='par_1_23' title="bbox 341 2136 1930 2210">
     <span class='ocr_line' id='line_1_23' title="bbox 341 2136 1930 2210; baseline -0.003 -18"><span class='ocrx_word' id='word_1_136' title='bbox 341 2140 526 2210; x_wconf 72' lang='grc' dir='ltr'>λόχιος</span> <span class='ocrx_word' id='word_1_137' title='bbox 580 2136 894 2204; x_wconf 80' lang='grc' dir='ltr'>παραυτίκα</span> <span class='ocrx_word' id='word_1_138' title='bbox 946 2138 1197 2206; x_wconf 86' lang='grc' dir='ltr'>σιγήσας,</span> <span class='ocrx_word' id='word_1_139' title='bbox 1259 2138 1481 2208; x_wconf 82' lang='grc' dir='ltr'>μνήμης</span> <span class='ocrx_word' id='word_1_140' title='bbox 1533 2137 1691 2203; x_wconf 77' lang='grc' dir='ltr'>ἀξίαν</span> <span class='ocrx_word' id='word_1_141' title='bbox 1741 2136 1930 2207; x_wconf 81' lang='grc' dir='ltr'>ἐξεῦρε</span> 
     </span>
    </p>
   </div>
   <div class='ocr_carea' id='block_1_24' title="bbox 340 2222 1927 2300">
    <p class='ocr_par' dir='ltr' id='par_1_24' title="bbox 340 2222 1927 2300">
     <span class='ocr_line' id='line_1_24' title="bbox 340 2222 1927 2300; baseline -0.001 -19"><span class='ocrx_word' id='word_1_142' title='bbox 340 2229 622 2300; x_wconf 78' lang='grc' dir='ltr'>μηχανήν.</span> <span class='ocrx_word' id='word_1_143' title='bbox 654 2228 799 2280; x_wconf 81' lang='grc' dir='ltr'>Εῖσω</span> <span class='ocrx_word' id='word_1_144' title='bbox 824 2226 932 2297; x_wconf 80' lang='grc' dir='ltr'>γὰρ</span> <span class='ocrx_word' id='word_1_145' title='bbox 957 2222 1112 2291; x_wconf 78' lang='grc' dir='ltr'>αὖθις</span> <span class='ocrx_word' id='word_1_146' title='bbox 1145 2227 1253 2280; x_wconf 87' lang='grc' dir='ltr'>τῶν</span> <span class='ocrx_word' id='word_1_147' title='bbox 1288 2227 1573 2296; x_wconf 84' lang='grc' dir='ltr'>βασιλείων</span> <span class='ocrx_word' id='word_1_148' title='bbox 1614 2227 1927 2298; x_wconf 85' lang='grc' dir='ltr'>γενόμενος,</span> 
     </span>
    </p>
   </div>
   <div class='ocr_carea' id='block_1_25' title="bbox 340 2317 1930 2390">
    <p class='ocr_par' dir='ltr' id='par_1_25' title="bbox 340 2317 1930 2390">
     <span class='ocr_line' id='line_1_25' title="bbox 340 2317 1930 2390; baseline 0 -19"><span class='ocrx_word' id='word_1_149' title='bbox 340 2320 443 2371; x_wconf 69' lang='grc' dir='ltr'><strong>καὶ</strong></span> <span class='ocrx_word' id='word_1_150' title='bbox 470 2317 795 2389; x_wconf 82' lang='grc' dir='ltr'>παρεστῶτα</span> <span class='ocrx_word' id='word_1_151' title='bbox 817 2317 896 2387; x_wconf 84' lang='grc' dir='ltr'><strong>τῷ</strong></span> <span class='ocrx_word' id='word_1_152' title='bbox 920 2318 1129 2387; x_wconf 82' lang='grc' dir='ltr'>βασιλεῖ</span> <span class='ocrx_word' id='word_1_153' title='bbox 1149 2319 1239 2370; x_wconf 78' lang='grc' dir='ltr'><strong>τὸν</strong></span> <span class='ocrx_word' id='word_1_154' title='bbox 1269 2318 1382 2371; x_wconf 81' lang='grc' dir='ltr'>υἱὸν</span> <span class='ocrx_word' id='word_1_155' title='bbox 1421 2318 1704 2390; x_wconf 73' lang='grc' dir='ltr'>Ἀρκάδων</span> <span class='ocrx_word' id='word_1_156' title='bbox 1731 2317 1930 2371; x_wconf 77' lang='grc' dir='ltr'>θεασάσ-</span> 
     </span>
    </p>
   </div>
   <div class='ocr_carea' id='block_1_26' title="bbox 341 2402 1928 2481">
    <p class='ocr_par' dir='ltr' id='par_1_26' title="bbox 341 2402 1928 2481">
     <span class='ocr_line' id='line_1_26' title="bbox 341 2402 1928 2481; baseline 0.003 -23"><span class='ocrx_word' id='word_1_157' title='bbox 341 2427 530 2481; x_wconf 81' lang='grc' dir='ltr'>μενος,</span> <span class='ocrx_word' id='word_1_158' title='bbox 550 2410 743 2462; x_wconf 80' lang='grc' dir='ltr'>νεωστί</span> <span class='ocrx_word' id='word_1_159' title='bbox 773 2408 828 2461; x_wconf 80' lang='grc' dir='ltr'><strong>δὲ</strong></span> <span class='ocrx_word' id='word_1_160' title='bbox 852 2402 1006 2472; x_wconf 72' lang='grc' dir='ltr'>οὗτος</span> <span class='ocrx_word' id='word_1_161' title='bbox 1036 2410 1444 2480; x_wconf 78' lang='grc' dir='ltr'>κεχειροτόνητο</span> <span class='ocrx_word' id='word_1_162' title='bbox 1469 2409 1741 2478; x_wconf 78' lang='grc' dir='ltr'>βασιλεὺς,</span> <span class='ocrx_word' id='word_1_163' title='bbox 1765 2408 1928 2462; x_wconf 80' lang='grc' dir='ltr'>αὑτὸν</span> 
     </span>
    </p>
   </div>
   <div class='ocr_carea' id='block_1_27' title="bbox 341 2501 1932 2572">
    <p class='ocr_par' dir='ltr' id='par_1_27' title="bbox 341 2501 1932 2572">
     <span class='ocr_line' id='line_1_27' title="bbox 341 2501 1932 2572; baseline 0.002 -20"><span class='ocrx_word' id='word_1_164' title='bbox 341 2502 451 2572; x_wconf 85' lang='grc' dir='ltr'><strong>μὲν</strong></span> <span class='ocrx_word' id='word_1_165' title='bbox 476 2502 760 2568; x_wconf 69' lang='grc' dir='ltr'>ἠσπάσατο</span> <span class='ocrx_word' id='word_1_166' title='bbox 806 2501 1054 2570; x_wconf 80' lang='grc' dir='ltr'>συνήθως</span> <span class='ocrx_word' id='word_1_167' title='bbox 1095 2502 1185 2553; x_wconf 73' lang='grc' dir='ltr'><strong>τὸν</strong></span> <span class='ocrx_word' id='word_1_168' title='bbox 1238 2502 1481 2571; x_wconf 81' lang='grc' dir='ltr'>βασιλέα,</span> <span class='ocrx_word' id='word_1_169' title='bbox 1529 2501 1832 2572; x_wconf 78' lang='grc' dir='ltr'>ἀγέραστον</span> <span class='ocrx_word' id='word_1_170' title='bbox 1875 2501 1932 2555; x_wconf 75' lang='grc' dir='ltr'>δὲ</span> 
     </span>
    </p>
   </div>
   <div class='ocr_carea' id='block_1_28' title="bbox 340 2593 1933 2665">
    <p class='ocr_par' dir='ltr' id='par_1_28' title="bbox 340 2593 1933 2665">
     <span class='ocr_line' id='line_1_28' title="bbox 340 2593 1933 2665; baseline 0.001 -18"><span class='ocrx_word' id='word_1_171' title='bbox 340 2593 606 2647; x_wconf 79' lang='grc' dir='ltr'>κατέλιπε</span> <span class='ocrx_word' id='word_1_172' title='bbox 632 2594 694 2623; x_wconf 81' lang='grc'><strong>¹⁰⁹</strong></span> <span class='ocrx_word' id='word_1_173' title='bbox 716 2593 806 2645; x_wconf 79' lang='grc' dir='ltr'><strong>τὸν</strong></span> <span class='ocrx_word' id='word_1_174' title='bbox 826 2594 958 2647; x_wconf 84' lang='grc' dir='ltr'>υἱόν.</span> <span class='ocrx_word' id='word_1_175' title='bbox 1005 2593 1062 2646; x_wconf 84' lang='grc' dir='ltr'><strong>ὐ</strong></span> <span class='ocrx_word' id='word_1_176' title='bbox 1086 2595 1139 2645; x_wconf 78' lang='grc' dir='ltr'>δὲ</span> <span class='ocrx_word' id='word_1_177' title='bbox 1166 2594 1436 2663; x_wconf 76' lang='grc' dir='ltr'>βασιλεὺς,</span> <span class='ocrx_word' id='word_1_178' title='bbox 1467 2595 1822 2665; x_wconf 72' lang='grc' dir='ltr'>ἐπιληοθῆναι</span> <span class='ocrx_word' id='word_1_179' title='bbox 1848 2613 1933 2648; x_wconf 92' lang='grc' dir='ltr'>νο-</span> 
     </span>
    </p>
   </div>
   <div class='ocr_carea' id='block_1_29' title="bbox 341 2684 1933 2756">
    <p class='ocr_par' dir='ltr' id='par_1_29' title="bbox 341 2684 1933 2756">
     <span class='ocr_line' id='line_1_29' title="bbox 341 2684 1933 2756; baseline 0.002 -21"><span class='ocrx_word' id='word_1_180' title='bbox 341 2684 513 2755; x_wconf 82' lang='grc' dir='ltr'>μίσας</span> <span class='ocrx_word' id='word_1_181' title='bbox 535 2684 624 2736; x_wconf 82' lang='grc' dir='ltr'><strong>τὸν</strong></span> <span class='ocrx_word' id='word_1_182' title='bbox 667 2684 1032 2755; x_wconf 80' lang='grc' dir='ltr'>’Λμφιλόχιον,</span> <span class='ocrx_word' id='word_1_183' title='bbox 1064 2686 1379 2754; x_wconf 79' lang='grc' dir='ltr'>προσελθεῖν</span> <span class='ocrx_word' id='word_1_184' title='bbox 1402 2687 1494 2739; x_wconf 73' lang='grc' dir='ltr'><strong>καὶ</strong></span> <span class='ocrx_word' id='word_1_185' title='bbox 1519 2686 1738 2756; x_wconf 75' lang='grc' dir='ltr'>φιλῆσαι</span> <span class='ocrx_word' id='word_1_186' title='bbox 1768 2703 1933 2755; x_wconf 80' lang='grc' dir='ltr'>προσ-</span> 
     </span>
    </p>
   </div>
   <div class='ocr_carea' id='block_1_30' title="bbox 345 2774 1934 2849">
    <p class='ocr_par' dir='ltr' id='par_1_30' title="bbox 345 2774 1934 2849">
     <span class='ocr_line' id='line_1_30' title="bbox 345 2774 1934 2849; baseline -0.001 -20"><span class='ocrx_word' id='word_1_187' title='bbox 345 2774 509 2841; x_wconf 77' lang='grc' dir='ltr'>έταξε</span> <span class='ocrx_word' id='word_1_188' title='bbox 556 2775 647 2828; x_wconf 77' lang='grc' dir='ltr'><strong>τὸν</strong></span> <span class='ocrx_word' id='word_1_189' title='bbox 699 2776 832 2830; x_wconf 86' lang='grc' dir='ltr'>υἰόν.</span> <span class='ocrx_word' id='word_1_190' title='bbox 871 2776 932 2829; x_wconf 89' lang='lat' dir='ltr'><strong>&#39;U</strong></span> <span class='ocrx_word' id='word_1_191' title='bbox 978 2777 1034 2828; x_wconf 83' lang='grc' dir='ltr'>δὲ</span> <span class='ocrx_word' id='word_1_192' title='bbox 1082 2777 1455 2849; x_wconf 82' lang='grc' dir='ltr'>ἀποχρῆναι¹¹</span> <span class='ocrx_word' id='word_1_193' title='bbox 1509 2777 1612 2847; x_wconf 75' lang='grc' dir='ltr'><strong>ἔφη</strong></span> <span class='ocrx_word' id='word_1_194' title='bbox 1648 2775 1746 2847; x_wconf 78' lang='grc' dir='ltr'>τὴν</span> <span class='ocrx_word' id='word_1_195' title='bbox 1786 2776 1934 2847; x_wconf 76' lang='grc' dir='ltr'>αὐτῷ</span> 
     </span>
    </p>
   </div>
   <div class='ocr_carea' id='block_1_31' title="bbox 346 2865 1931 2938">
    <p class='ocr_par' dir='ltr' id='par_1_31' title="bbox 346 2865 1931 2938">
     <span class='ocr_line' id='line_1_31' title="bbox 346 2865 1931 2938; baseline 0.001 -19"><span class='ocrx_word' id='word_1_196' title='bbox 346 2865 484 2936; x_wconf 83' lang='grc' dir='ltr'>παρ’</span> <span class='ocrx_word' id='word_1_197' title='bbox 513 2865 678 2918; x_wconf 86' lang='grc' dir='ltr'>αὐτοῦ</span> <span class='ocrx_word' id='word_1_198' title='bbox 706 2867 1157 2937; x_wconf 81' lang='grc' dir='ltr'>προσενεχθεῖσαν</span> <span class='ocrx_word' id='word_1_199' title='bbox 1182 2868 1370 2938; x_wconf 79' lang='grc' dir='ltr'>τιμήν.</span> <span class='ocrx_word' id='word_1_200' title='bbox 1409 2867 1468 2920; x_wconf 83' lang='lat'><strong>&#39;0</strong></span> <span class='ocrx_word' id='word_1_201' title='bbox 1494 2866 1549 2919; x_wconf 83' lang='grc' dir='ltr'>δὲ</span> <span class='ocrx_word' id='word_1_202' title='bbox 1572 2867 1931 2937; x_wconf 73' lang='grc' dir='ltr'>δυσχεράνας,</span> 
     </span>
    </p>
   </div>
   <div class='ocr_carea' id='block_1_32' title="bbox 343 2958 1930 3030">
    <p class='ocr_par' dir='ltr' id='par_1_32' title="bbox 343 2958 1930 3030">
     <span class='ocr_line' id='line_1_32' title="bbox 343 2958 1930 3030; baseline 0 -19"><span class='ocrx_word' id='word_1_203' title='bbox 343 2958 555 3012; x_wconf 83' lang='grc' dir='ltr'>οἰκείαν</span> <span class='ocrx_word' id='word_1_204' title='bbox 616 2958 803 3012; x_wconf 79' lang='grc' dir='ltr'>ἐκάλει</span> <span class='ocrx_word' id='word_1_205' title='bbox 848 2959 1133 3030; x_wconf 83' lang='grc' dir='ltr'>παροινίαν</span> <span class='ocrx_word' id='word_1_206' title='bbox 1182 2960 1283 3029; x_wconf 83' lang='grc' dir='ltr'>τὴν</span> <span class='ocrx_word' id='word_1_207' title='bbox 1332 2958 1425 3012; x_wconf 80' lang='grc' dir='ltr'><strong>τοῦ</strong></span> <span class='ocrx_word' id='word_1_208' title='bbox 1467 2958 1654 3021; x_wconf 78' lang='grc' dir='ltr'>παιδὸς</span> <span class='ocrx_word' id='word_1_209' title='bbox 1684 2958 1930 3029; x_wconf 84' lang='grc' dir='ltr'>ἀτιμίαν.</span> 
     </span>
    </p>
   </div>
   <div class='ocr_carea' id='block_1_33' title="bbox 345 3050 1933 3122">
    <p class='ocr_par' dir='ltr' id='par_1_33' title="bbox 345 3050 1933 3122">
     <span class='ocr_line' id='line_1_33' title="bbox 345 3050 1933 3122; baseline -0.001 -20"><span class='ocrx_word' id='word_1_210' title='bbox 345 3051 666 3122; x_wconf 83' lang='grc' dir='ltr'>Τηνικαῦτα</span> <span class='ocrx_word' id='word_1_211' title='bbox 704 3050 894 3105; x_wconf 69' lang='grc' dir='ltr'>λοιπὸν</span> <span class='ocrx_word' id='word_1_212' title='bbox 932 3053 961 3104; x_wconf 86' lang='grc' dir='ltr'>ὁ</span> <span class='ocrx_word' id='word_1_213' title='bbox 1008 3053 1319 3119; x_wconf 70' lang='grc' dir='ltr'>σοφώτατος</span> <span class='ocrx_word' id='word_1_214' title='bbox 1368 3050 1714 3121; x_wconf 73' lang='grc' dir='ltr'>Ἀμφιλόχιος</span> <span class='ocrx_word' id='word_1_215' title='bbox 1766 3052 1933 3102; x_wconf 80' lang='grc' dir='ltr'>ἐκκα-</span> 
     </span>
    </p>
   </div>
   <div class='ocr_carea' id='block_1_34' title="bbox 342 3140 1926 3213">
    <p class='ocr_par' dir='ltr' id='par_1_34' title="bbox 342 3140 1926 3213">
     <span class='ocr_line' id='line_1_34' title="bbox 342 3140 1926 3213; baseline -0.001 -20"><span class='ocrx_word' id='word_1_216' title='bbox 342 3140 540 3196; x_wconf 82' lang='grc' dir='ltr'>λύπτει</span> <span class='ocrx_word' id='word_1_217' title='bbox 565 3144 657 3197; x_wconf 80' lang='grc' dir='ltr'><strong>τὸν</strong></span> <span class='ocrx_word' id='word_1_218' title='bbox 688 3141 783 3197; x_wconf 87' lang='grc' dir='ltr'><strong>τοῦ</strong></span> <span class='ocrx_word' id='word_1_219' title='bbox 818 3144 1185 3213; x_wconf 78' lang='grc' dir='ltr'>γεγενημένου</span> <span class='ocrx_word' id='word_1_220' title='bbox 1218 3142 1439 3208; x_wconf 79' lang='grc' dir='ltr'>σκοπὸν,</span> <span class='ocrx_word' id='word_1_221' title='bbox 1475 3143 1568 3195; x_wconf 72' lang='grc' dir='ltr'><strong>καὶ</strong></span> <span class='ocrx_word' id='word_1_222' title='bbox 1610 3141 1748 3211; x_wconf 79' lang='grc' dir='ltr'>βοῶν</span> <span class='ocrx_word' id='word_1_223' title='bbox 1792 3140 1926 3210; x_wconf 80' lang='grc' dir='ltr'><strong>ἔφη’</strong></span> 
     </span>
    </p>
   </div>
   <div class='ocr_carea' id='block_1_35' title="bbox 350 3228 1932 3306">
    <p class='ocr_par' dir='ltr' id='par_1_35' title="bbox 350 3228 1932 3306">
     <span class='ocr_line' id='line_1_35' title="bbox 350 3228 1932 3306; baseline -0.002 -21"><span class='ocrx_word' id='word_1_224' title='bbox 350 3253 370 3285; x_wconf 79' lang='grc' dir='ltr'><strong>ι</strong></span> <span class='ocrx_word' id='word_1_225' title='bbox 425 3236 608 3306; x_wconf 79' lang='grc' dir='ltr'>Ὁρᾷς,</span> <span class='ocrx_word' id='word_1_226' title='bbox 652 3228 696 3289; x_wconf 82' lang='grc' dir='ltr'><strong>ὦ</strong></span> <span class='ocrx_word' id='word_1_227' title='bbox 729 3233 970 3304; x_wconf 79' lang='grc' dir='ltr'>βασιλεῦ,</span> <span class='ocrx_word' id='word_1_228' title='bbox 1003 3235 1149 3297; x_wconf 83' lang='grc' dir='ltr'>ὅπως</span> <span class='ocrx_word' id='word_1_229' title='bbox 1187 3235 1248 3287; x_wconf 86' lang='grc' dir='ltr'><strong>ού</strong></span> <span class='ocrx_word' id='word_1_230' title='bbox 1281 3236 1466 3304; x_wconf 81' lang='grc' dir='ltr'>φέρεις</span> <span class='ocrx_word' id='word_1_231' title='bbox 1494 3232 1590 3304; x_wconf 78' lang='grc' dir='ltr'>τὴν</span> <span class='ocrx_word' id='word_1_232' title='bbox 1621 3231 1712 3286; x_wconf 85' lang='grc' dir='ltr'><strong>τοῦ</strong></span> <span class='ocrx_word' id='word_1_233' title='bbox 1747 3230 1932 3293; x_wconf 80' lang='grc' dir='ltr'>παιδὸς</span> 
     </span>
    </p>
   </div>
   <div class='ocr_carea' id='block_1_36' title="bbox 342 3319 1932 3396">
    <p class='ocr_par' dir='ltr' id='par_1_36' title="bbox 342 3319 1932 3396">
     <span class='ocr_line' id='line_1_36' title="bbox 342 3319 1932 3396; baseline -0.004 -18"><span class='ocrx_word' id='word_1_234' title='bbox 342 3327 594 3396; x_wconf 80' lang='grc' dir='ltr'>ἀτιμίαν,</span> <span class='ocrx_word' id='word_1_235' title='bbox 630 3324 765 3377; x_wconf 81' lang='grc' dir='ltr'>ἁλλά</span> <span class='ocrx_word' id='word_1_236' title='bbox 808 3327 920 3386; x_wconf 88' lang='grc' dir='ltr'>τοῖς</span> <span class='ocrx_word' id='word_1_237' title='bbox 949 3326 1026 3387; x_wconf 90' lang='grc' dir='ltr'><strong>εἰς</strong></span> <span class='ocrx_word' id='word_1_238' title='bbox 1074 3322 1263 3376; x_wconf 87' lang='grc' dir='ltr'>τοῦτον</span> <span class='ocrx_word' id='word_1_239' title='bbox 1315 3321 1632 3393; x_wconf 79' lang='grc' dir='ltr'>παροινοῦσι</span> <span class='ocrx_word' id='word_1_240' title='bbox 1668 3319 1932 3391; x_wconf 85' lang='grc' dir='ltr'>χαλεπαί-</span> 
     </span>
    </p>
   </div>
   <div class='ocr_carea' id='block_1_37' title="bbox 345 3408 1933 3484">
    <p class='ocr_par' dir='ltr' id='par_1_37' title="bbox 345 3408 1933 3484">
     <span class='ocr_line' id='line_1_37' title="bbox 345 3408 1933 3484; baseline -0.001 -19"><span class='ocrx_word' id='word_1_241' title='bbox 345 3430 458 3477; x_wconf 87' lang='grc' dir='ltr'>νεις</span> <span class='ocrx_word' id='word_1_242' title='bbox 480 3412 744 3484; x_wconf 73' lang='grc' dir='ltr'>οπικρῶς.</span> <span class='ocrx_word' id='word_1_243' title='bbox 798 3414 1094 3467; x_wconf 80' lang='grc' dir='ltr'>Πίστευσον</span> <span class='ocrx_word' id='word_1_244' title='bbox 1139 3412 1204 3483; x_wconf 79' lang='grc' dir='ltr'>δὴ</span> <span class='ocrx_word' id='word_1_245' title='bbox 1251 3408 1364 3475; x_wconf 73' lang='grc' dir='ltr'>οὖν,</span> <span class='ocrx_word' id='word_1_246' title='bbox 1400 3412 1494 3465; x_wconf 76' lang='grc' dir='ltr'><strong>καὶ</strong></span> <span class='ocrx_word' id='word_1_247' title='bbox 1532 3410 1620 3464; x_wconf 77' lang='grc' dir='ltr'><strong>τὸν</strong></span> <span class='ocrx_word' id='word_1_248' title='bbox 1651 3409 1757 3463; x_wconf 84' lang='grc' dir='ltr'>τῶν</span> <span class='ocrx_word' id='word_1_249' title='bbox 1798 3410 1933 3463; x_wconf 80' lang='grc' dir='ltr'>ὅλων</span> 
     </span>
    </p>
   </div>
   <div class='ocr_carea' id='block_1_38' title="bbox 344 3500 1932 3573">
    <p class='ocr_par' dir='ltr' id='par_1_38' title="bbox 344 3500 1932 3573">
     <span class='ocr_line' id='line_1_38' title="bbox 344 3500 1932 3573; baseline -0.004 -16"><span class='ocrx_word' id='word_1_250' title='bbox 344 3500 481 3557; x_wconf 80' lang='grc' dir='ltr'>Θεὸν</span> <span class='ocrx_word' id='word_1_251' title='bbox 524 3505 651 3568; x_wconf 75' lang='grc' dir='ltr'>τοὺς</span> <span class='ocrx_word' id='word_1_252' title='bbox 687 3504 777 3558; x_wconf 75' lang='grc' dir='ltr'>τὸν</span> <span class='ocrx_word' id='word_1_253' title='bbox 829 3504 955 3557; x_wconf 77' lang='grc' dir='ltr'>Υίὸν</span> <span class='ocrx_word' id='word_1_254' title='bbox 1008 3503 1173 3557; x_wconf 79' lang='grc' dir='ltr'>αὐτοῦ</span> <span class='ocrx_word' id='word_1_255' title='bbox 1222 3504 1339 3555; x_wconf 82' lang='grc' dir='ltr'>τὸν.</span> <span class='ocrx_word' id='word_1_256' title='bbox 1374 3501 1639 3573; x_wconf 82' lang='grc' dir='ltr'>μονογενῆ</span> <span class='ocrx_word' id='word_1_257' title='bbox 1684 3500 1932 3570; x_wconf 73' lang='grc' dir='ltr'>βλασφη-</span> 
     </span>
    </p>
   </div>
   <div class='ocr_carea' id='block_1_39' title="bbox 347 3586 1932 3668">
    <p class='ocr_par' dir='ltr' id='par_1_39' title="bbox 347 3586 1932 3668">
     <span class='ocr_line' id='line_1_39' title="bbox 347 3586 1932 3668; baseline -0.006 -18"><span class='ocrx_word' id='word_1_258' title='bbox 347 3586 589 3668; x_wconf 85' lang='grc' dir='ltr'>μοῦντας</span> <span class='ocrx_word' id='word_1_259' title='bbox 639 3595 1039 3666; x_wconf 80' lang='grc' dir='ltr'>βδελύττεσθαι,</span> <span class='ocrx_word' id='word_1_260' title='bbox 1072 3596 1166 3647; x_wconf 76' lang='grc' dir='ltr'><strong>καὶ</strong></span> <span class='ocrx_word' id='word_1_261' title='bbox 1213 3594 1288 3656; x_wconf 86' lang='grc' dir='ltr'>ὡς</span> <span class='ocrx_word' id='word_1_262' title='bbox 1317 3592 1645 3664; x_wconf 79' lang='grc' dir='ltr'>ἀχαρίστους</span> <span class='ocrx_word' id='word_1_263' title='bbox 1684 3590 1812 3661; x_wconf 74' lang='grc' dir='ltr'>περὶ</span> <span class='ocrx_word' id='word_1_264' title='bbox 1840 3590 1932 3641; x_wconf 77' lang='grc' dir='ltr'><strong>τὸν</strong></span> 
     </span>
    </p>
   </div>
   <div class='ocr_carea' id='block_1_40' title="bbox 347 3678 1932 3757">
    <p class='ocr_par' dir='ltr' id='par_1_40' title="bbox 347 3678 1932 3757">
     <span class='ocr_line' id='line_1_40' title="bbox 347 3678 1932 3757; baseline -0.006 -17"><span class='ocrx_word' id='word_1_265' title='bbox 347 3687 583 3757; x_wconf 79' lang='grc' dir='ltr'>Σωτῆρα</span> <span class='ocrx_word' id='word_1_266' title='bbox 611 3688 705 3740; x_wconf 76' lang='grc' dir='ltr'><strong>καὶ</strong></span> <span class='ocrx_word' id='word_1_267' title='bbox 730 3687 1025 3757; x_wconf 85' lang='grc' dir='ltr'>εὐεργέτην</span> <span class='ocrx_word' id='word_1_268' title='bbox 1058 3684 1457 3755; x_wconf 83' lang='grc' dir='ltr'>γεγενημένους</span> <span class='ocrx_word' id='word_1_269' title='bbox 1483 3684 1680 3753; x_wconf 61' lang='grc' dir='ltr'>μισεῖν</span> <span class='ocrx_word' id='word_1_270' title='bbox 1718 3700 1737 3732; x_wconf 75' lang='grc' dir='ltr'><strong>ι</strong></span> <span class='ocrx_word' id='word_1_271' title='bbox 1773 3678 1932 3734; x_wconf 78' lang='grc' dir='ltr'>Οὕτω</span> 
     </span>
    </p>
   </div>
   <div class='ocr_carea' id='block_1_41' title="bbox 346 3770 1930 3847">
    <p class='ocr_par' dir='ltr' id='par_1_41' title="bbox 346 3770 1930 3847">
     <span class='ocr_line' id='line_1_41' title="bbox 346 3770 1930 3847; baseline -0.005 -17"><span class='ocrx_word' id='word_1_272' title='bbox 346 3779 532 3839; x_wconf 70' lang='grc' dir='ltr'>συνεὶς</span> <span class='ocrx_word' id='word_1_273' title='bbox 560 3777 881 3847; x_wconf 74' lang='grc' dir='ltr'>ὁβασιλεὺς,</span> <span class='ocrx_word' id='word_1_274' title='bbox 904 3778 999 3830; x_wconf 71' lang='grc' dir='ltr'>καὶ</span> <span class='ocrx_word' id='word_1_275' title='bbox 1026 3777 1096 3830; x_wconf 89' lang='grc' dir='ltr'><strong>τά</strong></span> <span class='ocrx_word' id='word_1_276' title='bbox 1122 3793 1181 3827; x_wconf 87' lang='grc' dir='ltr'><strong>τε</strong></span> <span class='ocrx_word' id='word_1_277' title='bbox 1212 3771 1578 3845; x_wconf 83' lang='grc' dir='ltr'>πεπραγμένα</span> <span class='ocrx_word' id='word_1_278' title='bbox 1598 3771 1666 3825; x_wconf 89' lang='grc' dir='ltr'><strong>τά</strong></span> <span class='ocrx_word' id='word_1_279' title='bbox 1692 3787 1751 3823; x_wconf 89' lang='grc' dir='ltr'><strong>τε</strong></span> <span class='ocrx_word' id='word_1_280' title='bbox 1778 3770 1930 3840; x_wconf 85' lang='grc' dir='ltr'>εἰρη-</span> 
     </span>
    </p>
   </div>
   <div class='ocr_carea' id='block_1_42' title="bbox 348 3859 1931 3938">
    <p class='ocr_par' dir='ltr' id='par_1_42' title="bbox 348 3859 1931 3938">
     <span class='ocr_line' id='line_1_42' title="bbox 348 3859 1931 3938; baseline -0.008 -16"><span class='ocrx_word' id='word_1_281' title='bbox 348 3867 492 3938; x_wconf 74' lang='grc' dir='ltr'>μένα</span> <span class='ocrx_word' id='word_1_282' title='bbox 524 3867 833 3936; x_wconf 82' lang='grc' dir='ltr'>θαυμάσας,</span> <span class='ocrx_word' id='word_1_283' title='bbox 867 3867 1032 3936; x_wconf 84' lang='grc' dir='ltr'>νόμον</span> <span class='ocrx_word' id='word_1_284' title='bbox 1071 3864 1234 3927; x_wconf 75' lang='grc' dir='ltr'>εὐθὺς</span> <span class='ocrx_word' id='word_1_285' title='bbox 1257 3863 1463 3933; x_wconf 60' lang='grc' dir='ltr'>ἔγραψε</span> <span class='ocrx_word' id='word_1_286' title='bbox 1492 3861 1617 3923; x_wconf 83' lang='grc' dir='ltr'>τοὺς</span> <span class='ocrx_word' id='word_1_287' title='bbox 1644 3859 1754 3913; x_wconf 81' lang='grc' dir='ltr'>τῶν</span> <span class='ocrx_word' id='word_1_288' title='bbox 1780 3859 1931 3928; x_wconf 87' lang='grc' dir='ltr'>αἱρε-</span> 
     </span>
    </p>
   </div>
   <div class='ocr_carea' id='block_1_43' title="bbox 343 3944 1932 4023">
    <p class='ocr_par' dir='ltr' id='par_1_43' title="bbox 343 3944 1932 4023">
     <span class='ocr_line' id='line_1_43' title="bbox 343 3944 1932 4023; baseline -0.009 -13"><span class='ocrx_word' id='word_1_289' title='bbox 343 3955 516 4010; x_wconf 74' lang='grc' dir='ltr'><strong>1τικῶν</strong></span> <span class='ocrx_word' id='word_1_290' title='bbox 548 3955 837 4023; x_wconf 80' lang='grc' dir='ltr'>συλλόγους</span> <span class='ocrx_word' id='word_1_291' title='bbox 862 3952 1162 4006; x_wconf 84' lang='grc' dir='ltr'>κωλύοντα.</span> <span class='ocrx_word' id='word_1_292' title='bbox 1225 3949 1386 4002; x_wconf 82' lang='grc' dir='ltr'>Ἀλλά</span> <span class='ocrx_word' id='word_1_293' title='bbox 1415 3949 1457 3979; x_wconf 80' lang='grc'>¹²</span> <span class='ocrx_word' id='word_1_294' title='bbox 1496 3947 1606 4017; x_wconf 80' lang='grc' dir='ltr'>γὰρ</span> <span class='ocrx_word' id='word_1_295' title='bbox 1649 3946 1710 3998; x_wconf 79' lang='grc' dir='ltr'><strong>οὐ</strong></span> <span class='ocrx_word' id='word_1_296' title='bbox 1753 3944 1932 4016; x_wconf 69' lang='grc' dir='ltr'>ῥᾴδιον</span> 
     </span>
    </p>
   </div>
   <div class='ocr_carea' id='block_1_44' title="bbox 347 4034 1933 4113">
    <p class='ocr_par' dir='ltr' id='par_1_44' title="bbox 347 4034 1933 4113">
     <span class='ocr_line' id='line_1_44' title="bbox 347 4034 1933 4113; baseline -0.008 -13"><span class='ocrx_word' id='word_1_297' title='bbox 347 4047 531 4107; x_wconf 79' lang='grc' dir='ltr'>πάσας</span> <span class='ocrx_word' id='word_1_298' title='bbox 579 4046 862 4113; x_wconf 61' lang='grc' dir='ltr'>διαφυγεῖν</span> <span class='ocrx_word' id='word_1_299' title='bbox 912 4042 1004 4096; x_wconf 84' lang='grc' dir='ltr'><strong>τοῦ</strong></span> <span class='ocrx_word' id='word_1_300' title='bbox 1049 4040 1231 4095; x_wconf 84' lang='grc' dir='ltr'>κοινοῦ</span> <span class='ocrx_word' id='word_1_301' title='bbox 1279 4037 1429 4113; x_wconf 66' lang='grc'><strong>[219]</strong></span> <span class='ocrx_word' id='word_1_302' title='bbox 1484 4036 1589 4090; x_wconf 83' lang='grc' dir='ltr'><strong>τῶν</strong></span> <span class='ocrx_word' id='word_1_303' title='bbox 1629 4034 1933 4106; x_wconf 81' lang='grc' dir='ltr'>ἀνθρώπων</span> 
     </span>
    </p>
   </div>
   <div class='ocr_carea' id='block_1_45' title="bbox 350 4125 1933 4208">
    <p class='ocr_par' dir='ltr' id='par_1_45' title="bbox 350 4125 1933 4208">
     <span class='ocr_line' id='line_1_45' title="bbox 350 4125 1933 4208; baseline 0 -19"><span class='ocrx_word' id='word_1_304' title='bbox 350 4137 613 4208; x_wconf 81' lang='grc' dir='ltr'>πολεμίου</span> <span class='ocrx_word' id='word_1_305' title='bbox 645 4138 743 4199; x_wconf 76' lang='grc' dir='ltr'><strong>τὰς</strong></span> <span class='ocrx_word' id='word_1_306' title='bbox 776 4137 968 4205; x_wconf 74' lang='grc' dir='ltr'>ἄρκυς.</span> <span class='ocrx_word' id='word_1_307' title='bbox 1007 4132 1277 4193; x_wconf 78' lang='grc' dir='ltr'>Πολλάκις</span> <span class='ocrx_word' id='word_1_308' title='bbox 1315 4131 1422 4199; x_wconf 89' lang='grc' dir='ltr'><strong>γάρ</strong></span> <span class='ocrx_word' id='word_1_309' title='bbox 1451 4146 1535 4191; x_wconf 87' lang='grc' dir='ltr'><strong>τις</strong></span> <span class='ocrx_word' id='word_1_310' title='bbox 1580 4126 1803 4199; x_wconf 81' lang='grc' dir='ltr'>διαδρὰς</span> <span class='ocrx_word' id='word_1_311' title='bbox 1835 4125 1933 4195; x_wconf 81' lang='grc' dir='ltr'><strong>τῆς</strong></span> 
     </span>
    </p>
   </div>
   <div class='ocr_carea' id='block_1_46' title="bbox 352 4216 1933 4297">
    <p class='ocr_par' dir='ltr' id='par_1_46' title="bbox 352 4216 1933 4297">
     <span class='ocr_line' id='line_1_46' title="bbox 352 4216 1933 4297; baseline -0.009 -15"><span class='ocrx_word' id='word_1_312' title='bbox 352 4230 641 4297; x_wconf 77' lang='grc' dir='ltr'>ἀσελγείας</span> <span class='ocrx_word' id='word_1_313' title='bbox 666 4229 726 4281; x_wconf 85' lang='grc' dir='ltr'>τὸ</span> <span class='ocrx_word' id='word_1_314' title='bbox 759 4226 950 4290; x_wconf 83' lang='grc' dir='ltr'>πάθος,</span> <span class='ocrx_word' id='word_1_315' title='bbox 986 4227 1052 4295; x_wconf 80' lang='grc' dir='ltr'>τῇ</span> <span class='ocrx_word' id='word_1_316' title='bbox 1077 4223 1177 4293; x_wconf 81' lang='grc' dir='ltr'>τῆς</span> <span class='ocrx_word' id='word_1_317' title='bbox 1211 4220 1523 4286; x_wconf 80' lang='grc' dir='ltr'>πλεονεξίας</span> <span class='ocrx_word' id='word_1_318' title='bbox 1550 4216 1933 4288; x_wconf 85' lang='grc' dir='ltr'>περιπείρεται</span> 
     </span>
    </p>
   </div>
   <div class='ocr_carea' id='block_1_47' title="bbox 348 4305 1934 4392">
    <p class='ocr_par' dir='ltr' id='par_1_47' title="bbox 348 4305 1934 4392">
     <span class='ocr_line' id='line_1_47' title="bbox 348 4305 1934 4392; baseline -0.009 -20"><span class='ocrx_word' id='word_1_319' title='bbox 348 4320 505 4392; x_wconf 75' lang='grc' dir='ltr'>πάγῃ</span> <span class='ocrx_word' id='word_1_320' title='bbox 532 4320 573 4350; x_wconf 78' lang='grc'><strong>⁸³</strong></span> <span class='ocrx_word' id='word_1_321' title='bbox 596 4335 610 4348; x_wconf 82' lang='lat'>&#39;</span> <span class='ocrx_word' id='word_1_322' title='bbox 638 4319 686 4371; x_wconf 92' lang='grc' dir='ltr'><strong>εἰ</strong></span> <span class='ocrx_word' id='word_1_323' title='bbox 708 4319 762 4371; x_wconf 80' lang='grc' dir='ltr'><strong>δὲ</strong></span> <span class='ocrx_word' id='word_1_324' title='bbox 786 4316 880 4370; x_wconf 75' lang='grc' dir='ltr'><strong>καὶ</strong></span> <span class='ocrx_word' id='word_1_325' title='bbox 899 4313 1104 4383; x_wconf 83' lang='grc' dir='ltr'>ταύτης</span> <span class='ocrx_word' id='word_1_326' title='bbox 1129 4311 1394 4384; x_wconf 78' lang='grc' dir='ltr'>κρείττων</span> <span class='ocrx_word' id='word_1_327' title='bbox 1416 4308 1633 4379; x_wconf 80' lang='grc' dir='ltr'>φανείη,</span> <span class='ocrx_word' id='word_1_328' title='bbox 1667 4305 1934 4378; x_wconf 85' lang='grc' dir='ltr'>ἐτέρωθεν</span> 
     </span>
    </p>
   </div>
   <div class='ocr_carea' id='block_1_48' title="bbox 345 4394 1936 4478">
    <p class='ocr_par' dir='ltr' id='par_1_48' title="bbox 345 4394 1936 4478">
     <span class='ocr_line' id='line_1_48' title="bbox 345 4394 1936 4478; baseline -0.011 -12"><span class='ocrx_word' id='word_1_329' title='bbox 345 4410 654 4478; x_wconf 79' lang='grc' dir='ltr'>ἀναφύεται</span> <span class='ocrx_word' id='word_1_330' title='bbox 690 4407 783 4460; x_wconf 89' lang='grc' dir='ltr'><strong>τοῦ</strong></span> <span class='ocrx_word' id='word_1_331' title='bbox 817 4405 1013 4473; x_wconf 77' lang='grc' dir='ltr'>φθόνου</span> <span class='ocrx_word' id='word_1_332' title='bbox 1068 4403 1128 4456; x_wconf 73' lang='grc' dir='ltr'><strong>τὸ</strong></span> <span class='ocrx_word' id='word_1_333' title='bbox 1175 4400 1468 4473; x_wconf 78' lang='grc' dir='ltr'>βάραθρον.</span> <span class='ocrx_word' id='word_1_334' title='bbox 1522 4398 1640 4453; x_wconf 82' lang='grc' dir='ltr'><strong>Κάν</strong></span> <span class='ocrx_word' id='word_1_335' title='bbox 1687 4397 1843 4451; x_wconf 83' lang='grc' dir='ltr'>τοῦτο</span> <span class='ocrx_word' id='word_1_336' title='bbox 1878 4394 1936 4449; x_wconf 79' lang='grc' dir='ltr'>δὲ</span> 
     </span>
    </p>
   </div>
   <div class='ocr_carea' id='block_1_49' title="bbox 347 4488 1931 4568">
    <p class='ocr_par' dir='ltr' id='par_1_49' title="bbox 347 4488 1931 4568">
     <span class='ocr_line' id='line_1_49' title="bbox 347 4488 1931 4568; baseline -0.01 -13"><span class='ocrx_word' id='word_1_337' title='bbox 347 4501 514 4555; x_wconf 83' lang='grc' dir='ltr'>πάλιν</span> <span class='ocrx_word' id='word_1_338' title='bbox 550 4497 933 4568; x_wconf 80' lang='grc' dir='ltr'>ὑπερπηδήσῃ,</span> <span class='ocrx_word' id='word_1_339' title='bbox 986 4493 1079 4546; x_wconf 83' lang='grc' dir='ltr'><strong>τοῦ</strong></span> <span class='ocrx_word' id='word_1_340' title='bbox 1135 4490 1310 4562; x_wconf 86' lang='grc' dir='ltr'>θυμοῦ</span> <span class='ocrx_word' id='word_1_341' title='bbox 1355 4492 1415 4544; x_wconf 83' lang='grc' dir='ltr'><strong>τὸ</strong></span> <span class='ocrx_word' id='word_1_342' title='bbox 1444 4490 1659 4544; x_wconf 87' lang='grc' dir='ltr'>δίκτυον</span> <span class='ocrx_word' id='word_1_343' title='bbox 1710 4488 1931 4558; x_wconf 80' lang='grc' dir='ltr'>εὑρήσει</span> 
     </span>
    </p>
   </div>
   <div class='ocr_carea' id='block_1_50' title="bbox 2036 598 3611 675">
    <p class='ocr_par' dir='ltr' id='par_1_50' title="bbox 2036 598 3611 675">
     <span class='ocr_line' id='line_1_50' title="bbox 2036 598 3611 675; baseline 0.006 -24"><span class='ocrx_word' id='word_1_344' title='bbox 2036 598 2379 652; x_wconf 89' lang='lat' dir='ltr'><strong>curationem</strong></span> <span class='ocrx_word' id='word_1_345' title='bbox 2413 598 2704 665; x_wconf 77' lang='lat' dir='ltr'><strong>adhibuit,</strong></span> <span class='ocrx_word' id='word_1_346' title='bbox 2745 609 2799 655; x_wconf 90' lang='lat' dir='ltr'><strong>et</strong></span> <span class='ocrx_word' id='word_1_347' title='bbox 2841 602 3070 659; x_wconf 88' lang='lat' dir='ltr'><strong>insitum</strong></span> <span class='ocrx_word' id='word_1_348' title='bbox 3122 605 3426 675; x_wconf 77' lang='lat' dir='ltr'><strong>impietatis</strong></span> <span class='ocrx_word' id='word_1_349' title='bbox 3461 623 3611 661; x_wconf 86' lang='lat' dir='ltr'><strong>tuor-</strong></span> 
     </span>
    </p>
   </div>
   <div class='ocr_carea' id='block_1_51' title="bbox 2035 689 3612 766">
    <p class='ocr_par' dir='ltr' id='par_1_51' title="bbox 2035 689 3612 766">
     <span class='ocr_line' id='line_1_51' title="bbox 2035 689 3612 766; baseline 0.005 -23"><span class='ocrx_word' id='word_1_350' title='bbox 2035 689 2165 743; x_wconf 90' lang='lat' dir='ltr'><strong>bum</strong></span> <span class='ocrx_word' id='word_1_351' title='bbox 2202 690 2450 759; x_wconf 77' lang='lat' dir='ltr'><strong>depulit,</strong></span> <span class='ocrx_word' id='word_1_352' title='bbox 2503 699 2902 763; x_wconf 85' lang='lat' dir='ltr'><strong>paternamque</strong></span> <span class='ocrx_word' id='word_1_353' title='bbox 2956 695 3023 748; x_wconf 87' lang='lat' dir='ltr'><strong>ad</strong></span> <span class='ocrx_word' id='word_1_354' title='bbox 3058 696 3316 766; x_wconf 90' lang='lat' dir='ltr'><strong>pietatem</strong></span> <span class='ocrx_word' id='word_1_355' title='bbox 3352 699 3612 765; x_wconf 78' lang='lat' dir='ltr'><strong>reduxit;</strong></span> 
     </span>
    </p>
   </div>
   <div class='ocr_carea' id='block_1_52' title="bbox 2035 779 3615 858">
    <p class='ocr_par' dir='ltr' id='par_1_52' title="bbox 2035 779 3615 858">
     <span class='ocr_line' id='line_1_52' title="bbox 2035 779 3615 858; baseline 0.006 -25"><span class='ocrx_word' id='word_1_356' title='bbox 2035 779 2234 835; x_wconf 89' lang='lat' dir='ltr'><strong>deinde</strong></span> <span class='ocrx_word' id='word_1_357' title='bbox 2258 780 2407 835; x_wconf 88' lang='lat' dir='ltr'><strong>bono</strong></span> <span class='ocrx_word' id='word_1_358' title='bbox 2441 782 2625 836; x_wconf 88' lang='lat' dir='ltr'><strong>animo</strong></span> <span class='ocrx_word' id='word_1_359' title='bbox 2651 799 2773 839; x_wconf 90' lang='lat' dir='ltr'><strong>esse</strong></span> <span class='ocrx_word' id='word_1_360' title='bbox 2799 784 3000 852; x_wconf 86' lang='lat' dir='ltr'><strong>jubens</strong></span> <span class='ocrx_word' id='word_1_361' title='bbox 3025 826 3042 846; x_wconf 91' lang='lat'><strong>.</strong></span> <span class='ocrx_word' id='word_1_362' title='bbox 3090 793 3146 841; x_wconf 91' lang='lat' dir='ltr'><strong>et</strong></span> <span class='ocrx_word' id='word_1_363' title='bbox 3184 795 3378 841; x_wconf 90' lang='lat' dir='ltr'><strong>contra</strong></span> <span class='ocrx_word' id='word_1_364' title='bbox 3410 799 3615 858; x_wconf 85' lang='lat' dir='ltr'><strong>tyran-</strong></span> 
     </span>
    </p>
   </div>
   <div class='ocr_carea' id='block_1_53' title="bbox 2035 869 3615 943">
    <p class='ocr_par' dir='ltr' id='par_1_53' title="bbox 2035 869 3615 943">
     <span class='ocr_line' id='line_1_53' title="bbox 2035 869 3615 943; baseline 0.006 -21"><span class='ocrx_word' id='word_1_365' title='bbox 2035 884 2167 922; x_wconf 91' lang='lat' dir='ltr'><strong>num</strong></span> <span class='ocrx_word' id='word_1_366' title='bbox 2224 869 2412 939; x_wconf 77' lang='lat' dir='ltr'><strong>capias</strong></span> <span class='ocrx_word' id='word_1_367' title='bbox 2469 871 2718 935; x_wconf 89' lang='lat' dir='ltr'><strong>ducens,</strong></span> <span class='ocrx_word' id='word_1_368' title='bbox 2768 873 3059 943; x_wconf 85' lang='lat' dir='ltr'><strong>imperium</strong></span> <span class='ocrx_word' id='word_1_369' title='bbox 3100 875 3444 930; x_wconf 82' lang='lat' dir='ltr'><strong>adolescenti</strong></span> <span class='ocrx_word' id='word_1_370' title='bbox 3491 878 3615 931; x_wconf 88' lang='lat' dir='ltr'><strong>sine</strong></span> 
     </span>
    </p>
   </div>
   <div class='ocr_carea' id='block_1_54' title="bbox 2035 960 3612 1034">
    <p class='ocr_par' dir='ltr' id='par_1_54' title="bbox 2035 960 3612 1034">
     <span class='ocr_line' id='line_1_54' title="bbox 2035 960 3612 1034; baseline 0.002 -20"><span class='ocrx_word' id='word_1_371' title='bbox 2035 960 2306 1028; x_wconf 84' lang='lat' dir='ltr'><strong>sanguine</strong></span> <span class='ocrx_word' id='word_1_372' title='bbox 2361 960 2644 1025; x_wconf 75' lang='lat' dir='ltr'><strong>restituit,</strong></span> <span class='ocrx_word' id='word_1_373' title='bbox 2693 970 2746 1017; x_wconf 91' lang='lat' dir='ltr'><strong>et</strong></span> <span class='ocrx_word' id='word_1_374' title='bbox 2798 973 3088 1034; x_wconf 88' lang='lat' dir='ltr'><strong>tyrannum</strong></span> <span class='ocrx_word' id='word_1_375' title='bbox 3138 965 3438 1019; x_wconf 88' lang='lat' dir='ltr'><strong>interemit.</strong></span> <span class='ocrx_word' id='word_1_376' title='bbox 3478 964 3612 1021; x_wconf 80' lang='lat' dir='ltr'><strong>Rem</strong></span> 
     </span>
    </p>
   </div>
   <div class='ocr_carea' id='block_1_55' title="bbox 2034 1050 3613 1128">
    <p class='ocr_par' dir='ltr' id='par_1_55' title="bbox 2034 1050 3613 1128">
     <span class='ocr_line' id='line_1_55' title="bbox 2034 1050 3613 1128; baseline 0.006 -25"><span class='ocrx_word' id='word_1_377' title='bbox 2034 1050 2240 1119; x_wconf 80' lang='lat' dir='ltr'><strong>quippe</strong></span> <span class='ocrx_word' id='word_1_378' title='bbox 2291 1050 2555 1120; x_wconf 80' lang='lat' dir='ltr'><strong>injustam</strong></span> <span class='ocrx_word' id='word_1_379' title='bbox 2606 1068 2664 1107; x_wconf 91' lang='lat' dir='ltr'><strong>se</strong></span> <span class='ocrx_word' id='word_1_380' title='bbox 2712 1053 2983 1109; x_wconf 81' lang='lat' dir='ltr'><strong>facturum</strong></span> <span class='ocrx_word' id='word_1_381' title='bbox 3037 1057 3292 1127; x_wconf 75' lang='lat' dir='ltr'><strong>putarit,</strong></span> <span class='ocrx_word' id='word_1_382' title='bbox 3350 1067 3404 1113; x_wconf 88' lang='lat' dir='ltr'><strong>et</strong></span> <span class='ocrx_word' id='word_1_383' title='bbox 3455 1071 3613 1128; x_wconf 86' lang='lat' dir='ltr'><strong>pacta</strong></span> 
     </span>
    </p>
   </div>
   <div class='ocr_carea' id='block_1_56' title="bbox 2035 1138 3614 1218">
    <p class='ocr_par' dir='ltr' id='par_1_56' title="bbox 2035 1138 3614 1218">
     <span class='ocr_line' id='line_1_56' title="bbox 2035 1138 3614 1218; baseline 0.005 -25"><span class='ocrx_word' id='word_1_384' title='bbox 2035 1154 2159 1193; x_wconf 90' lang='lat' dir='ltr'><strong>cum</strong></span> <span class='ocrx_word' id='word_1_385' title='bbox 2194 1138 2458 1195; x_wconf 89' lang='lat' dir='ltr'><strong>Gratiano</strong></span> <span class='ocrx_word' id='word_1_386' title='bbox 2507 1141 2718 1197; x_wconf 70' lang='lat' dir='ltr'><strong>fmdera</strong></span> <span class='ocrx_word' id='word_1_387' title='bbox 2767 1145 3099 1200; x_wconf 88' lang='lat' dir='ltr'><strong>violaturum</strong></span> <span class='ocrx_word' id='word_1_388' title='bbox 3131 1188 3145 1215; x_wconf 88' lang='lat'><strong>,</strong></span> <span class='ocrx_word' id='word_1_389' title='bbox 3182 1148 3286 1203; x_wconf 87' lang='lat' dir='ltr'><strong>nisi</strong></span> <span class='ocrx_word' id='word_1_390' title='bbox 3319 1163 3514 1218; x_wconf 67' lang='lat' dir='ltr'><strong>poenas</strong></span> <span class='ocrx_word' id='word_1_391' title='bbox 3547 1151 3614 1201; x_wconf 84' lang='lat' dir='ltr'><strong>ab</strong></span> 
     </span>
    </p>
   </div>
   <div class='ocr_carea' id='block_1_57' title="bbox 2036 1232 2858 1305">
    <p class='ocr_par' dir='ltr' id='par_1_57' title="bbox 2036 1232 2858 1305">
     <span class='ocr_line' id='line_1_57' title="bbox 2036 1232 2858 1305; baseline 0.006 -20"><span class='ocrx_word' id='word_1_392' title='bbox 2036 1232 2104 1287; x_wconf 89' lang='lat' dir='ltr'><strong>iis</strong></span> <span class='ocrx_word' id='word_1_393' title='bbox 2136 1241 2411 1304; x_wconf 83' lang='lat' dir='ltr'><strong>repeteret</strong></span> <span class='ocrx_word' id='word_1_394' title='bbox 2441 1236 2535 1305; x_wconf 87' lang='lat' dir='ltr'><strong>qui</strong></span> <span class='ocrx_word' id='word_1_395' title='bbox 2575 1246 2858 1291; x_wconf 85' lang='lat' dir='ltr'><strong>necaraut.</strong></span> 
     </span>
    </p>
   </div>
   <div class='ocr_carea' id='block_1_58' title="bbox 2215 1547 3413 1632">
    <p class='ocr_par' dir='ltr' id='par_1_58' title="bbox 2215 1547 3413 1632">
     <span class='ocr_line' id='line_1_58' title="bbox 2215 1547 3413 1632; baseline 0.002 -21"><span class='ocrx_word' id='word_1_396' title='bbox 2215 1547 2431 1626; x_wconf 64' lang='lat' dir='ltr'><strong>10M</strong></span> <span class='ocrx_word' id='word_1_397' title='bbox 2464 1553 2614 1609; x_wconf 68' lang='lat' dir='ltr'><strong>car.</strong></span> <span class='ocrx_word' id='word_1_398' title='bbox 2654 1553 2790 1608; x_wconf 73' lang='lat' dir='ltr'><strong>xw.</strong></span> <span class='ocrx_word' id='word_1_399' title='bbox 2821 1553 2912 1625; x_wconf 65' lang='lat' dir='ltr'><strong>In.</strong></span> <span class='ocrx_word' id='word_1_400' title='bbox 2945 1554 3029 1610; x_wconf 88' lang='lat' dir='ltr'><strong>St.</strong></span> <span class='ocrx_word' id='word_1_401' title='bbox 3063 1553 3129 1609; x_wconf 89' lang='lat' dir='ltr'><strong>v.</strong></span> <span class='ocrx_word' id='word_1_402' title='bbox 3160 1555 3262 1611; x_wconf 84' lang='lat' dir='ltr'><strong>Ch.</strong></span> <span class='ocrx_word' id='word_1_403' title='bbox 3298 1555 3413 1632; x_wconf 73' lang='lat' dir='ltr'><strong>te.)</strong></span> 
     </span>
    </p>
   </div>
   <div class='ocr_carea' id='block_1_59' title="bbox 2317 1646 3331 1720">
    <p class='ocr_par' dir='ltr' id='par_1_59' title="bbox 2317 1646 3331 1720">
     <span class='ocr_line' id='line_1_59' title="bbox 2317 1646 3331 1720; baseline 0.008 -22"><span class='ocrx_word' id='word_1_404' title='bbox 2317 1646 2395 1700; x_wconf 78' lang='lat' dir='ltr'><strong>De</strong></span> <span class='ocrx_word' id='word_1_405' title='bbox 2433 1648 2800 1716; x_wconf 81' lang='lat' dir='ltr'><strong>Amphilochia</strong></span> <span class='ocrx_word' id='word_1_406' title='bbox 2848 1647 3021 1703; x_wconf 80' lang='lat' dir='ltr'><strong>Iconii</strong></span> <span class='ocrx_word' id='word_1_407' title='bbox 3068 1652 3331 1720; x_wconf 81' lang='lat' dir='ltr'><strong>episcopo.</strong></span> 
     </span>
    </p>
   </div>
   <div class='ocr_carea' id='block_1_60' title="bbox 2105 1740 3615 1816">
    <p class='ocr_par' dir='ltr' id='par_1_60' title="bbox 2105 1740 3615 1816">
     <span class='ocr_line' id='line_1_60' title="bbox 2105 1740 3615 1816; baseline 0.005 -21"><span class='ocrx_word' id='word_1_408' title='bbox 2105 1740 2264 1795; x_wconf 92' lang='lat' dir='ltr'><strong>Illinc</strong></span> <span class='ocrx_word' id='word_1_409' title='bbox 2295 1757 2552 1797; x_wconf 82' lang='lat' dir='ltr'><strong>reversus</strong></span> <span class='ocrx_word' id='word_1_410' title='bbox 2579 1760 2706 1796; x_wconf 84' lang='lat' dir='ltr'><strong>eum</strong></span> <span class='ocrx_word' id='word_1_411' title='bbox 2736 1751 2906 1811; x_wconf 87' lang='lat' dir='ltr'><strong>esset,</strong></span> <span class='ocrx_word' id='word_1_412' title='bbox 2934 1746 3172 1801; x_wconf 89' lang='lat' dir='ltr'><strong>accessit</strong></span> <span class='ocrx_word' id='word_1_413' title='bbox 3192 1746 3615 1816; x_wconf 80' lang='lat' dir='ltr'><strong>Amphilochius</strong></span> 
     </span>
    </p>
   </div>
   <div class='ocr_carea' id='block_1_61' title="bbox 1963 1832 3612 1925">
    <p class='ocr_par' dir='ltr' id='par_1_61' title="bbox 1963 1832 3612 1925">
     <span class='ocr_line' id='line_1_61' title="bbox 1963 1832 3612 1925; baseline 0.004 -38"><span class='ocrx_word' id='word_1_414' title='bbox 1963 1867 2002 1925; x_wconf 71' lang='grc' dir='ltr'><strong>Β</strong></span> <span class='ocrx_word' id='word_1_415' title='bbox 2032 1833 2124 1887; x_wconf 91' lang='lat' dir='ltr'><strong>ille</strong></span> <span class='ocrx_word' id='word_1_416' title='bbox 2148 1832 2509 1898; x_wconf 80' lang='lat' dir='ltr'><strong>admirabilis,</strong></span> <span class='ocrx_word' id='word_1_417' title='bbox 2542 1832 2701 1904; x_wconf 85' lang='lat' dir='ltr'><strong>cujus</strong></span> <span class='ocrx_word' id='word_1_418' title='bbox 2735 1850 2763 1888; x_wconf 93' lang='lat' dir='ltr'><strong>a</strong></span> <span class='ocrx_word' id='word_1_419' title='bbox 2789 1850 2874 1889; x_wconf 92' lang='lat' dir='ltr'><strong>me</strong></span> <span class='ocrx_word' id='word_1_420' title='bbox 2906 1852 3049 1906; x_wconf 64' lang='lat' dir='ltr'><strong>saepe</strong></span> <span class='ocrx_word' id='word_1_421' title='bbox 3082 1832 3225 1890; x_wconf 80' lang='lat' dir='ltr'><strong>facta</strong></span> <span class='ocrx_word' id='word_1_422' title='bbox 3245 1847 3331 1892; x_wconf 91' lang='lat' dir='ltr'><strong>est</strong></span> <span class='ocrx_word' id='word_1_423' title='bbox 3364 1839 3571 1893; x_wconf 88' lang='lat' dir='ltr'><strong>mentio</strong></span> <span class='ocrx_word' id='word_1_424' title='bbox 3595 1879 3612 1903; x_wconf 95' lang='lat'><strong>,</strong></span> 
     </span>
    </p>
   </div>
   <div class='ocr_carea' id='block_1_62' title="bbox 2032 1922 3615 1993">
    <p class='ocr_par' dir='ltr' id='par_1_62' title="bbox 2032 1922 3615 1993">
     <span class='ocr_line' id='line_1_62' title="bbox 2032 1922 3615 1993; baseline 0.002 -16"><span class='ocrx_word' id='word_1_425' title='bbox 2032 1938 2223 1993; x_wconf 89' lang='lat' dir='ltr'><strong>preces</strong></span> <span class='ocrx_word' id='word_1_426' title='bbox 2252 1922 2523 1986; x_wconf 80' lang='lat' dir='ltr'><strong>oﬁ‘erens,</strong></span> <span class='ocrx_word' id='word_1_427' title='bbox 2571 1933 2629 1976; x_wconf 93' lang='lat' dir='ltr'><strong>ut</strong></span> <span class='ocrx_word' id='word_1_428' title='bbox 2659 1925 2995 1979; x_wconf 81' lang='lat' dir='ltr'><strong>Arianorum</strong></span> <span class='ocrx_word' id='word_1_429' title='bbox 3028 1937 3335 1982; x_wconf 86' lang='lat' dir='ltr'><strong>conventus</strong></span> <span class='ocrx_word' id='word_1_430' title='bbox 3388 1942 3456 1982; x_wconf 83' lang='lat' dir='ltr'><strong>ex</strong></span> <span class='ocrx_word' id='word_1_431' title='bbox 3517 1943 3615 1983; x_wconf 87' lang='lat' dir='ltr'><strong>ur-</strong></span> 
     </span>
    </p>
   </div>
   <div class='ocr_carea' id='block_1_63' title="bbox 2032 2015 3615 2089">
    <p class='ocr_par' dir='ltr' id='par_1_63' title="bbox 2032 2015 3615 2089">
     <span class='ocr_line' id='line_1_63' title="bbox 2032 2015 3615 2089; baseline 0.001 -18"><span class='ocrx_word' id='word_1_432' title='bbox 2032 2016 2193 2071; x_wconf 85' lang='lat' dir='ltr'><strong>bibus</strong></span> <span class='ocrx_word' id='word_1_433' title='bbox 2223 2016 2582 2085; x_wconf 82' lang='lat' dir='ltr'><strong>pellerentur.</strong></span> <span class='ocrx_word' id='word_1_434' title='bbox 2623 2015 2797 2082; x_wconf 80' lang='lat' dir='ltr'><strong>Quam</strong></span> <span class='ocrx_word' id='word_1_435' title='bbox 2838 2018 2962 2085; x_wconf 83' lang='lat' dir='ltr'><strong>ejus</strong></span> <span class='ocrx_word' id='word_1_436' title='bbox 3006 2017 3331 2087; x_wconf 85' lang='lat' dir='ltr'><strong>petitionem</strong></span> <span class='ocrx_word' id='word_1_437' title='bbox 3377 2018 3615 2089; x_wconf 88' lang='lat' dir='ltr'><strong>impera-</strong></span> 
     </span>
    </p>
   </div>
   <div class='ocr_carea' id='block_1_64' title="bbox 2034 2108 3617 2177">
    <p class='ocr_par' dir='ltr' id='par_1_64' title="bbox 2034 2108 3617 2177">
     <span class='ocr_line' id='line_1_64' title="bbox 2034 2108 3617 2177; baseline 0.001 -15"><span class='ocrx_word' id='word_1_438' title='bbox 2034 2116 2138 2176; x_wconf 90' lang='lat' dir='ltr'><strong>tor,</strong></span> <span class='ocrx_word' id='word_1_439' title='bbox 2173 2108 2320 2177; x_wconf 85' lang='lat' dir='ltr'><strong>quod</strong></span> <span class='ocrx_word' id='word_1_440' title='bbox 2371 2108 2535 2163; x_wconf 89' lang='lat' dir='ltr'><strong>nimis</strong></span> <span class='ocrx_word' id='word_1_441' title='bbox 2564 2109 2759 2163; x_wconf 88' lang='lat' dir='ltr'><strong>duram</strong></span> <span class='ocrx_word' id='word_1_442' title='bbox 2793 2110 3078 2175; x_wconf 89' lang='lat' dir='ltr'><strong>crederet,</strong></span> <span class='ocrx_word' id='word_1_443' title='bbox 3120 2125 3230 2164; x_wconf 90' lang='lat' dir='ltr'><strong>non</strong></span> <span class='ocrx_word' id='word_1_444' title='bbox 3262 2109 3505 2166; x_wconf 84' lang='lat' dir='ltr'><strong>admisit.</strong></span> <span class='ocrx_word' id='word_1_445' title='bbox 3542 2109 3617 2164; x_wconf 85' lang='lat' dir='ltr'><strong>At</strong></span> 
     </span>
    </p>
   </div>
   <div class='ocr_carea' id='block_1_65' title="bbox 2033 2198 3617 2268">
    <p class='ocr_par' dir='ltr' id='par_1_65' title="bbox 2033 2198 3617 2268">
     <span class='ocr_line' id='line_1_65' title="bbox 2033 2198 3617 2268; baseline 0.003 -16"><span class='ocrx_word' id='word_1_446' title='bbox 2033 2198 2488 2268; x_wconf 82' lang='lat' dir='ltr'><strong>sapientissimus</strong></span> <span class='ocrx_word' id='word_1_447' title='bbox 2548 2199 2970 2268; x_wconf 80' lang='lat' dir='ltr'><strong>Amphilochius</strong></span> <span class='ocrx_word' id='word_1_448' title='bbox 3034 2208 3167 2256; x_wconf 92' lang='lat' dir='ltr'><strong>tunc</strong></span> <span class='ocrx_word' id='word_1_449' title='bbox 3222 2200 3617 2256; x_wconf 86' lang='lat' dir='ltr'><strong>obmutescens</strong></span> 
     </span>
    </p>
   </div>
   <div class='ocr_carea' id='block_1_66' title="bbox 2033 2289 3619 2364">
    <p class='ocr_par' dir='ltr' id='par_1_66' title="bbox 2033 2289 3619 2364">
     <span class='ocr_line' id='line_1_66' title="bbox 2033 2289 3619 2364; baseline 0.003 -22"><span class='ocrx_word' id='word_1_450' title='bbox 2033 2295 2208 2343; x_wconf 85' lang='lat' dir='ltr'><strong>artem</strong></span> <span class='ocrx_word' id='word_1_451' title='bbox 2243 2289 2579 2357; x_wconf 79' lang='lat' dir='ltr'><strong>excogitavit</strong></span> <span class='ocrx_word' id='word_1_452' title='bbox 2611 2291 3054 2345; x_wconf 82' lang='lat' dir='ltr'><strong>memorabilem.</strong></span> <span class='ocrx_word' id='word_1_453' title='bbox 3090 2291 3293 2347; x_wconf 86' lang='lat' dir='ltr'><strong>lterum</strong></span> <span class='ocrx_word' id='word_1_454' title='bbox 3338 2294 3486 2348; x_wconf 91' lang='lat' dir='ltr'><strong>enim</strong></span> <span class='ocrx_word' id='word_1_455' title='bbox 3518 2308 3619 2364; x_wconf 87' lang='lat' dir='ltr'><strong>pa-</strong></span> 
     </span>
    </p>
   </div>
   <div class='ocr_carea' id='block_1_67' title="bbox 2034 2375 3617 2455">
    <p class='ocr_par' dir='ltr' id='par_1_67' title="bbox 2034 2375 3617 2455">
     <span class='ocr_line' id='line_1_67' title="bbox 2034 2375 3617 2455; baseline 0.003 -19"><span class='ocrx_word' id='word_1_456' title='bbox 2034 2381 2225 2436; x_wconf 77' lang='lat' dir='ltr'><strong>latium</strong></span> <span class='ocrx_word' id='word_1_457' title='bbox 2258 2383 2656 2452; x_wconf 82' lang='lat' dir='ltr'><strong>introgressus,</strong></span> <span class='ocrx_word' id='word_1_458' title='bbox 2688 2391 3073 2452; x_wconf 87' lang='lat' dir='ltr'><strong>astantemque</strong></span> <span class='ocrx_word' id='word_1_459' title='bbox 3103 2385 3452 2455; x_wconf 84' lang='lat' dir='ltr'><strong>imperatoris</strong></span> <span class='ocrx_word' id='word_1_460' title='bbox 3481 2375 3617 2441; x_wconf 72' lang='lat' dir='ltr'><strong>con-</strong></span> 
     </span>
    </p>
   </div>
   <div class='ocr_carea' id='block_1_68' title="bbox 2035 2467 3615 2547">
    <p class='ocr_par' dir='ltr' id='par_1_68' title="bbox 2035 2467 3615 2547">
     <span class='ocr_line' id='line_1_68' title="bbox 2035 2467 3615 2547; baseline 0.003 -20"><span class='ocrx_word' id='word_1_461' title='bbox 2035 2475 2281 2543; x_wconf 81' lang='lat' dir='ltr'><strong>spiratus</strong></span> <span class='ocrx_word' id='word_1_462' title='bbox 2317 2472 2491 2527; x_wconf 84' lang='lat' dir='ltr'><strong>ﬁlium</strong></span> <span class='ocrx_word' id='word_1_463' title='bbox 2537 2472 2872 2539; x_wconf 83' lang='lat' dir='ltr'><strong>Arcadium,</strong></span> <span class='ocrx_word' id='word_1_464' title='bbox 2931 2475 3023 2542; x_wconf 88' lang='lat' dir='ltr'><strong>qui</strong></span> <span class='ocrx_word' id='word_1_465' title='bbox 3080 2477 3360 2545; x_wconf 89' lang='lat' dir='ltr'><strong>particeps</strong></span> <span class='ocrx_word' id='word_1_466' title='bbox 3397 2467 3615 2547; x_wconf 79' lang='lat' dir='ltr'><strong>imperii</strong></span> 
     </span>
    </p>
   </div>
   <div class='ocr_carea' id='block_1_69' title="bbox 2034 2562 3618 2636">
    <p class='ocr_par' dir='ltr' id='par_1_69' title="bbox 2034 2562 3618 2636">
     <span class='ocr_line' id='line_1_69' title="bbox 2034 2562 3618 2636; baseline 0.002 -19"><span class='ocrx_word' id='word_1_467' title='bbox 2034 2565 2200 2634; x_wconf 89' lang='lat' dir='ltr'><strong>paulo</strong></span> <span class='ocrx_word' id='word_1_468' title='bbox 2225 2574 2357 2618; x_wconf 87' lang='lat' dir='ltr'><strong>ante</strong></span> <span class='ocrx_word' id='word_1_469' title='bbox 2406 2562 2590 2619; x_wconf 76' lang='lat' dir='ltr'><strong>fuerat</strong></span> <span class='ocrx_word' id='word_1_470' title='bbox 2633 2564 2960 2635; x_wconf 81' lang='lat' dir='ltr'><strong>designatus</strong></span> <span class='ocrx_word' id='word_1_471' title='bbox 2988 2607 3000 2626; x_wconf 87' lang='lat'><strong>,</strong></span> <span class='ocrx_word' id='word_1_472' title='bbox 3051 2567 3228 2635; x_wconf 80' lang='lat' dir='ltr'><strong>ipsum</strong></span> <span class='ocrx_word' id='word_1_473' title='bbox 3260 2568 3476 2636; x_wconf 87' lang='lat' dir='ltr'><strong>quidem</strong></span> <span class='ocrx_word' id='word_1_474' title='bbox 3512 2569 3618 2621; x_wconf 86' lang='lat' dir='ltr'><strong>im-</strong></span> 
     </span>
    </p>
   </div>
   <div class='ocr_carea' id='block_1_70' title="bbox 2036 2654 3618 2725">
    <p class='ocr_par' dir='ltr' id='par_1_70' title="bbox 2036 2654 3618 2725">
     <span class='ocr_line' id='line_1_70' title="bbox 2036 2654 3618 2725; baseline 0.004 -17"><span class='ocrx_word' id='word_1_475' title='bbox 2036 2663 2350 2725; x_wconf 87' lang='lat' dir='ltr'><strong>peratorem</strong></span> <span class='ocrx_word' id='word_1_476' title='bbox 2403 2654 2472 2709; x_wconf 86' lang='lat' dir='ltr'><strong>de.</strong></span> <span class='ocrx_word' id='word_1_477' title='bbox 2508 2671 2660 2709; x_wconf 89' lang='lat' dir='ltr'><strong>more</strong></span> <span class='ocrx_word' id='word_1_478' title='bbox 2710 2657 3003 2721; x_wconf 82' lang='lat' dir='ltr'><strong>salutavit,</strong></span> <span class='ocrx_word' id='word_1_479' title='bbox 3066 2656 3161 2710; x_wconf 86' lang='lat' dir='ltr'><strong>sed</strong></span> <span class='ocrx_word' id='word_1_480' title='bbox 3206 2657 3472 2712; x_wconf 85' lang='lat' dir='ltr'><strong>honorem</strong></span> <span class='ocrx_word' id='word_1_481' title='bbox 3505 2658 3618 2715; x_wconf 87' lang='lat' dir='ltr'><strong>ﬁlio</strong></span> 
     </span>
    </p>
   </div>
   <div class='ocr_carea' id='block_1_71' title="bbox 2037 2743 3616 2814">
    <p class='ocr_par' dir='ltr' id='par_1_71' title="bbox 2037 2743 3616 2814">
     <span class='ocr_line' id='line_1_71' title="bbox 2037 2743 3616 2814; baseline 0.004 -16"><span class='ocrx_word' id='word_1_482' title='bbox 2037 2745 2247 2798; x_wconf 88' lang='lat' dir='ltr'><strong>nullum</strong></span> <span class='ocrx_word' id='word_1_483' title='bbox 2278 2744 2557 2800; x_wconf 80' lang='lat' dir='ltr'><strong>exhibuit.</strong></span> <span class='ocrx_word' id='word_1_484' title='bbox 2607 2743 2929 2814; x_wconf 84' lang='lat' dir='ltr'><strong>Imperator,</strong></span> <span class='ocrx_word' id='word_1_485' title='bbox 2973 2746 3257 2803; x_wconf 84' lang='lat' dir='ltr'><strong>oblivione</strong></span> <span class='ocrx_word' id='word_1_486' title='bbox 3286 2749 3487 2804; x_wconf 78' lang='lat' dir='ltr'><strong>factum</strong></span> <span class='ocrx_word' id='word_1_487' title='bbox 3522 2766 3616 2804; x_wconf 84' lang='lat' dir='ltr'><strong>ra-</strong></span> 
     </span>
    </p>
   </div>
   <div class='ocr_carea' id='block_1_72' title="bbox 2034 2836 3614 2909">
    <p class='ocr_par' dir='ltr' id='par_1_72' title="bbox 2034 2836 3614 2909">
     <span class='ocr_line' id='line_1_72' title="bbox 2034 2836 3614 2909; baseline 0.004 -19"><span class='ocrx_word' id='word_1_488' title='bbox 2034 2844 2122 2891; x_wconf 89' lang='lat' dir='ltr'><strong>tus</strong></span> <span class='ocrx_word' id='word_1_489' title='bbox 2167 2838 2235 2891; x_wconf 90' lang='lat' dir='ltr'><strong>ab</strong></span> <span class='ocrx_word' id='word_1_490' title='bbox 2284 2836 2708 2907; x_wconf 71' lang='lat' dir='ltr'><strong>Amphilochia,</strong></span> <span class='ocrx_word' id='word_1_491' title='bbox 2759 2839 3029 2895; x_wconf 80' lang='lat' dir='ltr'><strong>accedere</strong></span> <span class='ocrx_word' id='word_1_492' title='bbox 3079 2840 3286 2909; x_wconf 87' lang='lat' dir='ltr'><strong>jussit,</strong></span> <span class='ocrx_word' id='word_1_493' title='bbox 3351 2851 3407 2897; x_wconf 92' lang='lat' dir='ltr'><strong>et</strong></span> <span class='ocrx_word' id='word_1_494' title='bbox 3445 2843 3614 2897; x_wconf 86' lang='lat' dir='ltr'><strong>ﬁlium</strong></span> 
     </span>
    </p>
   </div>
   <div class='ocr_carea' id='block_1_73' title="bbox 2034 2928 3614 3002">
    <p class='ocr_par' dir='ltr' id='par_1_73' title="bbox 2034 2928 3614 3002">
     <span class='ocr_line' id='line_1_73' title="bbox 2034 2928 3614 3002; baseline 0.004 -21"><span class='ocrx_word' id='word_1_495' title='bbox 2034 2928 2297 2982; x_wconf 89' lang='lat' dir='ltr'><strong>osculari.</strong></span> <span class='ocrx_word' id='word_1_496' title='bbox 2328 2928 2432 2983; x_wconf 80' lang='lat' dir='ltr'><strong>Cui</strong></span> <span class='ocrx_word' id='word_1_497' title='bbox 2465 2929 2556 2982; x_wconf 87' lang='lat' dir='ltr'><strong>ille</strong></span> <span class='ocrx_word' id='word_1_498' title='bbox 2599 2929 2737 2983; x_wconf 87' lang='lat' dir='ltr'><strong>satis</strong></span> <span class='ocrx_word' id='word_1_499' title='bbox 2768 2944 2891 2984; x_wconf 88' lang='lat' dir='ltr'><strong>esse</strong></span> <span class='ocrx_word' id='word_1_500' title='bbox 2946 2930 3270 3000; x_wconf 86' lang='lat' dir='ltr'><strong>respondit,</strong></span> <span class='ocrx_word' id='word_1_501' title='bbox 3321 2933 3469 3001; x_wconf 88' lang='lat' dir='ltr'><strong>quod</strong></span> <span class='ocrx_word' id='word_1_502' title='bbox 3512 2933 3614 3002; x_wconf 86' lang='lat' dir='ltr'><strong>ipsi</strong></span> 
     </span>
    </p>
   </div>
   <div class='ocr_carea' id='block_1_74' title="bbox 2035 3017 3613 3092">
    <p class='ocr_par' dir='ltr' id='par_1_74' title="bbox 2035 3017 3613 3092">
     <span class='ocr_line' id='line_1_74' title="bbox 2035 3017 3613 3092; baseline 0.005 -22"><span class='ocrx_word' id='word_1_503' title='bbox 2035 3017 2302 3072; x_wconf 90' lang='lat' dir='ltr'><strong>honorem</strong></span> <span class='ocrx_word' id='word_1_504' title='bbox 2330 3017 2602 3071; x_wconf 81' lang='lat' dir='ltr'><strong>habuerit.</strong></span> <span class='ocrx_word' id='word_1_505' title='bbox 2630 3017 2785 3084; x_wconf 85' lang='lat' dir='ltr'><strong>Quod</strong></span> <span class='ocrx_word' id='word_1_506' title='bbox 2821 3019 3044 3089; x_wconf 83' lang='lat' dir='ltr'><strong>indigne</strong></span> <span class='ocrx_word' id='word_1_507' title='bbox 3074 3020 3259 3076; x_wconf 85' lang='lat' dir='ltr'><strong>ferens</strong></span> <span class='ocrx_word' id='word_1_508' title='bbox 3289 3024 3613 3092; x_wconf 86' lang='lat' dir='ltr'><strong>imperator,</strong></span> 
     </span>
    </p>
   </div>
   <div class='ocr_carea' id='block_1_75' title="bbox 2035 3108 3617 3184">
    <p class='ocr_par' dir='ltr' id='par_1_75' title="bbox 2035 3108 3617 3184">
     <span class='ocr_line' id='line_1_75' title="bbox 2035 3108 3617 3184; baseline 0.004 -21"><span class='ocrx_word' id='word_1_509' title='bbox 2035 3108 2132 3163; x_wconf 90' lang='lat' dir='ltr'><strong>ﬁlii</strong></span> <span class='ocrx_word' id='word_1_510' title='bbox 2168 3110 2487 3179; x_wconf 82' lang='lat' dir='ltr'><strong>despectum</strong></span> <span class='ocrx_word' id='word_1_511' title='bbox 2533 3109 2735 3165; x_wconf 79' lang='lat' dir='ltr'><strong>factam</strong></span> <span class='ocrx_word' id='word_1_512' title='bbox 2767 3111 2871 3166; x_wconf 89' lang='lat' dir='ltr'><strong>sibi</strong></span> <span class='ocrx_word' id='word_1_513' title='bbox 2908 3112 3168 3181; x_wconf 84' lang='lat' dir='ltr'><strong>injuriam</strong></span> <span class='ocrx_word' id='word_1_514' title='bbox 3205 3115 3617 3184; x_wconf 78' lang='lat' dir='ltr'><strong>interpretaba-</strong></span> 
     </span>
    </p>
   </div>
   <div class='ocr_carea' id='block_1_76' title="bbox 1962 3200 3616 3276">
    <p class='ocr_par' dir='ltr' id='par_1_76' title="bbox 1962 3200 3616 3276">
     <span class='ocr_line' id='line_1_76' title="bbox 1962 3200 3616 3276; baseline 0.007 -23"><span class='ocrx_word' id='word_1_515' title='bbox 1962 3215 2004 3275; x_wconf 72' lang='grc' dir='ltr'><em>ε</em></span> <span class='ocrx_word' id='word_1_516' title='bbox 2036 3208 2146 3255; x_wconf 90' lang='lat' dir='ltr'><strong>tur.</strong></span> <span class='ocrx_word' id='word_1_517' title='bbox 2214 3200 2353 3255; x_wconf 87' lang='lat' dir='ltr'><strong>Tum</strong></span> <span class='ocrx_word' id='word_1_518' title='bbox 2408 3203 2626 3256; x_wconf 87' lang='lat' dir='ltr'><strong>demum</strong></span> <span class='ocrx_word' id='word_1_519' title='bbox 2688 3203 3141 3272; x_wconf 79' lang='lat' dir='ltr'><strong>sapientissimus</strong></span> <span class='ocrx_word' id='word_1_520' title='bbox 3196 3204 3616 3276; x_wconf 77' lang='lat' dir='ltr'><strong>Amphilochius</strong></span> 
     </span>
    </p>
   </div>
   <div class='ocr_carea' id='block_1_77' title="bbox 2041 3293 3616 3362">
    <p class='ocr_par' dir='ltr' id='par_1_77' title="bbox 2041 3293 3616 3362">
     <span class='ocr_line' id='line_1_77' title="bbox 2041 3293 3616 3362; baseline 0.005 -15"><span class='ocrx_word' id='word_1_521' title='bbox 2041 3293 2169 3347; x_wconf 82' lang='lat' dir='ltr'><strong>facti</strong></span> <span class='ocrx_word' id='word_1_522' title='bbox 2227 3294 2313 3348; x_wconf 88' lang='lat' dir='ltr'><strong>sui</strong></span> <span class='ocrx_word' id='word_1_523' title='bbox 2353 3295 2648 3348; x_wconf 88' lang='lat' dir='ltr'><strong>c0nsilium</strong></span> <span class='ocrx_word' id='word_1_524' title='bbox 2706 3296 3007 3362; x_wconf 79' lang='lat' dir='ltr'><strong>reseravit,</strong></span> <span class='ocrx_word' id='word_1_525' title='bbox 3056 3305 3112 3352; x_wconf 87' lang='lat' dir='ltr'><strong>et</strong></span> <span class='ocrx_word' id='word_1_526' title='bbox 3149 3311 3335 3352; x_wconf 81' lang='lat' dir='ltr'><strong>vocem</strong></span> <span class='ocrx_word' id='word_1_527' title='bbox 3383 3309 3616 3355; x_wconf 88' lang='lat' dir='ltr'><strong>conten-</strong></span> 
     </span>
    </p>
   </div>
   <div class='ocr_carea' id='block_1_78' title="bbox 2035 3376 3613 3457">
    <p class='ocr_par' dir='ltr' id='par_1_78' title="bbox 2035 3376 3613 3457">
     <span class='ocr_line' id='line_1_78' title="bbox 2035 3376 3613 3457; baseline 0.004 -20"><span class='ocrx_word' id='word_1_528' title='bbox 2035 3382 2173 3439; x_wconf 83' lang='lat' dir='ltr'><strong>dens</strong></span> <span class='ocrx_word' id='word_1_529' title='bbox 2221 3403 2232 3439; x_wconf 94' lang='lat'>:</span> <span class='ocrx_word' id='word_1_530' title='bbox 2285 3404 2301 3433; x_wconf 80' lang='grc' dir='ltr'><strong>ι</strong></span> <span class='ocrx_word' id='word_1_531' title='bbox 2363 3376 2575 3448; x_wconf 70' lang='lat' dir='ltr'><strong>Vides,</strong></span> <span class='ocrx_word' id='word_1_532' title='bbox 2631 3385 2845 3454; x_wconf 78' lang='lat' dir='ltr'><strong>inquit,</strong></span> <span class='ocrx_word' id='word_1_533' title='bbox 2905 3387 3227 3457; x_wconf 83' lang='lat' dir='ltr'><strong>imperator,</strong></span> <span class='ocrx_word' id='word_1_534' title='bbox 3281 3398 3337 3444; x_wconf 86' lang='lat' dir='ltr'><strong>ut</strong></span> <span class='ocrx_word' id='word_1_535' title='bbox 3390 3389 3481 3443; x_wconf 89' lang='lat' dir='ltr'><strong>ﬁlii</strong></span> <span class='ocrx_word' id='word_1_536' title='bbox 3535 3390 3613 3451; x_wconf 86' lang='lat' dir='ltr'><strong>tui</strong></span> 
     </span>
    </p>
   </div>
   <div class='ocr_carea' id='block_1_79' title="bbox 2036 3475 3619 3543">
    <p class='ocr_par' dir='ltr' id='par_1_79' title="bbox 2036 3475 3619 3543">
     <span class='ocr_line' id='line_1_79' title="bbox 2036 3475 3619 3543; baseline 0.006 -16"><span class='ocrx_word' id='word_1_537' title='bbox 2036 3475 2394 3543; x_wconf 82' lang='lat' dir='ltr'><strong>ignominiam</strong></span> <span class='ocrx_word' id='word_1_538' title='bbox 2440 3477 2665 3529; x_wconf 89' lang='lat' dir='ltr'><strong>minime</strong></span> <span class='ocrx_word' id='word_1_539' title='bbox 2700 3475 2885 3541; x_wconf 73' lang='lat' dir='ltr'><strong>feras,</strong></span> <span class='ocrx_word' id='word_1_540' title='bbox 2936 3479 3030 3532; x_wconf 88' lang='lat' dir='ltr'><strong>sed</strong></span> <span class='ocrx_word' id='word_1_541' title='bbox 3075 3480 3127 3532; x_wconf 85' lang='lat' dir='ltr'><strong>in</strong></span> <span class='ocrx_word' id='word_1_542' title='bbox 3161 3494 3285 3533; x_wconf 87' lang='lat' dir='ltr'><strong>eum</strong></span> <span class='ocrx_word' id='word_1_543' title='bbox 3332 3492 3619 3536; x_wconf 88' lang='lat' dir='ltr'><strong>contume-</strong></span> 
     </span>
    </p>
   </div>
   <div class='ocr_carea' id='block_1_80' title="bbox 2034 3565 3621 3639">
    <p class='ocr_par' dir='ltr' id='par_1_80' title="bbox 2034 3565 3621 3639">
     <span class='ocr_line' id='line_1_80' title="bbox 2034 3565 3621 3639; baseline 0.004 -20"><span class='ocrx_word' id='word_1_544' title='bbox 2034 3565 2190 3620; x_wconf 85' lang='lat' dir='ltr'><strong>liosis</strong></span> <span class='ocrx_word' id='word_1_545' title='bbox 2218 3567 2459 3633; x_wconf 80' lang='lat' dir='ltr'><strong>graviter</strong></span> <span class='ocrx_word' id='word_1_546' title='bbox 2496 3582 2851 3622; x_wconf 79' lang='lat' dir='ltr'><strong>succenseas.</strong></span> <span class='ocrx_word' id='word_1_547' title='bbox 2902 3568 3076 3623; x_wconf 84' lang='lat' dir='ltr'><strong>Crede</strong></span> <span class='ocrx_word' id='word_1_548' title='bbox 3116 3569 3284 3639; x_wconf 79' lang='lat' dir='ltr'><strong>igitur</strong></span> <span class='ocrx_word' id='word_1_549' title='bbox 3333 3571 3621 3625; x_wconf 83' lang='lat' dir='ltr'><strong>universo-</strong></span> 
     </span>
    </p>
   </div>
   <div class='ocr_carea' id='block_1_81' title="bbox 2034 3653 3615 3729">
    <p class='ocr_par' dir='ltr' id='par_1_81' title="bbox 2034 3653 3615 3729">
     <span class='ocr_line' id='line_1_81' title="bbox 2034 3653 3615 3729; baseline 0.004 -22"><span class='ocrx_word' id='word_1_550' title='bbox 2034 3668 2155 3708; x_wconf 88' lang='lat' dir='ltr'><strong>rum</strong></span> <span class='ocrx_word' id='word_1_551' title='bbox 2183 3670 2404 3723; x_wconf 87' lang='lat' dir='ltr'><strong>quoque</strong></span> <span class='ocrx_word' id='word_1_552' title='bbox 2445 3653 2616 3709; x_wconf 88' lang='lat' dir='ltr'><strong>Deum</strong></span> <span class='ocrx_word' id='word_1_553' title='bbox 2658 3671 2755 3709; x_wconf 80' lang='lat' dir='ltr'><strong>eos</strong></span> <span class='ocrx_word' id='word_1_554' title='bbox 2792 3657 3099 3722; x_wconf 86' lang='lat' dir='ltr'><strong>detestari,</strong></span> <span class='ocrx_word' id='word_1_555' title='bbox 3143 3658 3235 3727; x_wconf 90' lang='lat' dir='ltr'><strong>qui</strong></span> <span class='ocrx_word' id='word_1_556' title='bbox 3273 3660 3615 3729; x_wconf 78' lang='lat' dir='ltr'><strong>unigenitum</strong></span> 
     </span>
    </p>
   </div>
   <div class='ocr_carea' id='block_1_82' title="bbox 2032 3742 3618 3816">
    <p class='ocr_par' dir='ltr' id='par_1_82' title="bbox 2032 3742 3618 3816">
     <span class='ocr_line' id='line_1_82' title="bbox 2032 3742 3618 3816; baseline 0.002 -20"><span class='ocrx_word' id='word_1_557' title='bbox 2032 3742 2153 3811; x_wconf 86' lang='lat' dir='ltr'><strong>ejus</strong></span> <span class='ocrx_word' id='word_1_558' title='bbox 2185 3742 2386 3797; x_wconf 88' lang='lat' dir='ltr'><strong>Filium</strong></span> <span class='ocrx_word' id='word_1_559' title='bbox 2419 3742 2835 3812; x_wconf 85' lang='lat' dir='ltr'><strong>hlasphemant,</strong></span> <span class='ocrx_word' id='word_1_560' title='bbox 2867 3752 2922 3799; x_wconf 91' lang='lat' dir='ltr'><strong>et</strong></span> <span class='ocrx_word' id='word_1_561' title='bbox 2958 3752 3218 3814; x_wconf 82' lang='lat' dir='ltr'><strong>tanquam</strong></span> <span class='ocrx_word' id='word_1_562' title='bbox 3246 3761 3377 3816; x_wconf 82' lang='lat' dir='ltr'><strong>erga</strong></span> <span class='ocrx_word' id='word_1_563' title='bbox 3414 3748 3618 3801; x_wconf 83' lang='lat' dir='ltr'><strong>Serva-</strong></span> 
     </span>
    </p>
   </div>
   <div class='ocr_carea' id='block_1_83' title="bbox 2032 3831 3613 3906">
    <p class='ocr_par' dir='ltr' id='par_1_83' title="bbox 2032 3831 3613 3906">
     <span class='ocr_line' id='line_1_83' title="bbox 2032 3831 3613 3906; baseline 0.004 -20"><span class='ocrx_word' id='word_1_564' title='bbox 2032 3842 2209 3887; x_wconf 85' lang='lat' dir='ltr'><strong>torem</strong></span> <span class='ocrx_word' id='word_1_565' title='bbox 2261 3831 2784 3904; x_wconf 81' lang='lat' dir='ltr'><strong>henefactoremque</strong></span> <span class='ocrx_word' id='word_1_566' title='bbox 2834 3851 2997 3891; x_wconf 86' lang='lat' dir='ltr'><strong>suum</strong></span> <span class='ocrx_word' id='word_1_567' title='bbox 3055 3837 3288 3906; x_wconf 78' lang='lat' dir='ltr'><strong>ingratis</strong></span> <span class='ocrx_word' id='word_1_568' title='bbox 3334 3837 3613 3893; x_wconf 82' lang='lat' dir='ltr'><strong>infensum</strong></span> 
     </span>
    </p>
   </div>
   <div class='ocr_carea' id='block_1_84' title="bbox 2031 3924 3616 3998">
    <p class='ocr_par' dir='ltr' id='par_1_84' title="bbox 2031 3924 3616 3998">
     <span class='ocr_line' id='line_1_84' title="bbox 2031 3924 3616 3998; baseline 0.003 -20"><span class='ocrx_word' id='word_1_569' title='bbox 2031 3939 2174 3979; x_wconf 85' lang='lat' dir='ltr'><strong>esse.</strong></span> <span class='ocrx_word' id='word_1_570' title='bbox 2205 3944 2223 3978; x_wconf 77' lang='grc' dir='ltr'><strong>ι</strong></span> <span class='ocrx_word' id='word_1_571' title='bbox 2282 3926 2360 3979; x_wconf 87' lang='lat' dir='ltr'><strong>lta</strong></span> <span class='ocrx_word' id='word_1_572' title='bbox 2390 3939 2501 3978; x_wconf 87' lang='lat' dir='ltr'><strong>rem</strong></span> <span class='ocrx_word' id='word_1_573' title='bbox 2558 3925 2871 3996; x_wconf 80' lang='lat' dir='ltr'><strong>intelligens</strong></span> <span class='ocrx_word' id='word_1_574' title='bbox 2917 3924 3239 3994; x_wconf 85' lang='lat' dir='ltr'><strong>imperator,</strong></span> <span class='ocrx_word' id='word_1_575' title='bbox 3273 3927 3505 3998; x_wconf 88' lang='lat' dir='ltr'><strong>ejusque</strong></span> <span class='ocrx_word' id='word_1_576' title='bbox 3560 3937 3616 3984; x_wconf 92' lang='lat' dir='ltr'><strong>et</strong></span> 
     </span>
    </p>
   </div>
   <div class='ocr_carea' id='block_1_85' title="bbox 2035 4012 3614 4086">
    <p class='ocr_par' dir='ltr' id='par_1_85' title="bbox 2035 4012 3614 4086">
     <span class='ocr_line' id='line_1_85' title="bbox 2035 4012 3614 4086; baseline 0.004 -18"><span class='ocrx_word' id='word_1_577' title='bbox 2035 4012 2180 4069; x_wconf 83' lang='lat' dir='ltr'><strong>facta</strong></span> <span class='ocrx_word' id='word_1_578' title='bbox 2217 4023 2271 4071; x_wconf 89' lang='lat' dir='ltr'><strong>et</strong></span> <span class='ocrx_word' id='word_1_579' title='bbox 2302 4015 2449 4069; x_wconf 86' lang='lat' dir='ltr'><strong>dicta</strong></span> <span class='ocrx_word' id='word_1_580' title='bbox 2482 4016 2689 4085; x_wconf 87' lang='lat' dir='ltr'><strong>pariter</strong></span> <span class='ocrx_word' id='word_1_581' title='bbox 2710 4016 3024 4078; x_wconf 81' lang='lat' dir='ltr'><strong>admirans,</strong></span> <span class='ocrx_word' id='word_1_582' title='bbox 3060 4018 3236 4086; x_wconf 79' lang='lat' dir='ltr'><strong>legem</strong></span> <span class='ocrx_word' id='word_1_583' title='bbox 3291 4036 3419 4073; x_wconf 81' lang='lat' dir='ltr'><strong>mox</strong></span> <span class='ocrx_word' id='word_1_584' title='bbox 3470 4022 3614 4075; x_wconf 77' lang='lat' dir='ltr'><strong>seri~</strong></span> 
     </span>
    </p>
   </div>
   <div class='ocr_carea' id='block_1_86' title="bbox 2037 4107 3613 4178">
    <p class='ocr_par' dir='ltr' id='par_1_86' title="bbox 2037 4107 3613 4178">
     <span class='ocr_line' id='line_1_86' title="bbox 2037 4107 3613 4178; baseline 0.003 -18"><span class='ocrx_word' id='word_1_585' title='bbox 2037 4107 2182 4176; x_wconf 87' lang='lat' dir='ltr'><strong>psit,</strong></span> <span class='ocrx_word' id='word_1_586' title='bbox 2210 4107 2736 4176; x_wconf 59' lang='lat' dir='ltr'><strong>qureha‘retieorutn</strong></span> <span class='ocrx_word' id='word_1_587' title='bbox 2768 4118 3072 4163; x_wconf 85' lang='lat' dir='ltr'><strong>conventus</strong></span> <span class='ocrx_word' id='word_1_588' title='bbox 3107 4109 3451 4178; x_wconf 88' lang='lat' dir='ltr'><strong>prohibebat.</strong></span> <span class='ocrx_word' id='word_1_589' title='bbox 3492 4111 3613 4165; x_wconf 65' lang='lat' dir='ltr'><strong>(1a:-</strong></span> 
     </span>
    </p>
   </div>
   <div class='ocr_carea' id='block_1_87' title="bbox 2037 4198 3618 4256">
    <p class='ocr_par' dir='ltr' id='par_1_87' title="bbox 2037 4198 3618 4256">
     <span class='ocr_line' id='line_1_87' title="bbox 2037 4198 3618 4256; baseline 0.003 -6"><span class='ocrx_word' id='word_1_590' title='bbox 2037 4205 2212 4253; x_wconf 86' lang='lat' dir='ltr'><strong>terum</strong></span> <span class='ocrx_word' id='word_1_591' title='bbox 2247 4200 2539 4253; x_wconf 58' lang='lat' dir='ltr'><strong>universas</strong></span> <span class='ocrx_word' id='word_1_592' title='bbox 2569 4198 2882 4254; x_wconf 85' lang='lat' dir='ltr'><strong>communis</strong></span> <span class='ocrx_word' id='word_1_593' title='bbox 2915 4200 3200 4255; x_wconf 88' lang='lat' dir='ltr'><strong>hominum</strong></span> <span class='ocrx_word' id='word_1_594' title='bbox 3229 4200 3407 4256; x_wconf 84' lang='lat' dir='ltr'><strong>hostis</strong></span> <span class='ocrx_word' id='word_1_595' title='bbox 3439 4201 3618 4255; x_wconf 87' lang='lat' dir='ltr'><strong>tendi-</strong></span> 
     </span>
    </p>
   </div>
   <div class='ocr_carea' id='block_1_88' title="bbox 2037 4288 3615 4363">
    <p class='ocr_par' dir='ltr' id='par_1_88' title="bbox 2037 4288 3615 4363">
     <span class='ocr_line' id='line_1_88' title="bbox 2037 4288 3615 4363; baseline 0.003 -19"><span class='ocrx_word' id='word_1_596' title='bbox 2037 4290 2195 4345; x_wconf 88' lang='lat' dir='ltr'><strong>culas</strong></span> <span class='ocrx_word' id='word_1_597' title='bbox 2258 4291 2437 4344; x_wconf 87' lang='lat' dir='ltr'><strong>vitare</strong></span> <span class='ocrx_word' id='word_1_598' title='bbox 2495 4288 2656 4345; x_wconf 76' lang='lat' dir='ltr'><strong>facile</strong></span> <span class='ocrx_word' id='word_1_599' title='bbox 2718 4307 2826 4344; x_wconf 91' lang='lat' dir='ltr'><strong>non</strong></span> <span class='ocrx_word' id='word_1_600' title='bbox 2884 4300 2987 4346; x_wconf 84' lang='lat' dir='ltr'><strong>est.</strong></span> <span class='ocrx_word' id='word_1_601' title='bbox 3054 4292 3214 4360; x_wconf 65' lang='lat' dir='ltr'><strong>Saepe</strong></span> <span class='ocrx_word' id='word_1_602' title='bbox 3275 4292 3456 4358; x_wconf 89' lang='lat' dir='ltr'><strong>enim,</strong></span> <span class='ocrx_word' id='word_1_603' title='bbox 3518 4294 3615 4363; x_wconf 88' lang='lat' dir='ltr'><strong>qui</strong></span> 
     </span>
    </p>
   </div>
   <div class='ocr_carea' id='block_1_89' title="bbox 2038 4369 3620 4455">
    <p class='ocr_par' dir='ltr' id='par_1_89' title="bbox 2038 4369 3620 4455">
     <span class='ocr_line' id='line_1_89' title="bbox 2038 4369 3620 4455; baseline 0.002 -19"><span class='ocrx_word' id='word_1_604' title='bbox 2038 4369 2459 4437; x_wconf 64' lang='lat' dir='ltr'><strong>incontinentiae</strong></span> <span class='ocrx_word' id='word_1_605' title='bbox 2494 4382 2750 4437; x_wconf 90' lang='lat' dir='ltr'><strong>morbum</strong></span> <span class='ocrx_word' id='word_1_606' title='bbox 2792 4384 3066 4450; x_wconf 89' lang='lat' dir='ltr'><strong>evaserit,</strong></span> <span class='ocrx_word' id='word_1_607' title='bbox 3107 4382 3320 4455; x_wconf 69' lang='lat' dir='ltr'><strong>1M5</strong></span> <span class='ocrx_word' id='word_1_608' title='bbox 3371 4385 3620 4440; x_wconf 78' lang='lat' dir='ltr'><strong>avaritiae</strong></span> 
     </span>
    </p>
   </div>
   <div class='ocr_carea' id='block_1_90' title="bbox 2040 4462 3614 4543">
    <p class='ocr_par' dir='ltr' id='par_1_90' title="bbox 2040 4462 3614 4543">
     <span class='ocr_line' id='line_1_90' title="bbox 2040 4462 3614 4543; baseline 0.003 -17"><span class='ocrx_word' id='word_1_609' title='bbox 2040 4474 2237 4543; x_wconf 87' lang='lat' dir='ltr'><strong>laqueo</strong></span> <span class='ocrx_word' id='word_1_610' title='bbox 2270 4473 2522 4527; x_wconf 82' lang='lat' dir='ltr'><strong>irretitur</strong></span> <span class='ocrx_word' id='word_1_611' title='bbox 2555 4492 2568 4526; x_wconf 89' lang='lat'><strong>:</strong></span> <span class='ocrx_word' id='word_1_612' title='bbox 2606 4482 2662 4527; x_wconf 90' lang='lat' dir='ltr'><strong>et</strong></span> <span class='ocrx_word' id='word_1_613' title='bbox 2692 4473 2737 4526; x_wconf 90' lang='lat' dir='ltr'><strong>si</strong></span> <span class='ocrx_word' id='word_1_614' title='bbox 2758 4462 2915 4527; x_wconf 86' lang='lat' dir='ltr'><strong>hunc</strong></span> <span class='ocrx_word' id='word_1_615' title='bbox 2962 4473 3126 4527; x_wconf 90' lang='lat' dir='ltr'><strong>etiam</strong></span> <span class='ocrx_word' id='word_1_616' title='bbox 3159 4475 3472 4542; x_wconf 85' lang='lat' dir='ltr'><strong>superarit,</strong></span> <span class='ocrx_word' id='word_1_617' title='bbox 3506 4476 3614 4530; x_wconf 86' lang='lat' dir='ltr'><strong>alia</strong></span> 
     </span>
    </p>
   </div>
   <div class='ocr_carea' id='block_1_91' title="bbox 349 4546 1930 4662">
    <p class='ocr_par' dir='ltr' id='par_1_91' title="bbox 349 4546 1930 4662">
     <span class='ocr_line' id='line_1_91' title="bbox 349 4546 1930 4662; baseline -0.012 -13"><span class='ocrx_word' id='word_1_618' title='bbox 349 4546 1084 4662; x_wconf 42' lang='lat' dir='ltr'><strong>atpoxsipsvev..l(iatd&amp;).)tat;</strong></span> <span class='ocrx_word' id='word_1_619' title='bbox 1116 4584 1173 4636; x_wconf 80' lang='grc' dir='ltr'><strong>δὲ</strong></span> <span class='ocrx_word' id='word_1_620' title='bbox 1208 4546 1414 4654; x_wconf 66' lang='grc' dir='ltr'>μυρίας</span> <span class='ocrx_word' id='word_1_621' title='bbox 1461 4582 1574 4643; x_wconf 87' lang='grc' dir='ltr'>τοῖς</span> <span class='ocrx_word' id='word_1_622' title='bbox 1624 4577 1930 4649; x_wconf 85' lang='grc' dir='ltr'>ἀνθρώποις</span> 
     </span>
    </p>
   </div>
   <div class='ocr_carea' id='block_1_92' title="bbox 2032 4546 3620 4662">
    <p class='ocr_par' dir='ltr' id='par_1_92' title="bbox 2039 4564 3620 4637">
     <span class='ocr_line' id='line_1_92' title="bbox 2039 4564 3620 4637; baseline -0.001 -16"><span class='ocrx_word' id='word_1_623' title='bbox 2039 4582 2102 4621; x_wconf 78' lang='lat' dir='ltr'><strong>ex</strong></span> <span class='ocrx_word' id='word_1_624' title='bbox 2126 4574 2279 4637; x_wconf 88' lang='lat' dir='ltr'><strong>parte</strong></span> <span class='ocrx_word' id='word_1_625' title='bbox 2318 4566 2538 4621; x_wconf 65' lang='lat' dir='ltr'><strong>invidie</strong></span> <span class='ocrx_word' id='word_1_626' title='bbox 2573 4565 2897 4620; x_wconf 86' lang='lat' dir='ltr'><strong>barathrum</strong></span> <span class='ocrx_word' id='word_1_627' title='bbox 2919 4565 3201 4632; x_wconf 88' lang='lat' dir='ltr'><strong>objicitur.</strong></span> <span class='ocrx_word' id='word_1_628' title='bbox 3224 4564 3385 4630; x_wconf 83' lang='lat' dir='ltr'><strong>Quod</strong></span> <span class='ocrx_word' id='word_1_629' title='bbox 3436 4566 3483 4620; x_wconf 90' lang='lat' dir='ltr'><strong>si</strong></span> <span class='ocrx_word' id='word_1_630' title='bbox 3514 4565 3620 4620; x_wconf 91' lang='lat' dir='ltr'><strong>hoe</strong></span> 
     </span>
    </p>
   </div>
   <div class='ocr_carea' id='block_1_93' title="bbox 348 4656 1930 4753">
    <p class='ocr_par' dir='ltr' id='par_1_93' title="bbox 348 4656 1930 4753">
     <span class='ocr_line' id='line_1_93' title="bbox 348 4656 1930 4753; baseline -0.009 -16"><span class='ocrx_word' id='word_1_631' title='bbox 348 4656 968 4753; x_wconf 43' lang='grc' dir='ltr'>τίθησίποδοστρὰϐας,</span> <span class='ocrx_word' id='word_1_632' title='bbox 1015 4675 1263 4745; x_wconf 85' lang='grc' dir='ltr'>ἀγρεύων</span> <span class='ocrx_word' id='word_1_633' title='bbox 1310 4675 1391 4748; x_wconf 79' lang='grc' dir='ltr'><strong>εἰς</strong></span> <span class='ocrx_word' id='word_1_634' title='bbox 1435 4672 1674 4742; x_wconf 75' lang='grc' dir='ltr'>ὄλεθρον.</span> <span class='ocrx_word' id='word_1_635' title='bbox 1725 4671 1834 4723; x_wconf 72' lang='grc' dir='ltr'>Καὶ</span> <span class='ocrx_word' id='word_1_636' title='bbox 1866 4668 1930 4723; x_wconf 80' lang='grc' dir='ltr'><strong>τά</strong></span> 
     </span>
    </p>
   </div>
   <div class='ocr_carea' id='block_1_94' title="bbox 2032 4656 3619 4753">
    <p class='ocr_par' dir='ltr' id='par_1_94' title="bbox 2036 4656 3619 4726">
     <span class='ocr_line' id='line_1_94' title="bbox 2036 4656 3619 4726; baseline -0.001 -13"><span class='ocrx_word' id='word_1_637' title='bbox 2036 4658 2166 4720; x_wconf 79' lang='lat' dir='ltr'><strong>item</strong></span> <span class='ocrx_word' id='word_1_638' title='bbox 2197 4659 2553 4726; x_wconf 89' lang='lat' dir='ltr'><strong>transilierit,</strong></span> <span class='ocrx_word' id='word_1_639' title='bbox 2605 4658 2827 4713; x_wconf 81' lang='lat' dir='ltr'><strong>obvium</strong></span> <span class='ocrx_word' id='word_1_640' title='bbox 2861 4656 2920 4710; x_wconf 87' lang='lat' dir='ltr'><strong>ﬁt</strong></span> <span class='ocrx_word' id='word_1_641' title='bbox 2958 4666 3075 4712; x_wconf 87' lang='lat' dir='ltr'><strong>rete</strong></span> <span class='ocrx_word' id='word_1_642' title='bbox 3112 4656 3432 4711; x_wconf 65' lang='lat' dir='ltr'><strong>iracundia}.</strong></span> <span class='ocrx_word' id='word_1_643' title='bbox 3466 4657 3619 4711; x_wconf 88' lang='lat' dir='ltr'><strong>Alias</strong></span> 
     </span>
    </p>
   </div>
   <div class='ocr_carea' id='block_1_95' title="bbox 353 4749 1930 4846">
    <p class='ocr_par' dir='ltr' id='par_1_95' title="bbox 353 4760 1930 4846">
     <span class='ocr_line' id='line_1_95' title="bbox 353 4760 1930 4846; baseline -0.01 -18"><span class='ocrx_word' id='word_1_644' title='bbox 353 4776 457 4846; x_wconf 78' lang='grc' dir='ltr'><strong>μὲν</strong></span> <span class='ocrx_word' id='word_1_645' title='bbox 488 4772 637 4842; x_wconf 85' lang='grc' dir='ltr'>πάθη</span> <span class='ocrx_word' id='word_1_646' title='bbox 670 4771 765 4824; x_wconf 86' lang='grc' dir='ltr'><strong>τοῦ</strong></span> <span class='ocrx_word' id='word_1_647' title='bbox 811 4768 1061 4838; x_wconf 79' lang='grc' dir='ltr'>σώματος</span> <span class='ocrx_word' id='word_1_648' title='bbox 1101 4764 1475 4836; x_wconf 80' lang='grc' dir='ltr'>ὑπουργοῦντα</span> <span class='ocrx_word' id='word_1_649' title='bbox 1505 4762 1615 4831; x_wconf 76' lang='grc' dir='ltr'>ἔχει</span> <span class='ocrx_word' id='word_1_650' title='bbox 1645 4764 1764 4822; x_wconf 85' lang='grc' dir='ltr'>ταῖς</span> <span class='ocrx_word' id='word_1_651' title='bbox 1793 4760 1930 4813; x_wconf 84' lang='grc' dir='ltr'>κατὰ</span> 
     </span>
    </p>
   </div>
   <div class='ocr_carea' id='block_1_96' title="bbox 2032 4749 3618 4846">
    <p class='ocr_par' dir='ltr' id='par_1_96' title="bbox 2038 4749 3618 4820">
     <span class='ocr_line' id='line_1_96' title="bbox 2038 4749 3618 4820; baseline -0.001 -15"><span class='ocrx_word' id='word_1_652' title='bbox 2038 4751 2276 4818; x_wconf 85' lang='lat' dir='ltr'><strong>denique</strong></span> <span class='ocrx_word' id='word_1_653' title='bbox 2303 4751 2627 4804; x_wconf 87' lang='lat' dir='ltr'><strong>innumeras</strong></span> <span class='ocrx_word' id='word_1_654' title='bbox 2654 4750 2973 4805; x_wconf 88' lang='lat' dir='ltr'><strong>hominibus</strong></span> <span class='ocrx_word' id='word_1_655' title='bbox 3004 4749 3232 4819; x_wconf 87' lang='lat' dir='ltr'><strong>pedicas</strong></span> <span class='ocrx_word' id='word_1_656' title='bbox 3259 4752 3468 4816; x_wconf 90' lang='lat' dir='ltr'><strong>tendit,</strong></span> <span class='ocrx_word' id='word_1_657' title='bbox 3494 4751 3618 4820; x_wconf 84' lang='lat' dir='ltr'><strong>qui-</strong></span> 
     </span>
    </p>
   </div>
   <div class='ocr_carea' id='block_1_97' title="bbox 349 4851 1936 4935">
    <p class='ocr_par' dir='ltr' id='par_1_97' title="bbox 349 4851 1936 4935">
     <span class='ocr_line' id='line_1_97' title="bbox 349 4851 1936 4935; baseline -0.008 -19"><span class='ocrx_word' id='word_1_658' title='bbox 349 4869 455 4935; x_wconf 74' lang='grc' dir='ltr'>τῆς</span> <span class='ocrx_word' id='word_1_659' title='bbox 482 4864 661 4934; x_wconf 67' lang='grc' dir='ltr'>ψυχῆς</span> <span class='ocrx_word' id='word_1_660' title='bbox 685 4858 1131 4929; x_wconf 77' lang='grc' dir='ltr'>τεκταινομέναις</span> <span class='ocrx_word' id='word_1_661' title='bbox 1154 4856 1244 4909; x_wconf 81' lang='grc' dir='ltr'>ὑπ’</span> <span class='ocrx_word' id='word_1_662' title='bbox 1265 4852 1425 4906; x_wconf 81' lang='grc' dir='ltr'>αὐτοῦ</span> <span class='ocrx_word' id='word_1_663' title='bbox 1452 4854 1719 4922; x_wconf 66' lang='grc' dir='ltr'>μηχαναῖς</span> <span class='ocrx_word' id='word_1_664' title='bbox 1738 4869 1751 4882; x_wconf 88' lang='grc'><strong>·</strong></span> <span class='ocrx_word' id='word_1_665' title='bbox 1776 4851 1936 4919; x_wconf 80' lang='grc' dir='ltr'>μόνος</span> 
     </span>
    </p>
   </div>
   <div class='ocr_carea' id='block_1_98' title="bbox 346 4941 1931 5031">
    <p class='ocr_par' dir='ltr' id='par_1_98' title="bbox 346 4941 1931 5027">
     <span class='ocr_line' id='line_1_98' title="bbox 346 4941 1931 5027; baseline -0.012 -14"><span class='ocrx_word' id='word_1_666' title='bbox 346 4960 409 5013; x_wconf 74' lang='grc' dir='ltr'>δὲ</span> <span class='ocrx_word' id='word_1_667' title='bbox 439 4960 468 5011; x_wconf 83' lang='grc' dir='ltr'>ὁ</span> <span class='ocrx_word' id='word_1_668' title='bbox 497 4956 619 5020; x_wconf 90' lang='grc' dir='ltr'>νοῦς</span> <span class='ocrx_word' id='word_1_669' title='bbox 652 4953 967 5027; x_wconf 78' lang='grc' dir='ltr'>ἐγρηγορὼς</span> <span class='ocrx_word' id='word_1_670' title='bbox 1019 4948 1376 5020; x_wconf 83' lang='grc' dir='ltr'>περιγίνεται,</span> <span class='ocrx_word' id='word_1_671' title='bbox 1423 4947 1489 5016; x_wconf 83' lang='grc' dir='ltr'>τῇ</span> <span class='ocrx_word' id='word_1_672' title='bbox 1528 4945 1658 5014; x_wconf 77' lang='grc' dir='ltr'>περὶ</span> <span class='ocrx_word' id='word_1_673' title='bbox 1692 4942 1760 4995; x_wconf 73' lang='grc' dir='ltr'><strong>τὰ</strong></span> <span class='ocrx_word' id='word_1_674' title='bbox 1814 4941 1931 4994; x_wconf 84' lang='grc' dir='ltr'>θεῖα</span> 
     </span>
    </p>
   </div>
   <div class='ocr_carea' id='block_1_99' title="bbox 352 5024 1935 5118">
    <p class='ocr_par' dir='ltr' id='par_1_99' title="bbox 352 5024 1935 5118">
     <span class='ocr_line' id='line_1_99' title="bbox 352 5024 1935 5118; baseline -0.012 -16"><span class='ocrx_word' id='word_1_675' title='bbox 352 5052 498 5118; x_wconf 78' lang='grc' dir='ltr'>ῥοπῇ</span> <span class='ocrx_word' id='word_1_676' title='bbox 542 5047 647 5100; x_wconf 80' lang='grc' dir='ltr'>τῶν</span> <span class='ocrx_word' id='word_1_677' title='bbox 700 5042 1109 5116; x_wconf 76' lang='grc' dir='ltr'>μηχανημάτων</span> <span class='ocrx_word' id='word_1_678' title='bbox 1160 5024 1391 5092; x_wconf 70' lang='grc' dir='ltr'>διαλύων</span> <span class='ocrx_word' id='word_1_679' title='bbox 1423 5037 1519 5106; x_wconf 80' lang='grc' dir='ltr'><strong>τὴν</strong></span> <span class='ocrx_word' id='word_1_680' title='bbox 1571 5035 1771 5105; x_wconf 78' lang='grc' dir='ltr'>ῥύμην.</span> <span class='ocrx_word' id='word_1_681' title='bbox 1824 5032 1935 5100; x_wconf 82' lang='grc' dir='ltr'><strong>Τῆς</strong></span> 
     </span>
    </p>
   </div>
   <div class='ocr_carea' id='block_1_100' title="bbox 352 5119 1939 5208">
    <p class='ocr_par' dir='ltr' id='par_1_100' title="bbox 352 5119 1939 5208">
     <span class='ocr_line' id='line_1_100' title="bbox 352 5119 1939 5208; baseline -0.012 -16"><span class='ocrx_word' id='word_1_682' title='bbox 352 5138 702 5208; x_wconf 78' lang='grc' dir='ltr'>ἀνθρωπείας</span> <span class='ocrx_word' id='word_1_683' title='bbox 749 5136 813 5206; x_wconf 84' lang='grc' dir='ltr'>δὴ</span> <span class='ocrx_word' id='word_1_684' title='bbox 847 5131 937 5187; x_wconf 74' lang='grc' dir='ltr'><strong>οὖν</strong></span> <span class='ocrx_word' id='word_1_685' title='bbox 986 5132 1199 5202; x_wconf 75' lang='grc' dir='ltr'>φύσεως</span> <span class='ocrx_word' id='word_1_686' title='bbox 1249 5129 1343 5182; x_wconf 73' lang='grc' dir='ltr'>καὶ</span> <span class='ocrx_word' id='word_1_687' title='bbox 1381 5130 1409 5179; x_wconf 84' lang='grc' dir='ltr'><strong>ὁ</strong></span> <span class='ocrx_word' id='word_1_688' title='bbox 1452 5124 1752 5195; x_wconf 86' lang='grc' dir='ltr'>θαυμάσιος</span> <span class='ocrx_word' id='word_1_689' title='bbox 1784 5119 1939 5184; x_wconf 68' lang='grc' dir='ltr'>οὗτος</span> 
     </span>
    </p>
   </div>
   <div class='ocr_carea' id='block_1_101' title="bbox 356 5213 1939 5297">
    <p class='ocr_par' dir='ltr' id='par_1_101' title="bbox 356 5213 1939 5297">
     <span class='ocr_line' id='line_1_101' title="bbox 356 5213 1939 5297; baseline -0.01 -17"><span class='ocrx_word' id='word_1_690' title='bbox 356 5225 645 5297; x_wconf 85' lang='grc' dir='ltr'>μετασχὼν</span> <span class='ocrx_word' id='word_1_691' title='bbox 681 5224 954 5294; x_wconf 81' lang='grc' dir='ltr'>βασιλεὺς,</span> <span class='ocrx_word' id='word_1_692' title='bbox 1005 5221 1097 5274; x_wconf 70' lang='grc' dir='ltr'><strong>καὶ</strong></span> <span class='ocrx_word' id='word_1_693' title='bbox 1125 5219 1233 5272; x_wconf 81' lang='grc' dir='ltr'>τῶν</span> <span class='ocrx_word' id='word_1_694' title='bbox 1278 5217 1619 5287; x_wconf 80' lang='grc' dir='ltr'>παθημάτων</span> <span class='ocrx_word' id='word_1_695' title='bbox 1653 5213 1939 5282; x_wconf 82' lang='grc' dir='ltr'>μετέλαχε,</span> 
     </span>
    </p>
   </div>
   <div class='ocr_carea' id='block_1_102' title="bbox 354 5300 1942 5384">
    <p class='ocr_par' dir='ltr' id='par_1_102' title="bbox 354 5300 1942 5384">
     <span class='ocr_line' id='line_1_102' title="bbox 354 5300 1942 5384; baseline -0.013 -13"><span class='ocrx_word' id='word_1_696' title='bbox 354 5316 454 5371; x_wconf 71' lang='grc' dir='ltr'><strong>καὶ</strong></span> <span class='ocrx_word' id='word_1_697' title='bbox 497 5315 573 5384; x_wconf 81' lang='grc' dir='ltr'>τῷ</span> <span class='ocrx_word' id='word_1_698' title='bbox 613 5315 806 5383; x_wconf 83' lang='grc' dir='ltr'>δικαίῳ</span> <span class='ocrx_word' id='word_1_699' title='bbox 858 5310 1015 5380; x_wconf 77' lang='grc' dir='ltr'>θυμῷ</span> <span class='ocrx_word' id='word_1_700' title='bbox 1060 5307 1297 5379; x_wconf 84' lang='grc' dir='ltr'>ἀμετρία</span> <span class='ocrx_word' id='word_1_701' title='bbox 1345 5302 1753 5373; x_wconf 78' lang='grc' dir='ltr'>προσγενομένη</span> <span class='ocrx_word' id='word_1_702' title='bbox 1792 5300 1942 5369; x_wconf 80' lang='grc' dir='ltr'>ὠμόν</span> 
     </span>
    </p>
   </div>
   <div class='ocr_carea' id='block_1_103' title="bbox 2040 4838 3621 4910">
    <p class='ocr_par' dir='ltr' id='par_1_103' title="bbox 2040 4838 3621 4910">
     <span class='ocr_line' id='line_1_103' title="bbox 2040 4838 3621 4910; baseline -0.001 -16"><span class='ocrx_word' id='word_1_703' title='bbox 2040 4841 2142 4894; x_wconf 88' lang='lat' dir='ltr'><strong>bus</strong></span> <span class='ocrx_word' id='word_1_704' title='bbox 2158 4846 2349 4908; x_wconf 87' lang='lat' dir='ltr'><strong>captos</strong></span> <span class='ocrx_word' id='word_1_705' title='bbox 2370 4839 2551 4891; x_wconf 87' lang='lat' dir='ltr'><strong>trahat</strong></span> <span class='ocrx_word' id='word_1_706' title='bbox 2579 4839 2644 4892; x_wconf 91' lang='lat' dir='ltr'><strong>ad</strong></span> <span class='ocrx_word' id='word_1_707' title='bbox 2664 4838 2927 4906; x_wconf 78' lang='lat' dir='ltr'><strong>exitium;</strong></span> <span class='ocrx_word' id='word_1_708' title='bbox 2953 4839 3225 4909; x_wconf 88' lang='lat' dir='ltr'><strong>habetque</strong></span> <span class='ocrx_word' id='word_1_709' title='bbox 3250 4855 3478 4910; x_wconf 89' lang='lat' dir='ltr'><strong>prorsus</strong></span> <span class='ocrx_word' id='word_1_710' title='bbox 3495 4855 3621 4894; x_wconf 85' lang='lat' dir='ltr'><strong>cor-</strong></span> 
     </span>
    </p>
   </div>
   <div class='ocr_carea' id='block_1_104' title="bbox 2041 4929 3621 5001">
    <p class='ocr_par' dir='ltr' id='par_1_104' title="bbox 2041 4929 3621 5001">
     <span class='ocr_line' id='line_1_104' title="bbox 2041 4929 3621 5001; baseline -0.001 -16"><span class='ocrx_word' id='word_1_711' title='bbox 2041 4932 2190 5001; x_wconf 91' lang='lat' dir='ltr'><strong>poris</strong></span> <span class='ocrx_word' id='word_1_712' title='bbox 2227 4930 2665 5000; x_wconf 87' lang='lat' dir='ltr'><strong>perturbationes</strong></span> <span class='ocrx_word' id='word_1_713' title='bbox 2705 4929 3032 4985; x_wconf 88' lang='lat' dir='ltr'><strong>insidiarmn</strong></span> <span class='ocrx_word' id='word_1_714' title='bbox 3070 4946 3212 5001; x_wconf 90' lang='lat' dir='ltr'><strong>quas</strong></span> <span class='ocrx_word' id='word_1_715' title='bbox 3235 4932 3432 4986; x_wconf 74' lang='lat' dir='ltr'><strong>animae</strong></span> <span class='ocrx_word' id='word_1_716' title='bbox 3455 4932 3621 4986; x_wconf 90' lang='lat' dir='ltr'><strong>struit</strong></span> 
     </span>
    </p>
   </div>
   <div class='ocr_carea' id='block_1_105' title="bbox 2044 5004 3620 5093">
    <p class='ocr_par' dir='ltr' id='par_1_105' title="bbox 2044 5004 3620 5093">
     <span class='ocr_line' id='line_1_105' title="bbox 2044 5004 3620 5093; baseline -0.001 -15"><span class='ocrx_word' id='word_1_717' title='bbox 2044 5024 2428 5078; x_wconf 84' lang='lat' dir='ltr'><strong>administras.</strong></span> <span class='ocrx_word' id='word_1_718' title='bbox 2472 5020 2602 5075; x_wconf 88' lang='lat' dir='ltr'><strong>Sola</strong></span> <span class='ocrx_word' id='word_1_719' title='bbox 2653 5004 2809 5077; x_wconf 81' lang='lat' dir='ltr'><strong>mens</strong></span> <span class='ocrx_word' id='word_1_720' title='bbox 2844 5022 3081 5092; x_wconf 84' lang='lat' dir='ltr'><strong>vigilans</strong></span> <span class='ocrx_word' id='word_1_721' title='bbox 3114 5023 3407 5078; x_wconf 89' lang='lat' dir='ltr'><strong>victoriam</strong></span> <span class='ocrx_word' id='word_1_722' title='bbox 3442 5023 3620 5093; x_wconf 90' lang='lat' dir='ltr'><strong>adipi-</strong></span> 
     </span>
    </p>
   </div>
   <div class='ocr_carea' id='block_1_106' title="bbox 2040 5111 3619 5179">
    <p class='ocr_par' dir='ltr' id='par_1_106' title="bbox 2040 5111 3619 5179">
     <span class='ocr_line' id='line_1_106' title="bbox 2040 5111 3619 5179; baseline -0.001 -10"><span class='ocrx_word' id='word_1_723' title='bbox 2040 5115 2238 5179; x_wconf 75' lang='lat' dir='ltr'><strong>Scitur,</strong></span> <span class='ocrx_word' id='word_1_724' title='bbox 2287 5128 2467 5167; x_wconf 88' lang='lat' dir='ltr'><strong>rerum</strong></span> <span class='ocrx_word' id='word_1_725' title='bbox 2505 5111 2815 5167; x_wconf 81' lang='lat' dir='ltr'><strong>divinarqu</strong></span> <span class='ocrx_word' id='word_1_726' title='bbox 2858 5112 3041 5168; x_wconf 87' lang='lat' dir='ltr'><strong>studio</strong></span> <span class='ocrx_word' id='word_1_727' title='bbox 3071 5113 3457 5167; x_wconf 84' lang='lat' dir='ltr'><strong>machinarum</strong></span> <span class='ocrx_word' id='word_1_728' title='bbox 3509 5113 3619 5167; x_wconf 85' lang='lat' dir='ltr'><strong>int-</strong></span> 
     </span>
    </p>
   </div>
   <div class='ocr_carea' id='block_1_107' title="bbox 2040 5201 3613 5275">
    <p class='ocr_par' dir='ltr' id='par_1_107' title="bbox 2040 5201 3613 5275">
     <span class='ocr_line' id='line_1_107' title="bbox 2040 5201 3613 5275; baseline -0.003 -16"><span class='ocrx_word' id='word_1_729' title='bbox 2040 5214 2225 5275; x_wconf 88' lang='lat' dir='ltr'><strong>petum</strong></span> <span class='ocrx_word' id='word_1_730' title='bbox 2260 5202 2543 5273; x_wconf 82' lang='lat' dir='ltr'><strong>frangens.</strong></span> <span class='ocrx_word' id='word_1_731' title='bbox 2586 5201 2812 5257; x_wconf 84' lang='lat' dir='ltr'><strong>Naturae</strong></span> <span class='ocrx_word' id='word_1_732' title='bbox 2865 5205 3097 5272; x_wconf 82' lang='lat' dir='ltr'><strong>itaque‘</strong></span> <span class='ocrx_word' id='word_1_733' title='bbox 3155 5202 3410 5257; x_wconf 70' lang='lat' dir='ltr'><strong>humanae</strong></span> <span class='ocrx_word' id='word_1_734' title='bbox 3448 5203 3613 5271; x_wconf 83' lang='lat' dir='ltr'><strong>parti-</strong></span> 
     </span>
    </p>
   </div>
   <div class='ocr_carea' id='block_1_108' title="bbox 2043 5292 3624 5366">
    <p class='ocr_par' dir='ltr' id='par_1_108' title="bbox 2043 5292 3624 5366">
     <span class='ocr_line' id='line_1_108' title="bbox 2043 5292 3624 5366; baseline -0.003 -14"><span class='ocrx_word' id='word_1_735' title='bbox 2043 5313 2174 5366; x_wconf 86' lang='lat' dir='ltr'><strong>ceps</strong></span> <span class='ocrx_word' id='word_1_736' title='bbox 2204 5311 2329 5349; x_wconf 88' lang='lat' dir='ltr'><strong>cum</strong></span> <span class='ocrx_word' id='word_1_737' title='bbox 2360 5304 2510 5350; x_wconf 84' lang='lat' dir='ltr'><strong>esset</strong></span> <span class='ocrx_word' id='word_1_738' title='bbox 2531 5292 2892 5349; x_wconf 88' lang='lat' dir='ltr'><strong>admirandus</strong></span> <span class='ocrx_word' id='word_1_739' title='bbox 2928 5294 3017 5348; x_wconf 91' lang='lat' dir='ltr'><strong>hic</strong></span> <span class='ocrx_word' id='word_1_740' title='bbox 3047 5293 3370 5364; x_wconf 89' lang='lat' dir='ltr'><strong>imperator,</strong></span> <span class='ocrx_word' id='word_1_741' title='bbox 3404 5300 3624 5363; x_wconf 77' lang='lat' dir='ltr'><strong>pertin-</strong></span> 
     </span>
    </p>
   </div>
   <div class='ocr_carea' id='block_1_109' title="bbox 354 5382 1930 5473">
    <p class='ocr_par' dir='ltr' id='par_1_109' title="bbox 354 5389 1930 5473">
     <span class='ocr_line' id='line_1_109' title="bbox 354 5389 1930 5473; baseline -0.011 -13"><span class='ocrx_word' id='word_1_742' title='bbox 354 5423 414 5459; x_wconf 83' lang='grc' dir='ltr'><strong>τε</strong></span> <span class='ocrx_word' id='word_1_743' title='bbox 444 5406 489 5436; x_wconf 77' lang='grc'><strong>¹³</strong></span> <span class='ocrx_word' id='word_1_744' title='bbox 522 5405 615 5459; x_wconf 76' lang='grc' dir='ltr'>καὶ</span> <span class='ocrx_word' id='word_1_745' title='bbox 651 5404 966 5473; x_wconf 79' lang='grc' dir='ltr'>παράνομον</span> <span class='ocrx_word' id='word_1_746' title='bbox 1012 5400 1305 5470; x_wconf 79' lang='grc' dir='ltr'>εἰργάσατο</span> <span class='ocrx_word' id='word_1_747' title='bbox 1341 5394 1533 5458; x_wconf 85' lang='grc' dir='ltr'>πάθος.</span> <span class='ocrx_word' id='word_1_748' title='bbox 1585 5392 1728 5464; x_wconf 80' lang='grc' dir='ltr'><strong>Ἐρῶ</strong></span> <span class='ocrx_word' id='word_1_749' title='bbox 1760 5392 1816 5445; x_wconf 74' lang='grc' dir='ltr'><strong>δὲ</strong></span> <span class='ocrx_word' id='word_1_750' title='bbox 1850 5389 1930 5443; x_wconf 68' lang='lat' dir='ltr'><strong>xui</strong></span> 
     </span>
    </p>
   </div>
   <div class='ocr_carea' id='block_1_110' title="bbox 2032 5382 3622 5473">
    <p class='ocr_par' dir='ltr' id='par_1_110' title="bbox 2045 5382 3622 5458">
     <span class='ocr_line' id='line_1_110' title="bbox 2045 5382 3622 5458; baseline -0.003 -15"><span class='ocrx_word' id='word_1_751' title='bbox 2045 5387 2326 5443; x_wconf 87' lang='lat' dir='ltr'><strong>bationum</strong></span> <span class='ocrx_word' id='word_1_752' title='bbox 2351 5400 2548 5458; x_wconf 82' lang='lat' dir='ltr'><strong>expers</strong></span> <span class='ocrx_word' id='word_1_753' title='bbox 2582 5400 2691 5439; x_wconf 87' lang='lat' dir='ltr'><strong>non</strong></span> <span class='ocrx_word' id='word_1_754' title='bbox 2736 5382 2837 5439; x_wconf 79' lang='lat' dir='ltr'><strong>fuit</strong></span> <span class='ocrx_word' id='word_1_755' title='bbox 2867 5401 2886 5439; x_wconf 89' lang='lat'><strong><em>:</em></strong></span> <span class='ocrx_word' id='word_1_756' title='bbox 2913 5385 3187 5455; x_wconf 66' lang='lat' dir='ltr'><strong>justaeque</strong></span> <span class='ocrx_word' id='word_1_757' title='bbox 3224 5385 3320 5439; x_wconf 70' lang='lat' dir='ltr'><strong>ira:</strong></span> <span class='ocrx_word' id='word_1_758' title='bbox 3349 5382 3622 5438; x_wconf 83' lang='lat' dir='ltr'><strong>accedens</strong></span> 
     </span>
    </p>
   </div>
   <div class='ocr_carea' id='block_1_111' title="bbox 1652 5524 2328 5583">
    <p class='ocr_par' dir='ltr' id='par_1_111' title="bbox 1652 5524 2328 5583">
     <span class='ocr_line' id='line_1_111' title="bbox 1652 5524 2328 5583; baseline -0.001 -2"><span class='ocrx_word' id='word_1_759' title='bbox 1652 5528 1887 5583; x_wconf 69' lang='lat' dir='ltr'><strong>VARUE</strong></span> <span class='ocrx_word' id='word_1_760' title='bbox 1925 5524 2328 5583; x_wconf 82' lang='lat' dir='ltr'><strong>LECTIONES.</strong></span> 
     </span>
    </p>
   </div>
   <div class='ocr_carea' id='block_1_112' title="bbox 433 5606 3618 5757">
    <p class='ocr_par' dir='ltr' id='par_1_112' title="bbox 433 5628 3618 5757">
     <span class='ocr_line' id='line_1_112' title="bbox 433 5628 3618 5725; baseline -0.007 -18"><span class='ocrx_word' id='word_1_761' title='bbox 433 5660 476 5691; x_wconf 76' lang='grc' dir='ltr'><strong>⁸ο</strong></span> <span class='ocrx_word' id='word_1_762' title='bbox 522 5655 962 5725; x_wconf 78' lang='grc' dir='ltr'>ἀπεκταγκότας.</span> <span class='ocrx_word' id='word_1_763' title='bbox 1007 5651 1151 5706; x_wconf 88' lang='lat' dir='ltr'><strong>Idem</strong></span> <span class='ocrx_word' id='word_1_764' title='bbox 1200 5665 1324 5704; x_wconf 88' lang='lat' dir='ltr'><strong>cum</strong></span> <span class='ocrx_word' id='word_1_765' title='bbox 1367 5646 1557 5714; x_wconf 78' lang='lat' dir='ltr'><strong>Steph.</strong></span> <span class='ocrx_word' id='word_1_766' title='bbox 1666 5645 1742 5674; x_wconf 81' lang='grc'><strong>¹⁰⁵</strong></span> <span class='ocrx_word' id='word_1_767' title='bbox 1785 5641 2095 5722; x_wconf 73' lang='grc' dir='ltr'>κατέλειπε.</span> <span class='ocrx_word' id='word_1_768' title='bbox 2148 5637 2314 5693; x_wconf 78' lang='lat' dir='ltr'><strong>Basil.</strong></span> <span class='ocrx_word' id='word_1_769' title='bbox 2371 5636 2465 5689; x_wconf 85' lang='lat' dir='ltr'><strong>Gr.</strong></span> <span class='ocrx_word' id='word_1_770' title='bbox 2510 5636 2700 5717; x_wconf 79' lang='lat' dir='ltr'><strong>S_teph.</strong></span> <span class='ocrx_word' id='word_1_771' title='bbox 2750 5634 3109 5719; x_wconf 74' lang='grc' dir='ltr'>καταλέλοιπε</span> <span class='ocrx_word' id='word_1_772' title='bbox 3147 5631 3376 5715; x_wconf 60' lang='grc' dir='ltr'>Νῖοίιριι.</span> <span class='ocrx_word' id='word_1_773' title='bbox 3409 5628 3528 5718; x_wconf 69' lang='lat' dir='ltr'><strong>XII,</strong></span> <span class='ocrx_word' id='word_1_774' title='bbox 3564 5631 3618 5685; x_wconf 76' lang='lat'><strong>9.</strong></span> 
     </span>
     <span class='ocr_line' id='line_1_113' title="bbox 442 5699 3618 5757; baseline -0 0"><span class='ocrx_word' id='word_1_775' title='bbox 442 5731 687 5757; x_wconf 46' lang='lat' dir='ltr'><strong>suum-..</strong></span> <span class='ocrx_word' id='word_1_776' title='bbox 745 5725 884 5757; x_wconf 56' lang='lat' dir='ltr'><strong>nua</strong></span> <span class='ocrx_word' id='word_1_777' title='bbox 935 5720 1008 5757; x_wconf 70' lang='grc' dir='ltr'><strong>η.-</strong></span> <span class='ocrx_word' id='word_1_778' title='bbox 1066 5723 1107 5752; x_wconf 79' lang='grc' dir='ltr'><strong><em>η</em></strong></span> <span class='ocrx_word' id='word_1_779' title='bbox 1144 5721 1198 5757; x_wconf 88' lang='lat' dir='ltr'><strong>In</strong></span> <span class='ocrx_word' id='word_1_780' title='bbox 1222 5718 1408 5757; x_wconf 72' lang='grc' dir='ltr'>ρηιιίι-ιι</span> <span class='ocrx_word' id='word_1_781' title='bbox 1442 5716 1558 5757; x_wconf 77' lang='lat' dir='ltr'><strong>Diui</strong></span> <span class='ocrx_word' id='word_1_782' title='bbox 1596 5714 1683 5757; x_wconf 75' lang='lat' dir='ltr'><strong>hin</strong></span> <span class='ocrx_word' id='word_1_783' title='bbox 1716 5713 1906 5757; x_wconf 79' lang='lat' dir='ltr'><strong>inmmt</strong></span> <span class='ocrx_word' id='word_1_784' title='bbox 1946 5725 1994 5757; x_wconf 63' lang='grc' dir='ltr'><strong>(ξ.</strong></span> <span class='ocrx_word' id='word_1_785' title='bbox 2038 5710 2119 5757; x_wconf 85' lang='lat' dir='ltr'><strong>t7.</strong></span> <span class='ocrx_word' id='word_1_786' title='bbox 2158 5708 2200 5739; x_wconf 74' lang='grc'>⁸³</span> <span class='ocrx_word' id='word_1_787' title='bbox 2228 5708 2373 5757; x_wconf 81' lang='grc' dir='ltr'>παγῆ</span> <span class='ocrx_word' id='word_1_788' title='bbox 2418 5706 2584 5757; x_wconf 77' lang='lat' dir='ltr'><strong>Basil.</strong></span> <span class='ocrx_word' id='word_1_789' title='bbox 2618 5705 2712 5757; x_wconf 87' lang='lat' dir='ltr'><strong>Gr.</strong></span> <span class='ocrx_word' id='word_1_790' title='bbox 2746 5704 2790 5737; x_wconf 70' lang='grc' dir='ltr'><strong>νδ</strong></span> <span class='ocrx_word' id='word_1_791' title='bbox 2816 5705 2965 5757; x_wconf 76' lang='grc' dir='ltr'>ωαόν</span> <span class='ocrx_word' id='word_1_792' title='bbox 2994 5721 3066 5757; x_wconf 85' lang='grc' dir='ltr'>τι.</span> <span class='ocrx_word' id='word_1_793' title='bbox 3100 5700 3221 5757; x_wconf 89' lang='lat' dir='ltr'><strong>Pmt</strong></span> <span class='ocrx_word' id='word_1_794' title='bbox 3245 5701 3436 5757; x_wconf 79' lang='lat' dir='ltr'><strong>codex.</strong></span> <span class='ocrx_word' id='word_1_795' title='bbox 3469 5699 3618 5757; x_wconf 71' lang='grc' dir='ltr'>ωμδν</span> 
     </span>
    </p>
   </div>
   <div class='ocr_carea' id='block_1_113' title="bbox 362 5705 3623 5866">
    <p class='ocr_par' dir='ltr' id='par_1_113' title="bbox 362 5705 3623 5866">
     <span class='ocr_line' id='line_1_114' title="bbox 362 5705 3623 5851; baseline -0.009 -68"><span class='ocrx_word' id='word_1_796' title='bbox 362 5731 402 5763; x_wconf 85' lang='lat'>&quot;</span> <span class='ocrx_word' id='word_1_797' title='bbox 439 5705 1107 5851; x_wconf 42' lang='grc' dir='ltr'><strong>ἀπὲῷξίῖξιᾲξιὺᾮνὲθη</strong></span> <span class='ocrx_word' id='word_1_798' title='bbox 1144 5721 1199 5773; x_wconf 91' lang='lat' dir='ltr'><strong>In</strong></span> <span class='ocrx_word' id='word_1_799' title='bbox 1222 5718 1409 5774; x_wconf 85' lang='lat' dir='ltr'><strong>codice</strong></span> <span class='ocrx_word' id='word_1_800' title='bbox 1442 5705 1560 5771; x_wconf 54' lang='lat' dir='ltr'><strong>P&#39;ini</strong></span> <span class='ocrx_word' id='word_1_801' title='bbox 1596 5714 1683 5768; x_wconf 90' lang='lat' dir='ltr'><strong>hie</strong></span> <span class='ocrx_word' id='word_1_802' title='bbox 1716 5713 1906 5782; x_wconf 70' lang='lat' dir='ltr'><strong>Incipit</strong></span> <span class='ocrx_word' id='word_1_803' title='bbox 1946 5725 1995 5763; x_wconf 89' lang='lat' dir='ltr'><strong>c.</strong></span> <span class='ocrx_word' id='word_1_804' title='bbox 2038 5710 2119 5763; x_wconf 85' lang='lat' dir='ltr'><strong>l7.</strong></span> <span class='ocrx_word' id='word_1_805' title='bbox 2158 5708 2200 5739; x_wconf 77' lang='grc'>⁸³</span> <span class='ocrx_word' id='word_1_806' title='bbox 2228 5708 2375 5776; x_wconf 77' lang='grc' dir='ltr'>παγῇ</span> <span class='ocrx_word' id='word_1_807' title='bbox 2418 5706 2584 5762; x_wconf 88' lang='lat' dir='ltr'><strong>Basil.</strong></span> <span class='ocrx_word' id='word_1_808' title='bbox 2618 5705 2712 5760; x_wconf 87' lang='lat' dir='ltr'><strong>Gr.</strong></span> <span class='ocrx_word' id='word_1_809' title='bbox 2746 5705 2790 5737; x_wconf 73' lang='grc'><strong>¹¹⁶</strong></span> <span class='ocrx_word' id='word_1_810' title='bbox 2816 5705 2965 5776; x_wconf 81' lang='grc' dir='ltr'>ὠμόν</span> <span class='ocrx_word' id='word_1_811' title='bbox 2994 5721 3066 5777; x_wconf 81' lang='grc' dir='ltr'>τι.</span> <span class='ocrx_word' id='word_1_812' title='bbox 3100 5705 3221 5759; x_wconf 85' lang='lat' dir='ltr'><strong>Pini</strong></span> <span class='ocrx_word' id='word_1_813' title='bbox 3245 5705 3436 5763; x_wconf 80' lang='lat' dir='ltr'><strong>codex,</strong></span> <span class='ocrx_word' id='word_1_814' title='bbox 3469 5705 3623 5770; x_wconf 70' lang='grc' dir='ltr'>ὠμὸν</span> 
     </span>
     <span class='ocr_line' id='line_1_115' title="bbox 395 5794 1088 5866; baseline -0.012 -13"><span class='ocrx_word' id='word_1_815' title='bbox 395 5800 460 5854; x_wconf 73' lang='grc' dir='ltr'><strong>δέ</strong></span> <span class='ocrx_word' id='word_1_816' title='bbox 487 5816 539 5851; x_wconf 91' lang='grc' dir='ltr'><strong>τι</strong></span> <span class='ocrx_word' id='word_1_817' title='bbox 623 5801 799 5866; x_wconf 78' lang='lat' dir='ltr'><strong>icepi.</strong></span> <span class='ocrx_word' id='word_1_818' title='bbox 859 5794 868 5805; x_wconf 87' lang='grc'><em>’</em></span> <span class='ocrx_word' id='word_1_819' title='bbox 948 5834 960 5858; x_wconf 95' lang='grc'><strong>,</strong></span> <span class='ocrx_word' id='word_1_820' title='bbox 1073 5828 1088 5845; x_wconf 88' lang='grc'><strong>.</strong></span> 
     </span>
    </p>
   </div>
  </div>
