4124 6406
520 324 652 388 1931

1507 333 1997 396 TIIEODORE'H
2023 337 2365 398 EPISCOPI
2386 304 2763 404 c'YuENSIs

3655 345 3792 414 1232

518 435 906 491 immudcratio
940 437 1162 494 crudelc
1193 456 1257 495 ac
1285 441 1535 511 iniquum
1573 442 1790 499 facinus
1831 446 2067 517 patravit

2207 447 2366 502 τοῦτο
2394 450 2494 521 τῆς
2517 450 2625 505 τῶν
2651 452 3053 524 ἐντευξομένων
3078 456 3342 527 ὠφελείας
3365 458 3547 514 ἕνεκα.
3574 457 3651 515 Οὐ
3683 462 3793 534 γὰρ

515 525 663 592 quod
727 526 1025 597 legentium
1080 533 1337 588 utilitatis
1400 537 1577 607 gratia
1629 539 2100 595 commemorabo.

2211 538 2373 608 μόνον
2414 542 2752 612 κατηγορίαν
2803 542 2918 614 ἔχει
2970 544 3066 598 τοῦ
3125 546 3442 617 θαυμαστοῦ
3501 548 3790 620 βασιλέως,

513 617 632 672 Non
676 622 821 674 enim
862 631 1075 676 tantum
1104 625 1595 694 reprehensionem
1628 629 1975 687 admirabilis
2004 633 2079 686 im

2204 627 2342 683 ἀλλὰ
2370 630 2466 683 καὶ
2495 632 2772 703 εὐφημίαν
2795 635 3019 707 μνήμης
3043 636 3373 710 ἁξιωτάτην.

516 713 789 778 paraturis
821 715 1101 782 continet,
1162 717 1261 773 sed
1317 728 1373 774 et
1422 718 1638 776 laudem
1679 721 1799 792 ejus
1833 725 2101 779 memoria

514 802 923 873 dignissimam.

813 897 970 954 car.
1011 898 1174 954 xvu.
1213 900 1300 973 [Β.
1333 900 1413 958 St.
1446 903 1512 958 v.
1548 904 1647 959 cu.
1686 905 1802 978 η]

546 984 625 1039 De
659 987 799 1042 ca’dc
817 988 1328 1067 iii/tessalonicensi,
1356 1004 1405 1049 et
1433 995 1497 1049 de
1524 996 1798 1050 Ambrosii
1825 998 2060 1067 episwpt'

808 1060 1075 1129 libertate,
1125 1079 1189 1117 ac
1213 1065 1416 1134 pietate
1447 1066 1810 1135 imperatoris.

576 1210 975 1271 Thessalonica
1010 1218 1144 1275 urbs
1172 1227 1260 1277 est
1292 1222 1537 1277 maxima
1565 1232 1620 1278 et
1645 1225 1909 1295 populosa
1930 1267 1944 1292 ,
1978 1226 2092 1283 Ma-

503 1306 778 1361 cedonum
816 1311 1039 1379 quidem
1080 1312 1133 1366 in
1176 1322 1341 1383 gente
1374 1316 1551 1384 posita
1577 1355 1593 1380 ,
1641 1317 1737 1372 sed
1774 1333 1896 1387 quae
1925 1329 2094 1390 caput

504 1407 590 1453 cst
626 1406 740 1453 tum
769 1399 1076 1457 Thessalia:
1117 1414 1172 1459 et
1204 1405 1454 1473 Achaiae,
1493 1415 1607 1461 tum
1660 1409 1893 1465 aliarum
1938 1427 2090 1467 com-

506 1491 748 1558 plurium
785 1493 1195 1561 provinciarum
1219 1535 1234 1560 ,
1277 1512 1398 1567 qua:
1452 1510 1728 1570 reguntur
1766 1518 1796 1557 a
1833 1506 2093 1575 praefecto

506 1584 767 1649 praetorio
812 1585 1042 1654 Illyrici.
1098 1586 1153 1641 In
1191 1590 1294 1642 bac
1326 1605 1451 1644 cum
1504 1599 1628 1646 o-rta
1678 1602 1827 1650 esset
1857 1598 2090 1663 seditio,

506 1675 867 1745 magistratus
913 1676 1138 1746 quidam
1168 1679 1396 1749 lapitlati
1433 1692 1488 1737 et
1540 1686 1723 1740 vexati
1754 1686 1927 1744 fuere.
1970 1692 2090 1758 Quo

2792 899 3044 955 ΚΕΦΑΛ.
3097 903 3194 957 ΙΖ’.

2200 986 2346 1067 Περὶ
2385 986 2517 1067 tim:
2554 989 2626 1067 ξεν
2669 992 3091 1067 Θεσσαλονίκῃ
3116 994 3159 1024 ¹⁵
3183 993 3476 1067 σφαγῶν,
3522 995 3788 1067 καὶπερὶ

2270 1057 2383 1135 τῆς
2413 1059 2524 1135 toi:
2542 1060 2882 1135 ἐπισκόπου
2919 1057 3265 1131 Ἆμόῥοσίού
3295 1057 3657 1135 παρῤῂσίας,
3684 1057 3785 1123 καὶ

2269 1126 2381 1194 τῆς
2419 1129 2527 1182 τοῦ
2547 1131 2857 1196 ,βασιλέως
2881 1126 3211 1199 εὐσεϐείας.

2269 1218 2640 1291 Θεσσαλονίκη
2693 1221 2848 1285 πόλις
2878 1224 2994 1276 ἐστὶ
3031 1225 3261 1297 μεγίστη
3297 1226 3391 1279 καὶ
3427 1226 3785 1306 πολυάνθρω-

2198 1326 2322 1374 πος,
2355 1312 2435 1373 εἰς
2462 1311 2562 1381 μὲν
2591 1312 2651 1364 τὸ
2685 1313 3015 1366 Μακεδόνων
3044 1313 3194 1379 ἔθνος
3224 1316 3470 1381 τελοῦσα,
3504 1318 3783 1390 ἡγουμένη

2195 1399 2251 1453 δὲ
2276 1400 2372 1454 καὶ
2401 1400 2696 1467 Θετταλίας
2721 1405 2814 1457 καὶ
2863 1405 3108 1475 Ἀχαΐας,
3145 1408 3239 1460 κα)⁵
3273 1409 3456 1478 μέντοι
3487 1410 3581 1463 καὶ
3609 1409 3787 1464 ἄλλων

2196 1491 2531 1561 παμπόλλων
2566 1491 2757 1555 ἐθνῶν,
2807 1493 2907 1546 ὅσα
2949 1494 3058 1547 τῶν
3099 1495 3373 1567 Ἰλλυριῶν
3410 1499 3504 1551 τὸν
3538 1498 3785 1571 ὕπαρχον

2196 1582 2497 1653 ἡγούμενον
2524 1582 2657 1654 ἔχει.
2698 1584 2787 1637 Ἐν
2813 1584 2984 1658 ταύτῃ
3016 1587 3258 1652 στάσεως
3289 1589 3594 1661 γενομένης
3614 1592 3781 1658 τινὸς,

2197 1671 2635 1741 κατελεύσθησαν
2667 1690 2727 1727 τε
2777 1675 2871 1728 καλ⁹
2927 1676 3312 1747 κατεσύρησαν
3349 1677 3459 1731 τῶν
3504 1681 3786 1752 ἀρχόντων

504 1767 759 1820 nuntiato
810 1782 1082 1824 accensus
1136 1770 1435 1840 imperator
1495 1776 1591 1831 ira:
1652 1777 1916 1850 impetum
1977 1798 2079 1837 non

2193 1765 2359 1828 τινές.
2415 1765 2473 1817 Ὀ
2508 1764 2563 1818 δὲ
2598 1765 2853 1837 βασιλεὺς
2904 1767 3154 1837 semesi;
3184 1770 3350 1823 ὑπδ¹⁶
3382 1768 3781 1839 ἀγγελθέντων,

502 1855 662 1919 tulit,
714 1871 817 1910 nec
847 1855 1005 1912 freno
1042 1859 1277 1916 rationis
1314 1863 1529 1937 1046
1563 1867 1671 1922 vim
1702 1869 1825 1938 ejus
1865 1887 2087 1941 repres-

501 1947 607 2012 sit,
642 1948 739 2002 sed
773 1949 1030 2004 vindictae
1066 1954 1358 2008 arbitrium
1401 1956 1476 2009 illi
1516 1960 1784 2028 permisit.
1826 1962 1921 2017 Illa
1958 1980 2089 2020 vero

502 2038 604 2093 hac
641 2046 916 2110 potestate
962 2054 1190 2114 accepta
1215 2088 1229 2108 ,
1272 2048 1421 2102 velut
1454 2048 1600 2119 juris
1637 2053 1720 2108 sui
1774 2062 2046 2125 tyrannus
2069 2098 2086 2125 ,

501 2132 678 2202 ruptis
714 2133 942 2189 habenis
976 2135 1222 2208 jngoque
1265 2142 1499 2199 rationis
1532 2159 1804 2211 excusso,
1842 2148 2086 2217 injustos

496 2223 711 2294 gladios
760 2225 813 2279 in
870 2240 1065 2283 omnes
1108 2231 1423 2298 distrinxit,
1467 2242 1523 2289 et
1568 2237 1819 2293 insontes
1876 2241 2086 2310 pariter

495 2332 623 2371 cum
674 2320 933 2374 sontibus
961 2321 1279 2378 trucidavit.
1326 2325 1547 2398 Septem
1600 2331 1748 2385 enim
1799 2333 2083 2388 hominum

496 2408 668 2463 millia
705 2409 1000 2467 interfecta
1048 2415 1436 2483 perhibentur,
1473 2435 1581 2474 non
1624 2433 1905 2492 prmeunte
1932 2424 2085 2495 judi—

493 2502 610 2567 cio,
655 2512 710 2557 et
741 2503 1127 2561 condemnatis
1161 2506 1230 2562 iis
1262 2511 1358 2578 qui
1391 2511 1510 2566 dira
1552 2514 1643 2568 illa
1678 2518 1798 2571 ausi
1828 2517 2081 2584 fuerant,

495 2591 591 2646 sed
622 2594 768 2647 sicut
799 2596 856 2649 in
889 2611 1071 2652 messe
1109 2601 1374 2677 omnibus
1409 2603 1576 2660 simul
1608 2607 1889 2673 spicarum
1927 2626 2084 2667 more

492 2681 755 2741 desectis.

570 2833 654 2908 [Β.
697 2836 779 2892 St.
823 2836 889 2894 ν.
930 2839 1042 2914 18.]
1082 2840 1196 2898 llac
1235 2844 1420 2899 audita
1467 2847 1811 2921 lacrymabili
1850 2854 2081 2910 calami-

492 2935 639 2993 tate,
679 2930 1015 2989 Amhrosius
1047 2935 1172 3003 ille,
1226 2954 1388 3007 quem
1423 2956 1567 3011 sarpe
1600 2946 1940 3013 memoravi,
1974 2949 2080 3002 itu-

491 3025 730 3091 peratori
757 3066 772 3092 ,
810 3041 937 3080 cum
972 3027 1345 3085 Mediolanum
1380 3036 1622 3090 venisset
1651 3077 1665 3101 ,
1697 3048 1864 3109 atque
1896 3041 1950 3094 in
1988 3056 2080 3097 sa-

2190 1858 2290 1910 οὑκ
2322 1858 2523 1929 ἤνεγκε
2573 1856 2669 1911 τοῦ
2719 1856 2889 1929 θυμοῦ
2921 1858 3020 1930 τὴν
3066 1860 3264 1932 ὁρμὴν,
3315 1862 3436 1916 οὑδέ
3466 1862 3546 1933 τῷ
3576 1864 3784 1934 χαλινῷ

2188 1947 2282 2001 τοῦ
2339 1947 2604 2019 λογισμοῦ
2660 1949 2762 2019 τὴν
2809 1948 3004 2002 τούτου
3051 1950 3233 2023 ῥύμην
3280 1951 3589 2006 ἐκώλυσεν’
3644 1954 3785 2010 ἀλλὰ

2188 2040 2363 2111 τούτῳ
2396 2041 2495 2111 τὴν
2524 2041 2704 2111 ψῆφον
2726 2041 3033 2111 ἐξενεγκεῖν
3059 2042 3160 2113 τῆς
3189 2045 3455 2115 τιμωρίας
3485 2046 3781 2120 ἐπέτρεψε.

2189 2132 2409 2205 Ταύτην
2438 2133 2496 2186 δὲ
2526 2134 2626 2205 τὴν
2651 2132 2900 2200 ἐξουσίαν
2933 2137 3142 2198 ἐκεῖνος
3185 2135 3388 2203 λαϐὼν,
3418 2132 3509 2192 οἶα
3532 2141 3596 2209 δὴ
3621 2142 3785 2194 αὑτό-

2188 2225 2353 2296 νομός
2374 2242 2434 2278 τε
2465 2226 2559 2278 καὶ⁴
2581 2226 2862 2297 τύραννος,
2893 2227 2985 2280 τὸν
3004 2228 3200 2297 δεσμὸν
3227 2231 3548 2303 ἀπορρήξας
3565 2234 3660 2287 καὶ
3684 2234 3780 2288 τοῦ

2186 2316 2448 2387 λογισμοῦ
2466 2316 2744 2385 διαφυγὼν
2762 2318 2854 2370 τὸν
2871 2315 3056 2384 ζυγὸν,
3071 2319 3232 2374 ἄδικα
3250 2319 3379 2392 ξίφη
3398 2322 3540 2375 κατὰ
3560 2324 3781 2378 πάντων

2184 2408 2490 2480 ἐγύμνωσε,
2517 2410 2759 2474 καὶτοὺς
2790 2411 3001 2476 ἀθῴους
3027 2413 3166 2482 μετὰ
3186 2413 3293 2467 τῶν
3313 2414 3629 2469 ὑπευθύνων
3646 2434 3782 2471 κατ-

2184 2502 2441 2557 έκτεινεν.
2486 2502 2659 2556 Ἑπτὰ
2686 2502 2830 2573 γὰρ,
2876 2503 2951 2568 ὥς
2980 2523 3165 2572 φασιν,
3208 2507 3555 2579 ἀνῃρέθησαν
3600 2511 3781 2580 χιλιάο

2182 2592 2292 2656 δες,
2321 2594 2379 2646 οὑ
2397 2593 2633 2664 κρίσεως
2661 2596 3037 2667 ἡγησαμένης,
3063 2598 3157 2650 καὶ
3181 2599 3293 2652 τῶν
3314 2600 3381 2653 τὰ
3413 2600 3561 2654 δεινὰ
3590 2603 3779 2656 ἐκεῖνα

2181 2684 2593 2754 τετολμηκότων
2642 2686 3105 2759 κατακριθέντων,
3163 2688 3279 2742 ἀλλ’
3341 2690 3416 2754 ὡς
3463 2693 3522 2745 ἐν
3578 2693 3779 2766 ἀμήτῳ

2184 2776 2401 2830 πάντων
2427 2776 2562 2846 ὁμοῦ
2587 2777 2744 2850 δίκην
2771 2779 3058 2848 ἀσταχύων
3092 2782 3573 2853 κατατμηθέντων.

2256 2864 2407 2939 [220]
2441 2867 2658 2939 Ταύτην
2684 2868 2872 2940 μαθὼν
2903 2872 3002 2942 τὴν
3032 2872 3285 2942 ὀδυρμῶν
3322 2875 3601 2946 γέμουσαν
3633 2893 3779 2947 συμ-

2182 2959 2355 3031 φορὰν
2407 2958 2734 3031 Ἀμϐρόσιος
2764 2962 2993 3028 ἐκεῖνος,
3043 2958 3104 3018 οὗ
3155 2965 3419 3031 πολλάκις
3469 2969 3775 3043 ἐμνήσθην,

2182 3051 2514 3122 ἀφικόμενον
2534 3055 2614 3116 είς
2636 3054 2963 3108 Μεδιόλανον
2992 3056 3085 3109 τὸν
3116 3057 3361 3128 βασιλέα,
3398 3061 3493 3115 καὶ
3525 3063 3776 3134 συνήθως

490 3128 645 3166 crum
679 3118 948 3186 templum
1009 3119 1076 3175 de
1129 3137 1281 3175 more
1332 3125 1545 3196 ingredi
1606 3129 1801 3194 vellet,
1857 3133 2077 3189 obviam

2181 3145 2260 3206 είς
2286 3144 2378 3196 τὸν
2414 3143 2554 3198 θεῖον
2587 3144 2850 3199 είσελθεῖν
2882 3145 3216 3218 βουληθέντα
3244 3152 3403 3218 νεὼν,
3452 3153 3775 3226 ὑπαντήσας

488 3207 798 3274 procedens
837 3218 993 3263 extra
1033 3215 1406 3279 vestibulum,
1449 3219 1628 3273 sacris
1677 3220 1827 3284 illum
1868 3224 2077 3278 limini-

490 3297 595 3352 bus
624 3298 814 3369 pedem
849 3300 1054 3357 inferre
1083 3305 1180 3359 tali
1216 3309 1472 3363 oratione
1503 3311 1676 3364 vetuit
1709 3326 1722 3362 :
1763 3330 1781 3363 ι
1815 3313 2079 3383 Iguorare

489 3388 697 3442 \idcris
717 3429 731 3451 ,
762 3404 797 3444 ο
821 3390 1141 3461 imperator,
1172 3407 1397 3466 patrata:
1420 3415 1449 3453 a
1484 3411 1534 3454 te
1564 3402 1733 3457 caulis
1761 3416 1969 3474 quanta
2006 3407 2078 3463 sit

490 3481 854 3550 magnitudo,
897 3499 1075 3554 neque
1121 3487 1303 3543 adhuc
1341 3501 1467 3561 post
1507 3493 1752 3547 sedatam
1797 3496 1932 3550 iram
1980 3497 2077 3552 ad-

490 3570 723 3625 missum
785 3572 1005 3631 facinus
1056 3579 1200 3633 ratio
1260 3582 1519 3651 pervidit.
1573 3582 1691 3638 Non
1745 3585 1880 3641 sinit
1929 3589 2074 3643 enim

492 3660 728 3719 fortasse
751 3665 1106 3736 imperatoria
1127 3678 1376 3740 potestas
1399 3683 1686 3744 peccatum
1709 3692 2072 3748 cognoscere,

489 3755 803 3826 rationique
835 3760 1096 3817 tenebras
1126 3763 1365 3819 offundit
1395 3769 1760 3839 principatus.
1794 3774 1863 3826 At
1888 3781 2072 3829 tamen

488 3858 742 3902 naturam
779 3858 832 3905 te
877 3866 1044 3907 nosse
1077 3869 1175 3923 par
1212 3865 1334 3923 cst,
1371 3874 1538 3928 quam
1573 3862 1790 3931 fragilis
1824 3872 1879 3919 et
1927 3866 2073 3921 ﬂuxa

487 3938 590 4005 sit,
629 3939 945 4012 avitumque
978 3945 1257 4014 pulverem
1282 3965 1349 4003 ex
1384 3967 1494 4020 quo
1522 3953 1628 4006 orti
1661 3970 1890 4023 sumus,
1931 3966 1986 4011 et
2017 3958 2071 4011 in

485 4048 649 4100 quem
680 4036 697 4055 ‘
734 4034 1085 4094 dilabimur:
1142 4057 1243 4095 nec
1302 4059 1560 4114 purpura:
1607 4045 1820 4117 fulgore
1871 4048 2073 4120 decep-

484 4130 623 4182 tum.
648 4125 901 4193 corporis
929 4128 1075 4196 quod
1100 4129 1191 4184 illa
1217 4133 1419 4201 tegitur
1448 4134 1885 4192 imbecillitatem
1914 4139 2071 4209 igno-

485 4226 632 4267 rare.
672 4213 879 4269 Natura
909 4218 1226 4287 conjunctis
1260 4223 1520 4294 princeps
1569 4226 1812 4296 imperas
1836 4269 1850 4292 ,
1905 4238 2072 4300 atque

484 4301 624 4354 adeo
651 4306 961 4360 conservis.
992 4305 1145 4364 Unus
1175 4313 1323 4365 enim
1357 4328 1610 4368 omnium
1646 4316 1765 4370 Rex
1794 4328 1848 4371 et
1881 4317 2070 4373 Domi-

485 4408 628 4453 nus.
661 4393 932 4449 Conditor
962 4398 1374 4456 universorum.
1421 4402 1640 4469 Quibus
1678 4406 1846 4477 igitur
1889 4409 2069 4465 oculis

483 4486 796 4541 communis
820 4487 1036 4543 Domini
1058 4493 1324 4563 templum
1358 4496 1637 4565 aspicies?
1672 4497 1879 4567 quibus
1914 4499 2064 4570 pedi.
2100 4478 2147 4534 D

481 4574 588 4632 bus
616 4592 834 4634 sacrum
870 4580 1006 4637 illud
1037 4583 1216 4637 solum
1252 4586 1496 4640 calcabis
1517 4588 1541 4641 ?
1562 4591 1842 4657 quomodo
1871 4607 2068 4650 manus

482 4669 750 4727 extendes
784 4670 1005 4742 injustae
1035 4677 1202 4732 caedis
1237 4680 1505 4748 sanguine
1534 4679 1717 4737 adhuc
1756 4685 2070 4744 stillantes?

482 4761 758 4829 quomodo
812 4764 1024 4836 1047
1084 4766 1402 4836 huiusmodi
1456 4773 1716 4829 manibus
1766 4791 2067 4849 sacrosan-

481 4858 631 4905 ctum
668 4851 881 4906 Domini
912 4872 1116 4926 corpus
1144 4860 1422 4930 accipies?
1446 4865 1725 4933 quomodo
1757 4870 2062 4938 pretiosum

481 4942 563 4996 ori
601 4945 924 5014 sanguinem
962 4948 1320 5016 admuvebis,
1358 4955 1452 5024 qui
1497 4952 1685 5013 furore
1730 4968 1892 5017 actus
1941 4972 2064 5018 tan-

482 5041 596 5088 tum
630 5038 918 5107 sanguinis
950 5039 1163 5097 nefarie
1202 5045 1542 5113 prot’udisti?
1596 5048 1814 5107 Recede
1866 5054 2058 5123 igitur,

479 5133 536 5178 et
574 5132 709 5182 cave
741 5129 895 5196 prius
926 5132 1140 5188 crimen
1189 5138 1364 5191 altero
1390 5140 1624 5195 crimine
1655 5157 1859 5214 augere
1891 5161 2062 5201 cone-

480 5216 561 5271 ris
614 5236 627 5270 :
680 5220 778 5273 sed
816 5224 1096 5280 vinculum
1149 5227 1417 5298 admitte,
1452 5249 1563 5303 quo
1612 5242 1665 5289 te
1718 5238 1873 5308 ligari
1919 5237 2063 5295 Deus

480 5308 723 5361 omnium
758 5309 1025 5372 Dominus
1077 5332 1301 5376 sursum
1352 5325 1576 5394 probat.
1621 5326 1952 5384 Medicinam
2009 5330 2064 5385 id

2180 3233 2286 3300 ἔξω
2314 3234 2424 3286 τῶν
2454 3235 2767 3307 προθύρων,
2815 3239 3071 3310 ἐπιϐῆναι
3094 3241 3202 3294 τῶν
3228 3245 3389 3315 ίερῶν
3418 3248 3775 3318 προπυλαίων

2176 3326 2358 3379 τοιάδε
2405 3327 2579 3396 λέγων
2625 3328 2929 3384 ἐκώλυσεν⁹
2983 3352 3000 3384 ι
3039 3334 3153 3387 Οὐκ
3194 3330 3372 3403 οἶσθα,
3426 3337 3501 3402 ὡς
3530 3338 3697 3403 ἔοικε,
3725 3333 3774 3393 ὦ

2180 3418 2422 3489 βασιλεῦ,
2470 3421 2561 3489 τῆς
2613 3423 2988 3496 εἰργασμένης
3047 3429 3366 3497 μιαιφονίας
3408 3431 3468 3483 τὺ
3516 3416 3770 3502 μέγτεθος,

2175 3515 2297 3567 οὑδέ
2329 3515 2469 3585 μετὰ
2492 3518 2593 3589 τὴν
2621 3518 2715 3571 τοῦ
2746 3518 2922 3588 θυμοῦ
2954 3519 3169 3573 παῦλαν
3197 3522 3225 3574 ὁ
3260 3520 3520 3592 λογισμὸς
3552 3525 3773 3593 ἐπέγνω

2174 3605 2238 3659 τὸ
2278 3607 2570 3678 τολμηθὲν.
2606 3610 2721 3662 Οὑκ
2743 3611 2809 3679 ἐᾷ
2841 3610 2949 3682 γὰρ
2990 3611 3116 3674 ῐσως
3151 3612 3247 3682 τῆς
3280 3610 3561 3681 βασιλείας
3610 3617 3641 3686 ή
3672 3614 3768 3668 δύ-

2175 3716 2338 3769 ναμις
2363 3701 2402 3731 ¹⁷
2451 3701 2751 3770 ἐπιγνῶναι
2804 3703 2906 3773 τὴν
2946 3704 3246 3775 ἁμαρτίαν,
3292 3704 3408 3758 ἀλλ’
3442 3708 3773 3777 ἐπιπροσθεί

2177 3792 2208 3861 ἡ
2241 3790 2460 3855 ἐξουσία
2485 3793 2562 3864 τῷ
2591 3793 2858 3864 λογισμῷ.
2894 3796 3017 3867 Χρὴ
3068 3782 3250 3866 μέντοι
3296 3798 3492 3853 εἰδέναι
3516 3800 3614 3870 τὴν
3663 3786 3769 3869 qui?

2148 3895 2283 3947 πειν,
2314 3883 2408 3936 καὶ
2452 3883 2514 3937 τὺ
2556 3885 2759 3956 ταύτης
2795 3886 2990 3956 θνητόν
3021 3904 3079 3940 τε
3110 3889 3206 3942 καὶ
3236 3888 3509 3962 διαῤῥέον.
3544 3892 3638 3947 καὶ
3671 3892 3767 3944 τὸν

2173 3975 2440 4046 πρόγονον
2472 3976 2602 4046 χοῦν
2646 3978 2704 4042 ἐξ
2732 3972 2792 4032 οὑ
2838 3979 3165 4051 γεγόναμεν,
3226 3981 3317 4035 καὶ
3371 3983 3451 4046 είς
3500 3981 3558 4037 ὃν
3587 3984 3767 4056 ἀπορο

2173 4060 2393 4130 ρέομεν,
2427 4063 2520 4114 καὶ
2564 4064 2640 4134 μὴ
2668 4064 2749 4134 τῷ
2777 4066 2928 4119 ἄνθει
2963 4067 3063 4138 τῆς
3110 4067 3426 4140 ἁλουργῖδος
3456 4072 3762 4127 ἀποϐουκο-

2174 4149 2265 4202 λού
2275 4168 2436 4221 μενον
2464 4153 2527 4219 ¹⁸,
2562 4155 2775 4224 ἀγνοεῖν
2800 4157 2896 4210 τοῦ
2938 4159 3352 4230 καλυπτομένου
3380 4160 3630 4232 σώματος
3660 4164 3764 4234 τὴν

2170 4241 2478 4298 ἀσθένειαν.
2519 4244 2806 4316 Ὀμοφυῶν
2836 4247 3047 4320 ἄρχεις,
3078 4242 3124 4303 ὧ
3157 4249 3399 4320 βασιλεῦ,
3427 4255 3523 4327 καί
3561 4254 3660 4324 μὲν
3692 4254 3759 4327 δὴ

2170 4332 2264 4385 καὶ
2296 4334 2638 4404 ὁμοδούλων·
2685 4332 2765 4399 εἷς
2795 4339 2905 4410 γὰρ
2948 4341 3203 4396 ἁπάντων
3251 4345 3529 4416 Δεσπότης
3580 4348 3674 4400 καὶ
3731 4346 3762 4399 ὁ

2172 4423 2457 4489 Βασιλεὺς,
2492 4427 2651 4479 ὁτῶν
2678 4427 2815 4481 ὅλων
2849 4431 3214 4502 Δημιουργός.
3249 4434 3431 4498 Ποίοις
3474 4435 3652 4488 τοίνυν
3704 4435 3762 4488 ὀ-

2174 4515 2444 4587 φθαλμοῖς
2476 4517 2597 4587 ὄψει
2628 4518 2720 4571 τὸν
2753 4518 2846 4572 τοῦ
2887 4522 3064 4575 κοινοῦ
3098 4524 3369 4578 Δεσπότου
3389 4524 3556 4591 vet-3v;
3582 4527 3759 4592 ποίοις

2164 4607 2222 4662 δὲ
2253 4609 2380 4663 ποσὶ
2401 4609 2462 4663 τὸ
2482 4610 2710 4665 δάπεδον
2732 4613 2907 4667 ἐκεῖνο
2940 4618 3205 4685 πατήσεις
3232 4617 3292 4670 τὸ
3324 4618 3483 4686 ἅγιον
3506 4636 3521 4685 ;
3558 4620 3675 4683 πῶς
3699 4620 3757 4674 δὲ

2165 4700 2265 4765 τὰς
2310 4704 2501 4773 χεῖρας
2556 4705 2793 4769 ἐκτενεῖς
2839 4707 3259 4773 ἀποσταξούσας
3299 4709 3380 4763 ἔτι
3429 4710 3523 4763 τοῦ
3563 4712 3754 4766 ἀδίκου

2166 4794 2333 4862 φόνου
2358 4793 2419 4846 τὸ
2463 4789 2637 4866 uitta;
2663 4796 2782 4861 πῶς
2807 4798 2863 4851 δέ
2894 4798 3177 4864 τοιαύταις
3203 4801 3440 4874 ὑποδέξῃ
3468 4803 3626 4876 χερσὶ
3656 4802 3757 4857 τοῦ

2166 4885 2439 4937 Δεσπότου
2488 4886 2551 4940 τὸ
2583 4888 2851 4956 πανάγιον
2903 4890 3094 4959 adma;
3145 4893 3262 4961 πῶς
3301 4893 3358 4947 δὲ
3394 4895 3472 4965 τῷ
3522 4896 3756 4966 στόματι

2165 4975 2480 5045 προσοίσεις
2511 4977 2572 5031 τὸ
2595 4972 2735 5049 αἷμα
2763 4980 2824 5032 τὸ
2863 4981 3065 5051 τίμιον,
3094 4983 3348 5038 τοσοῦτον
3382 4984 3472 5038 διὰ
3516 4986 3609 5040 τὸν
3658 4986 3756 5041 τοῦ

2165 5063 2340 5135 θυμοῦ
2360 5065 2520 5135 λόγον
2544 5070 2739 5140 ἐκχέας
2763 5072 3097 5144 παρανόμως
3127 5069 3299 5144 αἷμας
3329 5076 3521 5130 ’Δπιθι
3546 5080 3753 5145 τοίνυν,

2165 5155 2260 5208 καὶ
2300 5158 2374 5228 μὴ
2422 5160 2598 5231 πειρῶ
2639 5164 2752 5225 τοῖς
2800 5164 3073 5234 δευτέροις
3115 5168 3215 5238 τὴν
3251 5167 3527 5240 προτέραν
3566 5168 3756 5234 αὔξειν

2166 5250 2538 5321 παρανομίαν,
2579 5253 2673 5307 καὶ
2702 5254 2858 5326 δέχου
2901 5256 2992 5309 τὸν
3037 5258 3237 5329 δεσμὸν
3268 5252 3313 5327 ᾧ
3337 5263 3366 5315 ὁ
3390 5261 3524 5323 Θεὸς
3567 5263 3597 5315 ὁ
3641 5263 3755 5315 τῶν

2163 5341 2303 5396 ὅλων
2323 5345 2604 5417 Δεσπότης
2650 5348 2855 5402 ἄνωθεν
2884 5349 3098 5418 γίνεται
3127 5352 3436 5424 σύμψηφος.
3489 5351 3753 5423 Ἰατρικὸς

1804 5487 2039 5545 νΑιιιΑῖ
2077 5492 2466 5556 LECTIONES

551 5560 596 5637 ’ξ
620 5569 1005 5637 γεγενημένων
1049 5573 1258 5630 addunt
1289 5584 1502 5634 caeteras
1549 5580 1710 5635 editt.
1745 5581 1820 5637 Ea

1851 5599 2329 5674 qutuuscq‘uuqtur
2360 5613 2385 5674 _:
2428 5597 2525 5651 καὶ
2565 5597 2859 5674 τιςερίᾈριο.
2907 5616 3051 5674 n_ovo
3085 5603 3272 5674 capiti
3313 5606 3478 5674 paulo
3516 5605 3749 5663 inferius

479 5630 491 5642 .
809 5629 839 5637 __
1246 5629 1253 5630 κ
1301 5629 1499 5634 ___~-_-_
1554 5629 1710 5635 -u-vv-
1745 5629 1820 5637 —--
1852 5629 1975 5655 ειν-υ
2019 5629 2318 5658 νκ-ιιιυυιιιι
2371 5636 2384 5650 α
2429 5629 2525 5651 hu"
2565 5629 2715 5669 ἰιιειιφ
2747 5629 2859 5652 CD“.
2908 5629 3051 5656 "UVU
3104 5629 3272 5672 capt"
3314 5629 3478 5674 paulo
3516 5629 3749 5663 "Herius

770 5640 1422 5745 astcarci‘qtapreperluntur.
1481 5649 1524 5683 ¹⁸
1558 5650 1666 5705 τῶν
1693 5654 1842 5712 addit
1877 5656 2043 5712 Basil.
2084 5660 2178 5714 Gr.
2216 5662 2257 5696 ³⁷
2291 5666 2325 5734 ή
2356 5665 2666 5734 δυναστεία,
2702 5667 2867 5724 Basil.
2915 5669 3034 5738 Gr.,
3083 5672 3312 5745 Nicepb.
3359 5677 3393 5732 Ι.
3421 5693 3471 5732 c.
3527 5678 3571 5711 "
3611 5678 3750 5733 ἁπο-

664 5734 674 5745 ι
754 5743 764 5745 _
916 5723 926 5745 Ι
1028 5726 1077 5745 -l‘

479 5698 766 5772 ὕουκολόμ.
808 5698 971 5777 Basil.
1003 5709 1098 5765 Gr.
