4124 6402
309 463 452 527 1233

1339 455 1936 520 ECCLESIASTICE
1995 453 2380 516 HISTORIE
2435 455 2582 516 LIB.
2627 435 2703 516 'v.

3433 431 3583 512 [teat

305 574 366 628 δὲ
397 569 575 639 οὗτος,
620 568 716 628 καί
765 571 1018 644 πρόξενος
1061 569 1288 642 ὑγιείας.
1337 591 1355 624 ι
1391 573 1612 637 Τούτοις
1661 571 1812 636 εἴξας
1865 573 1892 624 6

1999 571 2199 637 faciet,
2247 572 2657 640 sanitatemque
2706 567 2987 622 restituet.
3051 585 3069 618 ο
3123 564 3220 620 His
3268 564 3454 620 verbis
3486 565 3584 634 riu-

307 663 567 738 βασιλεὺς
615 665 730 727 τοϊς
765 664 965 733 λόγοις,
1009 665 1122 729 τοῖς
1152 663 1264 736 γὰρ
1293 662 1458 727 θείοις
1503 662 1706 732 λογίοις
1743 665 1894 717 ὲντε-

305 755 628 828 θραμμένος
653 755 770 827 ᾔδει
798 753 986 826 σαφῶς
1015 754 1136 810 τίνα
1171 754 1270 826 μὲν
1301 753 1408 808 τῶν
1443 755 1656 827 ἱερέων,
1686 753 1808 808 τίνα
1836 755 1894 808 δὲ

301 847 419 900 τῶν
475 845 744 918 βασιλέων
788 846 919 912 ἴδια,
947 847 1148 902 στένων
1177 846 1274 901 καὶΙ
1305 846 1558 918 δακρύων
1589 845 1894 916 ἐπανῆλθεν

303 939 386 1002 είς
428 939 501 992 τὰ
531 937 798 1008 βασίλεια.
833 939 1043 1008 Χρόνου
1067 937 1124 992 δὲ
1161 937 1356 1008 συχνοῦ
1404 936 1722 1002 διελθόντος,
1749 937 1895 992 ὀκτὼ

303 1027 418 1102 γὰρ
455 1029 820 1100 ἀναλὼθησαν
866 1031 1055 1100 μῆνες,
1102 1027 1403 1083 κατέλαϐεν
1445 1029 1479 1100 ὴ
1511 1027 1606 1082 τοῦ
1641 1029 1896 1099 Σωτῆρος

301 1120 470 1190 ἡμῶν
507 1121 779 1188 γενέθλιος
813 1121 974 1189 ἑορτή
999 1137 1011 1152 α
1065 1121 1094 1172 6
1123 1119 1181 1174 δὲ
1213 1119 1467 1190 βασιλεὺς
1498 1121 1558 1172 ὲν
1583 1121 1696 1182 τοῖς
1737 1119 1894 1188 βασις

301 1211 476 1276 λείοις
492 1213 537 1244 "
558 1213 824 1282 καθῆστο,
845 1209 942 1282 τὴν
959 1210 1066 1263 τῶν
1081 1209 1332 1280 δακρύων
1353 1211 1660 1266 ἀναλίσκων
1676 1211 1890 1266 λιϐάδα.

303 1305 482 1358 Τοῦτο
503 1303 838 1374 θεασάμενος
876 1303 1173 1373 Ῥουφϊνος,
1197 1303 1498 1375 μάγιστρος
1519 1303 1574 1358 δὲ
1596 1303 1897 1374 τηνικαῦτα

297 1393 394 1470 ἦν,
422 1399 519 1452 καὶ
547 1397 749 1468 πολλῆς
781 1403 997 1470 μετεῖχε
1014 1401 1060 1431 ³⁸
1092 1399 1422 1472 παρρησίας,
1455 1398 1550 1454 am
1573 1399 1637 1471 δὴ
1671 1398 1897 1470 συνηθέ-

305 1505 504 1560 στερος
527 1488 622 1556 ὣν,
657 1489 975 1570 προσελθῶν
1007 1491 1172 1562 ἤρετο
1201 1491 1308 1544 τῶν
1335 1491 1586 1562 δακρύων
1607 1491 1668 1544 τὸ
1698 1492 1894 1548 αῐτιον.

315 1583 376 1636 Ὅ
431 1583 490 1636 δὲ
543 1580 756 1652 πικρῶς
798 1579 949 1654 [29.1]
1003 1580 1332 1652 ἀνοιμώξας,
1391 1582 1484 1636 καὶ
1534 1582 1896 1654 σφοδρότερον

308 1674 553 1744 προχὲας
585 1673 646 1727 τὸ
673 1673 937 1742 δάκρυονο
987 1693 1006 1726 ι
1043 1675 1114 1726 Σὺ
1139 1673 1258 1744 μὲν.
1290 1675 1416 1745 ἔφη,
1468 1673 1734 1744 Ῥουφῖνε,
1773 1675 1898 1729 παί-

299 1764 445 1830 ζεις,
478 1765 591 1818 τῶν
620 1765 730 1835 γὰρ
757 1765 908 1835 ἐμῶν
946 1766 1048 1818 οὐκ
1077 1765 1381 1836 ὲπαισθάνῃ
1438 1764 1654 1819 κακῶν·
1688 1764 1799 1833 ἐγὼ
1840 1765 1898 1819 δὲ

301 1857 482 1911 στένω
513 1858 610 1910 καὶ
638 1857 974 1929 ὀλοφύρομαι
1005 1855 1104 1928 τὴν
1135 1855 1375 1928 ἐμαυτοῦ
1415 1855 1704 1929 συμφορὰν
1745 1857 1894 1927 λογι-

297 1949 558 2018 ζόμενος.
591 1949 668 2012 ὡς
696 1951 812 2012 τοῖς
863 1949 962 2019 μὲν
994 1948 1234 2011 οἰκέταις
1283 1949 1376 2002 καὶ
1411 1951 1526 2012 τοῖς
1567 1949 1892 2020 προσαίταις

297 2039 496 2102 ἄνετος
528 2041 556 2093 6
584 2038 728 2104 θεῖος
757 2039 915 2103 νεὼς,
949 2041 1041 2093 καὶ
1073 2041 1304 2093 εἰσίασιν
1345 2039 1536 2104 ἀδεῶς,
1563 2041 1660 2093 καὶ
1687 2040 1779 2094 τὸν
1811 2041 1890 2093 οί-

299 2131 454 2184 κεῖον
485 2129 856 2185 ἀντιϐολοῦσιν
881 2131 1178 2202 Δεσπότην,
1213 2132 1336 2200 ἐμοὶ
1368 2130 1424 2184 δὲ
1455 2132 1549 2185 καὶ
1573 2125 1726 2196 οὗτος
1755 2131 1884 2186 ἄϐα-

295 2237 419 2285 τος,
461 2223 558 2276 καὶ
590 2223 730 2294 πρὸς
759 2223 934 2292 τούτῳ
970 2222 1063 2294 μοι
1111 2224 1140 2274 6
1183 2224 1409 2294 οὐρανὸς
1445 2223 1885 2278 ἀποκέκλεισται.

295 2311 610 2382 Μέμνημαι
641 2312 750 2382 γὰρ
781 2313 878 2383 τῆς
919 2313 1256 2382 Δεσποτικῆς
1285 2313 1490 2383 φωνῆς,
1521 2314 1554 2384 ἠ
1589 2312 1888 2384 διαρρήδην

297 2404 474 2474 φησίν
497 2421 512 2434 ·
563 2422 582 2456 ι
624 2406 688 2458 ’Ὀ
719 2405 814 2458 ἐὰν
845 2404 1042 2477 δήσητε
1077 2405 1169 2458 ἐπὶ
1199 2406 1298 2476 τῆς
1328 2407 1450 2476 γῆς,
1483 2404 1636 2458 ἔσται
1671 2404 1890 2475 δεδεμέ-

296 2511 395 2550 νον
428 2497 488 2546 ὲν
513 2497 626 2560 τοῖς
659 2497 930 2566 οὐρανοῖς.
971 2515 990 2548 ι
1029 2497 1090 2550 Ὀ
1117 2495 1204 2549 δέ’
1243 2514 1260 2547 ι
1306 2493 1653 2566 Δραμοῦμαι,
1687 2494 1812 2565 ἔφη,
1840 2495 1895 2547 εἴ

295 2603 389 2641 σοι
421 2587 588 2651 δοκεῖ,
627 2587 722 2640 καὶ
756 2587 847 2642 τὸν
877 2581 1139 2660 ἀρχιερέα
1193 2587 1366 2641 πείσω
1393 2588 1702 2659 λιπαρήσας
1729 2586 1889 2640 λῦσαί

295 2689 402 2733 σου
430 2681 477 2712 ’⁸
508 2676 576 2734 τά
622 2679 816 2751 δεσμά.
883 2697 903 2734 ι
963 2697 982 2732 ι
1009 2681 1084 2734 Οὐ
1115 2679 1385 2746 πείσεται,
1416 2679 1520 2752 ἔφη
1547 2681 1576 2734 6
1615 2679 1887 2751 βασιλεὺς.

295 2765 440 2824 Οἶδα
478 2771 589 2843 γὰρ
631 2771 744 2841 ἐγὼ
795 2773 897 2843 τῆς
957 2771 1284 2843 ’Λμϐροσίου
1333 2771 1516 2842 ψήφου
1561 2771 1623 2825 τὸ
1659 2771 1889 2838 δίκαιον,

292 2861 427 2917 οὐδὲ
459 2863 728 2927 αἰδεσθεὶς
775 2867 872 2936 τῆς
905 2863 1183 2934 βασιλείας
1220 2865 1321 2936 τὴν
1359 2864 1608 2930 ἐξουσίαν
1629 2867 1720 2920 τὸν
1750 2865 1892 2920 θεῖθν

297 2954 690 3026 παραϐήσεται
713 2955 896 3026 νόμον.
930 2975 948 3008 ι
987 2955 1207 3028 Ἐπειδὴ
1229 2956 1286 3010 δὲ
1312 2957 1520 3012 πλείοσι
1548 2959 1894 3030 χρησάμενος

295 3045 331 3098 6
369 3045 654 3114 Ῥουφῖνος
687 3046 866 3116 λόγοις
891 3047 1100 3102 πείθειν
1132 3047 1396 3119 ὑπέσχετο
1423 3047 1514 3103 τὸν
1546 3050 1890 3121 Ἀμϐρόσιον,

298 3135 564 3191 ἀπελθεῖν
607 3138 768 3192 αὑτὸν
815 3141 844 3193 6
895 3139 1150 3210 βασιλεὺς
1191 3141 1334 3194 κατά
1377 3141 1545 3211 τάχος
1602 3141 1888 3196 ἐκέλευσε·

297 3230 398 3282 καὶ
432 3229 596 3293 αὐτὸς
623 3229 700 3294 δὲ,
735 3230 844 3284 ὑπὸ
886 3231 989 3302 τῆς
1021 3231 1236 3294 ἐλπίδος
1261 3231 1632 3305 βουκοληθεὶς,
1665 3233 1895 3302 ἠκολού-

301 3321 442 3392 θησε
502 3322 640 3385 μετά
696 3322 892 3394 βραχὺ,
933 3326 1051 3388 ταῖς
1089 3325 1420 3394 ὑποσχέσεσι
1468 3325 1564 3378 τοῦ
1609 3327 1895 3396 Ῥουφὶνου

299 3409 554 3476 πεισθείς
572 3412 640 3466 ³⁸.
693 3413 903 3466 Αὐτίκα
950 3413 1007 3466 δὲ
1061 3414 1152 3467 τὸν
1221 3416 1502 3483 Ῥουφῖνον
1535 3416 1658 3470 ἰδὼν
1687 3418 1714 3471 6
1754 3418 1898 3482 θεῖος

313 3501 674 3574 ’Λμϐρόσιοςο
711 3523 731 3555 ι
767 3504 878 3573 Τὴν
909 3504 1018 3558 τῶν
1045 3505 1224 3558 κυνῶν
1252 3505 1553 3569 ἀναίδειαν,
1573 3507 1698 3578 ἔφη,
1740 3509 1894 3562 Ῥου-

298 3594 447 3659 φῖνε,
491 3594 695 3664 ξηλοϊς.
740 3587 1024 3667 Τοσαύτης
1069 3597 1176 3668 γὰρ
1231 3600 1546 3669 μιαιφονίας
1604 3601 1895 3670 γενόμενος

299 3682 634 3754 σύμϐουλος,
681 3687 782 3758 τὴν
830 3686 964 3740 αίδὼ
995 3687 1104 3739 τῶν
1154 3686 1422 3757 μετώπων
1465 3689 1764 3754 ἅπέξυσας,
1799 3692 1893 3744 καὶ

295 3772 428 3830 οὔτε
457 3775 739 3846 ἐρυθριᾷς,
769 3775 892 3829 οὔτε
925 3775 1124 3840 δέδιας,
1155 3776 1410 3830 τοσοῦτον
1447 3777 1587 3832 κατὰ
1614 3779 1712 3848 τῆς
1741 3777 1894 3844 θείας

297 3863 576 3936 λυττήσας
615 3867 844 3932 εἰκόνος.
883 3887 902 3916 ι
945 3868 1162 3938 Ἐπειδὴ
1197 3868 1256 3921 δὲ
1301 3871 1330 3921 6
1374 3869 1651 3937 Ῥουφῖνος
1678 3871 1892 3940 ἠντιϐό-

294 3955 406 4020 λει,
430 3957 525 4010 καὶ
549 3959 642 4010 τον
665 3955 889 4028 βασιλέα
912 3958 1094 4026 ἔλεγεν
1115 3959 1289 4031 ἥξειν,
1314 3960 1419 4014 ὑπὸ
1441 3959 1532 4014 τοῦ
1559 3959 1709 4014 θείου
1727 3961 1890 4033 ζήλου

298 4049 682 4120 πυρποληθεὶς
755 4051 1082 4121 Ἀμϐρόσιος
1141 4053 1168 4104 6
1223 4051 1543 4116 θεσπέσιος·
1615 4070 1634 4103 α
1717 4053 1888 4124 Ἐγὼ,

301 4138 413 4208 ἔφή
429 4139 494 4203 ⁸⁸,
524 4135 568 4194 ὦ
623 4142 894 4209 Ῥουφῖνε,
949 4142 1198 4213 προλέγω
1225 4143 1298 4206 ὡς
1330 4143 1560 4198 κωλύσω
1586 4143 1695 4197 τῶν
1727 4145 1890 4217 ἱερῶν

302 4231 468 4284 αὑτὸν
491 4234 749 4304 ἐπιϐῆναι
772 4237 816 4267 ’⁵
849 4235 1156 4308 προθύρων.
1187 4235 1250 4288 El
1280 4235 1336 4288 δὲ
1365 4237 1446 4300 εἰς
1473 4236 1764 4308 τυραννίδα
1792 4237 1890 4309 τὴν

304 4322 588 4394 βασιλείαν
633 4327 944 4398 μεθίστησι,
973 4327 1197 4398 δέξομαι
1227 4327 1384 4396 κάγὼ
1421 4328 1537 4398 μεθ’
1567 4330 1763 4401 ἡδονῆς
1791 4333 1892 4403 τὴν

299 4419 547 4488 σφαγήν.
583 4438 600 4469 ι
636 4419 854 4472 Τούτων
876 4421 904 4472 6
945 4420 1223 4490 Ῥουφίνος
1251 4420 1512 4485 ἀκούσας,
1539 4423 1777 4493 ἐμήνυσε
1804 4422 1892 4478 διά

293 4523 446 4572 τινος
479 4508 559 4580 τῷ
613 4508 821 4579 βασιλεῖ
855 4511 946 4564 τὸν
982 4511 1078 4566 τοῦ
1113 4513 1545 4584 ἀρχιεπισκόπου
1569 4513 1615 4545 ’⁸
1665 4515 1888 4582 σκοπὸν,

1995 661 2171 716 ﬂexus
2217 661 2522 732 imperator
2579 657 2657 724 (in
2685 655 2892 712 divinis
2946 657 3095 712 enim
3157 655 3398 727 eloquiis
3449 654 3586 709 edu-

1993 759 2154 806 catus
2179 753 2430 823 apprime
2467 757 2647 814 norat,
2677 762 2928 819 quaenam
2976 748 3334 803 sacerdotum
3393 751 3585 800 essent

1993 849 2222 910 partes.
2283 852 2338 897 et
2393 855 2646 912 quamam
2703 837 3163 910 imperatorum),
3201 853 3329 894 cum
3377 837 3584 907 gemitu

1993 943 2049 988 et
2113 933 2373 1004 lacrymis
2457 933 2620 987 rediit
2687 931 2740 986 in
2803 931 3084 1001 palatium.
3147 929 3338 1000 Longo
3399 936 3582 981 autem

1994 1033 2120 1094 post
2171 1033 2452 1093 tempore,
2512 1033 2640 1078 octo
2697 1023 2985 1078 mensibus
3033 1022 3392 1093 interlapsis,
3448 1019 3583 1075 Ser-

1995 1114 2202 1169 vatoris
2238 1113 2411 1172 nostri
2450 1115 2652 1169 natalis
2704 1114 2823 1168 dies
2853 1113 3190 1180 advenerat,
3229 1120 3284 1168 et
3343 1112 3584 1182 impera-

1995 1213 2080 1258 tor
2131 1205 2186 1258 in
2240 1205 2446 1274 palatio
2497 1203 2776 1260 residebat
2831 1219 3084 1274 magnam
3134 1205 3246 1257 vim
3290 1201 3580 1258 effundens

1995 1297 2390 1368 lacrymarmn.
2433 1296 2591 1362 Quod
2626 1311 2753 1352 cum
2790 1295 3278 1351 animadvertisset
3310 1293 3581 1357 Ruﬁnus,

1995 1393 2089 1463 qui
2116 1395 2381 1463 magister
2413 1394 2720 1450 olﬁclorum
2765 1403 2895 1450 tunc
2918 1401 3062 1461 erat,
3091 1401 3146 1448 et
3171 1407 3386 1449 summa
3415 1392 3582 1446 liber-

1996 1493 2111 1540 tate
2167 1495 2228 1541 ut
2287 1487 2763 1548 familiarissimus
2819 1494 3104 1556 utebatur.
3162 1493 3341 1562 ipsum
3394 1488 3586 1544 adiens

1997 1593 2225 1634 causam
2254 1579 2410 1637 lletus
2445 1592 2827 1653 percontatur.
2865 1587 2936 1639 At
2971 1585 3065 1640 ille
3088 1582 3470 1640 vehementius
3502 1581 3587 1635 in-

1997 1671 2345 1743 gemiscens,
2401 1683 2455 1728 et
2487 1675 2774 1732 uberiores
2810 1678 2864 1731 in
2915 1677 3192 1746 laerymas
3239 1686 3536 1742 erumpens
3569 1690 3583 1725 :

2003 1783 2022 1815 ε
2067 1765 2273 1832 Ludis,
2305 1767 2522 1837 inquit,
2560 1776 2616 1822 tu
2643 1808 2657 1832 ,
2693 1767 2924 1833 Ruﬁne,
2963 1783 3080 1823 mea
3110 1767 3257 1821 enim
3293 1764 3434 1818 mala
3476 1777 3586 1816 non

1999 1859 2176 1914 sentis
2221 1876 2236 1914 :
2275 1875 2376 1930 ego
2409 1879 2539 1916 vero
2579 1877 2738 1933 gemo
2783 1870 2835 1916 et
2875 1862 3073 1930 lugeo,
3119 1874 3294 1915 meam
3331 1856 3588 1914 conside-

2001 1965 2129 2005 rans
2163 1944 2568 2016 calamitatem,
2601 1952 2750 2023 quod
2784 1954 2964 2008 servis
2987 1960 3044 2006 et
3093 1950 3363 2006 mendicis
3401 1949 3468 2004 ad
3503 1948 3586 2002 di-

2001 2039 2187 2094 vinum
2219 2042 2484 2110 templum
2532 2051 2716 2113 pateat
2747 2043 2936 2099 aditus
2957 2081 2972 2106 ,
3011 2042 3333 2112 intrentque
3364 2039 3584 2104 Securi,

1997 2141 2051 2186 et
2083 2131 2318 2187 Domino
2364 2149 2468 2189 suo
2512 2135 2827 2206 supplicent
2859 2153 2872 2190 :
2911 2135 3046 2188 mihi
3093 2148 3223 2189 vero
3251 2143 3306 2188 et
3340 2133 3590 2186 inacces-

1998 2237 2122 2278 sum
2149 2225 2282 2278 illud
2308 2224 2415 2290 sit,
2448 2233 2504 2280 et
2535 2229 2734 2280 coelum
2761 2227 2992 2295 insuper
3017 2225 3322 2281 occlusum.
3363 2223 3585 2280 Memini

1995 2315 2144 2378 enim
2194 2316 2536 2373 Dominicam
2586 2319 2962 2374 sententiam:
3023 2317 3404 2388 Quodcunque
3454 2316 3587 2384 liga-

1997 2409 2190 2464 veritis
2241 2424 2409 2479 super
2461 2417 2704 2476 terram,
2753 2411 2861 2466 erit
2890 2411 3118 2482 ligatum
3153 2420 3204 2464 et
3236 2411 3290 2463 in
3343 2407 3520 2464 ctelis.
3562 2425 3581 2459 ι

1997 2499 2096 2554 Cui
2131 2499 2404 2558 Ruﬁnus:
2443 2521 2460 2553 σ
2491 2503 2755 2568 Curram,
2789 2503 2834 2558 si
2867 2503 3076 2572 placet,
3111 2504 3178 2556 ad
3215 2499 3430 2572 1048
3453 2513 3588 2570 pon-

1999 2595 2236 2660 tiﬁcem,
2287 2607 2342 2649 et
2377 2595 2638 2665 precibus
2685 2596 2959 2650 adducam
3015 2603 3073 2649 ut
3129 2599 3310 2651 solvat
3358 2591 3578 2646 vincula

1997 2683 2378 2740 tuan—«Non
2416 2686 2688 2752 ﬂectetur,
2729 2687 3146 2758 aitimperator.
3179 2684 3316 2739 Nota
3344 2692 3431 2741 est
3456 2683 3586 2736 mihi

1998 2771 2234 2846 aequitas
2265 2779 2556 2833 sententiae
2583 2777 2860 2834 Ambrosii
2887 2818 2902 2843 ,
2945 2792 3126 2847 neque
3155 2775 3247 2831 ille
3279 2775 3586 2830 reverentia

2000 2869 2370 2939 imperatoriae
2405 2869 2698 2938 potestatis
2735 2869 2978 2925 divinam
3022 2879 3476 2936 transgressurus
3503 2876 3588 2921 est

1999 2959 2197 3028 legem.
2243 2979 2262 3012 ›
2305 2957 2412 3016 Sed
2447 2960 2691 3016 instante
2730 2959 2920 3015 multis
2970 2960 3155 3014 verbis
3178 2957 3415 3020 Ruﬁno,
3466 2959 3482 2978 ‘
3533 2964 3586 3010 et

1999 3053 2309 3122 spondente
2369 3067 2428 3108 se
2488 3067 2890 3124 persuasurum
2954 3038 3292 3115 Ambrosio,
3352 3063 3587 3119 propere

2000 3146 2152 3200 abire
2185 3145 2336 3199 illum
2365 3145 2523 3214 jubet
2559 3134 2884 3215 imperator.
2913 3155 3078 3215 atque
3110 3145 3261 3212 ipse,
3316 3141 3450 3197 l'alsa
3493 3157 3588 3210 spe

2002 3235 2292 3299 inductus,
2339 3237 2505 3306 paulo
2537 3243 2661 3307 pust
2691 3245 2920 3292 secutus
2959 3245 3079 3299 est,
3119 3231 3308 3289 Ruﬁni
3351 3233 3588 3303 prornis-

2001 3327 2081 3382 sis
2113 3329 2378 3382 Conﬁsus.
2416 3325 2594 3382 Simul
2629 3337 2812 3383 autent
2869 3335 2928 3382 ut
2963 3325 3224 3380 Ruﬁnum
3264 3325 3406 3380 vidit
3450 3323 3590 3376 divi-

2001 3433 2106 3472 nus
2140 3417 2519 3474 Ambrosius:
2561 3436 2580 3470 ι
2623 3418 2868 3484 Canum,
2929 3417 3147 3486 inquit,
3191 3414 3586 3486 impudentiam

1997 3508 2280 3562 aruuilaris
2301 3547 2316 3570 ,
2349 3506 2568 3562 Buline.
2600 3507 2794 3562 Tantae
2838 3507 2985 3560 enim
3036 3504 3205 3560 caedis
3233 3500 3590 3558 consiliarius

1999 3600 2266 3668 puriorem
2296 3599 2366 3653 de
2390 3598 2568 3654 fronte
2595 3599 2911 3654 abstersisti
2939 3638 2956 3662 ,
2981 3605 3036 3652 et
3067 3611 3246 3666 neque
3275 3593 3587 3658 erubescis,

1999 3707 2178 3760 neque
2201 3691 2468 3747 formidas
2495 3698 2618 3762 post
2643 3696 2851 3744 tantam
2879 3688 3151 3742 adversus
3171 3685 3418 3739 divinam
3451 3684 3586 3736 ima-

1996 3783 2175 3850 ginem
2218 3779 2515 3850 admissam
2550 3777 2783 3832 rabiem.
2823 3794 2842 3828 ι
2880 3775 3131 3844 Cumque
3173 3786 3368 3842 preces
3425 3769 3585 3822 adhi-

1996 3872 2148 3926 beret
2189 3867 2458 3932 liuﬁnus,
2495 3875 2548 3922 et
2601 3867 2989 3936 imperatorem
3055 3861 3206 3916 brevi
3264 3858 3584 3913 adfuturum

1995 3960 2244 4021 diceret,
2267 3958 2387 4013 zelo
2413 3957 2602 4011 divino
2630 3970 2938 4010 succensus
2966 3959 3198 4008 sanctus
3223 3947 3582 4004 Ambrosius:

2001 4071 2020 4105 ι
2069 4053 2138 4106 Αι
2169 4066 2306 4123 ego,
2355 4049 2576 4120 inquit,
2612 4048 2846 4113 Ruﬁne,
2896 4045 3140 4118 przrdico
3172 4043 3582 4114 prohibiturum

1997 4161 2084 4202 me
2122 4145 2274 4200 illum
2303 4159 2589 4198 sacrormn
2619 4142 2868 4196 liminum
2902 4141 3186 4208 ingressu.
3222 4135 3378 4202 Quod
3406 4135 3450 4189 si
3485 4133 3583 4187 im-

1995 4238 2208 4310 perium
2246 4235 2471 4290 mutarit
2507 4235 2561 4289 in
2605 4231 2995 4305 tyrannidem,
3039 4244 3164 4284 cum
3212 4228 3490 4299 voluptate
3531 4232 3585 4277 et

1993 4346 2095 4401 ego
2123 4328 2326 4386 eadem
2357 4328 2654 4398 excipiam.
2684 4345 2705 4376 ›
2737 4325 2836 4380 llis
2887 4324 3130 4386 auditis,
3169 4319 3404 4376 Ruﬁnus
3448 4335 3587 4390 pott-

1995 4422 2160 4476 tilicis
2202 4419 2498 4475 consilium
2543 4418 2863 4488 imperatori
2908 4431 3005 4484 per
3045 4413 3450 4468 internuntium
3505 4409 3584 4464 si-

1993 4513 2296 4585 gniﬁcavit,
2318 4513 2604 4582 suasitque
2627 4519 2684 4564 ut
2720 4511 2864 4563 intra
2883 4508 3148 4578 palatium
3171 4521 3231 4560 se
3252 4504 3584 4558 contineret.

293 4601 398 4652 καὶ
435 4599 622 4670 μένειν
653 4599 784 4654 εἴσω
812 4600 921 4654 τῶν
945 4601 1233 4672 βασιλείων
1261 4605 1588 4675 παρῄνεσεν.
1627 4606 1683 4658 '0
1707 4606 1763 4658 δὲ
1794 4606 1890 4676 βα-

1997 4603 2102 4656 Sed
2128 4603 2444 4672 imperator,
2476 4616 2601 4654 eum
2641 4600 2757 4654 hate
2799 4599 2982 4652 medio
3020 4598 3072 4650 in
3103 4596 3221 4650 foro
3262 4595 3580 4648 didicisset:

295 4689 513 4754 σιλεὺς.
571 4693 712 4746 κατά
775 4693 950 4764 μέσην
995 4695 1096 4764 τὴν
1147 4696 1356 4767 ἀγορὰν
1430 4697 1604 4750 ταῦτα
1661 4698 1891 4768 μαθὼνο

305 4799 328 4834 c
369 4784 624 4854 Ἀπειμι,
669 4785 796 4853 ἔφη,
829 4786 926 4839 καὶ
953 4786 994 4818 ’⁷
1043 4786 1142 4848 τὰς
1182 4787 1396 4852 δικαίας
1433 4790 1654 4860 δέξομαι
1699 4809 1892 4861 παροισ

294 4871 448 4936 νίας.
492 4891 510 4924 ι
555 4874 776 4946 Ἐπειδὴ
823 4877 881 4930 δὲ
925 4877 1052 4942 τοὺς
1081 4879 1260 4948 ἱεροὺς
1290 4878 1612 4950 περιϐόλους
1658 4882 1892 4936 κατέλα-

295 4967 421 5028 ϐεν,
451 4969 532 5023 είς
578 4967 680 5038 μὲν
709 4969 798 5022 τὸν
827 4968 971 5022 θεῖον
1009 4971 1110 5024 οὐκ
1139 4971 1452 5042 εἰσελήλυθε
1481 4975 1527 5005 ’³
1556 4972 1692 5026 νεών
1713 4992 1724 5003 ·
1755 4975 1893 5045 πρὸς

290 5056 362 5114 δὲ
411 5059 506 5112 τὸν
559 5060 823 5132 ἀρχιερέα
866 5064 1346 5134 παραγενόμενος,
1393 5065 1450 5118 ὲν
1487 5064 1544 5119 δὲ
1585 5065 1660 5136 τῷ
1712 5066 1892 5120 ἀσπα-

381 5235 401 5277 ί
433 5233 626 5290 Matth.
666 5253 819 5300 xvut,
851 5237 938 5292 18.

2001 4715 2017 4746 ι
2052 4697 2179 4761 Ibo,
2238 4695 2451 4766 inquit,
2501 4703 2555 4748 et
2595 4695 2776 4763 justas
2819 4690 3188 4746 contumelias
3226 4685 3520 4758 perierant.
3561 4705 3578 4737 ι

1994 4789 2132 4842 Cum
2155 4797 2337 4842 autem
2369 4785 2435 4840 ad
2466 4802 2632 4841 sacra
2659 4796 2812 4855 septa
2842 4783 3218 4856 pervenisset,
3245 4781 3299 4834 in
3335 4778 3582 4832 divinum

1995 4884 2255 4948 templqu
2288 4895 2397 4934 non
2441 4887 2527 4932 est
2555 4879 2878 4950 ingressus,
2920 4876 3014 4930 sed
3057 4873 3124 4928 ad
3168 4871 3481 4944 pontiﬁcem
3513 4871 3566 4923 in

1995 4971 2324 5026 Salutatorio
2343 4969 2673 5024 residentem
2697 4967 2988 5031 accedens,
3011 4973 3070 5019 nt
3092 4963 3330 5018 vinculis
3344 4962 3585 5016 solvere-

2001 5073 2091 5118 tur
2112 5061 2464 5119 obsecrabat.
2491 5059 2585 5116 lllc
2614 5077 2744 5117 vero
2771 5059 3120 5132 tyrannieum
3143 5056 3265 5126 ejus
3288 5055 3582 5144 adventum

1611 5353 1844 5410 VARIAE
1881 5354 2280 5413 LECTIONES.

375 5519 423 5590 ’μ’
459 5518 694 5590 ὀλοφμρό

699 5535 858 5590 μενος
897 5519 1108 5575 addunt
1145 5519 1315 5575 Basil.
1347 5516 1442 5574 Gr.
1464 5525 1531 5590 et
1558 5519 1904 5590 Stenhanici.
1963 5520 2202 5589 itemque
2245 5517 2604 5590 Nicephorius.
2659 5516 2986 5590 ζΟλοφὺρετο
3025 5514 3120 5590 ita}
3179 5515 3422 5590 καθῆστο
3461 5513 3579 5590 Pini

297 5587 500 5660 codex.
567 5584 965 5660 ἰ⁴”ι.ι.ιέ“ιτείληχε.
1009 5591 1129 5646 Piui
1164 5591 1331 5660 liber.
1381 5590 1424 5621 “
1458 5589 1518 5642 ὃν
1552 5587 1620 5642 ἂν
1657 5592 1867 5660 δήσητε
1893 5597 1948 5644 et
1979 5584 2141 5659 paulo
2168 5597 2292 5660 post
2321 5584 2626 5660 δεδεμένος.
2649 5584 2957 5660 Basil.;Gr.
2991 5598 3044 5660 et
3075 5585 3267 5660 Steph.
3302 5584 3582 5660 Sirmondi

298 5659 598 5732 lcetionem
636 5655 808 5732 magis
829 5655 1122 5732 conﬁrmat
1153 5659 1541 5732 Niceplmrus.
1575 5661 1633 5732 “_
1657 5655 1760 5712 σοι.
1784 5655 2151 5732 'lidem'cudcl.
2169 5655 2257 5732 ”]³
2285 5655 2606 5732 πιστεῦσαςη
2640 5657 2931 5732 Basil.__Gr.
2992 5655 3175 5732 ’ξίφη
3206 5665 3300 5732 est
3331 5656 3583 5732 Christo-

299 5729 499 5850 ghors.
549 5736 606 5783 et
638 5728 926 5800 Scaligeri.
981 5730 1149 5786 Basil.
1189 5728 1371 5784 GrCet
1397 5728 1588 5794 Steph.
1621 5729 1826 5783 habent
1857 5749 1868 5783 :
1905 5730 2022 5800 μέν.

347 5798 473 5850 asil.
503 5797 600 5850 Gr.
631 5809 684 5850 et
713 5801 905 5850 Steph.
937 5811 1022 5850 est
1050 5800 1339 5850 προϐῆναι.
1409 5802 1455 5831 ³⁸
1490 5800 1817 5850 ἀονιεοέωε.
1855 5799 2022 5850 Basil.

2107 5730 2154 5761 "
2186 5728 2278 5784 Sic
2305 5731 2650 5798 Chl-istoin»,
2691 5727 2894 5799 Senlig.
2931 5739 2983 5799 et
3022 5727 3333 5799 Casaubon.
3368 5728 3469 5779 Sed
3521 5729 3580 5799 in

347 5797 600 5872 asil.‘Gr.
631 5809 684 5854 et
713 5797 905 5868 Steph.
937 5811 1022 5854 est
1050 5800 1339 5872 προϐῆναι.
1379 5802 1466 5872 μ’μδί
1490 5797 2023 5872 ἀρχιερέωςηΒέιεὶΙ.
2056 5801 2154 5860 Gr.
2177 5813 2229 5856 et
2261 5801 2475 5872 Steph.,
2510 5799 2655 5870 quod
2691 5797 3046 5868 sequentibus
3085 5797 3259 5867 magis
3285 5798 3580 5852 consentit.

301 5869 346 5902 ³²
391 5869 487 5923 καί
535 5872 690 5926 abest
729 5886 759 5924 a
790 5873 1053 5941 Stephan.
1095 5869 1170 5903 7"
1194 5869 1552 5942 εἰσεληλύθει.
1589 5871 1752 5925 Basil.
1800 5871 1896 5925 Gr.
