4124 6402
521 416 658 484 L935

1473 416 1964 477 THEODORETI
1987 413 2326 477 EPISCOPI
2359 419 2721 482 CYRENSIS

3639 422 3784 488 1236

527 534 743 607 1049
771 534 1098 606 appellabat,
1130 533 1259 590 etin
1284 533 1451 589 Deum
1500 534 1683 590 furere
1729 535 2097 590 Theodosium

2203 535 2373 606 στικῷ
2412 532 2565 602 οὗτος
2610 541 2745 610 οἴκῳ
2786 538 3046 610 καθῆστο,
3098 540 3346 611 ἐλιπάρει
3397 541 3622 613 λυθῆναι
3668 545 3781 598 τῶν

524 626 727 690 aiebat,
756 627 988 696 ejusque
1013 627 1160 697 leges
1206 627 1556 681 conculcare.
1612 625 1713 681 Cui
1758 626 2093 696 imperator:

528 735 550 770 ι
589 716 831 783 Minime,
865 718 965 782 ait,
989 726 1180 773 contra
1210 718 1358 788 leges
1393 719 1534 774 latas
1573 717 1707 771 mihi
1748 731 1966 787 arrogo,
1999 731 2099 770 nec

524 824 685 865 sacra
726 811 994 865 vestibula
1054 825 1153 881 per
1184 810 1345 867 nefas
1400 811 1611 881 ingredi
1672 809 1877 878 cupio:
1912 809 2008 864 sed
2040 817 2098 861 ut

522 900 742 955 vincula
769 916 889 955 mea
921 901 1108 956 solvas
1139 916 1258 966 oro,
1293 902 1720 970 communisque
1743 899 1955 954 Domini
1991 901 2099 954 cle-

522 991 741 1045 mentiae
783 991 1119 1055 recorderis,
1181 1007 1284 1046 nec
1320 992 1451 1045 mihi
1507 990 1773 1045 oecludas
1824 990 2050 1057 januam
2079 1027 2096 1053 ,

522 1095 686 1151 quam
739 1081 1003 1137 Dominus
1055 1085 1438 1153 penitentiam
1506 1084 1796 1153 agentibus
1842 1081 2100 1135 munibus

522 1172 805 1245 patefecit.
857 1194 879 1222 ι
930 1173 997 1228 Ει
1040 1175 1330 1244 pontifex:
1369 1174 1719 1240 «Quamnam
1753 1180 1832 1238 tu,
1884 1172 2097 1241 inquit,

519 1264 906 1335 paenitentiam
938 1274 1063 1335 post
1090 1274 1199 1319 tam
1236 1266 1488 1335 iniquum
1521 1264 1733 1319 facinus
1768 1261 2103 1317 ostendisti?

521 1372 619 1418 aut
639 1377 763 1432 quae
793 1361 1191 1417 medicamenta
1250 1360 1595 1432 gravissimis
1648 1359 1970 1413 vulneribus
2009 1371 2100 1411 sa-

522 1455 726 1507 nandis
748 1453 1048 1508 adhibuisti
1075 1452 1101 1506 ἲ
1132 1473 1151 1505 ι
1185 1452 1364 1507 Tuum
1388 1460 1495 1517 est,
1527 1452 1603 1506 ait
1638 1453 1958 1521 imperator,
1996 1465 2101 1505 me-

526 1543 839 1599 dicamenta
869 1544 1164 1599 ostendere
1188 1552 1241 1598 et
1265 1553 1593 1613 temperare,
1615 1557 1797 1597 meum
1826 1555 1956 1595 vero
1977 1554 2101 1611 qute

523 1634 935 1690 adhibebuntur
967 1636 1241 1705 accipere.
1269 1655 1288 1688 ι
1313 1636 1449 1690 Tum
1482 1635 1703 1691 divinus
1733 1632 2095 1689 Ambrosius:

528 1744 548 1776 ι
587 1725 855 1792 Quoniam
881 1734 962 1789 tu,
998 1728 1200 1798 inquit,
1229 1728 1497 1795 judicium
1538 1726 1839 1781 iracundize
1873 1723 2103 1795 permit-

521 1817 618 1880 tis,
666 1825 868 1873 etnon
907 1817 1073 1884 ratio,
1135 1817 1232 1873 sed
1281 1817 1435 1872 furor
1482 1816 1694 1887 profert
1743 1816 2095 1881 sententiam,

522 1908 705 1965 scribe
764 1907 960 1980 legem,
1010 1924 1133 1979 qua:
1190 1909 1490 1963 iracundiae
1541 1908 1844 1963 sententias
1911 1906 2098 1962 irritas

522 1997 715 2053 reddat
752 2004 806 2052 et
857 1998 1052 2053 inanes
1098 2015 1112 2052 :
1154 1999 1457 2068 diebusque
1501 1999 1726 2068 triginta
1780 1997 2099 2068 perscripta:

522 2092 782 2139 maneant
816 2084 883 2140 de
909 2085 1056 2141 caede
1088 2087 1168 2141 vel
1211 2087 1589 2158 publicatione
1624 2088 1746 2141 lata:
1787 2087 2096 2149 sententiae,

521 2177 755 2232 rationis
775 2177 1045 2247 judicium
1078 2187 1478 2248 exspectantes.
1502 2178 1702 2233 Diebus
1719 2185 1898 2232 autem
1925 2185 2101 2231 trans-

524 2268 684 2332 actis,
710 2269 801 2339 qui
844 2268 1090 2339 judicata
1131 2270 1405 2339 scripsere
1457 2270 1723 2339 imperata
1783 2268 2097 2331 exhibeant,

522 2374 589 2415 ac
622 2366 738 2414 tum
780 2362 860 2414 ira
894 2361 1081 2416 sedata
1112 2362 1131 2383 θ
1160 2362 1303 2416 ratio
1341 2362 1488 2432 apud
1525 2377 1585 2417 se
1635 2359 1954 2430 dijudicans
2001 2376 2096 2416 ex-

519 2452 725 2523 pendet
749 2468 871 2525 que
891 2454 1112 2510 decreta
1137 2461 1289 2521 sunt,
1313 2454 1701 2525 diSpicietque,
1720 2453 1945 2524 justane
1966 2453 2097 2518 sint,

524 2557 591 2599 an
633 2544 839 2615 injusta
865 2563 881 2600 :
910 2554 964 2599 et
990 2546 1037 2601 si
1077 2545 1299 2616 quidem
1347 2546 1551 2617 injusta
1585 2561 1708 2601 esse
1748 2544 2098 2615 compererit,

522 2634 728 2705 scripta
758 2635 949 2705 utique
974 2635 1342 2703 conscindet;
1376 2635 1462 2691 sin
1499 2649 1629 2690 vero
1666 2635 1838 2705 justa,
1897 2632 2100 2688 contir-

520 2723 717 2787 mabit,
747 2732 1006 2793 recteque
1061 2723 1328 2795 judicatis
1374 2723 1588 2777 dierum
1629 2739 1895 2779 numerus
1932 2722 2101 2778 haud-

519 2830 796 2885 quaquam
828 2814 1047 2870 ollicict.
1092 2836 1110 2867 ο
1148 2814 1455 2870 Consilium
1482 2813 1586 2869 hoc
1623 2814 1958 2884 amplectens
1998 2814 2101 2868 im-

520 2915 762 2978 perator,
795 2905 1056 2977 factuque
1088 2905 1356 2978 optimum
1390 2905 1740 2970 existimans,
1781 2904 1952 2974 legem
1985 2911 2100 2959 sta-

521 2999 617 3050 tim
663 2997 936 3052 conscribi
972 2996 1164 3067 jussit,
1219 3004 1273 3051 et
1310 3010 1513 3051 manus
1557 3011 1670 3051 sua:
1706 2994 1920 3065 1050
1967 2993 2100 3049 sub-

520 3086 818 3157 scriptione
856 3086 1118 3142 firmavit.
1155 3085 1276 3154 Quo
1311 3085 1480 3153 facto,
1513 3086 1733 3141 divinus
1774 3087 2101 3141 Ambrosius

2200 626 2434 698 δεσμῶν.
2494 628 2555 683 Ὀ
2608 629 2670 684 δὲ
2723 632 3051 702 τυραννικὴν
3076 632 3261 686 ἐκάλει
3305 632 3403 705 τὴν
3451 637 3777 704 παρουσίαν,

2201 720 2296 772 καὶ
2379 720 2521 774 κατὰ
2605 721 2699 775 τοῦ
2757 721 2893 776 Θεοῦ
2979 726 3281 795 μεμηνέναι
3349 726 3443 780 τὸν
3499 727 3785 784 Θεοδόσιον

2199 810 2353 878 ἔλεγε
2378 849 2392 873 ,
2438 811 2531 865 καὶ
2561 813 2927 876 τοὺςοέκείνου
2958 816 3153 885 νόμους
3180 819 3392 871 πατεῖν.
3447 817 3507 870 ’0
3535 818 3591 871 δὲ
3626 820 3781 888 βασι-

2198 900 2358 963 λεὺςο
2405 918 2425 951 ι
2463 901 2536 954 Οὐ
2578 900 2942 972 θρασύνομαι,
2974 903 3101 975 ἔφη,
3155 906 3301 959 κατὰ
3342 905 3450 958 τῶν
3510 908 3787 977 κειμένων

2200 993 2400 1061 νόμων,
2434 994 2554 1047 οὐδὲ
2588 994 2925 1065 παρανόμως
2958 997 3215 1067 ἐπιϐῆναι
3243 998 3354 1052 τῶν
3389 999 3552 1068 ίερῶν
3582 998 3786 1071 προθύ-

2202 1098 2312 1152 ρων
2342 1081 2565 1152 ἐφίεμαι
2592 1098 2605 1113 ·
2637 1083 2774 1137 ἀλλά
2802 1101 2859 1137 σε
2892 1081 3051 1138 λῦσαί
3085 1103 3174 1156 μοι
3196 1088 3240 1119 ⁸³
3273 1087 3366 1140 τὸν
3392 1086 3590 1156 δεσμὸν
3617 1087 3781 1151 ἀξιῶ,

2200 1174 2295 1226 καὶ
2344 1174 2442 1243 τὴν
2490 1174 2585 1227 τοῦ
2630 1175 2810 1229 κοινοῦ
2851 1176 3120 1229 Δεσπότου
3162 1168 3320 1249 [222]
3370 1178 3785 1249 φιλανθρωπίαν

2198 1262 2539 1332 λογίσασθαι,
2584 1266 2678 1319 καὶ
2714 1267 2788 1337 μὴ
2813 1266 3022 1320 κλεῖσαί
3058 1284 3147 1337 μοι
3183 1269 3372 1339 θύραν,
3409 1271 3475 1337 ἣν
3501 1273 3637 1323 πᾶσι
3663 1272 3787 1333 τοῖς

2203 1355 2536 1426 μεταμελείᾳ
2585 1357 2936 1427 χρωμένοιςό
2979 1358 3254 1427 Δεσπότης
3296 1360 3585 1431 ἀνέῳξεν.»
3632 1362 3688 1415 '0
3721 1362 3785 1415 δὲ

2199 1446 2490 1516 ἀρχιερεὺς
2541 1445 2680 1518 ἔφη·
2726 1466 2745 1498 ι
2793 1448 2961 1507 Ποίαν
3007 1445 3101 1503 οὖν
3152 1452 3520 1521 μεταμέλειαν
3570 1451 3787 1517 ἔδειξας

2204 1537 2340 1607 μετὰ
2370 1537 2642 1608 τοσαύτην
2669 1541 3050 1611 παρανομίαν;
3084 1541 3257 1607 ποίοις
3282 1543 3338 1596 δὲ
3362 1544 3677 1613 φαρμάκοις
3711 1544 3785 1598 τὰ

2198 1628 2426 1682 δυσίατα
2466 1627 2845 1700 ἐθεράπευσας
2885 1631 3214 1702 τραύματα;
3256 1653 3274 1686 ι
3318 1634 3376 1687 '0
3406 1633 3779 1703 δὲβασιλεύς.

2205 1738 2224 1771 ι
2249 1719 2348 1771 Σὺν
2390 1718 2570 1790 ἔργον,
2608 1721 2761 1791 φησὶ,
2787 1721 2847 1774 τὸ
2874 1724 2969 1776 καὶ
3009 1723 3178 1787 δεῖξαι
3200 1725 3247 1756 ³ο
3296 1725 3393 1778 καὶ
3447 1727 3679 1797 κεράσαι
3708 1725 3780 1779 τὰ

2204 1807 2470 1879 φάρμακα
2496 1809 2538 1840 ³¹
2562 1824 2574 1838 ·
2602 1810 2734 1879 ἐμὸν
2749 1809 2805 1862 δέ
2822 1811 2881 1864 τὸ
2914 1811 3168 1878 δέξασθαι
3190 1814 3256 1867 τὰ
3287 1816 3728 1886 προσφερόμενα.
3756 1835 3785 1869 ι

2132 1880 2174 1935 Β
2203 1902 2336 1954 Τότε
2373 1902 2402 1953 ὀ
2446 1900 2585 1964 θεῖος
2629 1901 2952 1973 ’Δμϐρόσιος
2979 1920 2990 1932 ·
3022 1921 3039 1953 ι
3079 1902 3298 1976 Ἐπειδὴ
3445 1880 3781 1977 Ἵθυμῷβφη.

2200 1993 2261 2045 τὸ
2296 1990 2536 2055 δικάζειν
2565 1994 2901 2062 ἐπιτρέπεις,
2926 1994 3022 2047 καὶ
3050 1995 3151 2065 οὐχ
3179 1995 3209 2046 δ
3227 1994 3490 2067 λογισμὸς
3519 1997 3620 2067 τὴν
3645 1998 3790 2065 γνῶο

2203 2102 2307 2147 σιν,
2339 2084 2453 2137 ἀλλ’
2475 2086 2503 2136 ὁ
2540 2083 2710 2154 θυμὸς
2739 2085 2984 2155 ἐκφέρει,
3029 2087 3241 2157 γράψον
3273 2088 3441 2155 νόμον
3480 2088 3575 2140 τοῦ
3608 2085 3792 2156 θυμοῦ

2198 2176 2297 2238 τὰς
2323 2175 2534 2246 ψήφους
2560 2175 2734 2245 ἀργὰς
2765 2176 3020 2229 ποιοῦντα
3058 2178 3151 2230 καὶ
3187 2180 3467 2249 περιττὰς.
3503 2179 3598 2232 καὶ
3629 2179 3793 2246 τριά-

2201 2284 2365 2320 κοντα
2395 2265 2609 2337 ἡμέρας
2638 2268 2693 2319 αί
2722 2268 3039 2335 φονευτικαὶ
3073 2269 3116 2298 ³²
3142 2269 3233 2322 καὶ
3253 2268 3589 2338 δημευτικαὶ
3615 2270 3782 2339 μενέ-

2200 2372 2381 2409 τωσαν
2431 2352 2661 2422 γνώσεις
2705 2355 3185 2426 ἐγγεγραμμέναι,
3239 2356 3336 2427 τὴν
3369 2356 3465 2409 τοῦ
3514 2355 3789 2427 λογισμοῦ

2202 2444 2632 2516 προσδεχόμεναι
2686 2445 2889 2516 κρίσιν.
2940 2445 3275 2500 Διελθουσῶν
3304 2448 3360 2502 δέ
3381 2446 3491 2501 τῶν
3536 2448 3785 2519 ἡμερῶν,

2200 2540 2249 2591 οί
2292 2537 2359 2590 τὰ
2423 2536 2746 2609 ἐγνωσμένα
2808 2539 3152 2609 γεγραφότες
3208 2539 3275 2592 τὰ
3330 2538 3797 2610 προστεταγμένα

2201 2627 2568 2682 δεικνύτωσαν
2593 2644 2608 2658 ο
2649 2628 2745 2681 καὶ
2779 2627 3103 2696 τηνικαῦτα,
3153 2626 3248 2682 τοῦ
3292 2628 3464 2697 θυμοῦ
3500 2627 3793 2699 πεπαυμέ-

2201 2736 2314 2782 νου,
2373 2718 2498 2772 καθ’
2547 2717 2739 2771 ἐαυτὸν
2783 2718 3068 2782 δικάζωνὸ
3101 2719 3383 2791 λογισμὸς,
3450 2718 3791 2784 ἐξετάσειτὰ

2203 2810 2546 2880 ἐγνωσμένα,
2583 2810 2676 2864 καὶ⁸
2704 2809 2893 2879 ὄψεται
2926 2811 3036 2862 εἴτε
3077 2810 3259 2877 ἄδικα,
3301 2810 3409 2864 εἴτε
3448 2809 3632 2864 δίκαια
3661 2800 3789 2880 εῐηέ

2204 2905 2299 2960 καὶ
2334 2905 2381 2957 εί
2421 2904 2520 2975 μὲν
2572 2903 2709 2978 εὕρῃ
2749 2903 2929 2965 ἄδικα,
2964 2903 3122 2975 δῆλον
3154 2905 3236 2957 ὅτι
3265 2904 3547 2976 διαῤῥήξει
3595 2888 3665 2958 τὰ
3695 2920 3795 2971 γε-

2203 2996 2500 3068 γραμμένα
2530 3013 2543 3028 ·
2582 2998 2630 3048 εί
2665 2995 2722 3049 δέ
2756 3011 2820 3062 γε
2871 2994 3086 3060 δίκαια,
3125 2993 3435 3064 βεϐαιώσει,
3479 2994 3572 3048 καὶ
3599 2994 3627 3045 ὁ
3679 2992 3797 3046 τῶν

2203 3088 2426 3162 ἡμερῶν
2458 3087 2688 3159 ἀριθμὸς
2719 3087 2779 3139 οὐ
2801 3086 3120 3156 λυμανεῖται
3148 3088 3261 3148 τοῖς
3292 3084 3470 3156 ὀρθῶς
3500 3084 3787 3155 ἐγνωσμέ-

520 3178 800 3233 vinculum
865 3179 1137 3234 exsolvit.-
1184 3177 1262 3233 Ita
1316 3178 1535 3234 demum
1579 3179 1788 3234 intrare
1844 3178 2098 3249 templum

2204 3198 2334 3244 νοις.
2362 3200 2395 3232 ιν
2421 3179 2637 3247 Ταύτην
2667 3180 2695 3231 ὁ
2727 3177 2981 3247 βασιλεὺς
3013 3177 3307 3246 δεξάμενος
3350 3177 3449 3247 τὴν
3479 3176 3769 3246 εἰσήγησιν

523 3285 693 3325 ausus
727 3270 1079 3326 fidelissimus
1114 3272 1439 3341 imperator,
1468 3286 1576 3325 non
1606 3280 1783 3335 stans,
1821 3286 1924 3326 nec
1952 3272 2097 3340 geni-

522 3357 628 3411 bus
658 3355 814 3413 ﬂexis
843 3358 1011 3413 Deum
1049 3369 1309 3428 precatus
1361 3367 1467 3426 est,
1524 3360 1618 3414 sed
1669 3375 1879 3430 pronus
1941 3360 2092 3414 humi

521 3456 733 3503 stratus
760 3449 813 3503 in
839 3448 1159 3505 Davidicam
1191 3465 1381 3505 vocem
1408 3450 1591 3519 erupit
1627 3469 1639 3505 :
1676 3470 1694 3503 ι
1726 3450 1966 3505 Adhaesit
2000 3465 2098 3520 pa-

521 3541 766 3595 vimento
792 3540 974 3594 anima
999 3557 1141 3605 mea,
1172 3543 1386 3597 vivitica
1429 3558 1515 3597 me
1538 3543 1843 3597 secundum
1870 3542 2096 3597 verbum

522 3636 674 3683 tuum
705 3630 751 3683 ί.
784 3650 802 3682 ι
836 3629 900 3682 Et
933 3631 1189 3685 manibus
1223 3632 1481 3701 capillum
1509 3631 1739 3692 vellens,
1764 3641 1817 3687 et
1859 3630 2094 3685 frontem

521 3721 865 3789 percutiens,
894 3729 947 3775 et
987 3723 1160 3792 guttis
1202 3723 1573 3794 lacrymarum
1617 3722 1993 3792 pavimentum
2031 3723 2097 3775 ri-

519 3821 679 3875 gans,
741 3809 959 3863 veniam
1015 3811 1119 3865 sibi
1181 3811 1296 3864 dari
1359 3813 1695 3881 postulabat.
1755 3811 1858 3867 Ubi
1913 3822 2096 3866 autem

520 3908 737 3970 tempus
766 3902 1013 3967 advenit,
1046 3918 1156 3974 quo
1187 3907 1327 3957 dona
1361 3920 1532 3960 sacrae
1591 3921 1797 3959 mensa:
1850 3905 2097 3970 offerret,

520 4005 755 4059 surgens
784 3992 1012 4061 paribus
1062 4008 1184 4047 cum
1241 3995 1501 4065 lacrymis
1537 3997 1916 4049 sanctuarium
1974 4011 2101 4049 con-

520 4082 755 4148 scendit,
784 4084 1054 4153 donisque
1085 4086 1288 4140 oblatis
1314 4085 1463 4142 intus
1491 4086 1557 4140 ad
1585 4088 1864 4142 cancellos
1897 4086 2097 4141 subsi-

520 4172 607 4236 tit,
666 4181 725 4224 ut
772 4173 1006 4228 solebat.
1046 4172 1248 4229 Verum
1286 4175 1374 4230 hic
1432 4192 1629 4233 rursus
1662 4193 1773 4231 non
1831 4177 2099 4231 conticuit

521 4276 754 4331 magnus
787 4262 1135 4328 Ambrosius,
1185 4266 1280 4321 sed
1332 4267 1579 4322 locorum
1608 4268 1933 4323 discrimina
1978 4270 2099 4325 cdo-

2206 3277 2300 3331 καὶ
2328 3276 2524 3345 ἄριστα
2553 3272 2696 3342 ἔχειν
2740 3269 3048 3337 ὑπολαϐὼν,
3079 3269 3243 3347 εὐθὺς
3283 3268 3564 3341 γραφῆναί
3586 3285 3645 3321 τε
3697 3267 3799 3321 τὸν

2201 3368 2362 3437 νόμον
2413 3364 2702 3426 ἐκέλευσε,
2755 3362 2848 3415 καὶ
2892 3364 3005 3424 τοῖς
3062 3364 3162 3432 τῆς
3206 3362 3410 3424 οἰκείας
3443 3360 3622 3431 χειρὸς
3663 3359 3793 3412 ἐϐεη

2210 3459 2415 3512 ϐαίωσε
2450 3455 2764 3527 γράμμασι.
2795 3454 2997 3506 Τούτου
3030 3452 3085 3506 δὲ
3114 3451 3403 3522 γενομένου
3424 3491 3440 3515 ,
3467 3451 3676 3504 διέλυσε
3697 3450 3799 3504 τὸν

2212 3551 2410 3629 δεσμὸν
2435 3552 2462 3602 ὁ
2484 3548 2628 3611 θεῖος
2670 3545 3013 3633 ’Λμϐρόσιος.
3050 3544 3234 3607 Οὕτως
3269 3545 3295 3597 ὁ
3327 3544 3651 3605 πιστότατος
3691 3540 3794 3611 βα-

2203 3643 2384 3706 σιλεὺς
2414 3641 2547 3694 εἴσω
2583 3636 2841 3707 γενέσθαι
2882 3636 3165 3709 θαρρήσας
3202 3635 3296 3688 τοῦ
3330 3634 3478 3687 θείου
3517 3633 3645 3698 νεὼ,
3690 3633 3795 3702 οὐχ

2200 3733 2373 3797 ἐστὼς
2398 3733 2487 3785 τὸν
2517 3729 2793 3801 Δεσπότην
2819 3729 3096 3781 ἱκέτευσεν
3118 3726 3184 3793 ³³,
3209 3726 3327 3779 οὐδὲ
3352 3724 3421 3779 τὰ
3440 3725 3643 3793 γόνατα
3673 3724 3798 3777 κλί-

2184 3838 2316 3890 ’νας,
2346 3824 2481 3878 ἀλλὰ
2522 3822 2736 3893 πρηνὴς
2792 3820 2884 3873 ἐπὶ⁵
2928 3818 3025 3873 τοῦ
3090 3818 3319 3873 δαπέδου
3381 3818 3637 3887 κείμενος
3682 3817 3788 3886 τὴν

2202 3915 2495 3984 Δαυῖτικὴν
2541 3911 2721 3981 ἀφῆκε
2780 3909 2967 3982 φωνήν
2996 3927 3009 3941 ·
3048 3928 3064 3961 ι
3103 3907 3402 3979 Ἐκολλήθη
3429 3907 3507 3978 τῷ
3541 3906 3726 3976 ἐδάφει
3753 3907 3797 3977 ἡ

2198 4007 2343 4078 ψυχή
2378 4023 2504 4076 μου,
2532 4002 2696 4073 ζῆσόν
2735 4020 2801 4074 με
2832 4003 2976 4055 κατὰ
3007 3999 3098 4054 τὸν
3124 4000 3285 4069 λόγον
3313 4017 3428 4054 σου.
3467 4019 3487 4052 ›
3529 3999 3637 4053 Καὶ
3662 3999 3794 4061 ταῖς

2201 4096 2389 4168 χερσὶν
2439 4092 2740 4149 ἀποτίλλων
2795 4092 2893 4156 τὰς
2938 4091 3153 4162 τρίχας,
3188 4090 3282 4143 καὶ
3320 4089 3381 4142 τὸ
3413 4089 3663 4160 μέτωπον
3698 4085 3799 4140 τύ-

2204 4202 2373 4251 πτων,
2408 4184 2501 4238 καὶ
2530 4184 2649 4246 ταῖς
2698 4182 2807 4235 τῶν
2845 4180 3098 4251 δακρύων
3128 4178 3350 4246 σταγόσι
3396 4175 3659 4242 τοῦηἰαφος
3686 4192 3794 4229 κα·-

2202 4274 2531 4347 ταρραίνων,
2586 4273 2919 4343 συγγνώμης
2966 4270 3241 4341 ἠντιϐόλει
3296 4270 3499 4338 τυχεῖν.
3559 4264 3791 4336 Ἐπειδὴ

521 4352 656 4406 cuit.
686 4351 1040 4424 Primumque
1090 4358 1338 4428 nunquid
1381 4359 1540 4414 vellct
1575 4361 1810 4430 rogavit,
1873 4369 1927 4416 ct
1974 4377 2098 4417 cum

2202 4368 2257 4421 δὲ
2280 4368 2309 4419 ὁ
2341 4366 2530 4438 καιρὸς
2571 4365 2755 4418 ἐκάλει
2792 4366 2856 4434 τῇ
2891 4363 3011 4433 ἱερᾷ
3037 4359 3288 4433 τραπέζῃ
3311 4358 3379 4412 τὰ
3408 4357 3558 4429 δῶρα
3617 4371 3797 4427 προσ-

521 4444 822 4514 imperator
880 4448 1193 4503 divinorum
1243 4452 1633 4521 mysteriorum
1687 4451 2093 4523 perceptionem

2203 4462 2467 4530 ενεγκεῖν,
2498 4456 2735 4519 ἀναστὰς
2764 4454 2901 4526 μετὰ
2939 4454 3046 4507 τῶν
3073 4454 3202 4506 ἴσων
3225 4450 3480 4523 δακρύων
3510 4448 3622 4501 τῶν
3650 4448 3793 4500 ἀνα-

520 4545 844 4607 exspectare
886 4554 944 4594 se
994 4539 1222 4605 diceret,
1287 4557 1383 4611 per
1438 4543 1675 4612 primum
1735 4544 2094 4599 diaconorum

2203 4554 2412 4624 κτόρων
2440 4549 2612 4620 ἐπέϐη
2644 4564 2658 4579 ·
2689 4543 3075 4618 προσενεγκὼν
3104 4543 3181 4607 δὲ,
3214 4542 3406 4611 ὥσπερ
3449 4537 3659 4603 εἰώθει,
3695 4536 3793 4589 ἔν·-

522 4628 638 4684 hazc
662 4629 709 4684 ei
735 4630 1102 4701 significavit:
1146 4653 1163 4683 ι
1195 4634 1274 4687 Ad
1306 4634 1424 4689 loca
1453 4634 1745 4700 interiora,
1772 4637 2096 4709 imperator,

522 4722 706 4779 aditus
734 4724 869 4780 solis
913 4725 1297 4780 sacerdotibus
1332 4734 1522 4796 patet:
1571 4731 1784 4786 emteris
1840 4733 2098 4790 omnibus

521 4815 667 4868 invia
696 4823 825 4869 sunt
854 4825 909 4870 et
939 4817 1145 4870 intacta
1193 4835 1206 4871 :
1275 4818 1507 4886 proinde
1539 4820 1648 4883 exi,
1680 4830 1733 4876 et
1791 4837 1917 4877 cum
1975 4824 2098 4881 aliis

520 4907 802 4970 consiste;
836 4922 958 4960 nam
991 4923 1232 4978 purpura
1260 4909 1621 4979 imperatores
1657 4911 1813 4978 facit,
1856 4930 1964 4969 non
2000 4931 2094 4971 sa-

520 4998 795 5053 cerdotes.
858 5016 878 5050 ι
953 4998 1127 5064 Quam
1196 4998 1382 5055 itidem
1447 5002 1875 5058 admonitionem
1936 5022 2097 5077 mquo

521 5091 707 5144 animo
745 5090 1025 5161 accipiens
1059 5091 1410 5147 ﬁdelissimus
1441 5093 1758 5164 imperator,
1790 5099 2097 5152 renuntiari

518 5178 706 5247 jussit,
729 5195 788 5236 se
817 5196 924 5235 non
955 5181 1123 5235 animi
1150 5184 1465 5253 arrogantia
1497 5186 1765 5241 mansisse
1806 5185 1949 5240 intra
1967 5202 2100 5240 can-

524 5272 717 5337 cellos,
744 5272 837 5326 sed
871 5274 998 5343 quia
1029 5273 1509 5345 Constantinopoli
1544 5278 1692 5331 hunc
1740 5292 1947 5332 morem
1976 5293 2098 5334 esse

598 5402 614 5451 i
652 5402 801 5456 Psal.
828 5417 1020 5467 cxvm,
1060 5401 1152 5457 25.

2198 4645 2286 4700 δον
2319 4641 2473 4714 παρὰ
2515 4639 2612 4702 τὰς
2649 4636 2936 4706 κιγκλίδας
2998 4635 3328 4707 μεμένηκεν.
3380 4632 3543 4685 Ἀλλὰ
3575 4630 3797 4683 πάλινὸ

2202 4735 2372 4807 μέγας
2409 4728 2729 4801 Ἀμϐρόσιος
2777 4727 2877 4780 οὐκ
2931 4726 3228 4796 ἐσίγησεν,
3276 4723 3389 4777 ἀλλ’
3438 4721 3794 4786 ἐξεπαίδευσέ.

2198 4828 2295 4896 τὴν
2323 4822 2432 4876 τῶν
2459 4820 2640 4873 τόπων
2664 4817 2947 4887 διαφοράν.
2986 4816 3097 4869 Καὶ
3137 4813 3352 4885 πρῶτον
3399 4812 3500 4885 μέν
3544 4813 3708 4883 ἦρετο
3738 4812 3799 4864 εῐ

2196 4932 2340 4977 τινος
2372 4912 2544 4967 δέοιτο
2567 4927 2581 4942 ·
2629 4908 2725 4963 τοῦ
2765 4908 2823 4961 δὲ
2859 4906 3125 4978 βασιλέως
3156 4906 3463 4979 εἰρηκότος,
3493 4904 3570 4968 ὡς
3602 4919 3781 4972 προσ-

2201 5008 2349 5079 μένει
2367 5005 2465 5077 τὴν
2487 5003 2595 5057 τῶν
2617 5000 2778 5055 θείων
2798 4998 3115 5070 μυστηρίων
3141 4998 3462 5070 μετάληψιν,
3489 4995 3788 5065 ἐδήλωσεν,

2198 5094 2459 5167 ὑπουργῷ
2488 5091 2567 5163 τῷ
2615 5089 2724 5144 τῶν
2769 5090 3032 5143 διακόνων
3074 5088 3367 5160 ἡγουμένῳ
3410 5088 3785 5159 χρησάμενος,

2194 5186 2275 5241 ὅτι
2301 5203 2319 5236 ι
2337 5184 2418 5236 Τὰ
2432 5181 2598 5246 ένδον,
2620 5172 2665 5232 ὦ
2693 5177 2934 5247 βασιλεῦ,
2964 5177 3306 5246 μόνωςέστὶν
3332 5178 3536 5250 ἱερεῦσι
3562 5174 3782 5246 pati"-

2193 5277 2305 5339 τοῖς
2335 5273 2392 5326 δέ
2419 5271 2598 5334 ἄλλοις
2628 5269 2854 5335 ἅπασιν,
2882 5266 3056 5322 ἇῗυτά
3086 5286 3145 5321 τε
3178 5268 3277 5322 καὶ
3316 5269 3568 5338 ἇψαυστα
3593 5284 3605 5296 ·
3647 5264 3787 5330 έξιθι

1902 5522 2138 5578 ἺΑΒΙᾹΞ
2170 5519 2576 5579 LECTIONES.

624 5675 669 5706 ²⁹
707 5673 807 5752 μέ.¹
850 5674 1022 5752 Idem.
1070 5676 1266 5752 _'°__E<p_q
1300 5678 1371 5752 τὸ
1414 5676 1572 5752 δεῖξχ
1596 5679 1743 5752 Idem
1787 5693 1911 5752 cum
1950 5679 2140 5752 Steph.
2215 5684 2257 5716 ³⁸
2298 5681 2463 5738 [idem
2508 5678 2715 5752 addunt
2742 5696 2753 5729 :
2777 5675 2975 5752 και-τὰ
3005 5676 3233 5752 δυσίατα
3266 5671 3617 5752 θεραπεύσαι.
3651 5671 3785 5752 Quae

531 5756 652 5796 cum
694 5743 940 5822 absinta
968 5742 1422 5822 Pinisaviliique
1456 5742 1756 5822 codicibus,
1792 5742 2145 5822 itemque'ah
2177 5754 2482 5822 Epiphanio
2510 5749 2701 5819 (addo,
2748 5762 2817 5822 et
2851 5746 3207 5822 Nicephoru‘),
3243 5742 3783 5822 rectenab‘irmoudo

532 5825 801 5883 cxpuncta
835 5815 970 5871 dicit
1012 5813 1282 5873 Valesius.

1375 5819 1419 5851 "
1448 5820 1685 5889 φονικαί.
1721 5813 1884 5875 Basil.
1919 5813 2011 5877 Gr.
2074 5822 2119 5853 ³³
2154 5813 2417 5877 ἱκέτευεν.
2452 5813 2598 5877 idem
2630 5813 2751 5875 cum
2785 5813 3052 5889 Steph.“
3108 5815 3334 5887 βάσιμα.
3361 5813 3478 5869 Pini
3517 5814 3671 5867 liber.
