4124 6402
528 390 665 456 1239

1509 402 2000 466 THEODORETI
2038 406 2381 468 EPISCOPI
2421 409 2786 472 CYRENSIS

3647 409 3675 467 ι
3694 409 3798 474 sto

603 506 730 579 [CIL
761 507 874 582 t9.]
922 511 1062 567 Ante
1117 512 1296 567 virum
1335 513 1425 568 illa
1471 515 1691 586 quidem
1745 518 1860 575 fato
1918 518 2088 575 l'unct:

2287 520 2538 591 Προτέρα
2561 522 2607 554 ⁴⁸
2680 523 2866 592 μέντοι
2916 523 3010 577 τοῦ
3060 522 3253 594 ἀνδρὸς
3311 522 3652 595 ἐτελεύτησε,
3700 525 3793 574 καὶ

525 606 611 654 est
651 615 666 649 :
703 600 987 671 aliquanto
1017 611 1199 658 autem
1235 613 1360 674 post
1403 618 1635 663 mortem
1683 610 1806 680 ejus
1858 618 2107 684 tempore

526 690 785 759 quiddam
825 694 1077 765 contigit,
1113 697 1132 717 ⁸⁵
1180 698 1328 768 quod
1375 698 1727 772 imperatoris
1773 718 1903 776 erga
1958 705 2105 762 illam

525 796 766 841 amorem
792 785 1112 842 declaravit.

997 899 1152 956 CAP.
1191 900 1332 959 XIX.
1363 901 1455 978 [ν.
1492 906 1613 980 20.]

869 1014 946 1071 De
963 1016 1225 1075 seditione
1254 1020 1405 1089 facta
1438 1022 1762 1080 Antiochia.

591 1123 869 1181 Bellorum
892 1130 1220 1188 assiduitate
1257 1145 1488 1193 coactus
1526 1140 1823 1210 imperator
1851 1150 2102 1197 extraor-

518 1213 788 1273 dinariam
813 1223 1108 1291 quamdam
1141 1225 1447 1284 illationem
1481 1230 1800 1287 civitatibus
1826 1233 2104 1303 imposue-

518 1319 626 1365 τοι.

591 1400 676 1474 [Β.
713 1405 791 1459 St.
828 1407 940 1480 l9].
990 1408 1201 1469 Civitas
1253 1413 1597 1471 Antiochena
1660 1424 1840 1473 autem
1894 1433 2099 1475 norum

519 1496 783 1549 tributum
805 1514 965 1567 passa
997 1517 1106 1556 non
1137 1512 1243 1558 est.
1268 1503 1374 1560 Sed
1402 1509 1660 1577 populus,
1683 1524 1806 1564 cum
1829 1510 2098 1580 suspendi

517 1600 614 1639 cos
673 1586 882 1643 videret
931 1606 963 1645 a
1016 1595 1218 1661 quibus
1251 1598 1597 1667 exigebatur,
1652 1607 1765 1654 tum
1831 1601 1938 1653 alia
1987 1602 2099 1671 egit

516 1688 639 1741 quae
656 1674 944 1734 seditionis
967 1683 1317 1737 occasionem
1344 1695 1503 1739 nacta
1525 1696 1747 1755 patrare
1769 1688 1920 1757 plebs
1934 1690 2094 1752 solet,

517 1767 630 1813 tum
671 1762 883 1835 1053
904 1783 1108 1823 teneam
1148 1779 1387 1827 statuam
1422 1774 1818 1833 laudatissima:
1856 1779 2098 1835 Placillat

2215 612 2414 683 συνέϐη
2448 612 2586 683 μετὰ
2625 613 2818 684 χρόνον
2866 613 2992 666 τινὰ
3036 614 3135 685 τῆς
3189 612 3446 684 τελευτῆς
3499 612 3701 666 τοιόνδε
3735 629 3790 664 τι

2209 704 2463 773 γενέσθαι
2485 704 2512 758 ὃ
2533 705 2632 776 τὴν
2649 704 2742 759 τοῦ
2760 705 3029 777 βασιλέως
3050 723 3115 760 πε
3123 708 3179 779 pi.
3205 707 3375 779 αὐτὴν
3406 704 3793 778 φιλοστοργίαν

2208 796 2516 870 ιγύμνωσε.

2781 915 3035 970 ΚΕΦΛΛ.
3107 914 3209 969 18'.

2278 1024 2420 1094 Περὶ
2450 1024 2560 1094 τῆς
2587 1025 2658 1079 ἐν
2690 1026 3022 1095 Ἀντιοχείᾳ
3065 1026 3385 1097 γεγονυίας
3417 1022 3714 1087 στάσεως.

2292 1141 2427 1195 Ὑπὸ
2491 1142 2605 1195 τῶν
2660 1141 2871 1213 συχνῶν
2940 1141 3197 1211 πολέμων
3269 1138 3711 1207 ἀναγκαζόμενος
3760 1133 3793 1185 ό

2207 1231 2462 1304 βασιλεὺς
2497 1233 2758 1304 εἰσφοράν
2804 1250 2931 1288 τινα
2978 1233 3136 1304 ξένην
3187 1235 3307 1296 ταῖς
3350 1231 3570 1283 πόλεσιν
3605 1225 3791 1281 ἐπιτέ-

2204 1325 2406 1381 Θεικεν.

2286 1418 2351 1471 Ἦ
2391 1417 2447 1471 δὲ
2497 1418 2776 1489 Ἀντιόχου
2804 1418 2962 1484 πόλις
2991 1418 3053 1472 τὸ
3082 1417 3273 1472 καινὸν
3303 1415 3455 1479 τέλος
3494 1414 3595 1467 οὐκ
3625 1413 3791 1485 ῆνεγ-

2202 1528 2319 1564 κεν.
2362 1510 2502 1563 Ἀλλ’
2524 1512 2666 1582 ὁρῶν
2690 1513 2717 1565 ὁ
2743 1511 2915 1582 δῆμος
2938 1513 3065 1575 τοὺς
3099 1508 3600 1581 εἰσπραττομένους
3660 1521 3791 1575 κρε-

2210 1605 2602 1676 μαννυμένους,
2646 1602 2779 1656 ἄλλα
2822 1621 2881 1656 τε
2944 1601 3188 1672 ἔδρασεν,
3240 1601 3415 1653 ποιεῖν
3455 1597 3600 1666 φιλεῖ
3633 1595 3790 1667 ὄχλος

2202 1696 2476 1766 πρόφασιν
2539 1696 2619 1758 είς
2664 1695 2893 1761 ἀταξίαν
2931 1693 3249 1764 λαμϐάνων,
3291 1692 3387 1745 καὶ
3430 1691 3530 1760 τὴν
3581 1688 3791 1759 χαλκῆν

2202 1789 2389 1843 εἰκόνα
2438 1788 2539 1859 τῆς
2592 1789 2958 1858 πανευφήμου
3006 1785 3338 1855 Πλακίλλης,
3365 1782 3526 1837 τοῦτο
3580 1780 3690 1852 γὰρ
3717 1776 3791 1850 ἦν

515 1852 639 1921 (hoc
668 1857 815 1910 enim
867 1858 1203 1930 imperatrici
1252 1880 1451 1921 nomen
1498 1870 1639 1937 erat)
1687 1870 1972 1940 disjectam
1999 1888 2088 1942 per

2199 1878 2368 1947 ὄνομα
2400 1879 2465 1949 τῇ
2492 1877 2742 1948 βασιλίδι,
2794 1877 3105 1948 κατήνεγκε
3140 1892 3198 1929 τε
3234 1876 3330 1927 καὶ
3364 1873 3457 1926 ἐπὶ
3504 1872 3644 1926 πολῦ
3685 1872 3791 1941 τῆς

513 1961 764 2015 magnam
793 1951 943 2007 urbis
979 1962 1186 2023 partem
1240 1960 1428 2014 traxit.
1482 1958 1696 2026 Quibus
1736 1963 1965 2028 auditis,
1995 1967 2098 2018 im-

512 2047 739 2127 peratur
762 2043 1030 2111 graviter,
1067 2057 1127 2101 ut
1158 2063 1258 2118 par
1305 2059 1444 2118 erat,
1476 2052 1816 2124 indignatus,
1847 2064 1897 2110 et
1929 2058 2097 2127 privi-

512 2126 649 2199 legia
684 2132 807 2186 urbi
838 2134 1065 2203 ademit,
1107 2146 1163 2194 et
1194 2140 1387 2196 vicinae
1436 2143 1561 2211 urbi
1609 2146 1900 2212 primatum
1932 2126 2099 2202 altrim

508 2219 648 2288 buit,
679 2228 965 2294 aegerrime
994 2228 1046 2282 id
1075 2231 1286 2287 laturos
1315 2234 1614 2291 arbitratus
1642 2254 1655 2289 :
1679 2239 1873 2290 aemula
1895 2239 2096 2309 quippe

504 2312 835 2386 jampridem
874 2330 994 2376 erat
1023 2320 1292 2380 Laodicea
1320 2326 1643 2383 Antiochia}.
1677 2330 1877 2385 Adhaec
1908 2334 2095 2389 iucun-

508 2420 700 2461 surum
729 2410 917 2476 etiam,
943 2422 997 2468 et
1030 2430 1353 2472 eversurqu
1396 2422 1609 2489 urbem,
1640 2431 1803 2491 atque
1827 2426 1879 2479 in
1912 2426 2091 2482 vicum

506 2509 628 2549 eam
686 2499 1049 2557 redacturum
1102 2506 1441 2565 minabatur.
1513 2510 1870 2580 Magistratus
1928 2532 2092 2585 porro

507 2588 776 2657 quosdam
838 2592 894 2647 in
960 2595 1081 2663 ipso
1149 2613 1285 2653 ausu
1348 2599 1727 2670 deprehensos
1788 2616 2089 2670 necarunt,

506 2680 826 2750 priusquam
858 2685 926 2741 ad
954 2686 1306 2758 imperatoris
1330 2707 1497 2748 aures
1526 2695 1794 2764 tragoedia
1827 2697 2092 2767 perferre-

506 2781 617 2827 ltll‘.

575 2862 660 2935 [Β.
694 2864 776 2920 St.
808 2866 928 2941 ‘20.]
963 2868 1084 2925 llrec
1116 2880 1297 2926 autem
1324 2876 1507 2928 omnia
1536 2876 1834 2945 imperatur
1865 2879 2085 2948 quidem

505 2957 879 3029 praecipiebat:
909 2961 1004 3015 sed
1043 2979 1111 3017 ne
1139 2964 1330 3019 tierent
1355 2966 1608 3021 obstabat
1639 2969 1721 3021 lex
1752 2970 1932 3039 magni
1960 2972 2089 3022 Am-

502 3048 670 3106 brosii
707 3052 926 3108 hortatu
964 3055 1094 3109 lata.
1126 3054 1265 3112 Cum
1309 3059 1478 3129 igitur
1508 3061 1785 3117 venissent
1815 3065 1905 3133 qui
1940 3064 2088 3118 illius

502 3142 681 3198 minas
713 3141 982 3211 ferebant,
1019 3146 1345 3214 lilebecbus,
1384 3158 1514 3204 tunc
1532 3153 1792 3220 magister
1827 3155 2083 3220 militum,

2197 1968 2404 2030 πόλεως
2450 1967 2720 2038 κατέσυρε
2769 1969 2955 2039 μέρος.
2994 1967 3181 2021 Ταῦτα
3217 1965 3572 2036 πυθόμενοςὸ
3626 1962 3787 2033 βασι-

2195 2059 2340 2121 λεὺς,
2373 2059 2465 2111 καὶ
2511 2059 2824 2129 χαλεπήνας
2852 2059 3000 2113 ὥσπε
3010 2076 3041 2130 ρ
3072 2058 3219 2122 εἰκὸς
3247 2053 3333 2128 ἦν,
3360 2056 3431 2110 τά
3453 2072 3514 2108 τε
3560 2054 3662 2125 τῆς
3685 2054 3786 2107 ’τιό⁴

2195 2146 2330 2211 λεως
2361 2148 2615 2217 ἀφείλετο
2646 2151 2941 2220 προνόμια,
2975 2149 3067 2221 καί
3111 2150 3178 2220 τῇ
3207 2146 3592 2218 γειτονευούσῃ
3626 2143 3782 2198 πόλει

2196 2241 2292 2311 τὴν
2330 2241 2627 2312 ἡγεμονίαν
2675 2241 2874 2294 δέδωκε
2900 2241 2968 2305 δί’,
3020 2240 3194 2313 ταύτῃ
3253 2237 3490 2309 μάλιστα
3544 2235 3788 2305 νομίζων

2192 2332 2436 2385 ἀνιάσειν
2463 2347 2476 2359 ⁸
2526 2330 2849 2400 ἐζηλοτύπει
2888 2329 2996 2401 γὰρ
3029 2332 3062 2400 ή
3115 2329 3404 2383 Λαοδίκεια
3450 2329 3549 2399 τὴν
3583 2325 3789 2379 Ἀντιό-

2192 2440 2344 2493 χειαν
2360 2422 2585 2477 ἄνωθεν.
2622 2423 2776 2476 Μετὰ
2810 2422 2865 2475 δὲ
2890 2423 3063 2476 ταῦτα
3087 2422 3183 2475 καὶ
3213 2423 3522 2493 ἐμπρήσειν
3544 2420 3784 2490 ἠπείλει,

2193 2514 2287 2565 καὶ
2317 2512 2663 2577 καταλύσειν,
2697 2513 2788 2566 καὶ
2827 2514 2907 2575 είς
2940 2514 3134 2584 κώμην
3170 2512 3231 2565 τὺ
3254 2512 3392 2566 ἄστυ
3429 2512 3782 2582 μετασκευά-

2194 2618 2324 2654 σειν.
2366 2602 2429 2653 Οἱ
2472 2600 2527 2653 δέ
2567 2588 2629 2669 γε
2688 2601 2949 2671 ἄρχοντες
3002 2603 3095 2655 καὶ
3144 2601 3360 2655 ἀνεῖλόν
3409 2594 3593 2665 τινας,
3647 2601 3788 2674 παρ’

2191 2691 2324 2744 αὐτὸ
2353 2690 2708 2755 συλλαὸόντες
2729 2692 2792 2745 τὸ
2820 2692 3101 2763 τόλμημα,
3127 2692 3258 2763 πρὶν
3282 2691 3486 2762 γνῶναι
3509 2692 3601 2745 τὸν
3622 2692 3784 2762 βασι-

2190 2782 2286 2835 λέα
2305 2783 2405 2852 τὴν
2438 2782 2768 2852 τραγῳδίαν.

2260 2873 2444 2927 Ταῦτα
2482 2874 2539 2928 δὲ
2577 2874 2802 2927 πάνταό
2833 2872 3088 2945 βασιλεὺς
3132 2875 3466 2946 προσέταττε
3532 2873 3651 2943 μὲν,
3681 2873 3789 2928 οὐκ

2189 2968 2407 3036 ἐγένετο
2455 2968 2533 3033 δὲ,
2575 2967 2670 3020 τοῦ
2710 2968 2888 3036 ⁴νόμου
2947 2966 3252 3030 κωλύοντος
3291 2966 3351 3019 ὃν
3390 2965 3719 3036 ’Λμδρόσιος
3751 2966 3786 3018 ό

2192 3057 2366 3128 μέγας
2406 3057 2632 3127 τεθῆναι
2690 3057 3018 3128 παρῄνεσεν.
3059 3057 3280 3128 Ἐπειδὴ
3330 3055 3388 3110 δὲ
3429 3056 3687 3125 ἀφίκοντο
3729 3054 3785 3108 οἱ

2186 3148 2285 3212 τὰς
2301 3148 2531 3212 ἀπειλὰς
2548 3148 2759 3201 ἐκείνου
2774 3149 2820 3180 ⁸ο
2846 3148 3185 3217 κομίζοντες,
3214 3147 3504 3218 Ἐλεὸῆχός
3527 3163 3586 3200 τε
3614 3162 3785 3218 στρα-

501 3242 553 3288 et
586 3232 860 3291 Caesarius
892 3236 1076 3305 palatii
1105 3239 1419 3308 prmfectus,
1454 3258 1614 3310 quem
1644 3245 1967 3313 magistrum
2002 3246 2085 3299 of-

2205 3237 2373 3307 τηγὸς
2395 3236 2699 3308 τηνικαῦτα
2721 3236 2816 3301 ὢν,
2839 3239 2932 3292 καὶ
2958 3238 3261 3309 Καισάριος
3284 3239 3329 3271 ⁸¹
3362 3239 3471 3291 τῶν
3490 3237 3787 3308 βασιλείων

502 3326 749 3379 liciorum
813 3327 1040 3383 ltontani
1098 3340 1316 3397 vocant,
1371 3347 1563 3387 omnes
1616 3334 1781 3390 minis
1839 3337 2088 3391 exterriti

504 3432 704 3488 ntagno
737 3419 791 3473 in
842 3428 988 3474 metu
1020 3422 1404 3479 versabantur.
1464 3426 1533 3479 At
1593 3428 1814 3482 virtutis
1846 3429 2085 3493 athletm,

503 3507 597 3576 qui
625 3508 693 3563 ad
727 3509 931 3564 montis
958 3509 1171 3565 radices
1194 3513 1516 3569 habitabant
1537 3513 1713 3585 (multi
1741 3525 1923 3572 autem
1959 3527 2088 3571 tunc

501 3607 659 3654 erant
694 3610 748 3655 et
778 3603 1015 3673 optimi),
1045 3605 1232 3660 multis
1259 3606 1401 3676 apud
1437 3608 1583 3662 viros
1618 3608 1740 3663 illos
1766 3610 1991 3664 monitis
2021 3625 2086 3665 ac

498 3694 753 3763 precibus
803 3695 889 3750 usi
931 3706 1080 3752 sum.
1116 3695 1475 3753 Macedonius
1507 3715 1638 3755 vero
1673 3701 2081 3767 divinissimus,

499 3799 684 3839 rerum
713 3784 879 3855 hujus
912 3787 1036 3842 vitae
1066 3788 1201 3841 nihil
1250 3790 1458 3855 sciens,
1492 3805 1556 3845 ac
1598 3791 1910 3847 divinorum
1947 3809 2085 3863 quo-

496 3893 607 3950 que
638 3877 901 3933 librorum
942 3895 1171 3950 prorsus
1200 3881 1450 3951 ignarus,
1477 3883 1531 3937 in
1560 3884 1827 3938 montium
1862 3885 2082 3939 vertici-

497 3978 602 4022 nns
632 3970 799 4022 vitam
831 3984 1023 4037 agens,
1051 3979 1106 4025 et
1147 3971 1268 4028 dies
1313 3984 1613 4044 noctesque
1654 3973 1829 4030 Soteri
1867 3977 2084 4030 univer-

499 4073 686 4114 sorum
734 4075 902 4130 puras
942 4076 1133 4132 preces
1163 4063 1420 4130 atterens,
1451 4080 1553 4122 nec
1584 4066 1934 4137 imperatoris
1982 4067 2083 4121 im-

498 4157 623 4218 petu
683 4151 991 4218 perculsus,
1043 4166 1147 4207 nec
1204 4153 1273 4208 ab
1306 4168 1372 4209 eo
1407 4157 1703 4210 missorum
1741 4163 2081 4229 potestatem

496 4240 877 4308 considerans,
930 4244 1109 4299 media
1158 4246 1211 4299 in
1264 4246 1400 4301 urbe
1458 4247 1686 4302 alterius
1736 4248 2078 4320 chlamydem

499 4334 714 4406 1054
745 4336 1123 4406 apprehendit,
1156 4346 1209 4392 et
1238 4355 1304 4394 ex
1331 4340 1490 4410 equis
1520 4341 1713 4395 ambos
1742 4340 2081 4397 descendere

493 4424 683 4494 jusst.
714 4425 795 4480 ΙΙΙί
827 4428 1023 4498 exigua
1054 4435 1262 4485 statura
1292 4429 1619 4496 seniculum,
1653 4430 1855 4485 vilibus
1884 4432 2080 4499 pannis

498 4518 810 4574 amictum‘
864 4529 1173 4587 cernentes,
1219 4521 1492 4592 principio
1546 4522 1765 4591 quidem
1808 4523 2076 4594 indignati

2192 3329 2513 3400 ἡγούμενος.
2535 3329 2835 3401 μάγιστρον
2852 3330 2907 3383 δὲ
2925 3331 2973 3383 οἱ
2998 3331 3261 3398 Ῥωμαῖοι
3275 3328 3443 3384 καλοῦ
3452 3346 3502 3383 σι
3521 3326 3671 3400 [Ξὶὸι
3688 3328 3787 3381 τὸν

2189 3418 2393 3487 ταύτην
2427 3420 2617 3489 ἔχοντα
2648 3418 2746 3490 τὴν
2777 3420 2954 3491 ἀρχήν
2974 3421 3062 3473 ’ὲν
3082 3420 3191 3473 δέει
3214 3421 3314 3490 μὲν
3337 3416 3481 3491 ἦσαν
3514 3419 3779 3482 ἅπαντες,

2189 3511 2287 3573 τὰς
2324 3511 2551 3575 ἀπειλὰς
2598 3512 2954 3581 πεφρικότες,
2982 3515 3043 3565 0i
3075 3513 3131 3566 δὲ
3162 3514 3262 3583 τὴν
3318 3512 3601 3582 ὑπώρειαν
3619 3511 3666 3543 ⁸⁸
3700 3513 3780 3564 old

2188 3600 2413 3665 κοῦντες
2455 3602 2557 3670 τῆς
2609 3600 2814 3672 ἀρετῆς
2868 3602 3123 3673 ἀθληταὶ,
3160 3603 3345 3656 πολλοὶ
3364 3602 3420 3655 δὲ
3464 3597 3606 3673 ἦσαν
3626 3617 3783 3668 τηνι-

2188 3693 2365 3747 καῦτα
2426 3692 2522 3746 καὶ
2576 3692 2829 3764 ἄριστοι,
2889 3692 3089 3757 πολλὰς
3130 3693 3226 3746 καὶ
3284 3691 3639 3763 παραινέσεις
3680 3692 3781 3747 καὶ

2188 3790 2564 3861 παρακλήσεις
2607 3791 2721 3852 τοῖς
2768 3788 3026 3861 ἀνδράσιν
3086 3788 3317 3850 ἐκείνοις
3365 3788 3752 3858 προσήνεγκαν

2186 3881 2514 3941 Μακεδόνιος
2548 3881 2605 3935 δὲ
2642 3883 2670 3935 ό
2694 3881 2989 3943 Θειότατος,
3017 3881 3169 3933 οὐδὲν
3220 3880 3320 3951 μὲν
3370 3879 3480 3932 τῶν
3517 3878 3654 3932 κατὰ
3680 3878 3784 3936 τὸν

2186 3975 2301 4045 βίον
2331 3973 2715 4044 ἐπιστάμενος,
2751 3974 2844 4027 καὶ
2875 3973 2985 4026 τῶν
3021 3971 3183 4026 θείων
3207 3972 3263 4025 δὲ
3289 3971 3487 4041 λογίων
3539 3970 3772 4039 πάμπαν

2186 4066 2417 4137 ἄπειρος
2440 4065 2539 4130 ὢν,
2570 4066 2627 4116 ὲν
2655 4064 2711 4117 δὲ
2744 4066 2866 4128 ταῖς
2906 4064 3013 4117 τῶν
3056 4063 3198 4133 όρῶν
3250 4064 3518 4132 κορυφαῖς
3562 4056 3784 4113 διαιτώ-

2187 4173 2368 4225 μενος,
2401 4157 2496 4209 καὶ
2531 4155 2749 4227 νύκτωρ
2772 4157 2867 4209 καὶ
2897 4156 3016 4224 μεθ’
3065 4155 3279 4227 ἡμέραν
3313 4154 3390 4226 τῷ
3418 4155 3632 4225 Σωτῆρι
3662 4153 3775 4207 τῶν

2184 4248 2320 4300 ὅλων
2376 4245 2623 4317 καθαρὰς
2669 4246 2996 4318 προσφέρων
3024 4246 3211 4315 εὐχὰς,
3244 4246 3305 4299 οὐ
3346 4244 3443 4298 τοῦ
3505 4245 3775 4315 βασιλέως

2183 4339 2559 4406 καταπλαγεὶς
2598 4340 2696 4411 τὴν
2720 4340 2899 4410 ὁρμὴν
2916 4341 2984 4404 ⁵³,
3015 4338 3075 4393 οὔ
3087 4357 3140 4392 τε
3172 4341 3279 4409 μὴν
3295 4338 3403 4392 τῶν
3427 4339 3770 4392 ἀποσταλέν-

2181 4449 2291 4485 των
2313 4432 2411 4503 τὴν
2438 4432 2688 4494 ἐξουσίαν
2714 4434 2795 4497 είς
2823 4431 2948 4485 νοῦν
2971 4432 3171 4497 λαϐὼν,
3193 4433 3251 4485 ὲν
3286 4433 3436 4502 μέσῳ
3486 4430 3564 4501 τῷ
3591 4432 3771 4495 ἄστει,

2183 4523 2285 4593 τῆς
2319 4522 2561 4595 χλανίδος
2595 4522 2823 4593 Οατέρου
2859 4522 3176 4593 λαϐόμενος,
3203 4523 3544 4593 ἀμφοτέρους
3572 4524 3634 4574 ὲκ
3661 4522 3775 4573 τῶν

498 4619 666 4668 sunt:
701 4614 795 4668 sed
846 4614 937 4669 ubi
982 4614 1203 4683 quidam
1241 4613 1664 4685 praecedentium
1697 4593 1947 4672 hominis
1967 4617 2079 4670 vir-

2191 4593 2374 4673 ἵππων
2416 4616 2720 4685 καταϐῆναι
2773 4614 3005 4669 κελεύει.
3037 4617 3100 4668 Οἱ
3128 4615 3185 4668 δὲ
3225 4615 3419 4685 μικρὸν
3467 4613 3772 4683 γερόντιον,

498 4711 669 4758 tutem
702 4703 1128 4775 signiﬁcassent,
1156 4714 1210 4758 et
1243 4719 1310 4759 ex
1340 4704 1495 4773 equis
1522 4703 1865 4771 desilierunt,
1903 4714 1958 4762 et
1990 4723 2084 4780 ge-

495 4809 606 4849 nua
657 4795 805 4849 illius
837 4795 1074 4866 amplexi
1102 4795 1320 4849 veniam
1355 4804 1642 4865 rogarunt.
1684 4795 1823 4851 Tum
1855 4799 1964 4864 ille,
2000 4798 2085 4853 di-

494 4889 620 4944 vina
652 4887 892 4943 refertus
923 4888 1215 4958 sapientia,
1247 4888 1327 4944 sic
1359 4889 1485 4943 illos
1511 4889 1708 4947 aliatus
1731 4900 1852 4947 est:
1884 4911 1902 4943 ι
1931 4891 2080 4959 "me,

2180 4707 2371 4778 εὐτελῆ
2427 4706 2572 4778 ῥάκη
2597 4706 2643 4738 ’δ
2676 4705 3141 4777 περιϐεϐλημένον
3189 4705 3408 4766 ἰδόντες,
3458 4703 3518 4756 τὸ
3551 4702 3774 4773 πρῶτον

2181 4800 2279 4870 μὲν
2303 4798 2647 4869 ἐχαλέπηναν
2679 4814 2692 4827 ’
2723 4798 2847 4851 ἐπεὶ
2862 4799 2909 4830 ⁸⁵
2932 4798 2988 4851 δέ
3020 4814 3168 4858 τινες
3194 4795 3302 4848 τῶν
3327 4793 3648 4864 ἡγουμένων
3671 4793 3773 4861 τὴν

2176 4889 2273 4943 τοῦ
2318 4889 2511 4960 ἀνδρὸς
2543 4890 2820 4959 ἐδήλωσαν
2865 4889 3096 4960 ἀρετὴν,
3147 4885 3534 4956 κατεπήδησαν
3571 4901 3631 4937 τε
3661 4883 3773 4936 ἀπὸ

495 4979 681 5044 amici,
697 4980 1011 5034 renuntiate
1034 4979 1351 5048 imperatori
1378 4994 1521 5034 :uou
1544 4980 1846 5050 imperator
1866 4989 2079 5036 tantum

2191 4982 2286 5036 τῶν
2313 4982 2516 5047 ἵππων,
2561 4983 2656 5035 καὶ
2685 4982 2794 5035 τῶν
2842 4981 3053 5035 ἐκείνου
3082 4981 3324 5049 γονάτων
3375 4977 3770 5046 ἐπιλαϐόμενοι

493 5086 574 5132 es.
604 5086 795 5126 verum
828 5070 991 5125 etiam
1026 5071 1211 5126 homo.
1243 5071 1424 5139 Quare
1448 5089 1516 5129 ne
1545 5075 1721 5128 solum
1765 5083 1951 5144 specta
1974 5076 2077 5129 im-

497 5162 731 5230 perium,
769 5159 866 5215 sed
930 5170 1186 5215 naturam
1218 5178 1436 5233 quoque
1468 5164 1779 5219 considera.
1811 5162 1946 5218 Nam
1981 5164 2076 5233 qui

497 5253 659 5309 homo
718 5269 813 5321 es;,
869 5264 1063 5309 natura
1108 5256 1420 5325 conjunctis
1466 5256 1707 5326 imperas
1753 5274 1765 5310 :
1813 5253 1882 5309 ad
1939 5256 2077 5308 ima-

497 5344 677 5412 ginem
713 5352 895 5399 autem
928 5355 983 5400 et
1017 5345 1437 5402 similitudinem
1487 5346 1731 5401 divinam
1790 5344 2075 5400 hominum

2185 5071 2515 5142 συγγνώμην
2548 5072 2775 5142 ἐζήτουν
2794 5073 2863 5126 ⁸⁸.
2908 5071 2967 5125 '0
2996 5071 3053 5124 δὲ
3084 5071 3183 5141 τῆς
3232 5069 3383 5133 Θείας
3434 5067 3626 5135 σοφίας
3665 5069 3769 5136 ἐμ-

2186 5161 2483 5231 φορηῡεὶς,
2523 5163 2754 5216 τοιοῖσδε
2805 5163 2943 5234 πρὸς
2969 5162 3165 5224 αὐτοὺς
3208 5161 3481 5231 ἐχρήσατο
3540 5159 3756 5226 λόγοις·

2188 5272 2208 5304 ι
2234 5253 2463 5316 Εἴπατε,
2492 5247 2537 5306 ὦ
2565 5255 2710 5323 φίλοι
2745 5254 2958 5325 ἄνδρες,
2986 5252 3066 5325 τῷ
3101 5252 3346 5323 βασιλεῖ’
3389 5252 3464 5307 Οὐ
3512 5250 3765 5320 βασιλεὺς

2186 5341 2237 5397 si
2264 5345 2446 5415 μόνον,
2491 5345 2627 5400 ἀλλὰ
2657 5348 2753 5401 καὶ
2782 5346 3087 5417 ἄνθρωπος.
3124 5345 3216 5417 Μή
3249 5347 3430 5399 τοίνυν
3467 5345 3634 5418 μόνην
3662 5344 3765 5413 δρα

1792 5518 2024 5574 νΑΒΙιιΕ
2066 5520 2469 5579 LECTIONES.

555 5666 602 5700 ιτ

650 5678 1144 5757 πρωεέρα-εοῃίοἰι
1185 5684 1376 5755 Steph.
1408 5684 1491 5757 _"
1519 5685 1809 5757 roﬁ_abest
1834 5701 1864 5741 a
1897 5684 2063 5742 Basil.
2102 5683 2196 5741 Gr.
2266 5685 2313 5719 "
2349 5685 2654 5757 παρέδωκε.
2696 5683 2859 5757 Basil.
2901 5683 2994 5757 Gr.
3025 5692 3080 5738 et
3110 5682 3299 5757 §tepb.
3343 5684 3585 5757 Tradidit
3630 5680 3760 5751 Epi-

497 5748 865 5826 phauiu's_l_){3
902 5750 972 5826 32
1028 5748 1105 5826 ’δέ
1139 5748 1574 5826 ὲκείναςηβιιεὶι.
1608 5755 1740 5826 Gr.”
1764 5758 1807 5789 "
1839 5758 1868 5809 ό
1900 5758 2049 5811 addit
2098 5758 2237 5811 idem
2293 5748 2445 5811 cum'
2469 5757 2657 5825 Steph.
2724 5757 2767 5788 "
2801 5755 3066 5826 ὑπωρίαν.
3116 5748 3302 5826 Basil.
3332 5754 3426 5809 Gr.
3492 5756 3541 5788 ⁸⁸
3564 5748 3751 5822 ὀργήν.

505 5820 673 5875 Idem.
750 5823 795 5855 ⁸³
836 5821 1021 5895 ῥακία.
1055 5822 1198 5881 Idem
1227 5840 1351 5881 cum
1383 5823 1612 5895 Niceph.
1651 5824 1766 5890 ΧΠ,
1799 5827 1887 5883 44.
1956 5827 2002 5859 ³⁸
2036 5828 2244 5897 ἐπειδή.
2276 5827 2444 5883 Idem.
2514 5820 2819 5906 ⁸⁶’ἐξῄτουν
2850 5820 3084 5882 malebat
3130 5823 3377 5897 Valesius
