4124 6404
349 407 487 472 1241

1389 401 1984 468 ECCLESIASTICJS
2012 404 2396 465 HISTORIIE
2423 405 2569 466 LIB.
2599 405 2668 466 V.

3403 345 3407 350 ’
3473 397 3611 464 1242

344 519 452 588 τὴν
481 515 784 589 βασιλείαν,
815 515 950 570 ἀλλὰ
975 517 1068 592 καὶ
1099 516 1196 589 τὴν
1226 516 1385 586 φύσιν
1414 517 1650 586 λογίζου.
1684 516 1928 588 Ἀνθρω-

2053 522 2229 569 latura
2264 523 2446 570 creata
2488 524 2593 570 est.
2632 510 2713 569 Ne
2740 512 2910 585 igitur
2939 519 3053 568 tam
3089 510 3391 568 crudeliter
3421 511 3615 566 imma-

345 625 455 672 πος
493 607 604 680 γὰρ
647 605 745 671 ὢν,
795 607 1054 679 ὁμοφυῶν
1099 607 1426 678 βασιλεύεις.
1478 609 1616 662 Κατ’
1643 608 1838 663 εἰκόνα
1875 608 1933 662 δὲ

348 698 507 753 θείαν
529 700 624 754 καὶ
654 698 914 770 ὁμοίωσιν
945 698 1110 770 ἡτῶν
1137 699 1442 771 ἀνθρώπων
1473 699 1936 771 δεδημιούργηται

347 789 537 860 φύσις.
571 789 662 860 Μὴ
687 790 866 844 τοίνυν
890 789 1058 861 ὠμῶς
1087 789 1260 854 οὕτως
1283 793 1379 845 καὶ
1414 791 1644 863 ἀπηνῶς
1675 791 1772 844 τοῦ
1799 789 1934 844 Θεοῦ

343 883 452 948 τὴν
484 883 666 936 εἰκόνα
689 885 1114 954 κατασφαγῆναι
1151 883 1438 956 κελεύσῃς.
1463 883 1796 955 Παροξυνεῖς
1825 883 1937 953 γὰρ

341 972 446 1028 τὸν
477 973 817 1044 Δημιουργὸν
841 974 942 1045 τὴν
967 975 1177 1028 ὲκείνου
1217 975 1460 1039 κολάζων
1487 975 1692 1030 εἰκόνα.
1720 975 1934 1046 Σκόπη-

349 1079 449 1118 σον
477 1063 588 1135 γάρ
617 1063 694 1128 ὼς
721 1065 818 1118 καὶ
859 1067 925 1119 σὺ
960 1065 1170 1136 χαλκῆς
1201 1066 1364 1119 ἓνεκα
1391 1067 1766 1138 δυσχεραίνων
1795 1066 1938 1120 εἰκό-

348 1172 446 1219 νος
481 1155 654 1210 ταῦτα
699 1158 892 1221 ποιεῖς.
927 1159 1093 1211 Ὅσον
1117 1157 1174 1212 δὲ
1217 1159 1316 1228 τῆς
1379 1157 1588 1229 ἀψύχου
1631 1158 1937 1230 διαφέρει-ἠ

347 1245 599 1316 ιμψυχός
613 1263 672 1300 τε
707 1248 804 1302 xui.
827 1245 977 1310 ζῶσα
1010 1247 1107 1302 καὶ
1134 1247 1348 1320 λογικη,
1384 1248 1546 1318 δῆλον
1595 1247 1769 1302 ἅπασι
1825 1249 1939 1310 τοῖς

349 1354 417 1406 γε
438 1337 565 1390 νοῦν
595 1337 803 1408 έχουσι.
837 1337 984 1410 Πρὸς
1011 1339 1067 1392 δὲ
1099 1337 1314 1403 τούτοις
1343 1338 1653 1408 λογισάσθω
1685 1340 1935 1404 κάκεῖνα,

347 1426 429 1490 ὡς
459 1429 594 1498 ἡμῖν
633 1427 733 1498 μὲν
779 1429 960 1500 ῥᾴδιον
987 1430 1108 1483 ἀντὶ
1154 1429 1254 1499 τῆς
1295 1431 1424 1498 μιᾶς
1471 1429 1681 1492 εἰκόνος
1734 1429 1938 1494 πολλὰς

347 1502 762 1585 δημιουργῆσαι
819 1515 1065 1587 χαλκάςο
1109 1514 1260 1587 αὐτῷ
1301 1516 1360 1570 δὲ
1412 1515 1649 1587 πάμπαν
1673 1516 1934 1572 ἀδύνατον

357 1607 490 1676 μίαν
537 1606 668 1674 γοῦν
697 1606 808 1660 τῶν
835 1607 1232 1678 ἀναιρεθέντων
1262 1608 1663 1679 δημιουργῆσαι
1694 1608 1876 1680 τρίχα.
1914 1629 1934 1663 ι

353 1698 546 1752 Ταῦτα
581 1698 914 1764 ἀκούσαντες
949 1701 1001 1753 oi
1048 1699 1354 1770 θαυμαστοὶ
1392 1700 1584 1772 ἄνδρες
1609 1703 1826 1766 ἐκείνοι,
1862 1701 1943 1756 δι-

2036 607 2290 676 nitorque
2322 604 2415 660 Dei
2447 605 2738 678 imaginem
2765 604 3005 677 iugulari
3031 604 3338 676 praecipias.
3371 601 3615 661 lrritabis

2037 697 2182 752 enim
2213 694 2552 763 Creatorem,
2587 695 2644 751 in
2675 697 2796 766 ejus
2851 697 3085 753 saeviens
3135 695 3452 766 imaginem.
3485 695 3616 751 Per-

2038 787 2214 858 pende
2245 787 2388 842 enim
2423 795 2474 842 te
2511 795 2736 857 prepter
2787 801 2994 842 teneam
3047 795 3285 842 statuam
3348 786 3616 844 offensum

2038 879 2154 934 haec
2183 892 2362 948 agere.
2390 877 2606 945 Quanto
2637 886 2819 933 autem
2846 878 3102 932 inanima:
3130 886 3350 947 praestet
3375 883 3618 932 animata

2037 981 2092 1028 et
2126 973 2318 1028 vivens
2352 987 2417 1026 ac
2451 973 2664 1028 ratione
2695 973 2947 1044 praedita,
2983 973 3238 1028 omnibus
3269 973 3360 1042 qui
3393 987 3616 1026 sensum

2039 1062 2243 1118 habent
2278 1071 2362 1118 est
2390 1065 2767 1133 perspicuum.
2799 1061 2934 1117 Illud
2982 1069 3244 1130 praeterea
3280 1062 3618 1125 consideret,

2037 1155 2200 1207 nobis
2225 1151 2442 1221 quidem
2476 1152 2639 1208 facile
2666 1167 2790 1208 esse
2819 1167 2916 1222 pro
2941 1151 3116 1222 elligie
3147 1167 3255 1206 una
3285 1167 3459 1207 aereas
3487 1153 3620 1204 mul-

2039 1250 2126 1299 tas
2175 1243 2432 1298 fabricari
2467 1261 2479 1298 :
2511 1246 2691 1316 ipsum
2723 1260 2854 1300 vero
2887 1245 2971 1300 vel
3001 1261 3168 1299 unum
3200 1243 3617 1299 interfectorum

2039 1337 2296 1405 capillum
2331 1339 2526 1393 creare
2577 1337 2728 1392 nullo
2779 1337 2943 1392 modo
2975 1352 3156 1408 posse.
3195 1356 3214 1390 ι
3257 1336 3384 1392 Haec
3415 1336 3617 1407 egregii

2040 1426 2116 1482 illi
2163 1429 2269 1483 viri
2305 1443 2430 1483 cum
2464 1429 2830 1495 audivissent,
2869 1429 2935 1483 ad
2981 1431 3366 1498 imperatorem
3401 1428 3621 1498 singula

2039 1521 2368 1586 retulerunt,
2397 1532 2452 1576 et
2475 1507 2571 1578 irae
2599 1521 2874 1578 ﬂammam
2905 1521 3310 1586 exstinxerunt,
3339 1521 3413 1574 ita
3441 1530 3501 1574 ut
3527 1534 3626 1590 pro

2040 1612 2210 1667 minis
2231 1614 2535 1684 apolotgiam
2559 1614 2850 1678 scriberet,
2876 1615 3082 1684 iraeque
3110 1628 3338 1670 causam
3366 1627 3630 1684 expone-

2041 1711 2147 1758 ret.
2173 1722 2192 1755 ‹
2221 1705 2337 1760 Νοιι
2359 1707 2665 1776 oportebat,
2691 1707 2886 1777 inquit,
2915 1721 3000 1760 me
3026 1713 3314 1776 peccante,
3340 1705 3626 1758 mulierem

352 1787 744 1860 ιπόρθμευσαν
787 1789 858 1844 τά
902 1789 1169 1862 εἰρημένα
1202 1790 1282 1861 τῷ
1309 1789 1538 1860 βασιλεῖ,
1587 1791 1682 1844 καὶ
1720 1791 1821 1864 τὴν
1845 1791 1938 1846 τοῦ

2053 1797 2188 1850 omni
2215 1796 2376 1852 laude
2404 1797 2808 1866 dignissimam,
2839 1805 2964 1868 post
2993 1805 3225 1852 mortem
3251 1803 3460 1851 tantam
3491 1809 3630 1849 con-

354 1882 534 1953 θυμοῦ
591 1884 930 1939 κατέσϐεσαν
981 1885 1178 1953 φλόγα,
1230 1884 1326 1938 καὶ
1379 1885 1500 1938 ἀντὶ
1537 1885 1648 1938 τῶν
1695 1884 1937 1940 ἀπειλῶν

2053 1891 2328 1945 tumeliam
2371 1893 2687 1947 sustinere:
2718 1893 2813 1948 sed
2847 1893 2900 1947 in
2933 1907 3021 1948 me
3049 1906 3266 1946 armare
3295 1890 3524 1944 decebat
3553 1885 3630 1941 of-

354 1975 586 2028 ἐκείνων
607 1975 902 2044 ἀπολογίαν
933 1976 1165 2047 ἔγραψε,
1199 1976 1294 2030 καὶ
1317 1975 1416 2045 τῆς
1441 1975 1612 2048 ὀργῆς
1634 1977 1732 2048 τὴν
1759 1979 1942 2033 αἰτίαν

355 2065 648 2137 ἐδήλωσεν.
689 2085 708 2118 ι
729 2069 848 2122 Οὐκ
885 2067 992 2122 ἔδει
1021 2068 1151 2139 γάρ,
1175 2067 1304 2138 ἐφη,
1333 2067 1468 2137 ἐμοῦ
1510 2069 1942 2141 πλημμελήσαν-

353 2174 471 2223 τος,
505 2161 740 2226 γυναῖκα
787 2159 968 2228 πάσης
1005 2159 1282 2230 εὐφημίας
1334 2159 1643 2230 ἀξιωτάτην
1672 2161 1940 2232 τοσαύτην

358 2249 504 2320 μετὰ
563 2251 822 2322 τελευτὴν
875 2251 1130 2316 δέξασθαι
1179 2251 1470 2322 παροινίαν
1499 2268 1512 2282 ·
1547 2252 1668 2306 κατ’
1701 2252 1835 2322 ἐμοῦ
1880 2255 1940 2308 δὲ

355 2338 533 2409 ἐχρῆν
589 2339 679 2394 τὸν
731 2340 902 2411 θυμὸν
947 2341 1076 2405 τοὺς
1131 2340 1577 2410 ἀγανακτοῦντας
1631 2342 1872 2397 ὁπλίσαι.
1911 2362 1932 2396 ι

357 2429 729 2499 Προστέθεικε
756 2431 813 2486 δὲ
840 2433 915 2496 ὡς
944 2431 1098 2486 ἀλύει
1127 2433 1224 2486 καὶ
1251 2435 1492 2492 ἀνιᾶται.
1519 2433 1672 2496 τινας
1693 2433 1796 2486 ὑπὸ
1829 2435 1940 2488 τῶν

355 2521 640 2594 ἀρχόντων
663 2524 968 2596 ἀνῃρῆσθαι
1001 2523 1208 2594 μαθών.
1241 2523 1549 2598 Ἐγὼβὲϐ]
1566 2527 1622 2579 δὲ
1658 2526 1830 2580 ταῦτα
1860 2527 1940 2580 δι-

2047 1979 2233 2037 feusos
2271 1982 2696 2054 indiguatiouem
2757 1999 2934 2040 suam.
2977 2002 2995 2036 ι
3031 1983 3276 2038 Addebat
3313 1993 3368 2039 et
3410 1977 3627 2050 1055

2047 2072 2234 2128 dolere
2281 2087 2342 2128 se
2376 2085 2541 2145 atque
2593 2077 2716 2146 angi
2753 2077 2958 2139 animo,
2994 2075 3140 2146 quod
3172 2075 3391 2143 aliquos
3421 2088 3450 2126 a
3483 2070 3632 2140 judi-

2045 2164 2204 2219 cibus
2259 2177 2569 2237 peremptos
2625 2169 2948 2238 accepisset.
3000 2168 3110 2238 Ego
3166 2181 3298 2220 vero
3337 2171 3628 2235 propterea

2048 2257 2164 2311 haec
2197 2260 2642 2325 commemoravi,
2678 2261 2820 2329 quod
2870 2259 3120 2329 iniquum
3160 2259 3417 2314 ducerem
3447 2255 3632 2309 lauda-

2047 2349 2298 2404 bilissimi
2332 2352 2582 2406 monachi
2625 2353 2930 2407 libertatem
2959 2353 3015 2406 in
3049 2352 3380 2408 oblivionem
3417 2347 3628 2412 venire,

2047 2449 2104 2495 et
2127 2452 2183 2495 ut
2217 2443 2351 2513 legis
2379 2445 2560 2516 magni
2587 2443 2860 2500 Ambrosii
2888 2460 3058 2502 suasu
3095 2445 3314 2515 scriptae
3337 2441 3629 2497 utilitatem

2051 2533 2424 2590 ostenderem.

356 2610 607 2681 εξῆλθονν
636 2613 731 2666 καὶ
757 2613 851 2666 τοῦ
883 2615 1240 2684 πανευφήμου
1283 2615 1610 2685 μονάζοντος
1657 2615 1756 2687 τὴν
1779 2619 2096 2690 παρρησίαν
2127 2625 2226 2694 οὐχ
2259 2627 2611 2696 ἡγησάμενος
2666 2625 2874 2682 δίκαιον
2936 2625 3276 2700 παραδοῦναι
3321 2623 3482 2697 λήθῃ,
3539 2622 3638 2678 καὶ

359 2701 455 2756 τὸν
494 2701 662 2772 νόμον
703 2704 912 2757 ἐκεῖνον
969 2703 1188 2768 δεικνὺς
1219 2705 1567 2777 ὀνησιφόρον,
1595 2705 1654 2759 ὃν
1683 2709 1712 2760 ὁ
1742 2707 1917 2778 μέγας
1968 2709 2304 2784 Ἀμϐρὸσιος
2335 2718 2616 2788 γραφῆναι
2641 2719 2970 2790 παρῄνεσεν.

963 2795 1213 2850 ΚΕΦΑΑ.
1255 2797 1342 2850 Κ’.

361 2885 502 2954 Πφί
531 2883 654 2939 τῶν
691 2887 1003 2956 πανταχοῦ
1052 2887 1164 2958 γῆς
1205 2888 1666 2943 καταλυθέντων
1688 2889 1849 2944 ναῶν
1879 2891 1947 2949 ³⁷,

445 2977 506 3032 ὐ
539 2979 597 3032 δὲ
649 2979 966 3042 πιστότατος
1018 2978 1270 3050 βασιλεὺς
1313 2979 1455 3033 κατά
1487 2979 1589 3048 τῆς
1632 2980 1952 3052 Ἑλληνικῆς

2425 2805 2580 2861 cae.
2617 2806 2732 2862 xx.
2769 2805 2858 2879 [γ.
2889 2804 3105 2862 21.ΟΙι.
3137 2803 3256 2878 20.]

2049 2892 2128 2948 De
2183 2896 2389 2966 templis
2455 2896 2722 2950 idolorum
2765 2896 2955 2967 ubique
3014 2905 3283 2950 terrarum
3325 2892 3634 2948 destructis.

2119 2987 2505 3044 Fidelissimus
2559 3003 2728 3058 porro
2793 2989 3093 3056 imperator
3155 2985 3398 3041 studium
3472 2998 3634 3038 suum

361 3070 577 3141 πλάνης
635 3070 906 3142 μετέθηκε
951 3071 1053 3142 τὴν
1097 3071 1356 3144 σπουδὴν,
1383 3073 1477 3126 καὶ
1509 3073 1710 3144 νόμους
1745 3075 1949 3145 ἔγραψε

2053 3078 2319 3134 adversus
2371 3079 2659 3150 gentilium
2713 3093 2955 3134 errorem
3023 3077 3329 3141 convertit,
3381 3075 3641 3146 legesque

363 3163 434 3218 τά
487 3162 600 3218 τῶν
656 3161 893 3216 εἰδώλων
935 3163 1140 3234 τεμένη
1192 3163 1564 3234 καταλυθῆναι
1601 3165 1647 3198 ⁵⁸
1690 3166 1950 3222 κελεύων.

363 3253 778 3315 Κωνσταντϊνος
827 3253 926 3323 μὲν
955 3255 1064 3322 γάρ
1093 3254 1124 3306 ὀ
1169 3253 1362 3322 μέγας,
1392 3253 1422 3305 δ
1452 3252 1633 3325 πάσης
1657 3253 1956 3320 ἀξιώτατος

364 3341 667 3410 εὐφημίας,
685 3339 902 3412 πρῶτος
931 3340 1180 3414 εὑσεόείᾳ
1200 3341 1298 3414 τὴν
1337 3341 1614 3412 βασιλείαν
1647 3347 1954 3416 κοσμήσας,

365 3435 464 3486 καὶ
482 3434 582 3504 τὴν
603 3433 929 3505 οἰκουμένην
971 3433 1052 3487 ἔτι
1086 3437 1394 3506 μεμηνυῖαν
1429 3436 1594 3506 ὁρῶν,
1626 3436 1686 3490 τὸ
1719 3438 1817 3508 μὲν
1846 3443 1958 3502 τοῖς

365 3528 590 3600 δαίμοσι
623 3527 772 3582 θύειν
803 3530 1150 3582 παντάπασιν
1189 3528 1530 3600 ἀπηγόρευε·
1565 3531 1693 3592 τοὺς
1744 3529 1801 3583 δὲ
1836 3529 1958 3583 τού-

366 3637 480 3674 των
505 3623 667 3686 ναοὺς
693 3621 753 3674 οὐ
803 3621 1119 3686 κατέλυσεν,
1154 3620 1270 3674 ἀλλ’
1317 3620 1554 3682 ἀϐάτους
1601 3616 1741 3673 εἶναι
1786 3637 1956 3690 προσ-

367 3715 552 3783 έταξε.
581 3717 691 3768 Καὶ
715 3715 899 3787 μέντοι
915 3717 1010 3769 καὶ
1029 3716 1078 3770 οἱ
1104 3715 1297 3768 τούτου
1325 3715 1512 3780 παῖδες
1543 3717 1655 3780 τοίς
1686 3714 1957 3790 πατρώοις

365 3806 746 3876 ἠκολούθησαν
798 3806 1022 3876 ἴχνεσιν.
1065 3805 1351 3869 Ἰουλιανὸς
1381 3805 1437 3858 δὲ
1481 3805 1818 3860 ἀνενεώσατο
1861 3805 1958 3877 τὴν

366 3897 656 3961 ἀσέῦειαν,
687 3896 904 3966 καὶτῆς
926 3895 1165 3959 παλαιᾶς
1195 3894 1471 3963 ἐξαπάτης
1497 3894 1662 3964 ἐξῆψε
1693 3895 1790 3966 τὴν
1829 3895 1958 3963 φλό-

366 4003 468 4053 γα.
509 3985 770 4048 Ἰοόιανδς
815 3985 872 4039 δὲ
933 3987 1032 4058 τὴν
1081 3985 1362 4056 βασιλείαν
1416 3983 1770 4055 παραλαϐὼν,
1798 3985 1958 4038 πάλιν

367 4079 470 4150 τὴν
493 4078 604 4132 τῶν
635 4077 872 4131 εἰδώλων
911 4077 1152 4130 ἐκώλυσε
1199 4074 1496 4147 θεραπείαν
1516 4091 1530 4106 °
1559 4073 1656 4128 καὶ¹
1703 4073 1959 4126 Βαλεντι-

375 4171 552 4233 νιανδς
579 4169 639 4224 δὲ
667 4171 697 4222 ὁ
723 4169 896 4240 μέγας
933 4171 1162 4222 τοιοῖσδε
1223 4167 1561 4239 κεχρημένος
1593 4167 1778 4236 νόμοις
1812 4165 1959 4218 ἴθυνε

373 4259 476 4330 τὴν
529 4259 822 4332 Εὐρώπην.
877 4259 936 4312 '0
963 4259 1021 4313 δὲ
1049 4259 1229 4330 Βάλης
1281 4261 1416 4312 πᾶσι
1471 4260 1570 4328 μὲν
1599 4261 1724 4328 ξτοῖς
1777 4258 1960 4316 ἄλλοις

371 4352 642 4424 ἐπέτρεψε
703 4351 1032 4434 θρησκεύειν
1159 4353 1432 4424 βούλοιντο
1459 4353 1526 4418 '9,
1567 4352 1658 4406 καὶ
1695 4351 1762 4405 τὰ
1821 4349 1958 4422 θρη-

371 4444 683 4515 σκευόμενα
710 4425 1033 4516 θεραπεύειν
1065 4459 1082 4474 ο
1115 4444 1297 4514 μόνοις
1345 4445 1401 4498 δὲ
1441 4445 1694 4516 πολεμῶν
1731 4445 1958 4499 διετέλει
1993 4425 2036 4479 D

367 4539 487 4601 τοῖς
516 4535 626 4588 τῶν
647 4536 1024 4589 ἀποστολικῶν
1049 4536 1429 4606 ὑπερμαχοῦσι
1457 4535 1762 4608 δογμάτων.
1779 4537 1965 4590 Πάντα

367 4627 506 4698 γοῦν
542 4627 636 4680 τὸν
661 4627 765 4696 τῆς
797 4626 1008 4680 ἐκείνου
1057 4625 1332 4698 βασιλείας
1365 4628 1576 4698 χρόνον,
1615 4627 1711 4681 καὶ
1751 4629 1812 4681 τὸ
1845 4630 1966 4680 ἐπι-

372 4719 588 4790 σώμιον
615 4719 821 4791 ἥπτετο
852 4718 987 4791 πῦρ,
1019 4719 1113 4772 καὶ
1150 4720 1378 4784 σπονδὰς
1409 4721 1502 4773 καὶ
1529 4719 1718 4784 θυσίας
1753 4723 1866 4784 τοῖς
1887 4722 1966 4774 εἰ·

370 4813 565 4876 δὼλοις
607 4812 966 4883 προσέφερον,
995 4811 1091 4865 καὶ
1127 4811 1227 4874 τὰς
1275 4811 1626 4881 δημοθοινίαις
1671 4811 1813 4866 κατά
1865 4811 1964 4884 τὴν

371 4904 587 4978 ἀγορὰν
621 4906 932 4969 ἐπετέλουν,
968 4905 1062 4959 καὶ
1089 4907 1138 4958 oi
1160 4903 1255 4957 τοῦ
1285 4902 1539 4956 Διονύσου
1575 4903 1644 4956 τά
1673 4903 1832 4974 ὄργια
1873 4920 1963 4956 τε-

371 4996 714 5066 τελεσμένοι,
748 4996 886 5072 μετὰ
935 4995 1044 5049 τῶν
1099 4996 1320 5066 αἰγίδων
1362 4995 1603 5068 ἔτρεχον,
1645 4997 1770 5060 τοὺς
1795 4997 1966 5060 κύνας

373 5087 735 5154 διασπῶντες,
775 5087 871 5140 καὶ
917 5088 1245 5158 μεμηνότες,
1295 5089 1390 5142 καὶ
1441 5087 1826 5160 βακχεύοντες,
1871 5089 1966 5142 καὶ

372 5178 552 5232 τᾶλλα
572 5180 618 5211 ⁸⁸
644 5179 899 5250 δρῶντες,
925 5179 960 5234 ἂ
989 5179 1087 5252 την
1133 5180 1228 5234 τοῦ
1269 5179 1590 5234 διδασκάλου
1633 5181 1896 5252 πονηρίαν
1921 5182 1966 5214 ⁶¹

373 5271 548 5342 δηλοῖ.
605 5270 792 5326 Ταῦτα
826 5273 1004 5328 πάντα
1046 5272 1325 5336 Θεοδόσιος
1367 5271 1544 5344 εὑρὼν
1575 5274 1602 5326 ὁ
1647 5274 1968 5337 πιστότατος

378 5361 636 5434 βασιλεὺς
661 5402 678 5428 ,
709 5363 982 5436 πρόρριζά
1033 5379 1094 5418 τε
1146 5363 1419 5419 ἀνέσπασε
1443 5407 1460 5432 ,
1500 5365 1596 5419 καὶ
1637 5365 1776 5439 λήθῃ
1818 5383 1961 5438 παρ-

378 5455 572 5510 έόωκε.

450 5707 500 5746 ⁸⁷
540 5705 834 5760 εἰδωλικῶν
870 5707 1079 5762 addunt
1122 5715 1354 5765 eceterae.
1395 5707 1550 5764 editi.
1635 5707 1682 5739 "
1711 5707 1951 5762 καταλῦσ

2063 5706 2231 5762 Basil.
2263 5705 2359 5762 Gr.
2425 5704 2472 5736 "

2059 3171 2186 3224 tulit
2243 3172 2446 3241 quibus
2503 3173 2774 3227 idolorum
2827 3171 3058 3225 delubra
3121 3169 3331 3224 destrui
3384 3167 3637 3236 jubebat.

2058 3264 2458 3320 Constantinus
2527 3265 2673 3320 enim
2731 3279 2992 3334 magnus,
3037 3261 3186 3317 omni
3247 3259 3643 3331 praedicatione

2059 3355 2436 3424 dignissimus,
2476 3357 2570 3426 qui
2607 3355 2854 3426 primus‘
2881 3354 3131 3410 omnium
3168 3353 3374 3424 pietate
3424 3350 3642 3404 ornavit

2059 3446 2376 3517 imperium,
2408 3463 2535 3502 cum
2591 3447 2782 3504 orbem
2835 3454 3110 3503 terrarum
3149 3445 3332 3499 adhuc
3369 3443 3642 3498 furentem

2059 3542 2290 3604 videret.
2339 3542 2647 3598 daemonum
2703 3543 2926 3612 quidem
2973 3541 3247 3598 sacriﬁcia
3282 3540 3502 3610 penitus
3561 3537 3646 3592 in-

2061 3632 2304 3696 terdixit,
2333 3633 2526 3686 horum
2551 3643 2730 3687 tamen
2766 3633 2892 3685 fana
2926 3647 3035 3685 non
3064 3631 3280 3694 evertit,
3306 3629 3398 3684 sed
3425 3627 3644 3682 occludi

2061 3725 2339 3791 praecepit.
2379 3721 2556 3790 llujus
2595 3736 2816 3791 quoque
2855 3719 2952 3773 lilii
3003 3731 3232 3788 paterna
3285 3717 3518 3786 vestigia
3551 3731 3644 3770 se-

2059 3811 2173 3866 cuti
2232 3818 2384 3866 sunt.
2441 3810 2512 3864 At
2558 3809 2813 3865 Julianus
2857 3809 3194 3877 impietatem
3259 3805 3532 3870 restituit,
3587 3810 3644 3858 ct

2061 3901 2279 3972 pristini
2314 3901 2524 3956 erroris
2573 3900 2846 3955 ﬁnitimam
2899 3897 3172 3954 accendit.
3203 3895 3466 3956 Iovianus
3513 3908 3646 3951 vero

2060 3992 2346 4062 imperium
2368 3993 2650 4062 excipiens
2671 4030 2686 4054 ,
2723 3991 2996 4046 idolorum
3029 4003 3225 4044 rursus
3259 3989 3471 4042 cultum
3516 4000 3646 4056 pro-

2061 4087 2238 4143 hibuit
2271 4110 2286 4142 :
2318 4095 2374 4141 et
2417 4087 2838 4142 Valentinianus
2875 4099 3098 4155 quoque
3154 4096 3390 4152 magnus
3448 4080 3642 4136 iisdem

2061 4180 2275 4248 legibus
2322 4179 2464 4234 rexit
2511 4177 2812 4249 Eumpam.
2859 4179 2930 4230 At
2982 4174 3217 4239 Valens,
3263 4174 3385 4230 aliis
3422 4172 3644 4243 quidem

2061 4273 2322 4326 omnibus
2365 4271 2619 4341 permisit
2656 4269 2981 4339 religionem
3034 4267 3190 4336 sequi
3223 4280 3390 4336 quam
3421 4265 3644 4326 vellent,

2069 4374 2124 4421 et
2164 4366 2233 4422 iis
2270 4368 2478 4421 servire
2502 4378 2644 4434 quos
2679 4362 2952 4416 haberent
2989 4374 3088 4430 pro
3129 4358 3236 4414 diis
3271 4376 3283 4410 :
3329 4358 3478 4412 solos
3520 4370 3648 4410 vero

2067 4463 2373 4516 insectatus
2413 4467 2497 4514 est
2531 4473 2648 4520 eos,
2681 4454 2776 4526 qui
2821 4452 3130 4524 apostolica
3161 4451 3418 4520 dogmata
3453 4447 3648 4502 defen-

2063 4553 2284 4608 debant.
2319 4549 2506 4619 Itaque
2537 4556 2653 4602 toto
2673 4547 2792 4613 ejus
2819 4544 3037 4614 imperii
3071 4551 3339 4611 tempore,
3365 4551 3420 4594 et
3453 4539 3508 4592 in
3535 4540 3652 4592 aris

2063 4643 2294 4698 ardebat
2325 4642 2500 4711 ignis,
2552 4646 2606 4694 et
2657 4637 2950 4692 libatioues
3003 4642 3169 4704 atque
3215 4631 3429 4686 hostias
3485 4629 3651 4684 idolis

2063 4735 2390 4798 ollerebant,
2426 4740 2481 4786 et
2515 4731 2770 4805 publicas
2801 4729 2994 4800 epulas
3017 4727 3071 4781 in
3105 4724 3228 4780 foro
3265 4721 3648 4786 celebrabant,

2063 4835 2120 4881 et
2171 4825 2370 4880 Bacchi
2425 4823 2599 4892 orgiis
2659 4821 2865 4876 initiati
2913 4833 3040 4874 cum
3107 4815 3344 4886 pellibus
3407 4811 3654 4882 caprinis

2071 4920 2390 4982 currebant,
2455 4915 2670 4986 1056
2719 4927 2888 4967 canes
2935 4909 3304 4974 dilauiantes,
3367 4905 3654 4972 furentes,

2071 5009 2431 5073 bacchantes,
2458 5015 2514 5062 et
2544 5007 2652 5059 alia
2678 5013 2904 5076 agentes
2941 5016 3063 5072 qua:
3092 4999 3340 5071 magistri
3383 4993 3654 5066 improbi.-

2073 5113 2240 5158 tatem
2272 5095 2596 5156 ostendunt.
2635 5096 2762 5153 llaec
2812 5095 2998 5152 omnia
3055 5101 3259 5148 nactus
3304 5087 3657 5144 Theodosius

2077 5191 2432 5247 ﬁdelissimus
2489 5188 2814 5258 imperator,
2877 5183 3147 5240 radicitus
3212 5177 3542 5252 evstirpavit
3601 5183 3659 5232 et

2075 5281 2355 5338 oblivione
2379 5285 2645 5351 perpetua
2677 5277 2979 5332 damnavit.

1686 5548 1922 5606 VAle
1964 5547 2368 5606 LECTIONES.

2507 5703 2810 5774 βούλονται.
2840 5701 3032 5774 ldem._
3105 5701 3152 5732 “
3182 5697 3272 5774 τά-
3302 5693 3454 5774 ἀλλα.
3504 5692 3656 5774 idem

379 5792 511 5830 cum
536 5777 728 5902 Steph.
797 5779 840 5809 "
872 5761 955 5832 Ita
981 5761 1900 5847 eodesv'Pin-iietWChﬁristophors”
1956 5779 2200 5844 itemque
2260 5761 2693 5847 Epiphaniule
2721 5813 2734 5835 ,
2774 5774 2863 5835 59,
2917 5771 3184 5840 probante
3233 5767 3466 5824 Valesio.
3501 5761 3654 5830 Quod

379 5857 438 5902 et
463 5845 633 5902 Nicen
678 5886 691 5902 .
725 5845 817 5902 Xll
845 5887 858 5902 .
900 5847 994 5902 25.
1024 5850 1354 5902 c0nlirtnare
1387 5849 1620 5902 videtur.
1660 5850 1827 5902 Basil.
1865 5848 1958 5902 Gr.
2006 5855 2059 5902 ct
2099 5847 2286 5902 Steph.
2330 5845 2604 5902 habebant
2645 5862 2656 5898 :
2695 5845 3021 5902 πανήγυριν.

379 5857 438 5903 et
463 5845 633 5918 Nicep

725 5845 817 5902 XII
845 5887 858 5912 ,
900 5847 994 5914 25,
1024 5850 1354 5907 continuare
1387 5849 1620 5906 videtur.
1660 5845 1827 5905 Basil.
1860 5848 1958 5934 ρι’.
2006 5855 2059 5902 ct
2099 5845 2604 5918 Stcphﬁhabebant
2645 5862 2656 5898 :
2695 5845 3021 5916 πανήγυριν.
