4124 6442
380 426 528 491 12ίὸ

1393 423 1988 484 ECCLESIASTICE
2022 426 2408 487 HISTORIE
2440 430 2586 489 LIB.
2617 431 2687 488 Υ.

3508 425 3649 490 1⁵246

372 536 659 610 τυραννίδι
694 533 789 589 τοῦ
815 535 1097 606 δαίμονος,
1125 534 1265 588 ἀλλά
1302 535 1399 589 καὶ⁸
1436 536 1538 606 τὴν
1562 535 1965 607 ἀσθένειανίτὴν

2079 539 2295 610 majoris
2323 543 2507 599 danmi
2539 545 2837 600 incredulis
2872 542 2964 599 fiat
2991 543 3233 599 occasio.
3270 542 3368 597 His
3399 549 3453 595 rt
3484 545 3640 595 simi-

373 628 595 683 ἒκείνου
608 624 919 697 γυμνῶσαι,
937 625 1032 678 καὶ
1057 625 1155 697 τὴν
1182 624 1389 679 οἰκείαν
1417 625 1647 696 δύναμιν
1680 627 1964 691 ἐπιδεῖξαι,

376 721 469 773 ενα
500 719 582 788 μὴ
607 718 881 788 πρόφασις
907 716 1157 770 ἐντεῦθεν
1190 719 1303 780 τοῖς
1325 716 1576 781 ἀπίστοις
1600 717 1844 787 μείζονος
1873 717 1968 785 γέ-

373 827 539 881 νηται
592 808 816 879 βλάϐης.
863 809 1051 863 Ταῦτα
1080 808 1238 881 [228}
1259 808 1452 871 εἰπὼν,
1487 809 1583 861 καὶ
1618 809 1718 862 ὅσα
1760 809 1968 870 τούτοις

374 905 662 974 παρόμοια
684 944 700 968 ,
727 905 824 958 καὶ
857 905 1066 969 ἐπιθεὶς
1115 905 1210 958 τοῦ
1269 904 1506 975 σταυροῦ
1545 905 1642 958 τὸν
1680 904 1853 958 τύπον
1894 903 1970 974 τῷ

376 996 562 1060 ὕδατι,
606 996 857 1050 Ἑκύτιόν
877 998 921 1028 ⁷⁷
955 1014 1079 1050 τινα
1123 996 1402 1059 διακονίας
1427 996 1756 1065 ἠξιωμένον,
1789 996 1969 1049 πίστει

376 1088 479 1143 καὶ
510 1086 661 1160 ζήλῳ
684 1088 1299 1160 πεφραγμένον,λα6εῖν
1323 1105 1383 1141 τε
1420 1088 1480 1141 τὸ
1512 1087 1658 1158 ὕδωρ
1692 1087 1970 1152 ἐκέλευσε,

377 1181 479 1233 καὶ
506 1179 598 1233 διὰ
625 1179 827 1249 τάχους
843 1179 1094 1249 δραμεῖν,
1115 1179 1210 1232 καὶ
1231 1179 1371 1247 μετά
1396 1178 1634 1239 πίστεως
1655 1178 1966 1247 δωρῤᾶναι,

378 1272 481 1327 καὶ
515 1270 619 1342 τὴν
658 1270 835 1340 φλόγα
884 1272 1295 1344 προσενεγκεῖν.
1330 1269 1490 1324 Οὕτω
1521 1269 1716 1324 τούτου
1744 1268 1971 1338 γενομέο

380 1377 502 1426 νου,
551 1361 874 1432 ἀπέδραμεν
901 1362 997 1415 ἐδ
1027 1362 1241 1434 δαίμων
1285 1363 1386 1416 οὐκ
1435 1362 1675 1429 ἐνεγκὼν
1725 1361 1825 1433 τὴν
1873 1359 1968 1414 τοῦ

384 1447 583 1516 ὓδατος
603 1450 913 1523 προσϐολήν
944 1468 960 1483 ⁸
986 1452 1046 1505 τὸ
1073 1453 1130 1505 δέ
1161 1451 1272 1523 πῦρ
1293 1452 1367 1516 ὡς
1399 1452 1564 1522 ἐλαίῳ
1587 1450 1664 1521 τῷ
1690 1451 1972 1522 ἀντιπάλῳ

379 1542 740 1611 χρησάμενον
780 1540 973 1607 ὕδατι,
1002 1541 1302 1596 ἐπελάϐετό
1362 1559 1423 1595 τε
1474 1542 1582 1594 τῶν
1643 1540 1847 1607 ξύλων,
1880 1541 1974 1593 καὶ

382 1629 559 1681 ταῦτα
586 1631 648 1682 ἐν
684 1630 881 1702 ἀκαρεῖ
907 1631 1307 1700 κατηνάλωσεν.
1345 1632 1408 1685 υί
1437 1631 1492 1684 δὲ
1534 1630 1710 1694 κίονες
1742 1631 1972 1701 φρούδου

2068 631 2213 688 libus
2241 632 2425 697 dictis,
2452 645 2505 690 et
2544 636 2703 708 signo
2731 637 2916 691 crucis
2952 650 3111 706 aqua:
3152 636 3441 705 impresso,
3474 633 3645 702 Equi-

2069 724 2205 777 tinm
2244 727 2535 795 quemdam
2562 743 2627 783 ex
2663 727 2856 782 ordine
2885 727 3269 788 diaconorum,
3301 724 3407 779 fide
3437 738 3501 778 ac
3529 724 3649 778 zelo

2070 818 2366 881 munitum,
2408 833 2606 887 aquam
2655 820 2908 889 accipere
2959 817 3136 886 jubet,
3168 826 3220 870 et
3253 817 3410 870 ocius
3447 814 3562 879 ire,
3595 823 3650 866 et

2068 921 2195 961 cum
2232 908 2337 963 fide
2376 924 2634 979 spargere
2661 948 2676 973 ,
2713 910 3004 978 ignemque
3064 907 3380 962 admovere.
3413 904 3533 970 Quo
3571 904 3647 956 ita

2073 1000 2235 1061 facto,
2272 1000 2485 1055 daemon
2521 1003 2757 1056 excessit
2807 1017 2962 1069 aquae
3010 1000 3119 1054 vim
3154 1014 3264 1052 non
3323 997 3646 1060 sustinens;

2069 1096 2124 1144 el
2149 1090 2312 1160 ignis.
2344 1106 2484 1160 aqua
2516 1092 2623 1146 sibi
2659 1092 2940 1146 contraria
2981 1090 3131 1144 velut
3170 1086 3299 1141 oleo
3341 1087 3642 1148 excitatus,

2071 1183 2217 1253 ligna
2261 1183 2571 1253 apprendit,
2623 1199 2796 1253 eaque
2834 1188 3113 1237 momento
3138 1178 3501 1247 consumpsit.
3529 1175 3636 1231 Co.

2072 1275 2276 1330 lumnae
2307 1291 2438 1330 vero
2460 1317 2475 1342 ,
2508 1277 2739 1331 sublatis
2769 1291 2798 1330 e
2828 1274 3009 1329 medio
3052 1272 3337 1327 fulmentis
3367 1311 3382 1333 ,
3421 1279 3477 1323 et
3510 1267 3649 1336 ipsa

2073 1367 2332 1436 collapsa:
2396 1376 2559 1429 sunt,
2609 1378 2664 1423 et
2721 1366 2860 1422 alias
2913 1364 3206 1419 duodecim
3258 1366 3647 1424 attraxerunt,

2072 1457 2331 1528 latusque
2397 1458 2640 1523 delubri,
2679 1459 2698 1478 ⁹
2760 1456 2911 1528 quod
2971 1455 3246 1511 columnis
3309 1451 3646 1508 adhaerebat.

2075 1546 2192 1614 pari
2229 1546 2389 1600 ruina
2423 1548 2687 1603 concidit.
2716 1546 2930 1617 Fragor
2953 1555 3157 1610 autem,
3186 1544 3280 1614 qui
3306 1543 3502 1612 ingens
3525 1539 3651 1602 fuit,

2072 1645 2242 1692 totam
2273 1638 2462 1692 urbem
2510 1647 2848 1708 pervagatus
2902 1652 3097 1692 omnes
3149 1635 3215 1688 ad
3272 1632 3650 1703 spectaculum

381 1716 482 1770 τοῦ
531 1718 836 1789 ἐρείδοντος
872 1722 1172 1792 γενομένου
1215 1721 1369 1774 αὐτοί
1405 1738 1466 1773 τε
1514 1721 1836 1785 κατέπεσον,
1880 1724 1974 1774 καὶ

2079 1728 2420 1783 convocavit.
2453 1726 2555 1791 Qui
2584 1727 2675 1782 ubi
2718 1726 2903 1782 infesti
2934 1726 3203 1781 daemonis
3230 1724 3411 1793 fugam
3444 1733 3652 1790 cogno-

381 1808 580 1873 ἄλλους
613 1809 874 1866 εἵλκυσαν
915 1812 1262 1866 δυοκαίδεκα.
1289 1811 1397 1865 Καὶ
1434 1811 1526 1865 τοῦ
1556 1812 1661 1864 νεὼ
1685 1811 1741 1864 δὲ
1774 1813 1834 1864 τὸ
1863 1816 1973 1877 τοῖς

2079 1832 2221 1881 vere,
2253 1816 2320 1870 ad
2346 1815 2514 1872 Deum
2547 1818 2936 1873 universorum
2969 1816 3228 1872 laudibus
3258 1813 3651 1869 celebrandum

384 1900 534 1954 κίοσι
556 1903 904 1975 συνημμένον
925 1904 1234 1975 κατηνέχθη
1266 1904 1499 1974 πλευρὸν
1519 1944 1534 1969 ,
1563 1903 1669 1956 ὑπὸ
1704 1905 1803 1974 τῆς
1829 1904 1976 1958 ἐκεί-

2079 1907 2316 1979 linguam
2343 1909 2673 1964 excitarunt.
2706 1908 2910 1964 Eodem
2947 1908 3113 1963 modo
3146 1906 3370 1963 divinus
3402 1904 3490 1957 hic
3514 1916 3653 1971 pon-

383 2006 498 2042 νων
547 1990 669 2061 βίας
717 1993 1100 2052 συνελκυσθέν.
1166 1995 1225 2047 ’0
1251 1994 1311 2047 δὲ
1362 1994 1570 2058 κτύπος
1606 1995 1688 2057 είς
1736 1995 1883 2048 ἂπαν
1916 1994 1977 2048 τὸ

2079 2000 2208 2057 tifex
2247 2001 2353 2055 alia
2388 2016 2617 2071 quoque
2646 1999 2772 2054 fana
2801 2000 3095 2054 demolitus
3122 2007 3228 2053 est.
3263 1997 3512 2064 Cumque
3543 1993 3652 2045 alia

385 2079 526 2134 ἄστυ
554 2081 890 2152 διαδραμὼν,
916 2084 1088 2155 πολὺς
1114 2086 1223 2157 γὰρ
1244 2082 1334 2156 ἦν,
1362 2086 1569 2149 πάντας
1594 2088 1670 2148 είς
1698 2085 1830 2138 θέαν
1853 2103 1979 2139 συν-

2079 2094 2346 2164 permulta
2378 2093 2445 2148 de
2476 2093 2579 2147 hoc
2603 2094 2724 2148 viro
2751 2092 2911 2148 valde
2939 2089 3262 2145 admiranda
3296 2089 3653 2158 suppeterent

386 2174 636 2244 ἠγειρεν.
695 2176 850 2230 Ἐπεὶ
894 2176 951 2229 δέ
985 2178 1033 2211 τ’
1064 2170 1158 2231 καὶ
1210 2178 1306 2231 τοῦ
1374 2179 1669 2232 ἀντιπάλου
1721 2179 1978 2248 δαίμονος

2079 2199 2197 2254 qua:
2231 2199 2514 2239 narrarem
2556 2183 2701 2255 (nam
2732 2193 2784 2238 et
2818 2184 3037 2238 invictis
3079 2180 3414 2251 martyribus
3446 2176 3652 2232 scribe-

384 2263 596 2332 ἔμαθον
626 2266 729 2339 τὴν
757 2269 1057 2339 φυγὴν,είς
1083 2269 1360 2342 ὑμνῳδίαν
1386 2269 1480 2323 τοῦ
1523 2270 1658 2323 Θεοῦ
1690 2269 1795 2323 τῶν
1841 2270 1978 2324 ὅλων

2079 2276 2188 2342 bat,
2240 2284 2295 2330 et
2348 2292 2618 2346 responsa
2671 2276 3007 2347 accipiebat,
3060 2274 3394 2342 tandemque
3426 2279 3480 2323 et
3536 2269 3657 2338 ipse

383 2355 489 2421 τὴν
517 2355 771 2424 γλῶτταν
790 2359 1072 2431 ἐκίνησαν.
1106 2361 1263 2415 Οὕτω
1296 2360 1390 2415 καὶ
1415 2360 1583 2415 τᾶλλα
1610 2360 1811 2430 τεμένη
1841 2378 1974 2413 κατ-

2079 2366 2327 2438 martyrii
2383 2382 2641 2421 coronam
2684 2368 2917 2436 adeptus
2969 2367 3099 2435 est),
3133 2366 3246 2420 hac
3297 2364 3349 2417 in
3413 2375 3653 2432 pra-sons

383 2445 585 2501 έλυσεν
605 2449 634 2500 ὁ
665 2449 806 2513 θεῖος
838 2453 1047 2516 ἐκεῖνος
1083 2453 1396 2525 ἀρχιερεύς.
1422 2453 1600 2507 Πολλά
1631 2454 1687 2507 δέ
1719 2454 1813 2508 καὶ
1835 2452 1975 2507 ἄλλα

2080 2456 2286 2512 referre
2340 2458 2693 2528 supersedeo,
2744 2473 2814 2513 ne
2867 2456 3182 2529 prolixitate
3228 2456 3459 2510 lectores
3491 2451 3659 2507 taedio

382 2537 521 2606 περὶ
551 2538 707 2594 τοῦδε
748 2539 845 2595 τοῦ
907 2543 1099 2613 ἀνδρὸς
1150 2546 1242 2598 καὶ
1275 2544 1399 2599 λίαν
1431 2544 1735 2612 ἁξιάγαστει
1785 2547 1977 2616 διηγή·

2084 2545 2336 2602 adiciam.
2374 2548 2555 2614 Quare
2584 2550 2648 2603 ad
2681 2551 2846 2604 aliam
2894 2549 3264 2603 narrationem
3301 2546 3482 2599 venio.

386 2645 541 2700 ματα
562 2628 837 2701 Examina!
872 2634 983 2705 γὰρ
1010 2638 1122 2699 τοῖς
1148 2636 1464 2708 νικηφόροις
1511 2636 1803 2690 ἐπέστελλε
1840 2640 2115 2708 μάρτυσι,
2192 2640 2285 2693 καὶ
2336 2639 2685 2712 ἀντιγράφων
2723 2641 2770 2672 ⁸ο
2829 2639 3091 2709 ἐτύγχανε
3117 2679 3130 2701 ,
3196 2637 3289 2691 καὶ
3336 2635 3490 2697 τέλος
3567 2631 3660 2687 καὶ

384 2721 555 2785 αὐτὸς
611 2724 705 2777 τὸν
750 2723 861 2778 τῶν
918 2726 1212 2798 μαρτύρων
1257 2729 1542 2796 ἀνεδέξατο
1566 2730 1610 2762 ⁸¹
1660 2730 1959 2797 στέφανον,
1998 2730 2299 2801 ἀναδύομαι
2331 2732 2504 2786 ταῦτα
2553 2733 2647 2786 νῦν
2687 2734 2938 2803 ἱστορεῖν,
2977 2733 3062 2784 ἵνα
3095 2730 3171 2802 μὴ
3223 2728 3343 2782 λίαν
3405 2724 3662 2798 μηκύνων

383 2815 687 2886 ἁποκνήσω
722 2817 849 2880 τοὺς
876 2818 1292 2889 ἐντευξομένους
1317 2823 1383 2892 τῇ
1414 2823 1730 2893 συγγραφῇ.
1775 2823 1893 2891 Ἐφ’
1918 2821 2111 2894 ἑτέραν
2160 2823 2342 2877 τοίνυν
2384 2824 2636 2895 διήγησιν
2675 2823 2966 2895 τρέψομαι.

979 2911 1234 2966 ΚΕΦΑΛ.
1278 2912 1409 2967 ΚΒ’.

2299 2918 2512 2988 1059
2540 2917 2693 2973 CAP.
2727 2917 2891 2972 XXII.
2923 2916 3005 2990 [Β.
3036 2916 3117 2970 St.
3150 2915 3216 2969 V.
3244 2914 3344 2968 Ch.

384 3000 534 3080 Περὶ
591 3002 887 3084 Θεοφί.ίου
946 3003 1286 3084 ἐπισκόπου
1339 3004 1840 3084 ξΑλεξςιιιδρεοίας,
1881 3008 1979 3084 καί

2079 3010 2156 3066 De
2187 3010 2477 3084 Theophila
2499 2996 2742 3084 episcopo
2777 3009 3137 3084 Alexandrino
3163 3047 3176 3069 ,
3211 3016 3260 3061 et
3298 3022 3416 3074 qua:
3461 3003 3577 3058 illic
3606 3003 3663 3057 in

460 3074 585 3126 τῶν
634 3074 705 3125 ἐν
741 3074 821 3148 τῇ
892 3074 1233 3142 καθαιρέσει
1290 3074 1412 3129 τῶν
1462 3075 1725 3130 εἰδώλων
1774 3080 1979 3133 αὐτόθι

2325 3074 2335 3081 ’
2363 3074 2632 3135 idolorum
2666 3074 3007 3134 demolitione
3041 3088 3189 3148 gesta
3230 3084 3376 3131 sunt.

794 3162 901 3197 ων.

461 3142 901 3211 γεγενημένων.
1729 3225 1735 3230 _

471 3235 793 3291 Ἀθανάσιον
809 3238 1016 3291 ἐκεῖνον
1045 3236 1138 3290 τὸν
1161 3235 1597 3309 πολυθρύλλητον
1621 3240 1651 3293 ό
1679 3237 1979 3311 θαυμάσιος

2152 3236 2456 3292 Athanasio
2511 3235 2588 3289 illi
2654 3234 2798 3289 fama
2854 3233 3224 3288 celeberrimo
3300 3227 3665 3284 admirandus

384 3328 663 3394 διεδέξατο
687 3330 914 3394 Πέτρος,
950 3329 1040 3384 τὸν
1076 3329 1133 3383 δὲ
1164 3330 1373 3401 Πέτρον
1402 3329 1688 3400 Τιμόθεος,
1714 3332 1979 3401 Τιμόθεον

2081 3330 2279 3387 Petrus
2299 3329 2596 3391 successit,
2623 3328 2786 3382 Petro
2801 3325 3146 3390 Timotheus,
3167 3323 3464 3378 Timotheo
3483 3320 3666 3375 Theo.

384 3423 446 3477 δὲ
471 3422 757 3492 Θεόφιλος,
776 3422 915 3493 ἀνὴρ
936 3423 1142 3487 πυκνός
1172 3441 1231 3476 τε
1252 3423 1350 3486 τὰς
1370 3423 1594 3494 φρένας,
1611 3423 1706 3476 καὶ
1737 3424 1979 3495 ἀνδρεῖος

387 3514 455 3569 τὺ
485 3516 763 3586 φρόνημα.
801 3509 968 3579 Οὗτος
994 3516 1093 3585 τὴν
1117 3514 1473 3584 Ἀλεξάνδρου
1505 3514 1679 3579 πόλιν,
1705 3515 1804 3584 τῆς
1829 3515 1981 3570 εἰδω-

385 3607 551 3678 λικῆς
573 3607 917 3678 ἠλευθέρωσε
956 3608 1185 3678 πλάνης.
1211 3608 1284 3661 Οὐ
1311 3606 1419 3677 γὰρ
1451 3607 1614 3676 μόνον
1634 3647 1647 3669 ,
1676 3606 1741 3659 ἐκ
1764 3605 1980 3677 βάθρων

384 3700 668 3753 ἀνέσπασε
700 3700 769 3753 τὰ
796 3700 909 3754 τῶν
939 3699 1174 3754 εἰδώλων
1220 3699 1447 3769 τεμένη,
1479 3699 1617 3753 ἀλλά
1645 3699 1739 3752 καὶ
1771 3698 1838 3751 τὰ
1870 3697 1981 3752 τῶν

385 3788 791 3854 ἐξαπατώντων
844 3791 1037 3863 ἱερέων
1082 3791 1193 3853 τοῖς
1239 3787 1680 3859 ἐξηπατημένοις
1731 3787 1980 3853 ὑπέδειξε

388 3885 611 3955 μηχανή
623 3900 787 3952 ματα.
824 3882 908 3936 Τά
928 3899 986 3936 τε
1012 3884 1124 3951 γὰρ
1161 3883 1225 3935 ἐκ
1256 3880 1459 3952 χαλκοῦ
1488 3880 1582 3933 καὶ
1611 3880 1678 3933 τὰ
1718 3880 1782 3931 ἐκ
1808 3878 1981 3942 ξύλων

387 3976 527 4032 κενά
572 3974 787 4029 ἔνδοθεν
842 3975 1347 4038 κατασκευάζοντες
1388 3972 1571 4040 ξόανα,
1600 3972 1840 4035 καὶτοῖς
1868 3970 1981 4024 τοί-
2025 4013 2029 4017 .

386 4082 510 4139 χοις
530 4066 600 4120 τὰ
625 4066 834 4120 τούτων
864 4066 1347 4137 προσαρμόςοντες
1377 4064 1524 4117 νῶτα
1545 4104 1560 4127 ,
1594 4063 1797 4134 πόρους
1830 4062 1982 4126 τινὰς

391 4159 623 4229 ἀφανεῖς
650 4161 710 4211 ἐν
736 4159 849 4222 τοῖς
866 4157 1069 4227 τοίχοις
1099 4157 1349 4226 ἠφίεσαν.
1378 4150 1512 4209 Εἶτα
1534 4154 1622 4208 διὰ
1645 4154 1753 4207 τῶν
1774 4153 1981 4206 ἀδύτων

391 4252 654 4315 ἀνιόντες,
681 4251 776 4305 καὶ
802 4249 936 4303 εῖσω
963 4250 1073 4303 τῶν
1104 4249 1309 4314 ξοάνων
1331 4248 1630 4319 γινόμενοι,
1659 4247 1803 4317 ἅπερ
1825 4245 1981 4300 ἐϐού-

387 4342 549 4396 λοντο
584 4342 672 4397 διὰ
705 4342 914 4396 τούτων
943 4342 1211 4395 ἐκέλευον.
1242 4341 1664 4410 Φενακιζόμενοι
1704 4339 1759 4392 δὲ
1800 4340 1849 4391 οἱ
1887 4339 1985 4390 ἐπ-

386 4436 610 4500 αΐοντες
642 4434 813 4506 ἔδρων
864 4435 926 4488 τὸ
955 4433 1330 4504 κελευόμενον.
1377 4432 1563 4485 Ταῦτα
1606 4434 1633 4486 ὁ
1673 4430 1983 4501 σοφώτατος

332 4536 347 4557 ⁸
385 4526 682 4582 καταλύων
704 4525 858 4599 [229}
910 4526 1203 4597 ἀρχιερεὺς
1248 4529 1363 4589 τοῖς
1414 4524 1836 4594 ἐξαπατηθεῖσιν
1882 4524 1984 4577 ὑπ-

386 4619 565 4686 έδειξε
591 4618 803 4691 δήμοις.
826 4621 920 4682 EE;
948 4619 1005 4673 δὲ
1028 4618 1121 4671 τὸν
1144 4617 1237 4671 τοῦ
1266 4617 1568 4688 Σαράπιδος
1592 4616 1728 4668 νεὼν
1752 4615 1979 4678 ἀναϐάς,

382 4709 505 4763 τῶν
538 4709 596 4762 δὲ
623 4708 904 4778 πανταχοῦ
932 4709 1053 4776 γῆς,
1090 4705 1235 4760 καθά
1265 4706 1398 4774 φασί
1443 4722 1608 4769 τινες,
1643 4703 1898 4773 μέγιστός
1923 4720 1983 4755 τε

386 4795 552 4863 οὗτος
566 4803 670 4853 καὶ
697 4799 1007 4863 κάλλιστος,
1039 4793 1148 4851 εἶδε
1177 4796 1237 4849 τὸ
1265 4796 1451 4861 ξόανον
1482 4793 1860 4864 παμμέγεθες,
1890 4794 1987 4846 καὶ

386 4892 474 4963 τῷ
509 4891 731 4963 μεγέθει
779 4891 904 4953 τοὺς
944 4888 1144 4952 θεατὰς
1188 4887 1559 4956 δεδιττόμενον
1592 4902 1606 4915 ’
1645 4886 1783 4956 πρδς
1821 4886 1877 4940 δέ
1908 4885 1988 4955 τῷ

393 4983 624 5057 μεγέθει
674 4986 772 5036 καὶ
826 4982 986 5051 λόγος
1050 4982 1303 5049 κατεῖχεν
1341 4977 1657 5047 ἀπατηλὸς,
1689 4978 1765 5039 ὡς
1800 4977 1853 5030 εῖ
1905 4994 1987 5039 τις

388 5073 574 5144 τούτῳ
605 5073 852 5139 πελάσει,
907 5071 1302 5141 κλονηθήσεται
1331 5069 1431 5140 μὲν
1457 5071 1488 5141 ή
1518 5069 1612 5138 γῆ,
1642 5067 1989 5139 πανωλεθρία

388 5167 451 5219 δέ
475 5166 779 5229 ἆπανταςθθ
819 5164 1216 5236 καταλήψεται.
1262 5161 1423 5214 Ἀλλὰ
1460 5160 1684 5223 τούτους
1719 5160 1816 5231 μὲν
1863 5160 1990 5223 τοὺς

391 5251 592 5325 λόγους
623 5256 886 5328 γραῖδίων
919 5255 1230 5326 μεθυόντων
1250 5253 1477 5324 νομίσας
1499 5251 1639 5306 εἶναι
1666 5251 1987 5323 ληρήματα,

392 5349 494 5403 τοῦ
518 5348 574 5403 δέ
604 5347 871 5420 μεγέθους
899 5348 975 5413 ὼς
1007 5348 1217 5418 ἀψύχου
1267 5346 1709 5417 καταφρονήσας,
1733 5342 1989 5397 ἐκέλευσέ

2081 3422 2288 3493 philus,
2339 3422 2424 3475 vir
2464 3435 2692 3476 summae
2732 3417 3057 3488 prudentiae,
3104 3415 3423 3484 excelsique
3470 3413 3664 3467 animi.

2083 3513 2187 3569 Hic
2253 3515 2443 3569 urbem
2495 3511 2924 3568 Alexandrinam
2983 3508 3410 3564 simulacrorum
3477 3517 3668 3558 errore

2083 3606 2359 3663 liberavit.
2383 3605 2504 3659 Non
2538 3604 2684 3659 enim
2723 3602 3000 3657 idolorum
3052 3599 3218 3653 modo
3251 3596 3375 3651 fana
3414 3594 3671 3650 funditus

2082 3697 2302 3761 evertit,
2342 3696 2435 3752 sed
2471 3694 2733 3750 subdolas
2788 3695 2955 3747 etiam
3003 3689 3359 3745 sacerdotum
3391 3694 3541 3742 artes
3568 3700 3665 3741 eo—

2083 3806 2204 3846 rum
2240 3804 2383 3858 quos
2414 3787 2679 3841 fallebant
2701 3785 2878 3839 oculis
2911 3783 3168 3852 subjecit.
3200 3780 3397 3835 Ercas
3428 3792 3668 3846 namque

2082 3887 2136 3935 et
2191 3881 2401 3950 ligneas
2467 3885 2682 3934 statuas
2735 3890 2899 3930 cavas
2955 3874 3264 3928 introrsum
3327 3869 3668 3925 fabricantes

2082 3986 2382 4040 earumque
2441 3969 2607 4024 dorsa
2664 3968 2970 4039 parietibus
3020 3965 3390 4035 applicantes,
3443 3966 3667 4016 meatus

2084 4062 2352 4133 quosdam
2391 4075 2502 4114 non
2535 4059 2873 4129 conspicuos
2908 4057 2963 4111 in
3015 4054 3329 4127 parietibus
3378 4052 3664 4121 relinque-

2081 4153 2235 4208 bant.
2276 4150 2482 4205 Deinde
2516 4165 2613 4221 per
2641 4150 2805 4220 adyta
2846 4147 3147 4203 subeuntes
3187 4153 3242 4199 et
3269 4143 3324 4197 in
3355 4150 3666 4197 statuarum

2087 4242 2389 4311 penetralia
2432 4240 2689 4311 ingressi,
2717 4254 2950 4309 quaeque
2978 4237 3202 4299 vellent,
3232 4250 3332 4305 per
3366 4233 3467 4288 has
3496 4232 3670 4301 impe-

2086 4334 2326 4388 rabant:
2361 4332 2694 4402 deceptique
2720 4331 2816 4401 qui
2854 4329 3155 4386 audiebant
3185 4328 3457 4397 imperata
3504 4323 3670 4378 facie-

2086 4425 2241 4482 bant.
2279 4423 2391 4479 Has
2428 4425 2726 4478 destruens
2777 4421 3225 4492 sapientissimus
3268 4415 3516 4488 pontifex
3544 4415 3672 4469 -cir-

2088 4523 2391 4571 cunivento
2433 4513 2639 4585 pepulo
2688 4526 2803 4567 rem
2841 4509 3126 4582 patefecit.
3168 4507 3454 4577 Serapidis
3485 4512 3670 4559 autem

2090 4608 2357 4676 templum
2410 4605 2721 4675 ingressus,
2779 4602 2928 4673 quod
2982 4600 3227 4655 omnium
3286 4611 3412 4667 qum
3463 4595 3516 4649 in
3553 4601 3673 4649 toto

2090 4706 2363 4752 terrarum
2424 4696 2561 4750 orbe
2626 4702 2757 4750 sunt
2819 4692 3118 4746 maximum
3168 4704 3199 4742 a
3253 4684 3583 4757 qnibusdam
3614 4691 3670 4737 et

2087 4789 2525 4860 pulcherrimum
2583 4786 2761 4842 fuisse
2825 4784 3166 4856 perhibetur,
3227 4788 3469 4837 statuam
3535 4776 3672 4831 vidit

2086 4881 2247 4949 longe
2268 4879 2586 4940 maximam,
2617 4884 2672 4932 et
2696 4890 2820 4946 qua:
2850 4871 3237 4944 magnitudine
3270 4883 3370 4925 sua
3398 4876 3670 4922 terrorem

2086 4972 2472 5043 spectantibus
2504 4970 2827 5023 incuteret:
2869 4979 2937 5021 ac
2986 4970 3182 5033 praeter
3235 4957 3670 5031 magnitudinem

2085 5063 2259 5120 falsus
2282 5063 2505 5134 quidam
2557 5074 2751 5137 rumor
2807 5057 3167 5119 obtinuerat,
3205 5062 3366 5108 terra!
3418 5056 3672 5115 motum,

2083 5158 2126 5213 si
2157 5156 2286 5228 quis
2314 5155 2541 5226 propius
2588 5151 2900 5215 accederet,
2933 5148 3290 5208 exstiturum,
3329 5142 3674 5210 exitiumque

2085 5250 2346 5306 omnibus
2408 5248 2729 5302 allaturum.
2773 5245 2844 5299 At
2904 5255 3157 5296 rumores
3208 5239 3344 5293 istos
3393 5234 3671 5291 chriarum

2084 5341 2430 5399 anicularum
2459 5354 2587 5396 esse
2618 5337 2984 5393 deliramenta
3024 5341 3318 5404 reputans,
3351 5335 3405 5385 et
3460 5326 3673 5399 magni-

1741 5519 1978 5576 VARIA'J
2018 5515 2427 5575 LECTIONES.

468 5681 519 5717 "
570 5683 856 5740 Ἐκοίτιον.
904 5679 1026 5735 Pini
1075 5678 1215 5734 liber
1295 5677 1592 5732 Ἐκκοίτιον
1641 5673 1878 5744 appellat
1918 5670 2285 5744 Nicephorus.
2342 5672 2389 5705 ⁷⁸
2415 5669 2623 5739 ἀπέδρα
2654 5665 2752 5737 μέν
2783 5662 3041 5736 proponit
3070 5658 3373 5744 Valesius.
3481 5650 3671 5744 ἐπειδῂ

399 5755 477 5811 δέ.
508 5728 925 5812 Βοξῖἷ.ηδιῖ.”οι-
951 5728 1257 5819 'S't'qiif."°°
1287 5728 1659 5819 aiiiiiﬁa'céag;
1680 5728 2102 5819 abavtgpagp'jh
2150 5758 2486 5819 responsum,
2521 5728 2733 5819 muta-to
2748 5728 2997 5819 accentu
3035 5731 3247 5819 ascribit
3279 5728 3667 5819 Valesius.er

707 5794 909 5898 pulto,“
951 5794 1346 5892 ὖ’ἀνεδήσατῖ
2211 5794 2413 5875 codd”
2447 5794 2715 5882 probante
2748 5805 2985 5863 Valcsio.
3033 5803 3078 5837 ⁸³
3114 5803 3346 5857 ἅπαντα.
3380 5797 3540 5852 Basil.
3568 5794 3666 5847 Gr.
