4124 6436
497 429 631 495 1247

1481 429 1967 493 TIIEODORETI
2006 430 2347 491 EPISCOPI
2386 431 2752 491 CYRENSIS

3608 423 3743 487 1248

495 541 744 595 tudinem
786 539 936 594 velut
991 539 1289 594 inanimam
1326 556 1617 611 spernens,
1673 545 1914 598 securim
1976 557 2065 611 ge-

2169 560 2271 596 τινι
2306 543 2537 596 πέλεκυν
2570 542 2746 612 ἔχοντι
2773 540 2965 593 παῖσαι
3010 537 3304 608 προθύμως
3342 534 3434 590 τδν
3476 536 3742 604 Σάραπιν·

494 631 703 688 stanti‘
730 634 950 686 cuidam
989 634 1251 703 prince-pit
1283 642 1344 687 ut
1379 634 1546 689 ictum
1584 633 1835 705 Serapidi
1865 636 2066 689 alacri-

495 731 579 776 ter
614 721 903 793 inﬂigeret.
948 724 1088 778 Cum
1124 725 1436 789 inﬂ'xisset,
1478 726 1688 779 clamor
1719 736 1947 782 exortus
1984 735 2069 783 est

494 815 741 867 om‘niiiin
759 815 829 867 ob
848 816 1121 879 vulgatam
1154 814 1351 868 famam
1373 817 1781 885 trepidantium.
1802 818 1867 872 At
1903 818 2066 873 Sera-

496 907 579 974 pis
609 920 786 972 neque
809 904 1022 975 1060
1045 920 1268 973 accep-a
1301 908 1457 976 plaga
1478 907 1675 969 doluit,
1695 910 1822 976 quia
1853 909 2066 977 ligneus

494 1004 630 1057 erat,
674 1010 850 1061 neque
892 1010 1075 1047 Vocem
1122 997 1329 1061 emisit,
1399 1013 1522 1051 cum
1571 998 1850 1051 inaniinus
1895 1008 2063 1053 esset.

498 1084 596 1138 Ubi
635 1099 765 1135 vero
801 1093 968 1152 caput
996 1087 1071 1139 illi
1099 1095 1416 1140 truncatum
1448 1100 1553 1150 εει,
1578 1104 1761 1142 mures
1788 1092 2063 1158 gregatim

491 1185 724 1238 erupere
757 1187 772 1223 :
811 1173 1053 1225 murium
1085 1176 1229 1227 enini
1264 1174 1604 1229 domicilium
1666 1177 1844 1229 fuerat
1895 1176 2064 1246 [ΕΗ-

489 1262 729 1331 ptioriim
770 1266 923 1317 deus.
960 1262 1148 1318 Statua
1179 1279 1358 1319 autem
1389 1270 1704 1321 inminutas
1741 1276 1925 1336 putes
1953 1269 2067 1323 dis-

491 1364 660 1413 secta,
694 1363 888 1406 «ctera
922 1356 1033 1425 igni
1084 1357 1459 1421 tradiderunt,
1492 1366 1657 1425 caput
1696 1374 1827 1410 vero
1857 1373 1951 1425 per
1983 1367 2066 1410 to-

492 1452 599 1496 tam
643 1446 832 1499 urbem
870 1457 1176 1514 raptarunt,
1203 1449 1584 1516 spectantibus
1616 1450 1708 1517 qni
1736 1449 2061 1512 ailorahant,

488 1535 725 1603 ejusque
757 1537 850 1604 qni
907 1537 1247 1592 adorabatur
1285 1540 1716 1595 imbecillitatem
1765 1540 2066 1594 deridenti-

492 1627 615 1682 bus.
648 1626 762 1681 Hoc
789 1628 958 1697 igitur
991 1630 1153 1683 modo
1194 1631 1478 1686 destructa
1531 1633 1735 1702 ubique
1789 1640 2064 1687 terrarum

490 1726 546 1773 et
579 1720 747 1775 maris
788 1719 941 1776 fuere
972 1723 1278 1777 dminoniim
1316 1725 1568 1779 delubra.

771 1808 926 1864 CAP.
961 1810 1150 1865 XXIII.
1189 1811 1271 1885 [Β.
1316 1815 1397 1867 St.
1433 1814 1495 1869 V.
1529 1815 1633 1869 Ch.
1659 1813 1778 1887 25.]

2182 636 2418 690 Ἐκείνου
2443 636 2497 689 δὲ
2531 636 2848 698 παίσαντος,
2870 633 3103 702 ἐϐόησαν
3149 631 3246 700 μὲν
3274 629 3507 693 ἅπαντες
3533 628 3597 682 τὺ
3620 629 3747 699 θρυο

2166 729 2428 798 λούμενον
2480 728 2757 790 δείσαντες
2801 746 2815 758 ο
2843 729 2871 780 6
2919 725 2976 778 δὲ
3030 724 3277 795 Σάραπις
3323 721 3617 792 δεξάμενος
3649 720 3748 791 τὴν

2170 819 2404 889 πληγὴν,
2441 816 2564 870 οὔτε
2605 817 2835 888 ἤλγησε,
2877 815 3085 881 ξύλινος
3138 815 3245 885 γὰρ
3282 809 3377 882 ἦν,
3407 811 3532 865 οὔτε
3566 809 3750 882 φωνὴν

2167 910 2377 978 ἀφῆκεν
2404 951 2417 972 ,
2453 909 2655 978 ἄψυχος
2708 906 2804 961 ὢν.
2844 907 3062 976 Ἐπειδὴ
3107 905 3164 959 δὲ
3213 904 3311 973 τὴν
3358 902 3597 974 κεφαλὴν
3644 903 3753 970 ὰφ-

2166 1002 2360 1073 ῃρέθη,
2392 1001 2526 1069 μῦες
2562 999 2822 1068 ἀγεληδὸν
2863 998 3162 1067 ἐξέδραμον
3188 996 3429 1050 ἔνδοθεν·
3466 995 3618 1062 μυῶν
3640 995 3752 1065 γὰρ

2166 1096 2483 1164 οἰκητήριον
2523 1090 2589 1162 ἦν
2618 1095 2646 1145 6
2670 1093 2977 1160 Αἰγυπτίων
3022 1091 3161 1154 θεός.
3188 1091 3281 1153 El;
3308 1088 3477 1159 μικρὰ
3506 1088 3560 1140 δὲ
3586 1086 3753 1139 αὑτὸν

2166 1188 2450 1249 διελόντες,
2501 1186 2569 1238 τὰ
2609 1187 2705 1254 μὲν
2733 1183 3040 1253 παρέδοσαν
3071 1183 3147 1251 τῷ
3182 1182 3337 1248 πυρὶ.
3358 1180 3457 1250 τὴν
3492 1181 3545 1232 δὲ
3572 1194 3751 1247 κεφαο

2165 1278 2263 1347 λὴν
2297 1277 2382 1330 διὰ
2410 1278 2609 1339 παντὸς
2638 1277 2731 1329 τοῦ
2758 1277 2948 1338 ἄστεος
2976 1275 3188 1344 ἔσυρον.
3231 1273 3339 1324 τῶν
3375 1268 3749 1340 προσκυνούν-

2166 1387 2273 1422 των
2321 1368 2593 1440 ὁρώντων,
2637 1369 2733 1421 καὶ
2779 1366 2872 1419 τοῦ
2905 1366 3032 1435 παρ’
3058 1364 3238 1418 αὐτῶν
3279 1363 3753 1433 πῳσκυνηθένπος

2164 1461 2263 1531 τὴν
2308 1459 2590 1513 ἀσθένειαν
2640 1457 3069 1528 κωμῳδούντων.
3112 1456 3267 1510 Οὕτω
3297 1457 3360 1525 δὴ
3402 1452 3678 1522 πανταχοῦ
3695 1453 3748 1485 ⁸³

2165 1552 2270 1623 γῆς
2297 1552 2387 1605 καὶ
2426 1551 2696 1622 Θαλάττης
2715 1549 2786 1603 τὰ
2819 1550 2928 1604 τῶν
2956 1548 3187 1604 εἰδώλων
3209 1548 3477 1603 κατελύθη
3519 1547 3747 1619 τεμένη.

2748 1818 3002 1872 ΚΕΦΛΛ.
3034 1815 3161 1871 KI".

491 1899 570 1955 De
592 1897 853 1957 Flaviano
883 1905 1123 1977 episcopo
1172 1878 1518 1968 dntiocheno,
1553 1918 1603 1961 et
1642 1878 2065 1963 Occidentalium

2169 1909 2305 1977 Περὶ
2335 1909 2669 1963 Φ..ῑα6ἰανοῢ
2710 1909 2817 1961 τοῦ
2852 1908 3220 1974 Ἀντιοχείας
3247 1906 3604 1977 ἐπισκόπου,
3646 1904 3754 1977 καὶ

896 1973 1113 2028 Paulini
1154 1991 1320 2030 causa
1356 1978 1638 2034 seditione.
1666 2014 1693 2039 ρ

563 2126 866 2183 Antiochiae
907 2145 1039 2183 vero
1075 2132 1255 2200 magni
1290 2131 1490 2187 Melctii
1526 2134 1842 2187 cathedram
1874 2148 2067 2189 susce-

491 2220 570 2288 pit
597 2217 916 2286 Flavianiis,
954 2222 1000 2277 is
1032 2223 1121 2292 qni
1161 2239 1268 2277 una
1306 2240 1429 2279 cum
1463 2223 1701 2278 Diodoro
1737 2226 1925 2278 multis
1954 2226 2067 2280 illis

490 2320 594 2380 pro
621 2312 798 2379 saltue
835 2312 1017 2365 ovium
1047 2315 1445 2369 certaminibus
1479 2314 1771 2370 defunctus
1811 2323 1919 2370 est.
1956 2314 2067 2370 Vo-

491 2404 668 2456 Iuerat
728 2404 950 2473 quidem
1013 2402 1280 2461 Paulinus
1348 2406 1612 2462 Ecclesia)
1681 2406 2063 2477 praefecturam

489 2495 748 2564 adipisci,
786 2496 880 2552 sed
923 2497 1273 2551 sacerdotum
1302 2507 1481 2553 coetus
1515 2499 1750 2561 restitit,
1787 2514 1893 2551 non
1928 2513 2063 2551 con-

487 2585 679 2639 venire
720 2585 937 2651 dicens,
976 2594 1037 2639 ut
1079 2589 1173 2656 qui
1224 2587 1424 2642 Meletii
1463 2591 1697 2644 consilia
1736 2592 2063 2658 respnisset,

488 2682 612 2743 post
640 2673 758 2743 ejus
783 2675 992 2728 ohitiiin
1028 2675 1178 2729 illius
1206 2676 1390 2731 sedem
1425 2678 1702 2732 obtineret
1731 2697 1744 2732 :
1778 2681 1872 2733 sed
1910 2678 2063 2731 illum

487 2776 764 2835 pastorem
799 2766 915 2821 ﬁeri
950 2779 1231 2836 oportere,
1269 2769 1364 2837 qui
1399 2770 1588 2823 multis
1628 2769 1915 2824 laboribus
1949 2770 2066 2823 cla-

489 2868 716 2921 ruerat,
763 2867 817 2912 et
856 2859 1104 2928 pericula
1154 2860 1388 2925 plurima
1437 2875 1537 2928 pro
1577 2861 1773 2916 ovibus
1829 2863 2064 2916 adierat.

485 2946 560 3003 Ea
598 2964 684 3003 res
715 2946 978 3003 Romanis
1015 2956 1069 3004 el
1100 2947 1376 3020 Egypliis
1426 2950 1749 3003 diuturnum
1798 2951 2065 3006 adversus

484 3040 799 3095 Orientales
828 3041 1016 3093 odium
1053 3044 1262 3110 peperit
1290 3059 1303 3094 :
1331 3056 1454 3095 nam
1507 3058 1607 3096 nec
1641 3042 1855 3096 Paulini
1891 3053 2067 3099 morte

485 3129 743 3183 simultas
769 3130 986 3185 sublata
1018 3138 1121 3184 est.
1161 3130 1265 3185 Sed
1300 3140 1426 3201 post
1453 3133 1605 3185 illuni
1648 3149 1891 3202 quoque,
1936 3150 2061 3188 cuin

2239 1973 2348 2044 τῆς
2385 1981 2481 2031 διὰ
2521 1979 2824 2032 Παυλῖνον
2866 1973 3267 2048 γεγενημένης
3307 1976 3433 2042 τοῖς
3481 1973 3757 2040 Δυτικοῖς

2239 2050 2511 2115 στάσεως
2533 2048 2600 2105 ⁸⁸⁵.

2252 2141 2340 2193 Ἐν
2360 2137 2662 2208 Ἀντιοχείᾳ
2682 2137 2738 2190 δὲ
2767 2136 3035 2190 Μελετίου
3069 2133 3165 2189 τοῦ
3210 2133 3444 2205 μεγάλου
3470 2130 3566 2201 τὴν
3614 2146 3754 2201 προ-

2168 2228 2352 2300 εδρίαν
2401 2227 2700 2290 Φλαϐιιανδς
2753 2225 3064 2289 διεδέξατο,
3109 2226 3138 2276 ό
3184 2225 3280 2275 σὺν
3326 2220 3574 2290 Διοδώρῳ
3619 2219 3753 2284 τοὺς

2170 2322 2395 2384 πολλοὺς
2424 2320 2663 2383 ἐκείνους
2700 2319 2849 2389 ὑπὲρ
2891 2319 2991 2386 τῆς
3023 2316 3132 2370 τῶν
3158 2313 3446 2385 προϐάτιον
3473 2311 3755 2380 σωτηρίας

2140 2419 2467 2487 δπομείνας
2493 2415 2730 2483 ἀγῶνας.
2764 2412 3067 2483 Ἐϐουλήθη
3131 2411 3230 2481 μὲν
3277 2409 3387 2478 γὰρ
3420 2407 3448 2457 6
3486 2405 3754 2467 Παυλῖνος

2166 2505 2265 2573 τὴν
2291 2504 2391 2571 τῆς
2421 2501 2747 2573 Ἐκκλησὶας
2777 2503 3077 2572 ἡγεμονίαν
3124 2498 3339 2573 λαϐεῖν·
3364 2499 3393 2550 6
3432 2496 3488 2548 δὲ
3525 2494 3635 2546 τῶν
3674 2497 3756 2548 is-

2172 2597 2309 2667 ρέων
2336 2597 2556 2647 ἀντεῖπε
2590 2594 2771 2664 χορὸς,
2806 2594 2866 2645 οὐ
2910 2595 3109 2662 χρῆναι
3143 2591 3316 2653 λέγων
3353 2588 3444 2642 τὸν
3480 2586 3750 2641 Μελετίου

2167 2687 2266 2749 τὰς
2291 2684 2598 2755 συμϐουλὰς
2632 2685 2706 2754 μὴ
2757 2684 3071 2752 δεξάμενον,
3106 2680 3243 2750 μετὰ
3270 2680 3368 2748 τὴν
3410 2679 3619 2731 ἐκείνου
3656 2694 3754 2730 τε-

2166 2775 2362 2843 λευτὴν
2404 2774 2498 2826 τὸν
2529 2774 2739 2826 ἐκείνου
2771 2772 2964 2843 θρόνον
2997 2770 3180 2823 λαϐεῖν
3201 2786 3215 2799 ο
3240 2768 3375 2822 ἀλλὰ
3411 2768 3502 2820 τὸν
3535 2767 3753 2830 πολλοῖς

2167 2867 2619 2938 λαμπρυνόμενον
2669 2867 2872 2932 πόνοις,
2921 2867 3016 2919 καὶ
3064 2864 3156 2916 ἐπὶ
3198 2862 3444 2914 πλεῖστον
3474 2856 3581 2913 τῶν
3613 2876 3755 2930 προ-

2168 2957 2346 3011 ϐάτων
2378 2955 2927 3026 προκινδυνεύσαντα,
2965 2955 3265 3024 προσήκειν
3281 2952 3327 2983 ⁸⁵
3350 2950 3604 3019 γενέσθαι
3634 2965 3757 3001 ποι-

2171 3049 2326 3118 μένα.
2345 3048 2516 3102 Τοῦτο
2542 3048 2598 3100 δὲ
2627 3047 2920 3115 Ῥωμαίοις
2954 3045 3049 3099 καὶ
3086 3044 3400 3112 Αἰγυπτίοις
3429 3042 3754 3110 δυσμένειαν

2169 3141 2306 3211 πρὸς
2333 3141 2433 3211 τὴν
2459 3138 2630 3208 Ἐᾡαν
2663 3142 3009 3207 μακροτάτην
3045 3136 3359 3205 εἰργάσατο.
3379 3133 3513 3187 Οὐδὲ
3532 3132 3640 3202 γὰρ
3675 3131 3754 3202 τῷ

484 3222 757 3292 Evagrins
813 3223 965 3276 illius
1024 3223 1209 3276 sedem
1284 3236 1631 3295 occupasset,
1707 3241 1815 3281 non
1885 3228 2061 3283 desie-

2169 3210 2435 3287 Παυλίνου
2457 3231 2670 3299 θανάτῳ
2693 3228 3069 3299 συγκατελύθη
3090 3229 3151 3280 τὸ
3174 3227 3346 3297 ἔχθος·
3365 3224 3500 3278 ἀλλὰ
3523 3226 3616 3276 καί
3634 3223 3755 3293 μετ’

486 3325 614 3368 runt
663 3330 788 3368 cum
841 3329 1041 3383 magno
1099 3313 1361 3370 Flaviano
1418 3316 1738 3371 inimicitias
1781 3332 2066 3387 exercere,

484 3409 740 3476 quamvis
800 3407 1069 3475 Evagrius
1122 3420 1316 3462 contra
1388 3411 1559 3480 legem
1635 3413 2067 3468 ecclesiasticam

485 3510 780 3567 provectus
834 3498 1051 3553 fuisset.
1128 3497 1294 3555 Solus
1348 3502 1494 3555 enim
1568 3500 1836 3561 Paulinus
1913 3507 2069 3561 illum

488 3589 696 3659 1031
722 3599 1028 3651 creaverat.
1061 3593 1253 3647 multis
1281 3593 1446 3648 simul
1494 3598 1802 3653 canonibns
1828 3599 2065 3654 violatis.

482 3681 672 3752 Neque
691 3683 834 3738 enim
856 3684 1108 3738 morienti
1145 3685 1471 3753 permittunt
1502 3695 1560 3739 ut
1593 3705 1695 3743 suo
1729 3691 1847 3744 loco
1875 3706 2070 3760 queui-

482 3788 647 3844 quani
677 3772 904 3844 deligat,
931 3784 986 3829 et
1030 3790 1220 3829 omnes
1255 3776 1547 3846 episcOpos
1576 3780 1871 3847 provincia:
1929 3794 2067 3833 con-

481 3864 671 3919 vocari
698 3864 916 3932 jiibcnt,
963 3875 1017 3920 et
1045 3866 1252 3936 absque
1289 3867 1467 3922 tribus
1518 3883 1736 3922 rursum
1788 3869 2070 3938 episcopis

480 3952 800 4024 episcopum
846 3954 1090 4008 ordinari
1150 3963 1352 4011 vetant.
1407 3956 1662 4011 Attamen
1733 3961 1928 4012 horum
1993 3958 2069 4011 illi

483 4047 620 4101 nihil
680 4049 825 4101 scire
883 4047 1189 4113 cupientes.
1245 4059 1300 4103 et
1360 4048 1574 4117 Evagrii
1626 4050 2068 4103 communionem

481 4140 717 4209 amplexi
749 4146 902 4201 sunt,
935 4149 991 4194 et
1020 4140 1368 4209 imperatoris
1419 4156 1586 4195 aures
1623 4140 1891 4195 adversus
1944 4140 2071 4194 Fla-

482 4231 703 4286 vianum
733 4232 1096 4286 concitarunt.
1138 4233 1564 4301 ‘lnterpellatiis
1616 4233 1762 4288 enim
1813 4248 2067 4299 saepenu-

480 4336 657 4384 mero,
689 4321 1223 4392 Constantinopolim
1257 4339 1381 4378 eum
1425 4325 1702 4388 accersiit,
1739 4332 1792 4378 et
1839 4323 2068 4376 Romam

481 4413 758 4483 proﬁcisci
791 4414 1066 4484 praecepit.
1117 4412 1413 4469 Flavianus
1463 4430 1613 4475 vero,
1666 4430 1791 4467 cum
1836 4414 2069 4467 hiemem

480 4506 827 4567 obtenderet,
864 4522 928 4561 ac
958 4509 1136 4575 primo
1172 4525 1297 4561 vere
1327 4508 1484 4575 jussa
1521 4506 1793 4560 facturum
1830 4523 1888 4560 se
1943 4521 2063 4575 pro-

486 4602 769 4663 mitteret,
818 4601 983 4654 rediit
1038 4602 1092 4653 in
1159 4601 1414 4670 patriam.
1479 4598 1583 4653 Sed
1646 4613 1770 4651 cum
1841 4597 2071 4652 Romani

479 4688 747 4759 episcopi,
775 4705 882 4743 non
913 4690 1092 4744 solum
1114 4690 1478 4743 admirandus
1503 4688 1799 4754 Damasus,
1828 4689 1922 4743 sed
1949 4697 2077 4759 post

477 4799 600 4837 eum
631 4783 796 4835 etiam
829 4780 1080 4843 Siriciiis,
1102 4791 1156 4835 et
1197 4779 1378 4833 Siricii
1412 4795 1701 4835 successor
1723 4781 2075 4846 Anastasius,

481 4868 869 4941 imperatorem
919 4871 1103 4925 acrius
1155 4871 1608 4940 perstringerent,
1655 4870 1906 4926 dicentes
1951 4887 2075 4926 eum

476 4973 744 5034 tyrannos
800 4962 1021 5031 quidem
1080 4962 1205 5017 illos
1260 4967 1584 5031 opprimere,
1636 4964 1729 5032 qui
1786 4972 1980 5017 contra
2020 4979 2080 5017 se

479 5053 860 5122 insurgerent,
888 5066 984 5107 eos
1017 5067 1144 5107 vero
1178 5053 1272 5123 qui
1318 5053 1585 5108 adversus
1645 5051 1853 5108 Christi
1917 5054 2064 5123 leges

474 5140 898 5206 insolescerent,
953 5143 1006 5196 in
1049 5143 1342 5215 tyrannide
1400 5159 1501 5199 sua
1545 5144 1848 5213 impunitos
1896 5145 2063 5197 relin-

477 5244 666 5301 quere,
686 5233 1013 5289 accersitum
1037 5235 1218 5291 denuo
1242 5235 1394 5290 illum
1416 5234 1647 5291 Romam
1670 5243 1729 5289 ut
1747 5237 1848 5290 iret
1871 5250 2066 5303 cogere

2169 3322 2375 3374 ἐκεῖνον
2398 3362 2411 3383 ,
2447 3319 2719 3389 Εὐαγρίου
2749 3318 2839 3372 τὸν
2870 3319 3079 3373 ἐκείνου
3109 3314 3503 3386 παρειληφότος
3539 3314 3752 3384 θρόνον,

2171 3410 2318 3485 [250]
2338 3412 2610 3483 διέμειναν
2647 3410 2724 3480 τῷ
2750 3410 2972 3479 μεγάλῳ
3008 3406 3293 3477 Φλαϐιανῷ
3313 3405 3753 3476 χαλεπαίνοντες,

2170 3503 2265 3555 καὶ
2311 3502 2486 3554 ταῦτα
2518 3500 2610 3553 τοῦ
2654 3499 2923 3569 Εὑαγρίου
2969 3498 3118 3568 παρὰ
3162 3496 3254 3549 τὸν
3299 3493 3755 3564 ἐκκλησιαστικὸν

2170 3592 2612 3665 προϐεϐλημένου
2644 3592 2864 3660 θεσμόν.
2890 3590 3066 3651 Μόνος
3109 3588 3218 3655 γὰρ
3251 3586 3413 3639 αὑτὸν
3438 3585 3756 3674 όβαυλῖνος

2169 3684 2528 3756 προύϐάλετο,
2568 3682 2796 3745 πολλοὺς
2842 3681 3072 3742 κανόνας
3117 3679 3258 3731 κατὰ
3288 3678 3484 3731 ταυτὸν
3501 3679 3548 3712 ⁸⁸
3573 3693 3756 3746 παρα-

2170 3776 2289 3837 ϐάς.
2325 3774 2463 3827 Οὔτε
2494 3774 2602 3844 γάρ
2630 3772 2746 3825 ἀνθ’
2789 3771 2985 3825 ἑαυτοῦ
3028 3769 3104 3840 τῷ
3147 3768 3470 3822 τελευτῶντι
3512 3784 3757 3839 χειροτο-

2170 3869 2282 3923 νεῖν
2340 3865 2729 3934 ἐπιτρέπουσι,
2790 3864 2884 3915 mi.
2933 3861 3142 3923 πάντας
3201 3858 3595 3928 συγκαλεῖσθαι
3650 3857 3754 3928 τῆς

2170 3959 2439 4027 ἐπαρχίας
2476 3956 2599 4017 τοὺς
2629 3954 2959 4016 ἐπισκόπους
3001 3951 3315 4004 κελεύουσι’
3359 3950 3451 4003 καὶ
3489 3945 3555 4003 αὖ
3590 3947 3755 4002 πάλιν

2170 4049 2292 4118 δῖχα
2340 4047 2508 4119 τριῶν
2554 4044 2872 4099 ἐπισκόπων
2930 4042 3274 4115 ὲπισκόπῳ¹¹⁷
3320 4040 3368 4075 ⁸⁸
3415 4041 3757 4112 χειροτονίαν

2170 4136 2577 4207 ἀπαγορεύουσι
2603 4135 2872 4202 γίνεσθαι.
2918 4132 3059 4185 ‘AD.’
3087 4132 3235 4201 ὅμως
3261 4130 3466 4184 τούτων
3495 4131 3648 4183 οὐδὲν
3677 4132 3756 4183 εἰ·

2172 4224 2318 4277 δέναι
2351 4223 2701 4293 θελήσαντες,
2728 4222 2827 4289 τὴν
2858 4219 3130 4290 Εὐαγρίου
3158 4220 3253 4290 μὲν
3275 4217 3559 4272 κοινωνίαν
3575 4217 3756 4286 ἡσπά-

2174 4314 2347 4380 ζοντο,
2384 4315 2527 4368 κατὰ
2559 4312 2862 4367 Φλαϐιανοῦ
2908 4312 2966 4366 δὲ
3014 4312 3111 4373 τὰς
3149 4309 3436 4381 βασιλικὰς
3489 4309 3755 4377 ἐκίνησαν

2173 4408 2365 4468 ἀκοάς.
2411 4405 2752 4473 Ἑνοχληθεὶς
2783 4405 2890 4475 γὰρ
2935 4403 3227 4466 πολλάκις,
3265 4402 3438 4471 ἦγαγέ
3484 4417 3543 4453 τε
3588 4399 3757 4455 αὐτὸν

2174 4497 2254 4559 είς
2315 4495 2413 4565 τὴν
2468 4491 3060 4557 Κωνσταντινούπολιν,
3107 4494 3203 4545 καὶ
3258 4490 3586 4545 καταλαϐεῖν
3650 4490 3755 4558 τὴν

2188 4588 2404 4659 Ῥώμην
2430 4586 2735 4641 ἐκέλευσεν.
2752 4587 2808 4639 ’0
2834 4585 2890 4639 δὲ
2915 4584 3234 4647 Φλαϐιανὸς,
3256 4583 3498 4653 χειμῶνά
3526 4598 3583 4635 τε
3612 4576 3756 4634 εἶναι

2175 4682 2370 4751 φήσας,
2415 4679 2509 4731 καὶ
2555 4677 2924 4747 ὑποσχόμενος
2965 4674 3057 4727 τοῦ
3090 4673 3248 4744 ἔαρος
3264 4674 3307 4705 ⁸³
3338 4673 3755 4742 ὑπολάμποντος

2172 4773 2234 4826 τὸ
2280 4769 2750 4842 προστεταγμένον
2802 4764 3130 4838 πληρώσειν,
3183 4765 3459 4834 ἐπανῆκεν
3506 4768 3586 4826 εις
3643 4764 3747 4834 τὴν

2175 4864 2428 4934 πατρίδα.
2467 4863 2619 4915 Ἐπεὶ
2655 4861 2713 4915 δὲ
2762 4864 2811 4915 oi
2855 4862 2954 4930 τῆς
2992 4858 3211 4928 Ῥώμης
3254 4858 3574 4917 ἐπίσκοποι,
3604 4856 3666 4908 οὐ
3698 4855 3747 4886 ³⁸

2181 4956 2339 5027 μόνον
2369 4955 2397 5006 6
2424 4954 2726 5022 θαυμάσιος
2745 4954 3021 5021 Δάμασος,
3040 4949 3179 5004 ἀλλὰ
3205 4949 3297 5003 καὶ
3330 4950 3357 5001 ὁ
3389 4948 3505 5017 μετ’
3532 4948 3744 5001 ἐκεῖνον

2179 5048 2436 5117 Σιρίκιος,
2473 5047 2567 5100 καὶ
2610 5045 2960 5108 Ἀθαστάσιος
2988 5045 3017 5097 ὀ
3043 5043 3287 5113 Σιρικίου
3315 5040 3582 5110 διάδοχος,
3617 5055 3752 5107 σφο-

2173 5138 2427 5209 δρότερον
2472 5137 2566 5190 τοῦ
2583 5138 2625 5169 ⁹¹
2663 5136 2927 5205 βασιλέως
2975 5132 3315 5202 καθήψαντο,
3364 5132 3485 5192 τοὺς
3523 5129 3622 5200 μὲν
3669 5130 3751 5182 οἰ-

2174 5230 2351 5293 κείους
2381 5230 2540 5284 αὐτὸν
2568 5231 2837 5301 φήσαντες
2865 5226 3158 5282 καταλύειν
3185 5225 3506 5296 τυράννους.
3533 5226 3660 5288 τοὺς
3690 5223 3749 5277 δὲ

1780 5368 2018 5423 VAIHIE
2060 5367 2467 5424 LECTIONES.

534 5523 584 5557 ⁸³
618 5523 687 5578 τὰ
719 5523 993 5595 πανταχοῦ
1012 5541 1066 5592 γ.
1094 5543 1147 5578 κ.
1172 5524 1289 5578 θαλ.
1312 5523 1903 5595 τῷνδαιμόνωνκατελ.
1923 5539 2049 5595 τεμ.
2080 5525 2246 5578 Basil.
2269 5523 2363 5577 Gr.
2389 5531 2443 5577 et
2473 5520 2663 5595 Steph.
2717 5520 2764 5551 ⁸⁸
2794 5518 3042 5595 διαστάσ.
3075 5517 3243 5595 Basil.
3266 5517 3367 5595 G_r._
3399 5519 3455 5595 _"
3487 5519 3750 5595 lta_rec_l._e

480 5590 839 5662 Sirinondus,
865 5588 1127 5662 probante
1146 5599 1308 5648 etiam
1334 5588 1573 5659 Vah-sio,
1613 5595 1875 5660 reposuit,
1908 5588 2032 5646 cuin
2068 5595 2375 5648 inﬁnitivus
2400 5588 2635 5661 pendeat
2664 5607 2692 5662 ιι
2718 5590 3313 5662 p._i_rtieipiofitperiori
3341 5589 3550 5662 λέγων.
3576 5588 3744 5662 Basil.

478 5663 576 5717 Gr.
608 5671 663 5717 et
693 5658 883 5729 Steph.
920 5662 1193 5718 habebant
1221 5683 1234 5718 :
1266 5658 1567 5734 προσήκει,
1633 5658 1686 5695 δέ
1706 5663 1826 5717 κατ’
1859 5664 2039 5716 αὐτόν.
2075 5665 2243 5719 Basil.
2276 5664 2369 5716 (ιτ.
2402 5658 2500 5724 Ἐἰς
2525 5661 2721 5713 ταύτὸν
2756 5658 2984 5728 Nicepli.
3019 5659 3132 5724 XII,
3166 5660 3256 5715 ‘24.

480 5728 647 5785 Basil.
683 5731 780 5785 Gr.
815 5738 869 5782 et
898 5730 1261 5785 Nicephorus.
1289 5735 1437 5785 iiuoil
1478 5732 1694 5785 Valesio
1729 5734 1904 5785 mauis
1970 5736 2165 5785 placet.
2271 5735 2317 5765 ⁸⁸
2346 5750 2445 5785 που
2475 5733 2624 5785 addit
2651 5729 2737 5783 .lo.
2794 5729 2909 5782 Piui
2943 5731 3096 5785 liber.
3163 5733 3208 5763 δν
3237 5736 3256 5785 a‘

1970 5743 2165 5802 placet.

480 5728 647 5786 Basil.
683 5728 869 5785 Gr.’et
898 5730 1261 5800 Nicephorus,
1289 5728 1440 5800 quod
1478 5732 1694 5788 Valesio
1729 5734 1904 5794 magis

479 5800 527 5833 "
561 5802 667 5874 γάρ
707 5799 1008 5871 interponit
1038 5799 1236 5856 ’Savilii
1275 5799 1469 5867 cedes,
1529 5804 1795 5873 probante
1821 5799 2055 5860 Valesio.

3337 5659 3391 5691 ⁸⁷·
3422 5660 3742 5716 ἐπισκόπου.

2271 5735 2317 5765 ⁸⁸
2346 5750 2445 5785 που
2475 5733 2624 5785 addit
2651 5729 2737 5783 .lo.
2794 5729 2909 5782 Piui
2930 5731 3096 5801 liber.
3163 5733 3208 5763 δν
3237 5732 3417 5800 ἀέρος.
3468 5732 3655 5801 Steph.
3687 5728 3745 5787 ‘3.

2157 5806 2198 5837 ⁹¹
2237 5802 2495 5864 εὐσεϐοῦς
2541 5800 2691 5856 addit
2724 5801 2888 5857 liasii.
2915 5800 3008 5855 Gr.
3053 5816 3175 5855 cum
3223 5802 3411 5872 Sit-ph.
3442 5801 3740 5872 etNicepb.
