4124 6402
289 368 307 431 l
322 370 428 432 253

1244 369 1836 434 ΕΕΟΙΕΞΙΑΞΤῘΟΕ
1868 369 2251 432 ΗΙΞΤΟΒΙΕ
2291 376 2436 438 LIB.
2465 378 2531 437 ν.

3411 366 3547 432 ἓὲῦί

279 487 394 545 rei;
442 481 809 552 στρατιώταις
848 481 1042 545 εἰπὼν,
1093 482 1188 534 καὶ
1223 484 1433 554 cati-.13“
1461 484 1701 543 ἅπαντας
1735 497 1870 552 προ-

1989 479 2155 532 rivum
2222 484 2589 553 vinctumque
2652 482 3041 552 perducerent.
3104 478 3208 534 Ubi
3256 478 3550 548 phalanges

281 572 487 642 θυμίας
505 572 525 601 ⁸
547 572 858 643 ἐμπλήσας,
886 571 1038 643 [235]
1056 573 1120 624 ἐκ
1142 573 1242 642 τῆς
1268 574 1363 625 τοῦ
1393 575 1555 643 ὅρους
1585 574 1866 643 κατήγαγε

281 664 552 734 κορυφῆς.
589 663 647 716 Ὀ
680 662 737 715 δὲ
772 662 1055 734 τύραννος,
1080 664 1364 736 πόρρωθεν
1396 663 1520 715 ἰδὼν
1545 663 1671 725 τοὺς
1706 678 1869 731 στρα-

282 752 487 817 τιώτας
551 752 1025 823 πολεμήσονταςτ,
1070 753 1385 807 καθώπλισε
1434 754 1533 823 τὴν
1585 751 1867 824 στρατιὰν,

286 845 384 899 καὶ
415 846 497 907 είς
525 844 839 912 παράταξιν
871 844 1081 912 ἔταξεν.
1137 845 1309 907 Αὐτὸς
1350 843 1407 896 δὲ
1437 844 1527 896 ἐπί
1554 860 1699 905 τινος
1730 859 1872 905 γεω-

284 935 454 1002 λόφου
487 935 681 1004 μείνας
701 973 714 995 ,
750 933 1019 1003 θανατᾷνδ
1049 950 1109 985 τε
1139 932 1244 1002 ἐφη
1272 932 1362 985 τὸν
1395 931 1639 1002 βασιλέα,
1661 931 1755 984 καὶ
1778 933 1875 1001 τῆς

289 1022 585 1093 παρούσης
634 1022 1108 1088 ἀπαλλαξείονταθ
1160 1021 1345 1091 βιοτῆς
1406 1017 1872 1089 παρατάττεσθαι,

287 1114 384 1165 καὶ
429 1113 547 1174 τοῖς
592 1113 917 1180 στρατηγοῖς
969 1109 1223 1163 ἐκέλευσε
1268 1108 1450 1173 ζῶντα
1468 1108 1510 1139 ¹⁰
1556 1105 1747 1159 τοῦτον
1785 1105 1877 1158 καὶ

288 1203 673 1273 πεπεδημένον
718 1204 1112 1274 προσαγαγεῖν.
1155 1203 1373 1271 Ἐπειδὴ
1412 1202 1468 1254 δὲ
1511 1202 1565 1253 αἱ
1597 1199 1875 1269 φάλαγγες

290 1296 555 1366 ἔστησαν,
610 1293 1015 1347 πολλαπλάσιον
1074 1294 1171 1363 μὲν
1221 1290 1289 1365 ἦν
1336 1292 1444 1346 τῶν
1495 1291 1770 1361 πολεμίων
1817 1290 1879 1342 τὸ

291 1384 523 1455 πλῆθος,
583 1384 954 1454 εὐαρίθμητον
991 1383 1047 1436 δὲ
1084 1383 1281 1454 κομιδῇ
1312 1384 1374 1436 τὸ
1401 1383 1477 1454 τῷ
1513 1382 1724 1453 βασιλεῖ
1756 1397 1881 1435 συν-

290 1479 653 1550 τεταγμένον.
702 1476 1053 1548 ’Δρξαμένων
1110 1478 1307 1530 δὲ’καὶ
1352 1477 1557 1530 τούτων
1610 1475 1881 1529 κάκείνων

290 1576 515 1645 ἀφιέναι
538 1575 610 1627 τά
648 1574 800 1643 βέλη,
836 1573 1048 1639 ἔδειξαν
1104 1573 1324 1645 ἀληθεῖς
1351 1575 1449 1636 τὰς
1478 1574 1800 1643 ὑποσχέσεις
1831 1575 1881 1625 οί

301 1669 599 1739 πρόμαχοι.
652 1666 882 1737 Πνεῦμα
926 1666 1034 1737 γὰρ
1077 1664 1255 1736 βίαιον
1307 1667 1721 1737 ἀντιπρόσωπον
1773 1663 1883 1718 τῶν

300 1760 577 1829 πολεμίων
624 1759 946 1829 φερόμενον,
978 1759 1107 1821 τοὺς
1143 1758 1245 1827 μὲν
1271 1758 1496 1813 ἐκείνων
1522 1758 1735 1822 ὀῖστοῦς
1772 1759 1881 1813 ἀπ·

296 1852 532 1921 ἔστρεφε
558 1852 651 1903 καὶ
669 1851 740 1903 τὰ
768 1850 965 1913 πελτὰ,
991 1850 1086 1903 καὶ
1115 1851 1184 1902 τά
1209 1850 1429 1919 δόρατα,
1464 1849 1560 1903 καὶ
1588 1850 1696 1902 πᾶν
1731 1849 1882 1919 βέλος

296 1947 486 2009 αὐτοῖς
516 1946 793 2018 ἄχρηστον
821 1942 910 2016 ἦν,
942 1947 1036 1999 καὶ
1068 1945 1193 1999 οὔτε
1219 1946 1464 2015 ὁπλίτης,
1493 1945 1613 1997 οὔτε
1637 1945 1882 2017 τοξότης,

294 2040 426 2095 οὔτε
469 2039 779 2110 πελταστής
814 2038 1114 2109 πημαίνειν
1161 2038 1260 2108 τὴν
1301 2038 1395 2091 τοῦ
1439 2037 1705 2107 βασιλέως
1759 2038 1886 2106 ἡδύ-

298 2152 431 2189 νατο
478 2134 761 2203 στρατιάν.
798 2134 909 2185 Καὶ
964 2133 1147 2203 μέντοι
1197 2131 1292 2185 καὶ
1332 2131 1475 2193 κόνις
1513 2132 1594 2184 ὅτι
1647 2132 1886 2201 μάλιστα

300 2230 538 2299 πλείστη
590 2229 732 2281 κατὰ
773 2228 882 2281 τῶν
927 2226 1240 2298 προσώπων
1294 2226 1590 2297 φερομένη,
1619 2226 1777 2295 μύειν
1818 2225 1885 2279 τὰ

304 2323 578 2394 βλέφαρα,
610 2323 706 2375 καὶ
736 2324 855 2385 ταῖς
883 2321 1077 2392 κόραις
1117 2321 1420 2392 ἐπαμύνειν
1449 2321 1886 2391 πολεμουμέναις

296 2413 639 2483 ἠνάγκαζεν.
686 2414 747 2466 Oi
796 2413 853 2467 δὲ
895 2413 992 2466 τοῦ
1041 2413 1305 2483 βασιλέως
1352 2414 1679 2485 στρατιῶται
1705 2414 1887 2486 λώϐην

298 2508 424 2562 οὐδὲ
484 2509 616 2578 μίαν
663 2510 728 2562 ἐκ
797 2510 899 2580 τῆς
948 2510 1262 2577 καταιγῖδος
1311 2511 1526 2580 ἐκείνης
1577 2510 1885 2581 δεξάμενοι,

301 2604 626 2676 θαρραλέως
656 2606 783 2668 τοὺς
815 2606 1110 2675 πολεμίους
1142 2606 1509 2659 κατέκτεινον.
1541 2608 1601 2659 Οἱ
1628 2607 1685 2660 δὲ
1715 2604 1889 2660 ταῦτα

300 2698 564 2769 ὁρῶντες,
596 2699 693 2751 καὶ
734 2699 835 2770 τὴν
869 2699 1019 2752 θείαν
1068 2700 1382 2769 ἐπιγνόντες
1426 2701 1767 2771 ἐπικουρίαν,
1820 2702 1889 2755 τά

300 2796 447 2850 ὅπλα
475 2795 754 2867 ῥίψαντες,
788 2796 1003 2864 φειδοῦς
1036 2797 1185 2868 παρὰ
1218 2797 1312 2850 τοῦ
1344 2796 1611 2866 βασιλέως
1638 2802 1818 2867 τυχεῖν
1845 2799 1889 2830 ¹¹

304 2883 698 2954 ἠντιϐόλησαν.
740 2884 799 2936 '0
834 2884 891 2937 δὲ
920 2885 1012 2938 καὶ
1044 2879 1177 2950 εἶξε,
1210 2886 1304 2938 καὶ
1336 2884 1522 2939 οἴκτου
1561 2886 1888 2955 μετέδωκεν,

304 2979 540 3047 ἀγαγεῖν
570 2977 627 3030 δὲ
669 2978 868 3041 αὐτοὺς
896 2979 985 3031 τὸν
1012 2978 1275 3051 τύραννον
1319 2979 1460 3032 κατὰ
1486 2979 1649 3049 τάχος
1677 2978 1893 3032 ἐκέλευο

306 3088 421 3125 σεν.
457 3071 523 3123 Οἱ
549 3070 609 3122 δέ
640 3070 854 3133 θέοντες
897 3071 1170 3140 ἀνέϐησαν
1202 3073 1281 3135 είς
1310 3072 1401 3125 τὸν
1427 3071 1610 3140 λόφον,
1639 3072 1700 3125 οὗ
1757 3071 1892 3123 καθι-

304 3167 512 3237 ήμενος
534 3167 741 3228 ἐκεῖνος
765 3165 952 3233 ἠγνόει
984 3165 1052 3218 τὰ
1083 3165 1360 3235 δρώμενα.
1398 3166 1455 3219 '0
1486 3166 1543 3219 δέ
1571 3166 1896 3219 πνευστιῶν-

304 3277 408 3323 τας
438 3258 588 3324 ἰδὼν,
622 3260 719 3313 ml.
750 3261 834 3330 τῷ
876 3259 1115 3330 ἄσθματι
1162 3260 1466 3331 μηνύοντας
1509 3260 1606 3330 τὴν
1635 3261 1892 3331 σπουδὴν,

302 3355 469 3424 νίκης
501 3354 771 3424 ἀγγέλους
801 3354 1061 3421 ὑπέλαϐε,
1099 3355 1193 3408 καὶ
1221 3356 1388 3427 ἤρετο
1417 3358 1465 3408 εἰ
1494 3357 1585 3408 καὶ
1616 3356 1897 3409 Θεοδόσιον

308 3449 715 3520 πεπεδημένον,
765 3449 841 3512 ὡς
887 3448 1360 3519 προσετάχθησαν,
1410 3450 1638 3518 ήγαγον.
1688 3451 1750 3502 Οί
1798 3448 1892 3501 δέ’

306 3564 333 3597 ί
368 3545 487 3598 Οὐκ
518 3547 747 3610 ἐκεῖνον,
767 3544 995 3615 ἔφησαν,
1018 3546 1100 3599 σοὶ
1124 3545 1496 3615 προσάγομεν,
1515 3545 1651 3598 ἀλλά
1676 3547 1736 3598 σέ
1761 3547 1898 3616 πρὸς

307 3642 521 3694 ἐκεῖνον
564 3642 872 3712 άπάγομεν.
920 3640 1093 3693 Τοῦτο
1138 3640 1245 3711 γὰρ
1284 3642 1311 3693 ὁ
1353 3640 1445 3693 τοῦ
1475 3641 1676 3704 παντὸς
1726 3659 1896 3712 προσο

303 3733 473 3799 έταξε
506 3734 802 3805 Πρύτανις.
844 3753 864 3786 ι
899 3734 1082 3787 Ταῦτα
1111 3734 1363 3801 λέγοντες
1391 3774 1405 3799 ,
1438 3734 1803 3804 ἐξανέστησάν
1836 3753 1897 3788 τε

307 3829 379 3882 ὲκ
407 3828 504 3882 τοῦ
542 3829 760 3900 δίφρου,
790 3829 886 3882 καὶ
905 3830 972 3882 τά
1000 3827 1174 3898 δεσμὰ
1207 3826 1490 3890 ἐπιθέντες
1521 3829 1896 3899 πεπεδημένον

308 3920 627 3991 ἀπήγαγον,
688 3922 782 3976 καὶ
829 3921 1180 3991 προσήγαγον
1237 3918 1575 3990 δορυάλωτον
1627 3921 1719 3976 τὸν
1785 3922 1892 3992 πρὸ

1971 571 2296 635 constitere,
2325 575 2499 626 multo
2530 574 2768 643 amplior
2799 570 3045 625 hostimn
3081 584 3345 623 numerus
3381 584 3551 638 appa-

1972 663 2084 715 ruit
2119 680 2132 716 :
2164 663 2322 732 pauci
2358 674 2590 726 contra.
2639 672 2693 718 et
2734 664 2827 733 qui
2884 660 3162 716 numerari
3215 661 3374 715 facile
3427 675 3557 729 pos-

1974 762 2118 819 sent,
2170 755 2274 809 sub
2333 755 2509 827 signis
2570 754 2940 826 imperatoris.
3010 752 3309 822 Postquam
3371 760 3554 805 autem

1974 847 2175 916 conjici
2219 849 2479 918 utrinque
2510 848 2613 901 tela
2644 855 2955 918 cmperunt,
2992 844 3249 915 promissi
3283 844 3366 898 sui
3397 844 3555 897 Iidem

1976 949 2419 1008 propugnatores
2472 940 2546 993 illi
2604 946 2778 991 ratam
2839 938 3106 992 fecerunt.
3161 934 3296 987 Nam
3357 934 3559 987 veritus

1978 1031 2270 1083 vehemens
2314 1030 2367 1083 in
2414 1030 2602 1085 hostes
2638 1031 2858 1084 irruens
2896 1043 2962 1082 ex
3014 1026 3272 1090 adverso,
3330 1024 3555 1077 illorum

1980 1122 2208 1190 sagittas
2244 1128 2299 1174 et
2363 1122 2555 1176 hastas
2598 1129 2654 1175 et
2695 1120 2879 1189 jacula
2945 1106 3321 1187 retorquebat,
3369 1116 3452 1170 sic
3499 1124 3561 1168 ut

1986 1213 2193 1266 -tu|lum
2231 1213 2314 1267 eis
2349 1214 2437 1267 teli
2490 1228 2664 1282 genus
2718 1211 2842 1264 usui
2892 1217 3058 1272 esset,
3099 1207 3561 1278 imperatorisque

1980 1300 2285 1355 exercitmn
2335 1317 2435 1355 nee
2477 1302 2660 1371 gravis
2699 1304 2717 1322 ‘
2758 1311 3054 1353 armatura:
3090 1297 3269 1356 miles.
3317 1310 3419 1350 nec
3469 1308 3562 1349 sa-

1982 1392 2261 1460 gittarius,
2301 1408 2402 1445 nec
2429 1393 2687 1462 peltastes
2728 1391 2920 1447 laedere
2950 1390 3176 1444 valeret.
3210 1388 3353 1454 Quin
3396 1387 3561 1440 etiam

1984 1490 2138 1537 tanta
2166 1484 2253 1538 vis
2286 1484 2501 1553 1066
2530 1483 2771 1552 pulveris
2798 1482 2851 1535 in
2897 1496 3091 1536 eorum
3144 1479 3314 1533 facies
3348 1477 3563 1532 feretra-

1986 1583 2099 1637 tur,
2137 1582 2198 1628 ut
2232 1575 2525 1643 palpebras
2556 1574 2835 1637 claudere,
2871 1581 2926 1627 et
2980 1570 3427 1642 periclitantibus
3465 1584 3567 1638 pu-

1986 1667 2135 1737 pillis
2163 1667 2454 1722 subvenire
2491 1673 2844 1735 cogerentur.
2887 1664 3242 1734 Imperatoris
3277 1677 3411 1717 vero
3463 1660 3568 1714 mi-

1990 1758 2134 1821 lites,
2194 1757 2331 1811 nihil
2387 1756 2718 1811 incommodi
2776 1771 2842 1811 ει
2894 1772 2960 1811 eo
3015 1756 3237 1810 turbine
3271 1754 3564 1824 patientes,

1991 1849 2223 1904 ﬁdenter
2255 1849 2443 1903 hostes
2484 1848 2847 1919 perimebant.
2882 1848 3015 1913 Quae
3069 1848 3147 1901 illi
3196 1856 3320 1901 cum
3369 1858 3566 1898 cerne-

1990 1949 2130 2003 rent,
2195 1948 2252 1996 et
2306 1956 2465 2011 opem
2516 1939 2759 1993 divinam
2834 1944 3233 2010 agnoscerent,
3299 1935 3567 2006 projectis

1988 2034 2156 2087 armis
2186 2033 2405 2087 veniam
2449 2032 2517 2085 ab
2547 2032 2883 2101 imperatore
2934 2029 3144 2100 precati
3188 2036 3337 2083 sunt.
3387 2026 3570 2081 Cessit

1990 2127 2312 2194 imperator,
2350 2135 2402 2178 et
2459 2124 2902 2177 miscricordiam
2938 2122 3256 2191 indulgens,
3290 2119 3462 2189 jussit
3511 2125 3571 2171 ut

1989 2221 2282 2283 tyrannum
2306 2212 2371 2265 ad
2402 2227 2461 2267 se
2486 2212 2895 2282 quamprimum
2929 2210 3293 2265 adducerent.
3317 2208 3566 2264 Cui-runt

1988 2304 2086 2369 illi,
2128 2312 2181 2359 et
2209 2305 2402 2359 collem
2434 2304 2746 2358 ascendunt
2790 2303 2844 2357 in
2886 2317 2997 2372 quo
3030 2301 3283 2357 residens
3320 2300 3435 2369 ipse
3477 2313 3571 2353 res

1988 2401 2173 2465 gestas
2208 2394 2514 2464 ignorabat.
2569 2394 2756 2463 Itaque
2802 2393 3132 2448 anhelantes
3187 2390 3568 2460 conspiciens,

1990 2494 2044 2542 et
2077 2485 2487 2540 festinationem
2546 2485 2745 2539 crebro
2805 2484 3053 2539 anhelitu
3108 2485 3450 2545 indicantes,
3492 2481 3574 2534 vi-

1991 2578 2180 2632 ctoriae
2201 2577 2427 2631 nuntios
2453 2576 2682 2645 putavit,
2712 2576 3075 2645 quaesivitque
3098 2590 3166 2628 an
3191 2575 3357 2629 etiam
3396 2572 3577 2626 Theo-

1993 2666 2211 2720 dosium
2238 2706 2252 2730 ,
2296 2674 2358 2719 ut
2393 2665 2670 2734 jusserat,
2719 2665 2963 2719 vinctum
3015 2664 3368 2718 adduxerim.
3418 2680 3438 2713 ‹
3465 2661 3578 2717 Nos

1994 2771 2145 2822 vero,
2184 2758 2461 2825 inquiunt,
2497 2771 2608 2809 non
2661 2756 2815 2809 illum
2852 2754 2921 2809 ad
2959 2766 3011 2809 te
3055 2754 3424 2815 adduximus.
3476 2753 3576 2809 sed

1996 2855 2049 2904 te
2079 2849 2145 2902 ad
2174 2848 2322 2903 illum
2351 2847 2724 2918 perducemus
2757 2869 2768 2901 :
2795 2847 2899 2900 hoc
2927 2847 3074 2902 enim
3105 2846 3351 2902 universi
3375 2845 3579 2901 Reetor

1997 2938 2309 3007 imperavit.
2332 2956 2349 2987 ι
2388 2937 2452 2991 Ει
2483 2939 2566 2993 his
2601 2938 2802 3005 dictis,
2844 2937 2911 2991 de
2941 2938 3081 2991 solio
3114 2938 3408 3006 abreptum
3458 2939 3580 2991 vin-

1998 3030 2139 3082 culis
2167 3029 2387 3096 injet-tis
2423 3027 2808 3089 abduxerunt,
2856 3028 3246 3096 captivumque
3299 3029 3579 3082 duxerunt

1922 3136 1965 3193 ρ
1997 3129 2121 3167 eum
2153 3115 2245 3183 qui
2283 3115 2445 3184 paulo
2474 3125 2602 3169 ante
2647 3116 2948 3168 insolenter
2982 3116 3353 3185 gloriabatur.
3403 3114 3579 3185 Impe-

2001 3216 2155 3257 rator
2203 3220 2335 3258 vero
2384 3212 2439 3258 et
2473 3220 2536 3258 ea
2568 3219 2690 3273 qua:
2734 3206 2786 3258 in
2819 3202 3273 3259 Valentinianum
3328 3211 3581 3277 patrarat

2001 3298 2479 3362 commemoravit,
2517 3307 2570 3351 et
2612 3298 2858 3368 iniquam
2922 3299 3296 3369 tyrannidem,
3332 3306 3386 3351 ct
3438 3298 3581 3351 bella

2001 3396 2193 3440 contra
2250 3387 2551 3455 legitimum
2605 3388 2899 3457 imperium
2957 3396 3219 3456 suscepta
3271 3404 3285 3440 :
3344 3387 3583 3441 irridens

2002 3475 2164 3529 simul
2192 3474 2447 3531 Herculis
2482 3477 2800 3546 imaginem,
2844 3486 2898 3531 et
2948 3478 3169 3531 inanem
3218 3492 3285 3532 ex
3336 3493 3401 3531 ea
3445 3492 3583 3530 con-

2005 3576 2221 3633 ceptam
2279 3566 2593 3619 audaciam.
2639 3568 2816 3636 Atque
2867 3568 2942 3619 ita
3003 3567 3209 3636 justam
3269 3578 3323 3620 et
3376 3566 3585 3636 legibus

1998 3666 2388 3727 congruentem
2453 3657 2508 3710 in
2567 3674 2690 3711 eum
2755 3659 2984 3727 protulit
3049 3658 3303 3713 vindicta:
3363 3669 3587 3713 senten-

2002 3745 2156 3797 tiam.
2209 3744 2362 3799 Talis
2405 3745 2495 3800 ille
2526 3754 2579 3799 et
2629 3747 2681 3799 in
2728 3761 2861 3815 pace
2896 3758 2951 3799 et
3010 3747 3064 3801 in
3133 3748 3279 3802 bello
3342 3748 3582 3813 exstitit,

1997 3836 2241 3891 divinum
2276 3851 2491 3904 semper
2542 3837 2808 3890 auxilium
2864 3838 3184 3906 implorans,
3232 3854 3451 3909 semper
3490 3840 3585 3894 illo

2002 3929 2240 3999 potiens.

312 4010 564 4083 βραχέως
606 4010 1139 4081 μεγαλαυχούμενον.
1182 4011 1241 4063 '0
1277 4010 1335 4063 δέ
1371 4010 1625 4081 βασιλεὺς
1674 4015 1784 4067 τῶν
1823 4036 1881 4072 τε
1932 4021 2011 4083 είς
2076 4018 2483 4071 Βαλεντινιανὸν
2568 4019 3072 4089 πλημμεληθέντων
3126 4021 3422 4091 ἀνέμνησε,
3492 4023 3586 4076 καὶ

307 4101 417 4171 τῆς
450 4104 772 4174 παρανόμου
799 4101 1151 4173 τυραννίδος,
1202 4102 1293 4154 καὶ
1320 4101 1431 4155 τῶν
1460 4103 1601 4157 κατά
1631 4105 1731 4175 τῆς
1788 4111 2014 4182 ἐννόμου
2090 4110 2370 4182 βασιλείας
2417 4110 2701 4181 πολέμων·
2777 4112 3107 4183 ἐκωμῲδησέ
3137 4130 3195 4165 τε
3240 4114 3282 4145 η
3349 4114 3440 4166 καὶ
3487 4112 3587 4184 τὴν

326 4196 661 4266 Ἡρακλέους
705 4198 926 4263 εἰκόνα,
963 4197 1147 4250 καὶτὸ
1180 4197 1411 4268 μάταιον
1466 4197 1533 4250 δι’
1568 4200 1787 4273 ἐκείνην
1820 4207 2113 4276 γενόμενον
2170 4207 2389 4277 θάρσος.
2452 4208 2566 4260 Καὶ
2624 4208 2747 4260 τότε
2796 4207 3013 4260 δικαίαν
3078 4208 3171 4261 καὶ
3217 4207 3439 4278 ἔννομον
3498 4207 3588 4274 ἐξ-

313 4288 518 4359 ἠνεγκε
567 4287 718 4361 [35‘]
762 4289 861 4359 τῆς
891 4292 1011 4342 κατ’
1040 4290 1205 4344 αὑτοῦ
1262 4291 1534 4361 τιμωρίας
1565 4292 1663 4365 τὴν
1695 4297 1898 4367 ψῆφον.
1937 4300 2189 4365 Τοιοῦτος
2219 4296 2286 4370 ἦν
2318 4300 2527 4364 ἐκεῖνος
2556 4302 2650 4354 καὶ
2684 4302 2739 4353 ἐν
2789 4301 3015 4373 εἰρήνῃ,
3058 4300 3155 4353 καὶ
3227 4302 3285 4353 ἐν
3341 4300 3586 4374 πολέμῳ,

308 4379 408 4436 ἀεὶ
438 4379 541 4451 μὲν
570 4381 669 4451 τὴν
699 4379 850 4434 θείαν
896 4381 1223 4453 ἐπικουρίαν
1255 4384 1439 4448 αἰτῶν,
1469 4385 1557 4439 ἀεὶ
1598 4386 1655 4441 δὲ
1696 4388 1905 4460 ταύτης
1932 4392 2217 4462 τυγχάνων
2237 4392 2301 4447 ¹³.

902 4472 1151 4528 ΚΕΦΑΛ.
1183 4476 1311 4530 ΚΕ’.

390 4563 532 4631 Περὶ
568 4562 678 4631 τῆς
706 4563 1031 4619 Θεοδοσίου
1058 4565 1167 4618 τοῦ
1187 4567 1497 4636 ,ϐασιλέως
1525 4570 1835 4639 τελευτῆς.

382 4655 546 4708 Μετὰ
584 4654 640 4707 δὲ
666 4655 825 4725 τήνδε
885 4655 986 4723 τὴν
1023 4656 1181 4727 νίκην
1224 4660 1607 4731 ἀρρωστήσας,
1636 4666 1748 4726 τοῖς
1775 4665 1910 4726 υἱοῖς

2192 4487 2403 4557 1067
2437 4484 2590 4540 CAP.
2617 4483 2782 4539 χλν.
2823 4483 2906 4556 [Β.
2944 4482 3024 4538 St.
3062 4481 3126 4537 V.
3159 4483 3260 4539 Ch.
3296 4483 3414 4557 25.]

2336 4577 2412 4632 De
2441 4577 2718 4631 Theodosii
2754 4576 3087 4644 imperatoris
3119 4575 3285 4628 obitu.

2080 4668 2211 4724 Post
2246 4669 2388 4724 hanc
2438 4671 2722 4725 victoriam
2758 4672 2953 4725 morbo
2983 4679 3294 4739 correptus,
3327 4668 3457 4723 liliis
3486 4669 3590 4724 im-

310 4747 418 4817 τὴν
444 4745 722 4816 βασιλείαν
768 4746 1024 4817 διένειμε·
1057 4749 1150 4801 καὶ
1177 4748 1255 4819 τῷ
1288 4749 1391 4818 μὲν
1427 4753 1783 4824 πρεσϐυτέρῳ
1810 4753 1886 4824 τὴς

2008 4760 2221 4830 perium
2279 4761 2489 4828 divisit,
2555 4769 2609 4815 et
2657 4762 2849 4831 majori
2909 4762 3129 4830 quidem
3186 4766 3317 4813 natu
3380 4769 3590 4830 partem

302 4842 532 4897 οἰκείαν
565 4842 766 4896 ἔδωκεν
813 4844 1132 4914 ἡγεμονίαν,
1168 4844 1246 4916 τῷ
1291 4846 1540 4917 νεωτέρῳ
1583 4848 1640 4901 δέ
1683 4849 1781 4918 τῆς
1805 4849 1908 4901 Εὐ-

309 4933 519 5007 ρώπης
563 4933 635 4987 τὰ
674 4934 953 5005 σκῆπτρα.
999 4936 1044 4987 Τ
1047 4936 1111 5006 ὴν
1156 4936 1434 4991 εὐσέϐειαν
1464 4938 1521 4991 δέ
1560 4938 1771 4993 τελείαν
1816 4941 1910 4994 καὶ

308 5024 513 5079 τοῦτον
556 5024 699 5095 ἔχειν
750 5026 999 5081 κάκεῖνον
1045 5026 1340 5098 παρῄνεσε.
1367 5045 1385 5078 ι
1413 5027 1512 5081 Διά
1544 5029 1745 5100 ταύτης
1774 5029 1906 5101 γάρ,

311 5119 451 5188 ἔφη,
478 5116 573 5171 καὶ
617 5119 651 5186 ἡ
682 5118 726 5150 ¹⁶
753 5118 943 5190 εἰρήνη
975 5112 1323 5189 φυλάττεται,
1350 5122 1447 5176 καὶ
1479 5122 1712 5193 πόλεμος
1738 5140 1908 5177 κατα-

2009 4868 2174 4923 quam
2223 4853 2339 4922 ipse
2380 4861 2617 4917 rexerat,
2667 4853 2865 4907 minori
2918 4868 3049 4908 vero
3096 4851 3327 4921 Europa:
3375 4862 3594 4922 sceptra

2007 4941 2285 4997 commisit
2317 4960 2331 4996 :
2365 4951 2666 5011 utrumque
2713 4949 2919 5005 autem,
2956 4949 3015 4995 ut
3047 4940 3347 5010 perfectam
3413 4944 3594 5009 pieta-

2015 5040 2124 5087 tem
2153 5033 2478 5099 retinerent,
2513 5033 2768 5089 hortatus
2802 5041 2910 5089 est.
2944 5051 2962 5082 ‹
3006 5033 3108 5086 Per
3143 5031 3286 5085 hanc
3306 5033 3475 5089 enim.
3512 5032 3597 5085 in-

2014 5125 2157 5194 quit,
2185 5132 2241 5180 et
2274 5139 2378 5196 pax
2430 5135 2816 5193 conservatur,
2855 5132 2909 5180 ct
2944 5124 3149 5178 bellum
3192 5121 3508 5186 confuitur,
3539 5132 3595 5177 et

1651 5295 1882 5352 VARIE
1915 5295 2319 5353 LECTIONES.

443 5386 722 5460 ⁸ταὺτης.
778 5386 1119 5460 Christoph.,
1192 5387 1431 5460 Scalig.,
1474 5385 1844 5460 _Casaubon.h
1942 5387 1968 5460 ἦ
1985 5388 2284 5460 προθυμίᾳ.
2338 5387 2505 5460 Basil.
2548 5387 2642 5460 Gr.
2673 5456 2697 5460 Α
2751 5390 2770 5422 ⁷
2814 5385 3601 5460 πολεμοσείοντας.ν-Ο-Ιιι·ἱειοο

317 5454 916 5531 phprsonlislbectius
956 5454 1201 5531 Scaliger
1221 5466 1283 5531 et
1314 5454 1450 5531 P'ini_
1474 5457 1763 5531 liber_em_n
1784 5454 2535 5531 Νῖοεριι.πολεμησείοντας.
2609 5459 2631 5491 ⁸
2665 5456 2757 5531 Sic
2798 5468 2852 5513 et
2891 5454 3258 5531 Nicephortts.
3296 5456 3408 5531 Sed
3431 5456 3601 5531 θανα-

318 5525 452 5583 τοῦν
473 5544 534 5581 τε
561 5525 680 5581 Pini
719 5528 854 5583 liber
888 5535 940 5582 et
980 5525 1178 5595 Sealig.
1210 5526 1557 5581 Θανατοῦντα
1612 5525 1777 5581 Basil.
1812 5525 1927 5578 Gr.
1962 5536 2017 5596 et
2070 5525 2295 5596 Stepltl;
2330 5529 2647 5583 θανατῶντα
2676 5525 3050 5583 Camerarius.
3127 5529 3149 5560 ⁹
3177 5528 3253 5581 Ita
3283 5527 3605 5596 Christ0pli.

319 5607 377 5653 ct
394 5598 665 5667 Scaliger,
708 5598 947 5667 itemque
976 5597 1094 5651 Pini
1126 5597 1318 5667 codex,
1348 5597 1494 5665 quod
1544 5595 1940 5667 nonﬂdisplicet
1970 5595 2212 5667 Yalesio.
2258 5598 2428 5651 Basil.
2461 5600 2555 5653 Gr.
2610 5607 2665 5654 et
2702 5598 2896 5667 Steph.
2949 5598 3157 5653 habent
3190 5595 3599 5667 ἀπαλλάξαντα.

323 5667 522 5721 Sarilii
557 5664 729 5737 codex
752 5664 950 5721 vitiose
980 5666 1326 5737 ἀπαλλάξειν.
1370 5664 1457 5737 λεογ
1483 5667 1532 5717 οἱ
1562 5666 1711 5720 addit
1744 5664 1927 5737 Basil.
1963 5664 2174 5737 (ἔικηιι
2206 5670 2391 5737 τυχεῖν
2438 5670 2593 5723 abest
2625 5683 2654 5720 a
2692 5664 2857 5721 Basil.
2893 5667 2988 5721 Gr.
3066 5668 3109 5697 "
3142 5666 3486 5737 ce_abcst_ab
3507 5679 3603 5737 c9-

321 5738 452 5794 dem
488 5747 542 5794 et
566 5736 755 5807 Steph.
829 5737 869 5805 ξ’
910 5736 1348 5808 μεταλαγχὰνων.
1388 5735 1573 5791 Iidem.
1626 5735 2044 5806 ’Δποτυγχὰνων
2077 5733 2307 5807 Nicepli.
2389 5737 2430 5769 ⁸³
2458 5738 2741 5794 Artirulus
2760 5738 2915 5794 abest
2943 5752 2971 5792 a
3004 5735 3263 5793 Basil.Gr
3316 5743 3371 5792 et
3401 5733 3598 5805 Steph.
