  <div class='ocr_page' id='page_1' title='image "/cluster/home/n/w/nwhite01/storage/ocr_20150623/82:no.3/coo.31924054869833/635.png"; bbox 0 0 4124 6432; ppageno 0'>
   <div class='ocr_carea' id='block_1_1' title="bbox 986 294 1025 311">
    <p class='ocr_par' dir='ltr' id='par_1_1' title="bbox 986 294 1025 311">
     <span class='ocr_line' id='line_1_1' title="bbox 986 294 1025 311; baseline 0 -4"><span class='ocrx_word' id='word_1_1' title='bbox 986 294 1025 311; x_wconf 56' lang='grc' dir='ltr'>,κ-</span> 
     </span>
    </p>
   </div>
   <div class='ocr_carea' id='block_1_2' title="bbox 535 384 673 451">
    <p class='ocr_par' dir='ltr' id='par_1_2' title="bbox 535 384 673 451">
     <span class='ocr_line' id='line_1_2' title="bbox 535 384 673 451; baseline 0 0"><span class='ocrx_word' id='word_1_2' title='bbox 535 384 673 451; x_wconf 82' lang='grc'><strong>1255</strong></span> 
     </span>
    </p>
   </div>
   <div class='ocr_carea' id='block_1_3' title="bbox 1526 370 2781 437">
    <p class='ocr_par' dir='ltr' id='par_1_3' title="bbox 1526 370 2781 437">
     <span class='ocr_line' id='line_1_3' title="bbox 1526 370 2781 437; baseline -0.001 -1"><span class='ocrx_word' id='word_1_3' title='bbox 1526 372 2017 437; x_wconf 78' lang='lat' dir='ltr'><strong>THEODORETI</strong></span> <span class='ocrx_word' id='word_1_4' title='bbox 2042 370 2385 433; x_wconf 85' lang='lat' dir='ltr'><strong>EPISCOPI</strong></span> <span class='ocrx_word' id='word_1_5' title='bbox 2416 372 2781 435; x_wconf 80' lang='lat' dir='ltr'><strong>CYRENSIS</strong></span> 
     </span>
    </p>
   </div>
   <div class='ocr_carea' id='block_1_4' title="bbox 3672 369 3823 429">
    <p class='ocr_par' dir='ltr' id='par_1_4' title="bbox 3672 369 3823 429">
     <span class='ocr_line' id='line_1_4' title="bbox 3672 369 3823 429; baseline 0.013 -4"><span class='ocrx_word' id='word_1_6' title='bbox 3672 369 3823 429; x_wconf 73' lang='grc'><strong>1236</strong></span> 
     </span>
    </p>
   </div>
   <div class='ocr_carea' id='block_1_5' title="bbox 536 475 2125 563">
    <p class='ocr_par' dir='ltr' id='par_1_5' title="bbox 536 484 2112 563">
     <span class='ocr_line' id='line_1_5' title="bbox 536 484 2112 563; baseline -0.008 -12"><span class='ocrx_word' id='word_1_7' title='bbox 536 495 731 551; x_wconf 83' lang='lat' dir='ltr'><strong>hostes</strong></span> <span class='ocrx_word' id='word_1_8' title='bbox 788 489 1070 563; x_wconf 74' lang='lat' dir='ltr'><strong>fugantur,</strong></span> <span class='ocrx_word' id='word_1_9' title='bbox 1119 499 1174 545; x_wconf 90' lang='lat' dir='ltr'><strong>et</strong></span> <span class='ocrx_word' id='word_1_10' title='bbox 1217 499 1418 559; x_wconf 65' lang='lat' dir='ltr'><strong>tropaea</strong></span> <span class='ocrx_word' id='word_1_11' title='bbox 1449 489 1757 557; x_wconf 84' lang='lat' dir='ltr'><strong>eriguntur,</strong></span> <span class='ocrx_word' id='word_1_12' title='bbox 1788 496 1844 540; x_wconf 87' lang='lat' dir='ltr'><strong>et</strong></span> <span class='ocrx_word' id='word_1_13' title='bbox 1884 484 2112 538; x_wconf 87' lang='lat' dir='ltr'><strong>victoria</strong></span> 
     </span>
    </p>
   </div>
   <div class='ocr_carea' id='block_1_6' title="bbox 2226 475 3807 563">
    <p class='ocr_par' dir='ltr' id='par_1_6' title="bbox 2226 475 3807 557">
     <span class='ocr_line' id='line_1_6' title="bbox 2226 475 3807 557; baseline 0.003 -23"><span class='ocrx_word' id='word_1_14' title='bbox 2226 483 2424 549; x_wconf 69' lang='grc' dir='ltr'>λύεται,</span> <span class='ocrx_word' id='word_1_15' title='bbox 2455 485 2549 538; x_wconf 70' lang='grc' dir='ltr'>καὶ</span> <span class='ocrx_word' id='word_1_16' title='bbox 2575 486 2825 557; x_wconf 80' lang='grc' dir='ltr'>πολέμιοι</span> <span class='ocrx_word' id='word_1_17' title='bbox 2858 485 3172 557; x_wconf 78' lang='grc' dir='ltr'>τρέπονται,</span> <span class='ocrx_word' id='word_1_18' title='bbox 3206 485 3301 539; x_wconf 73' lang='grc' dir='ltr'>καὶ</span> <span class='ocrx_word' id='word_1_19' title='bbox 3333 475 3644 539; x_wconf 74' lang='grc' dir='ltr'>άνίσταντᾶ.</span> <span class='ocrx_word' id='word_1_20' title='bbox 3684 490 3807 541; x_wconf 66' lang='grc' dir='ltr'><strong>τοὺ-</strong></span> 
     </span>
    </p>
   </div>
   <div class='ocr_carea' id='block_1_7' title="bbox 529 572 2125 656">
    <p class='ocr_par' dir='ltr' id='par_1_7' title="bbox 529 579 2113 656">
     <span class='ocr_line' id='line_1_7' title="bbox 529 579 2113 656; baseline -0.005 -17"><span class='ocrx_word' id='word_1_21' title='bbox 529 581 908 656; x_wconf 82' lang='lat' dir='ltr'><strong>dispensatur.</strong></span> <span class='ocrx_word' id='word_1_22' title='bbox 964 603 983 637; x_wconf 71' lang='grc' dir='ltr'><strong>ι</strong></span> <span class='ocrx_word' id='word_1_23' title='bbox 1034 582 1162 637; x_wconf 68' lang='lat' dir='ltr'><strong>Ilaec</strong></span> <span class='ocrx_word' id='word_1_24' title='bbox 1217 582 1310 635; x_wconf 90' lang='lat' dir='ltr'><strong>ille</strong></span> <span class='ocrx_word' id='word_1_25' title='bbox 1366 579 1574 633; x_wconf 86' lang='lat' dir='ltr'><strong>monita</strong></span> <span class='ocrx_word' id='word_1_26' title='bbox 1630 579 1758 633; x_wconf 91' lang='lat' dir='ltr'><strong>liliis</strong></span> <span class='ocrx_word' id='word_1_27' title='bbox 1810 590 2113 648; x_wconf 85' lang='lat' dir='ltr'><strong>suggerens</strong></span> 
     </span>
    </p>
   </div>
   <div class='ocr_carea' id='block_1_8' title="bbox 2226 572 3807 656">
    <p class='ocr_par' dir='ltr' id='par_1_8' title="bbox 2226 572 3807 647">
     <span class='ocr_line' id='line_1_8' title="bbox 2226 572 3807 647; baseline 0.002 -21"><span class='ocrx_word' id='word_1_28' title='bbox 2226 592 2379 636; x_wconf 85' lang='grc' dir='ltr'>παια,</span> <span class='ocrx_word' id='word_1_29' title='bbox 2421 576 2516 628; x_wconf 70' lang='grc' dir='ltr'>καὶ</span> <span class='ocrx_word' id='word_1_30' title='bbox 2569 575 2692 646; x_wconf 91' lang='grc' dir='ltr'>νίκη</span> <span class='ocrx_word' id='word_1_31' title='bbox 2749 575 3095 647; x_wconf 82' lang='grc' dir='ltr'>βραϐεύεται.</span> <span class='ocrx_word' id='word_1_32' title='bbox 3138 594 3156 627; x_wconf 79' lang='grc' dir='ltr'>ι</span> <span class='ocrx_word' id='word_1_33' title='bbox 3206 576 3444 638; x_wconf 81' lang='grc' dir='ltr'>Ἐκεῖνος</span> <span class='ocrx_word' id='word_1_34' title='bbox 3492 573 3591 644; x_wconf 83' lang='grc' dir='ltr'>μὲν</span> <span class='ocrx_word' id='word_1_35' title='bbox 3632 572 3807 629; x_wconf 72' lang='grc' dir='ltr'>ταῦτα</span> 
     </span>
    </p>
   </div>
   <div class='ocr_carea' id='block_1_9' title="bbox 533 671 1667 743">
    <p class='ocr_par' dir='ltr' id='par_1_9' title="bbox 533 671 1667 743">
     <span class='ocr_line' id='line_1_9' title="bbox 533 671 1667 743; baseline -0.007 -11"><span class='ocrx_word' id='word_1_36' title='bbox 533 677 681 732; x_wconf 87' lang='lat' dir='ltr'><strong>diem</strong></span> <span class='ocrx_word' id='word_1_37' title='bbox 723 674 879 739; x_wconf 76' lang='lat' dir='ltr'><strong>obiit,</strong></span> <span class='ocrx_word' id='word_1_38' title='bbox 922 673 1217 729; x_wconf 89' lang='lat' dir='ltr'><strong>immortali</strong></span> <span class='ocrx_word' id='word_1_39' title='bbox 1244 671 1419 743; x_wconf 78' lang='lat' dir='ltr'><strong>gloria</strong></span> <span class='ocrx_word' id='word_1_40' title='bbox 1456 671 1667 725; x_wconf 87' lang='lat' dir='ltr'><strong>relicta.</strong></span> 
     </span>
    </p>
   </div>
   <div class='ocr_carea' id='block_1_10' title="bbox 604 834 2114 925">
    <p class='ocr_par' dir='ltr' id='par_1_10' title="bbox 604 834 2114 925">
     <span class='ocr_line' id='line_1_10' title="bbox 604 834 2114 925; baseline -0.006 -18"><span class='ocrx_word' id='word_1_41' title='bbox 604 851 726 925; x_wconf 87' lang='lat' dir='ltr'><strong>[Ch.</strong></span> <span class='ocrx_word' id='word_1_42' title='bbox 762 850 881 923; x_wconf 79' lang='lat'><strong>26.]</strong></span> <span class='ocrx_word' id='word_1_43' title='bbox 930 849 1150 919; x_wconf 90' lang='lat' dir='ltr'><strong>Imperii</strong></span> <span class='ocrx_word' id='word_1_44' title='bbox 1211 862 1380 919; x_wconf 87' lang='lat' dir='ltr'><strong>porro</strong></span> <span class='ocrx_word' id='word_1_45' title='bbox 1451 834 1831 906; x_wconf 83' lang='lat' dir='ltr'><strong>successores,</strong></span> <span class='ocrx_word' id='word_1_46' title='bbox 1891 841 2114 913; x_wconf 90' lang='lat' dir='ltr'><strong>pietatis</strong></span> 
     </span>
    </p>
   </div>
   <div class='ocr_carea' id='block_1_11' title="bbox 533 941 1308 1016">
    <p class='ocr_par' dir='ltr' id='par_1_11' title="bbox 533 941 1308 1016">
     <span class='ocr_line' id='line_1_11' title="bbox 533 941 1308 1016; baseline -0.01 -16"><span class='ocrx_word' id='word_1_47' title='bbox 533 955 754 1016; x_wconf 74' lang='lat' dir='ltr'><strong>qquue</strong></span> <span class='ocrx_word' id='word_1_48' title='bbox 789 944 1031 998; x_wconf 77' lang='lat' dir='ltr'><strong>hmredes</strong></span> <span class='ocrx_word' id='word_1_49' title='bbox 1064 941 1308 995; x_wconf 74' lang='lat' dir='ltr'><strong>fuerunt.</strong></span> 
     </span>
    </p>
   </div>
   <div class='ocr_carea' id='block_1_12' title="bbox 777 1025 1864 1103">
    <p class='ocr_par' dir='ltr' id='par_1_12' title="bbox 777 1025 1864 1103">
     <span class='ocr_line' id='line_1_12' title="bbox 777 1025 1864 1103; baseline -0.008 -14"><span class='ocrx_word' id='word_1_50' title='bbox 777 1039 795 1053; x_wconf 67' lang='grc' dir='ltr'><strong>ν</strong></span> <span class='ocrx_word' id='word_1_51' title='bbox 821 1032 977 1088; x_wconf 81' lang='lat' dir='ltr'><strong>CAP.</strong></span> <span class='ocrx_word' id='word_1_52' title='bbox 1008 1031 1201 1086; x_wconf 73' lang='lat' dir='ltr'><strong>xxvr.</strong></span> <span class='ocrx_word' id='word_1_53' title='bbox 1240 1029 1343 1103; x_wconf 77' lang='grc' dir='ltr'><strong>[Β.</strong></span> <span class='ocrx_word' id='word_1_54' title='bbox 1376 1029 1458 1083; x_wconf 89' lang='lat' dir='ltr'><strong>St.</strong></span> <span class='ocrx_word' id='word_1_55' title='bbox 1495 1029 1559 1084; x_wconf 78' lang='grc' dir='ltr'><strong>ν.</strong></span> <span class='ocrx_word' id='word_1_56' title='bbox 1591 1028 1692 1083; x_wconf 89' lang='lat' dir='ltr'><strong>Cb.</strong></span> <span class='ocrx_word' id='word_1_57' title='bbox 1733 1025 1864 1098; x_wconf 75' lang='lat'><strong>26.]</strong></span> 
     </span>
    </p>
   </div>
   <div class='ocr_carea' id='block_1_13' title="bbox 600 1115 2039 1193">
    <p class='ocr_par' dir='ltr' id='par_1_13' title="bbox 600 1115 2039 1193">
     <span class='ocr_line' id='line_1_13' title="bbox 600 1115 2039 1193; baseline -0.006 -15"><span class='ocrx_word' id='word_1_58' title='bbox 600 1124 679 1179; x_wconf 83' lang='lat' dir='ltr'><strong>De</strong></span> <span class='ocrx_word' id='word_1_59' title='bbox 697 1125 937 1181; x_wconf 81' lang='lat' dir='ltr'><strong>Honorio</strong></span> <span class='ocrx_word' id='word_1_60' title='bbox 966 1124 1307 1193; x_wconf 72' lang='lat' dir='ltr'><strong>imperatore,</strong></span> <span class='ocrx_word' id='word_1_61' title='bbox 1333 1130 1384 1175; x_wconf 85' lang='lat' dir='ltr'><strong>et</strong></span> <span class='ocrx_word' id='word_1_62' title='bbox 1418 1119 1729 1176; x_wconf 77' lang='lat' dir='ltr'><strong>Telemacho</strong></span> <span class='ocrx_word' id='word_1_63' title='bbox 1760 1115 2039 1172; x_wconf 83' lang='lat' dir='ltr'><strong>monacho.</strong></span> 
     </span>
    </p>
   </div>
   <div class='ocr_carea' id='block_1_14' title="bbox 602 1280 2115 1354">
    <p class='ocr_par' dir='ltr' id='par_1_14' title="bbox 602 1280 2115 1354">
     <span class='ocr_line' id='line_1_14' title="bbox 602 1280 2115 1354; baseline -0.005 -12"><span class='ocrx_word' id='word_1_64' title='bbox 602 1285 882 1342; x_wconf 80' lang='lat' dir='ltr'><strong>Honorius</strong></span> <span class='ocrx_word' id='word_1_65' title='bbox 941 1284 1240 1354; x_wconf 73' lang='lat' dir='ltr'><strong>siquidem,</strong></span> <span class='ocrx_word' id='word_1_66' title='bbox 1281 1282 1377 1351; x_wconf 92' lang='lat' dir='ltr'><strong>qui</strong></span> <span class='ocrx_word' id='word_1_67' title='bbox 1418 1280 1650 1352; x_wconf 66' lang='lat' dir='ltr'><strong>Europae</strong></span> <span class='ocrx_word' id='word_1_68' title='bbox 1711 1282 1945 1337; x_wconf 88' lang='lat' dir='ltr'><strong>sortitus</strong></span> <span class='ocrx_word' id='word_1_69' title='bbox 1994 1289 2115 1336; x_wconf 89' lang='lat' dir='ltr'><strong>erat</strong></span> 
     </span>
    </p>
   </div>
   <div class='ocr_carea' id='block_1_15' title="bbox 529 1373 2112 1448">
    <p class='ocr_par' dir='ltr' id='par_1_15' title="bbox 529 1373 2112 1448">
     <span class='ocr_line' id='line_1_15' title="bbox 529 1373 2112 1448; baseline -0.005 -13"><span class='ocrx_word' id='word_1_70' title='bbox 529 1380 842 1448; x_wconf 83' lang='lat' dir='ltr'><strong>imperium,</strong></span> <span class='ocrx_word' id='word_1_71' title='bbox 881 1376 1210 1448; x_wconf 85' lang='lat' dir='ltr'><strong>gladiatoria</strong></span> <span class='ocrx_word' id='word_1_72' title='bbox 1242 1375 1569 1438; x_wconf 78' lang='lat' dir='ltr'><strong>certamina,</strong></span> <span class='ocrx_word' id='word_1_73' title='bbox 1604 1389 1729 1444; x_wconf 70' lang='lat' dir='ltr'><strong>quae</strong></span> <span class='ocrx_word' id='word_1_74' title='bbox 1766 1374 1951 1429; x_wconf 63' lang='lat' dir='ltr'><strong>Romae</strong></span> <span class='ocrx_word' id='word_1_75' title='bbox 1996 1373 2112 1428; x_wconf 83' lang='lat' dir='ltr'><strong>ﬁeri</strong></span> 
     </span>
    </p>
   </div>
   <div class='ocr_carea' id='block_1_16' title="bbox 531 1465 2113 1534">
    <p class='ocr_par' dir='ltr' id='par_1_16' title="bbox 531 1465 2113 1534">
     <span class='ocr_line' id='line_1_16' title="bbox 531 1465 2113 1534; baseline -0.006 -7"><span class='ocrx_word' id='word_1_76' title='bbox 531 1471 806 1533; x_wconf 86' lang='lat' dir='ltr'><strong>solebant,</strong></span> <span class='ocrx_word' id='word_1_77' title='bbox 840 1470 935 1523; x_wconf 90' lang='lat' dir='ltr'><strong>tali</strong></span> <span class='ocrx_word' id='word_1_78' title='bbox 989 1468 1286 1523; x_wconf 83' lang='lat' dir='ltr'><strong>occasione</strong></span> <span class='ocrx_word' id='word_1_79' title='bbox 1321 1467 1563 1521; x_wconf 88' lang='lat' dir='ltr'><strong>sustulit.</strong></span> <span class='ocrx_word' id='word_1_80' title='bbox 1604 1465 1966 1520; x_wconf 75' lang='lat' dir='ltr'><strong>Telemachus</strong></span> <span class='ocrx_word' id='word_1_81' title='bbox 1992 1465 2113 1534; x_wconf 91' lang='lat' dir='ltr'><strong>qui-</strong></span> 
     </span>
    </p>
   </div>
   <div class='ocr_carea' id='block_1_17' title="bbox 531 1554 2110 1630">
    <p class='ocr_par' dir='ltr' id='par_1_17' title="bbox 531 1554 2110 1630">
     <span class='ocr_line' id='line_1_17' title="bbox 531 1554 2110 1630; baseline -0.004 -15"><span class='ocrx_word' id='word_1_82' title='bbox 531 1563 683 1627; x_wconf 86' lang='lat' dir='ltr'><strong>dam,</strong></span> <span class='ocrx_word' id='word_1_83' title='bbox 715 1563 881 1614; x_wconf 88' lang='lat' dir='ltr'><strong>vitam</strong></span> <span class='ocrx_word' id='word_1_84' title='bbox 907 1574 1075 1630; x_wconf 85' lang='lat' dir='ltr'><strong>agens</strong></span> <span class='ocrx_word' id='word_1_85' title='bbox 1101 1559 1421 1622; x_wconf 75' lang='lat' dir='ltr'><strong>asceticam,</strong></span> <span class='ocrx_word' id='word_1_86' title='bbox 1452 1559 1520 1611; x_wconf 88' lang='lat' dir='ltr'><strong>ab</strong></span> <span class='ocrx_word' id='word_1_87' title='bbox 1548 1554 1772 1610; x_wconf 83' lang='lat' dir='ltr'><strong>Oriente</strong></span> <span class='ocrx_word' id='word_1_88' title='bbox 1808 1554 2110 1625; x_wconf 79' lang='lat' dir='ltr'><strong>profectus,</strong></span> 
     </span>
    </p>
   </div>
   <div class='ocr_carea' id='block_1_18' title="bbox 531 1646 2116 1715">
    <p class='ocr_par' dir='ltr' id='par_1_18' title="bbox 531 1646 2116 1715">
     <span class='ocr_line' id='line_1_18' title="bbox 531 1646 2116 1715; baseline -0.004 -10"><span class='ocrx_word' id='word_1_89' title='bbox 531 1650 762 1707; x_wconf 76' lang='lat' dir='ltr'><strong>Ruinam</strong></span> <span class='ocrx_word' id='word_1_90' title='bbox 795 1652 897 1704; x_wconf 89' lang='lat' dir='ltr'><strong>bac</strong></span> <span class='ocrx_word' id='word_1_91' title='bbox 922 1651 990 1704; x_wconf 88' lang='lat' dir='ltr'><strong>de</strong></span> <span class='ocrx_word' id='word_1_92' title='bbox 1018 1664 1185 1704; x_wconf 87' lang='lat' dir='ltr'><strong>causa</strong></span> <span class='ocrx_word' id='word_1_93' title='bbox 1219 1654 1466 1703; x_wconf 85' lang='lat' dir='ltr'><strong>venerat.</strong></span> <span class='ocrx_word' id='word_1_94' title='bbox 1501 1648 1551 1702; x_wconf 91' lang='lat' dir='ltr'><strong>ls</strong></span> <span class='ocrx_word' id='word_1_95' title='bbox 1573 1661 1684 1715; x_wconf 86' lang='lat' dir='ltr'><strong>quo</strong></span> <span class='ocrx_word' id='word_1_96' title='bbox 1717 1654 1961 1715; x_wconf 88' lang='lat' dir='ltr'><strong>tempore</strong></span> <span class='ocrx_word' id='word_1_97' title='bbox 1990 1646 2116 1699; x_wconf 84' lang='lat' dir='ltr'><strong>bor-</strong></span> 
     </span>
    </p>
   </div>
   <div class='ocr_carea' id='block_1_19' title="bbox 534 1737 2114 1811">
    <p class='ocr_par' dir='ltr' id='par_1_19' title="bbox 534 1737 2114 1811">
     <span class='ocr_line' id='line_1_19' title="bbox 534 1737 2114 1811; baseline -0.006 -12"><span class='ocrx_word' id='word_1_98' title='bbox 534 1744 767 1799; x_wconf 87' lang='lat' dir='ltr'><strong>rcndum</strong></span> <span class='ocrx_word' id='word_1_99' title='bbox 815 1743 948 1797; x_wconf 91' lang='lat' dir='ltr'><strong>illud</strong></span> <span class='ocrx_word' id='word_1_100' title='bbox 1000 1742 1377 1811; x_wconf 86' lang='lat' dir='ltr'><strong>spectaculum</strong></span> <span class='ocrx_word' id='word_1_101' title='bbox 1423 1738 1712 1803; x_wconf 81' lang='lat' dir='ltr'><strong>edebatur,</strong></span> <span class='ocrx_word' id='word_1_102' title='bbox 1761 1737 1999 1791; x_wconf 85' lang='lat' dir='ltr'><strong>stadium</strong></span> <span class='ocrx_word' id='word_1_103' title='bbox 2029 1737 2114 1790; x_wconf 90' lang='lat' dir='ltr'><strong>in-</strong></span> 
     </span>
    </p>
   </div>
   <div class='ocr_carea' id='block_1_20' title="bbox 2213 665 3804 738">
    <p class='ocr_par' dir='ltr' id='par_1_20' title="bbox 2213 665 3804 738">
     <span class='ocr_line' id='line_1_20' title="bbox 2213 665 3804 738; baseline -0.002 -19"><span class='ocrx_word' id='word_1_104' title='bbox 2213 669 2327 730; x_wconf 82' lang='grc' dir='ltr'>τοῖς</span> <span class='ocrx_word' id='word_1_105' title='bbox 2347 668 2502 720; x_wconf 66' lang='grc' dir='ltr'>παισὶ</span> <span class='ocrx_word' id='word_1_106' title='bbox 2538 667 2872 738; x_wconf 76' lang='grc' dir='ltr'><strong>παραινέσας</strong></span> <span class='ocrx_word' id='word_1_107' title='bbox 2904 666 3276 737; x_wconf 78' lang='grc' dir='ltr'>ἐτελεύτησεν,</span> <span class='ocrx_word' id='word_1_108' title='bbox 3307 665 3632 737; x_wconf 77' lang='grc' dir='ltr'><strong>ἀείμνηστον</strong></span> <span class='ocrx_word' id='word_1_109' title='bbox 3649 665 3804 728; x_wconf 82' lang='grc' dir='ltr'>κλέος</span> 
     </span>
    </p>
   </div>
   <div class='ocr_carea' id='block_1_21' title="bbox 2217 756 2555 810">
    <p class='ocr_par' dir='ltr' id='par_1_21' title="bbox 2217 756 2555 810">
     <span class='ocr_line' id='line_1_21' title="bbox 2217 756 2555 810; baseline 0 0"><span class='ocrx_word' id='word_1_110' title='bbox 2217 756 2389 810; x_wconf 82' lang='grc' dir='ltr'>καταλ</span> <span class='ocrx_word' id='word_1_111' title='bbox 2395 776 2411 809; x_wconf 96' lang='grc' dir='ltr'><strong>ι</strong></span> <span class='ocrx_word' id='word_1_112' title='bbox 2417 757 2532 809; x_wconf 83' lang='grc' dir='ltr'>πὼν</span> <span class='ocrx_word' id='word_1_113' title='bbox 2541 797 2555 810; x_wconf 93' lang='grc'>.</span> 
     </span>
    </p>
   </div>
   <div class='ocr_carea' id='block_1_22' title="bbox 2285 844 3805 919">
    <p class='ocr_par' dir='ltr' id='par_1_22' title="bbox 2285 844 3805 919">
     <span class='ocr_line' id='line_1_22' title="bbox 2285 844 3805 919; baseline -0.001 -18"><span class='ocrx_word' id='word_1_114' title='bbox 2285 849 2349 902; x_wconf 84' lang='grc' dir='ltr'>Οί</span> <span class='ocrx_word' id='word_1_115' title='bbox 2377 848 2435 900; x_wconf 80' lang='grc' dir='ltr'>δὲ</span> <span class='ocrx_word' id='word_1_116' title='bbox 2480 847 2580 917; x_wconf 78' lang='grc' dir='ltr'>τῆς</span> <span class='ocrx_word' id='word_1_117' title='bbox 2640 846 2917 918; x_wconf 77' lang='grc' dir='ltr'>βασιλείας</span> <span class='ocrx_word' id='word_1_118' title='bbox 2959 846 3213 918; x_wconf 84' lang='grc' dir='ltr'><strong>διάδοχοι,</strong></span> <span class='ocrx_word' id='word_1_119' title='bbox 3258 847 3476 919; x_wconf 77' lang='grc' dir='ltr'>καὶτῆς</span> <span class='ocrx_word' id='word_1_120' title='bbox 3517 844 3805 908; x_wconf 76' lang='grc' dir='ltr'>εὐσεϐείας</span> 
     </span>
    </p>
   </div>
   <div class='ocr_carea' id='block_1_23' title="bbox 2216 937 2850 1009">
    <p class='ocr_par' dir='ltr' id='par_1_23' title="bbox 2216 937 2850 1009">
     <span class='ocr_line' id='line_1_23' title="bbox 2216 937 2850 1009; baseline 0.002 -17"><span class='ocrx_word' id='word_1_121' title='bbox 2216 937 2474 1006; x_wconf 76' lang='grc' dir='ltr'>ἐγένοντο</span> <span class='ocrx_word' id='word_1_122' title='bbox 2504 938 2850 1009; x_wconf 78' lang='grc' dir='ltr'><strong>κληρονόμοι.</strong></span> 
     </span>
    </p>
   </div>
   <div class='ocr_carea' id='block_1_24' title="bbox 2791 1030 3220 1098">
    <p class='ocr_par' dir='ltr' id='par_1_24' title="bbox 2791 1030 3220 1098">
     <span class='ocr_line' id='line_1_24' title="bbox 2791 1030 3220 1098; baseline 0 -14"><span class='ocrx_word' id='word_1_123' title='bbox 2791 1030 3047 1084; x_wconf 76' lang='grc' dir='ltr'>ΚΕΦΛΛ.</span> <span class='ocrx_word' id='word_1_124' title='bbox 3075 1032 3220 1098; x_wconf 70' lang='grc' dir='ltr'>κεῖν.</span> 
     </span>
    </p>
   </div>
   <div class='ocr_carea' id='block_1_25' title="bbox 2214 1105 3833 1193">
    <p class='ocr_par' dir='ltr' id='par_1_25' title="bbox 2214 1105 3833 1193">
     <span class='ocr_line' id='line_1_25' title="bbox 2214 1105 3833 1193; baseline 0.001 -18"><span class='ocrx_word' id='word_1_125' title='bbox 2214 1120 2356 1189; x_wconf 79' lang='grc' dir='ltr'>Περὶ</span> <span class='ocrx_word' id='word_1_126' title='bbox 2428 1122 2705 1191; x_wconf 74' lang='grc' dir='ltr'>Ὀνωρίου</span> <span class='ocrx_word' id='word_1_127' title='bbox 2757 1122 2866 1175; x_wconf 87' lang='grc' dir='ltr'>τοῦ</span> <span class='ocrx_word' id='word_1_128' title='bbox 2907 1123 3240 1189; x_wconf 74' lang='grc' dir='ltr'>βασιλέως,</span> <span class='ocrx_word' id='word_1_129' title='bbox 3294 1122 3389 1177; x_wconf 79' lang='grc' dir='ltr'>καὶ</span> <span class='ocrx_word' id='word_1_130' title='bbox 3454 1105 3833 1193; x_wconf 53' lang='grc' dir='ltr'>Τηλεμάχοα</span> 
     </span>
    </p>
   </div>
   <div class='ocr_carea' id='block_1_26' title="bbox 2805 1192 3195 1262">
    <p class='ocr_par' dir='ltr' id='par_1_26' title="bbox 2805 1192 3195 1262">
     <span class='ocr_line' id='line_1_26' title="bbox 2805 1192 3195 1262; baseline 0.005 -16"><span class='ocrx_word' id='word_1_131' title='bbox 2805 1192 3195 1262; x_wconf 75' lang='grc' dir='ltr'>μονάζοντος.</span> 
     </span>
    </p>
   </div>
   <div class='ocr_carea' id='block_1_27' title="bbox 2295 1282 3811 1357">
    <p class='ocr_par' dir='ltr' id='par_1_27' title="bbox 2295 1282 3811 1357">
     <span class='ocr_line' id='line_1_27' title="bbox 2295 1282 3811 1357; baseline 0 -21"><span class='ocrx_word' id='word_1_132' title='bbox 2295 1282 2553 1356; x_wconf 83' lang='grc' dir='ltr'>Ὀνώριος</span> <span class='ocrx_word' id='word_1_133' title='bbox 2586 1286 2686 1356; x_wconf 81' lang='grc' dir='ltr'>μὲν</span> <span class='ocrx_word' id='word_1_134' title='bbox 2722 1286 2854 1357; x_wconf 79' lang='grc' dir='ltr'>γὰρ,</span> <span class='ocrx_word' id='word_1_135' title='bbox 2890 1288 2919 1339; x_wconf 82' lang='grc' dir='ltr'>ὁ</span> <span class='ocrx_word' id='word_1_136' title='bbox 2950 1286 3051 1356; x_wconf 82' lang='grc' dir='ltr'>τῆς</span> <span class='ocrx_word' id='word_1_137' title='bbox 3076 1284 3349 1356; x_wconf 80' lang='grc' dir='ltr'><strong>Εὐρώπης</strong></span> <span class='ocrx_word' id='word_1_138' title='bbox 3379 1286 3481 1356; x_wconf 80' lang='grc' dir='ltr'>τὴν</span> <span class='ocrx_word' id='word_1_139' title='bbox 3531 1284 3811 1356; x_wconf 87' lang='grc' dir='ltr'>βασιλείαν</span> 
     </span>
    </p>
   </div>
   <div class='ocr_carea' id='block_1_28' title="bbox 2214 1375 3811 1449">
    <p class='ocr_par' dir='ltr' id='par_1_28' title="bbox 2214 1375 3811 1449">
     <span class='ocr_line' id='line_1_28' title="bbox 2214 1375 3811 1449; baseline 0.001 -21"><span class='ocrx_word' id='word_1_140' title='bbox 2214 1375 2507 1447; x_wconf 81' lang='grc' dir='ltr'>δεξάμενος</span> <span class='ocrx_word' id='word_1_141' title='bbox 2523 1386 2545 1441; x_wconf 90' lang='grc'>,’</span> <span class='ocrx_word' id='word_1_142' title='bbox 2564 1379 2664 1442; x_wconf 81' lang='grc' dir='ltr'>τὰς</span> <span class='ocrx_word' id='word_1_143' title='bbox 2696 1382 2752 1432; x_wconf 84' lang='grc' dir='ltr'><strong>ὲν</strong></span> <span class='ocrx_word' id='word_1_144' title='bbox 2793 1378 2983 1449; x_wconf 84' lang='grc' dir='ltr'><strong>Ῥώμῃ</strong></span> <span class='ocrx_word' id='word_1_145' title='bbox 3028 1377 3195 1431; x_wconf 83' lang='grc' dir='ltr'>πάλαι</span> <span class='ocrx_word' id='word_1_146' title='bbox 3233 1379 3525 1448; x_wconf 81' lang='grc' dir='ltr'>γινομένας</span> <span class='ocrx_word' id='word_1_147' title='bbox 3566 1394 3811 1449; x_wconf 83' lang='grc' dir='ltr'>μονομα-</span> 
     </span>
    </p>
   </div>
   <div class='ocr_carea' id='block_1_29' title="bbox 2214 1467 3808 1541">
    <p class='ocr_par' dir='ltr' id='par_1_29' title="bbox 2214 1467 3808 1541">
     <span class='ocr_line' id='line_1_29' title="bbox 2214 1467 3808 1541; baseline -0.001 -21"><span class='ocrx_word' id='word_1_148' title='bbox 2214 1468 2338 1538; x_wconf 85' lang='grc' dir='ltr'><strong>χίας</strong></span> <span class='ocrx_word' id='word_1_149' title='bbox 2381 1470 2696 1533; x_wconf 76' lang='grc' dir='ltr'><strong>κατέλυσεν,</strong></span> <span class='ocrx_word' id='word_1_150' title='bbox 2735 1468 2988 1541; x_wconf 76' lang='grc' dir='ltr'>ἀφόρμὴν</span> <span class='ocrx_word' id='word_1_151' title='bbox 3037 1470 3248 1523; x_wconf 76' lang='grc' dir='ltr'><strong>τοιάνδε</strong></span> <span class='ocrx_word' id='word_1_152' title='bbox 3294 1470 3336 1501; x_wconf 76' lang='grc'><strong>⁸⁸</strong></span> <span class='ocrx_word' id='word_1_153' title='bbox 3381 1469 3583 1526; x_wconf 75' lang='grc' dir='ltr'>λαϐὼν.</span> <span class='ocrx_word' id='word_1_154' title='bbox 3632 1467 3808 1539; x_wconf 84' lang='grc' dir='ltr'><strong>Τηλέ-</strong></span> 
     </span>
    </p>
   </div>
   <div class='ocr_carea' id='block_1_30' title="bbox 2219 1555 3807 1628">
    <p class='ocr_par' dir='ltr' id='par_1_30' title="bbox 2219 1555 3807 1628">
     <span class='ocr_line' id='line_1_30' title="bbox 2219 1555 3807 1628; baseline -0.001 -17"><span class='ocrx_word' id='word_1_155' title='bbox 2219 1557 2391 1628; x_wconf 80' lang='grc' dir='ltr'>μαχός</span> <span class='ocrx_word' id='word_1_156' title='bbox 2428 1557 2471 1588; x_wconf 87' lang='grc'><strong>¹⁶</strong></span> <span class='ocrx_word' id='word_1_157' title='bbox 2504 1575 2585 1621; x_wconf 86' lang='grc' dir='ltr'><strong>τις</strong></span> <span class='ocrx_word' id='word_1_158' title='bbox 2631 1555 2699 1627; x_wconf 74' lang='grc' dir='ltr'><strong>ἦν</strong></span> <span class='ocrx_word' id='word_1_159' title='bbox 2740 1559 2830 1613; x_wconf 71' lang='grc' dir='ltr'><strong>τὸν</strong></span> <span class='ocrx_word' id='word_1_160' title='bbox 2887 1558 3185 1626; x_wconf 72' lang='grc' dir='ltr'><strong>ἀσκητικὸν</strong></span> <span class='ocrx_word' id='word_1_161' title='bbox 3237 1559 3616 1627; x_wconf 79' lang='grc' dir='ltr'><strong>ἀσπαζόμενος</strong></span> <span class='ocrx_word' id='word_1_162' title='bbox 3672 1557 3807 1626; x_wconf 86' lang='grc' dir='ltr'>βίον.</span> 
     </span>
    </p>
   </div>
   <div class='ocr_carea' id='block_1_31' title="bbox 2221 1644 3812 1719">
    <p class='ocr_par' dir='ltr' id='par_1_31' title="bbox 2221 1644 3812 1719">
     <span class='ocr_line' id='line_1_31' title="bbox 2221 1644 3812 1719; baseline 0 -19"><span class='ocrx_word' id='word_1_163' title='bbox 2221 1644 2391 1709; x_wconf 70' lang='grc' dir='ltr'>Οὗτος</span> <span class='ocrx_word' id='word_1_164' title='bbox 2420 1647 2527 1700; x_wconf 69' lang='grc' dir='ltr'>ἀπὸ</span> <span class='ocrx_word' id='word_1_165' title='bbox 2556 1648 2653 1717; x_wconf 72' lang='grc' dir='ltr'>τῆς</span> <span class='ocrx_word' id='word_1_166' title='bbox 2697 1648 2870 1719; x_wconf 81' lang='grc' dir='ltr'>Ἐᾠας</span> <span class='ocrx_word' id='word_1_167' title='bbox 2895 1650 3136 1719; x_wconf 84' lang='grc' dir='ltr'>ἀπάρας,</span> <span class='ocrx_word' id='word_1_168' title='bbox 3166 1649 3259 1702; x_wconf 77' lang='grc' dir='ltr'>καὶ</span> <span class='ocrx_word' id='word_1_169' title='bbox 3304 1648 3493 1701; x_wconf 84' lang='grc' dir='ltr'>τούτου</span> <span class='ocrx_word' id='word_1_170' title='bbox 3525 1649 3683 1718; x_wconf 84' lang='grc' dir='ltr'>χάριν</span> <span class='ocrx_word' id='word_1_171' title='bbox 3709 1648 3812 1717; x_wconf 79' lang='grc' dir='ltr'>τὴν</span> 
     </span>
    </p>
   </div>
   <div class='ocr_carea' id='block_1_32' title="bbox 2228 1739 3812 1813">
    <p class='ocr_par' dir='ltr' id='par_1_32' title="bbox 2228 1739 3812 1813">
     <span class='ocr_line' id='line_1_32' title="bbox 2228 1739 3812 1813; baseline -0.001 -21"><span class='ocrx_word' id='word_1_172' title='bbox 2228 1739 2449 1810; x_wconf 81' lang='grc' dir='ltr'>Ῥώμην</span> <span class='ocrx_word' id='word_1_173' title='bbox 2471 1740 2817 1804; x_wconf 72' lang='grc' dir='ltr'>καταλαϐὼν,</span> <span class='ocrx_word' id='word_1_174' title='bbox 2846 1742 2943 1811; x_wconf 81' lang='grc' dir='ltr'>τῆς</span> <span class='ocrx_word' id='word_1_175' title='bbox 2990 1745 3240 1813; x_wconf 79' lang='grc' dir='ltr'>μυσαρᾶς</span> <span class='ocrx_word' id='word_1_176' title='bbox 3269 1741 3487 1810; x_wconf 75' lang='grc' dir='ltr'><strong>ἐκείνης</strong></span> <span class='ocrx_word' id='word_1_177' title='bbox 3531 1740 3812 1793; x_wconf 82' lang='grc' dir='ltr'>ἐπιτελου-</span> 
     </span>
    </p>
   </div>
   <div class='ocr_carea' id='block_1_33' title="bbox 535 1825 2125 1905">
    <p class='ocr_par' dir='ltr' id='par_1_33' title="bbox 535 1828 2115 1905">
     <span class='ocr_line' id='line_1_33' title="bbox 535 1828 2115 1905; baseline -0.004 -16"><span class='ocrx_word' id='word_1_178' title='bbox 535 1849 760 1905; x_wconf 71' lang='lat' dir='ltr'><strong>gressus</strong></span> <span class='ocrx_word' id='word_1_179' title='bbox 781 1873 795 1895; x_wconf 93' lang='lat'><strong>,</strong></span> <span class='ocrx_word' id='word_1_180' title='bbox 833 1841 887 1888; x_wconf 89' lang='lat' dir='ltr'><strong>et</strong></span> <span class='ocrx_word' id='word_1_181' title='bbox 926 1832 981 1886; x_wconf 89' lang='lat' dir='ltr'><strong>in</strong></span> <span class='ocrx_word' id='word_1_182' title='bbox 1012 1847 1234 1887; x_wconf 89' lang='lat' dir='ltr'><strong>arenam</strong></span> <span class='ocrx_word' id='word_1_183' title='bbox 1269 1829 1608 1885; x_wconf 83' lang='lat' dir='ltr'><strong>descendens</strong></span> <span class='ocrx_word' id='word_1_184' title='bbox 1629 1869 1646 1895; x_wconf 86' lang='lat'><strong>,</strong></span> <span class='ocrx_word' id='word_1_185' title='bbox 1678 1829 1850 1883; x_wconf 87' lang='lat' dir='ltr'><strong>armis</strong></span> <span class='ocrx_word' id='word_1_186' title='bbox 1881 1828 2022 1881; x_wconf 74' lang='lat' dir='ltr'><strong>inter</strong></span> <span class='ocrx_word' id='word_1_187' title='bbox 2055 1842 2115 1883; x_wconf 84' lang='lat' dir='ltr'><strong>se</strong></span> 
     </span>
    </p>
   </div>
   <div class='ocr_carea' id='block_1_34' title="bbox 2226 1825 3810 1905">
    <p class='ocr_par' dir='ltr' id='par_1_34' title="bbox 2226 1829 3810 1901">
     <span class='ocr_line' id='line_1_34' title="bbox 2226 1829 3810 1901; baseline 0.003 -23"><span class='ocrx_word' id='word_1_188' title='bbox 2226 1829 2392 1899; x_wconf 84' lang='grc' dir='ltr'>μένης</span> <span class='ocrx_word' id='word_1_189' title='bbox 2436 1829 2583 1894; x_wconf 84' lang='grc' dir='ltr'>θέας,</span> <span class='ocrx_word' id='word_1_190' title='bbox 2622 1831 2938 1901; x_wconf 78' lang='grc' dir='ltr'>εἰσελήλυθε</span> <span class='ocrx_word' id='word_1_191' title='bbox 2994 1833 3090 1884; x_wconf 68' lang='grc' dir='ltr'>καὶ</span> <span class='ocrx_word' id='word_1_192' title='bbox 3126 1832 3287 1894; x_wconf 72' lang='grc' dir='ltr'>αὐτὸς</span> <span class='ocrx_word' id='word_1_193' title='bbox 3342 1834 3426 1895; x_wconf 83' lang='grc' dir='ltr'><strong>είς</strong></span> <span class='ocrx_word' id='word_1_194' title='bbox 3468 1831 3526 1883; x_wconf 75' lang='grc' dir='ltr'>τὸ</span> <span class='ocrx_word' id='word_1_195' title='bbox 3571 1831 3810 1896; x_wconf 90' lang='grc' dir='ltr'>στάδιον,</span> 
     </span>
    </p>
   </div>
   <div class='ocr_carea' id='block_1_35' title="bbox 534 1919 2114 1996">
    <p class='ocr_par' dir='ltr' id='par_1_35' title="bbox 534 1919 2114 1996">
     <span class='ocr_line' id='line_1_35' title="bbox 534 1919 2114 1996; baseline -0.004 -17"><span class='ocrx_word' id='word_1_196' title='bbox 534 1934 847 1996; x_wconf 78' lang='lat' dir='ltr'><strong>pugnantes</strong></span> <span class='ocrx_word' id='word_1_197' title='bbox 887 1938 1239 1993; x_wconf 83' lang='lat' dir='ltr'><strong>compescere</strong></span> <span class='ocrx_word' id='word_1_198' title='bbox 1268 1931 1501 1976; x_wconf 85' lang='lat' dir='ltr'><strong>conatus</strong></span> <span class='ocrx_word' id='word_1_199' title='bbox 1520 1932 1624 1976; x_wconf 91' lang='lat' dir='ltr'><strong>est.</strong></span> <span class='ocrx_word' id='word_1_200' title='bbox 1659 1919 1814 1986; x_wconf 86' lang='lat' dir='ltr'><strong>Quod</strong></span> <span class='ocrx_word' id='word_1_201' title='bbox 1843 1920 2114 1990; x_wconf 75' lang='lat' dir='ltr'><strong>indignati</strong></span> 
     </span>
    </p>
   </div>
   <div class='ocr_carea' id='block_1_36' title="bbox 532 2010 2116 2082">
    <p class='ocr_par' dir='ltr' id='par_1_36' title="bbox 532 2010 2116 2082">
     <span class='ocr_line' id='line_1_36' title="bbox 532 2010 2116 2082; baseline -0.005 -12"><span class='ocrx_word' id='word_1_202' title='bbox 532 2024 774 2070; x_wconf 75' lang='lat' dir='ltr'><strong>cruenlze</strong></span> <span class='ocrx_word' id='word_1_203' title='bbox 799 2013 965 2068; x_wconf 62' lang='lat' dir='ltr'><strong>caedis</strong></span> <span class='ocrx_word' id='word_1_204' title='bbox 993 2020 1360 2082; x_wconf 86' lang='lat' dir='ltr'><strong>spectatores,</strong></span> <span class='ocrx_word' id='word_1_205' title='bbox 1392 2010 1769 2079; x_wconf 68' lang='lat' dir='ltr'><strong>damnatusque</strong></span> <span class='ocrx_word' id='word_1_206' title='bbox 1791 2048 1806 2071; x_wconf 91' lang='lat'><strong>,</strong></span> <span class='ocrx_word' id='word_1_207' title='bbox 1838 2010 1932 2079; x_wconf 88' lang='lat' dir='ltr'><strong>qui</strong></span> <span class='ocrx_word' id='word_1_208' title='bbox 1986 2024 2116 2063; x_wconf 88' lang='lat' dir='ltr'><strong>san-</strong></span> 
     </span>
    </p>
   </div>
   <div class='ocr_carea' id='block_1_37' title="bbox 533 2102 2114 2180">
    <p class='ocr_par' dir='ltr' id='par_1_37' title="bbox 533 2102 2114 2180">
     <span class='ocr_line' id='line_1_37' title="bbox 533 2102 2114 2180; baseline -0.007 -14"><span class='ocrx_word' id='word_1_209' title='bbox 533 2110 699 2180; x_wconf 79' lang='lat' dir='ltr'><strong>guine</strong></span> <span class='ocrx_word' id='word_1_210' title='bbox 732 2109 825 2162; x_wconf 92' lang='lat' dir='ltr'><strong>illo</strong></span> <span class='ocrx_word' id='word_1_211' title='bbox 854 2106 1257 2168; x_wconf 81' lang='lat' dir='ltr'><strong>delectabatur,</strong></span> <span class='ocrx_word' id='word_1_212' title='bbox 1293 2103 1478 2158; x_wconf 84' lang='lat' dir='ltr'><strong>furore</strong></span> <span class='ocrx_word' id='word_1_213' title='bbox 1528 2104 1765 2172; x_wconf 83' lang='lat' dir='ltr'><strong>perciti,</strong></span> <span class='ocrx_word' id='word_1_214' title='bbox 1813 2102 1963 2171; x_wconf 64' lang='lat' dir='ltr'><strong>pacis</strong></span> <span class='ocrx_word' id='word_1_215' title='bbox 2017 2117 2114 2155; x_wconf 86' lang='lat' dir='ltr'><strong>au-</strong></span> 
     </span>
    </p>
   </div>
   <div class='ocr_carea' id='block_1_38' title="bbox 533 2194 2116 2269">
    <p class='ocr_par' dir='ltr' id='par_1_38' title="bbox 533 2194 2116 2269">
     <span class='ocr_line' id='line_1_38' title="bbox 533 2194 2116 2269; baseline -0.004 -13"><span class='ocrx_word' id='word_1_216' title='bbox 533 2214 739 2256; x_wconf 86' lang='lat' dir='ltr'><strong>ctorem</strong></span> <span class='ocrx_word' id='word_1_217' title='bbox 772 2199 1048 2269; x_wconf 86' lang='lat' dir='ltr'><strong>lapidibus</strong></span> <span class='ocrx_word' id='word_1_218' title='bbox 1087 2199 1415 2252; x_wconf 89' lang='lat' dir='ltr'><strong>obruerunt.</strong></span> <span class='ocrx_word' id='word_1_219' title='bbox 1451 2194 1531 2251; x_wconf 84' lang='lat' dir='ltr'><strong>Re</strong></span> <span class='ocrx_word' id='word_1_220' title='bbox 1565 2196 1788 2263; x_wconf 83' lang='lat' dir='ltr'><strong>cognita</strong></span> <span class='ocrx_word' id='word_1_221' title='bbox 1820 2194 2116 2250; x_wconf 82' lang='lat' dir='ltr'><strong>laudabilis</strong></span> 
     </span>
    </p>
   </div>
   <div class='ocr_carea' id='block_1_39' title="bbox 534 2289 2116 2361">
    <p class='ocr_par' dir='ltr' id='par_1_39' title="bbox 534 2289 2116 2361">
     <span class='ocr_line' id='line_1_39' title="bbox 534 2289 2116 2361; baseline -0.004 -14"><span class='ocrx_word' id='word_1_222' title='bbox 534 2292 853 2361; x_wconf 86' lang='lat' dir='ltr'><strong>imperator,</strong></span> <span class='ocrx_word' id='word_1_223' title='bbox 889 2298 946 2345; x_wconf 90' lang='lat' dir='ltr'><strong>et</strong></span> <span class='ocrx_word' id='word_1_224' title='bbox 980 2289 1131 2344; x_wconf 87' lang='lat' dir='ltr'><strong>illum</strong></span> <span class='ocrx_word' id='word_1_225' title='bbox 1175 2289 1507 2343; x_wconf 82' lang='lat' dir='ltr'><strong>invictoruut</strong></span> <span class='ocrx_word' id='word_1_226' title='bbox 1542 2294 1846 2357; x_wconf 75' lang='lat' dir='ltr'><strong>martyrum</strong></span> <span class='ocrx_word' id='word_1_227' title='bbox 1886 2301 2116 2340; x_wconf 89' lang='lat' dir='ltr'><strong>numero</strong></span> 
     </span>
    </p>
   </div>
   <div class='ocr_carea' id='block_1_40' title="bbox 535 2378 2114 2453">
    <p class='ocr_par' dir='ltr' id='par_1_40' title="bbox 535 2378 2114 2453">
     <span class='ocr_line' id='line_1_40' title="bbox 535 2378 2114 2453; baseline -0.005 -12"><span class='ocrx_word' id='word_1_228' title='bbox 535 2385 827 2453; x_wconf 87' lang='lat' dir='ltr'><strong>ascripsit,</strong></span> <span class='ocrx_word' id='word_1_229' title='bbox 862 2391 917 2438; x_wconf 90' lang='lat' dir='ltr'><strong>et</strong></span> <span class='ocrx_word' id='word_1_230' title='bbox 953 2381 1223 2439; x_wconf 76' lang='lat' dir='ltr'><strong>nefarium</strong></span> <span class='ocrx_word' id='word_1_231' title='bbox 1256 2379 1561 2450; x_wconf 83' lang='lat' dir='ltr'><strong>spectaculi</strong></span> <span class='ocrx_word' id='word_1_232' title='bbox 1594 2393 1770 2449; x_wconf 87' lang='lat' dir='ltr'><strong>genus</strong></span> <span class='ocrx_word' id='word_1_233' title='bbox 1803 2378 2114 2451; x_wconf 66' lang='lat' dir='ltr'><strong>interdixit.</strong></span> 
     </span>
    </p>
   </div>
   <div class='ocr_carea' id='block_1_41' title="bbox 681 2639 1983 2719">
    <p class='ocr_par' dir='ltr' id='par_1_41' title="bbox 681 2639 1983 2719">
     <span class='ocr_line' id='line_1_41' title="bbox 681 2639 1983 2719; baseline -0.01 -13"><span class='ocrx_word' id='word_1_234' title='bbox 681 2647 899 2719; x_wconf 74' lang='lat'><strong>1068</strong></span> <span class='ocrx_word' id='word_1_235' title='bbox 924 2644 1078 2701; x_wconf 83' lang='lat' dir='ltr'><strong>CAP.</strong></span> <span class='ocrx_word' id='word_1_236' title='bbox 1116 2642 1330 2698; x_wconf 74' lang='lat' dir='ltr'><strong>XXVII.</strong></span> <span class='ocrx_word' id='word_1_237' title='bbox 1376 2642 1461 2716; x_wconf 85' lang='grc' dir='ltr'><strong>[Β.</strong></span> <span class='ocrx_word' id='word_1_238' title='bbox 1499 2641 1582 2698; x_wconf 89' lang='lat' dir='ltr'><strong>St.</strong></span> <span class='ocrx_word' id='word_1_239' title='bbox 1620 2642 1683 2697; x_wconf 84' lang='lat' dir='ltr'><strong>V.</strong></span> <span class='ocrx_word' id='word_1_240' title='bbox 1708 2642 1811 2697; x_wconf 85' lang='lat' dir='ltr'>CII.</span> <span class='ocrx_word' id='word_1_241' title='bbox 1840 2642 1930 2695; x_wconf 68' lang='grc'><strong>27.</strong></span> <span class='ocrx_word' id='word_1_242' title='bbox 1963 2639 1983 2714; x_wconf 94' lang='grc'>]</span> 
     </span>
    </p>
   </div>
   <div class='ocr_carea' id='block_1_42' title="bbox 608 2733 2045 2805">
    <p class='ocr_par' dir='ltr' id='par_1_42' title="bbox 608 2733 2045 2805">
     <span class='ocr_line' id='line_1_42' title="bbox 608 2733 2045 2805; baseline -0.005 -11"><span class='ocrx_word' id='word_1_243' title='bbox 608 2738 685 2794; x_wconf 82' lang='lat' dir='ltr'><strong>De</strong></span> <span class='ocrx_word' id='word_1_244' title='bbox 719 2739 940 2792; x_wconf 78' lang='lat' dir='ltr'><strong>Arcadii</strong></span> <span class='ocrx_word' id='word_1_245' title='bbox 989 2738 1328 2805; x_wconf 70' lang='lat' dir='ltr'><strong>imperatoris</strong></span> <span class='ocrx_word' id='word_1_246' title='bbox 1377 2738 1570 2801; x_wconf 76' lang='lat' dir='ltr'><strong>pietate</strong></span> <span class='ocrx_word' id='word_1_247' title='bbox 1607 2745 1653 2788; x_wconf 85' lang='lat' dir='ltr'><strong>et</strong></span> <span class='ocrx_word' id='word_1_248' title='bbox 1706 2733 2045 2788; x_wconf 77' lang='lat' dir='ltr'><strong>ordinatione</strong></span> 
     </span>
    </p>
   </div>
   <div class='ocr_carea' id='block_1_43' title="bbox 995 2804 1657 2875">
    <p class='ocr_par' dir='ltr' id='par_1_43' title="bbox 995 2804 1657 2875">
     <span class='ocr_line' id='line_1_43' title="bbox 995 2804 1657 2875; baseline -0.003 -15"><span class='ocrx_word' id='word_1_249' title='bbox 995 2804 1220 2860; x_wconf 80' lang='lat' dir='ltr'><strong>Joannis</strong></span> <span class='ocrx_word' id='word_1_250' title='bbox 1271 2804 1657 2875; x_wconf 81' lang='lat' dir='ltr'><strong>Chrysostomi.</strong></span> 
     </span>
    </p>
   </div>
   <div class='ocr_carea' id='block_1_44' title="bbox 607 2893 2118 2968">
    <p class='ocr_par' dir='ltr' id='par_1_44' title="bbox 607 2893 2118 2968">
     <span class='ocr_line' id='line_1_44' title="bbox 607 2893 2118 2968; baseline -0.006 -12"><span class='ocrx_word' id='word_1_251' title='bbox 607 2898 1087 2968; x_wconf 86' lang='lat' dir='ltr'><strong>Constantinopoli</strong></span> <span class='ocrx_word' id='word_1_252' title='bbox 1147 2907 1355 2961; x_wconf 87' lang='lat' dir='ltr'><strong>autem,</strong></span> <span class='ocrx_word' id='word_1_253' title='bbox 1402 2905 1623 2950; x_wconf 91' lang='lat' dir='ltr'><strong>mortuo</strong></span> <span class='ocrx_word' id='word_1_254' title='bbox 1690 2893 1968 2959; x_wconf 88' lang='lat' dir='ltr'><strong>Nectario,</strong></span> <span class='ocrx_word' id='word_1_255' title='bbox 2022 2893 2118 2964; x_wconf 88' lang='lat' dir='ltr'><strong>qui</strong></span> 
     </span>
    </p>
   </div>
   <div class='ocr_carea' id='block_1_45' title="bbox 537 2987 2117 3059">
    <p class='ocr_par' dir='ltr' id='par_1_45' title="bbox 537 2987 2117 3059">
     <span class='ocr_line' id='line_1_45' title="bbox 537 2987 2117 3059; baseline -0.003 -12"><span class='ocrx_word' id='word_1_256' title='bbox 537 2992 838 3048; x_wconf 74' lang='lat' dir='ltr'><strong>Ecclesiam</strong></span> <span class='ocrx_word' id='word_1_257' title='bbox 868 2991 1014 3044; x_wconf 89' lang='lat' dir='ltr'><strong>illam</strong></span> <span class='ocrx_word' id='word_1_258' title='bbox 1047 2990 1406 3059; x_wconf 86' lang='lat' dir='ltr'><strong>gubernarat,</strong></span> <span class='ocrx_word' id='word_1_259' title='bbox 1441 2987 1733 3053; x_wconf 87' lang='lat' dir='ltr'><strong>Arcadius,</strong></span> <span class='ocrx_word' id='word_1_260' title='bbox 1762 2988 1851 3041; x_wconf 90' lang='lat' dir='ltr'><strong>cui</strong></span> <span class='ocrx_word' id='word_1_261' title='bbox 1897 2987 2117 3057; x_wconf 87' lang='lat' dir='ltr'><strong>imperii</strong></span> 
     </span>
    </p>
   </div>
   <div class='ocr_carea' id='block_1_46' title="bbox 538 3068 2119 3158">
    <p class='ocr_par' dir='ltr' id='par_1_46' title="bbox 538 3068 2119 3158">
     <span class='ocr_line' id='line_1_46' title="bbox 538 3068 2119 3158; baseline -0.004 -19"><span class='ocrx_word' id='word_1_262' title='bbox 538 3068 668 3158; x_wconf 79' lang='lat' dir='ltr'><strong>pars</strong></span> <span class='ocrx_word' id='word_1_263' title='bbox 701 3084 790 3138; x_wconf 88' lang='lat' dir='ltr'><strong>illa</strong></span> <span class='ocrx_word' id='word_1_264' title='bbox 823 3082 1140 3143; x_wconf 83' lang='lat' dir='ltr'><strong>obvenerat,</strong></span> <span class='ocrx_word' id='word_1_265' title='bbox 1168 3096 1294 3134; x_wconf 89' lang='lat' dir='ltr'><strong>cum</strong></span> <span class='ocrx_word' id='word_1_266' title='bbox 1321 3078 1615 3146; x_wconf 82' lang='lat' dir='ltr'><strong>Joannem,</strong></span> <span class='ocrx_word' id='word_1_267' title='bbox 1651 3093 1908 3148; x_wconf 87' lang='lat' dir='ltr'><strong>magnum</strong></span> <span class='ocrx_word' id='word_1_268' title='bbox 1934 3079 2119 3133; x_wconf 87' lang='lat' dir='ltr'><strong>lumen</strong></span> 
     </span>
    </p>
   </div>
   <div class='ocr_carea' id='block_1_47' title="bbox 2223 1920 3816 1992">
    <p class='ocr_par' dir='ltr' id='par_1_47' title="bbox 2223 1920 3816 1992">
     <span class='ocr_line' id='line_1_47' title="bbox 2223 1920 3816 1992; baseline -0.001 -18"><span class='ocrx_word' id='word_1_269' title='bbox 2223 1920 2321 1974; x_wconf 72' lang='grc' dir='ltr'>καὶ</span> <span class='ocrx_word' id='word_1_270' title='bbox 2355 1920 2602 1984; x_wconf 81' lang='grc' dir='ltr'>καταϐάς</span> <span class='ocrx_word' id='word_1_271' title='bbox 2635 1921 2830 1975; x_wconf 78' lang='grc' dir='ltr'>παύειν</span> <span class='ocrx_word' id='word_1_272' title='bbox 2855 1924 3114 1992; x_wconf 76' lang='grc' dir='ltr'>ἐπειρᾶτο</span> <span class='ocrx_word' id='word_1_273' title='bbox 3145 1922 3272 1985; x_wconf 81' lang='grc' dir='ltr'>τοὺς</span> <span class='ocrx_word' id='word_1_274' title='bbox 3302 1923 3425 1974; x_wconf 86' lang='grc' dir='ltr'>κατ’</span> <span class='ocrx_word' id='word_1_275' title='bbox 3450 1921 3698 1990; x_wconf 80' lang='grc' dir='ltr'>ἀλλήλων</span> <span class='ocrx_word' id='word_1_276' title='bbox 3722 1937 3816 1973; x_wconf 62' lang='grc' dir='ltr'>κε-</span> 
     </span>
    </p>
   </div>
   <div class='ocr_carea' id='block_1_48' title="bbox 2228 2008 3816 2083">
    <p class='ocr_par' dir='ltr' id='par_1_48' title="bbox 2228 2008 3816 2083">
     <span class='ocr_line' id='line_1_48' title="bbox 2228 2008 3816 2083; baseline -0.001 -17"><span class='ocrx_word' id='word_1_277' title='bbox 2228 2012 2541 2083; x_wconf 82' lang='grc' dir='ltr'>χρημένους</span> <span class='ocrx_word' id='word_1_278' title='bbox 2576 2015 2688 2076; x_wconf 85' lang='grc' dir='ltr'>τοῖς</span> <span class='ocrx_word' id='word_1_279' title='bbox 2729 2013 2934 2077; x_wconf 85' lang='grc' dir='ltr'>ὅπλοις.</span> <span class='ocrx_word' id='word_1_280' title='bbox 2965 2013 3079 2082; x_wconf 84' lang='grc' dir='ltr'>Τῆς</span> <span class='ocrx_word' id='word_1_281' title='bbox 3110 2014 3167 2065; x_wconf 80' lang='grc' dir='ltr'>δὲ</span> <span class='ocrx_word' id='word_1_282' title='bbox 3201 2013 3516 2083; x_wconf 70' lang='grc' dir='ltr'>μιαιφονίας</span> <span class='ocrx_word' id='word_1_283' title='bbox 3541 2013 3591 2065; x_wconf 82' lang='grc' dir='ltr'><strong>οἱ</strong></span> <span class='ocrx_word' id='word_1_284' title='bbox 3622 2008 3816 2065; x_wconf 62' lang='grc' dir='ltr'>θεαταὶ</span> 
     </span>
    </p>
   </div>
   <div class='ocr_carea' id='block_1_49' title="bbox 2225 2101 3815 2174">
    <p class='ocr_par' dir='ltr' id='par_1_49' title="bbox 2225 2101 3815 2174">
     <span class='ocr_line' id='line_1_49' title="bbox 2225 2101 3815 2174; baseline -0.002 -19"><span class='ocrx_word' id='word_1_285' title='bbox 2225 2104 2653 2174; x_wconf 73' lang='grc' dir='ltr'>χαλεπήναντες,</span> <span class='ocrx_word' id='word_1_286' title='bbox 2677 2102 2771 2156; x_wconf 69' lang='grc' dir='ltr'><strong>καὶ</strong></span> <span class='ocrx_word' id='word_1_287' title='bbox 2795 2101 2889 2155; x_wconf 81' lang='grc' dir='ltr'>τοῦ</span> <span class='ocrx_word' id='word_1_288' title='bbox 2940 2104 3053 2165; x_wconf 89' lang='grc' dir='ltr'>τοῖς</span> <span class='ocrx_word' id='word_1_289' title='bbox 3080 2102 3303 2173; x_wconf 78' lang='grc' dir='ltr'>αἴμασιν</span> <span class='ocrx_word' id='word_1_290' title='bbox 3332 2101 3559 2165; x_wconf 77' lang='grc' dir='ltr'>ἐκείνοις</span> <span class='ocrx_word' id='word_1_291' title='bbox 3594 2104 3815 2172; x_wconf 73' lang='grc' dir='ltr'>ἐπιτερ-</span> 
     </span>
    </p>
   </div>
   <div class='ocr_carea' id='block_1_50' title="bbox 2222 2192 3817 2265">
    <p class='ocr_par' dir='ltr' id='par_1_50' title="bbox 2222 2192 3817 2265">
     <span class='ocr_line' id='line_1_50' title="bbox 2222 2192 3817 2265; baseline -0.003 -17"><span class='ocrx_word' id='word_1_292' title='bbox 2222 2195 2458 2265; x_wconf 83' lang='grc' dir='ltr'>πομένου</span> <span class='ocrx_word' id='word_1_293' title='bbox 2501 2193 2752 2264; x_wconf 88' lang='grc' dir='ltr'>δαίμονος</span> <span class='ocrx_word' id='word_1_294' title='bbox 2801 2192 3174 2263; x_wconf 79' lang='grc' dir='ltr'>εἰσδεξάμενοι</span> <span class='ocrx_word' id='word_1_295' title='bbox 3217 2192 3317 2263; x_wconf 79' lang='grc' dir='ltr'><strong>τὴν</strong></span> <span class='ocrx_word' id='word_1_296' title='bbox 3352 2192 3633 2263; x_wconf 79' lang='grc' dir='ltr'>βακχείαν,</span> <span class='ocrx_word' id='word_1_297' title='bbox 3683 2209 3817 2244; x_wconf 87' lang='grc' dir='ltr'>κατ-</span> 
     </span>
    </p>
   </div>
   <div class='ocr_carea' id='block_1_51' title="bbox 2223 2280 3814 2355">
    <p class='ocr_par' dir='ltr' id='par_1_51' title="bbox 2223 2280 3814 2355">
     <span class='ocr_line' id='line_1_51' title="bbox 2223 2280 3814 2355; baseline -0.004 -15"><span class='ocrx_word' id='word_1_298' title='bbox 2223 2286 2447 2340; x_wconf 82' lang='grc' dir='ltr'>έλευσαν</span> <span class='ocrx_word' id='word_1_299' title='bbox 2499 2285 2599 2355; x_wconf 81' lang='grc' dir='ltr'>τῆς</span> <span class='ocrx_word' id='word_1_300' title='bbox 2646 2285 2867 2354; x_wconf 74' lang='grc' dir='ltr'>εἰρήνης</span> <span class='ocrx_word' id='word_1_301' title='bbox 2896 2285 2986 2336; x_wconf 80' lang='grc' dir='ltr'>τὸν</span> <span class='ocrx_word' id='word_1_302' title='bbox 3016 2283 3301 2355; x_wconf 84' lang='grc' dir='ltr'>πρύτανιν.</span> <span class='ocrx_word' id='word_1_303' title='bbox 3350 2282 3519 2337; x_wconf 81' lang='grc' dir='ltr'>Τοῦτο</span> <span class='ocrx_word' id='word_1_304' title='bbox 3567 2280 3755 2352; x_wconf 85' lang='grc' dir='ltr'>μαθὼν</span> <span class='ocrx_word' id='word_1_305' title='bbox 3784 2282 3814 2334; x_wconf 81' lang='grc' dir='ltr'><strong>ὁ</strong></span> 
     </span>
    </p>
   </div>
   <div class='ocr_carea' id='block_1_52' title="bbox 2224 2374 3818 2447">
    <p class='ocr_par' dir='ltr' id='par_1_52' title="bbox 2224 2374 3818 2447">
     <span class='ocr_line' id='line_1_52' title="bbox 2224 2374 3818 2447; baseline -0.004 -16"><span class='ocrx_word' id='word_1_306' title='bbox 2224 2375 2536 2447; x_wconf 83' lang='grc' dir='ltr'>θαυμαστὸς</span> <span class='ocrx_word' id='word_1_307' title='bbox 2586 2374 2859 2445; x_wconf 84' lang='grc' dir='ltr'>βασιλεὺς,</span> <span class='ocrx_word' id='word_1_308' title='bbox 2905 2374 2996 2428; x_wconf 76' lang='grc' dir='ltr'><strong>τὸν</strong></span> <span class='ocrx_word' id='word_1_309' title='bbox 3050 2375 3148 2446; x_wconf 83' lang='grc' dir='ltr'>μὲν</span> <span class='ocrx_word' id='word_1_310' title='bbox 3175 2378 3289 2438; x_wconf 85' lang='grc' dir='ltr'>τοῖς</span> <span class='ocrx_word' id='word_1_311' title='bbox 3336 2375 3653 2444; x_wconf 70' lang='grc' dir='ltr'>νικηφόροις</span> <span class='ocrx_word' id='word_1_312' title='bbox 3687 2388 3818 2426; x_wconf 80' lang='grc' dir='ltr'>συν-</span> 
     </span>
    </p>
   </div>
   <div class='ocr_carea' id='block_1_53' title="bbox 2221 2464 3816 2539">
    <p class='ocr_par' dir='ltr' id='par_1_53' title="bbox 2221 2464 3816 2539">
     <span class='ocr_line' id='line_1_53' title="bbox 2221 2464 3816 2539; baseline -0.001 -20"><span class='ocrx_word' id='word_1_313' title='bbox 2221 2468 2497 2539; x_wconf 85' lang='grc' dir='ltr'>ηρίθμησε</span> <span class='ocrx_word' id='word_1_314' title='bbox 2554 2466 2815 2539; x_wconf 81' lang='grc' dir='ltr'>μάρτυσι,</span> <span class='ocrx_word' id='word_1_315' title='bbox 2854 2465 2954 2537; x_wconf 77' lang='grc' dir='ltr'>τὴν</span> <span class='ocrx_word' id='word_1_316' title='bbox 2977 2467 3035 2519; x_wconf 83' lang='grc' dir='ltr'>δὲ</span> <span class='ocrx_word' id='word_1_317' title='bbox 3092 2465 3333 2538; x_wconf 77' lang='grc' dir='ltr'>πονηρὰν</span> <span class='ocrx_word' id='word_1_318' title='bbox 3362 2464 3573 2536; x_wconf 71' lang='grc' dir='ltr'>ἐκείνην</span> <span class='ocrx_word' id='word_1_319' title='bbox 3611 2464 3816 2517; x_wconf 77' lang='grc' dir='ltr'>ἔπαυσε</span> 
     </span>
    </p>
   </div>
   <div class='ocr_carea' id='block_1_54' title="bbox 2223 2556 2481 2632">
    <p class='ocr_par' dir='ltr' id='par_1_54' title="bbox 2223 2556 2481 2632">
     <span class='ocr_line' id='line_1_54' title="bbox 2223 2556 2481 2632; baseline 0 -19"><span class='ocrx_word' id='word_1_320' title='bbox 2223 2556 2481 2632; x_wconf 61' lang='grc' dir='ltr'>θειῷίαν.</span> 
     </span>
    </p>
   </div>
   <div class='ocr_carea' id='block_1_55' title="bbox 2720 2647 3317 2721">
    <p class='ocr_par' dir='ltr' id='par_1_55' title="bbox 2720 2647 3317 2721">
     <span class='ocr_line' id='line_1_55' title="bbox 2720 2647 3317 2721; baseline -0.002 -19"><span class='ocrx_word' id='word_1_321' title='bbox 2720 2647 2877 2721; x_wconf 69' lang='lat'><strong>[255]</strong></span> <span class='ocrx_word' id='word_1_322' title='bbox 2907 2649 3157 2703; x_wconf 65' lang='lat' dir='ltr'><strong>arma.</strong></span> <span class='ocrx_word' id='word_1_323' title='bbox 3189 2650 3317 2702; x_wconf 69' lang='grc' dir='ltr'>κεν.</span> 
     </span>
    </p>
   </div>
   <div class='ocr_carea' id='block_1_56' title="bbox 2227 2737 3818 2810">
    <p class='ocr_par' dir='ltr' id='par_1_56' title="bbox 2227 2737 3818 2810">
     <span class='ocr_line' id='line_1_56' title="bbox 2227 2737 3818 2810; baseline -0.001 -15"><span class='ocrx_word' id='word_1_324' title='bbox 2227 2739 2387 2810; x_wconf 13' lang='grc' dir='ltr'>Περὶ,</span> <span class='ocrx_word' id='word_1_325' title='bbox 2420 2738 2892 2810; x_wconf 52' lang='grc' dir='ltr'>τῆςὟΛρκαδίου</span> <span class='ocrx_word' id='word_1_326' title='bbox 2952 2738 3060 2792; x_wconf 81' lang='grc' dir='ltr'>τοῦ</span> <span class='ocrx_word' id='word_1_327' title='bbox 3112 2737 3419 2804; x_wconf 78' lang='grc' dir='ltr'>,βασιλέως</span> <span class='ocrx_word' id='word_1_328' title='bbox 3481 2739 3818 2810; x_wconf 66' lang='grc' dir='ltr'>εὐσεϐείας,</span> 
     </span>
    </p>
   </div>
   <div class='ocr_carea' id='block_1_57' title="bbox 2296 2809 3741 2877">
    <p class='ocr_par' dir='ltr' id='par_1_57' title="bbox 2296 2809 3741 2877">
     <span class='ocr_line' id='line_1_57' title="bbox 2296 2809 3741 2877; baseline 0 -14"><span class='ocrx_word' id='word_1_329' title='bbox 2296 2809 2397 2863; x_wconf 70' lang='grc' dir='ltr'><strong>καὶ</strong></span> <span class='ocrx_word' id='word_1_330' title='bbox 2439 2809 2717 2862; x_wconf 77' lang='grc' dir='ltr'><strong>Ἰωάννου</strong></span> <span class='ocrx_word' id='word_1_331' title='bbox 2746 2809 2851 2862; x_wconf 85' lang='grc' dir='ltr'>τοῦ</span> <span class='ocrx_word' id='word_1_332' title='bbox 2880 2810 3315 2876; x_wconf 78' lang='grc' dir='ltr'>Χρυσοστόμου</span> <span class='ocrx_word' id='word_1_333' title='bbox 3347 2809 3741 2877; x_wconf 72' lang='grc' dir='ltr'>χειροτονίας.</span> 
     </span>
    </p>
   </div>
   <div class='ocr_carea' id='block_1_58' title="bbox 2309 2898 3822 2971">
    <p class='ocr_par' dir='ltr' id='par_1_58' title="bbox 2309 2898 3822 2971">
     <span class='ocr_line' id='line_1_58' title="bbox 2309 2898 3822 2971; baseline 0 -18"><span class='ocrx_word' id='word_1_334' title='bbox 2309 2901 2398 2953; x_wconf 86' lang='grc' dir='ltr'><strong>Ἐν</strong></span> <span class='ocrx_word' id='word_1_335' title='bbox 2427 2900 2483 2954; x_wconf 77' lang='grc' dir='ltr'>δὲ</span> <span class='ocrx_word' id='word_1_336' title='bbox 2502 2898 3092 2961; x_wconf 75' lang='grc' dir='ltr'>Κωνσταντινουπόλει,</span> <span class='ocrx_word' id='word_1_337' title='bbox 3124 2898 3429 2968; x_wconf 82' lang='grc' dir='ltr'>Νεκταρίου</span> <span class='ocrx_word' id='word_1_338' title='bbox 3458 2898 3822 2971; x_wconf 80' lang='grc' dir='ltr'>τελευτήσαν-</span> 
     </span>
    </p>
   </div>
   <div class='ocr_carea' id='block_1_59' title="bbox 2224 2989 3821 3062">
    <p class='ocr_par' dir='ltr' id='par_1_59' title="bbox 2224 2989 3821 3062">
     <span class='ocr_line' id='line_1_59' title="bbox 2224 2989 3821 3062; baseline -0.001 -17"><span class='ocrx_word' id='word_1_339' title='bbox 2224 3009 2337 3055; x_wconf 81' lang='grc' dir='ltr'>τος,</span> <span class='ocrx_word' id='word_1_340' title='bbox 2379 2992 2437 3054; x_wconf 81' lang='grc' dir='ltr'>ὃς</span> <span class='ocrx_word' id='word_1_341' title='bbox 2477 2991 2576 3062; x_wconf 75' lang='grc' dir='ltr'>τὴν</span> <span class='ocrx_word' id='word_1_342' title='bbox 2602 3046 2615 3053; x_wconf 60' lang='lat'><strong>,</strong></span> <span class='ocrx_word' id='word_1_343' title='bbox 2648 2990 2977 3060; x_wconf 80' lang='grc' dir='ltr'>Ἐκκλησίαν</span> <span class='ocrx_word' id='word_1_344' title='bbox 3056 2989 3272 3060; x_wconf 79' lang='grc' dir='ltr'>ἐκείνην</span> <span class='ocrx_word' id='word_1_345' title='bbox 3324 2990 3641 3061; x_wconf 79' lang='grc' dir='ltr'>ἐποίμανεν,</span> <span class='ocrx_word' id='word_1_346' title='bbox 3696 2991 3821 3062; x_wconf 83' lang='grc' dir='ltr'><strong>Ἀρ-</strong></span> 
     </span>
    </p>
   </div>
   <div class='ocr_carea' id='block_1_60' title="bbox 2227 3081 3818 3154">
    <p class='ocr_par' dir='ltr' id='par_1_60' title="bbox 2227 3081 3818 3154">
     <span class='ocr_line' id='line_1_60' title="bbox 2227 3081 3818 3154; baseline 0 -17"><span class='ocrx_word' id='word_1_347' title='bbox 2227 3084 2413 3146; x_wconf 82' lang='grc' dir='ltr'>κάδιος</span> <span class='ocrx_word' id='word_1_348' title='bbox 2451 3085 2479 3136; x_wconf 82' lang='grc' dir='ltr'>ὁ</span> <span class='ocrx_word' id='word_1_349' title='bbox 2504 3083 2710 3153; x_wconf 79' lang='grc' dir='ltr'>ταύτην</span> <span class='ocrx_word' id='word_1_350' title='bbox 2745 3082 2942 3136; x_wconf 77' lang='grc' dir='ltr'><strong>ἰθύνειν</strong></span> <span class='ocrx_word' id='word_1_351' title='bbox 2968 3082 3066 3153; x_wconf 81' lang='grc' dir='ltr'><strong>τὴν</strong></span> <span class='ocrx_word' id='word_1_352' title='bbox 3093 3082 3369 3153; x_wconf 76' lang='grc' dir='ltr'>βασιλείαν</span> <span class='ocrx_word' id='word_1_353' title='bbox 3392 3081 3595 3153; x_wconf 85' lang='grc' dir='ltr'>λαχὼν,</span> <span class='ocrx_word' id='word_1_354' title='bbox 3624 3082 3818 3154; x_wconf 87' lang='grc' dir='ltr'>μαθὼν</span> 
     </span>
    </p>
   </div>
   <div class='ocr_carea' id='block_1_61' title="bbox 537 3169 2125 3249">
    <p class='ocr_par' dir='ltr' id='par_1_61' title="bbox 537 3169 2125 3239">
     <span class='ocr_line' id='line_1_61' title="bbox 537 3169 2125 3239; baseline -0.006 -8"><span class='ocrx_word' id='word_1_355' title='bbox 537 3176 689 3232; x_wconf 87' lang='lat' dir='ltr'><strong>orbis</strong></span> <span class='ocrx_word' id='word_1_356' title='bbox 726 3182 1021 3237; x_wconf 85' lang='lat' dir='ltr'><strong>terrarum,</strong></span> <span class='ocrx_word' id='word_1_357' title='bbox 1053 3169 1363 3225; x_wconf 65' lang='lat' dir='ltr'><strong>Antiochiae</strong></span> <span class='ocrx_word' id='word_1_358' title='bbox 1394 3170 1537 3223; x_wconf 87' lang='lat' dir='ltr'><strong>inter</strong></span> <span class='ocrx_word' id='word_1_359' title='bbox 1571 3169 1922 3239; x_wconf 72' lang='lat' dir='ltr'><strong>presbyteros</strong></span> <span class='ocrx_word' id='word_1_360' title='bbox 1963 3183 2125 3239; x_wconf 90' lang='lat' dir='ltr'><strong>coop-</strong></span> 
     </span>
    </p>
   </div>
   <div class='ocr_carea' id='block_1_62' title="bbox 2226 3169 3820 3249">
    <p class='ocr_par' dir='ltr' id='par_1_62' title="bbox 2246 3173 3820 3249">
     <span class='ocr_line' id='line_1_62' title="bbox 2246 3173 3820 3249; baseline 0.002 -22"><span class='ocrx_word' id='word_1_361' title='bbox 2246 3175 2503 3244; x_wconf 72' lang='grc' dir='ltr'>Ἰωάννην</span> <span class='ocrx_word' id='word_1_362' title='bbox 2562 3174 2656 3227; x_wconf 86' lang='grc' dir='ltr'><strong>τὸν</strong></span> <span class='ocrx_word' id='word_1_363' title='bbox 2709 3173 2882 3244; x_wconf 83' lang='grc' dir='ltr'>μέγαν</span> <span class='ocrx_word' id='word_1_364' title='bbox 2920 3175 3022 3243; x_wconf 80' lang='grc' dir='ltr'>τῆς</span> <span class='ocrx_word' id='word_1_365' title='bbox 3068 3176 3392 3246; x_wconf 78' lang='grc' dir='ltr'>οἰκουμένης</span> <span class='ocrx_word' id='word_1_366' title='bbox 3444 3179 3710 3249; x_wconf 71' lang='grc' dir='ltr'>φωστῆρα</span> <span class='ocrx_word' id='word_1_367' title='bbox 3759 3179 3820 3231; x_wconf 82' lang='grc' dir='ltr'><strong>ὲν</strong></span> 
     </span>
    </p>
   </div>
   <div class='ocr_carea' id='block_1_63' title="bbox 540 3261 2124 3335">
    <p class='ocr_par' dir='ltr' id='par_1_63' title="bbox 540 3261 2124 3335">
     <span class='ocr_line' id='line_1_63' title="bbox 540 3261 2124 3335; baseline -0.004 -13"><span class='ocrx_word' id='word_1_368' title='bbox 540 3278 714 3322; x_wconf 86' lang='lat' dir='ltr'><strong>tatam</strong></span> <span class='ocrx_word' id='word_1_369' title='bbox 767 3263 1141 3335; x_wconf 87' lang='lat' dir='ltr'><strong>cognovisset,</strong></span> <span class='ocrx_word' id='word_1_370' title='bbox 1199 3261 1266 3314; x_wconf 89' lang='lat' dir='ltr'><strong>ad</strong></span> <span class='ocrx_word' id='word_1_371' title='bbox 1316 3277 1377 3316; x_wconf 90' lang='lat' dir='ltr'><strong>se</strong></span> <span class='ocrx_word' id='word_1_372' title='bbox 1426 3261 1744 3325; x_wconf 84' lang='lat' dir='ltr'><strong>accersivit,</strong></span> <span class='ocrx_word' id='word_1_373' title='bbox 1783 3269 1837 3315; x_wconf 90' lang='lat' dir='ltr'><strong>et</strong></span> <span class='ocrx_word' id='word_1_374' title='bbox 1890 3276 2124 3331; x_wconf 86' lang='lat' dir='ltr'><strong>congre-</strong></span> 
     </span>
    </p>
   </div>
   <div class='ocr_carea' id='block_1_64' title="bbox 539 3350 2126 3431">
    <p class='ocr_par' dir='ltr' id='par_1_64' title="bbox 539 3350 2126 3431">
     <span class='ocr_line' id='line_1_64' title="bbox 539 3350 2126 3431; baseline -0.004 -20"><span class='ocrx_word' id='word_1_375' title='bbox 539 3361 685 3431; x_wconf 86' lang='lat' dir='ltr'><strong>gatis</strong></span> <span class='ocrx_word' id='word_1_376' title='bbox 731 3353 1011 3425; x_wconf 86' lang='lat' dir='ltr'><strong>episcopis</strong></span> <span class='ocrx_word' id='word_1_377' title='bbox 1067 3350 1371 3416; x_wconf 85' lang='lat' dir='ltr'><strong>mandavit,</strong></span> <span class='ocrx_word' id='word_1_378' title='bbox 1404 3358 1462 3404; x_wconf 93' lang='lat' dir='ltr'><strong>ut</strong></span> <span class='ocrx_word' id='word_1_379' title='bbox 1493 3350 1736 3404; x_wconf 87' lang='lat' dir='ltr'><strong>divinam</strong></span> <span class='ocrx_word' id='word_1_380' title='bbox 1769 3351 2126 3420; x_wconf 81' lang='lat' dir='ltr'><strong>episcopatus</strong></span> 
     </span>
    </p>
   </div>
   <div class='ocr_carea' id='block_1_65' title="bbox 541 3441 2123 3519">
    <p class='ocr_par' dir='ltr' id='par_1_65' title="bbox 541 3441 2123 3519">
     <span class='ocr_line' id='line_1_65' title="bbox 541 3441 2123 3519; baseline -0.004 -19"><span class='ocrx_word' id='word_1_381' title='bbox 541 3447 775 3519; x_wconf 80' lang='lat' dir='ltr'><strong>gratiam</strong></span> <span class='ocrx_word' id='word_1_382' title='bbox 806 3444 857 3499; x_wconf 90' lang='lat' dir='ltr'><strong>ei</strong></span> <span class='ocrx_word' id='word_1_383' title='bbox 888 3441 1227 3504; x_wconf 83' lang='lat' dir='ltr'><strong>conferrent,</strong></span> <span class='ocrx_word' id='word_1_384' title='bbox 1255 3441 1616 3511; x_wconf 66' lang='lat' dir='ltr'><strong>maximaeque</strong></span> <span class='ocrx_word' id='word_1_385' title='bbox 1655 3442 1810 3495; x_wconf 86' lang='lat' dir='ltr'><strong>urbis</strong></span> <span class='ocrx_word' id='word_1_386' title='bbox 1846 3449 2123 3512; x_wconf 85' lang='lat' dir='ltr'><strong>pastorem</strong></span> 
     </span>
    </p>
   </div>
   <div class='ocr_carea' id='block_1_66' title="bbox 544 3526 2126 3601">
    <p class='ocr_par' dir='ltr' id='par_1_66' title="bbox 544 3526 2126 3601">
     <span class='ocr_line' id='line_1_66' title="bbox 544 3526 2126 3601; baseline -0.003 -9"><span class='ocrx_word' id='word_1_387' title='bbox 544 3540 697 3592; x_wconf 90' lang='lat' dir='ltr'><strong>illum</strong></span> <span class='ocrx_word' id='word_1_388' title='bbox 745 3536 1171 3590; x_wconf 86' lang='lat' dir='ltr'><strong>constituerent.</strong></span> <span class='ocrx_word' id='word_1_389' title='bbox 1225 3531 1344 3597; x_wconf 89' lang='lat' dir='ltr'><strong>Quo</strong></span> <span class='ocrx_word' id='word_1_390' title='bbox 1371 3547 1481 3586; x_wconf 92' lang='lat' dir='ltr'><strong>uno</strong></span> <span class='ocrx_word' id='word_1_391' title='bbox 1507 3547 1571 3587; x_wconf 76' lang='lat' dir='ltr'><strong>ex</strong></span> <span class='ocrx_word' id='word_1_392' title='bbox 1606 3526 2126 3601; x_wconf 53' lang='lat' dir='ltr'><strong>Iacto&#39;impcratoris</strong></span> 
     </span>
    </p>
   </div>
   <div class='ocr_carea' id='block_1_67' title="bbox 541 3616 2126 3698">
    <p class='ocr_par' dir='ltr' id='par_1_67' title="bbox 541 3616 2126 3698">
     <span class='ocr_line' id='line_1_67' title="bbox 541 3616 2126 3698; baseline -0.007 -17"><span class='ocrx_word' id='word_1_393' title='bbox 541 3643 672 3698; x_wconf 80' lang='lat' dir='ltr'><strong>erga</strong></span> <span class='ocrx_word' id='word_1_394' title='bbox 726 3640 813 3679; x_wconf 85' lang='lat' dir='ltr'><strong>res</strong></span> <span class='ocrx_word' id='word_1_395' title='bbox 836 3623 1077 3677; x_wconf 72' lang='grc' dir='ltr'>ιιιίνίιιιιε</span> <span class='ocrx_word' id='word_1_396' title='bbox 1118 3620 1362 3675; x_wconf 87' lang='lat' dir='ltr'><strong>studium</strong></span> <span class='ocrx_word' id='word_1_397' title='bbox 1413 3619 1609 3673; x_wconf 81' lang='lat' dir='ltr'><strong>eluxit.</strong></span> <span class='ocrx_word' id='word_1_398' title='bbox 1669 3617 1774 3672; x_wconf 89' lang='lat' dir='ltr'><strong>Per</strong></span> <span class='ocrx_word' id='word_1_399' title='bbox 1799 3616 1942 3671; x_wconf 86' lang='lat' dir='ltr'><strong>idem</strong></span> <span class='ocrx_word' id='word_1_400' title='bbox 1995 3631 2126 3670; x_wconf 92' lang='lat' dir='ltr'><strong>vero</strong></span> 
     </span>
    </p>
   </div>
   <div class='ocr_carea' id='block_1_68' title="bbox 542 3708 2124 3788">
    <p class='ocr_par' dir='ltr' id='par_1_68' title="bbox 542 3708 2124 3788">
     <span class='ocr_line' id='line_1_68' title="bbox 542 3708 2124 3788; baseline -0.008 -12"><span class='ocrx_word' id='word_1_401' title='bbox 542 3730 791 3788; x_wconf 85' lang='lat' dir='ltr'><strong>tempus,</strong></span> <span class='ocrx_word' id='word_1_402' title='bbox 860 3715 1164 3770; x_wconf 69' lang='lat' dir='ltr'><strong>Antiochiae</strong></span> <span class='ocrx_word' id='word_1_403' title='bbox 1225 3713 1447 3767; x_wconf 85' lang='lat' dir='ltr'><strong>divinus</strong></span> <span class='ocrx_word' id='word_1_404' title='bbox 1508 3718 1738 3782; x_wconf 70' lang='lat' dir='ltr'><strong>proterat</strong></span> <span class='ocrx_word' id='word_1_405' title='bbox 1805 3708 2124 3774; x_wconf 85' lang='lat' dir='ltr'><strong>Flavianus,</strong></span> 
     </span>
    </p>
   </div>
   <div class='ocr_carea' id='block_1_69' title="bbox 545 3792 2127 3876">
    <p class='ocr_par' dir='ltr' id='par_1_69' title="bbox 545 3792 2127 3876">
     <span class='ocr_line' id='line_1_69' title="bbox 545 3792 2127 3876; baseline -0.009 -8"><span class='ocrx_word' id='word_1_406' title='bbox 545 3812 830 3868; x_wconf 67' lang='lat' dir='ltr'><strong>Laodiceae</strong></span> <span class='ocrx_word' id='word_1_407' title='bbox 880 3818 1061 3863; x_wconf 86' lang='lat' dir='ltr'><strong>autem</strong></span> <span class='ocrx_word' id='word_1_408' title='bbox 1100 3792 1373 3876; x_wconf 87' lang='lat' dir='ltr'><strong>Elpidius,</strong></span> <span class='ocrx_word' id='word_1_409' title='bbox 1412 3804 1507 3875; x_wconf 87' lang='lat' dir='ltr'><strong>qui</strong></span> <span class='ocrx_word' id='word_1_410' title='bbox 1545 3803 1727 3873; x_wconf 83' lang='lat' dir='ltr'><strong>magni</strong></span> <span class='ocrx_word' id='word_1_411' title='bbox 1763 3801 1964 3856; x_wconf 81' lang='lat' dir='ltr'><strong>Mcletii</strong></span> <span class='ocrx_word' id='word_1_412' title='bbox 2009 3798 2127 3854; x_wconf 80' lang='lat' dir='ltr'><strong>fue-</strong></span> 
     </span>
    </p>
   </div>
   <div class='ocr_carea' id='block_1_70' title="bbox 544 3891 2126 3966">
    <p class='ocr_par' dir='ltr' id='par_1_70' title="bbox 544 3891 2126 3966">
     <span class='ocr_line' id='line_1_70' title="bbox 544 3891 2126 3966; baseline -0.008 -8"><span class='ocrx_word' id='word_1_413' title='bbox 544 3914 632 3959; x_wconf 86' lang='lat' dir='ltr'><strong>rat</strong></span> <span class='ocrx_word' id='word_1_414' title='bbox 657 3899 1094 3959; x_wconf 85' lang='lat' dir='ltr'><strong>contubernalis,</strong></span> <span class='ocrx_word' id='word_1_415' title='bbox 1120 3898 1350 3966; x_wconf 83' lang='lat' dir='ltr'><strong>ejusque</strong></span> <span class='ocrx_word' id='word_1_416' title='bbox 1374 3894 1851 3949; x_wconf 87' lang='lat' dir='ltr'><strong>conversationem</strong></span> <span class='ocrx_word' id='word_1_417' title='bbox 1874 3891 2126 3945; x_wconf 78' lang='lat' dir='ltr'><strong>exactius</strong></span> 
     </span>
    </p>
   </div>
   <div class='ocr_carea' id='block_1_71' title="bbox 546 3982 2126 4070">
    <p class='ocr_par' dir='ltr' id='par_1_71' title="bbox 546 3982 2126 4070">
     <span class='ocr_line' id='line_1_71' title="bbox 546 3982 2126 4070; baseline -0.009 -18"><span class='ocrx_word' id='word_1_418' title='bbox 546 4014 710 4070; x_wconf 85' lang='lat' dir='ltr'><strong>quam</strong></span> <span class='ocrx_word' id='word_1_419' title='bbox 741 4010 864 4051; x_wconf 86' lang='lat' dir='ltr'><strong>cera</strong></span> <span class='ocrx_word' id='word_1_420' title='bbox 894 3995 1225 4048; x_wconf 89' lang='lat' dir='ltr'><strong>anuulorum</strong></span> <span class='ocrx_word' id='word_1_421' title='bbox 1262 3990 1469 4045; x_wconf 79' lang='lat' dir='ltr'><strong>formas</strong></span> <span class='ocrx_word' id='word_1_422' title='bbox 1495 3985 1860 4054; x_wconf 80' lang='lat' dir='ltr'><strong>exprimebat.</strong></span> <span class='ocrx_word' id='word_1_423' title='bbox 1896 3982 2126 4039; x_wconf 86' lang='lat' dir='ltr'><strong>Succes-</strong></span> 
     </span>
    </p>
   </div>
   <div class='ocr_carea' id='block_1_72' title="bbox 547 4077 2122 4156">
    <p class='ocr_par' dir='ltr' id='par_1_72' title="bbox 547 4077 2122 4156">
     <span class='ocr_line' id='line_1_72' title="bbox 547 4077 2122 4156; baseline -0.009 -10"><span class='ocrx_word' id='word_1_424' title='bbox 547 4096 698 4146; x_wconf 88' lang='lat' dir='ltr'><strong>serat</strong></span> <span class='ocrx_word' id='word_1_425' title='bbox 746 4089 837 4143; x_wconf 89' lang='lat' dir='ltr'><strong>hic</strong></span> <span class='ocrx_word' id='word_1_426' title='bbox 871 4085 1089 4156; x_wconf 75' lang='lat' dir='ltr'><strong>quidem</strong></span> <span class='ocrx_word' id='word_1_427' title='bbox 1138 4098 1339 4154; x_wconf 87' lang='lat' dir='ltr'><strong>magno</strong></span> <span class='ocrx_word' id='word_1_428' title='bbox 1390 4079 1612 4151; x_wconf 83' lang='lat' dir='ltr'><strong>Pelagio</strong></span> <span class='ocrx_word' id='word_1_429' title='bbox 1664 4077 1903 4133; x_wconf 88' lang='lat' dir='ltr'><strong>:divino</strong></span> <span class='ocrx_word' id='word_1_430' title='bbox 1937 4086 2122 4132; x_wconf 88' lang='lat' dir='ltr'><strong>autent</strong></span> 
     </span>
    </p>
   </div>
   <div class='ocr_carea' id='block_1_73' title="bbox 547 4168 2126 4245">
    <p class='ocr_par' dir='ltr' id='par_1_73' title="bbox 547 4168 2126 4245">
     <span class='ocr_line' id='line_1_73' title="bbox 547 4168 2126 4245; baseline -0.009 -12"><span class='ocrx_word' id='word_1_431' title='bbox 547 4177 807 4234; x_wconf 80' lang='lat' dir='ltr'><strong>Marcello</strong></span> <span class='ocrx_word' id='word_1_432' title='bbox 834 4175 1114 4245; x_wconf 80' lang='lat' dir='ltr'><strong>Agapetus</strong></span> <span class='ocrx_word' id='word_1_433' title='bbox 1145 4174 1294 4227; x_wconf 92' lang='lat' dir='ltr'><strong>omni</strong></span> <span class='ocrx_word' id='word_1_434' title='bbox 1332 4171 1491 4225; x_wconf 87' lang='lat' dir='ltr'><strong>laude</strong></span> <span class='ocrx_word' id='word_1_435' title='bbox 1526 4168 1932 4240; x_wconf 67' lang='lat' dir='ltr'><strong>prtedicandus,</strong></span> <span class='ocrx_word' id='word_1_436' title='bbox 1961 4181 2126 4236; x_wconf 91' lang='lat' dir='ltr'><strong>quem</strong></span> 
     </span>
    </p>
   </div>
   <div class='ocr_carea' id='block_1_74' title="bbox 549 4256 2131 4327">
    <p class='ocr_par' dir='ltr' id='par_1_74' title="bbox 549 4256 2131 4327">
     <span class='ocr_line' id='line_1_74' title="bbox 549 4256 2131 4327; baseline -0.009 -4"><span class='ocrx_word' id='word_1_437' title='bbox 549 4267 872 4323; x_wconf 86' lang='lat' dir='ltr'><strong>monasticis</strong></span> <span class='ocrx_word' id='word_1_438' title='bbox 951 4262 1448 4319; x_wconf 83' lang='lat' dir='ltr'><strong>exercitationibus</strong></span> <span class='ocrx_word' id='word_1_439' title='bbox 1525 4258 1800 4314; x_wconf 66' lang='lat' dir='ltr'><strong>beereticae</strong></span> <span class='ocrx_word' id='word_1_440' title='bbox 1872 4256 2131 4327; x_wconf 63' lang='lat' dir='ltr'><strong>procella:</strong></span> 
     </span>
    </p>
   </div>
   <div class='ocr_carea' id='block_1_75' title="bbox 551 4345 2130 4428">
    <p class='ocr_par' dir='ltr' id='par_1_75' title="bbox 551 4345 2130 4428">
     <span class='ocr_line' id='line_1_75' title="bbox 551 4345 2130 4428; baseline -0.009 -13"><span class='ocrx_word' id='word_1_441' title='bbox 551 4358 895 4428; x_wconf 76' lang='lat' dir='ltr'><strong>temporibus</strong></span> <span class='ocrx_word' id='word_1_442' title='bbox 950 4354 1281 4411; x_wconf 82' lang='lat' dir='ltr'><strong>excelluisse</strong></span> <span class='ocrx_word' id='word_1_443' title='bbox 1349 4351 1487 4407; x_wconf 83' lang='lat' dir='ltr'><strong>dixi.</strong></span> <span class='ocrx_word' id='word_1_444' title='bbox 1550 4349 1816 4404; x_wconf 81' lang='lat' dir='ltr'><strong>Seleuciae</strong></span> <span class='ocrx_word' id='word_1_445' title='bbox 1872 4361 2004 4402; x_wconf 89' lang='lat' dir='ltr'><strong>vero</strong></span> <span class='ocrx_word' id='word_1_446' title='bbox 2062 4345 2130 4400; x_wconf 89' lang='lat' dir='ltr'><strong>ad</strong></span> 
     </span>
    </p>
   </div>
   <div class='ocr_carea' id='block_1_76' title="bbox 553 4438 2128 4529">
    <p class='ocr_par' dir='ltr' id='par_1_76' title="bbox 553 4438 2128 4529">
     <span class='ocr_line' id='line_1_76' title="bbox 553 4438 2128 4529; baseline -0.011 -21"><span class='ocrx_word' id='word_1_447' title='bbox 553 4451 799 4529; x_wconf 82' lang='lat' dir='ltr'><strong>Taurum</strong></span> <span class='ocrx_word' id='word_1_448' title='bbox 852 4450 973 4505; x_wconf 67' lang='lat' dir='ltr'><strong>sitat</strong></span> <span class='ocrx_word' id='word_1_449' title='bbox 1034 4446 1336 4519; x_wconf 86' lang='lat' dir='ltr'><strong>cpiscopus</strong></span> <span class='ocrx_word' id='word_1_450' title='bbox 1387 4453 1507 4498; x_wconf 85' lang='lat' dir='ltr'><strong>erat</strong></span> <span class='ocrx_word' id='word_1_451' title='bbox 1558 4441 1871 4503; x_wconf 76' lang='lat' dir='ltr'><strong>Maximus,</strong></span> <span class='ocrx_word' id='word_1_452' title='bbox 1929 4438 2128 4493; x_wconf 87' lang='lat' dir='ltr'><strong>summi</strong></span> 
     </span>
    </p>
   </div>
   <div class='ocr_carea' id='block_1_77' title="bbox 2240 3265 3819 3342">
    <p class='ocr_par' dir='ltr' id='par_1_77' title="bbox 2240 3265 3819 3342">
     <span class='ocr_line' id='line_1_77' title="bbox 2240 3265 3819 3342; baseline 0.003 -23"><span class='ocrx_word' id='word_1_453' title='bbox 2240 3267 2549 3338; x_wconf 77' lang='grc' dir='ltr'>Ἀντιοχείᾳ</span> <span class='ocrx_word' id='word_1_454' title='bbox 2565 3265 2641 3336; x_wconf 79' lang='grc' dir='ltr'>τῷ</span> <span class='ocrx_word' id='word_1_455' title='bbox 2664 3267 2769 3320; x_wconf 84' lang='grc' dir='ltr'><strong>τῶν</strong></span> <span class='ocrx_word' id='word_1_456' title='bbox 2793 3267 3179 3339; x_wconf 77' lang='grc' dir='ltr'>πρεσϐυτέρων</span> <span class='ocrx_word' id='word_1_457' title='bbox 3197 3269 3608 3340; x_wconf 81' lang='grc' dir='ltr'>ἐγκατειλέχθαι</span> <span class='ocrx_word' id='word_1_458' title='bbox 3646 3270 3819 3342; x_wconf 83' lang='grc' dir='ltr'>χορῷ,</span> 
     </span>
    </p>
   </div>
   <div class='ocr_carea' id='block_1_78' title="bbox 2226 3358 3821 3430">
    <p class='ocr_par' dir='ltr' id='par_1_78' title="bbox 2226 3358 3821 3430">
     <span class='ocr_line' id='line_1_78' title="bbox 2226 3358 3821 3430; baseline 0.003 -20"><span class='ocrx_word' id='word_1_459' title='bbox 2226 3358 2403 3430; x_wconf 80' lang='grc' dir='ltr'>ἤγαγέ</span> <span class='ocrx_word' id='word_1_460' title='bbox 2430 3375 2509 3422; x_wconf 89' lang='grc' dir='ltr'><strong>τε,</strong></span> <span class='ocrx_word' id='word_1_461' title='bbox 2540 3358 2634 3410; x_wconf 77' lang='grc' dir='ltr'>καὶ</span> <span class='ocrx_word' id='word_1_462' title='bbox 2675 3361 2788 3422; x_wconf 85' lang='grc' dir='ltr'>τοῖς</span> <span class='ocrx_word' id='word_1_463' title='bbox 2825 3358 3261 3427; x_wconf 81' lang='grc' dir='ltr'>συνειλεγμένοις</span> <span class='ocrx_word' id='word_1_464' title='bbox 3300 3360 3621 3424; x_wconf 78' lang='grc' dir='ltr'>ἐπισκόποις</span> <span class='ocrx_word' id='word_1_465' title='bbox 3653 3361 3821 3416; x_wconf 75' lang='grc' dir='ltr'>αὐτὸν</span> 
     </span>
    </p>
   </div>
   <div class='ocr_carea' id='block_1_79' title="bbox 2226 3447 3823 3521">
    <p class='ocr_par' dir='ltr' id='par_1_79' title="bbox 2226 3447 3823 3521">
     <span class='ocr_line' id='line_1_79' title="bbox 2226 3447 3823 3521; baseline 0.001 -21"><span class='ocrx_word' id='word_1_466' title='bbox 2226 3451 2293 3519; x_wconf 81' lang='grc' dir='ltr'>τῇ</span> <span class='ocrx_word' id='word_1_467' title='bbox 2344 3447 2466 3518; x_wconf 82' lang='grc' dir='ltr'>θείᾳ</span> <span class='ocrx_word' id='word_1_468' title='bbox 2528 3450 2902 3518; x_wconf 80' lang='grc' dir='ltr'>προσαγαγεῖν</span> <span class='ocrx_word' id='word_1_469' title='bbox 2935 3447 3297 3518; x_wconf 83' lang='grc' dir='ltr'>παρηγγύησε</span> <span class='ocrx_word' id='word_1_470' title='bbox 3324 3449 3556 3519; x_wconf 83' lang='grc' dir='ltr'>χάριτι,</span> <span class='ocrx_word' id='word_1_471' title='bbox 3593 3451 3689 3503; x_wconf 76' lang='grc' dir='ltr'>καὶ</span> <span class='ocrx_word' id='word_1_472' title='bbox 3720 3451 3823 3521; x_wconf 84' lang='grc' dir='ltr'>τῆς</span> 
     </span>
    </p>
   </div>
   <div class='ocr_carea' id='block_1_80' title="bbox 2230 3539 3823 3611">
    <p class='ocr_par' dir='ltr' id='par_1_80' title="bbox 2230 3539 3823 3611">
     <span class='ocr_line' id='line_1_80' title="bbox 2230 3539 3823 3611; baseline 0.004 -22"><span class='ocrx_word' id='word_1_473' title='bbox 2230 3540 2496 3610; x_wconf 80' lang='grc' dir='ltr'>μεγίστης</span> <span class='ocrx_word' id='word_1_474' title='bbox 2526 3540 2743 3609; x_wconf 78' lang='grc' dir='ltr'>ἐκείνης</span> <span class='ocrx_word' id='word_1_475' title='bbox 2774 3539 2980 3603; x_wconf 84' lang='grc' dir='ltr'>πόλεως</span> <span class='ocrx_word' id='word_1_476' title='bbox 3012 3540 3286 3609; x_wconf 80' lang='grc' dir='ltr'>ἀποφῆναι</span> <span class='ocrx_word' id='word_1_477' title='bbox 3315 3541 3569 3611; x_wconf 84' lang='grc' dir='ltr'>ποιμένα.</span> <span class='ocrx_word' id='word_1_478' title='bbox 3608 3542 3823 3596; x_wconf 71' lang='grc' dir='ltr'>Ἱκανὸν</span> 
     </span>
    </p>
   </div>
   <div class='ocr_carea' id='block_1_81' title="bbox 2226 3629 3822 3704">
    <p class='ocr_par' dir='ltr' id='par_1_81' title="bbox 2226 3629 3822 3704">
     <span class='ocr_line' id='line_1_81' title="bbox 2226 3629 3822 3704; baseline 0.003 -22"><span class='ocrx_word' id='word_1_479' title='bbox 2226 3630 2283 3682; x_wconf 74' lang='grc' dir='ltr'>δὲ</span> <span class='ocrx_word' id='word_1_480' title='bbox 2319 3631 2412 3683; x_wconf 73' lang='grc' dir='ltr'>καὶ</span> <span class='ocrx_word' id='word_1_481' title='bbox 2462 3629 2623 3682; x_wconf 73' lang='grc' dir='ltr'>τοῦτο</span> <span class='ocrx_word' id='word_1_482' title='bbox 2652 3631 2813 3699; x_wconf 87' lang='grc' dir='ltr'>μόνον</span> <span class='ocrx_word' id='word_1_483' title='bbox 2834 3630 3076 3701; x_wconf 85' lang='grc' dir='ltr'>δηλῶσαι</span> <span class='ocrx_word' id='word_1_484' title='bbox 3105 3630 3199 3684; x_wconf 79' lang='grc' dir='ltr'>τοῦ</span> <span class='ocrx_word' id='word_1_485' title='bbox 3245 3631 3512 3700; x_wconf 83' lang='grc' dir='ltr'>βασιλέως</span> <span class='ocrx_word' id='word_1_486' title='bbox 3537 3632 3637 3703; x_wconf 76' lang='grc' dir='ltr'>τὴν</span> <span class='ocrx_word' id='word_1_487' title='bbox 3691 3633 3822 3704; x_wconf 77' lang='grc' dir='ltr'>περὶ</span> 
     </span>
    </p>
   </div>
   <div class='ocr_carea' id='block_1_82' title="bbox 2226 3720 3821 3794">
    <p class='ocr_par' dir='ltr' id='par_1_82' title="bbox 2226 3720 3821 3794">
     <span class='ocr_line' id='line_1_82' title="bbox 2226 3720 3821 3794; baseline 0.001 -21"><span class='ocrx_word' id='word_1_488' title='bbox 2226 3720 2296 3774; x_wconf 77' lang='grc' dir='ltr'><strong>τά</strong></span> <span class='ocrx_word' id='word_1_489' title='bbox 2323 3721 2442 3774; x_wconf 84' lang='grc' dir='ltr'>θεῖα</span> <span class='ocrx_word' id='word_1_490' title='bbox 2469 3721 2727 3792; x_wconf 78' lang='grc' dir='ltr'>σπουδήν.</span> <span class='ocrx_word' id='word_1_491' title='bbox 2752 3721 2907 3775; x_wconf 78' lang='grc' dir='ltr'>Κατὰ</span> <span class='ocrx_word' id='word_1_492' title='bbox 2930 3721 3119 3775; x_wconf 78' lang='grc' dir='ltr'>τοῦτον</span> <span class='ocrx_word' id='word_1_493' title='bbox 3149 3722 3240 3776; x_wconf 74' lang='grc' dir='ltr'>τὸν</span> <span class='ocrx_word' id='word_1_494' title='bbox 3259 3723 3470 3794; x_wconf 74' lang='grc' dir='ltr'>χρόνον,</span> <span class='ocrx_word' id='word_1_495' title='bbox 3489 3724 3821 3793; x_wconf 83' lang='grc' dir='ltr'>Ἀντιοχείας</span> 
     </span>
    </p>
   </div>
   <div class='ocr_carea' id='block_1_83' title="bbox 2232 3812 3820 3883">
    <p class='ocr_par' dir='ltr' id='par_1_83' title="bbox 2232 3812 3820 3883">
     <span class='ocr_line' id='line_1_83' title="bbox 2232 3812 3820 3883; baseline 0.003 -19"><span class='ocrx_word' id='word_1_496' title='bbox 2232 3813 2331 3883; x_wconf 69' lang='grc' dir='ltr'>μὲν</span> <span class='ocrx_word' id='word_1_497' title='bbox 2360 3814 2388 3865; x_wconf 86' lang='grc' dir='ltr'><strong>ὁ</strong></span> <span class='ocrx_word' id='word_1_498' title='bbox 2424 3813 2566 3875; x_wconf 83' lang='grc' dir='ltr'>θεῖος</span> <span class='ocrx_word' id='word_1_499' title='bbox 2597 3814 2782 3882; x_wconf 75' lang='grc' dir='ltr'>ἡγεῖτο</span> <span class='ocrx_word' id='word_1_500' title='bbox 2828 3812 3145 3878; x_wconf 79' lang='grc' dir='ltr'>Φλαδιανὺς,</span> <span class='ocrx_word' id='word_1_501' title='bbox 3178 3814 3495 3878; x_wconf 82' lang='grc' dir='ltr'>Λαοδικείας</span> <span class='ocrx_word' id='word_1_502' title='bbox 3521 3816 3565 3847; x_wconf 72' lang='grc'>³⁷</span> <span class='ocrx_word' id='word_1_503' title='bbox 3612 3814 3670 3868; x_wconf 86' lang='grc' dir='ltr'>δὲ</span> <span class='ocrx_word' id='word_1_504' title='bbox 3702 3814 3820 3868; x_wconf 80' lang='grc' dir='ltr'><strong>Ἐλο</strong></span> 
     </span>
    </p>
   </div>
   <div class='ocr_carea' id='block_1_84' title="bbox 2229 3902 3819 3975">
    <p class='ocr_par' dir='ltr' id='par_1_84' title="bbox 2229 3902 3819 3975">
     <span class='ocr_line' id='line_1_84' title="bbox 2229 3902 3819 3975; baseline 0 -19"><span class='ocrx_word' id='word_1_505' title='bbox 2229 3903 2425 3966; x_wconf 79' lang='grc' dir='ltr'>πίδιος,</span> <span class='ocrx_word' id='word_1_506' title='bbox 2460 3902 2554 3956; x_wconf 84' lang='grc' dir='ltr'><strong>τοῦ</strong></span> <span class='ocrx_word' id='word_1_507' title='bbox 2587 3902 2823 3972; x_wconf 84' lang='grc' dir='ltr'>μεγάλου</span> <span class='ocrx_word' id='word_1_508' title='bbox 2878 3903 3144 3957; x_wconf 87' lang='grc' dir='ltr'>Μελετίου</span> <span class='ocrx_word' id='word_1_509' title='bbox 3185 3904 3476 3975; x_wconf 85' lang='grc' dir='ltr'>γενόμενος</span> <span class='ocrx_word' id='word_1_510' title='bbox 3526 3903 3819 3974; x_wconf 82' lang='grc' dir='ltr'>σύσκηνος,</span> 
     </span>
    </p>
   </div>
   <div class='ocr_carea' id='block_1_85' title="bbox 2229 3995 3823 4069">
    <p class='ocr_par' dir='ltr' id='par_1_85' title="bbox 2229 3995 3823 4069">
     <span class='ocr_line' id='line_1_85' title="bbox 2229 3995 3823 4069; baseline -0.005 -17"><span class='ocrx_word' id='word_1_511' title='bbox 2229 3996 2328 4052; x_wconf 72' lang='grc' dir='ltr'>καὶ</span> <span class='ocrx_word' id='word_1_512' title='bbox 2345 3997 2446 4068; x_wconf 86' lang='grc' dir='ltr'><strong>τὴν</strong></span> <span class='ocrx_word' id='word_1_513' title='bbox 2475 3996 2685 4050; x_wconf 75' lang='grc' dir='ltr'>ἐκείνου</span> <span class='ocrx_word' id='word_1_514' title='bbox 2717 3995 2998 4062; x_wconf 71' lang='grc' dir='ltr'>πολιτείαν</span> <span class='ocrx_word' id='word_1_515' title='bbox 3039 3997 3419 4069; x_wconf 77' lang='grc' dir='ltr'>ὲκμαξάμενος</span> <span class='ocrx_word' id='word_1_516' title='bbox 3475 3995 3681 4066; x_wconf 79' lang='grc' dir='ltr'>μᾶλλον</span> <span class='ocrx_word' id='word_1_517' title='bbox 3707 3995 3741 4064; x_wconf 82' lang='grc' dir='ltr'>ἢ</span> <span class='ocrx_word' id='word_1_518' title='bbox 3780 3996 3823 4028; x_wconf 75' lang='grc' dir='ltr'><strong>ι’</strong></span> 
     </span>
    </p>
   </div>
   <div class='ocr_carea' id='block_1_86' title="bbox 2231 4080 3825 4161">
    <p class='ocr_par' dir='ltr' id='par_1_86' title="bbox 2231 4080 3825 4161">
     <span class='ocr_line' id='line_1_86' title="bbox 2231 4080 3825 4161; baseline -0.001 -19"><span class='ocrx_word' id='word_1_519' title='bbox 2231 4089 2398 4161; x_wconf 74' lang='grc' dir='ltr'>κηρὸς</span> <span class='ocrx_word' id='word_1_520' title='bbox 2444 4088 2553 4142; x_wconf 83' lang='grc' dir='ltr'><strong>τῶν</strong></span> <span class='ocrx_word' id='word_1_521' title='bbox 2581 4088 2885 4142; x_wconf 83' lang='grc' dir='ltr'>δακτυλίων</span> <span class='ocrx_word' id='word_1_522' title='bbox 2930 4089 3059 4151; x_wconf 71' lang='grc' dir='ltr'>τοὺς</span> <span class='ocrx_word' id='word_1_523' title='bbox 3088 4088 3316 4152; x_wconf 87' lang='grc' dir='ltr'>τύπους.</span> <span class='ocrx_word' id='word_1_524' title='bbox 3373 4080 3542 4151; x_wconf 57' lang='lat' dir='ltr'><strong>(Iino;</strong></span> <span class='ocrx_word' id='word_1_525' title='bbox 3578 4086 3681 4157; x_wconf 82' lang='grc' dir='ltr'>μὲν</span> <span class='ocrx_word' id='word_1_526' title='bbox 3722 4084 3825 4140; x_wconf 74' lang='grc' dir='ltr'><strong>οὖν</strong></span> 
     </span>
    </p>
   </div>
   <div class='ocr_carea' id='block_1_87' title="bbox 2228 4178 3828 4252">
    <p class='ocr_par' dir='ltr' id='par_1_87' title="bbox 2228 4178 3828 4252">
     <span class='ocr_line' id='line_1_87' title="bbox 2228 4178 3828 4252; baseline 0.001 -19"><span class='ocrx_word' id='word_1_527' title='bbox 2228 4179 2323 4233; x_wconf 78' lang='grc' dir='ltr'><strong>τὸν</strong></span> <span class='ocrx_word' id='word_1_528' title='bbox 2359 4178 2530 4248; x_wconf 84' lang='grc' dir='ltr'>μέγαν</span> <span class='ocrx_word' id='word_1_529' title='bbox 2585 4178 2848 4249; x_wconf 85' lang='grc' dir='ltr'>Πελάγιον</span> <span class='ocrx_word' id='word_1_530' title='bbox 2893 4180 3186 4246; x_wconf 75' lang='grc' dir='ltr'>διεδέξατοο</span> <span class='ocrx_word' id='word_1_531' title='bbox 3232 4179 3327 4233; x_wconf 76' lang='grc' dir='ltr'><strong>τὸν</strong></span> <span class='ocrx_word' id='word_1_532' title='bbox 3366 4179 3425 4233; x_wconf 80' lang='grc' dir='ltr'>δὲ</span> <span class='ocrx_word' id='word_1_533' title='bbox 3479 4178 3622 4233; x_wconf 80' lang='grc' dir='ltr'>θεῖον</span> <span class='ocrx_word' id='word_1_534' title='bbox 3662 4179 3828 4252; x_wconf 84' lang='grc' dir='ltr'>Μάρ-</span> 
     </span>
    </p>
   </div>
   <div class='ocr_carea' id='block_1_88' title="bbox 2231 4269 3825 4342">
    <p class='ocr_par' dir='ltr' id='par_1_88' title="bbox 2231 4269 3825 4342">
     <span class='ocr_line' id='line_1_88' title="bbox 2231 4269 3825 4342; baseline 0.001 -19"><span class='ocrx_word' id='word_1_535' title='bbox 2231 4269 2418 4323; x_wconf 84' lang='grc' dir='ltr'>κελλον</span> <span class='ocrx_word' id='word_1_536' title='bbox 2457 4270 2767 4342; x_wconf 74' lang='grc' dir='ltr'>’Λγαπητδς</span> <span class='ocrx_word' id='word_1_537' title='bbox 2799 4272 2828 4324; x_wconf 84' lang='grc' dir='ltr'>ὁ</span> <span class='ocrx_word' id='word_1_538' title='bbox 2882 4272 3265 4342; x_wconf 74' lang='grc' dir='ltr'>πανεύφημος,</span> <span class='ocrx_word' id='word_1_539' title='bbox 3290 4271 3350 4325; x_wconf 82' lang='grc' dir='ltr'><strong>ὃν</strong></span> <span class='ocrx_word' id='word_1_540' title='bbox 3370 4273 3429 4324; x_wconf 82' lang='grc' dir='ltr'>ὲν</span> <span class='ocrx_word' id='word_1_541' title='bbox 3481 4274 3602 4333; x_wconf 85' lang='grc' dir='ltr'>ταῖς</span> <span class='ocrx_word' id='word_1_542' title='bbox 3640 4272 3825 4342; x_wconf 75' lang='grc' dir='ltr'>ἀσκη-</span> 
     </span>
    </p>
   </div>
   <div class='ocr_carea' id='block_1_89' title="bbox 2231 4364 3830 4437">
    <p class='ocr_par' dir='ltr' id='par_1_89' title="bbox 2231 4364 3830 4437">
     <span class='ocr_line' id='line_1_89' title="bbox 2231 4364 3830 4437; baseline 0.001 -21"><span class='ocrx_word' id='word_1_543' title='bbox 2231 4364 2413 4426; x_wconf 83' lang='grc' dir='ltr'>τικαῖς</span> <span class='ocrx_word' id='word_1_544' title='bbox 2461 4364 2828 4437; x_wconf 79' lang='grc' dir='ltr'>παλαίστραις</span> <span class='ocrx_word' id='word_1_545' title='bbox 2867 4365 3193 4428; x_wconf 82' lang='grc' dir='ltr'>διαπρέπειν</span> <span class='ocrx_word' id='word_1_546' title='bbox 3241 4365 3378 4436; x_wconf 73' lang='grc' dir='ltr'>ἔφην</span> <span class='ocrx_word' id='word_1_547' title='bbox 3427 4366 3568 4419; x_wconf 61' lang='grc' dir='ltr'>κατὰ</span> <span class='ocrx_word' id='word_1_548' title='bbox 3604 4366 3696 4419; x_wconf 85' lang='grc' dir='ltr'><strong>τὸν</strong></span> <span class='ocrx_word' id='word_1_549' title='bbox 3720 4366 3830 4437; x_wconf 74' lang='grc' dir='ltr'>τῆς</span> 
     </span>
    </p>
   </div>
   <div class='ocr_carea' id='block_1_90' title="bbox 2233 4454 3828 4527">
    <p class='ocr_par' dir='ltr' id='par_1_90' title="bbox 2233 4454 3828 4527">
     <span class='ocr_line' id='line_1_90' title="bbox 2233 4454 3828 4527; baseline 0.001 -19"><span class='ocrx_word' id='word_1_550' title='bbox 2233 4454 2515 4525; x_wconf 75' lang='grc' dir='ltr'>αίρῖτικῆς</span> <span class='ocrx_word' id='word_1_551' title='bbox 2554 4455 2721 4527; x_wconf 82' lang='grc' dir='ltr'>ζάλης</span> <span class='ocrx_word' id='word_1_552' title='bbox 2773 4456 2983 4527; x_wconf 85' lang='grc' dir='ltr'>καιρόν.</span> <span class='ocrx_word' id='word_1_553' title='bbox 3009 4457 3327 4521; x_wconf 79' lang='grc' dir='ltr'>Σελευκείας</span> <span class='ocrx_word' id='word_1_554' title='bbox 3348 4457 3404 4511; x_wconf 77' lang='grc' dir='ltr'><strong>δὲ</strong></span> <span class='ocrx_word' id='word_1_555' title='bbox 3436 4459 3533 4527; x_wconf 76' lang='grc' dir='ltr'>τῆς</span> <span class='ocrx_word' id='word_1_556' title='bbox 3582 4457 3719 4526; x_wconf 82' lang='grc' dir='ltr'>πρὸς</span> <span class='ocrx_word' id='word_1_557' title='bbox 3743 4455 3828 4527; x_wconf 82' lang='grc' dir='ltr'>τῷ</span> 
     </span>
    </p>
   </div>
   <div class='ocr_carea' id='block_1_91' title="bbox 548 4527 2125 4618">
    <p class='ocr_par' dir='ltr' id='par_1_91' title="bbox 548 4527 2125 4617">
     <span class='ocr_line' id='line_1_91' title="bbox 548 4527 2125 4617; baseline -0.009 -19"><span class='ocrx_word' id='word_1_558' title='bbox 548 4527 781 4600; x_wconf 84' lang='lat' dir='ltr'><strong>Joannis</strong></span> <span class='ocrx_word' id='word_1_559' title='bbox 806 4544 823 4561; x_wconf 87' lang='lat'><strong>&#39;</strong></span> <span class='ocrx_word' id='word_1_560' title='bbox 858 4537 1302 4617; x_wconf 85' lang='lat' dir='ltr'><strong>condiscipulus,</strong></span> <span class='ocrx_word' id='word_1_561' title='bbox 1349 4545 1405 4588; x_wconf 88' lang='lat' dir='ltr'><strong>et</strong></span> <span class='ocrx_word' id='word_1_562' title='bbox 1429 4531 1759 4587; x_wconf 79' lang='lat' dir='ltr'><strong>Theodorus</strong></span> <span class='ocrx_word' id='word_1_563' title='bbox 1784 4529 2125 4600; x_wconf 70' lang='lat' dir='ltr'><strong>Mopsuestia:</strong></span> 
     </span>
    </p>
   </div>
   <div class='ocr_carea' id='block_1_92' title="bbox 2226 4527 3823 4618">
    <p class='ocr_par' dir='ltr' id='par_1_92' title="bbox 2236 4545 3823 4618">
     <span class='ocr_line' id='line_1_92' title="bbox 2236 4545 3823 4618; baseline 0.002 -20"><span class='ocrx_word' id='word_1_564' title='bbox 2236 4545 2436 4616; x_wconf 84' lang='grc' dir='ltr'>Ταύρῳ</span> <span class='ocrx_word' id='word_1_565' title='bbox 2470 4545 2744 4615; x_wconf 79' lang='grc' dir='ltr'>Μάξιμος,</span> <span class='ocrx_word' id='word_1_566' title='bbox 2790 4546 3041 4601; x_wconf 82' lang='grc' dir='ltr'>Ἰωάννου</span> <span class='ocrx_word' id='word_1_567' title='bbox 3085 4547 3180 4601; x_wconf 79' lang='grc' dir='ltr'>τοῦ</span> <span class='ocrx_word' id='word_1_568' title='bbox 3230 4550 3371 4602; x_wconf 85' lang='grc' dir='ltr'>πάνυ</span> <span class='ocrx_word' id='word_1_569' title='bbox 3418 4548 3823 4618; x_wconf 74' lang='grc' dir='ltr'>συμφοιτητὴς,</span> 
     </span>
    </p>
   </div>
   <div class='ocr_carea' id='block_1_93' title="bbox 549 4621 2137 4697">
    <p class='ocr_par' dir='ltr' id='par_1_93' title="bbox 549 4621 2137 4697">
     <span class='ocr_line' id='line_1_93' title="bbox 549 4621 2137 4697; baseline -0.009 -9"><span class='ocrx_word' id='word_1_570' title='bbox 549 4634 713 4690; x_wconf 90' lang='lat' dir='ltr'><strong>ambo</strong></span> <span class='ocrx_word' id='word_1_571' title='bbox 743 4633 1001 4688; x_wconf 87' lang='lat' dir='ltr'><strong>doctores</strong></span> <span class='ocrx_word' id='word_1_572' title='bbox 1032 4629 1299 4697; x_wconf 84' lang='lat' dir='ltr'><strong>insignes.</strong></span> <span class='ocrx_word' id='word_1_573' title='bbox 1337 4623 1553 4679; x_wconf 86' lang='lat' dir='ltr'><strong>Claruit</strong></span> <span class='ocrx_word' id='word_1_574' title='bbox 1592 4622 1760 4677; x_wconf 86' lang='lat' dir='ltr'><strong>etiam</strong></span> <span class='ocrx_word' id='word_1_575' title='bbox 1800 4630 1855 4677; x_wconf 93' lang='lat' dir='ltr'><strong>et</strong></span> <span class='ocrx_word' id='word_1_576' title='bbox 1879 4621 2137 4691; x_wconf 90' lang='lat' dir='ltr'><strong>pruden—</strong></span> 
     </span>
    </p>
   </div>
   <div class='ocr_carea' id='block_1_94' title="bbox 552 4714 2136 4786">
    <p class='ocr_par' dir='ltr' id='par_1_94' title="bbox 552 4714 2136 4786">
     <span class='ocr_line' id='line_1_94' title="bbox 552 4714 2136 4786; baseline -0.008 -5"><span class='ocrx_word' id='word_1_577' title='bbox 552 4728 627 4782; x_wconf 88' lang='lat' dir='ltr'><strong>tia</strong></span> <span class='ocrx_word' id='word_1_578' title='bbox 655 4734 711 4781; x_wconf 84' lang='lat' dir='ltr'><strong>ct</strong></span> <span class='ocrx_word' id='word_1_579' title='bbox 747 4726 852 4778; x_wconf 88' lang='lat' dir='ltr'><strong>vita</strong></span> <span class='ocrx_word' id='word_1_580' title='bbox 883 4723 1103 4778; x_wconf 76' lang='lat' dir='ltr'><strong>divinus</strong></span> <span class='ocrx_word' id='word_1_581' title='bbox 1131 4718 1366 4773; x_wconf 82' lang='lat' dir='ltr'><strong>Aeacius</strong></span> <span class='ocrx_word' id='word_1_582' title='bbox 1388 4757 1402 4777; x_wconf 87' lang='lat'><strong>,</strong></span> <span class='ocrx_word' id='word_1_583' title='bbox 1440 4714 1647 4770; x_wconf 77' lang='lat' dir='ltr'><strong>Bertea:</strong></span> <span class='ocrx_word' id='word_1_584' title='bbox 1683 4715 2000 4786; x_wconf 85' lang='lat' dir='ltr'><strong>episc0pus.</strong></span> <span class='ocrx_word' id='word_1_585' title='bbox 2028 4714 2136 4770; x_wconf 88' lang='lat' dir='ltr'><strong>Ga-</strong></span> 
     </span>
    </p>
   </div>
   <div class='ocr_carea' id='block_1_95' title="bbox 554 4807 2135 4883">
    <p class='ocr_par' dir='ltr' id='par_1_95' title="bbox 554 4807 2135 4883">
     <span class='ocr_line' id='line_1_95' title="bbox 554 4807 2135 4883; baseline -0.006 -12"><span class='ocrx_word' id='word_1_586' title='bbox 554 4819 788 4873; x_wconf 83' lang='lat' dir='ltr'><strong>latarum</strong></span> <span class='ocrx_word' id='word_1_587' title='bbox 842 4830 974 4870; x_wconf 88' lang='lat' dir='ltr'><strong>vero</strong></span> <span class='ocrx_word' id='word_1_588' title='bbox 1026 4819 1241 4883; x_wconf 83' lang='lat' dir='ltr'><strong>gentem</strong></span> <span class='ocrx_word' id='word_1_589' title='bbox 1280 4809 1548 4878; x_wconf 86' lang='lat' dir='ltr'><strong>pascebat</strong></span> <span class='ocrx_word' id='word_1_590' title='bbox 1608 4807 1901 4870; x_wconf 78' lang='lat' dir='ltr'><strong>Leontius,</strong></span> <span class='ocrx_word' id='word_1_591' title='bbox 1946 4808 2135 4862; x_wconf 83' lang='lat' dir='ltr'><strong>multis</strong></span> 
     </span>
    </p>
   </div>
   <div class='ocr_carea' id='block_1_96' title="bbox 554 4901 1456 4977">
    <p class='ocr_par' dir='ltr' id='par_1_96' title="bbox 554 4901 1456 4977">
     <span class='ocr_line' id='line_1_96' title="bbox 554 4901 1456 4977; baseline -0.009 -15"><span class='ocrx_word' id='word_1_592' title='bbox 554 4909 822 4963; x_wconf 82' lang='lat' dir='ltr'><strong>virtutum</strong></span> <span class='ocrx_word' id='word_1_593' title='bbox 869 4904 1168 4977; x_wconf 82' lang='lat' dir='ltr'><strong>generibus</strong></span> <span class='ocrx_word' id='word_1_594' title='bbox 1197 4901 1456 4956; x_wconf 84' lang='lat' dir='ltr'><strong>illustris.</strong></span> 
     </span>
    </p>
   </div>
   <div class='ocr_carea' id='block_1_97' title="bbox 768 5072 1940 5149">
    <p class='ocr_par' dir='ltr' id='par_1_97' title="bbox 768 5072 1940 5149">
     <span class='ocr_line' id='line_1_97' title="bbox 768 5072 1940 5149; baseline -0.008 -13"><span class='ocrx_word' id='word_1_595' title='bbox 768 5080 921 5137; x_wconf 72' lang='lat' dir='ltr'><strong>CAP.</strong></span> <span class='ocrx_word' id='word_1_596' title='bbox 962 5076 1201 5134; x_wconf 72' lang='lat' dir='ltr'>XXVIII.</span> <span class='ocrx_word' id='word_1_597' title='bbox 1302 5075 1389 5149; x_wconf 79' lang='lat' dir='ltr'><strong>IB.</strong></span> <span class='ocrx_word' id='word_1_598' title='bbox 1426 5074 1509 5131; x_wconf 85' lang='lat' dir='ltr'><strong>St.</strong></span> <span class='ocrx_word' id='word_1_599' title='bbox 1553 5074 1618 5128; x_wconf 82' lang='lat' dir='ltr'><strong>V.</strong></span> <span class='ocrx_word' id='word_1_600' title='bbox 1657 5073 1761 5130; x_wconf 84' lang='lat' dir='ltr'><strong>Ch.</strong></span> <span class='ocrx_word' id='word_1_601' title='bbox 1801 5072 1940 5146; x_wconf 74' lang='lat'><strong>28.]</strong></span> 
     </span>
    </p>
   </div>
   <div class='ocr_carea' id='block_1_98' title="bbox 831 5165 1848 5240">
    <p class='ocr_par' dir='ltr' id='par_1_98' title="bbox 831 5165 1848 5240">
     <span class='ocr_line' id='line_1_98' title="bbox 831 5165 1848 5240; baseline -0.008 -14"><span class='ocrx_word' id='word_1_602' title='bbox 831 5173 903 5227; x_wconf 80' lang='lat' dir='ltr'><strong>De</strong></span> <span class='ocrx_word' id='word_1_603' title='bbox 938 5172 1120 5227; x_wconf 83' lang='lat' dir='ltr'><strong>divina</strong></span> <span class='ocrx_word' id='word_1_604' title='bbox 1149 5169 1308 5240; x_wconf 79' lang='lat' dir='ltr'><strong>hujus</strong></span> <span class='ocrx_word' id='word_1_605' title='bbox 1327 5168 1558 5239; x_wconf 77' lang='lat' dir='ltr'><strong>episcopi</strong></span> <span class='ocrx_word' id='word_1_606' title='bbox 1590 5165 1848 5221; x_wconf 82' lang='lat' dir='ltr'><strong>libertate.</strong></span> 
     </span>
    </p>
   </div>
   <div class='ocr_carea' id='block_1_99' title="bbox 629 5318 2223 5417">
    <p class='ocr_par' dir='ltr' id='par_1_99' title="bbox 629 5318 2223 5417">
     <span class='ocr_line' id='line_1_99' title="bbox 629 5318 2223 5417; baseline -0.006 -16"><span class='ocrx_word' id='word_1_607' title='bbox 629 5347 856 5417; x_wconf 78' lang='lat' dir='ltr'><strong>Magnus</strong></span> <span class='ocrx_word' id='word_1_608' title='bbox 901 5364 1034 5405; x_wconf 88' lang='lat' dir='ltr'><strong>vero</strong></span> <span class='ocrx_word' id='word_1_609' title='bbox 1076 5348 1340 5412; x_wconf 83' lang='lat' dir='ltr'><strong>Joannes,</strong></span> <span class='ocrx_word' id='word_1_610' title='bbox 1408 5342 1684 5413; x_wconf 82' lang='lat' dir='ltr'><strong>susceptis</strong></span> <span class='ocrx_word' id='word_1_611' title='bbox 1728 5340 1991 5396; x_wconf 55' lang='lat' dir='ltr'><strong>Ecclesia</strong></span> <span class='ocrx_word' id='word_1_612' title='bbox 2037 5354 2139 5409; x_wconf 85' lang='lat' dir='ltr'><strong>gu-</strong></span> <span class='ocrx_word' id='word_1_613' title='bbox 2218 5318 2223 5327; x_wconf 32' lang='grc'><strong><em>³</em></strong></span> 
     </span>
    </p>
   </div>
   <div class='ocr_carea' id='block_1_100' title="bbox 560 5431 2139 5511">
    <p class='ocr_par' dir='ltr' id='par_1_100' title="bbox 560 5431 2139 5511">
     <span class='ocr_line' id='line_1_100' title="bbox 560 5431 2139 5511; baseline -0.004 -17"><span class='ocrx_word' id='word_1_614' title='bbox 560 5439 891 5505; x_wconf 84' lang='lat' dir='ltr'><strong>beruaculis,</strong></span> <span class='ocrx_word' id='word_1_615' title='bbox 915 5451 970 5496; x_wconf 88' lang='lat' dir='ltr'><strong>et</strong></span> <span class='ocrx_word' id='word_1_616' title='bbox 1000 5440 1189 5511; x_wconf 85' lang='lat' dir='ltr'><strong>iniqua</strong></span> <span class='ocrx_word' id='word_1_617' title='bbox 1227 5436 1443 5510; x_wconf 74' lang='lat'><strong>1069</strong></span> <span class='ocrx_word' id='word_1_618' title='bbox 1472 5434 1841 5506; x_wconf 89' lang='lat' dir='ltr'><strong>quorumdam</strong></span> <span class='ocrx_word' id='word_1_619' title='bbox 1883 5431 2026 5487; x_wconf 83' lang='lat' dir='ltr'><strong>facta</strong></span> <span class='ocrx_word' id='word_1_620' title='bbox 2068 5432 2139 5487; x_wconf 91' lang='lat' dir='ltr'><strong>Ii-</strong></span> 
     </span>
    </p>
   </div>
   <div class='ocr_carea' id='block_1_101' title="bbox 2233 4632 3827 4710">
    <p class='ocr_par' dir='ltr' id='par_1_101' title="bbox 2233 4632 3827 4710">
     <span class='ocr_line' id='line_1_101' title="bbox 2233 4632 3827 4710; baseline 0 -19"><span class='ocrx_word' id='word_1_621' title='bbox 2233 4637 2330 4691; x_wconf 59' lang='grc' dir='ltr'><strong>καί¹</strong></span> <span class='ocrx_word' id='word_1_622' title='bbox 2366 4637 2641 4708; x_wconf 83' lang='grc' dir='ltr'>Θεόδωρος</span> <span class='ocrx_word' id='word_1_623' title='bbox 2690 4639 2788 4709; x_wconf 81' lang='grc' dir='ltr'>τῆς</span> <span class='ocrx_word' id='word_1_624' title='bbox 2817 4638 3216 4708; x_wconf 78' lang='grc' dir='ltr'>Μοψουεστίας·</span> <span class='ocrx_word' id='word_1_625' title='bbox 3240 4632 3408 4710; x_wconf 70' lang='grc' dir='ltr'><strong>ἄμῖρω</strong></span> <span class='ocrx_word' id='word_1_626' title='bbox 3429 4639 3492 4693; x_wconf 69' lang='grc' dir='ltr'>δὲ</span> <span class='ocrx_word' id='word_1_627' title='bbox 3514 4638 3827 4692; x_wconf 54' lang='grc' dir='ltr'>διδασκάλω</span> 
     </span>
    </p>
   </div>
   <div class='ocr_carea' id='block_1_102' title="bbox 2231 4726 3828 4802">
    <p class='ocr_par' dir='ltr' id='par_1_102' title="bbox 2231 4726 3828 4802">
     <span class='ocr_line' id='line_1_102' title="bbox 2231 4726 3828 4802; baseline 0.001 -20"><span class='ocrx_word' id='word_1_628' title='bbox 2231 4729 2404 4801; x_wconf 72' lang='grc' dir='ltr'>ἤστην</span> <span class='ocrx_word' id='word_1_629' title='bbox 2440 4726 2701 4800; x_wconf 79' lang='grc' dir='ltr'>λαμπρὼ.</span> <span class='ocrx_word' id='word_1_630' title='bbox 2754 4729 3036 4801; x_wconf 79' lang='grc' dir='ltr'>Διέλαμπε</span> <span class='ocrx_word' id='word_1_631' title='bbox 3083 4730 3141 4784; x_wconf 72' lang='grc' dir='ltr'>δὲ</span> <span class='ocrx_word' id='word_1_632' title='bbox 3191 4731 3406 4784; x_wconf 79' lang='grc' dir='ltr'>συνέσει</span> <span class='ocrx_word' id='word_1_633' title='bbox 3456 4746 3518 4784; x_wconf 85' lang='grc' dir='ltr'><strong>τε</strong></span> <span class='ocrx_word' id='word_1_634' title='bbox 3571 4731 3667 4784; x_wconf 78' lang='grc' dir='ltr'><strong>καὶ</strong></span> <span class='ocrx_word' id='word_1_635' title='bbox 3721 4731 3828 4802; x_wconf 79' lang='grc' dir='ltr'><strong>βίῳ</strong></span> 
     </span>
    </p>
   </div>
   <div class='ocr_carea' id='block_1_103' title="bbox 2232 4819 3859 4892">
    <p class='ocr_par' dir='ltr' id='par_1_103' title="bbox 2232 4819 3859 4892">
     <span class='ocr_line' id='line_1_103' title="bbox 2232 4819 3859 4892; baseline 0.001 -18"><span class='ocrx_word' id='word_1_636' title='bbox 2232 4822 2261 4874; x_wconf 81' lang='grc' dir='ltr'>ὁ</span> <span class='ocrx_word' id='word_1_637' title='bbox 2298 4819 2443 4883; x_wconf 82' lang='grc' dir='ltr'>θεῖος</span> <span class='ocrx_word' id='word_1_638' title='bbox 2484 4820 2742 4881; x_wconf 86' lang='grc' dir='ltr'>’Λκάκιος</span> <span class='ocrx_word' id='word_1_639' title='bbox 2798 4821 2995 4875; x_wconf 80' lang='grc' dir='ltr'>ἰθύνων</span> <span class='ocrx_word' id='word_1_640' title='bbox 3026 4821 3125 4892; x_wconf 81' lang='grc' dir='ltr'>τὴν</span> <span class='ocrx_word' id='word_1_641' title='bbox 3167 4822 3418 4892; x_wconf 74' lang='grc' dir='ltr'>Βέροιανο</span> <span class='ocrx_word' id='word_1_642' title='bbox 3472 4821 3732 4883; x_wconf 78' lang='grc' dir='ltr'>Λεόντιος</span> <span class='ocrx_word' id='word_1_643' title='bbox 3767 4821 3859 4875; x_wconf 71' lang='grc' dir='ltr'><strong>δὲ-</strong></span> 
     </span>
    </p>
   </div>
   <div class='ocr_carea' id='block_1_104' title="bbox 2232 4907 3831 4980">
    <p class='ocr_par' dir='ltr' id='par_1_104' title="bbox 2232 4907 3831 4980">
     <span class='ocr_line' id='line_1_104' title="bbox 2232 4907 3831 4980; baseline 0 -19"><span class='ocrx_word' id='word_1_644' title='bbox 2232 4907 2294 4962; x_wconf 84' lang='grc' dir='ltr'><strong>τδ</strong></span> <span class='ocrx_word' id='word_1_645' title='bbox 2328 4907 2582 4962; x_wconf 81' lang='grc' dir='ltr'>Γαλατῶν</span> <span class='ocrx_word' id='word_1_646' title='bbox 2613 4910 2931 4980; x_wconf 84' lang='grc' dir='ltr'>ἐποίμαινεν</span> <span class='ocrx_word' id='word_1_647' title='bbox 2954 4910 3128 4974; x_wconf 80' lang='grc' dir='ltr'>ἔθνος,</span> <span class='ocrx_word' id='word_1_648' title='bbox 3152 4911 3371 4972; x_wconf 80' lang='grc' dir='ltr'>πολλοῖς</span> <span class='ocrx_word' id='word_1_649' title='bbox 3397 4909 3597 4964; x_wconf 71' lang='grc' dir='ltr'>εἴδεσιν</span> <span class='ocrx_word' id='word_1_650' title='bbox 3618 4908 3831 4980; x_wconf 72' lang='grc' dir='ltr'>ἀρετῆς</span> 
     </span>
    </p>
   </div>
   <div class='ocr_carea' id='block_1_105' title="bbox 2234 4998 2712 5073">
    <p class='ocr_par' dir='ltr' id='par_1_105' title="bbox 2234 4998 2712 5073">
     <span class='ocr_line' id='line_1_105' title="bbox 2234 4998 2712 5073; baseline 0.004 -21"><span class='ocrx_word' id='word_1_651' title='bbox 2234 4998 2712 5073; x_wconf 74' lang='grc' dir='ltr'>λαμπρυνάμενος.</span> 
     </span>
    </p>
   </div>
   <div class='ocr_carea' id='block_1_106' title="bbox 2813 5092 3234 5145">
    <p class='ocr_par' dir='ltr' id='par_1_106' title="bbox 2813 5092 3234 5145">
     <span class='ocr_line' id='line_1_106' title="bbox 2813 5092 3234 5145; baseline -0.002 -1"><span class='ocrx_word' id='word_1_652' title='bbox 2813 5092 3066 5145; x_wconf 80' lang='grc' dir='ltr'>ΚΕΦΛΛ.</span> <span class='ocrx_word' id='word_1_653' title='bbox 3096 5092 3234 5145; x_wconf 81' lang='lat' dir='ltr'><strong>KH&#39;.</strong></span> 
     </span>
    </p>
   </div>
   <div class='ocr_carea' id='block_1_107' title="bbox 2234 5179 3826 5320">
    <p class='ocr_par' dir='ltr' id='par_1_107' title="bbox 2234 5179 3826 5320">
     <span class='ocr_line' id='line_1_107' title="bbox 2234 5179 3826 5320; baseline -0.002 -85"><span class='ocrx_word' id='word_1_654' title='bbox 2234 5180 2371 5250; x_wconf 75' lang='grc' dir='ltr'>Περὶ</span> <span class='ocrx_word' id='word_1_655' title='bbox 2403 5179 2512 5249; x_wconf 78' lang='grc' dir='ltr'>τῆς</span> <span class='ocrx_word' id='word_1_656' title='bbox 2541 5183 2691 5237; x_wconf 80' lang='grc' dir='ltr'>κατὰ</span> <span class='ocrx_word' id='word_1_657' title='bbox 2725 5181 2875 5236; x_wconf 83' lang='grc' dir='ltr'><strong>Θεὸν</strong></span> <span class='ocrx_word' id='word_1_658' title='bbox 2900 5184 3114 5320; x_wconf 54' lang='grc' dir='ltr'>ἓούτρυ</span> <span class='ocrx_word' id='word_1_659' title='bbox 3164 5182 3270 5236; x_wconf 79' lang='grc' dir='ltr'>τοῦ</span> <span class='ocrx_word' id='word_1_660' title='bbox 3298 5180 3635 5235; x_wconf 74' lang='grc' dir='ltr'>ἐπισκόπου</span> <span class='ocrx_word' id='word_1_661' title='bbox 3674 5179 3826 5249; x_wconf 72' lang='grc' dir='ltr'>παῤ-</span> 
     </span>
     <span class='ocr_line' id='line_1_108' title="bbox 2808 5257 3809 5319; baseline 0.003 -15"><span class='ocrx_word' id='word_1_662' title='bbox 2808 5287 2813 5295; x_wconf 89' lang='grc'><strong><em>-</em></strong></span> <span class='ocrx_word' id='word_1_663' title='bbox 2950 5267 3030 5319; x_wconf 71' lang='lat' dir='ltr'><strong>na</strong></span> <span class='ocrx_word' id='word_1_664' title='bbox 3055 5269 3148 5317; x_wconf 86' lang='grc' dir='ltr'><strong>ας.</strong></span> <span class='ocrx_word' id='word_1_665' title='bbox 3788 5257 3809 5275; x_wconf 81' lang='grc'><strong>⁸</strong></span> 
     </span>
    </p>
   </div>
   <div class='ocr_carea' id='block_1_108' title="bbox 2808 5257 3809 5308">
    <p class='ocr_par' dir='ltr' id='par_1_108' title="bbox 2808 5257 3809 5308">
     <span class='ocr_line' id='line_1_109' title="bbox 2808 5257 3809 5308; baseline -0.002 0"><span class='ocrx_word' id='word_1_666' title='bbox 2808 5287 2813 5295; x_wconf 91' lang='lat'><em>-</em></span> <span class='ocrx_word' id='word_1_667' title='bbox 2904 5257 3148 5308; x_wconf 73' lang='grc' dir='ltr'>ρησίαο.</span> <span class='ocrx_word' id='word_1_668' title='bbox 3788 5257 3809 5275; x_wconf 79' lang='grc'><strong>⁸</strong></span> 
     </span>
    </p>
   </div>
   <div class='ocr_carea' id='block_1_109' title="bbox 2315 5267 3826 5414">
    <p class='ocr_par' dir='ltr' id='par_1_109' title="bbox 2315 5267 3826 5414">
     <span class='ocr_line' id='line_1_110' title="bbox 2808 5267 3809 5308; baseline 0.011 -6"><span class='ocrx_word' id='word_1_669' title='bbox 2808 5287 2813 5295; x_wconf 85' lang='grc'>.</span> <span class='ocrx_word' id='word_1_670' title='bbox 3033 5267 3091 5304; x_wconf 79' lang='lat' dir='ltr'><strong>ta</strong></span> <span class='ocrx_word' id='word_1_671' title='bbox 3135 5294 3148 5308; x_wconf 95' lang='lat'><strong>.</strong></span> <span class='ocrx_word' id='word_1_672' title='bbox 3789 5267 3809 5275; x_wconf 83' lang='lat'>&#39;</span> 
     </span>
     <span class='ocr_line' id='line_1_111' title="bbox 2315 5267 3826 5414; baseline 0.001 -19"><span class='ocrx_word' id='word_1_673' title='bbox 2315 5341 2375 5396; x_wconf 84' lang='grc' dir='ltr'>Ὀ</span> <span class='ocrx_word' id='word_1_674' title='bbox 2413 5342 2469 5395; x_wconf 85' lang='grc' dir='ltr'><strong>δὲ</strong></span> <span class='ocrx_word' id='word_1_675' title='bbox 2499 5343 2673 5413; x_wconf 79' lang='grc' dir='ltr'>μέγας</span> <span class='ocrx_word' id='word_1_676' title='bbox 2710 5267 3128 5414; x_wconf 42' lang='grc' dir='ltr'><strong>Ἰωάννιῗςῖἲῖοὺξ</strong></span> <span class='ocrx_word' id='word_1_677' title='bbox 3145 5344 3185 5377; x_wconf 82' lang='grc'><strong>¹⁹</strong></span> <span class='ocrx_word' id='word_1_678' title='bbox 3223 5336 3826 5414; x_wconf 67' lang='grc' dir='ltr'>Ἐκκλησίαςδεξάμε-</span> 
     </span>
    </p>
   </div>
   <div class='ocr_carea' id='block_1_110' title="bbox 2237 5431 3831 5506">
    <p class='ocr_par' dir='ltr' id='par_1_110' title="bbox 2237 5431 3831 5506">
     <span class='ocr_line' id='line_1_112' title="bbox 2237 5431 3831 5506; baseline -0.002 -20"><span class='ocrx_word' id='word_1_679' title='bbox 2237 5449 2326 5496; x_wconf 90' lang='grc' dir='ltr'>νος</span> <span class='ocrx_word' id='word_1_680' title='bbox 2346 5433 2560 5498; x_wconf 75' lang='grc' dir='ltr'>οἴακας,</span> <span class='ocrx_word' id='word_1_681' title='bbox 2582 5433 2680 5498; x_wconf 89' lang='grc' dir='ltr'><strong>τάς</strong></span> <span class='ocrx_word' id='word_1_682' title='bbox 2700 5451 2761 5487; x_wconf 87' lang='grc' dir='ltr'><strong>τε</strong></span> <span class='ocrx_word' id='word_1_683' title='bbox 2790 5434 2947 5506; x_wconf 87' lang='grc' dir='ltr'>παρά</span> <span class='ocrx_word' id='word_1_684' title='bbox 2974 5451 3134 5488; x_wconf 83' lang='grc' dir='ltr'>τινων</span> <span class='ocrx_word' id='word_1_685' title='bbox 3161 5434 3451 5505; x_wconf 83' lang='grc' dir='ltr'>γινομένας</span> <span class='ocrx_word' id='word_1_686' title='bbox 3477 5431 3691 5494; x_wconf 83' lang='grc' dir='ltr'>ἀδικίας</span> <span class='ocrx_word' id='word_1_687' title='bbox 3723 5431 3831 5484; x_wconf 71' lang='grc' dir='ltr'><strong>σὺν</strong></span> 
     </span>
    </p>
   </div>
   <div class='ocr_carea' id='block_1_111' title="bbox 1823 5604 2500 5664">
    <p class='ocr_par' dir='ltr' id='par_1_111' title="bbox 1823 5604 2500 5664">
     <span class='ocr_line' id='line_1_113' title="bbox 1823 5604 2500 5664; baseline 0.003 -2"><span class='ocrx_word' id='word_1_688' title='bbox 1823 5604 2057 5662; x_wconf 63' lang='grc' dir='ltr'><strong>ἺΑῘΠΙΕ</strong></span> <span class='ocrx_word' id='word_1_689' title='bbox 2099 5604 2500 5664; x_wconf 75' lang='lat' dir='ltr'><strong>LECTIONES.</strong></span> 
     </span>
    </p>
   </div>
   <div class='ocr_carea' id='block_1_112' title="bbox 632 5719 3826 5801">
    <p class='ocr_par' dir='ltr' id='par_1_112' title="bbox 632 5719 3826 5801">
     <span class='ocr_line' id='line_1_114' title="bbox 632 5719 3826 5801; baseline -0 -21"><span class='ocrx_word' id='word_1_690' title='bbox 632 5727 676 5761; x_wconf 84' lang='grc'><strong>¹⁸</strong></span> <span class='ocrx_word' id='word_1_691' title='bbox 696 5725 884 5801; x_wconf 67' lang='grc' dir='ltr'>αύτήν.</span> <span class='ocrx_word' id='word_1_692' title='bbox 911 5725 1259 5801; x_wconf 55' lang='lat' dir='ltr'><strong>Pinicodex.</strong></span> <span class='ocrx_word' id='word_1_693' title='bbox 1315 5725 1568 5801; x_wconf 33' lang='lat' dir='ltr'><strong>&quot;_Sic-et</strong></span> <span class='ocrx_word' id='word_1_694' title='bbox 1594 5721 1759 5801; x_wconf 57' lang='lat' dir='ltr'><strong>Basil.</strong></span> <span class='ocrx_word' id='word_1_695' title='bbox 1785 5719 2002 5801; x_wconf 74' lang='lat' dir='ltr'><strong>Gr._S_ed</strong></span> <span class='ocrx_word' id='word_1_696' title='bbox 2025 5721 2184 5801; x_wconf 59' lang='lat' dir='ltr'><strong>epdd:</strong></span> <span class='ocrx_word' id='word_1_697' title='bbox 2221 5720 2338 5801; x_wconf 44' lang='lat' dir='ltr'><strong>Plini</strong></span> <span class='ocrx_word' id='word_1_698' title='bbox 2366 5731 2421 5778; x_wconf 95' lang='lat' dir='ltr'><strong>et</strong></span> <span class='ocrx_word' id='word_1_699' title='bbox 2449 5721 2713 5795; x_wconf 84' lang='lat' dir='ltr'><strong>Stephani</strong></span> <span class='ocrx_word' id='word_1_700' title='bbox 2747 5741 2760 5777; x_wconf 90' lang='lat'><strong>:</strong></span> <span class='ocrx_word' id='word_1_701' title='bbox 2789 5723 3152 5797; x_wconf 77' lang='grc' dir='ltr'>Τηλεμάχιος.</span> <span class='ocrx_word' id='word_1_702' title='bbox 3227 5724 3272 5759; x_wconf 70' lang='grc'><strong>’⁷</strong></span> <span class='ocrx_word' id='word_1_703' title='bbox 3303 5723 3619 5787; x_wconf 83' lang='grc' dir='ltr'>Λαοδικίας.</span> <span class='ocrx_word' id='word_1_704' title='bbox 3650 5722 3826 5798; x_wconf 57' lang='lat' dir='ltr'><strong>Basil2</strong></span> 
     </span>
    </p>
   </div>
   <div class='ocr_carea' id='block_1_113' title="bbox 563 5790 3825 5868">
    <p class='ocr_par' dir='ltr' id='par_1_113' title="bbox 563 5790 3825 5868">
     <span class='ocr_line' id='line_1_115' title="bbox 563 5790 3825 5868; baseline -0.015 -13"><span class='ocrx_word' id='word_1_705' title='bbox 563 5798 661 5855; x_wconf 83' lang='lat' dir='ltr'><strong>Gr.</strong></span> <span class='ocrx_word' id='word_1_706' title='bbox 744 5790 1006 5852; x_wconf 65' lang='lat' dir='ltr'><strong>&quot;oaddit</strong></span> <span class='ocrx_word' id='word_1_707' title='bbox 1041 5796 1182 5849; x_wconf 86' lang='lat' dir='ltr'><strong>idem</strong></span> <span class='ocrx_word' id='word_1_708' title='bbox 1215 5813 1339 5850; x_wconf 90' lang='lat' dir='ltr'><strong>cum</strong></span> <span class='ocrx_word' id='word_1_709' title='bbox 1358 5795 1547 5868; x_wconf 79' lang='lat' dir='ltr'><strong>Steph.</strong></span> <span class='ocrx_word' id='word_1_710' title='bbox 1622 5795 1663 5827; x_wconf 74' lang='grc' dir='ltr'><strong>ι’</strong></span> <span class='ocrx_word' id='word_1_711' title='bbox 1687 5790 1789 5859; x_wconf 80' lang='grc' dir='ltr'><strong>τῆς</strong></span> <span class='ocrx_word' id='word_1_712' title='bbox 1837 5792 1984 5848; x_wconf 86' lang='lat' dir='ltr'><strong>addit</strong></span> <span class='ocrx_word' id='word_1_713' title='bbox 2035 5790 2202 5847; x_wconf 85' lang='lat' dir='ltr'><strong>Basil.</strong></span> <span class='ocrx_word' id='word_1_714' title='bbox 2248 5790 2342 5845; x_wconf 82' lang='lat' dir='ltr'><strong>Gr.</strong></span> <span class='ocrx_word' id='word_1_715' title='bbox 2548 5790 2565 5795; x_wconf 69' lang='lat'><strong><em>‘</em></strong></span> <span class='ocrx_word' id='word_1_716' title='bbox 2856 5790 2868 5797; x_wconf 81' lang='lat'><strong>&#39;</strong></span> <span class='ocrx_word' id='word_1_717' title='bbox 2939 5790 2951 5796; x_wconf 88' lang='lat'>&#39;</span> <span class='ocrx_word' id='word_1_718' title='bbox 3016 5790 3048 5795; x_wconf 79' lang='lat'><strong>&quot;</strong></span> <span class='ocrx_word' id='word_1_719' title='bbox 3812 5794 3825 5798; x_wconf 65' lang='grc' dir='ltr'><strong>ι</strong></span> 
     </span>
    </p>
   </div>
  </div>
