4124 6398
416 343 558 421 l35‘.’

1414 332 2004 414 ECCLESIASTICzE
2042 349 2425 416 HISTORizE
2465 356 2609 416 LIB.
2650 354 2717 417 v-

3543 363 3679 428 12.38

413 466 705 541 παρρησίᾳ
752 464 1022 535 διήλεγχε,
1059 465 1153 518 καὶ
1198 464 1411 535 βασιλεῖ
1459 467 1555 520 καὶ
1588 465 1820 535 βασιλίδι
1852 482 1990 536 παρ-

2102 463 2229 519 bere
2294 468 2584 539 arguebat,
2633 478 2687 523 ct
2754 471 3075 539 imperatori
3128 482 3291 535 atque.
3339 474 3677 545 imperati-iri

411 557 532 631 ῄνει
566 557 637 611 τὰ
681 556 985 629 πρόσφορα,
1018 557 1112 609 καὶ
1137 556 1261 620 τοὺς
1314 556 1494 629 ἱερέας
1523 557 1672 627 ἠξίου
1696 555 1839 612 κατὰ
1867 556 1994 619 τοὺς

409 652 703 722 κειμένους
754 647 1131 702 πολιτεύεσθαι
1191 649 1409 719 νόμους·
1457 650 1587 711 τοὺς
1651 648 1708 701 δὲ
1771 647 1995 709 τούτους

408 740 774 813 παραϐαίνειν
820 738 1134 809 τολμῶντας
1175 739 1477 792 ἐπιϐαίνειν
1518 738 1627 791 τῶν
1674 737 1992 807 ἀνακτόρων

407 832 673 893 ἐκώλυεν,
725 831 787 884 ού
839 833 1035 901 χρῆναι
1089 829 1285 897 λέγων,
1330 829 1432 899 τῆς
1486 829 1585 900 μὲν
1639 828 1748 881 τῶν
1800 828 1992 899 ἱερέων

402 921 705 977 ἀπολαύειν
732 922 780 952 ¹⁰
816 923 1005 990 τιμῆς,
1038 920 1139 991 τὴν
1177 920 1233 973 δὲ
1276 918 1389 974 τῶν
1423 920 1641 990 ἀληθῶν
1670 918 1860 990 ἱερέων
1916 917 1992 989 μὴ
2026 934 2029 937 λ

403 1011 610 1083 ζηλοῦν
638 1011 844 1082 βιοτήν.
877 1010 987 1063 Καὶ
1015 995 1473 1080 ταύτηνέποιεῖτο
1500 1010 1600 1081 τὴν
1630 1009 1989 1081 προμήθειαν,

400 1106 468 1158 οὐ
511 1104 672 1173 μόνον
707 1102 924 1172 ἐκείνης
952 1101 1049 1172 τῆς
1084 1101 1313 1166 πόλεως,
1343 1100 1484 1154 ἀλλά
1515 1102 1608 1154 καὶ
1638 1101 1736 1171 τῆς
1768 1101 1992 1173 Θρᾴκης

402 1195 654 1263 ἀπάσης,
706 1194 786 1256 είς
835 1191 894 1258 ἒξ
935 1191 991 1244 δὲ
1038 1190 1178 1262 αὕτη
1238 1191 1535 1262 ἡγεμονίας
1574 1192 1849 1263 διῄρηται,
1899 1192 1991 1249 καὶ

402 1284 508 1352 τῆς
554 1284 743 1346 Ἀσίας
770 1282 920 1352 ὅλης,
949 1281 1054 1335 ὑπὸ
1087 1282 1280 1335 ἕνδεκα
1315 1281 1468 1354 [256]
1501 1283 1556 1336 δὲ
1590 1284 1685 1337 καὶ
1720 1282 1857 1354 αὕτη
1888 1285 1990 1354 ἀρα

400 1376 613 1444 χόντων
652 1374 911 1427 ἰθύνεται.
942 1374 1055 1426 Καὶ
1093 1374 1278 1444 μέντοι
1308 1375 1402 1427 καὶ
1446 1376 1543 1447 τὴν
1572 1375 1840 1446 Ποντικὴν
1863 1377 1990 1429 τού-

398 1482 519 1527 τοις
545 1466 879 1535 κατεκόσμει
914 1467 1027 1528 τοῖς
1056 1466 1264 1536 νόμοις,
1298 1465 1618 1537 ἰσαρίθμους
1649 1467 1706 1518 δὲ
1730 1468 1824 1520 καὶ
1851 1465 1990 1539 αὕτη

399 1558 520 1629 ἔχει
545 1560 644 1630 τῆς
688 1559 877 1623 Ἀσίας
903 1559 1029 1623 τοὺς
1062 1559 1422 1631 ἡγουμένους.

983 1650 1237 1707 ΚΕΦΑΛ.
1271 1651 1399 1704 ΚΘ¹.

398 1742 547 1812 Περὶ
580 1742 700 1796 τῶν
733 1742 807 1796 ἐν
834 1744 1080 1813 Φοινίκῃ
1107 1743 1183 1797 δι’
1211 1743 1398 1797 αὐτοῦ
1434 1741 1892 1813 κατωιυθέντων
1911 1746 1992 1798 εὶ-

932 1812 1207 1867 ὅωλικῶν
1230 1813 1385 1866 νεῶν
1410 1814 1478 1868 ³⁸.

474 1902 684 1960 Μαθὼν
730 1905 788 1958 δὲ
806 1903 906 1976 τὴν
949 1904 1205 1975 Φοινίκην
1253 1904 1335 1957 ἔτι
1368 1905 1498 1976 περὶ
1549 1904 1649 1969 τὰς
1668 1903 1775 1959 τῶν
1802 1905 1995 1977 δαιμό-

398 2013 511 2049 νων
547 1995 773 2059 τελετὰς
811 1995 1142 2067 μεμηνέναι,
1196 1995 1444 2065 ἀσκητάς
1502 1996 1603 2067 μὲν
1662 1996 1811 2069 ζήλῳ
1867 1998 1996 2069 θείῳ

399 2087 890 2157 πυρπολουμένονς
918 2088 1195 2154 συνέλεξε,
1224 2088 1415 2157 νόμοις
1457 2086 1516 2140 δὲ
1539 2088 1740 2152 αὐτοὺς
1764 2089 1994 2154 ὁπλίσεις

399 2179 727 2251 βασιλικοῖς,
750 2180 894 2234 κατά
944 2180 1051 2233 τῶν
1090 2179 1383 2234 εἰδωλικῶν
1422 2178 1697 2250 ἐξέπεμψε
1726 2182 1989 2252 τεμενῶν.

396 2272 483 2325 Τὰ
534 2272 593 2325 δὲ
633 2274 745 2337 τοῖς
786 2271 1119 2326 καταλύουσι
1160 2273 1435 2343 τεχνίταις
1486 2272 1580 2326 καὶ
1629 2275 1744 2336 τοῖς
1785 2273 1993 2329 τούτων

396 2364 704 2433 ὑπουργοῖς
730 2363 1112 2434 χορηγούμενα
1163 2366 1429 2436 χρήματα
1464 2363 1565 2416 ούκ
1612 2364 1678 2418 ἐκ
1723 2366 1992 2434 ταμιείων

397 2444 702 2526 βασιλικῶν
745 2454 1039 2526 λαμϐάνων
1086 2455 1398 2526 ἀνήλισκεν,
1449 2454 1586 2510 ἀλλά
1621 2453 1721 2520 τὰς
1774 2455 1992 2528 πλούτῳ

391 2546 661 2615 κομώσας
686 2547 782 2599 καὶ
814 2547 996 2600 πίστει
1026 2545 1491 2618 λαμπρυνομένας
1539 2548 1811 2614 γυναῖκας
1840 2547 1990 2616 φιλο-

390 2636 576 2707 τίμως
609 2636 784 2691 ταῦτα
827 2636 1090 2708 παρέχειν
1136 2635 1414 2702 ἀνέπειθε,
1461 2636 1568 2707 τὴν
1605 2641 1670 2691 ὲκ
1716 2638 1816 2707 τῆς
1860 2656 1990 2711 χορ-

392 2728 563 2798 ηγίας
598 2728 874 2799 φυομένην
918 2729 1171 2797 εὐλογίαν
1204 2729 1419 2792 δεικνύς
1449 2729 1517 2783 ³³.
1565 2730 1704 2793 Τοὺς
1756 2730 1853 2800 μὲν
1895 2726 1990 2787 οὖν

392 2818 825 2886 ὑπολειφθέντας
882 2819 1000 2872 τῶν
1051 2819 1323 2890 δαιμόνων
1391 2822 1594 2890 σηκοὺς
1640 2820 1829 2875 τοῦτον
1897 2823 1990 2877 τὸν

390 2910 600 2982 τρόπον
641 2912 706 2965 ἐκ
732 2911 948 2984 βάθρων
976 2913 1299 2966 ἀνέσπασεν.

1000 3002 1255 3057 ΚΕΦΑΛ.
1300 3002 1380 3055 Λ’.

631 3082 773 3160 Περὶ
819 3091 931 3159 τῆς
969 3092 1306 3159 ἐκκλησίας
1347 3091 1465 3146 τῶν
1502 3081 1762 3147 Γότθων.

2099 559 2471 615 conducibilia
2517 561 2868 632 suggerebat,
2913 572 2970 618 et
3019 564 3340 620 sacerdotes
3388 575 3544 622 utsex
3602 570 3681 623 Ie-

2099 667 2227 721 gum
2283 654 2607 724 praescripto
2660 654 2907 709 viverent
2954 655 3289 711 admonebat
3343 674 3357 711 :
3414 674 3510 714 eos
3550 675 3681 714 vero

2099 742 2194 805 qui
2227 742 2325 799 has
2361 744 2567 800 violare
2594 745 2712 800 ausi
2739 754 2948 808 essent,
2972 748 3276 802 sanctuarii
3303 748 3452 805 aditu
3494 752 3683 820 prohi—

2102 834 2287 897 bebat,
2345 849 2456 889 non
2507 844 2767 906 oportere
2804 836 3000 892 dicens
3062 838 3413 893 sacerdotum
3472 840 3684 896 honore

2101 921 2234 987 frui,
2280 933 2336 979 et
2364 938 2621 980 verorum
2656 925 3003 981 sacerdotum
3047 926 3211 981 vitam
3256 942 3367 981 non
3407 929 3678 983 aemulari.

2097 1016 2287 1089 Neque
2331 1019 2472 1072 hanc
2500 1019 2594 1074 ille
2623 1018 3028 1088 providentiam
3059 1018 3283 1088 gerebat
3314 1020 3369 1074 in
3417 1020 3511 1074 illa
3556 1029 3682 1075 tan-

2100 1118 2212 1162 tum
2248 1109 2499 1175 civitate,
2542 1111 2636 1165 sed
2671 1110 2724 1164 in
2756 1094 2998 1165 Thracia
3024 1110 3188 1165 etiam
3223 1112 3485 1168 universa
3509 1152 3525 1177 ,
3558 1128 3682 1183 qua:

2100 1216 2193 1254 sex
2238 1200 2293 1254 in
2341 1201 2653 1269 provincias
2676 1202 2853 1256 divisa
2889 1209 2996 1269 est,
3026 1210 3080 1257 et
3115 1202 3169 1256 in
3200 1203 3331 1257 Asia
3373 1210 3511 1268 tota,
3557 1220 3681 1275 qua:

2099 1292 2170 1346 ab
2194 1292 2449 1347 undecim
2470 1294 2816 1362 prmsidibus
2851 1294 3064 1366 regitur
3095 1313 3110 1351 :
3139 1295 3275 1364 quin
3305 1303 3361 1351 et
3390 1294 3677 1351 Ponticam

2098 1400 2319 1454 quoque
2361 1385 2553 1441 iisdem
2587 1386 2797 1454 legibus
2832 1386 3069 1451 ornavit,
3102 1404 3225 1458 quae
3253 1404 3411 1456 pares
3444 1404 3680 1444 numero

2099 1490 2224 1529 cum
2253 1476 2381 1530 Asia
2419 1485 2663 1532 rectores
2712 1478 2893 1531 habet.

2376 1668 2532 1726 CAP.
2567 1670 2761 1725 XXIX.
2809 1670 2894 1744 [Β.
2927 1672 3009 1726 ει.
3042 1670 3228 1727 V.Ch.
3256 1671 3397 1744 29.]

2134 1759 2213 1815 De
2239 1761 2383 1831 [anis
2416 1763 2679 1817 idolorum
2710 1764 2775 1835 al;
2805 1764 2986 1819 eodem
3022 1765 3073 1818 in
3100 1762 3371 1817 Phoenicia
3402 1763 3645 1833 defectis.

2168 1877 2341 1934 Porro
2404 1894 2529 1932 cum
2584 1878 2793 1933 certior
2875 1879 3052 1932 factus
3115 1884 3262 1933 esset
3334 1874 3676 1932 Phccniciam

2097 1969 2276 2025 adhuc
2312 1970 2460 2024 circa
2512 1969 2787 2023 idolorum
2835 1969 3104 2025 sacrillcia
3156 1968 3422 2031 insanire,
3484 1982 3679 2022 mona-

2095 2062 2231 2116 chos
2257 2062 2377 2117 zelo
2402 2061 2590 2116 divino
2613 2062 2887 2117 ferventes
2909 2061 3152 2131 collegit,
3194 2060 3678 2130 imperatoriisque

2094 2162 2337 2208 armatos
2376 2152 2574 2208 edic1is
2607 2154 2876 2208 adversus
2913 2152 3185 2206 idolorum
3218 2152 3450 2206 delubra
3493 2151 3678 2205 immi-

2094 2245 2188 2298 sit.
2242 2242 2515 2299 Pecunias
2555 2253 2761 2309 autem,
2820 2259 2943 2315 qua:
2989 2243 3299 2297 artificibus
3324 2241 3673 2297 diruentibus

2092 2345 2147 2389 et
2200 2351 2390 2390 eorum
2458 2335 2731 2391 ministris
2792 2335 3200 2405 praebebantur,
3238 2349 3347 2387 non
3394 2349 3462 2389 ex
3504 2334 3672 2404 regiis

2093 2427 2369 2483 thesauris
2407 2427 2756 2498 depromptas
2790 2422 3129 2499 insumpsit,
3167 2428 3263 2483 sed
3303 2427 3675 2497 locupletibus

2092 2524 2148 2573 et
2180 2515 2286 2572 fide
2316 2517 2487 2573 claris
2516 2517 2759 2580 feminis,
2788 2525 2849 2572 ut
2876 2518 3179 2573 liberaliter
3215 2517 3315 2574 bas
3358 2517 3676 2588 suppedita-

2092 2617 2233 2673 rent,
2265 2610 2576 2680 persuasit,
2606 2609 3045 2665 benedictionem
3081 2623 3205 2679 quae
3245 2624 3310 2663 ex
3354 2608 3676 2679 erogatione

2092 2709 2420 2757 nasceretur
2454 2701 2772 2757 ostendens.
2822 2701 3049 2771 Reliqua
3085 2716 3215 2772 ergo
3247 2700 3555 2755 daemonum
3581 2698 3670 2754 dc-

2092 2792 2253 2848 lubra
2288 2795 2341 2849 in
2367 2794 2513 2849 hunc
2551 2794 2769 2848 modum
2804 2792 3053 2847 funditus
3086 2791 3435 2862 cxstirpavit.

2398 2978 2550 3034 car.
2584 2975 2752 3032 xxx.
2784 2976 2869 3050 [Β.
2908 2975 2991 3030 ει.
3026 2974 3090 3030 v.
3121 2976 3220 3031 cu.
3252 2974 3368 3047 δα]

2526 3071 2598 3126 De
2632 3070 2925 3125 Gothorum
2963 3068 3210 3123 ecclesia.

480 3179 659 3250 Ὁρῶν
819 3157 913 3233 καὶ
943 3180 988 3212 ’³
1021 3180 1113 3233 τὸν
1146 3157 1423 3234 -Σκυθικδν
1480 3181 1666 3251 ὅμιλον
1728 3179 1833 3234 ὑπδ
1889 3181 1986 3253 τῆς

2163 3164 2478 3236 Scythicam
2534 3173 2797 3234 prmtcrea
2853 3173 3069 3232 gentem
3134 3158 3413 3215 Ariauicis
3462 3157 3674 3213 retibus

409 3270 765 3341 ’Δρειανικῆς
821 3270 1162 3341 θηρευθέντα
1192 3271 1459 3341 σαγήνης,
1505 3272 1993 3342 ἀντεμηχανήσατο

393 3363 494 3416 καὶ
541 3361 724 3424 αὐτὸς,
760 3363 853 3415 καὶ
884 3364 1051 3434 πόρον
1094 3361 1273 3432 ἄγρας
1300 3362 1524 3433 ἐξεῦρεν
1567 3365 1634 3416 ’³.
1682 3363 1993 3433 Ὀμογλώτ-

390 3466 524 3517 τους
554 3456 666 3525 γὰρ
695 3454 927 3518 ἐκείνοις
980 3454 1028 3485 ⁸⁸
1063 3454 1492 3526 πρεσϐυτέρους,
1540 3456 1636 3507 καὶ
1683 3454 1988 3517 διακόνους,

393 3545 495 3598 καὶ⁵
537 3546 667 3610 τοὺς
703 3544 772 3599 τὰ
811 3546 929 3600 θεῖα
984 3544 1529 3616 ὕπαναγινώσκοντας
1566 3544 1726 3612 λόγια
1756 3544 1991 3616 προϐαλ-

393 3636 648 3706 λόμενος,
677 3637 807 3707 μίαν
828 3639 1039 3702 τούτοις
1069 3638 1365 3707 ἀπένειμεν
1417 3636 1735 3706 ἐκκλησίαν,
1779 3636 1874 3689 καὶ
1899 3634 1986 3688 διὰ

393 3725 607 3780 τούτων
646 3725 876 3792 πολλοὺς
907 3727 1015 3781 τῶν
1050 3727 1421 3798 πλανωμένων
1447 3726 1763 3797 ὲθήρευσεν.
1818 3725 1989 3788 Αὐτός

391 3834 458 3869 τε
483 3815 595 3887 γὰρ
629 3816 699 3870 τὰ
728 3818 955 3872 πλεῖστα
1005 3820 1187 3873 ἐκεῖσε
1218 3818 1420 3889 φοιτῶν
1454 3818 1746 3887 διελέγετο,
1811 3819 1990 3889 ἑρμη-

392 3909 562 3978 νευτῇ
615 3908 898 3979 χρώμενος
927 3909 1006 3981 τῷ
1055 3908 1325 3981 ἑκατέραν
1351 3907 1602 3977 γλῶσσαν
1640 3907 1991 3978 ἐπισταμένῳ

391 3999 528 4061 τινὶ,
562 3999 799 4062 καὶτοὺς
818 3999 1005 4069 ¹λέγειν
1034 4000 1438 4070 ἐπισταμένους
1466 3998 1624 4052 τοῦτο
1652 3998 1990 4070 παρεσκεύαα

394 4090 459 4153 Ca
488 4089 644 4162 δρᾷν.
679 4090 867 4145 Ταῦτα
919 4092 1016 4159 μὲν
1058 4090 1152 4146 οὖν
1184 4092 1332 4145 ἔνδον
1375 4093 1434 4144 ὲν
1471 4094 1538 4163 τῇ
1571 4091 1721 4145 πόλει
1764 4090 1987 4145 διετέλει

398 4183 593 4249 ποιῶν,
654 4184 751 4236 καὶ
812 4184 1044 4248 πολλοὺς
1099 4183 1210 4237 τῶν
1256 4184 1688 4255 ἐξηπατημένων
1731 4183 1985 4256 ἐζώγρει,

396 4274 509 4329 τῶν
563 4276 940 4331 ἀποστολικῶν
971 4276 1345 4347 κηρυγμάτων
1375 4274 1688 4338 ἐπιδεικνὺς
1721 4274 1818 4345 τὴν
1857 4275 1989 4346 ἀλή⁹

395 4355 568 4424 θειαν.

985 4466 1239 4524 ΚΕΦΑΔ.
1272 4456 1397 4519 AA’.

394 4551 683 4637 Uepl'tﬁc
713 4554 1065 4637 είςβκιζθας
1115 4554 1218 4637 εἶπ’
1247 4554 1437 4637 gi;qu
1466 4551 1794 4637 γενομένης
1837 4554 1983 4637 περ..
2019 4535 2067 4594 Ι)
2178 4532 2260 4589 De
2289 4532 2526 4605 ejusdem

466 4618 663 4745 Solae,
723 4621 822 4676 καί
862 4623 968 4678 τοῦ
1020 4618 1171 4677 κατὰ
1206 4623 1327 4678 τῶν
1376 4618 1840 4693 Μαςιικιὰνιστῶν
1889 4618 1983 4686 ζή-

510 4709 605 4745 ου.

510 4709 605 4746 ου.

471 4779 678 4835 Μαθὼν
711 4778 770 4835 δέ
794 4798 948 4845 τινας
978 4781 1089 4834 τῶν
1131 4780 1382 4851 νομάδων
1400 4782 1445 4814 ⁸⁸
1473 4780 1625 4851 παρά
1658 4780 1749 4833 τὸν
1775 4780 1988 4851 Ἵστρον

393 4872 818 4946 ἐσκηνωμένονς
845 4873 1006 4945 διψῇν
1043 4874 1141 4943 μὲν
1178 4873 1281 4943 τῆς
1330 4872 1628 4945 σωτηρίας,
1663 4870 1987 4943 ἐστερῆσθαι

388 4967 453 5021 δι’
481 4963 580 5020 τοῦ
606 4963 669 5018 τὸ
699 4965 745 4998 "’
785 4964 933 5035 νάμα
958 4965 1381 5037 προσφέροντος,
1416 4964 1758 5035 ἐπεζήτησεν
1785 4962 1985 5033 ἄνδρας

390 5054 499 5125 τὴν
516 5054 882 5124 ἀποστολικὴν
909 5054 1225 5123 φιλοπονίαν
1244 5053 1611 5126 ἐζηλωκότας,
1639 5052 1734 5107 καὶ
1762 5052 1985 5115 τούτους

394 5140 555 5217 [237]
589 5136 821 5209 ἐκείνοις
854 5145 1178 5216 ἐπέστησεν.
1208 5143 1350 5213 Ἐγὼ
1387 5144 1443 5198 δὲ
1490 5145 1536 5176 ’⁸
1567 5143 1664 5198 καὶ
1715 5140 1983 5213 γράμμα-

395 5250 486 5290 σιν
532 5236 869 5308 ἐντετύχηκα
898 5237 1026 5308 παρ’
1061 5234 1229 5291 αὐτοῦ
1271 5237 1527 5308 γραφεῖσι
1564 5234 1701 5305 πρὸς
1736 5232 1985 5286 Λεόντιον

400 5326 498 5381 τὸν
546 5327 824 5401 ’Δγκύρας
858 5328 1178 5392 ἐπίσκοπον,
1224 5327 1293 5381 δι’
1330 5322 1409 5381 ὧν
1454 5328 1548 5381 καὶ
1609 5325 1718 5379 τῶν
1760 5322 1985 5378 Σκυθῶν

2093 3266 2308 3328 captam
2345 3257 2561 3321 videns,
2601 3254 2815 3326 1070
2843 3263 3036 3309 contra
3079 3262 3132 3307 et
3176 3252 3293 3322 ipse
3327 3250 3675 3305 machinatus

2092 3360 2198 3415 est,
2248 3361 2302 3405 et
2331 3348 2585 3419 captandi
2622 3348 2765 3401 viam
2799 3345 3028 3400 invenit.
3055 3344 3189 3399 Nam
3241 3342 3487 3412 ejusdem
3526 3341 3677 3411 ipso-

2093 3455 2216 3493 rum
2250 3439 2451 3509 linguaa
2490 3437 2863 3509 presbyteros,
2888 3446 2941 3490 et
2968 3435 3253 3500 diaconos,
3285 3441 3338 3487 ct
3364 3433 3675 3487 divinarum

2092 3529 2508 3600 Scripturarum
2564 3528 2800 3583 lectores
2849 3527 3142 3589 ordinans,
3180 3541 3345 3579 unam
3388 3525 3469 3581 eis
3499 3524 3680 3579 ecclca

2092 3622 2232 3676 siam
2255 3622 2580 3692 assignavit,
2624 3619 2934 3690 horumque
2962 3633 3126 3686 opera
3154 3617 3356 3671 multos
3382 3617 3451 3671 ab
3485 3632 3676 3672 errore

2091 3712 2409 3765 vindicavit.
2441 3711 2655 3780 Smpius
2685 3710 2851 3764 etiam
2881 3709 2999 3779 ipse
3034 3708 3132 3762 illo
3161 3722 3221 3761 se
3249 3705 3542 3763 conferens
3564 3707 3677 3761 dis-

2091 3803 2332 3870 serebat,
2388 3803 2690 3871 interprete
2743 3817 2877 3856 usus
2907 3800 3092 3871 aliquo
3143 3799 3435 3868 utriusque
3469 3798 3674 3868 lingua:

2088 3894 2289 3963 perito,
2321 3900 2376 3948 et
2410 3907 2538 3962 erga
2564 3907 2659 3947 eos
2693 3893 2786 3961 qui
2815 3892 3093 3946 disserere
3125 3898 3403 3960 poterant,
3443 3897 3502 3942 ut
3526 3887 3671 3943 idem

2092 3992 2415 4056 praestarent
2439 3984 2740 4053 satagebat.
2799 3985 2977 4052 Atque
3006 3982 3123 4037 hac
3150 3981 3240 4035 ille.
3261 3982 3408 4035 intus
3443 3981 3498 4033 in
3534 3980 3674 4035 urbe

2090 4076 2314 4132 assidue
2351 4076 2595 4145 gerebat,
2631 4075 2948 4143 multosque
2976 4089 3043 4129 ex
3077 4073 3146 4129 iis
3181 4074 3275 4145 qui
3314 4071 3526 4143 decepti
3553 4071 3673 4128 fue-

2089 4176 2216 4225 rant
2246 4167 2577 4230 revocabat,
2609 4166 2897 4221 veritatem
2929 4165 3039 4220 illis
3066 4164 3366 4221 ostendens
3395 4163 3667 4236 praedica-

2089 4259 2259 4315 tionis
2293 4257 2626 4329 apostolicae.

2354 4439 2510 4496 car.
2553 4437 2747 4494 XXXI.
2784 4436 2871 4509 [Β.
2915 4436 2997 4492 ει.
3036 4434 3105 4492 v.
3143 4423 3410 4507 Clusi.)

2564 4547 2690 4601 ergo
2712 4529 2940 4601 Scythas
2979 4528 3328 4601 providentia,
3359 4526 3576 4597 sataque

2534 4598 2783 4655 aduersus
2813 4598 3215 4654 Marcionislas.

2168 4763 2390 4818 Rursus
2444 4773 2570 4814 cum
2620 4756 2925 4827 accepisset
2975 4754 3240 4811 nomadas
3285 4753 3557 4826 quosdam
3593 4755 3670 4812 ls-

2086 4870 2232 4916 trum
2258 4856 2573 4923 accolentes
2603 4851 2841 4907 salutem
2875 4849 3097 4921 quidem
3122 4848 3301 4913 sitire,
3337 4848 3432 4904 sed
3462 4849 3554 4919 qui
3586 4848 3669 4903 la-

2087 4952 2226 5006 tices
2272 4947 2541 5018 lamberet
2584 4943 2788 4999 habere
2825 4941 3125 5008 nemiuem,
3169 4940 3320 4995 viros
3376 4938 3668 5011 apostolici

2087 5040 2298 5099 laboris
2344 5036 2575 5093 amulos
2597 5032 2958 5103 conquisivit,
2982 5045 3190 5111 eosque
3230 5029 3342 5086 illis
3400 5027 3664 5098 praefecit.

2089 5135 2203 5206 Ego
2233 5146 2362 5187 vero
2398 5129 2519 5199 eius
2557 5140 2777 5198 quoque
2809 5125 3025 5180 litteras
3078 5121 3184 5192 legi
3242 5120 3312 5176 ad
3374 5118 3664 5175 Leontium

2087 5225 2407 5296 episcopum
2438 5222 2788 5290 Ancyranum
2830 5213 3090 5286 scriptas,
3114 5212 3321 5283 quibus
3343 5218 3399 5267 et
3431 5209 3668 5281 Scytha-

2087 5332 2210 5373 rum
2245 5312 2666 5371 conversionem
2693 5307 3064 5379 signiﬁcabat,
3094 5314 3151 5362 et
3182 5314 3243 5361 ut
3273 5304 3422 5359 viros
3443 5301 3552 5357 illis
3580 5316 3667 5356 re-

1692 5457 1931 5515 VARIJE
1969 5450 2378 5515 LECTIONES.

482 5603 531 5638 ⁸⁸
553 5599 866 5657 ἀπολαϐεῖν.
915 5596 1083 5653 Idem.
1158 5597 1200 5628 "
1231 5597 1372 5651 ναῶν
1418 5605 1632 5653 crelcra‘.
1686 5595 1842 5651 edilt.
1928 5596 1974 5626 "
2005 5588 2344 5652 ὕποδεικνύς.
2374 5584 2543 5640 Basil.
2574 5580 2670 5637 Gr.
2704 5585 2759 5633 et
2798 5580 2991 5707 Suam.
3066 5581 3115 5613 ’⁸
3144 5580 3239 5635 καὶ
3260 5580 3415 5635 abest
3437 5593 3467 5631 a
3500 5577 3665 5631 Basil.

488 5671 659 5707 αοαηι.
749 5670 796 5703 μ
824 5666 1069 5707 EFvn'incu,
1107 5666 1251 5707 Rneil
1316 5667 1391 5707 tt.-
1484 5668 1532 5701 ιε
1568 5666 1795 5707 Evn-[unm
1848 5664 2010 5707 l.lmn_
2092 5658 2381 5707 ³⁶Σκυθῶν
2428 5654 2637 5707 addunt
2664 5647 2836 5707 Basil.
2921 5659 3049 5707 ποι
3082 5650 3277 5707 Steph.
3354 5649 3475 5701 ’ττὸ
3512 5650 3665 5701 abest

394 5683 454 5729 et
488 5647 1083 5739 séﬁtilmﬁ'éisnb'ééii
1107 5647 1818 5739 Basilii-Gr."v‘l'réaielvurv.
1831 5647 2012 5720 idem.
2092 5663 2139 5694 ”
2156 5647 2381 5714 Σκυθῶν
2428 5654 2637 5711 addunt
2664 5647 2836 5707 Basil.

395 5745 470 5799 ab
500 5736 717 5798 iisdem.
790 5741 841 5773 ³⁸
872 5736 970 5791 τοι
989 5736 1152 5792 iidem
1186 5737 1413 5792 addunt.
1462 5768 1467 5773 -

801 5835 1079 5897 Pa'ruon.
1134 5833 1248 5892 Gn.
1278 5832 1596 5894 LXXXI].
1654 5840 1661 5843 ‘

2921 5667 2965 5707 r.
2992 5659 3049 5708 et
3082 5650 3277 5722 Steph.
3354 5649 3475 5701 ’ττὸ
3512 5650 3666 5701 abest

3228 5816 3305 5877 ιο
