4124 6434
535 361 674 431 1259

1489 357 1983 420 THEODORETI
2012 353 2354 416 EPISCUPI
2382 358 2750 422 CYRENSIS

3673 366 3809 432 1260

531 473 726 544 gendis
753 470 982 527 idoneos
1016 468 1259 524 mitteret
1290 468 1640 526 obsecrabat.
1675 467 1784 524 Sed
1826 478 1881 523 et
1914 467 1973 522 in
2031 481 2102 521 re

2218 463 2453 537 ἐδήλωσε
2494 468 2593 540 τὴν
2636 470 2961 543 μεταϐολὴν,
3013 472 3108 528 καὶ
3158 472 3472 545 πεμφθῆναι
3517 478 3562 509 ²⁹
3609 477 3813 549 ἄνδρας

528 568 693 637 gione
732 571 924 619 nostra
958 560 1253 616 Marcionis
1282 560 1476 616 haeresi
1534 560 1789 616 laborare
1844 558 2116 631 quosdam

530 660 684 713 vicos
739 656 1076 726 intelligens,
1108 654 1375 724 episcopo
1433 654 1526 723 qui
1557 661 1689 708 tunc
1727 660 1848 709 erat
1905 652 2117 707 litteras

527 749 776 820 scripsit,
816 748 1044 802 hortans
1079 752 1139 799 ut
1177 744 1436 799 morbum
1474 743 1815 815 proﬂigaret,
1836 743 2117 813 simulque

529 839 806 909 regiarum
857 836 1039 907 legum
1086 833 1410 891 subsidium
1465 834 1926 890 subministrans.
1964 833 2115 899 Quo-

526 933 689 985 modo
737 928 905 999 igitur
973 926 1353 983 Ecclesiarum
1428 926 1860 982 sollicitudinem
1928 925 2114 980 animo

520 1021 680 1093 juxta
723 1019 1048 1092 Apostolum
1107 1017 1517 1086 circumferret,
1548 1019 1686 1075 satis
1737 1018 1942 1075 docere
2004 1016 2110 1074 ista

525 1119 781 1184 possunt.

595 1295 807 1366 1071
844 1293 934 1367 [V.
967 1294 1069 1350 Cb.
1108 1294 1228 1367 52.]
1259 1294 1392 1366 Ejus
1425 1310 1557 1351 vero
1593 1295 1904 1351 libertatem
1945 1296 2113 1353 etiam

521 1388 749 1444 aliunde
785 1389 911 1442 licet
938 1402 1299 1459 cognoscere.

884 1486 899 1504 -
951 1479 1104 1535 car.
1154 1478 1375 1535 xxxu.
1406 1479 1491 1553 [Β.
1522 1479 1604 1536 ει.
1636 1479 1754 1552 32.}

526 1574 602 1629 De
659 1573 848 1629 Gaium
898 1572 1298 1641 postulatione,
1349 1582 1400 1654 et
1458 1571 1689 1627 Joannis
1745 1572 2111 1644 Chrysoslomi

1138 1658 1503 1714 responsione.

590 1732 798 1789 Gainas
839 1733 1090 1805 quidam,
1132 1731 1355 1786 natione
1386 1729 1613 1801 Scytha,
1646 1734 1740 1787 sed
1779 1740 1963 1789 mente
1986 1732 2113 1788 bar-

2220 558 2359 629 πρὸς
2377 559 2475 631 τὴν
2500 562 2709 616 τούτων
2765 564 3031 635 ποδηγίαν
3064 565 3403 635 ἐπιτηδείους
3435 567 3691 637 ἠξίωσεν.
3713 569 3807 622 Ἐν

2216 651 2285 719 τῇ
2333 648 2489 723 χώρα
2534 653 2590 705 δὲ
2630 657 2695 725 τῇ
2738 656 2986 726 ἡμετέρᾳ
3016 654 3116 727 τὴν
3155 653 3483 726 Μαρκίωνος
3515 656 3670 711 νόσον
3699 656 3810 712 κῶν

2220 756 2352 809 μαις
2377 742 2517 795 τισὶν
2539 743 2847 815 ἐπισκῆψαι
2866 745 3076 815 μαθὼν,
3094 745 3374 799 ἐπέστειλε
3397 745 3476 815 τῷ
3504 747 3810 817 τηνικαῦτα

2217 831 2580 901 ποιμαίνοντι,
2613 835 2710 888 καὶ
2738 835 3065 906 προτρέπων
3097 835 3349 903 ἐξελάσαι
3379 837 3479 906 τὴν
3504 836 3681 901 νόσον,
3713 836 3811 891 καὶ

2178 962 2182 967 ι
2215 923 2317 995 τὴν
2343 926 2451 981 άπδ
2496 927 2606 981 τῶν
2662 920 2960 1000 βασιλικῶν
2989 929 3171 1000 νόμων
3217 930 3541 1002 ἐπικουρίαν
3573 929 3808 1000 ὀρέγων.

2219 1016 2406 1083 Ὅπως
2437 1020 2535 1091 μὲν
2570 1017 2668 1077 οὖν
2695 1023 2800 1095 τὴν
2829 1023 2938 1076 τῶν
2968 1022 3309 1094 Ἐκκλησιῶν
3339 1022 3614 1094 μέριμναν
3648 1023 3707 1075 ἐν
3739 1024 3807 1093 τῇ

2214 1107 2361 1180 ψυχῇ
2391 1112 2712 1185 περιέφερε,
2748 1112 2894 1168 κατὰ
2925 1114 3017 1168 τὸν
3070 1113 3213 1166 θεῖον
3255 1111 3601 1200 Ἀπόστολον,
3644 1112 3811 1167 ἱκανά

2216 1206 2311 1257 καὶ
2330 1204 2503 1259 ταῦτα
2522 1206 2750 1274 διδάξαι.

2289 1296 2449 1352 Ἔστι
2494 1297 2553 1352 δὲ
2606 1299 2702 1353 καὶ
2729 1300 2993 1371 ἑτέρωθεν
3039 1298 3206 1354 αὑτοῦ
3235 1299 3336 1373 τὴν
3359 1299 3675 1373 παρρησίαν
3704 1314 3812 1372 μα-

2216 1388 2349 1442 θεῖν.

2797 1484 3049 1538 ΚΕΦΑΛ.
3087 1483 3209 1536 ΑΒ.

2216 1573 2361 1642 Περὶ
2400 1574 2511 1643 τῆς
2537 1572 2731 1647 Fami
2747 1576 2790 1607 ³⁸
2814 1576 3128 1643 αἰτήσεως,
3151 1576 3249 1630 καὶ
3273 1574 3384 1645 τῆς
3397 1575 3803 1647 ἀντιρῤήσεως

2596 1646 2881 1701 Ἰωάννου
2909 1647 3019 1702 τοῦ
3058 1648 3425 1701 ἐπισκόπου.

2286 1736 2486 1801 Γαῖνᾶς
2514 1737 2556 1769 ³¹
2599 1755 2704 1804 τις,
2743 1737 2959 1809 Σκύθης
2996 1738 3097 1810 μὲν
3136 1738 3199 1793 τὸ
3239 1739 3418 1808 γένος,
3454 1738 3807 1812 βαρόαρικὼ-

519 1824 726 1889 barior,
759 1837 813 1880 et
847 1822 1146 1880 insolentia
1193 1822 1504 1896 tyrannica,
1562 1823 1822 1893 magister
1870 1823 2102 1879 militum

2214 1842 2372 1898 τερος
2407 1827 2464 1881 δὲ
2492 1828 2593 1901 τὴν
2623 1831 2872 1901 γνώμην,
2917 1832 3228 1901 φρονήματι
3266 1830 3324 1883 δὲ
3366 1833 3678 1902 τυραννικῷ
3709 1848 3807 1886 κερ

515 1928 636 1972 erat
670 1918 763 1974 illo
797 1927 1042 1991 tempore
1085 1918 1177 1990 qui
1219 1925 1274 1973 et
1303 1933 1334 1974 e
1365 1926 1526 1989 gente
1565 1933 1667 1973 sua
1710 1920 1815 1975 sub
1845 1934 1904 1974 se
1935 1919 2107 1974 liabe-

516 2011 611 2063 bat
662 2011 948 2081 plurimos,
995 2022 1050 2066 et
1106 2024 1232 2064 cum
1282 2008 1370 2063 bis
1412 2007 1788 2064 llomanorum
1855 2010 2107 2080 equitum

519 2102 874 2173 peditumque
919 2102 1155 2157 ducebat
1204 2102 1531 2157 exercitum.
1582 2100 1900 2158 Metuebant
1949 2102 2105 2158 illum

517 2209 686 2263 porro
714 2210 822 2247 non
860 2193 1041 2249 solum
1078 2192 1168 2247 alii
1209 2207 1424 2259 omnes,
1454 2192 1549 2248 sed
1597 2193 1713 2264 ipse
1741 2195 1906 2250 etiam
1934 2194 2110 2265 impe-

513 2298 686 2349 rator,
736 2285 994 2341 meditari
1044 2300 1171 2340 eum
1219 2284 1568 2356 tyrannidem
1612 2286 1950 2357 intelligens.
2008 2286 2108 2343 llic

510 2379 717 2433 Ariana
756 2378 877 2433 labe
909 2378 1152 2434 infectus
1182 2393 1307 2431 cum
1341 2387 1514 2445 esset,
1561 2394 1731 2432 unum
1773 2378 1876 2433 sibi
1908 2395 1938 2433 e
1963 2377 2107 2434 divi-

510 2472 598 2527 nis
629 2472 849 2542 templis
882 2470 1001 2526 dari
1037 2470 1223 2541 petiit.
1250 2468 1556 2543 Imperator
1590 2479 2017 2542 prospecturum
2048 2488 2108 2530 se

510 2576 947 2634 t-uraturumque
977 2562 1271 2634 promisit:
1305 2574 1391 2629 et,
1428 2566 1606 2619 accito
1639 2564 1828 2620 divino
1868 2564 2104 2631 Joanne,

510 2656 835 2725 petitionem
885 2655 1165 2724 exposuit,
1215 2655 1518 2724 potentiam
1572 2655 1721 2711 illius
1766 2671 2107 2713 commemo-

511 2762 665 2813 rans,
697 2756 745 2802 et
774 2745 1087 2818 tyrannidis
1127 2745 1479 2801 affectionem
1506 2747 1767 2813 innuens,
1799 2750 2108 2821 orabatque

511 2849 570 2893 ut
599 2839 823 2894 barbari
866 2837 1111 2894 furorem
1168 2840 1531 2894 concessione
1568 2840 1675 2896 ista
1728 2842 1985 2898 frenaret.
2037 2843 2107 2898 At

507 2945 812 3000 generosus
837 2929 929 2984 ille
963 2929 1091 2984 vir:
1136 2948 1154 2981 ι
1195 2928 1276 2985 Ne
1318 2931 1468 2997 talia,
1508 2932 1709 3003 inquit,
1756 2936 2103 3005 promiseris,

507 3021 836 3090 imperator,
882 3033 983 3073 nec
1006 3027 1198 3073 sancta
1230 3019 1464 3075 canibus
1490 3021 1622 3077 dare
1661 3022 1919 3091 iusseris.
1951 3023 2105 3079 Nun-

2210 1917 2510 1989 χρημένος.
2556 1920 2889 1991 ἐστρατήγει
2938 1919 3062 1975 κατ’
3111 1921 3320 1974 ἐκεῖνον
3368 1919 3461 1975 τὸν
3503 1922 3695 1991 χρόνον
3735 1922 3807 1973 ³⁸,

2209 2009 2441 2074 πολλοὺς
2493 2010 2594 2081 μὲν
2647 2013 2741 2065 καὶ
2791 2010 2902 2064 τῶν
2963 2011 3257 2082 ὁμοφύλων
3309 2013 3590 2085 ὑπηκόους
3639 2014 3807 2084 ἔχων,

2209 2100 2362 2171 ἄγων
2409 2101 2467 2155 δὲ
2526 2101 2667 2173 μετά
2714 2101 2922 2157 τούτων
2975 2104 3071 2157 καὶ
3122 2103 3233 2157 τῶν
3280 2103 3570 2175 Ῥωμαίων
3610 2106 3712 2176 τήν
3744 2123 3809 2159 τε

2211 2192 2441 2265 ἱππικὴν
2508 2193 2601 2248 καὶ
2649 2193 2881 2265 πεζικὴν
2926 2195 3207 2267 στρατιάν.
3249 2194 3651 2267 Ἐπεφρίκεσαν
3679 2197 3726 2229 ⁸³
3749 2197 3807 2252 δέ

2207 2284 2373 2338 αὑτὸν
2407 2285 2471 2338 οὑ
2509 2284 2670 2357 μόνον
2709 2286 2758 2337 οἱ
2794 2284 2947 2339 ἄλλοι
2986 2285 3210 2348 πάντες,
3258 2284 3393 2339 ἀλλὰ
3424 2286 3519 2340 καὶ
3582 2286 3747 2350 αὑτὸς
3777 2289 3812 2341 6

2210 2376 2484 2448 βασιλεὺς,
2523 2376 2621 2448 τὴν
2654 2377 3041 2450 μελετωμένην
3085 2377 3442 2449 ὑφορώμενος
3485 2381 3801 2452 τυραννίδα.

2208 2464 2376 2533 Οὗτος
2406 2471 2504 2541 τῆς
2539 2469 2756 2542 Ἀρείου
2787 2468 2973 2541 λώϐης
2997 2469 3344 2542 μεταλαχὼν,
3379 2470 3476 2525 ἐνα
3511 2472 3659 2544 αὑτῷ
3682 2473 3806 2527 δοῦ-

2208 2576 2296 2613 ναι
2324 2559 2372 2592 “
2417 2560 2527 2613 τῶν
2566 2560 2729 2615 θείων
2771 2561 2959 2632 σηκῶν
2992 2562 3292 2634 ἐπήγγειλε
3338 2563 3385 2595 ³³
3423 2562 3516 2617 τὸν
3552 2563 3802 2634 βασιλέα.

2220 2651 2279 2704 '0
2311 2651 2368 2704 δὲ
2399 2654 2699 2724 σκοπήσειν
2750 2652 2877 2725 ἔφη,
2913 2653 3009 2707 καὶ
3054 2653 3418 2725 θεραπεύσειν
3449 2655 3495 2688 ³⁸
3537 2658 3802 2728 ἐπηγγεί-

2207 2743 2358 2809 λατο,
2414 2745 2507 2798 καὶ
2537 2744 2629 2801 τὸν
2662 2745 2806 2799 θεῖον
2858 2746 3359 2817 μεταπεμψάμενος
3394 2747 3671 2820 Ἰωάννην,
3708 2751 3804 2802 καὶ

2207 2835 2307 2908 τὴν
2335 2836 2552 2906 αἴτησιν
2579 2833 2722 2904 εἷπε,
2765 2837 2861 2891 καὶ
2888 2838 2990 2909 τῆς
3031 2838 3353 2902 δυναστείας
3384 2838 3681 2910 ἀνέμνησε,
3707 2842 3805 2893 καὶ

2207 2928 2307 2999 τὴν
2341 2928 2728 3000 μελετωμένην
2765 2929 3066 3002 ὑπῃνίξατο
3090 2931 3403 3001 τυραννίδα,
3430 2930 3523 2983 καὶ
3556 2932 3804 3000 παρεκά-

2207 3016 2290 3071 λει
2343 3021 2408 3091 τῇ
2439 3018 2584 3072 δόσει
2616 3019 2706 3074 τὸν
2739 3019 2835 3074 τοῦ
2882 3019 3162 3093 βαρϐάρου
3183 3020 3480 3092 χαλινῶσαι
3516 3022 3707 3093 θυμόν.
3742 3022 3801 3076 '0

505 3126 670 3179 quam
697 3111 847 3166 enim
882 3109 1253 3175 committam,
1288 3117 1349 3164 ut
1376 3126 1493 3173 eos.
1529 3112 1623 3183 qui
1655 3112 1826 3169 Deum
1862 3113 2098 3171 Verbum

2211 3109 2269 3162 δὲ
2309 3114 2558 3178 γενναῖος
2580 3113 2788 3175 ἐκεῖνος
2824 3113 2988 3184 ἀνήρ’
3023 3130 3042 3164 ι
3072 3113 3163 3184 Μὴ
3194 3113 3440 3179 τοιαῦτα,
3472 3113 3598 3185 ἔφη,
3618 3107 3665 3167 ὦ
3696 3113 3800 3184 βα-

506 3202 830 3274 νῖαδιιίοοιιι,
862 3209 916 3257 et
943 3202 1204 3259 laudibus
1227 3203 1533 3271 celebrant,
1551 3204 1793 3274 ejiciam,
1820 3207 2098 3263 divinum-

505 3310 617 3366 que
648 3293 912 3363 templum
962 3293 1033 3349 iis
1084 3294 1324 3360 tradam,
1375 3295 1469 3366 qui
1531 3296 1789 3351 eumdem
1848 3298 2103 3370 blasphe—

505 3396 677 3441 mant.
714 3384 825 3440 Nec
858 3400 991 3440 vero
1020 3385 1319 3440 barbarum
1381 3387 1536 3440 illum
1597 3385 1881 3456 formides,
1925 3391 2103 3461 impe-

506 3488 657 3533 rator
692 3495 707 3532 :
743 3477 840 3532 sed
877 3476 1094 3541 ambos,
1124 3492 1212 3533 me
1262 3484 1316 3533 et
1357 3477 1508 3531 illum
1546 3480 1844 3547 advocatis,
1880 3483 2100 3538 silentio

503 3586 629 3639 quae
659 3568 914 3625 dicentur
948 3568 1173 3631 exaudi,
1216 3578 1270 3626 et
1300 3585 1401 3640 ego
1426 3571 1547 3640 ejus
1576 3571 1815 3644 linguam
1846 3573 2096 3642 frenabo,

502 3663 905 3733 adducamque,
953 3672 1012 3716 ut
1067 3661 1296 3718 minimc
1339 3662 1392 3717 id
1430 3672 1600 3734 petat,
1635 3665 1779 3735 quod
1827 3666 1945 3721 dari
1987 3683 2095 3724 non

502 3753 743 3826 expedit.
787 3773 807 3808 ι
863 3752 960 3811 llis
1006 3753 1210 3809 auditis
1270 3756 1496 3826 gavisus
1553 3765 1638 3812 est
1689 3756 2011 3828 imperator,
2043 3766 2097 3816 et

503 3848 769 3920 postridie
807 3850 1002 3903 ambos
1039 3847 1253 3920 1072
1285 3849 1600 3904 advocavit.
1641 3847 1706 3903 Et
1738 3849 1945 3908 Gainas
1972 3853 2096 3922 qui-

501 3944 625 3996 dem
656 3940 992 4011 promissum
1024 3941 1400 4010 exposcebat:
1433 3958 1666 4014 magnus
1695 3958 1823 4003 vero
1849 3941 2095 4003 Joannes

502 4029 841 4085 reclamabat
870 4028 1089 4094 dicens,
1130 4045 1239 4085 non
1276 4030 1444 4086 licere
1472 4032 1813 4104 imperatori,
1842 4036 1938 4107 qui
1978 4037 2097 4108 pie-

500 4131 663 4176 tatem
716 4122 1058 4191 profiteatur,
1108 4121 1380 4179 adversus
1408 4139 1498 4179 res
1532 4125 1753 4181 divinas
1785 4128 2093 4200 quidquam

501 4213 702 4267 moliri.
731 4213 982 4282 Cumque
1005 4213 1299 4270 affirmaret
1327 4215 1437 4279 ille,
1464 4217 1568 4272 sibi
1594 4219 1758 4272 etiam
1787 4222 2091 4277 oratoriam

499 4308 721 4358 domum
749 4305 989 4374 aliquam
1022 4320 1144 4360 esse
1174 4318 1428 4377 oportere
1451 4326 1464 4363 :
1491 4325 1511 4358 ι
1536 4307 1665 4363 Tibi
1694 4326 1845 4376 vero,
1872 4315 1947 4368 ait
1973 4330 2089 4368 nta-

498 4413 640 4468 gnus
662 4394 904 4452 Joannes
927 4438 939 4463 ,
966 4396 1166 4453 divina:
1188 4399 1333 4455 aedes
1361 4415 1555 4455 omnes
1592 4408 1779 4467 patent
1801 4442 1814 4467 ,
1840 4412 1893 4458 et
1930 4385 2092 4462 nemo

2126 3168 2174 3231 C

2208 3201 2379 3266 σιλεῢ,
2412 3201 2696 3271 ὑπισχνοῦ,
2730 3201 2863 3273 μηδὲ
2893 3202 3090 3256 διδόναι
3141 3203 3519 3274 παρακελεύου
3546 3203 3614 3257 τά
3665 3204 3802 3271 ἅγια

2203 3295 2315 3357 τοῖς
2373 3294 2550 3349 κυσίν.
2594 3294 2669 3348 Οὑ
2707 3296 2817 3366 γὰρ
2868 3294 3156 3365 ἀνέξομαι,
3212 3295 3341 3359 τοὺς
3391 3296 3490 3367 μὲν
3525 3296 3613 3349 τὸν
3659 3296 3799 3351 Θεὸν

2202 3382 2376 3451 Λόγον
2426 3382 2816 3451 θεολογοῦντάς
2870 3400 2930 3437 τε
2988 3384 3083 3436 καὶ
3133 3383 3436 3453 ὑμνοῦντας
3482 3383 3794 3453 ἐξαγαγεῖν,

2200 3479 2315 3538 τοῖς
2362 3476 2419 3530 δέ
2467 3476 2658 3530 τοῦτον
2707 3476 3119 3549 βλασφημοῦσιν
3148 3477 3395 3530 ἐκδοῦναι
3421 3477 3466 3509 ³⁷
3509 3477 3601 3530 τὸν
3652 3477 3798 3531 θεῖον

2200 3567 2358 3625 νεών.
2397 3569 2508 3622 Καὶ
2567 3567 2727 3638 μήτοι
2781 3569 2966 3640 δείσῃς
3004 3570 3097 3622 τὸν
3136 3567 3415 3639 βάρϐαρον
3465 3571 3695 3635 ἐκεῖνον,
3749 3563 3798 3622 ὦ

2200 3658 2446 3731 βασιλεῦ,
2479 3661 2617 3714 ἀλλᾶ
2664 3662 2833 3730 ἄμφω
2864 3661 3126 3725 καλέσας,
3157 3661 3256 3732 ἐμέ
3284 3678 3345 3714 τε
3394 3663 3668 3724 κάκεῖνον.
3727 3667 3795 3716 σὺ

2202 3749 2302 3822 μὲν
2331 3751 2509 3821 ἡσυχῆ
2553 3750 2663 3802 τῶν
2690 3748 3004 3820 λεγομένων
3047 3750 3314 3814 ὑπάκουε,
3344 3749 3455 3818 ἐγὼ
3484 3750 3540 3803 δὲ
3578 3750 3790 3803 ἐκείνου

2197 3841 2486 3914 χαλινώσω
2507 3842 2608 3913 τὴν
2634 3840 2915 3910 γλῶτταν,
2957 3841 3055 3894 καὶ
3091 3840 3267 3894 πείσω
3314 3842 3516 3912 ἥκιστα
3562 3842 3791 3913 αἰτῆσαι

2195 3936 2225 3989 ὂ
2260 3935 2335 4006 μὴ
2382 3934 2570 3988 δοῦναι
2611 3934 2902 4005 συμφέρει.
2940 3956 2958 3985 ο
3008 3932 3228 3987 Τούτων
3273 3932 3515 3998 ἀκούσας
3565 3935 3593 3986 6
3635 3932 3792 4001 βασι-

2195 4025 2346 4090 λεὺς,
2376 4025 2519 4098 ἥσθη
2550 4044 2610 4080 τε
2647 4029 2742 4081 καὶ
2770 4028 2836 4098 τῇ
2868 4024 3132 4097 ὑστεραίᾳ
3160 4024 3503 4097 ἀμφοτέρους
3534 4024 3787 4079 ἐκάλεσε.

2193 4120 2306 4175 Καὶ
2327 4122 2355 4174 6
2382 4120 2482 4191 μὲν
2511 4120 2611 4192 τὴν
2659 4118 2816 4192 [238]
2855 4117 3191 4187 ἐπαγγελίαν
3223 4116 3423 4188 ἐζήτει’
3456 4118 3485 4170 6
3525 4116 3582 4169 δὲ
3612 4116 3792 4187 μέγας

2193 4210 2451 4282 Ἰωάννης
2480 4211 2735 4279 ἀντέλεγε
2772 4211 3018 4280 φάσκων,
3045 4210 3146 4262 οὑκ
3180 4208 3380 4273 ἐξεῖναι
3438 4207 3647 4279 βασιλεῖ
3676 4208 3791 4261 τῶν

2194 4302 2354 4356 θείων
2385 4304 2729 4376 κατατολμᾷν
2760 4304 3006 4357 εὐσεϐεῖν
3038 4319 3098 4371 γε
3145 4301 3792 4373 προαιρουμένιιι.Ἐκεί-

2192 4409 2283 4445 νου
2309 4393 2366 4446 δὲ
2392 4392 2643 4462 λέγοντος
2698 4394 2773 4458 ὠς
2802 4394 2910 4465 χρὴ
2956 4393 3052 4447 καὶ
3081 4394 3244 4447 αὑτὸν
3290 4392 3582 4463 εὑκτήριον
3634 4392 3789 4463 ἔχειν

497 4498 643 4544 vetat
668 4504 826 4544 orare
850 4490 894 4544 si
922 4490 1079 4546 velis.
1122 4520 1193 4530 —
1232 4494 1299 4546 At
1325 4508 1448 4562 ego,
1476 4492 1675 4562 inquit,
1702 4493 1928 4562 Gainas,
1954 4499 2089 4555 alte~

2199 4482 2364 4539 οἶκονο
2418 4504 2436 4537 t
2479 4487 2658 4549 ’Ἅπας
2700 4503 2804 4550 σοι,
2858 4486 2961 4557 ἔφη
3016 4487 3046 4539 6
3101 4486 3272 4557 μέγας
3322 4486 3598 4555 Ἰωάννης,
3647 4488 3675 4539 6
3737 4487 3787 4520 ³³

497 4584 610 4636 rius
631 4597 751 4635 sum
776 4593 957 4647 sectae,
981 4592 1180 4655 etcum
1207 4583 1343 4652 ipsis
1365 4582 1627 4652 templum
1652 4601 1820 4642 unum
1845 4589 2093 4651 divinum

2199 4576 2337 4642 θεῖος
2370 4574 2519 4642 οἶκος
2547 4577 2841 4648 ἡνέῳκται,
2893 4577 2990 4632 καὶ
3036 4577 3209 4655 οὐδεὶς
3258 4577 3435 4649 εἴργει
3480 4575 3789 4647 προσεύξα-

499 4672 699 4726 habere
724 4672 963 4742 postulo,
989 4648 1055 4726 ac
1076 4672 1201 4741 jure
1222 4685 1355 4726 sane
1378 4671 1618 4741 postulo,
1644 4673 1738 4742 qui
1762 4684 1840 4729 tot
1866 4676 2093 4741 bellicos

2199 4668 2320 4724 σθαι
2385 4644 2858 4741 προθυμοὺμενον.
2915 4699 2988 4712 -
3045 4644 3207 4725 Ἀλλὰ
3256 4644 3386 4739 ἐγὼ,
3420 4644 3538 4739 ἔφη.
3575 4670 3603 4722 6
3647 4668 3786 4722 Γαῖ-

502 4762 721 4816 tabores
788 4777 888 4831 pro
938 4761 1205 4817 Romanis
1273 4762 1564 4831 perferam.
1603 4792 1674 4804 —-
1716 4764 1937 4827 Sed.tu
1983 4789 2095 4829 ma-

2199 4766 2289 4829 νᾶς
2318 4763 2384 4829 ³³,
2416 4763 2610 4834 ἑτέρας
2653 4764 2883 4834 ὑπάρχω
2910 4763 3243 4834 συμμορίας,
3296 4763 3390 4816 καὶ
3421 4763 3517 4816 σὺν
3547 4761 3787 4825 ἐκείνοις

493 4855 648 4922 jura,
681 4852 894 4923 inquit,
928 4853 1213 4909 laboribus
1246 4854 1471 4925 praemia
1507 4860 1838 4929 percepisti:
1875 4879 2001 4919 nam
2036 4840 2094 4926 et

2199 4858 2289 4911 ἕνα
2343 4856 2486 4910 θεῖον
2540 4851 2689 4910 οἷκον
2730 4855 2877 4927 ἔχειν
2930 4855 3090 4921 αἰτῶ,
3136 4855 3231 4909 καὶ
3275 4854 3420 4925 μάλα
3463 4870 3527 4924 γε
3550 4853 3785 4917 δικαίως

497 4944 757 5015 magister
789 4959 849 4999 es
894 4944 1128 4999 militum
1150 4986 1165 5012 ,
1214 4953 1271 5000 et
1320 4953 1473 5002 veste
1505 4957 1740 5005 ornatus
1769 4957 2050 5011 consulari
2074 4999 2090 5023 ,

497 5048 658 5107 teque
692 5037 1045 5094 considerare
1083 5054 1182 5108 par
1219 5045 1306 5094 est
1340 5038 1472 5109 quid
1520 5041 1653 5096 olim
1705 5040 1919 5109 fueris,
1956 5045 2088 5115 quid

496 5130 662 5185 modo
688 5131 705 5149 '
739 5130 834 5194 sis,
865 5143 1121 5201 quamam
1152 5131 1306 5200 prior
1332 5143 1552 5203 egestas
1575 5132 1758 5199 fuerit,
1789 5151 1912 5205 qua:
1942 5151 2091 5192 nunc

496 5235 740 5290 prtesens
772 5237 962 5277 rerum
994 5222 1175 5292 copia.
1208 5224 1413 5294 quibus
1449 5224 1797 5281 vestimentis
1833 5241 1969 5283 usus
2012 5227 2091 5283 sis

498 5312 815 5383 priusquam
847 5313 1053 5369 lstrum
1104 5298 1500 5382 trajiceresfet
1542 5315 1876 5385 quibusnam
1926 5319 2090 5373 modo

2187 4946 2324 5001 αἰτῶ
2356 4947 2585 5011 πολλοὺς
2614 4947 2756 5019 ὑπὲρ
2787 4947 3079 5017 Ῥωμαίων
3118 4946 3449 5016 πολεμικοὺς
3488 4945 3785 5015 ὑπομένων

2186 5040 2426 5109 ἀγῶνας.
2478 5071 2549 5081 -—
2595 5039 2736 5093 Ἀλλ’
2786 5039 2948 5111 ἔχεις,
2996 5039 3126 5109 ἔφη,
3163 5039 3385 5109 μείζους
3445 5038 3555 5092 τῶν
3594 5039 3782 5091 πόνων

2186 5129 2286 5193 τὰς
2329 5130 2650 5194 ἀντιδόσεις·
2706 5130 3010 5202 στρατηγός
3041 5147 3099 5182 τε
3128 5130 3238 5202 γάρ
3270 5124 3339 5193 εἴ,
3365 5129 3463 5182 καὶ
3500 5128 3600 5199 τῆς
3630 5130 3779 5181 ὑπα-

2185 5228 2349 5299 τικῆς
2397 5227 2639 5300 ἡξιύθης
2695 5227 2917 5299 στολῆς,
2966 5229 3062 5283 καὶ
3085 5225 3204 5298 ’χρή
3258 5244 3318 5281 σε
3375 5227 3672 5296 σκοπῆσαι,
3723 5227 3781 5280 τί

2192 5316 2291 5388 μὲν
2323 5313 2467 5388 ἦσθα
2494 5318 2686 5384 πάλαι,
2706 5319 2761 5372 τί
2789 5318 2846 5372 δὲ
2874 5319 3169 5388 γεγένησαι
3196 5317 3310 5371 νῦν·
3349 5318 3443 5370 καὶ
3470 5317 3555 5381 τίς
3610 5316 3710 5386 μὲν
3742 5320 3778 5389 ἡ

1773 5488 2010 5546 νΑιιιΑε
2052 5473 2464 5553 LEC'noNtas.

567 5643 615 5676 ε’
641 5643 691 5695 οἱ
735 5640 886 5695 addit
952 5638 1071 5695 Piui
1106 5642 1265 5699 liber.
1363 5645 1407 5678 ³⁰
1442 5644 1662 5700 Γαινοῦ.
1717 5645 1883 5702 Basil.
1936 5647 2033 5704 Gr.

493 5712 541 5800 ξ
582 5709 1212 5800 ἐ.περρίκηεαν..ίίᾱςῐη.
1273 5708 1324 5800 ξι
1346 5714 1529 5800 δοιξναι
1556 5718 1626 5800 οξ.
1658 5714 1779 5771 Piui
1813 5719 1967 5800 libet“.

494 5782 661 5843 Basil.
680 5779 778 5840 Gr.
848 5779 901 5811 "
923 5781 1200 5838 Articulus
1239 5784 1308 5839 ab
1336 5784 1526 5841 eodem
1556 5787 1732 5843 abest.

2135 5651 2178 5684 “
2225 5653 2264 5706 Γ
2267 5652 2445 5722 αῖνῆς.
2488 5652 2655 5709 Basil.
2677 5652 2770 5710 Gt‘.

2068 5721 2114 5795 _"
2145 5721 2469 5795 άπήγγειλε.
2509 5723 2677 5782 Idem.
2762 5724 2808 5759 “
2837 5725 3001 5784 αὑτὸν
3034 5721 3185 5784 addit
3209 5726 3375 5784 idem.
3457 5726 3501 5758 ³⁷
3525 5721 3775 5782 ἐνδοῦναι

1832 5789 1878 5821 ³⁹
1920 5789 2140 5865 Γαῖνῆς.
2167 5789 2336 5852 Basil.
2387 5793 2483 5850 Gr.

2885 5655 3177 5728 ﬁxatpéy.
3214 5654 3370 5728 idem
3415 5670 3540 5728 cum
3580 5654 3773 5728 Steph.
