4030 6418
542 336 680 403 ἲῗὶῦῖι

1505 332 1991 394 THEODORETI
2028 327 2361 390 1ἰΡΙΞΕΟΡΙ
2381 331 2627 395 CYREN
2644 331 2747 395 Ἷδ

3670 334 3766 398 12F
3759 333 3804 396 vi

539 448 754 520 pulsum
786 443 944 499 missi
971 450 1126 507 sunt,
1158 448 1415 511 rogantes
1456 448 1514 493 ut
1538 439 1810 497 citissime
1834 439 1890 493 in
1927 439 2117 492 urbem

2238 454 2391 501 ιατος
2420 438 2520 511 τὴν
2543 437 2789 510 βασιλίδα
2819 437 3246 510 κατεσχηκότος.
3284 439 3545 511 πρέσϐεις
3576 441 3678 494 ὑπὸ
3708 442 3806 513 τὴν

540 539 765 602 rediret,
826 537 1092 606 urbisque
1161 533 1472 604 periculum
1534 532 1859 603 depelleret,
1918 530 2122 599 aliique

541 647 736 687 rursus
762 637 885 701 post
913 629 1036 683 illos
1064 626 1242 691 missi,
1278 636 1332 681 et
1366 626 1459 680 alii
1492 632 1618 696 post
1653 626 1816 686 istos,
1852 623 2123 678 refertus-

539 737 647 792 que
669 721 805 775 adeo
832 719 1115 789 Bosporus
1161 727 1282 773 erat
1322 732 1520 788 magna
1568 716 1731 770 turba
1790 714 2120 785 legatorum.

542 812 698 881 Quod
729 812 820 867 ubi
853 826 884 864 a
925 810 1246 866 ﬁdelissimo
1289 810 1490 880 populo
1543 808 1803 865 rescitum
1854 816 1956 868 est,
1996 804 2126 858 Pro-

543 903 783 974 pontidis
834 900 1036 957 ostium
1096 901 1331 971 navigiis
1386 902 1821 971 compleverunt.
1852 894 2121 951 Occurre-

542 1001 670 1049 runt
717 993 863 1047 enim
912 993 1091 1049 cereis
1148 992 1367 1049 facibus
1428 992 1683 1061 accensis
1742 988 2013 1046 universi.
2049 989 2127 1042 Ac

540 1096 654 1139 tum
713 1086 932 1156 quidem
990 1085 1262 1156 dissipata
1322 1094 1408 1141 est
1479 1092 1701 1141 caterva
1750 1082 2123 1138 inimicorum.

539 1175 741 1232 Paucis
796 1191 928 1232 vero
983 1185 1109 1248 post
1157 1176 1442 1233 mensibus
1493 1176 1753 1232 coaluere
1807 1176 2025 1239 iterum,
2074 1180 2128 1226 et

540 1283 736 1337 poenas
760 1284 1014 1340 exegere,
1046 1285 1157 1324 non
1185 1269 1299 1339 jam
1351 1267 1615 1325 falsorum
1678 1268 1900 1322 illorum
1940 1263 2129 1320 crimi-

542 1376 702 1425 num,
736 1361 829 1417 sed
863 1361 996 1416 obiti
1038 1371 1159 1431 post
1193 1362 1596 1433 depositioncm
1655 1358 1976 1415 ministerii.
2032 1355 2128 1410 ille

545 1467 676 1508 vero
704 1452 887 1508 aiebat
927 1467 987 1506 se
1014 1452 1325 1522 judicatum
1381 1469 1489 1508 non
1546 1453 1737 1513 fuisse,
1767 1468 1867 1507 nec
1907 1451 2126 1521 objecta

545 1544 777 1599 crimina
837 1544 1141 1610 audivisse,
1212 1561 1310 1600 nec
1358 1545 1426 1602 de
1487 1546 1553 1601 iis
1614 1546 1989 1615 respondisse,
2025 1559 2128 1598 nec

547 1646 873 1705 praesentem
914 1637 1089 1693 fuisse
1114 1636 1568 1701 condemnatum,
1611 1639 1707 1694 sed
1762 1638 1817 1692 in
1868 1638 2126 1692 exsilium

547 1728 618 1783 ab
647 1727 982 1798 imperatore
1019 1728 1281 1798 ejectum,
1316 1730 1385 1786 ab
1427 1730 1729 1799 eodemque
1756 1731 1937 1783 denuo
1970 1744 2126 1783 revo-

548 1829 757 1875 catum.
787 1819 857 1873 At
891 1818 1125 1882 inimici,
1158 1820 1333 1875 altera
1367 1820 1575 1893 synodo
1603 1831 1958 1893 congregata,
1989 1820 2129 1890 judi-

547 1914 692 1965 cium
713 1925 822 1965 non
841 1911 1211 1981 quaesierunt:
1230 1913 1323 1969 sed
1343 1928 1469 1968 cum
1494 1913 1805 1984 imperatori
1828 1913 2134 1984 persuasis-

548 2014 671 2058 sent
731 2001 945 2073 1075
988 2004 1290 2075 legitimam
1338 2012 1393 2060 et
1432 2005 1641 2076 justam
1696 2003 1873 2062 fuisse
1913 2014 2134 2061 senten-

549 2094 719 2157 tiam,
775 2108 885 2147 non
926 2094 1105 2150 solum
1169 2110 1237 2151 ex
1296 2096 1429 2151 urbe
1493 2096 1645 2151 illum
1683 2095 1998 2166 eiecerunt,
2040 2097 2133 2150 sed

550 2188 607 2241 in
635 2201 860 2257 parvum
900 2185 1179 2258 quoddam
1216 2195 1271 2242 et
1314 2185 1595 2243 desertum
1638 2187 1897 2267 oppiduin
1936 2188 2133 2241 Arme-

551 2279 657 2334 niae
706 2279 1060 2350 relcgarunt,
1112 2279 1200 2335 cui
1254 2294 1456 2334 nomen
1508 2286 1595 2336 est
1626 2279 1847 2334 Cucuso
1902 2297 1915 2334 :
1971 2288 2136 2347 atque

552 2371 682 2425 inde
730 2385 929 2427 rursus
981 2371 1316 2436 educentes,
1357 2371 1666 2443 Pityuntem
1702 2371 2131 2432 transtulerunt,

551 2459 645 2530 qui
680 2461 950 2516 terminus
988 2469 1072 2517 est
1111 2461 1267 2515 Ponti
1304 2459 1651 2530 Romanique
1688 2461 1903 2531 imperii
1945 2461 2135 2539 saevis-

560 2551 722 2607 simis
753 2552 1008 2607 barbaris
1056 2552 1348 2608 ﬁnitimus.
1409 2549 1514 2606 Sed
1551 2552 1821 2622 benignus
1866 2550 2137 2607 Dominus

557 2641 629 2697 ad
664 2643 903 2699 insulam
947 2643 1105 2698 illum
1143 2643 1371 2714 perduci
1400 2644 1679 2714 egregium
1723 2643 1981 2700 athletam
2026 2658 2136 2699 non

553 2742 639 2790 cst
682 2750 903 2805 passus.
951 2734 1091 2789 Nam
1140 2734 1385 2790 Comana
1416 2750 1543 2799 cum
1580 2736 1854 2803 venisset,
1897 2736 1965 2791 ad
1996 2736 2138 2793 senii

556 2825 881 2896 dolorisque
921 2836 1202 2895 expertem
1248 2827 1414 2880 vitam
1457 2827 1611 2881 illum
1649 2827 1967 2897 assumpsit.
2001 2827 2139 2882 Cor-

560 2932 663 2987 pus
726 2925 912 2973 autem
974 2916 1254 2987 praeclaris
1299 2921 1316 2940 ⁹
1369 2916 1688 2973 defunctum
1747 2916 2139 2972 certaminibus

553 3009 713 3079 juxta
737 3024 961 3080 capsam
988 3009 1242 3066 Basilisci
1273 3012 1534 3083 martyris
1564 3010 1849 3067 conditum
1880 3018 1984 3076 est,
2011 3027 2137 3067 cum

2223 529 2299 583 ἔω
2349 530 2487 601 πρὸς
2541 530 2632 584 τὸν
2665 529 3079 601 ἀπεληλαμένον
3128 531 3175 562 ⁸³
3209 530 3615 603 ἀπεστάλησαν,
3654 533 3806 586 ἅντι-

2225 620 2516 685 6ολοῦντες
2535 621 2610 686 ὡς
2640 622 2873 692 τάχιστα
2912 620 2973 675 τὸ
3000 622 3135 675 ἄστυ
3167 622 3514 685 καταλαϐεῖν,
3555 623 3650 676 καὶ
3677 624 3809 691 στῆ-

2227 733 2318 768 σαι
2372 718 2438 786 τῇ
2492 714 2644 769 πόλει
2707 716 2800 769 τὸν
2864 715 3127 770 κίνδυνον.
3187 716 3300 769 Καὶ
3351 715 3528 785 ἕτεροι
3579 715 3635 769 δὲ
3692 714 3811 787 μετ’

2225 809 2465 873 ²κείνους
2516 808 2898 880 ἐπέμφθησαν,
2937 811 3030 862 καὶ
3069 809 3218 863 ἄλλοι
3255 806 3395 880 μετά
3437 806 3683 873 τούτους,
3718 806 3812 860 καὶ

2227 902 2484 971 πλήρηςὸ
2506 902 2781 974 Βόσπορος
2805 902 2914 956 τῶν
2949 903 3320 974 πεμπομένων
3350 899 3589 969 ἐγένετο.
3625 900 3813 952 Ἐπει-

2224 992 2288 1062 es,
2335 992 2391 1046 δὲ
2441 992 2599 1047 τοῦτο
2649 997 2678 1049 ὁ
2725 996 3048 1059 πιστότατος
3101 993 3243 1062 ἔγνω
3301 992 3471 1057 λεὼς,
3527 991 3813 1060 ἐκάλυψαν

2227 1086 2336 1148 τοῖς
2372 1086 2693 1156 πορθμείοις
2728 1089 2829 1158 τῆς
2863 1084 3229 1158 Προποντίδος
3250 1084 3312 1138 τὸ
3335 1083 3820 1154 στόμα.”Απαντες

2228 1177 2337 1250 γὰρ
2392 1177 2732 1249 ὑπήντησαν,
2789 1180 2888 1243 τὰς
2944 1181 3006 1232 ἐκ
3063 1176 3236 1249 κηροῦ
3312 1176 3603 1247 λαμπάδας
3675 1191 3816 1245 πρε-

2235 1273 2519 1334 ἀπτοντες.
2550 1273 2594 1303 ⁸³
2621 1273 2752 1325 Τότε
2797 1272 2895 1344 μέν
2924 1267 3015 1325 οὖν
3048 1271 3108 1324 τὸ
3140 1269 3250 1323 τῶν
3288 1268 3567 1338 δυσμενῶν
3596 1264 3820 1335 διελύθη

2231 1361 2435 1430 στῖφος.
2478 1363 2701 1432 Ὁλίγων
2746 1365 2801 1417 δὲ
2833 1364 3147 1417 διελθόντων
3180 1363 3386 1435 μηνῶν,
3420 1360 3822 1433 συνηθροίσθη-

2233 1473 2332 1507 σαν
2373 1452 2555 1519 αὗθις,
2598 1456 2694 1509 καὶ
2724 1456 2880 1519 δίκας
2925 1456 3305 1528 εἰσέπραττον,
3352 1456 3413 1508 ού
3458 1454 3568 1508 τῶν
3604 1452 3824 1524 ψευδῶν

2230 1545 2453 1597 ἐκείνοιν
2501 1544 2750 1615 γραφῶν,
2806 1546 2942 1598 ἀλλά
2992 1545 3093 1614 τῆς
3151 1544 3288 1616 μετά
3344 1545 3443 1615 τὴν
3496 1542 3826 1613 καθαίρεσιν

2231 1635 2593 1707 λειτουργίας.
2640 1637 2699 1690 ὐ
2741 1637 2797 1689 δέ
2851 1637 3026 1704 ἔλεγε.
3080 1638 3216 1707 μήτε
3267 1633 3616 1697 δικάσασθαι,
3680 1635 3825 1705 μήτε

2233 1728 2280 1759 δ’*
2314 1728 2421 1781 τῶν
2467 1729 2695 1800 γραιρῶν
2742 1729 3072 1794 ἐπακοῦσαι,
3127 1730 3265 1799 μήτε
3313 1726 3614 1796 ἀπολογίαν
3661 1726 3828 1796 ποιή-

2236 1820 2454 1879 σασθαι,
2516 1822 2653 1889 μήτε
2704 1821 2811 1893 μὴν
2859 1820 3259 1891 κατακριθῆναι
3300 1820 3514 1890 παρὼν,
3554 1818 3668 1872 ἀλλ’
3716 1817 3826 1871 ὑπὸ

2242 1909 2509 1980 βασιλέως
2535 1911 2579 1942 ⁵⁸
2607 1909 2926 1979 ἐξελαθῆναί
2950 1928 3007 1962 τε
3026 1911 3118 1963 καὶ
3145 1905 3211 1962 αὗ
3234 1909 3394 1962 πάλιν
3420 1907 3822 1978 ἀνακληθῆναι.

2235 2002 2346 2057 Καὶ
2375 2002 2591 2054 συνόδου
2615 2001 3081 2074 συγκροτηθείσης
3109 1999 3261 2074 [240]
3294 2002 3509 2072 ἐτέρας,
3533 2000 3635 2053 οὐκ
3664 1999 3826 2071 ἐδεή-

2236 2092 2409 2162 θησαν
2442 2092 2598 2161 δίκης
2632 2095 2679 2144 ol
2708 2093 2996 2164 δυσμενεῖς
3014 2109 3027 2123 ⁸
3055 2092 3192 2146 ἀλλὰ
3216 2092 3308 2145 τὸν
3344 2092 3568 2163 βασιλέα
3597 2092 3827 2145 πείσαν-

2235 2203 2327 2247 τες
2366 2185 2589 2255 ἔννομον
2635 2184 2727 2238 καὶ
2756 2185 2971 2239 δικαίαν
3004 2179 3144 2237 εἶναι
3188 2183 3288 2255 τὴν
3319 2183 3524 2254 ψῆφον,
3561 2183 3624 2237 ού
3659 2182 3826 2254 μόνον

2235 2276 2336 2345 τ’ἠς
2386 2276 2592 2339 πόλεως
2640 2276 2856 2347 ἐκείνης
2904 2276 3195 2347 ἐξήλασαν,
3245 2274 3383 2330 ἀλλὰ
3433 2276 3527 2328 καὶ
3569 2274 3651 2338 εἴς
3702 2290 3829 2326 τινα

2242 2368 2567 2439 πολίχνην⁵⁸
2610 2369 2851 2440 σμικράν
2890 2386 2951 2421 τε
2999 2371 3093 2423 καὶ
3138 2368 3343 2439 ἔρημον
3395 2368 3493 2438 τῆς
3530 2365 3830 2437 ’Δρμενίας

2241 2459 2584 2529 ἐξέπεμψαν·
2614 2460 2927 2523 Κουκουσδς
2954 2460 3009 2513 δὲ
3042 2459 3211 2530 ὄνομα
3239 2458 3410 2530 ταύτῃ
3436 2474 3449 2489 ⁸
3483 2457 3738 2512 κάκεῖθεν
3766 2456 3829 2511 δὲ

2239 2549 2618 2620 ἐξαγαγόντες,
2671 2553 2752 2615 είς
2802 2550 3108 2606 Πιτυοῦντα
3155 2549 3465 2622 μετῴκισαν
3492 2564 3506 2579 ⁸
3552 2548 3731 2620 τέρμα
3768 2546 3833 2601 δὲ

2238 2643 2399 2697 τοῦτο
2430 2644 2524 2696 καὶ
2552 2643 2645 2697 τοῦ
2678 2642 2883 2696 Πόντου
2916 2644 3010 2696 καὶ
3035 2643 3132 2713 τῆς
3175 2641 3463 2712 Ῥωμαίων
3503 2638 3828 2711 ἡγεμονίας,

2238 2737 2351 2799 τοῖς
2375 2734 2683 2804 ὠμοτάτοις
2706 2733 3069 2803 γειτονεῢον⁸⁷
3102 2733 3422 2806 βαρϐάροις.
3471 2730 3613 2784 Ἀλλ’
3646 2732 3675 2784 ὁ
3706 2729 3833 2800 φιλ-

2241 2825 2527 2898 άνθρωπος
2564 2827 2663 2880 οὐκ
2700 2825 2851 2880 εἴασε
2899 2825 3175 2896 Δεσπότης
3218 2827 3297 2888 εἰς
3342 2826 3520 2878 ἐκεῖνο
3560 2822 3624 2877 τδ
3664 2820 3834 2892 νησύ-

2241 2919 2387 2990 δριον
2404 2919 2450 2950 ⁸³
2485 2917 2797 2990 ἀπαχθῆναι
2828 2917 2917 2971 τὸν
2960 2916 3263 2971 καλλίνικον
3295 2915 3551 2985 ἀθλητήν.
3593 2911 3691 2977 Είς
3722 2912 3833 2983 γὰρ

2241 3014 2470 3084 Κόμανα
2521 3010 2967 3084 παραγενόμενον
3013 3012 3093 3073 είς
3133 3009 3228 3063 τὸν
3276 3009 3467 3079 ἀγήρω
3495 3005 3593 3061 καὶ
3624 3006 3834 3061 ἄλυπον

558 3100 665 3155 hoc
729 3110 945 3173 martyr
1000 3101 1118 3172 ipse
1166 3116 1266 3174 per
1332 3104 1609 3158 somnium
1685 3102 1804 3157 fieri
1858 3101 2134 3172 iussisset.

2251 3105 2521 3176 μετέθηκε
2550 3103 2685 3175 βίον.
2730 3102 2805 3155 Τὸ
2838 3102 2895 3156 δέ
2923 3119 2986 3171 γε
3018 3100 3200 3164 καλῶς
3230 3096 3836 3169 ἀγωνισάμενονσῶμα

559 3191 707 3260 Quot
741 3194 909 3265 igitur
933 3194 1181 3266 episcOpi
1214 3195 1362 3250 illius
1394 3209 1563 3251 causa
1594 3195 1710 3251 suis
1744 3194 1968 3250 sedibus
1995 3194 2134 3265 pulsi

2244 3195 2393 3269 παρά
2418 3195 2515 3267 τὴν
2544 3194 2721 3266 θήκην
2759 3193 2999 3265 ἀπετέθη
3029 3192 3353 3247 Βασιλίσκου
3393 3191 3488 3244 τοῦ
3526 3189 3834 3261 μάρτυρος,

560 3283 788 3340 ultimas
845 3293 1120 3341 terrarum
1183 3301 1312 3343 oras
1363 3286 1735 3352 incoluerint,
1804 3295 1939 3357 quot
1975 3286 2134 3340 etiam

2243 3287 2402 3342 τοῦτο
2443 3286 2512 3341 δι’
2558 3286 2837 3357 ὀνείρατος
2903 3283 3333 3355 προστεταχότος
3381 3281 3478 3337 τοῦ
3534 3282 3835 3353 μάρτυρος.

562 3377 818 3433 monachi
863 3377 1029 3434 simili
1078 3378 1355 3450 supplicio
1409 3379 1627 3434 multati
1678 3377 1823 3442 sint,
1879 3391 2134 3447 superva-

2256 3379 2475 3433 Ὀπόσοι
2505 3378 2605 3450 μὲν
2628 3373 2719 3432 οὖν
2747 3378 2856 3431 τῶν
2887 3377 3202 3430 ἐπισκόπων
3228 3376 3297 3429 δι’
3328 3376 3537 3429 ἐκεῖνον
3565 3373 3676 3426 τῶν
3710 3373 3839 3425 Ἐκ-

562 3485 794 3527 caneum
819 3478 952 3542 puto
971 3486 1247 3543 exponere
1264 3514 1279 3537 ,
1300 3481 1354 3528 et
1377 3473 1753 3527 narrationem
1781 3470 2134 3543 protrahere:

2246 3470 2486 3542 κλησιῶν
2536 3470 2899 3541 ἐξηλάθησαν,
2951 3469 3047 3522 καὶ
3099 3467 3272 3531 αὐτὰς
3319 3466 3542 3539 ᾤκησαν
3586 3466 3687 3529 τάς
3736 3464 3840 3533 τῆς

562 3563 868 3632 praesertim
912 3578 1035 3619 cum
1091 3578 1154 3620 ea
1205 3579 1330 3636 quae
1364 3564 1546 3622 tristia
1602 3571 1735 3622 sunt
1768 3563 2134 3619 contrahenda

2246 3561 2573 3632 οἰκουμένης
2598 3559 2880 3632 ἐσχατιὰς,
2909 3559 3095 3614 ὁπόσοι
3134 3557 3192 3611 δὲ
3222 3558 3317 3611 καὶ
3342 3557 3448 3611 τῶν
3479 3557 3579 3629 τὴν
3605 3556 3839 3624 ἀσκητι-

563 3664 862 3717 censeam,
913 3659 968 3708 et
1014 3652 1246 3724 tegenda
1294 3660 1481 3709 errata
1515 3667 1705 3709 eorum
1741 3654 1836 3725 qui
1890 3660 2134 3709 auctorct

2248 3653 2351 3724 κὴν
2397 3650 2717 3721 φιλοσοφίαν
2761 3650 3132 3720 ὴγαπηκότων
3190 3650 3302 3712 τοῖς
3326 3649 3489 3712 ,ἴσοις
3544 3647 3838 3720 παθήμασι

566 3741 821 3808 fuerunt,
848 3741 995 3813 quod
1026 3741 1274 3812 ejusdem
1302 3742 1593 3798 nobiscum
1621 3741 1746 3820 ﬁdei
1779 3742 2004 3799 fuerint.
2030 3742 2147 3800 Poe-

563 3849 668 3891 nas
725 3845 876 3890 certe
930 3835 1180 3905 plerique
1220 3849 1412 3890 eorum
1462 3834 1697 3899 dedere,
1752 3835 2149 3906 suppliciisque

567 3926 687 3982 suis
727 3927 864 3981 utile
908 3925 1034 3980 aliis
1069 3924 1399 3981 documento
1445 3924 1618 3980 fuere.
1673 3923 1927 3995 Iniquum
1981 3939 2150 3994 porro

565 4015 785 4072 facinus
826 4030 993 4086 supra
1020 4025 1249 4072 caeteros
1279 4015 1537 4071 detestati
1583 4021 1716 4071 sunt
1749 4013 1991 4085 episcopi
2036 4012 2150 4067 Eu-

564 4123 757 4180 ropte,
803 4115 859 4164 et
896 4123 957 4165 se
1004 4108 1072 4163 ab
1127 4117 1416 4164 auctorum
1452 4108 1844 4163 communione
1894 4107 2151 4177 scjunxe-

566 4208 755 4256 runt:
817 4199 886 4255 ad
945 4213 1090 4269 quos
1173 4198 1379 4272 Illyrici
1430 4199 1596 4254 etiam
1653 4198 1899 4269 episcOpi
1956 4213 2151 4254 omnes

570 4305 881 4348 accessere.
956 4290 1320 4347 Orientalium
1390 4306 1519 4346 vero
1581 4291 1866 4346 civitatum
1928 4288 2151 4359 plurimi

572 4381 838 4439 facinoris
893 4380 1116 4452 quidem
1153 4383 1603 4437 communionem
1645 4380 1928 4444 vitarunt,
1970 4380 2156 4436 Eccle-

2251 3744 2597 3816 περιέπεσον,
2631 3742 2884 3814 περιττὸν
2906 3737 3061 3811 οἶμαι
3095 3740 3421 3817 διηγεῖσθαι,
3446 3740 3540 3794 καὶ
3568 3740 3833 3811 μηκύνειν

2248 3837 2348 3910 τὴν
2383 3836 2728 3905 συγγραφήν,
2766 3833 2977 3897 ’Ἄλλως
3017 3850 3078 3887 τε
3127 3834 3222 3887 καὶ
3264 3831 3464 3904 χρῆναι
3497 3831 3707 3903 νομίζω
3746 3848 3839 3884 συ-

2254 3928 2492 3982 στέλλειν
2521 3926 2592 3980 τά
2623 3923 2946 3997 σκυθρωπὰ,
2990 3924 3085 3978 καὶ
3114 3924 3222 3978 τῶν
3258 3924 3602 3996 δεδρακότων
3639 3923 3843 3993 ὁμοπί-

2255 4032 2394 4069 στων
2415 4017 2582 4069 ὄντων
2606 4013 3007 4082 συγκαλύπτειν
3027 4013 3094 4066 τὰ
3122 4013 3584 4084 πλημμελήματα.
3608 4012 3847 4066 Ἐδοσαν

2258 4109 2438 4179 μέντοι
2483 4107 2639 4171 δίκας
2686 4105 2794 4159 τῶν
2834 4105 3176 4176 ἠδικηκότων
3204 4107 3253 4158 οἱ
3286 4104 3547 4171 πλεῖστοι,
3596 4102 3692 4157 καὶ
3725 4105 3849 4168 τοῖς

2255 4198 2435 4263 ἄλλοις
2481 4198 2545 4252 δι’
2593 4191 2668 4252 ὧν
2710 4197 2914 4261 ἔπαθον
2958 4197 3057 4265 τὴν
3114 4196 3381 4266 ὠφέλειαν
3431 4196 3845 4267 προσήνεγκαν.

2256 4290 2474 4360 Ταύτην
2500 4288 2853 4355 ἐϐδελύξαντο
2877 4287 3244 4359 διαφερόντως
3283 4287 3382 4359 τὴν
3411 4286 3624 4340 ἀδικίαν
3655 4286 3708 4339 οἱ
3740 4285 3852 4355 τῆς

2256 4378 2529 4455 Εὐρώπης
2558 4382 2846 4436 ἐπίσκοποι
2870 4397 2886 4413 ·
2927 4381 3026 4452 τῆς
3057 4381 3162 4453 γὰρ
3189 4381 3297 4435 τῶν
3325 4380 3663 4452 δεδρακότων
3697 4382 3851 4449 σφᾶς

572 4474 670 4531 sia:
715 4451 1153 4543 tamenicorpus
1206 4487 1326 4526 non
1370 4470 1766 4527 distraxerunt.
1803 4467 1912 4525 Sed
1958 4470 2013 4526 et
2059 4471 2134 4527 de

2256 4451 2450 4538 αὐτοὺς
2472 4451 2776 4545 ἀπέκριναν
2798 4451 3083 4537 κοινωνίας
3110 4451 3141 4505 ’ἡ
3160 4475 3254 4528 καὶ⁹
3286 4451 3534 4542 Ἰλλυριοὶ
3556 4473 3614 4526 δέ
3637 4472 3853 4537 πάντες

577 4566 764 4622 functo
819 4564 970 4621 orbis
1021 4572 1296 4619 terrarum
1334 4562 1601 4632 magistro
1629 4602 1642 4627 ,
1697 4560 1948 4631 episcopi
1992 4559 2134 4618 Occi-

2254 4567 2352 4637 τῆς
2403 4564 2620 4636 μερίδος
2666 4563 2882 4634 ἐκείνης
2929 4564 3194 4632 ἐγένοντο.
3253 4560 3374 4618 Τῶν
3420 4563 3478 4617 δὲ
3523 4565 3662 4636 πρὸς
3688 4564 3852 4636 ἥλιον

574 4657 821 4715 dentales
856 4670 967 4712 non
1002 4655 1159 4726 prius
1207 4653 1425 4724 1078
1474 4656 1857 4725 episc0pornm
1892 4651 2117 4728 Egypti

2255 4657 2548 4728 ἀνίσχοντα
2574 4655 2783 4710 πόλεων
2811 4657 2859 4708 οἱ
2895 4655 3158 4720 πλεῖστοι,
3192 4655 3391 4724 ἔφυγον
3443 4656 3542 4726 μὲν
3583 4655 3688 4725 τῆς
3721 4657 3851 4710 ἀδι-

571 4748 956 4820 Orientisque,
985 4756 1041 4803 et
1067 4745 1307 4817 Bospori
1333 4761 1397 4802 ac
1424 4744 1678 4802 Thracia;
1706 4754 2134 4806 communionen

2255 4749 2380 4813 κίας
2407 4750 2505 4820 τὴν
2536 4747 2844 4815 κοινωνίαν,
2889 4747 2953 4800 τδ
2979 4747 3036 4801 δέ
3065 4748 3161 4818 τῆς
3197 4747 3525 4818 Ἑκκλησίας
3563 4748 3665 4799 οὐκ
3710 4747 3856 4816 ἐμέ-

581 4840 857 4896 admisere
879 4880 895 4905 ,
931 4851 1097 4908 quam
1133 4835 1305 4891 divini
1339 4834 1441 4890 viri
1471 4850 1674 4891 nomen
1698 4836 1840 4891 inter
1863 4837 2134 4894 defuncto:

2262 4860 2420 4916 ρισαν
2445 4842 2624 4914 σῶμα.
2675 4841 2788 4895 Καὶ
2828 4840 3251 4911 τελευτήσαντος
3282 4839 3339 4892 δὲ
3374 4836 3468 4892 τοῦ
3499 4837 3740 4909 μεγάλου
3769 4837 3856 4891 δι-

574 4935 865 5006 episcOpos
903 4930 1253 4986 retulissent.
1296 4927 1365 4983 Et
1416 4929 1711 4986 Arsacium
1751 4929 2006 5000 quidem,
2057 4947 2129 5003 qu

2258 4933 2527 4988 δασκάλου
2546 4932 2643 5002 τῆς
2673 4930 3017 5002 οἰκουμένης,
3047 4930 3108 4983 οὐ
3142 4930 3407 5002 πρότερον
3435 4929 3485 4982 oi
3514 4927 3613 4998 τῆς
3645 4927 3856 4981 Ἑσπέ-

573 5025 623 5082 ei
655 5022 919 5080 suffectus
949 5020 1168 5086 fuerat,
1219 5033 1323 5075 nec
1356 5019 1693 5074 salutatione
1734 5019 1944 5091 dignati
1979 5029 2110 5076 sunt

2261 5043 2363 5099 ρας
2393 5025 2679 5079 ἐπίσκοποι
2707 5023 2817 5078 τῶν
2848 5024 2907 5078 ἐν
2936 5021 3215 5093 Αἰγύπτῳ,
3249 5020 3345 5074 καὶ
3371 5022 3433 5092 τῇ
3479 5018 3703 5090 Ἐῴᾳ⁸⁹,
3749 5019 3855 5072 καὶ

577 5113 816 5170 Atticum
860 5126 992 5169 vero
1039 5111 1253 5167 Arsacii
1301 5125 1724 5179 successorem,
1772 5122 1899 5182 post
1949 5116 2134 5168 multa:

2259 5118 2370 5173 τῶν
2415 5119 2475 5171 ἐν
2518 5117 2596 5189 τῷ
2644 5116 2927 5188 Βοσπόρῳ,
2959 5116 3054 5170 καὶ⁹
3097 5117 3163 5187 τῇ
3201 5114 3394 5185 Θρᾴκῃ
3428 5110 3529 5184 τὴν
3555 5111 3852 5166 κοινωνίαν

1851 5327 2096 5389 VARI/13
2133 5332 2537 5392 LECTIONES.

650 5536 724 5575 Ἦ
743 5540 1091 5618 ἐληλαμένον,
1122 5543 1312 5618 ﬁdem.
1370 5545 1417 5577 "
1445 5542 1875 5618 πρρσᾶιπτοντες.
1901 5542 2062 5618 Basil
2096 5540 2221 5618 Gr.,_
2242 5541 2390 5618 Ρὶηἰ,
2417 5543 2629 5618 Savilij,
2661 5542 2806 5618 quod
2831 5550 2885 5599 et
2908 5541 3130 5618 Valesio
3161 5542 3335 5618 magis
3355 5541 3552 5618 piacct.
3608 5538 3849 5618 f-“hltsxe

586 5609 1633 5687 “ﬁt:ﬁnoiqquatiat,absunta'Pini
1662 5611 1871 5687 codice.
1918 5613 1993 5687 _"
2038 5610 2320 5687 βασιλέων.
2357 5613 2529 5687 Sayil.
2579 5614 2624 5646 “
2660 5609 3127 5687 ﬁoijVtov.“Pini.
3189 5609 3629 5687 _"'7_:-:t'rqut_iow.
3654 5609 3850 5687 V'l'asil.

582 5680 680 5742 Gr.
720 5680 956 5755 vitiose.'
980 5684 1025 5717 ⁵⁸
1054 5687 1130 5740 Ita
1157 5680 1472 5755 Clyristoph.
1499 5682 1884 5755 etSt-aligerL
1917 5680 2307 5755 itemqueqPinj
2342 5683 2538 5751 codex,
2573 5697 2698 5740 cum
2747 5680 2916 5740 Basil.
2957 5684 3053 5739 Gr.
3091 5694 3142 5739 et
3183 5680 3377 5754 Steph.
3434 5680 3669 5736 habeant
3706 5690 3847 5734 ouu-

583 5757 779 5829 έδριον.
833 5752 879 5786 ⁸⁸
921 5755 1017 5809 καὶ
1051 5755 1157 5824 τῆς
1196 5751 1495 5824 Ἐᾠαςὶιαὶ
1523 5753 1632 5809 τῶν
1656 5753 1715 5809 ἐν
1745 5753 1813 5823 τῇ
1850 5752 2022 5809 Βοσπ.
2058 5753 2225 5809 Basil.
2262 5751 2362 5808 Gr.

2734 5950 2818 5968 "dm.
2854 5960 2869 5965 ..
