4030 6408
243 472 386 534 1273

1230 460 1823 530 ECCLESIASTICE
1860 457 2249 523 HISTORLE
2287 464 2433 526 LIB.
2468 466 2539 527 V.

3380 460 3523 525 1274

234 584 412 653 capi;
439 583 521 652 τῷ
549 579 761 652 σώματι
806 582 1313 653 πρισαρμόσαντες,
1358 577 1479 634 εἶτα
1513 575 1689 648 δεσμά
1715 589 1835 627 στε-

1943 572 2186 641 clusere,
2221 575 2556 655 pietatisque
2587 574 2826 630 athletas
2854 574 2964 629 illis
2990 571 3340 629 devorandos
3367 572 3521 642 obje-

233 673 383 736 τανά
410 672 523 726 ἀπὸ
542 673 642 743 τῆς
675 674 917 744 κεφαλῆς
950 673 1111 745 μέχρι
1136 671 1246 725 τῶν
1292 671 1468 725 ποδῶν
1490 668 1827 740 περιθέντες,

237 766 338 836 βίᾳ
364 766 602 819 ἕκαστον
636 766 745 818 τῶν
801 765 1068 837 καλαμῶν
1095 764 1356 831 ἐξεῖλκον,
1391 765 1476 818 ἵνα
1507 762 1567 816 τὸ
1596 761 1831 827 πελάζον

233 858 334 912 τοῦ
375 857 649 928 δέρματος
694 858 1106 931 παρασύροντες
1152 859 1357 935 πικρὰς
1419 858 1519 921 τὰς
1537 858 1586 890 '°
1638 853 1833 917 ὀδύνας

234 949 588 1019 ἐργάζωνται
613 950 680 1003 ⁹¹.
717 952 829 1005 Καὶ
849 951 1087 1016 λάκκους
1120 952 1178 1006 δὲ
1211 951 1525 1024 ὀρύξαντες,
1556 951 1650 1004 καὶ
1710 948 1834 1002 τού-

233 1058 372 1103 τους
396 1041 644 1110 ἀκριϐῶς
668 1043 1104 1112 καταχρίσαντες
1130 1045 1198 1108 ⁸³,
1233 1044 1386 1115 μυῶν
1419 1042 1671 1114 μεγάλων
1699 1041 1834 1108 ἀγέο

237 1134 341 1194 λας
359 1134 420 1185 ἐν
444 1132 655 1196 τούτοις
684 1133 1003 1205 καθεῖρξαν,
1021 1138 1119 1190 καὶ
1145 1137 1354 1207 τροφὴν
1382 1133 1703 1198 αὐτοῖςτοὺς
1731 1132 1835 1201 τῆς

237 1223 532 1288 εὐσεϐείας
557 1225 897 1296 προσέφερον
949 1227 1210 1298 ἀθλητὰς,
1255 1228 1347 1281 καὶ
1383 1226 1481 1291 τάς
1519 1228 1709 1297 χεῖρας
1738 1224 1834 1276 αύ-

237 1313 356 1366 τῶν
374 1313 421 1344 ⁸³
448 1313 544 1365 καὶ
584 1314 709 1376 τοὺς
753 1315 917 1378 πόδας
978 1315 1324 1386 δεσμοῦντες,
1367 1317 1516 1380 ὅπως
1539 1315 1648 1369 ἀπὸ
1683 1312 1833 1382 σφῶν

235 1404 579 1458 ἀπελαύνειν
603 1405 673 1457 τὰ
721 1405 889 1476 θηρία
943 1407 1018 1478 μὴ
1063 1408 1350 1463 δύνωνται.
1390 1409 1451 1461 Oi
1476 1408 1531 1460 δὲ
1566 1407 1699 1477 μύες
1729 1404 1834 1458 ὑπὸ

236 1495 338 1548 τοῦ
399 1495 562 1564 λιμοῦ
620 1496 954 1567 πιεζόμενοι,
1002 1500 1323 1570 καταϐραχὺ
1372 1499 1471 1562 τὰς
1505 1498 1612 1552 τῶν
1661 1497 1833 1565 ἀγίων

243 1588 648 1657 κατανήλισκον
705 1588 936 1660 σάρκας,
989 1590 1209 1663 μακρὰν
1255 1594 1438 1653 αὐτοῖς
1464 1590 1559 1644 καὶ
1583 1587 1834 1658 ἀλγεινὴν

239 1681 341 1749 τὴν
399 1680 675 1751 τιμωρίαν
717 1682 1140 1753 προσφέροντες.
1200 1683 1311 1737 Καὶ
1353 1682 1518 1746 ἄλλας
1544 1681 1601 1735 δὲ
1631 1680 1834 1733 τούτων

238 1770 637 1843 χαλεπωτέρας
694 1774 996 1843 ἐπενόησαν
1032 1775 1330 1845 τιμωρίας,
1362 1776 1455 1828 τὸν
1487 1774 1586 1841 τῆς
1621 1772 1832 1842 φύσεως

237 1861 542 1932 ἀλάστορα,
589 1864 684 1917 καὶ
742 1864 843 1935 τῆς
889 1865 1149 1936 ἀληθείας
1195 1867 1460 1937 πολέμιον
1520 1863 1834 1918 διδάσκαλον

236 1956 481 2025 ἔχοντες.
505 1954 647 2009 Ἀλλ’
676 1958 778 2011 οὐκ
801 1932 1034 2028 ήλεγξαν
1053 1960 1161 2013 τῶν
1175 1932 1424 2028 ἀθλητῶν
1450 1958 1546 2029 τὴν
1566 1958 1836 2029 ἀνδρείαν.
1870 1932 1914 1989 Β

236 2047 555 2119 Αύτόματοι
610 2049 719 2120 γὰρ
772 2049 1014 2122 ἔτρεχον,
1072 2052 1165 2105 τὸν
1206 2055 1305 2123 τῆς
1363 2051 1668 2121 ἀνωλέθρου
1692 2051 1839 2120 ζωῆς

238 2136 508 2207 πρόξενον
536 2137 722 2192 λαϐεῖν
759 2140 1101 2211 ίμειρόμενοι
1124 2141 1385 2195 θάνατον.
1417 2141 1521 2194 Δύο
1543 2141 1648 2211 est}
1676 2142 1841 2212 τριῶν

239 2228 658 2301 μνησθήσομαι,
689 2231 775 2285 ἵνα
798 2232 885 2286 διά
915 2231 1121 2286 τούτων
1173 2233 1431 2298 ἐπιδείξω
1467 2233 1562 2286 καὶ
1591 2231 1689 2303 τὴν
1733 2231 1841 2284 τῶν

237 2321 420 2375 ἄλλων
447 2319 722 2392 ἀνδρείαν.
769 2323 1067 2396 Ὀρμίσδης
1104 2341 1189 2388 τις
1216 2324 1324 2378 τῶν
1362 2325 1501 2392 ἄγαν
1525 2324 1840 2397 περιφανῶν

238 2411 399 2484 παρά
430 2413 671 2486 Πέρσαις
712 2415 1007 2485 ἐτύγχανεν
1037 2415 1135 2483 ῶν,
1162 2416 1518 2487 Ἀχεμενίδης
1547 2417 1705 2489 ἀνὴρ,
1738 2435 1839 2470 πα-

238 2508 380 2577 τέρα
408 2505 659 2579 ὕπαρχον
685 2509 957 2579 ἐσχηκώς.
994 2509 1198 2564 Τοῦτον
1225 2511 1549 2580 Χριστιανὸν
1572 2505 1712 2564 εἶναι
1741 2527 1839 2579 με·

244 2600 513 2672 μαθηκὼς
536 2604 565 2655 ό
594 2601 849 2672 βασιλεὺς
878 2603 1054 2674 ἢγαγέ
1081 2621 1141 2657 τε
1168 2606 1261 2657 καὶ
1302 2603 1636 2674 προσέταξεν
1672 2606 1841 2675 ἀρνη-

241 2693 409 2761 θῆναι
442 2694 534 2747 τὸν
566 2694 847 2748 σεσωκότα
894 2695 1053 2749 Θεόν.
1100 2695 1159 2749 Ὃ
1213 2695 1271 2749 δὲ
1300 2696 1429 2764 ἔφη,
1468 2699 1605 2768 μήτε
1635 2696 1838 2762 δίκαια,

246 2786 390 2855 μήτε
435 2785 786 2856 συμφέροντα
842 2788 1289 2860 προστεταχέναι
1309 2790 1399 2843 τὸν
1433 2788 1659 2860 βασιλέα
1682 2807 1695 2819 ·
1723 2809 1741 2841 ι
1781 2790 1842 2842 'U

240 2878 355 2948 γάρ
394 2892 480 2930 τοι
531 2876 918 2946 παιδευόμενος
972 2878 1168 2949 ῥᾳδίως
1233 2879 1326 2933 τοῦ
1374 2879 1511 2933 θεοῦ
1557 2879 1666 2933 τῶν
1698 2879 1841 2934 ὅλων

243 2972 635 3042 καταφρονεῖν,
674 2971 770 3024 καὶ
806 2970 994 3024 τοῦτον
1028 2971 1330 3040 ἀρνεῖσθαι,
1369 2973 1502 3043 ῥᾷον
1522 2973 1588 3027 ἂν
1616 2974 1710 3026 καὶ
1744 2972 1841 3042 βα·-

245 3063 443 3125 σιλέως
475 3064 914 3135 καταφρονήσει·
949 3063 1237 3134 ἄνθρωπος
1278 3064 1385 3136 γὰρ
1418 3064 1484 3135 δὴ
1512 3061 1686 3131 οὗτος,
1713 3066 1840 3138 θνη-

240 3158 346 3226 τήν
387 3155 553 3226 φύσιν
593 3156 1033 3229 κεκληρωμένος.
1083 3159 1147 3210 Εἰ
1190 3158 1249 3211 δὲ
1293 3159 1568 3230 τιμωρίας
1602 3159 1840 3232 ἐσχάτης

1938 678 2096 726 cere,
2135 667 2396 723 manibus
2433 681 2624 722 eorum
2665 680 2730 721 ac
2767 665 3002 737 pedibus
3041 662 3406 728 constrictis,
3449 680 3523 720 ne

1940 756 2165 828 abigere
2210 774 2241 812 a
2292 774 2353 815 se
2398 760 2609 815 bestias
2661 766 2910 829 possent.
2967 755 3154 812 Mures
3196 771 3326 811 vero
3378 755 3527 811 [alite

1941 851 2118 921 pressi
2174 867 2373 908 carnes
2427 860 2744 907 sanctorum
2795 851 3005 906 sensim
3056 849 3520 920 depascebantur,

1940 944 2167 1011 longum
2205 944 2316 999 illis
2347 953 2401 999 et
2433 958 2563 997 acre
2610 943 2944 1013 supplicium
3000 941 3321 995 inferentes.
3372 938 3519 1005 Quin

1939 1043 1993 1090 et
2028 1036 2166 1089 alias
2195 1051 2415 1105 quoque
2445 1036 2531 1091 his
2554 1038 2838 1108 graviores
2881 1032 3095 1106 1084
3123 1047 3317 1103 poenas
3350 1045 3519 1087 exco—

1939 1149 2216 1216 gitarunt,
2271 1146 2459 1203 infesti
2520 1157 2733 1203 natum
2794 1148 3098 1212 dtemonis,
3156 1146 3520 1216 veritatisque

1941 1240 2120 1293 hostis
2154 1238 2471 1309 magisterio
2498 1238 2728 1293 eruditi.
2762 1238 3111 1293 Athletarum
3139 1243 3324 1291 tamen
3358 1236 3519 1292 forti-

1940 1331 2191 1385 tudinem
2227 1347 2335 1384 nun
2380 1330 2611 1399 fregere.
2666 1330 2777 1385 Sua
2827 1330 2977 1386 enim
3028 1341 3220 1399 sponte
3267 1344 3522 1385 accurre-

1940 1423 2107 1491 baut,
2149 1430 2381 1477 mortem
2413 1438 2538 1494 quae
2573 1423 2940 1477 immortalem
2979 1422 3147 1476 vitam
3181 1422 3324 1492 parit
3354 1435 3524 1491 oppe-

1940 1520 2058 1569 tere
2102 1512 2415 1583 cupientes.
2467 1513 2614 1569 Duos
2642 1529 2774 1584 ergo
2809 1524 2991 1569 tresve
3039 1512 3520 1575 commemorabo,

1941 1612 2002 1659 ut
2030 1619 2097 1659 ex
2131 1603 2220 1659 his
2258 1603 2495 1658 aliorum
2528 1618 2753 1673 quoque
2791 1603 3108 1656 constantia
3151 1601 3520 1671 intelligatur.

1942 1694 2238 1750 Hormisda
2292 1693 2523 1763 quidam
2571 1702 2731 1759 erat,
2787 1695 3076 1764 praecipuae
3129 1691 3273 1762 apud
3326 1691 3523 1747 Persas

1942 1785 2288 1846 nobilitatis,
2329 1784 2750 1839 Acha‘menides
2785 1799 3025 1854 genere,
3076 1782 3334 1853 praelecto
3368 1789 3524 1850 patre

1945 1885 2130 1931 natus.
2161 1874 2322 1930 Hunc
2349 1890 2474 1931 esse
2499 1875 2880 1931 Christianum
2915 1891 3011 1929 rex
3040 1887 3168 1928 eum
3196 1872 3485 1929 didicisset
3506 1915 3522 1941 ,

1942 1969 2233 2033 evocavit,
2272 1967 2556 2038 Deumque
2595 1966 2942 2023 Servatorem
2983 1965 3203 2036 ejurare
3240 1964 3521 2035 praecepit.

1941 2057 2042 2113 Cui
2076 2059 2217 2113 ille:
2252 2077 2271 2110 ι
2306 2057 2421 2112 Nec
2467 2058 2654 2127 justa,
2708 2058 2922 2127 inquit,
2977 2071 3081 2111 nec
3129 2055 3323 2119 utilia,
3385 2069 3521 2118 rex,

1943 2150 2259 2218 imperasti.
2345 2148 2449 2213 Qui
2501 2150 2646 2203 enim
2700 2150 3083 2204 universorum
3132 2146 3303 2203 Deum
3357 2143 3525 2201 facile

1943 2241 2234 2312 aspernari
2294 2248 2350 2296 et
2403 2241 2679 2312 abnegare
2728 2240 3019 2302 didicerit,
3075 2240 3250 2293 multo
3304 2237 3524 2292 facilius

1940 2347 2123 2400 regem
2154 2337 2505 2396 contemnet,
2540 2346 2666 2385 cum
2702 2332 2748 2384 is
2778 2332 2943 2386 homo
2979 2331 3053 2387 sit
3094 2330 3380 2384 mortalem
3419 2342 3524 2381 na-

1943 2433 2121 2477 turam
2159 2422 2418 2478 sortitus.
2449 2423 2607 2488 Quod
2641 2423 2687 2477 si
2732 2438 2951 2478 summo
3001 2421 3274 2492 supplicio
3321 2419 3525 2489 dignus

1940 2523 2025 2568 est
2050 2553 2064 2575 ,
2098 2514 2192 2583 qui
2231 2513 2466 2583 sceptris
2498 2513 2611 2567 tuis
2634 2553 2648 2575 ,
2685 2528 2779 2566 rex
2803 2554 2817 2579 ,
2873 2511 3134 2576 obsistit,
3183 2510 3345 2580 longe
3393 2521 3524 2577 gra-

1939 2608 2130 2660 viores
2159 2621 2351 2676 ptenas
2380 2613 2647 2669 meretur,
2672 2604 2764 2674 qui
2796 2618 2982 2658 rerum
3012 2603 3259 2656 omnium
3292 2601 3537 2677 abnegat

1941 2699 2322 2752 Conditorem.
2348 2716 2367 2748 ι
2394 2695 2505 2751 Rex
2543 2712 2699 2759 vero,
2735 2711 2896 2766 quem
2937 2695 3230 2749 verborum
3273 2693 3395 2761 ejus
3425 2691 3528 2747 ad-

1941 2792 2136 2846 mirari
2192 2789 2522 2861 sapientiam
2568 2806 2667 2859 par
2716 2798 2877 2856 erat,
2926 2797 3215 2843 strenuum
3260 2785 3525 2839 athletam

1945 2882 2300 2938 facultatibus
2351 2882 2771 2951 honoribusque
2798 2884 2818 2904 θ
2851 2880 3150 2950 spoliavit,
3205 2878 3528 2947 nudumque

1941 2974 2290 3046 subligaculo
2303 2973 2739 3028 soloincinetnm
2760 2972 3003 3027 camelos
3023 2971 3300 3027 exercitus
3323 2970 3528 3024 ducere

1941 3066 2227 3137 praecepit.
2252 3065 2528 3121 Plusculis
2553 3065 2749 3119 diebus
2781 3063 3094 3132 interjectis
3115 3102 3130 3126 ,
3160 3069 3526 3132 prospectans

1943 3174 2038 3215 rex
2068 3175 2100 3214 e
2131 3159 2422 3229 laqueato,
2457 3156 2739 3228 egregium
2779 3157 2965 3209 virum
3001 3155 3152 3209 videt
3185 3153 3357 3208 radiis
3392 3152 3525 3208 solis

242 3249 398 3316 ᾇξιος
422 3251 451 3302 ὁ
484 3248 553 3302 τά
574 3248 662 3312 σά,
687 3242 733 3302 ὧ
756 3249 999 3320 βασιλεῦ,
1031 3250 1363 3321 ἀρνούμενος
1397 3254 1672 3323 σκῆπτρα,
1702 3254 1831 3307 πολ-

1945 3251 2205 3307 adustum
2225 3294 2240 3317 ,
2272 3261 2326 3306 et
2371 3251 2595 3320 pulvere
2626 3262 3024 3318 conspersum,
3053 3254 3107 3301 et
3140 3255 3385 3316 paterna:
3414 3259 3528 3299 me-
3598 3314 3601 3317 η

241 3342 563 3397 λαπλασίων
591 3343 867 3397 κολάσεων
893 3343 1186 3415 ἀξιώτερος
1224 3347 1253 3398 ὁ
1291 3346 1398 3398 τῶν
1435 3346 1481 3378 ’δ
1505 3347 1599 3400 τοῦ
1636 3349 1838 3413 παντὸς

243 3433 583 3504 ἀρνούμενος
618 3435 878 3505 Ποιητήν.
916 3452 933 3487 ι
986 3435 1043 3488 Ὀ
1073 3435 1130 3489 δὲ
1162 3435 1429 3505 βασιλεὺς,
1457 3437 1575 3490 δέον
1602 3439 1699 3509 τὴν
1730 3438 1837 3491 τῶν

241 3524 555 3594 εἰρημένων
592 3522 872 3595 θαυμάσαι
923 3526 1136 3594 σοφίαν,
1179 3526 1463 3597 ἐγύμνωσε
1501 3529 1600 3599 μὲν
1628 3531 1721 3582 καὶ
1742 3529 1835 3583 τοῦ

242 3614 482 3668 πλούτου
510 3615 734 3669 καὶτῶν
758 3615 1086 3687 ἀξιωμάτων
1133 3618 1227 3671 τὸν
1265 3621 1511 3686 γενναῖον
1554 3620 1795 3691 ἀθλητήν
1817 3636 1832 3651 ’

241 3706 453 3777 γυμνὸν
472 3706 529 3777 δὲ
550 3707 731 3761 ἕλκειν
746 3708 846 3777 τῆς
872 3710 1132 3780 στρατιᾶς
1148 3709 1246 3771 τὰς
1270 3710 1550 3781 καμήλους
1581 3710 1836 3765 ἐκέλευσε

239 3795 557 3869 διαζώματι
588 3797 873 3870 χρώμενον
926 3800 1108 3869 μόνον.
1143 3800 1362 3855 Πολλῶν
1399 3800 1461 3854 δὲ
1515 3801 1838 3857 διελθουσῶν

241 3893 275 3961 ή
284 3908 352 3960 με
361 3891 497 3960 ρῶν,
531 3890 799 3960 διακύψας
819 3891 929 3946 ἀπὸ
942 3886 1039 3963 τῆς
1062 3892 1340 3963 καμάρας,
1363 3888 1473 3946 εἶδε
1494 3895 1585 3946 τὸν
1616 3892 1838 3963 ἄριστον

238 3979 414 4048 ἄνδρα
436 3981 643 4034 ἐκεῖνον
661 3981 766 4034 ὑπὸ
791 3982 890 4052 τῆς
913 3982 1128 4045 ἀκτῖνος
1149 3981 1501 4052 φλεγόμενον,
1520 3983 1613 4036 καὶ
1636 3982 1836 4045 κόνεως

243 4058 844 4141 ἀναπιπλάμενονθκαὶ
879 4077 978 4143 τῆς
1017 4072 1279 4143 πατρῴας
1311 4074 1667 4145 περιφανείας
1706 4075 1837 4127 ἀνα-

259 4162 523 4233 μνησθεὶς
550 4164 726 4235 ἤγαγέ
752 4183 811 4218 τε
840 4166 937 4219 καὶ
962 4165 1289 4219 ἐνδύσασθαι
1323 4166 1642 4236 χιτωνίσκον
1674 4166 1737 4218 ὲκ
1760 4165 1840 4218 λί-

254 4272 352 4307 νου
384 4257 751 4327 πεποιημένον
781 4258 1086 4311 ὲκέλευσεν.
1116 4255 1248 4312 Εἶτα
1276 4259 1503 4328 νομίσας
1530 4259 1636 4313 ὑπό
1660 4276 1718 4311 τε
1744 4258 1838 4312 τοῦ

248 4348 518 4418 προτέρου
545 4350 708 4403 πόνου
746 4351 963 4420 καὶτῆς
1004 4351 1377 4422 γεγενημένης
1431 4351 1841 4423 φιλανθρωπίας

245 4441 659 4513 μαλακισθῆναι
681 4442 742 4495 τὸ
765 4443 1039 4513 φρόνημα·
1072 4463 1088 4494 ι
1110 4443 1223 4496 Νῦν
1243 4444 1392 4512 γοῦν,
1412 4445 1537 4516 ἔφη,
1559 4445 1841 4516 τῆςὲριδος

240 4534 469 4604 ἐκείνης
485 4534 822 4603 ἀπαλλαγεὶς
846 4534 1115 4606 ἀρνήθητι
1137 4535 1230 4588 τοῦ
1251 4534 1404 4608 [247]
1439 4536 1689 4600 τέκτονος
1749 4537 1843 4589 τὸν

1944 3359 2066 3397 mor
2094 3344 2402 3399 nobilitatis
2436 3358 2560 3396 eum
2591 3342 2880 3405 accersiit,
2907 3347 2962 3395 et
2992 3341 3135 3393 linea
3168 3339 3349 3392 tunica
3375 3336 3526 3391 indui

1937 3435 2105 3507 jussit
2130 3452 2144 3488 :
2176 3444 2289 3488 lum
2319 3449 2387 3488 ex
2417 3431 2692 3502 praeterita
2720 3445 2966 3485 mrumna
2996 3435 3051 3484 et
3078 3436 3350 3498 praesente
3376 3426 3528 3481 beni-

1938 3527 2152 3598 gnitate
2187 3527 2433 3580 animum
2471 3523 2593 3592 ejus
2631 3522 2937 3578 emollitum
2984 3531 3156 3584 ratus,
3184 3539 3204 3571 ‹
3231 3517 3386 3573 Nunc
3417 3517 3531 3572 sal-

1941 3624 2048 3672 tem
2071 3657 2088 3682 ,
2122 3616 2221 3678 ait,
2251 3612 2659 3668 contentionem
2692 3611 2842 3664 illam
2880 3622 3041 3678 pone,
3069 3607 3320 3676 labrique
3355 3605 3527 3659 lilium

1945 3704 2161 3777 1085
2194 3704 2377 3774 ejnra.
2413 3720 2433 3753 ι
2491 3701 2708 3764 Atille,
2769 3700 2958 3754 divino
3013 3698 3131 3751 zelo
3190 3710 3525 3758 succensus.

1942 3799 2191 3851 tunicam
2246 3794 2486 3863 disrupit
2543 3801 2598 3846 et
2642 3790 2847 3860 abjecit
2902 3809 2915 3844 :
2967 3809 2984 3841 ι
3016 3787 3074 3842 Si
3126 3787 3293 3855 hujus
3354 3802 3526 3841 causa

1940 3889 2201 3958 pietatem
2241 3901 2326 3940 me
2380 3885 2731 3939 deserturum
2762 3888 2961 3951 putas,
3006 3879 3147 3933 habe
3181 3878 3277 3931 tibi
3321 3879 3524 3931 donum

1940 3995 2066 4034 cum
2114 3977 2417 4048 impietate.
2446 3994 2465 4026 ι
2501 3972 2614 4028 Hac
2659 3972 2778 4041 ejus
2810 3973 2929 4027 visa
2965 3971 3294 4025 fortitudine
3318 4010 3332 4032 ,
3368 3986 3458 4024 rex
3495 3986 3528 4026 e

1940 4072 2089 4142 regia
2126 4069 2333 4124 nudum
2364 4067 2592 4137 expulit.
2627 4064 2864 4119 Suenem
2904 4071 3190 4134 praetcrea,
3218 4062 3367 4115 mille
3401 4078 3522 4117 ser-

1940 4180 2134 4219 vorum
2188 4161 2513 4220 dominum,
2553 4157 2901 4212 resistentem
2949 4155 3077 4215 sibi.
3126 4153 3529 4223 Factoremque

1944 4273 2106 4313 suum
2193 4269 2396 4324 negare
2455 4251 2814 4314 abnuentem,
2874 4254 3230 4317 percontatus
3300 4246 3527 4316 quinam

1944 4351 2190 4406 orniiium
2227 4347 2405 4418 ipsius
2450 4359 2734 4400 servorum
2783 4353 2930 4396 esset
2965 4340 3361 4409 nequissimus,
3396 4339 3531 4393 huic

1943 4452 2268 4498 caeterornm
2305 4439 2648 4494 dominatum
2697 4433 2963 4498 tradidit,
3004 4442 3059 4489 et
3105 4432 3390 4488 dominum
3447 4432 3528 4486 illi

1944 4535 2164 4590 servire
2192 4531 2384 4602 jussit,
2410 4529 2695 4599 eidemque
2741 4526 3020 4581 dominam
3070 4524 3277 4579 domini
3332 4524 3531 4593 conju.

242 4625 388 4682 υἱόν.
414 4642 434 4676 ι
456 4626 516 4679 Ὀ
544 4626 600 4680 δὲ
622 4624 786 4697 ζήλου
819 4625 966 4680 θείου
997 4625 1258 4697 πλησθεὶς
1283 4628 1535 4699 διέρρηξέ
1555 4646 1615 4681 τε
1639 4628 1732 4681 τὸν
1751 4646 1835 4698 χι-

1949 4643 2071 4698 gem
2136 4624 2440 4695 copulavit,
2496 4636 2731 4691 sperans
2781 4619 2885 4673 hoc
2948 4626 3108 4689 pacto
3163 4632 3223 4673 se
3278 4616 3529 4672 veritatis

238 4717 536 4781 τωνίσκον,
567 4719 663 4773 καὶ
694 4717 1060 4790 προσέρριψεν
1092 4718 1341 4772 ὑπειπών
1370 4735 1384 4750 ’
1417 4738 1435 4771 ι
1478 4720 1541 4772 Ei
1568 4719 1658 4773 διά
1678 4719 1838 4772 τοῦτό

244 4828 319 4881 με
361 4810 465 4864 οἴει
497 4812 597 4883 τῆς
647 4812 932 4876 εὐσεϐείας
990 4812 1373 4881 ὲκστήσεσθαι,
1427 4812 1517 4883 ἔχε
1569 4812 1630 4866 τὺ
1661 4812 1836 4882 δῶρον

243 4902 393 4973 μετά
443 4904 545 4974 τῆς
575 4904 912 4968 δυσσεϐείας.
952 4925 974 4957 ιι
1003 4904 1219 4975 Ταύτην
1259 4903 1423 4957 αὐτοῦ
1450 4904 1551 4975 τὴν
1582 4905 1835 4976 ἀνδρείαν

239 4995 273 5048 ὀ
321 4992 576 5062 βασιλεὺς
602 4994 959 5067 θεασάμενος,
995 4996 1201 5067 γυμνὸν
1238 4994 1513 5064 οὕτωςτῆς
1557 4995 1836 5068 βασιλείας

242 5086 505 5156 ἐξήλασε.
559 5089 670 5142 Καὶ
704 5091 946 5162 Σουήνην
973 5089 1031 5142 δὲ
1062 5088 1250 5159 χιλίων
1277 5090 1504 5144 οἰκετῶν
1543 5088 1833 5159 δεσπότην,

244 5176 580 5244 ἀντειπόντα
635 5178 807 5248 αὐτῷ,
841 5180 937 5234 καὶ
969 5179 1271 5251 ἀρνηθῆναι
1315 5180 1407 5234 τὸν
1446 5176 1684 5250 Ποιητὴν
1736 5180 1838 5233 οὐκ

243 5270 646 5340 ἀνασχόμενον,
678 5270 935 5341 ἐρόμενος
976 5271 1123 5335 ὅστις
1158 5271 1246 5342 εἴη
1276 5271 1384 5324 τῶν
1414 5270 1640 5327 οἰκετῶν
1674 5273 1704 5326 ὁ
1739 5270 1839 5327 κά-

244 5378 461 5441 κιστος,
482 5361 678 5434 ἐκείνῳ
695 5360 802 5439 τῶν
835 5361 1010 5416 ἀλλων
1036 5361 1134 5433 τὴν
1165 5362 1485 5417 δεσποτείαν
1518 5363 1832 5435 παρέδωκε,

1950 4725 2430 4788 prepugnatorem
2462 4713 2530 4768 de
2553 4710 2823 4768 sententia
2858 4708 3225 4778 dejecturum.
3273 4706 3379 4762 Sed
3427 4722 3530 4776 spe

1944 4827 2045 4866 sua
2082 4810 2386 4865 frustratus
2439 4814 2575 4863 est:
2624 4806 2848 4860 domum
2908 4803 3113 4872 quippe
3166 4800 3409 4855 habebat
3467 4802 3524 4856 in

1938 4912 2095 4971 petra
2128 4897 2481 4955 aediﬁcatam.
2526 4893 2910 4965 Benjaminum
2948 4905 3170 4961 quoque
3222 4889 3523 4944 diaconum

1939 4994 1994 5048 in
2030 4992 2254 5046 vincula
2306 4990 2659 5059 conjecerat:
2693 4985 3028 5053 biennioqne
3075 4983 3283 5051 elapso,
3322 4978 3525 5033 Roma-

1942 5100 2142 5141 norum
2185 5083 2402 5153 legatus
2430 5121 2444 5145 ,
2480 5078 2574 5149 qui
2612 5078 2736 5134 aliis
2773 5077 2841 5133 de
2878 5075 3067 5130 eausis
3104 5080 3350 5137 venerat,
3396 5087 3526 5126 cum

1939 5176 2008 5232 de
2037 5175 2274 5230 diacono
2312 5170 2688 5242 cognovisset,
2740 5168 3125 5224 liberationem
3168 5165 3290 5234 ejus
3332 5179 3361 5217 a
3396 5178 3525 5233 rege

1943 5268 2122 5341 petiit.
2154 5265 2271 5321 Rex
2310 5279 2340 5318 a
2380 5262 2709 5333 Benjamino
2753 5258 3006 5331 promitti
3052 5256 3256 5327 jussit,
3293 5255 3426 5309 nulli
3462 5269 3525 5310 se

1943 5375 2229 5433 magorum
2259 5357 2570 5413 doctrinam
2603 5354 2974 5410 Christianam
3005 5350 3410 5421 expositurum.
3456 5346 3522 5402 Et

1323 5594 1341 5621 ί
1527 5536 1764 5593 νΔῐῖΙιΕ
1787 5535 2201 5593 LECTIONES.

342 5650 393 5684 νο
423 5647 519 5712 τὰς
550 5647 786 5719 addebat
817 5658 873 5705 et
908 5649 1033 5704 Pini
1064 5651 1222 5718 liber,
1248 5652 1346 5708 sed
1372 5651 1528 5707 abest
1561 5666 1591 5705 a
1618 5651 1783 5706 Basil.
1816 5649 1910 5706 Gr.
1932 5656 1993 5719 et
2034 5649 2226 5719 Steph.
2312 5649 2355 5680 ⁹¹
2388 5645 2775 5719 ἐργάσωνταιῇ
2810 5641 3045 5719 λάκκους
3079 5640 3233 5719 όρύξ.
3258 5642 3403 5697 Idem
3427 5638 3521 5696 Jo.

245 5720 392 5774 Piui.

485 5720 533 5753 "
566 5717 659 5792 Sic
689 5721 824 5776 bene
849 5721 1137 5792 rescripsit
1159 5717 1505 5792 ChristOph.,
1539 5720 1787 5792 Scaliger
1813 5730 1868 5777 et
1898 5717 2175 5782 Valesius,
2213 5725 2362 5792 post

2451 5716 2600 5769 avilii
2633 5713 2901 5770 codicem.
2931 5713 3406 5783 Καταφρήσαντες
3435 5726 3520 5764 re-

248 5789 532 5846 scribebat
561 5790 937 5846 Camerarius.
989 5781 1158 5847 Basil.
1200 5791 1298 5847 Gr.
1331 5781 1405 5849 et.
1442 5781 1536 5846 Ste
1578 5793 1634 5845 h.
1676 5781 2150 5862 ιῖαταχρήσαντες.
2212 5781 2446 5855 Niceph.
2491 5784 2929 5857 ἀποφράξαντες.
2962 5781 3159 5855 Epiph.
3190 5781 3500 5839 obturantes

257 5848 312 5916 ξ’
350 5860 522 5916 αὐτῆς
545 5859 709 5916 (forte
733 5861 963 5916 αὐτοῖς).
994 5861 1162 5916 Basil.
1192 5863 1285 5916 Gr:
1322 5871 1377 5916 et
1402 5808 1598 5916 Steng.
1630 5861 1678 5893 ”
1708 5861 1822 5916 τόν.
1860 5860 2027 5916 Basil.
2052 5858 2177 5916 Gr..
2205 5857 2438 5916 Niceph.
2474 5856 2512 5913 ι.
2550 5873 2601 5912 c.
2632 5870 2683 5912 c.
2712 5854 2808 5910 20.
2993 5882 3009 5890 ν

257 5848 312 5919 ξ’
350 5860 522 5943 ᾳρτῆς
545 5859 709 5945 (forte
733 5861 963 5949 αὐτοῖς).
994 5861 1162 5919 Basil.
1192 5863 1285 5920 Gr:
1322 5848 1377 5919 et
1402 5861 1535 5933 Step

1630 5861 1678 5893 ”
1708 5854 2027 5918 rev."Basil.
2052 5858 2177 5926 Gn,
2205 5857 2438 5929 Niceph.
2474 5856 2512 5913 ι.
2550 5873 2601 5912 c.
2632 5854 2683 5912 (Ξ.
2712 5854 2808 5910 20.
