4030 6406
555 441 695 509 1275

1574 456 2063 518 mmmam
2093 433 2438 521 EPISCOPi
2473 460 2846 522 CYRENSIS

3690 420 3823 517 me.

554 556 768 629 legatus
827 563 1049 632 quidem
1100 564 1277 631 jussis
1324 564 1715 623 obsecuturum
1769 568 2146 641 Benjaminum

2254 573 2349 625 καὶ
2383 573 2474 625 τὸν
2505 573 2771 643 δεσπότην
2798 570 2992 641 ἐκείνῳ
3017 567 3288 623 δουλεύειν
3318 567 3616 639 προσέταξε
3648 583 3662 597 ⁶
3703 585 3827 620 συν-

557 654 761 723 reeepit
798 674 811 710 :
854 666 907 710 at
943 656 1228 725 Beniamin
1282 659 1446 730 legati
1479 662 1841 717 suasionibus
1876 662 2124 717 auditis:

564 764 582 795 ι
612 744 771 811 Fieri,
811 747 1008 817 inquit,
1041 764 1148 803 non
1178 759 1379 820 potest,
1423 760 1485 806 ut
1526 753 1711 807 lumen
1765 754 1910 825 quod
1944 754 2130 823 accepi

560 852 669 890 non
702 839 1034 907 impertiam.
1064 840 1285 905 Quauto
1311 844 1458 896 enim
1493 845 1766 913 supplicio
1806 845 2032 916 dignum
2062 846 2133 901 sit

556 930 823 981 talentum
857 931 1232 990 abscondere.
1273 947 1559 987 sacrorum
1595 933 2017 1005 Evangeliorum
2053 935 2136 989 hi-

558 1019 728 1073 storia
755 1018 934 1074 docet.
964 1040 982 1073 ι
1016 1021 1121 1075 Sed
1177 1023 1374 1077 horum
1431 1025 1678 1078 omnium
1723 1032 1855 1080 tunc
1912 1025 2136 1095 ignarus

558 1126 675 1173 rex,
733 1113 966 1169 vinculis
1035 1116 1173 1169 solvi
1211 1116 1504 1171 diaconum
1558 1114 1814 1187 imperat.
1865 1115 1962 1172 Ille
2005 1133 2138 1173 vero

555 1201 704 1270 quod
768 1212 928 1258 antea
990 1204 1210 1259 solebat
1260 1207 1443 1261 facere
1492 1207 1758 1278 perstitit,
1797 1207 1852 1261 in
1897 1209 2141 1263 tenebris

558 1291 888 1362 ignorantiae
913 1293 1165 1352 detentus
1216 1297 1482 1367 eripiens,
1533 1306 1588 1353 et
1639 1297 1705 1351 ad
1762 1297 2141 1367 intelligentia:

558 1384 736 1440 lucem
795 1387 1097 1444 adducens.
1149 1389 1309 1444 Anno
1362 1398 1686 1456 transacto,
1736 1405 1858 1444 cum
1902 1390 2141 1445 indit-sta

558 1476 675 1546 regi
740 1475 981 1532 fuissent
1041 1494 1164 1546 qum
1214 1480 1432 1551 agebat,
1486 1481 1610 1537 sisti
1649 1482 1814 1549 jusso
1866 1480 2145 1551 abnegare

559 1568 809 1637 praecipit
845 1569 1062 1640 1086
1089 1586 1251 1640 quem
1312 1573 1600 1627 adorabat.
1654 1572 1723 1626 Et
1785 1572 1900 1638 ille,
1959 1587 2146 1643 regem

560 1669 982 1729 percunctatus,
1036 1679 1282 1733 quonam
1319 1664 1548 1734 dignum
1613 1664 1780 1718 ducat
1831 1679 1994 1727 eum,
2051 1665 2144 1733 qui

557 1751 783 1805 deserto
813 1749 989 1820 ipsius
1036 1767 1208 1821 regno
1254 1754 1487 1808 alterum
1534 1760 1857 1823 anteponat,
1911 1768 2037 1808 cum
2099 1754 2146 1808 is

561 1850 743 1897 morte
768 1842 1145 1912 respondisset
1175 1852 1540 1914 extremoque
1582 1844 1881 1915 supplicio,
1911 1852 2024 1897 tum
2065 1844 2147 1897 vir

2239 664 2425 729 έζευξε
2454 665 2510 718 δὲ
2546 664 2698 736 αὐτῷ
2720 664 2814 720 καὶ
2843 664 2941 737 τὴν
2969 663 3261 716 δέσποιναν
3303 660 3404 731 τὴν
3440 658 3533 714 τοῦ
3564 659 3827 712 δεσπότου

2234 754 2504 823 ὁμόζυγα,
2535 753 2710 826 ταύτῃ
2745 753 3097 825 μεταπείσειν
3153 752 3505 821 ὑποτοπήσας
3557 750 3658 819 τῆς
3692 750 3829 820 ἀλη-

2235 840 2385 909 θείας
2417 846 2509 900 τὸν
2536 845 2844 917 πρόμαχον·
2882 844 2998 899 ἀλλ’
3029 842 3267 913 ἐψεύσθη
3299 843 3398 912 τῆς
3432 841 3662 905 ἐλπίδος.
3706 840 3831 899 Ἐπὶ

2234 936 2349 1007 γὰρ
2380 936 2480 1006 τῆς
2509 938 2713 1009 πέτρας
2764 935 3195 1008 ᾠκοδομημένην
3229 929 3344 1005 εἶχε
3367 933 3466 1005 τὴν
3497 934 3697 987 οίκίαν.
3734 934 3834 986 Βε-

2235 1028 2438 1098 νιαμὴν
2464 1028 2522 1082 δέ
2550 1046 2669 1082 τινα
2714 1027 2961 1082 διάκονον
2996 1025 3274 1080 συλλαϐὼν
3306 1025 3559 1097 καθεῖρξε
3587 1042 3601 1054 ’
3644 1026 3739 1079 δύο
3773 1027 3830 1079 δὲ

2237 1116 2631 1187 διεληλυθότων
2665 1118 2826 1182 ἐτῶν,
2862 1117 3204 1190 πρεσϐευτὴς
3246 1118 3537 1186 Ῥωμαίων
3576 1116 3833 1187 ἀφίκετο,

2239 1210 2371 1281 περὶ
2406 1211 2612 1282 ἑτέρων
2638 1211 2959 1281 πρεσϐεύων
2986 1212 3329 1281 πραγμάτοιν
3349 1228 3362 1241 ·
3392 1205 3512 1262 εἶτα
3540 1209 3699 1263 τοῦτο
3726 1229 3837 1281 μα·

2240 1300 2369 1367 θὼν,
2393 1302 2563 1373 ᾔτησε
2591 1303 2683 1357 τὸν
2709 1303 2932 1374 βασιλέα
2963 1302 3057 1356 τοῦ
3092 1303 3341 1357 διακόνου
3370 1302 3469 1373 τὴν
3510 1302 3727 1371 ἄφεσιν.
3776 1304 3838 1356 Ὀ

2239 1393 2296 1447 δὲ
2334 1394 2587 1463 βασιλεὺς
2615 1397 2950 1467 ὑποσχέσθαι
2975 1395 3280 1467 προσέταξε
3309 1395 3400 1449 τὸν
3438 1396 3730 1467 Βενιαμὴν,
3757 1397 3839 1462 ῶς

2242 1486 2419 1540 οὐδενὶ
2461 1487 2571 1541 τῶν
2622 1490 2811 1559 μάγων
2865 1489 2966 1559 τὴν
3024 1488 3419 1560 Χριστιανικὴν
3483 1488 3838 1543 διδασκαλίαν

2244 1578 2546 1648 προσοίσει.
2573 1580 2683 1632 Καὶ
2716 1583 2745 1633 6
2776 1581 2876 1650 μὲν
2907 1579 3253 1652 πρεσϐευτὴς
3272 1581 3534 1649 φυλάξειν
3563 1580 3633 1634 τὰ
3668 1598 3845 1651 προσ-

2244 1670 2510 1740 ταχθέντα
2539 1670 2630 1723 τὸν
2663 1669 2937 1742 Βενιαμὴν
2966 1670 3355 1741 ἐπηγγείλατοο
3386 1672 3416 1724 6
3441 1670 3499 1724 δέ
3535 1672 3843 1740 Βενιαμὴν,

2245 1760 2486 1824 ἀκούσας
2504 1760 2614 1814 τῶν
2644 1761 2738 1815 τοῦ
2767 1761 3105 1832 πρεσϐευτοῦ
3134 1763 3516 1835 παραινέσεων
3550 1780 3566 1795 ’
3612 1781 3632 1815 ι
3687 1763 3844 1817 Ἀδύ-

2246 1869 2426 1914 νατον,
2455 1851 2581 1924 ἔφη,
2618 1853 2694 1925 μὴ
2728 1854 3052 1924 μεταδοῦναί
3084 1872 3152 1926 με
3181 1856 3275 1908 τοῦ
3300 1856 3479 1925 φωτὸς
3514 1850 3575 1910 οὗ
3607 1856 3842 1925 μετέλα-

563 1933 1051 2003 sapientissimus:
1087 1938 1253 2002 «Qua
1315 1952 1447 2006 ergo
1506 1952 1692 2007 pmua,
1764 1936 1968 2007 inquit,
2035 1950 2142 1990 non

2249 1962 2362 2015 χον.
2403 1944 2641 2016 Ὀπόσης
2701 1944 2810 2016 γάρ
2858 1946 3009 2013 ἄξιον
3053 1947 3325 2017 τιμωρίας
3369 1947 3725 2018 κατακρύψαι
3778 1948 3842 2001 τὸ

563 2027 763 2080 merito
813 2027 1083 2096 plectatur
1118 2027 1186 2093 is,
1225 2030 1318 2097 qui
1375 2027 1662 2084 Factorem
1708 2037 1761 2083 et
1825 2029 2143 2083 Creatorem

559 2116 850 2182 deserens,
878 2126 1045 2188 atque
1068 2135 1236 2174 unum
1263 2136 1328 2176 ex
1363 2121 1645 2176 conservis
1673 2119 1842 2175 Deum
1870 2128 2145 2184 statuens,

557 2212 771 2266 cultum
802 2213 894 2282 qui
933 2212 1009 2266 illi
1040 2212 1274 2267 debetur
1301 2213 1429 2267 huic
1468 2211 1771 2268 exhibeat?
1797 2233 1815 2263 ι
1855 2210 1975 2266 Tali
2020 2226 2148 2266 ora-

556 2305 709 2359 tione
741 2320 838 2360 rex
876 2304 1120 2361 offensus
1146 2346 1162 2370 ,
1221 2305 1414 2375 viginti
1466 2306 1774 2361 arundines
1838 2313 2147 2375 praeacutas

560 2410 825 2450 manuum
881 2396 1004 2465 ejus
1061 2396 1375 2467 pedumque
1419 2397 1697 2468 unguibus
1757 2396 1908 2467 infigi
1950 2397 2143 2467 jussit.

559 2483 628 2539 Et
661 2486 791 2556 quia
842 2502 944 2556 pro
992 2487 1119 2542 ludo
1170 2488 1476 2544 cruciatum
1532 2489 1681 2545 hunc
1734 2488 1938 2543 habere
1989 2488 2145 2543 illum

561 2578 802 2642 videbat,
844 2579 1007 2634 aliam
1039 2596 1236 2637 rursus
1270 2591 1488 2636 acutam
1529 2582 1855 2638 arundinem
1892 2582 2147 2638 verendis

563 2668 764 2735 inﬁxit,
794 2686 915 2740 qua:
937 2671 1237 2727 identidem
1267 2681 1508 2729 retracta
1540 2675 1624 2729 vel
1664 2674 1904 2745 impulsa
1927 2675 2149 2731 dolores

562 2760 875 2818 ineffabiles
908 2764 1233 2820 incutiebat.
1266 2765 1400 2821 Post
1428 2766 1530 2821 hoc
1562 2767 1914 2837 supplicium,
1947 2766 2149 2838 impius

559 2859 619 2906 et
646 2851 905 2910 immanis
928 2868 1180 2911 crassum
1228 2856 1468 2926 stipitem
1501 2873 1625 2912 cum
1681 2857 2021 2913 lmrentibus
2061 2871 2149 2911 ra.

564 2943 670 2999 mis
699 2958 797 3014 per
824 2945 988 3001 imam
1020 2945 1205 3002 sedem
1246 2948 1394 3018 adigi
1432 2948 1602 3019 jussit
1631 2968 1645 3005 :
1683 2960 1849 3020 atque
1879 2948 1953 3003 ita
1988 2964 2149 3020 gene-

563 3050 727 3094 rosus
754 3036 961 3092 athleta
995 3040 1255 3109 spiritum
1290 3040 1590 3095 exhalavit.
1626 3040 1847 3096 Infinita
1882 3040 1934 3095 id
1972 3056 2147 3112 genus

2247 2035 2525 2100 τάλαντον,
2582 2036 2759 2106 ἡτῶν
2810 2037 2971 2109 ἱερῶν
3026 2038 3375 2107 Εὐαγγελίων
3415 2038 3627 2106 ἱστορία
3678 2037 3830 2091 διδά-

2251 2137 2389 2174 σκει.
2421 2138 2439 2172 ι
2486 2120 2647 2174 ’Δλλά
2688 2121 2893 2175 τούτων
2942 2122 3041 2192 μὲν
3087 2122 3240 2176 οὐδὲν
3268 2122 3572 2193 τηνικαῦτα
3618 2123 3841 2190 γνοῦςό

2250 2213 2526 2284 βασιλεὺς,
2576 2214 2859 2267 ἐκέλευσεν
2904 2215 3070 2268 αὑτὸν
3120 2216 3229 2269 τῶν
3282 2214 3500 2284 δεσμῶν
3544 2216 3837 2283 ἀφεθῆναι.

2261 2305 2497 2368 Ἐκεῖνος
2522 2304 2580 2359 δὲ
2606 2304 2675 2358 τὰ
2700 2306 2906 2375 συνήθη
2934 2305 3183 2371 διετέλει,
3210 2305 3306 2359 καλ⁸
3341 2304 3577 2377 ζωγρῶν
3605 2307 3733 2369 τοὺς
3757 2305 3840 2375 τῷ

2248 2397 2397 2469 ζόφῳ
2420 2398 2519 2467 τῆς
2545 2398 2766 2465 ἀγνοίας
2792 2397 3208 2468 κατεχομένους,
3232 2396 3331 2450 καὶ
3359 2396 3437 2467 τῷ
3466 2395 3639 2467 νοερῷ
3666 2413 3841 2467 προσ-

2249 2490 2398 2557 άγων
2444 2490 2604 2559 φωτί.
2649 2488 2930 2543 Ἐνιαυτοῢ
2974 2489 3032 2543 δὲ
3084 2488 3409 2552 διελθόντος,
3452 2487 3702 2559 ἐμηνύθη
3760 2488 3841 2558 τῷ

2251 2581 2462 2653 βασιλεῖ
2486 2582 2554 2634 τὰ
2601 2580 2731 2651 παρ’
2763 2581 2975 2634 ἐκείνου
2999 2580 3316 2650 γιγνόμενα·
3350 2580 3447 2634 καὶ
3486 2577 3712 2648 ἀγαγὼν
3737 2580 3841 2631 αύ-

2248 2675 2360 2737 τδν,
2390 2673 2693 2744 ἀρνηθῆναι
2727 2671 3026 2744 προσέταξε
3066 2672 3159 2726 τὸν
3185 2672 3277 2724 ὑπ’
3307 2669 3472 2725 αὐτοῦ
3497 2670 3842 2741 προσκυνού-

2252 2780 2433 2833 μενον.
2481 2762 2542 2817 '0
2590 2762 2646 2815 δὲ
2676 2762 2841 2832 ἤρετο
2880 2762 2971 2815 τὸν
3019 2760 3266 2831 βασιλέα,
3296 2760 3443 2824 τίνος
3472 2762 3703 2830 τιμᾶται
3750 2761 3846 2812 τὸν

2248 2858 2350 2929 τὴν
2394 2856 2591 2911 ἐαυτοῦ
2639 2856 2740 2927 μὲν
2795 2856 3167 2910 καταλιπόντα
3220 2854 3522 2925 βασιλείαν,
3555 2854 3753 2922 ἑτέραν
3787 2854 3845 2906 δὲ

2251 2947 2713 3017 προαιρούμενον·
2746 2946 2955 3000 ἐκείνου
2983 2945 3039 2999 δὲ
3063 2945 3329 3007 εἰπόντος,
3363 2943 3595 2998 θανάτου
3627 2945 3734 2997 καὶ
3764 2961 3845 2995 τι-

2253 3038 2466 3109 μωρίας
2516 3039 2776 3108 ἐσχάτης,
2808 3032 2960 3091 εἴπεν
2984 3040 3012 3091 6
3037 3036 3347 3105 σοςτώτατος
3376 3036 3547 3107 ἁνήρ·
3588 3056 3607 3087 ι
3645 3037 3713 3088 Τί
3748 3032 3845 3089 οὖν

561 3129 670 3184 alia
700 3129 769 3183 ab
793 3130 978 3201 impiis
1013 3131 1124 3185 illis
1161 3142 1380 3202 patrata
1431 3140 1581 3189 sunt.
1620 3132 1732 3188 Nec
1764 3148 1895 3189 vero
1935 3134 2144 3187 miran-

559 3221 693 3277 dum
715 3234 820 3287 est,
846 3222 976 3277 ferri
1010 3224 1080 3279 ab
1106 3226 1351 3280 oumium
1377 3224 1723 3281 Moderatore
1755 3235 1970 3280 tantam
2011 3226 2150 3280 isto-

561 3327 687 3367 rum
738 3311 1010 3368 feritatem
1064 3323 1233 3383 atque
1303 3317 1662 3386 impietatem.
1710 3315 1848 3370 Nam
1905 3327 1964 3371 et
2022 3304 2146 3373 ante

2255 3315 2461 3371 δούλων
2499 3314 2784 3379 θεοποιῶν,
2829 3314 2925 3366 καὶ
2966 3313 3027 3366 τὸ
3056 3312 3405 3384 ὀφειλόμενον
3450 3311 3644 3383 ἐκείνῳ
3676 3311 3845 3375 σέϐας

561 3404 856 3474 imperium
900 3405 1255 3462 Constantini
1307 3407 1531 3480 Magni,
1594 3418 1864 3481 quotquot
1914 3409 2146 3466 Romani

2255 3409 2432 3480 τούτῳ
2481 3407 2849 3478 προσφέρωνς
2890 3424 2908 3456 ι
2955 3405 3282 3475 Χαλεπήνας
3309 3404 3374 3476 δὴ
3413 3400 3507 3458 οὖν
3550 3405 3687 3475 πρὸς
3716 3406 3849 3470 τοὺς

563 3498 924 3568 imperatores
959 3498 1201 3565 fuerunt,
1233 3508 1424 3557 contra
1443 3500 1683 3558 veritatis
1711 3502 2146 3557 amatoresinsa-

2256 3499 2532 3559 τοιούτους
2556 3496 2747 3564 λόγους
2773 3497 2800 3548 6
2819 3494 3092 3565 βασιλεὺς,
3121 3493 3294 3547 είκοσι
3321 3492 3600 3562 καλάμους
3625 3491 3845 3557 όξύνας,

563 3589 805 3657 nierunt,
837 3601 892 3647 et
923 3592 1291 3651 Diocletianus
1321 3595 1441 3665 ipso
1473 3595 1734 3651 salutaris
1763 3597 2037 3667 passionis
2065 3595 2146 3650 die

2258 3595 2371 3654 τοῖς
2413 3590 2523 3643 τῶν
2572 3586 2773 3658 χειρῶν
2830 3588 2925 3640 καὶ
2978 3584 3088 3638 τῶν
3123 3584 3299 3638 ποδῶν
3350 3582 3507 3657 [248]
3558 3583 3844 3653 ἐνέπειρεν

562 3685 735 3739 totius
798 3682 1028 3742 Romani
1068 3688 1280 3759 imperii
1328 3687 1595 3744 ecclesias
1627 3703 1821 3743 omnes
1851 3688 2146 3744 destruxit.

2260 3682 2461 3748 ὄνυξιν.
2508 3679 2726 3751 Ἐπειδὴ
2751 3678 2809 3733 δὲ
2843 3678 2989 3750 ἐώρα
3020 3677 3272 3746 παίγνιον
3290 3676 3390 3748 τὴν
3417 3676 3692 3747 τιμωρίαν
3714 3676 3839 3728 ὑπο-

561 3775 941 3845 λαμϐάνοντα,
979 3778 1168 3851 ἕτερον
1233 3776 1301 3834 αὖ
1352 3781 1513 3835 πάλιν
1554 3780 1803 3851 κάλαμον
1849 3778 2068 3845 ὀξύνας,
2139 3777 2364 3832 ἐνέϐαλε
2407 3774 2487 3845 τῷ
2539 3772 2843 3843 παιδογόνῳ
2897 3770 3110 3843 μορίῳ,
3181 3769 3277 3824 καὶ
3324 3768 3513 3822 τοῦτον
3592 3764 3832 3837 συνεχῶς

562 3868 794 3940 ἐξαίρων
823 3871 919 3925 καὶ
943 3872 1189 3945 ἐνείρων,
1220 3875 1494 3946 ἀρρήτους
1520 3876 1671 3939 τινὰς
1698 3875 1997 3946 ἀλγηδόνας
2031 3875 2337 3947 εἰργάζετο.
2391 3870 2547 3927 Μετὰ
2572 3871 2733 3941 τήνδε
2796 3867 2898 3940 τὴν
2941 3864 3235 3938 τιμωρίαν,
3298 3867 3328 3919 6
3393 3863 3663 3933 δυσσεϐὴς
3750 3866 3844 3917 καὶ

561 3958 837 4032 θηριώδης
872 3962 1068 4033 ῥάϐδον
1111 3968 1360 4035 παχεῖαν,
1386 3966 1544 4030 ὄζους
1576 3967 1845 4020 πάντοθεν
1897 3967 2147 4037 ἔχουσαν,
2218 3966 2354 4019 εἴσω
2405 3963 2583 4017 θεῖναι
2608 3962 2657 3993 ⁹⁶
2712 3960 2805 4015 διὰ
2851 3959 2950 4030 τῆς
2995 3957 3157 4029 ἔδρας
3208 3955 3530 4011 ἐκέλευσεν·
3588 3956 3736 4009 οὕτω
3781 3950 3847 4009 τὸ

562 4054 781 4125 πνεῦμα
805 4057 1125 4127 παρέδωκεν
1153 4060 1181 4112 6
1210 4063 1459 4127 γενναῖος
1483 4061 1812 4134 ἀγωνιστής.
1864 4064 1976 4116 Καὶ
2015 4061 2152 4116 ἄλλα
2188 4060 2245 4114 δέ
2282 4059 2452 4131 μυρία
2481 4056 2712 4112 τοιαῦτα
2745 4056 2875 4127 παρ’
2903 4054 3128 4107 ἐκείνων
3198 4051 3473 4123 ἐτολμήθη
3530 4051 3640 4104 τῶν
3713 4052 3847 4104 δυσ-

564 4143 759 4199 σεϐῶν.
794 4147 869 4199 Οὐ
902 4148 1009 4220 χρὴ
1043 4148 1102 4202 δέ
1126 4149 1427 4222 θαυμάζειν
1458 4152 1541 4207 ὃτι
1568 4153 1669 4224 τῆς
1700 4154 1926 4208 ἐκείνων
1952 4153 2247 4224 θηριωδίας
2280 4153 2376 4206 καὶ
2414 4149 2735 4213 δυσσεϐείας
2762 4149 3016 4219 ἀνέχεται
3081 4148 3110 4200 6
3168 4145 3277 4199 τῶν
3340 4144 3479 4198 ὅλων
3545 4142 3848 4214 Πρύτανις.

562 4235 676 4288 Καὶ
706 4237 816 4309 γὰρ
855 4240 964 4310 πρὸ
1044 4244 1145 4313 τῆς
1197 4244 1612 4299 Κωνσταντίνου
1684 4246 1778 4299 τοῦ
1866 4247 2106 4317 μεγάλου
2175 4243 2456 4316 βασιλείας
2480 4284 2497 4309 ,
2548 4244 2663 4298 ὅσοι
2725 4241 2988 4313 Ῥωμαῖοι
3046 4239 3298 4309 ἐγένοντο
3351 4236 3589 4307 βασιλεῖς
3618 4277 3633 4302 ,
3699 4235 3849 4289 κατὰ

562 4326 672 4379 τῶν
731 4326 1015 4385 θιασωτῶν
1071 4336 1173 4405 τῆς
1210 4334 1473 4406 ἀληθείας
1531 4336 1854 4407 ἐλύττησαν.
1914 4335 2299 4407 Διοκλητιανὺς
2343 4335 2401 4389 δὲ
2441 4336 2501 4388 ἐν
2551 4337 2618 4407 τῇ
2678 4334 2774 4388 τοῦ
2826 4333 3099 4404 σωτηρίου
3205 4331 3412 4395 πάθους
3482 4330 3669 4402 ἡμέρᾳ
3746 4330 3850 4395 τὰς

2250 3129 2353 3183 οὐκ
2398 3131 2465 3184 ἂν
2500 3129 2662 3184 πάθοι
2688 3130 2915 3193 δικαίως
2966 3128 3277 3201 ἄνθρωπος,
3326 3129 3417 3182 τὸν
3457 3130 3556 3199 μὲν
3602 3128 3847 3200 Ποιητὴν

2252 3221 2348 3275 καὶ
2395 3220 2738 3293 Δημιουργὸν
2772 3219 3243 3290 -καταλιμπάνων,
3290 3218 3386 3274 ἕνα
3442 3219 3498 3273 δὲ
3550 3219 3661 3272 τῶν
3713 3222 3848 3287 ὁμο-

563 4423 624 4475 ἐν
654 4424 839 4498 ἁπάσῃ
866 4429 931 4498 τῇ
980 4428 1266 4500 Ῥωμαίων
1295 4432 1563 4503 ἡγεμονίᾳ
1614 4432 1913 4486 κατέλυσεν
1943 4430 2259 4503 ἐκκλησίας.

639 4515 724 4589 [Β.
768 4515 847 4573 St.
873 4517 989 4592 40.]
1025 4519 1130 4577 Sed
1161 4522 1324 4577 annis
1370 4537 1566 4578 novem
1603 4524 1836 4589 exactis,
1867 4525 1980 4580 illa:
2020 4540 2145 4579 rur-
2177 4526 2228 4584 Ι)

565 4622 666 4664 sus
694 4607 1025 4676 ﬂoruerunt,
1083 4614 1370 4684 multoque
1431 4614 1698 4683 majorem
1735 4626 1789 4671 et
1828 4616 2148 4689 amplitudi-

566 4719 692 4759 nem
718 4712 773 4758 et
804 4713 1062 4759 ornatum
1089 4703 1302 4776 adepta:
1336 4715 1489 4771 sunt,
1513 4715 1569 4762 et
1608 4716 1877 4780 tyrannus
1899 4709 1990 4765 ille
2020 4724 2148 4764 cum

566 4796 852 4867 impietate
911 4811 1013 4853 sua
1054 4798 1242 4869 periit.
1302 4797 1448 4855 Bella
1494 4814 1663 4871 porro
1713 4800 2050 4872 hujusmodi,
2094 4807 2151 4857 et

564 4885 829 4942 Ecclesia:
874 4888 1047 4943 robur
1103 4888 1366 4945 invictum
1429 4891 1678 4959 praedixit
1729 4889 2016 4948 Dominus.
2071 4893 2151 4947 Ac

565 4992 654 5034 res
686 4979 820 5049 ipsae
870 4994 975 5035 nos
1023 4978 1244 5045 docent,
1288 4981 1502 5053 1087
1542 4981 1668 5053 plus
1709 4981 1988 5037 commodi
2033 4981 2153 5038 bel-

565 5068 671 5124 lun:
732 5071 892 5126 nobis
931 5069 1157 5138 aﬂerre,
1214 5088 1379 5144 quam
1430 5089 1641 5146 pacem.
1695 5072 1823 5135 Haec
1871 5073 2147 5145 siquidem

565 5159 760 5216 molles
790 5176 893 5218 nos
934 5168 991 5216 et
1027 5162 1290 5229 immites,
1321 5174 1377 5221 et
1412 5166 1636 5220 timidos
1684 5164 1904 5219 reddit:
1944 5164 2147 5219 bellum

566 5265 698 5305 vero
742 5252 961 5309 animos
1014 5256 1184 5320 acuit,
1236 5268 1292 5311 et
1345 5257 1641 5327 praesentia
1695 5264 1958 5324 tanquam
2002 5253 2149 5309 ﬂuxa

566 5354 830 5409 spernere
867 5342 1050 5399 docet.
1087 5345 1291 5401 Verum
1346 5346 1463 5402 haec
1501 5361 1605 5401 nos
1642 5347 1698 5400 in
1734 5345 1862 5400 aliis
1891 5359 2035 5415 saepe
2080 5346 2141 5400 li-

569 5427 682 5486 bris
707 5431 1096 5491 disseruimus.

2337 4521 2481 4578 Ἀλλ’
2511 4519 2667 4576 ἐννέα
2715 4519 3107 4592 διεληλυθότων
3134 4519 3293 4583 ἐτῶν,
3328 4517 3491 4573 αὐταὶ
3544 4518 3644 4590 μὲν
3676 4518 3848 4590 ἧνθη-

2252 4631 2371 4680 σαν,
2399 4614 2494 4667 καὶ
2521 4611 2923 4667 πολλαπλάσιον
2958 4610 3207 4677 ἐδέξαντο
3242 4609 3474 4682 μέγεθός
3497 4625 3559 4662 τε
3590 4609 3688 4662 καὶ
3722 4609 3849 4663 κάλ-

2260 4710 2362 4771 ὶοςο
2404 4708 2614 4769 ἐκεῖνος
2646 4704 2705 4759 δέ
2730 4705 2867 4776 μετὰ
2891 4705 2991 4776 τῆς
3018 4702 3339 4766 δυσσεϐείας
3366 4701 3705 4772 ἀπεσϐέσθη.
3733 4703 3846 4756 Καὶ

2252 4800 2381 4863 τοὺς
2418 4798 2691 4868 πολέμους
2722 4798 2781 4851 δὲ
2812 4798 3038 4862 τούτους
3084 4796 3417 4870 προείρηκεν
3459 4797 3489 4849 6
3539 4796 3845 4866 Δεσπότης,

2253 4889 2431 4945 καὶτὸ
2459 4890 2559 4960 τῆς
2598 4888 2928 4959 Ἐκκλησίας
2960 4889 3251 4961 ἀήττητον.
3282 4887 3391 4939 Καὶ
3430 4885 3569 4940 αὐτὰ
3596 4886 3656 4939 δὲ
3692 4888 3848 4957 ἡμᾶς

2253 4982 2497 5036 διδάσκει
2530 4981 2599 5035 τά
2622 4981 2946 5053 πράγματα,
2980 4980 3057 5043 ὼς
3087 4980 3311 5033 πλείονα
3339 4979 3470 5049 ἡμῖν
3489 4979 3587 5050 τῆς
3618 4980 3847 5051 εἰρήνης

2254 5075 2283 5128 6
2342 5073 2581 5144 πόλεμος
2645 5072 2859 5145 πορίζει
2925 5074 3026 5144 τὴν
3092 5072 3380 5143 ὠφέλειαν.
3444 5071 3508 5125 Ἦ
3565 5071 3668 5142 μὲν
3734 5071 3846 5142 γὰρ

2257 5167 2460 5234 άϐροὺς
2485 5165 2531 5197 ⁸⁷
2561 5166 2734 5237 ἡμᾶς,
2757 5165 2853 5220 καὶ
2879 5165 3190 5237 ἀνημέρους
3215 5164 3284 5229 ⁸⁸,
3313 5164 3407 5218 καὶ
3436 5164 3644 5227 δειλοὺς
3670 5164 3849 5235 άπερ-

2256 5254 2507 5323 γάζεται·
2530 5258 2559 5309 6
2587 5255 2644 5309 δὲ
2684 5256 2919 5329 πόλεμος
2950 5257 3019 5311 τά
3049 5273 3108 5309 τε
3138 5259 3467 5328 φρονήματα
3501 5255 3846 5326 παραθήγει,

2255 5349 2353 5401 καὶ
2389 5347 2500 5400 τῶν
2551 5350 2834 5419 παρόντων
2877 5349 2954 5412 ὡς
2976 5349 3209 5420 ῥεόντων
3237 5347 3647 5420 παρασκευάζει
3670 5364 3848 5400 κατα-

2256 5440 2497 5509 φρονεῖν.
2544 5440 2700 5492 Ἀλλὰ
2750 5439 2924 5493 ταῦτα
2975 5441 3074 5510 μὲν
3121 5440 3215 5493 καὶ
3244 5442 3303 5493 ἐν
3329 5440 3547 5513 ἑτέραις
3577 5454 3841 5512 πραγμα-

2258 5531 2432 5595 τείαις
2461 5532 2720 5597 πολλάκις
2750 5534 3074 5605 εἰρήκαμεν.

1876 5703 2106 5763 νΑιιιΑε
2137 5706 2537 5766 LECTIONES.

640 5788 686 5822 ⁵⁸
714 5785 1009 5859 εἰσωθῆναι

1066 5789 1515 5875 τοιξίσερθεῖσθαι,
1550 5796 1693 5875 bene
1728 5807 1853 5875 cum
1872 5797 2057 5854 Savilii
2094 5800 2279 5875 codice
2300 5803 2552 5875 rescribit
2580 5802 2854 5875 Xalesius.
2893 5872 2901 5875 Α
2950 5803 2997 5875 ξῖ
3035 5802 3260 5875 ἁϐρούς.
3291 5803 3457 5875 Basil.
3502 5818 3581 5873 gr.
3644 5800 3840 5872 Steph-

569 5856 615 5891 ”
640 5807 686 5912 ἓ
714 5807 1515 5918 atomumatgroetcwustouaz,
1553 5807 1693 5851 bene
1728 5807 1853 5876 cum
1872 5807 2057 5854 Savilii
2094 5807 2279 5856 codice
2300 5807 2552 5858 rescribit
2586 5807 2854 5886 Valesius.
2950 5807 3260 5886 t’aspooq.
3291 5807 3457 5885 Basil.
3502 5818 3581 5873 gr.
3644 5807 3674 5857 ε

677 5858 980 5929 νειμίνους.
1068 5863 1197 5919 avrl.
1240 5860 1433 5932 Eprph.
1467 5866 1537 5933 X,
1571 5866 1642 5921 54
1669 5880 1939 5935 remissos,
1965 5870 2112 5941 quod
2148 5879 2294 5926 recte
2333 5873 2555 5942 praticrt
2580 5871 2853 5930 Valcsrus.
2876 5872 2919 5928 Δ
2956 5873 3184 5946 Nrccph.
3221 5888 3447 5930 ommuo
3501 5874 3674 5928 abest.
