4030 6440
498 464 639 533 1,379
1471 461 1959 525 THEODORETI
1989 463 2331 528 EPISCOPI
2374 468 2742 532 CYRENSIS
3626 467 3768 545 1280

567 574 1082 647 Constantinopolis
1126 573 1406 648 episc0pi,
1444 571 1778 635 Alexander,
1814 569 2086 627 Eusebius
2115 582 2158 634 Α

2260 579 2886 642 Κωνσταντινουπὸλεως
2906 578 3102 635 inicito
3113 596 3197 633 ποι
3221 579 3290 610 ’⁷ο
3330 576 3674 651 Ἀλέξανδρος
3692 582 3764 645 ’⁸,

498 666 936 723 Nicomediensis
976 668 1282 724 translatus
1320 667 1374 720 in
1414 681 1534 721 eam
1578 664 1764 720 sedem
1815 664 2074 718 Arianus.

2195 666 2457 733 Εὐσέϐιος
2500 672 2529 724 6
2557 670 2601 702 ”
2639 670 3013 740 Νικομηδειας
3043 671 3108 724 ὲκ
3140 670 3485 742 μεταθέσεως
3544 672 3765 742 Ἀρεια-

498 758 634 815 Post
687 760 834 814 hunc
865 759 1072 815 Paulus
1127 758 1436 824 confessor,
1493 757 1851 812 Macedonius
1906 757 2081 811 hostis

2184 760 2270 823 νὸς
2306 761 2372 825 ³⁰,
2407 764 2544 831 μετὰ
2600 763 2787 816 τοῦτον
2822 763 3034 826 Παῦλος
3061 764 3089 816 6
3120 761 3455 834 ὁμολογητὴς
3482 765 3547 827 ³⁸,
3583 765 3775 818 Μακε-

502 851 747 921 Spiritus
798 853 997 907 sancti.
1040 850 1154 905 lloc
1206 851 1470 921 expulso,
1532 850 1735 919 impius
1793 847 2080 903 Endoxius

2188 851 2359 915 δόνιος
2392 854 2421 904 6
2453 853 2932 924 πνευματομάχος.
2974 852 3177 908 Τοῦτον
3218 855 3613 925 παρωσάμενος
3661 855 3773 908 Εὐ-

509 940 812 996 Ecclesiam
857 941 1115 996 obtinuit.
1160 939 1516 1010 DemOphilus
1551 956 1582 992 a
1615 938 1787 993 Beroe
1831 936 2083 991 Thraciae

2184 943 2357 1011 66Eto;
2382 947 2410 998 6
2434 946 2699 1018 δυσσεϐὴς
2722 946 2953 1016 κατέσχε
2982 952 3082 1017 τὴν
3132 946 3458 1013 Ἐκκλησίαν
3493 947 3561 999 ³⁸.
3584 945 3773 1015 Δημό-

504 1031 639 1087 urbe
664 1031 972 1095 haereticus,
996 1030 1300 1103 Gregorius
1329 1030 1734 1094 Nazianzenus,
1765 1028 2078 1093 Nectarins,

2189 1035 2342 1104 φιλος
2379 1038 2407 1090 6
2447 1037 2652 1107 Βερόης
2682 1038 2781 1108 τῆς
2813 1039 3037 1109 Θρᾴκης
3074 1037 3350 1107 αἱρετικὸς
3384 1037 3427 1068 ³⁸
3469 1036 3777 1107 Γρηγόριης

496 1123 743 1179 Joannes
791 1124 1263 1197 Chrysostomus,
1319 1124 1617 1190 Arsacius,
1669 1122 1924 1188 Atticus,
1995 1119 2085 1174 Si-

2191 1129 2220 1180 6
2248 1126 2578 1192 Ναζιανζοῦ,
2626 1129 2932 1201 Νεκτάριος
2973 1129 3040 1196 ⁸⁸,
3085 1129 3339 1199 Ἰωάννης
3378 1128 3407 1179 6
3458 1128 3779 1199 Χρυσόπο-

502 1217 739 1274 sinnius.
2199 1234 2299 1287 μσς
2330 1217 2397 1282 ³⁸,
2443 1216 2754 1289 ’Δρσάκιος,
2795 1218 3065 1282 Ἀττικὸς,
3105 1217 3368 1281 Σισίννιως
3395 1217 3461 1273 ⁸⁷.

1835 1389 2075 1446 VARIIE
2111 1387 2521 1445 LECTIONES.

577 1488 623 1518 ’⁷
660 1486 844 1541 ὲπὶσκ.
874 1487 1070 1540 iterum
1112 1484 1287 1539 abest.
1391 1484 1437 1517 ”
1464 1479 1586 1536 εἶτα
1617 1482 1984 1554 addit_Sirtn._
2063 1481 2109 1554 ’ξ
2147 1483 2212 1535 ὲκ
2240 1480 2436 1554 addit._
2521 1482 2722 1554 “ﬁsco
2754 1482 2819 1554 ἐκ
2848 1481 3040 1554 μεταθ.
3083 1484 3226 1554 Ἀρ.,
3274 1485 3477 1539 absunt
3511 1500 3541 1538 a
3579 1485 3779 1553 Sirm.,

506 1572 608 1625 pro
642 1558 841 1625 quibus
865 1557 939 1609 ibi
980 1563 1065 1627 est
1096 1554 1394 1627 qipstutdq.
1426 1622 1452 1627 _
1499 1555 1540 1586 ³⁸
1573 1552 1850 1627 ὀρορδοξφς
1905 1551 2290 1627 καὶᾼμᾲρτιρςη
2313 1549 2452 1627 μετὰ
2496 1550 2683 1627 τφᾼῦτον
2728 1549 2938 1627 Μῳὲεῇ
2999 1549 3360 1627 αἰρεσι-άρχηῄς
3429 1549 3780 1627 mappa-top.

510 1617 556 1660 δ²
592 1617 852 1699 κᾳῖεέσχεν
884 1624 1035 1699 sint)“
1113 1617 1330 1699 ιξξμτεῖᾲ
1359 1622 1546 1699 τοῖετον
1577 1617 1728 1699 aildit
1750 1621 1935 1699 Sir_r_n_._
1995 1617 2043 1699 ξε
2061 1617 2253 1674 ὲάυτδν
2275 1617 2389 1673 bis?
2412 1621 2729 1691 μετέθηκεν·
2767 1617 2882 1674 εἶτα
2900 1617 3075 1694 Γρηγξ
3148 1625 3193 1656 ³⁸
3219 1617 3501 1696 Ῠὶνόμενος
3524 1617 3778 1699 ὓὸτερὸν.

513 1698 651 1767 μετὰ
671 1692 859 1751 τοῦξον
895 1696 1062 1748 Nam.
1138 1692 1243 1747 "‘6
1270 1695 1540 1765 Χρυσόπ.
1580 1693 1754 1747 abest.
1830 1692 1876 1724 ³⁷
1898 1692 2148 1755 Σισίνιος.

526 1929 785 1942 *υ*-

790 1929 3707 1967 W._
1745 1947 1753 1956 ,

1147 2155 1718 2310 ΒΕΑΤΙ
1868 2152 3132 2313 THEODORETI

1696 2471 2609 2590 PHILOTHEUS

2111 2709 2209 2752 SEU

1511 2871 2139 2967 RELIGIOSA
2188 2879 2813 3009 HISTORIA.

1253 3270 2176 3385 GENTIANI
2232 3269 3073 3385 EERVETI

1650 3520 1946 3559 RELIGIOSJ
1976 3522 2246 3562 HISTORIE
2297 3522 2678 3576 INTERPRETIS,

1122 3679 1206 3724 AD
1262 3678 1676 3725 REGINALDUM
1725 3681 1943 3726 POLUM
2008 3682 2423 3729 CARDINALEM
2474 3685 2538 3728 IN
2582 3685 2815 3729 ANGLIA
2869 3685 3167 3732 LEGATUI

1826 3850 2503 3943 PBJEF‘ATIO.
3788 3868 3835 3883 “

599 4198 678 4258 De
706 4205 1100 4262 monachorum
1128 4206 1266 4269 vita,
1299 4203 1548 4261 moribus
1577 4210 1633 4259 et
1671 4201 1966 4267 institutis,
1997 4216 2125 4256 cum
2154 4202 2314 4257 multi
2343 4201 2516 4257 multa
2552 4205 2788 4273 sparsim
2840 4203 3189 4274 scripserint,
3222 4205 3333 4261 duo
3373 4203 3722 4261 celeberrimi
3751 4214 3808 4264 et

532 4300 716 4373 magni
752 4302 995 4359 nominis
1051 4311 1332 4367 auctores,
1363 4299 1644 4355 Palladius
1674 4306 1729 4354 et
1761 4297 2165 4362 Theodoretus,
2192 4312 2258 4353 ea
2288 4298 2596 4353 litterarum
2632 4299 2985 4355 monimentis
3037 4298 3459 4366 mandaverunt,
3499 4315 3644 4371 quae,
3677 4316 3806 4355 cum

533 4397 597 4462 ii,
634 4399 701 4453 dc
733 4398 937 4468 quibus
980 4400 1256 4464 scribunt,
1286 4397 1375 4452 vel
1418 4396 1644 4451 illorum
1688 4393 2053 4462 temporibus,
2088 4393 2174 4448 vel
2209 4393 2375 4464 paulo
2405 4404 2535 4449 ante
2556 4409 2745 4449 eorum
2771 4402 3022 4463 tempora
3051 4394 3313 4461 vixerint,
3344 4401 3441 4448 aut
3472 4408 3503 4448 a
3533 4394 3672 4450 viris
3703 4393 3810 4449 ﬁde

534 4488 739 4559 dignis,
762 4488 854 4560 qui
872 4505 935 4545 ea
959 4489 1230 4552 viderant,
1260 4491 1545 4557 accepere,
1565 4495 1661 4540 aut
1682 4485 1787 4555 ipsi
1814 4485 1932 4541 suis
1954 4485 2132 4539 oculis
2159 4496 2460 4555 praesentes
2496 4500 2857 4556 conspexere.
2881 4484 3130 4552 Quorum
3156 4486 3296 4541 alter
3326 4485 3573 4557 quidem,
3613 4501 3811 4557 nempe

536 4582 835 4651 Palladius,
885 4592 1042 4640 antea
1074 4582 1268 4640 Latine
1298 4598 1514 4646 versus,
1563 4581 1667 4636 sub
1702 4581 2013 4638 Heraclidis
2042 4584 2259 4637 nomine
2308 4583 2365 4637 in
2394 4582 2573 4637 lucem
2602 4581 2759 4650 exiit,
2795 4581 2890 4636 sed
2918 4596 3027 4635 non
3051 4580 3283 4652 integer,
3314 4597 3439 4637 cum
3471 4582 3526 4636 in
3561 4597 3628 4637 eo
3659 4582 3811 4651 plus-

532 4696 704 4750 quam
763 4682 986 4752 triginta
1039 4682 1265 4735 Patrum
1301 4677 1424 4733 Vita
1470 4678 1839 4734 desideretur.
1884 4677 2217 4735 Theodoreti
2276 4685 2461 4734 autem
2501 4677 2792 4751 Θεοφιλής,
2841 4676 3043 4749 ἱῴεεῑ,
3076 4675 3346 4749 Religiosa
3372 4679 3617 4743 historia,
3649 4678 3810 4748 cujus

540 4773 659 4843 ipse
690 4774 890 4838 saepius
920 4772 1172 4827 meminit
1205 4773 1261 4825 in
1304 4770 1548 4825 Historia
1584 4770 1975 4837 ecclesiastica,
2008 4786 2134 4825 cum
2165 4769 2499 4825 Christiane
2528 4767 2849 4840 reipublicae
2888 4770 3079 4827 utilem
3112 4786 3393 4828 censerem
3437 4784 3642 4826 navare
3676 4785 3809 4841 ope-

537 4874 685 4924 ram,
719 4860 765 4917 si
801 4876 920 4914 mea
951 4875 1117 4931 opera
1148 4860 1204 4915 in
1232 4860 1411 4916 lucem
1442 4861 1710 4931 prodiret,
1735 4874 1854 4917 eam
1880 4862 2023 4917 verti
2059 4859 2276 4924 Latine,
2302 4870 2354 4916 et
2382 4875 2531 4928 cum,
2564 4869 2625 4916 ut
2656 4860 2795 4931 dixi,
2818 4877 3049 4918 mancus
3078 4872 3134 4920 et
3156 4863 3386 4918 mutilus
3418 4861 3621 4918 fuisset
3648 4872 3813 4918 antea

536 4949 724 5013 editus
747 4949 1049 5016 Palladius,
1091 4964 1198 5004 non
1234 4951 1371 5006 satis
1428 4951 1593 5007 habui
1638 4952 1691 5009 id
1732 4953 1880 5023 quod
1921 4953 1969 5007 ei
1991 4952 2182 5008 deerat
2214 4952 2494 5022 supplere,
2535 4951 2648 5008 nisi
2690 4969 2816 5009 eum
2851 4953 3035 5010 denuo
3062 4971 3091 5009 a
3122 4956 3304 5027 capite
3340 4963 3635 5011 verterem.
3661 4954 3812 5021 Quos

538 5044 737 5098 ambos
768 5042 938 5097 multa
970 5056 1057 5097 me
1087 5051 1380 5097 moverunt
1406 5051 1465 5097 ut
1491 5044 1545 5098 in
1574 5052 1939 5101 sacrosancto
1970 5052 2068 5098 tuo
2111 5043 2334 5098 nomine
2358 5042 2647 5100 dedicatos
2681 5044 2877 5100 vellem
2926 5046 2982 5101 in
3017 5046 3199 5101 lucem
3232 5045 3388 5102 exire
3423 5059 3439 5099 :
3471 5044 3617 5116 quod
3641 5043 3812 5099 Joan-

548 5149 647 5190 nos
683 5132 1088 5197 Morvillerius,
1113 5132 1375 5189 Aurelius
1414 5136 1710 5205 episcopus
1737 5173 1752 5198 ,
1787 5134 1890 5201 vir,
1924 5141 1985 5188 ut
2019 5131 2167 5198 scis,
2219 5132 2607 5200 doctissimus,
2629 5141 2684 5190 et
2721 5135 2799 5191 tui
2840 5136 3397 5203 observantissimus,
3432 5138 3528 5209 qui
3568 5152 3653 5193 me
3698 5138 3811 5206 jam

551 5226 761 5294 pridem
819 5225 873 5280 in
922 5238 1078 5279 suam
1136 5224 1337 5280 ascivit
1393 5224 1685 5291 familiam,
1735 5226 1847 5282 tuis
1882 5225 2230 5296 potissimum
2281 5227 2552 5299 auspiciis
2613 5227 2718 5286 hoc
2761 5244 2906 5301 opus
2952 5230 3009 5288 in
3066 5229 3249 5287 lucem
3291 5228 3658 5287 emittendum
3686 5244 3815 5287 cen-

549 5325 745 5378 suerit.
780 5320 934 5377 Vale.

1083 5416 1316 5473 Lutetiae
1346 5414 1685 5472 Parisiorum
1726 5410 1914 5468 Idibus
1947 5410 2185 5486 Augusti
2222 5411 2434 5472 MDLV.

2135 5644 2205 5653 -ο
