4030 6408
230 306 366 372 1ΞΞ81
1429 306 1821 367 RELIGIOSA

1919 307 2276 367 IISTORIA.
3372 307 3510 372 1262

3098 552 3486 567 ...υ-ια’,-

859 693 945 743 DE
968 691 1359 742 PHILOTHEO
1420 693 1553 742 SEU
1613 689 1964 742 RELIGIOSA
2005 690 2337 744 HISTORIA
2383 695 2836 748 TESTIMONIA.

269 989 640 1046 Theodorctus
675 992 783 1060 ipse
817 989 912 1046 lib.
941 1007 995 1046 ιν
1028 991 1397 1048 Εεειεδίαιίοιε
1433 992 1712 1056 Historia},
1751 1008 1860 1060 cap.

1207 1098 1209 1102 -
1608 1080 1840 1115 narrans

1903 989 2122 1115 £XlV,
2155 990 2219 1044 de
2272 987 2497 1044 Iuliano
2551 991 2824 1057 monacho,
2874 991 3090 1062 ejusque
3145 992 3483 1046 Antiochiam

1892 1080 1922 1115 a
1967 1070 2140 1115 uentu.

1207 1098 1209 1102 -
1608 1080 1840 1118 narrans
1890 1070 1960 1116 ad
1967 1070 2140 1116 uentu.

303 1242 419 1294 Καὶ
451 1241 553 1293 ὃσα
587 1241 686 1310 μὲν
715 1237 889 1304 οὗτος,
917 1241 1010 1294 καὶ
1060 1239 1322 1304 ἐπανιὼν,
1367 1243 1462 1296 καὶ
1495 1243 1608 1309 ἰὼν,
1641 1243 1738 1296 καί⁵
1775 1245 1832 1296 ἐν
1861 1244 1894 1300 Α

2005 1239 2138 1305 Qure
2183 1253 2351 1308 porro
2407 1237 2632 1292 veniens
2687 1236 3035 1305 rediensque,
3080 1246 3242 1306 atque
3293 1236 3346 1289 in
3393 1236 3511 1305 ipsa

225 1335 379 1402 αὐτῇ
409 1333 467 1385 δὲ
490 1335 555 1403 τῇ
587 1333 1012 1404 μεγίστῃσπόλει
1063 1331 1640 1403 τεθαυματούργηκεν,
1677 1335 1736 1386 ὲν
1758 1335 1816 1403 τῇ

1933 1333 2171 1388 maxima
2209 1332 2344 1386 urbe
2374 1332 2644 1385 miracula
2675 1331 2870 1394 edidit,
2915 1331 2969 1386 in
3019 1329 3292 1384 ΡΙιὶιοιΙιεο
3337 1329 3514 1383 histo—

224 1426 503 1493 Φιλοθέῳ
527 1426 659 1496 ἡμῖν
691 1425 1105 1495 συγγέγραπται
1135 1423 1367 1494 ἱστορίᾳ.

1178 1423 1367 1494 ἴτορίᾳ.
1935 1424 2018 1478 ria
2049 1432 2241 1478 nostra
2273 1422 2584 1492 perscripta
2618 1432 2769 1477 sunt.

499 1603 650 1657 Idem
685 1603 738 1656 in
772 1602 1020 1673 Epistola
1050 1603 1292 1666 XXCII,
1329 1604 1397 1659 ad
1427 1602 1720 1658 Eusebium
1758 1605 2126 1673 Ancyranum,
2162 1603 2327 1657 libros
2364 1619 2397 1656 a
2437 1619 2492 1657 se
2529 1603 2766 1672 scriﬁos
2807 1616 3248 1656 commemorans.

310 1785 426 1841 Καὶ
465 1787 702 1856 μυστικὴ
750 1788 806 1841 δὲ
840 1791 976 1859 ἡμῖν
1026 1785 1441 1856 συγγέγραπται
1495 1785 1696 1855 βίϐλος,
1739 1785 1834 1838 καὶ

2011 1785 2298 1856 Mystieum
2333 1784 2497 1838 etiam
2539 1784 2740 1837 librum
2777 1779 3236 1850 conscripsimus,
3264 1787 3316 1833 et
3342 1777 3510 1833 alium

232 1883 372 1953 περὶ
402 1881 668 1953 Προνοίας
694 1881 878 1952 ἑτέρα,
903 1880 998 1934 καὶ
1022 1879 1130 1933 τῶν
1166 1878 1337 1947 ἁγίων
1374 1880 1402 1930 ὁ
1430 1877 1573 1941 Βίος.

1495 1895 1573 1941 ος.
1939 1877 2008 1934 de
2041 1877 2408 1941 Providentia,
2448 1883 2504 1930 et
2532 1873 2714 1928 Vitam
2743 1884 3084 1930 sanctorum.

1330 2053 1661 2126 Nicephorus
1700 2054 1793 2110 lib.
1828 2069 1919 2108 xw
1953 2052 2097 2107 Hist.
2135 2068 2252 2121 cap.
2298 2049 2452 2104 LIV.

326 2237 603 2308 Ἐπονήθη
631 2237 780 2308 αὐτῷ
812 2237 905 2290 καὶ
926 2237 1090 2310 ἕτερα
1120 2235 1212 2289 δύο
1231 2252 1246 2266 °
1277 2232 1351 2290 ὧν
1379 2236 1440 2287 τὸ
1471 2235 1568 2306 μὲν
1599 2232 1834 2304 Ἐκκλη-

2017 2231 2335 2286 Elaboravit
2367 2238 2422 2286 et
2455 2229 2560 2284 alia
2586 2230 2718 2294 duo,
2758 2245 2988 2299 quorum
3025 2245 3193 2284 unum
3245 2229 3518 2284 Ecclesia-

239 2330 551 2400 σιαστικὴν.
588 2329 875 2384 Φιλόυεον
901 2329 957 2382 δὲ
992 2330 1233 2397 ἱστορίαν
1275 2327 1422 2396 λέγει
1445 2327 1505 2379 τὸ
1536 2325 1742 2394 ἕτερον,
1775 2327 1830 2377 ἐν

1945 2325 2164 2388 slicam,
2204 2322 2534 2377 Philol/leum
2573 2339 2670 2378 seu
2710 2321 3044 2394 Religiosam
3067 2324 3300 2377 alterum
3343 2323 3519 2377 histo-

237 2414 282 2489 ᾧ
308 2421 465 2492 βίους
496 2420 606 2474 τῶν
654 2420 958 2491 τηνικαῦτα
1007 2420 1169 2482 ὁσίως
1221 2419 1558 2489 βεϐιωκότων
1589 2417 1826 2481 διέξεισι.

1937 2415 2075 2469 riam
2109 2425 2286 2478 vocat,
2318 2417 2372 2470 in
2404 2430 2510 2489 qua
2541 2425 2859 2472 sanctorum
2891 2415 3012 2485 ejus
3047 2417 3222 2471 aztatis
3278 2416 3519 2471 \irorum

1936 2507 2079 2560 vitas
2119 2507 2485 2576 persequitur.

915 2682 1375 2756 1090-1099
1413 2681 1646 2737 Joannes
1682 2681 2037 2737 Damascmius
2069 2682 2228 2737 Libro
2266 2700 2325 2738 Ill
2356 2684 2420 2737 dc
2450 2685 2790 2755 imaginibus.

313 2863 416 2916 Ἐκ
475 2861 585 2928 τῆς
629 2858 914 2914 Φιλοθέου
958 2857 1226 2925 ἱστορίας
1274 2855 1649 2924 Θεοδωρήτου
1696 2856 1827 2909 ἐπι-
1863 2859 1904 2918 Β

2009 2853 2094 2908 E1:
2120 2855 2396 2913 Philol/tea
2445 2859 2756 2914 Theodoreli
2811 2863 3042 2932 episcopi
3091 2863 3238 2935 Cyri,
3295 2865 3349 2918 in
3413 2866 3518 2918 vita

242 2956 486 3011 σκόπου
513 2955 730 3022 Κύρου,
753 2955 841 3017 εις
876 2952 984 3006 τὸν
1002 2952 1148 3016 ,ϐίον
1180 2951 1286 3004 τοῦ
1317 2951 1490 3020 ἁγίου
1530 2949 1833 3018 Συμεῶνος

1947 2947 2205 3004 Simeonis
2237 2953 2290 3005 in
2323 2953 2569 3008 columna
2598 2956 2848 3026 dcgentis.
2898 2955 3036 3010 Nam
3076 2957 3142 3012 de
3191 2957 3345 3010 ltalia
3391 2958 3521 3026 quid

245 3047 354 3102 τοῦ
397 3049 686 3102 κιονίτου.
718 3048 853 3119 Περὶ
891 3045 998 3117 γὰρ
1047 3045 1278 3108 Ἰταλίας
1323 3044 1574 3115 περιττόν
1605 3045 1718 3096 ἐστι
1746 3044 1836 3096 καὶ

1952 3045 2147 3097 attinet
2183 3046 2378 3115 loqui?
2422 3047 2587 3100 Aiunt
2617 3049 2782 3107 enim,
2820 3048 2999 3100 virum
3054 3048 3198 3101 hunc
3246 3051 3298 3102 in
3350 3050 3523 3102 maxi-

243 3141 447 3208 λέγειν.
478 3139 615 3192 Φασὶ
644 3139 752 3211 γὰρ
786 3138 962 3202 οὕτως
991 3140 1047 3191 ὲν
1088 3137 1276 3210 Ῥώμῃ
1311 3139 1374 3208 τῇ
1417 3137 1647 3209 μεγίστῃ
1676 3136 1834 3189 πολυ·

1949 3154 2035 3193 ma
2088 3140 2222 3195 urbe
2275 3139 2448 3194 Roma
2494 3157 2667 3211 usque
2697 3139 2838 3194 adeo
2872 3141 3084 3195 clarum
3116 3140 3419 3206 exstitisse,
3466 3152 3524 3195 ut

249 3232 554 3304 ϐρύλλητον
583 3230 840 3300 γενέσθαι
871 3229 961 3283 τὸν
985 3229 1174 3301 ἄνδρα,
1209 3229 1283 3292 ὡς
1307 3233 1363 3283 ἐν
1392 3228 1562 3282 ama;
1590 3232 1702 3292 τοῖς
1732 3229 1840 3283 τῶν

1951 3231 2116 3285 etiam
2153 3232 2206 3284 in
2253 3233 2514 3287 omnibus
2551 3231 2894 3286 ollieinarum
2936 3232 3225 3288 vestibulis
3275 3233 3525 3286 homines

247 3323 632 3396 ἐργαστηρίων
683 3323 1043 3396 προπυλαίοις
1103 3323 1315 3386 εἰκόνας
1376 3323 1525 3392 αὐτῷ
1581 3322 1838 3394 βραχείας

1951 3339 2154 3394 parvas
2189 3325 2457 3394 imagines
2477 3324 2580 3395 ipsi
2615 3325 2916 3396 erigerent,
2941 3325 3070 3379 hinc
3097 3324 3356 3381 videlicet
3383 3340 3524 3396 pra:-

247 3417 576 3487 ἀναστῆσαι,
601 3415 851 3487 φυλακήν
891 3432 1014 3470 τινα
1055 3415 1240 3485 σφίσιν
1289 3415 1382 3467 καὶ
1421 3415 1721 3484 ἀσφάλειαν
1747 3419 1836 3470 ὲν·

1636 3434 1721 3470 ιαν
1747 3419 1836 3470 ὲν·
1948 3417 2150 3472 sidiqu
2189 3417 2293 3471 sibi
2333 3432 2398 3471 ac
2433 3417 2790 3472 securitatem
2815 3427 3223 3488 comparantes.

249 3510 446 3566 τεῦθεν
471 3510 813 3581 πορίζοντας.

1067 3683 1172 3750 Qui
1200 3683 1345 3742 locus
1384 3685 1582 3739 citatur
1615 3683 1774 3738 etiam
1807 3683 1862 3737 in
1896 3682 2122 3753 septima
2169 3680 2395 3752 synodo,
2423 3681 2629 3736 actione
2682 3679 2741 3735 V.
