4030 6404
479 345 618 412 1283

1464 337 1949 400 TIIEODORE’I‘I
1974 322 2314 394 EI’ISCOI’I
2337 322 2702 392 CYRENSIS

3595 312 3729 380 1285.

638 477 3719 518 ____________________________________________.___.____._.....

788 654 1138 789 ΤΟΥ
1271 641 2154 784 ΜΑΚΑΡΙΟΥ
2266 631 3424 774 ΘΕΟΔΩΡΗΤΟΥ

1749 893 2154 951 ΕΠΙΣΚΟΠΟΥ
2229 891 2467 950 ΚΥΡΟΥ
2742 923 2776 942 κ

1241 1068 2118 1206 ΦΙΛΟΘΕΟΣ
2288 1057 2972 1276 ΙΣΤΟΡΙΑ

1510 1463 2088 1549 ΑΣΚΗΤΙΚΗ
2180 1461 2714 1548 ΠΟΛΙΤΕΙΛ

1345 1835 1519 1981 Β.
1632 1823 2882 1980 THEODORETI

1772 2095 2070 2148 lil‘erOI‘l
2109 2092 2456 2150 ῡϊιιΕΝδιδ

1109 2279 2094 2408 RELIGIOSA
2234 2272 3129 2404 HISTORIA

2069 2527 2166 2568 εει]

1309 2687 1871 2782 ASCETICA
1910 2683 2431 2778 VIVENDI
2535 2683 2942 2778 RATIO.

1091 3035 1478 3094 PRAEFATIO.

567 3129 964 3188 Excellentium
1002 3130 1283 3193 virorum,
1331 3140 1388 3185 et
1425 3129 1649 3184 virtutis
1701 3129 2031 3183 athletarum
2055 3164 2074 3194 ,

495 3222 788 3292 pulchrum
831 3220 1051 3290 quidem
1092 3227 1178 3274 est
1209 3219 1397 3274 videre
1431 3217 1766 3281 certamina,
1803 3225 1858 3270 et
1899 3215 2076 3270 oculis

499 3313 724 3367 haurire
765 3312 1076 3364 utilitatem.
1107 3309 1239 3376 Quae
1267 3310 1410 3362 enim
1456 3308 1770 3372 laudantur,
1803 3307 1931 3361 dttm
1955 3321 2077 3360 cer-

500 3413 729 3468 nuntur,
762 3411 816 3457 et
843 3402 1005 3471 digna
1039 3401 1299 3455 videntur
1320 3415 1443 3470 quae
1471 3398 1886 3469 possideantur,
1915 3406 1970 3454 et
1993 3397 2077 3453 sui

501 3509 743 3548 amorem
807 3493 1087 3555 excitant,
1145 3499 1595 3562 spectatoresque
1644 3489 1710 3544 ad
1757 3505 1821 3544 ea
1854 3504 2077 3559 compa-

501 3584 673 3640 randa
707 3583 993 3637 inducunt.
1031 3582 1285 3636 Aﬂ'erunt
1319 3590 1501 3636 tamen
1533 3579 1828 3633 utilitatem
1860 3593 2080 3650 quoque

501 3693 610 3732 non
659 3676 990 3730 mediocrem
1041 3675 1431 3745 prmelarorum
1468 3673 1634 3742 hujus
1677 3673 1823 3727 modi
1866 3672 2080 3726 facino-

501 3787 622 3824 rum
675 3769 1015 3823 narrationes
1041 3807 1054 3832 ,
1098 3783 1222 3836 quze
1283 3767 1352 3820 ab
1406 3767 1487 3821 eis
1517 3767 1609 3836 qui
1649 3765 1862 3835 1100
1900 3765 2082 3821 sciunt

500 3877 691 3915 eorum
747 3860 838 3931 qui
910 3859 1167 3914 nesciunt
1224 3859 1452 3912 auribus
1508 3856 1836 3912 olferuntur.
1889 3854 2081 3912 Visum

502 3955 646 4010 enim
673 3954 865 4007 auditu
903 3952 1076 4022 magis
1112 3950 1217 4006 ﬁde
1253 3950 1478 4020 dignum
1502 3966 1624 4005 esse
1646 3951 1840 4006 dicunt
1873 3949 2080 4019 aliqui:

501 4043 599 4098 sed
655 4043 863 4096 anditui
921 4042 980 4096 fit
1037 4045 1199 4097 etiam
1261 4042 1433 4106 ﬁdes,
1469 4043 1598 4097 dum
1642 4059 1708 4097 ex
1761 4058 1949 4098 eorum
1990 4043 2083 4111 qui

501 4135 694 4190 dicunt
740 4135 973 4189 veritate
1028 4135 1370 4204 singulorum
1409 4135 1554 4190 dicta
1597 4134 1886 4205 dijuclicat.
1931 4132 2085 4188 Sicut

504 4227 653 4281 enitn
685 4226 892 4295 linguae
948 4235 999 4279 et
1052 4227 1237 4295 palato
1274 4227 1454 4282 dulcis
1507 4236 1561 4280 et
1609 4232 1626 4248 '
1683 4227 1901 4292 amari,
1951 4227 2085 4279 alia-

505 4328 741 4388 rumque
797 4317 1116 4385 llujnsmodi
1145 4319 1472 4386 qualitatum
1502 4319 1769 4373 creditum
1805 4326 1890 4372 est
1929 4318 2082 4386 judi-

2105 3037 2152 3096 Α

2779 3033 3050 3088 IIPOAOI‘
3053 3034 3156 3090 ΟΣ.

2249 3123 2372 3177 Τῶν
2402 3122 2641 3196 ἀρίστων
2690 3123 2920 3194 ἀνδρῶν,
2951 3127 3046 3179 καὶ
3095 3128 3196 3198 τῆς
3245 3127 3448 3199 ἀρετῆς
3486 3126 3761 3200 ἀθλητῶν,

2179 3214 2344 3268 καλὸν
2373 3215 2473 3286 μέν
2505 3215 2632 3269 ἰδεῖν
2655 3218 2782 3280 τοὺς
2808 3217 3048 3286 ἀγῶνας,
3077 3221 3172 3273 καὶ
3196 3223 3308 3283 τοῖς
3331 3220 3630 3290 ὀφθαλμοῖς
3664 3219 3767 3290 τὴν

2178 3304 2445 3373 ὠφέλειαν
2474 3305 2799 3375 ἀρύσασθαι.
2841 3306 3126 3379 Ὀρώμενα
3165 3309 3272 3380 γὰρ
3301 3309 3369 3362 τὰ
3395 3308 3768 3380 ἐπαινούμενα

2179 3392 2479 3466 ἀξιόκτητά
2511 3413 2570 3449 τε
2613 3397 2884 3465 φαίνεται,
2930 3399 3026 3452 καὶ
3081 3398 3376 3470 ἀξιέραστα
3404 3401 3638 3469 γίνεται,
3671 3403 3766 3452 καὶ

2182 3487 2321 3558 πρὸς
2357 3489 2458 3558 τὴν
2490 3488 2685 3558 κτῆσιν
2714 3489 2925 3558 ἐπείγει
2953 3491 3080 3554 τοὺς
3109 3491 3324 3553 θεατάς.
3363 3493 3524 3561 Φέρει
3551 3493 3594 3544 δ’
3616 3494 3768 3562 ὅμως

2181 3583 2368 3653 ὄνησιν
2406 3583 2466 3636 οὐ
2496 3583 2725 3653 μετρίαν
2751 3582 2858 3635 τῶν
2902 3583 3159 3636 τοιούτων
3193 3582 3636 3654 κατορθωμάτων
3674 3585 3767 3636 καὶ

2184 3675 2253 3728 τὰ
2280 3674 2618 3745 διηγήματα,
2657 3675 2808 3746 παρὰ.
2835 3676 2943 3730 τῶν
2999 3676 3216 3729 εἰδότων
3246 3680 3367 3740 ταῖς
3405 3677 3514 3730 τῶν
3545 3678 3647 3729 οὐκ
3693 3680 3763 3730 εξ-

2182 3766 2348 3818 δότων
2371 3767 2561 3828 ἀκοαῖς
2593 3767 3034 3837 προσφερόμενα.
3057 3768 3280 3819 Πιστοτέ
3289 3785 3389 3838 ραν
3417 3767 3516 3838 μὲν
3539 3767 3650 3838 γὰρ
3671 3769 3768 3838 τῆς

2184 3857 2354 3927 ἀκοῆς
2393 3852 2533 3910 εἶναι
2580 3861 2678 3928 τὴν
2709 3857 2830 3927 ὄψιν
2883 3858 3015 3928 φασί
3051 3875 3194 3921 τινες
3222 3875 3236 3890 °
3272 3859 3520 3913 πείθεται
3551 3861 3595 3914 δ’
3619 3862 3771 3930 ὅμως

2186 3951 2281 4004 καὶ
2313 3949 2472 4020 ἀκοὴ,
2525 3952 2591 4020 τῇ
2651 3949 2760 4002 τῶν
2799 3949 3069 4017 λεγόντων
3125 3950 3356 4023 ἀληθεία
3414 3953 3678 4022 κρίνουσα
3702 3954 3774 4007 τά

2185 4042 2473 4111 λεγόμενα.
2527 4041 2794 4111 Καθάπερ
2838 4042 2946 4112 γὰρ
2977 4042 3296 4112 γλυκύτητι,
3330 4044 3424 4095 καὶ
3454 4044 3772 4114 πικρότητι,

2188 4133 2282 4186 καὶ
2320 4136 2438 4195 ταῖς
2471 4131 2658 4196 ἄλλαις
2701 4135 2822 4196 ταῖς
2872 4133 3149 4198 τοιαύταις
3182 4133 3432 4203 ποιότησι
3462 4132 3684 4202 γλῶσσά
3711 4153 3773 4187 τε

2188 4225 2280 4276 καὶ
2312 4223 2534 4294 ὑπερῷα
2564 4223 2804 4288 δικάζειν
2848 4228 3224 4289 πεπίστευται,
3251 4226 3344 4278 καὶ
3386 4224 3526 4278 κατὰ
3576 4227 3775 4280 ταυτὸν

2189 4315 2289 4384 τὴν
2323 4313 2503 4383 ψῆφον
2539 4315 2864 4384 ἐκφέρουσιν
2887 4332 2900 4344 ·
2930 4315 3101 4378 οὕτως
3136 4317 3272 4387 ἀκοὴ
3317 4316 3417 4386 τὴν
3457 4316 3565 4369 τῶν
3597 4315 3776 4385 λόγων

506 4410 654 4463 cium
683 4450 698 4475 ,
733 4409 909 4478 deque
957 4408 1024 4463 iis
1058 4407 1240 4463 l'erunt
1275 4411 1366 4462 illa
1407 4411 1739 4465 sententiam
1780 4428 1792 4462 :
1831 4410 1905 4462 ita
1948 4425 2077 4462 ora-
2120 4376 2152 4432 Ε

2196 4406 2532 4476 ἐνεχειρίσθη
2565 4406 2876 4475 διάγνωσιν,
2915 4409 3009 4460 καὶ
3041 4409 3165 4469 τοὺς
3185 4407 3371 4478 ὄνησίν
3419 4426 3539 4462 τινα
3577 4410 3776 4479 φέρον·
3813 4445 3832 4464 ι

508 4501 722 4554 tionnm
786 4502 939 4553 notio
1002 4499 1210 4554 antlitni
1273 4507 1356 4553 est
1420 4499 1758 4562 commissa,
1825 4501 2087 4568 novitque

508 4607 539 4645 a
601 4591 782 4646 noxiis
838 4607 932 4647 eas
987 4606 1110 4660 quae
1172 4591 1414 4660 aliquam
1485 4588 1722 4643 afferunt
1793 4591 2084 4645 utilitatem

509 4697 822 4737 secernere.
852 4682 1011 4748 Quod
1045 4682 1090 4737 si
1124 4682 1341 4735 utilium
1370 4679 1752 4734 narrationum
1791 4681 2003 4752 integra
2031 4691 2088 4737 et

512 4775 832 4844 incorrupta
858 4783 1104 4830 maneret
1135 4774 1400 4829 memoria
1425 4814 1440 4838 ,
1473 4790 1572 4828 nec
1598 4774 1892 4831 oblivionis
1918 4776 2083 4831 veluti

512 4867 688 4936 caligo
707 4867 959 4937 quaedam
990 4882 1218 4936 aspersa
1253 4866 1402 4921 labes
1428 4882 1546 4921 eam
1576 4869 1780 4922 sensim
1817 4869 2084 4934 aboleret,

515 4959 582 5014 de
619 4959 684 5014 iis
717 4959 909 5029 utique
951 4959 1197 5013 scribere
1226 4973 1694 5028 supervacaneum
1724 4959 1904 5025 foret,
1941 4962 2088 5032 quod

513 5065 637 5121 qua:
685 5050 816 5104 hine
862 5049 1167 5121 percipitur
1221 5051 1457 5116 utilitas,
1512 5053 1578 5106 ad
1620 5063 1872 5122 posteros
1927 5053 2090 5108 facile

531 5142 859 5209 perveniret.
919 5141 1027 5199 Sed
1057 5142 1186 5212 quia
1241 5150 1455 5212 tempus
1497 5145 1824 5212 corporibus
1869 5145 2091 5214 quidem

518 5232 780 5288 damnum
817 5235 998 5304 affert,
1050 5241 1391 5291 senectutem
1432 5236 1703 5292 inducens
1733 5247 1786 5292 et
1815 5245 2044 5292 mortem
2073 5277 2089 5304 ,

2193 4515 2293 4562 τας
2354 4498 2463 4551 τῶν
2516 4498 2794 4569 βλαϐερῶν
2847 4501 3162 4570 ἀποκρίνειν
3221 4501 3526 4555 ἐπίσταται.
3564 4503 3626 4554 Et
3673 4501 3778 4572 μὲν

2193 4585 2286 4645 οὖν
2339 4589 2535 4654 ἄσυλος
2593 4589 2754 4660 ἔμενε
2805 4591 2911 4644 τῶν
2962 4591 3300 4662 ὀνησιφόρων
3352 4593 3703 4664 διηγημάτων
3741 4595 3776 4664 ὴ

2198 4689 2405 4756 μνήμη,
2433 4683 2528 4736 καὶ⁵
2583 4682 2657 4754 μὴ
2693 4685 2791 4754 τῆς
2819 4682 2989 4753 λήθης
3055 4686 3087 4755 ἡ
3144 4684 3289 4755 λώϐη
3332 4679 3422 4738 οἷά
3467 4703 3550 4749 τις
3606 4685 3778 4755 ἀχλὺς

2195 4776 2601 4846 ἐπιπαττομένη
2625 4773 2868 4844 ἐξίτηλον
2893 4775 3062 4844 αὐτὴν
3105 4776 3489 4846 ἀπειργάζετο,
3521 4777 3778 4846 περιττὸν

2195 4867 2263 4941 ἦν
2287 4870 2552 4939 δήπουθεν
2583 4871 2675 4924 καὶ
2720 4869 2990 4939 παρέλκον
3025 4869 3383 4941 λογογραφεῖν
3415 4870 3484 4923 τὰ
3530 4869 3777 4936 τοιαῦτα,

2197 4963 2296 5031 τῆς
2326 4960 2574 5014 ἐντεῦθεν
2604 4959 2869 5028 ὠφελείας
2912 4961 3003 5013 καὶ
3037 4963 3115 5024 είς
3159 4961 3284 5024 τοὺς
3319 4961 3544 5032 ὕστερον
3579 4962 3777 5032 ἐσομέ-

2200 5067 2322 5114 νους
2350 5050 2589 5113 εὐπετῶς
2627 5050 2771 5119 μάλα
2813 5051 3212 5122 διαϐαινούσης.
3251 5051 3466 5121 Ἐπειδὴ
3501 5051 3557 5104 δὲ
3589 5053 3617 5104 ὁ
3646 5052 3778 5121 χρό-

2200 5159 2288 5206 νος
2309 5142 2549 5197 λωϐᾶται
2573 5144 2670 5213 μὲν
2710 5143 2920 5214 σώματι
2958 5144 3138 5215 γῆρας
3175 5146 3452 5214 ἐπιφέρων
3481 5146 3574 5198 καὶ
3612 5145 3778 5198 θάνα·

2197 5253 2310 5301 τον,
2347 5235 2585 5290 λωϐᾶται
2627 5235 2683 5290 δὲ
2734 5234 3122 5308 κατορθώμασι
3168 5235 3340 5308 λήθην
3385 5235 3648 5307 ἐμποιῶν,
3683 5231 3780 5289 καὶ

1801 5411 2034 5467 νΑιιιιΕ
2072 5412 2478 5472 LECTIONES.

603 5522 910 5596 [Θεοφιλὴς
948 5524 1354 5596 auditlleryeto
1380 5565 1395 5589 ,
1425 5542 1587 5596 quam
1615 5525 2029 5594 inscriptionem
2065 5527 2230 5581 etiam
2278 5527 2498 5583 exhibet
2531 5527 2700 5582 codex
2756 5525 3193 5596 Vindobonensis
3216 5526 3357 5596 apud
3428 5525 3779 5580 Lambecium

524 5590 659 5666 Ylll,
705 5563 911 5660 p.314:
944 5594 1051 5650 Sed
1071 5563 1592 5666 Theodoretus'ipse
1630 5563 2152 5664 setrtpngttlgatutn
2193 5563 2724 5662 nomenwl‘iabe‘IrtIt
2763 5595 2830 5651 Η.
2861 5563 3006 5652 Eccl.
3043 5613 3080 5660 I,
3105 5563 3391 5664 ςδιιῗὲϐς
3431 5613 3512 5658 ιη,
3553 5597 3663 5661 19;
3705 5612 3780 5666 tv,

527 5662 789 5738 ἥκῃς.
836 5665 1084 5738 Itemque
1139 5665 1367 5738 Niceph.
1425 5662 1516 5738 ιιξ
1551 5664 1612 5721 Ε.
1661 5662 1768 5727 xw,
1807 5665 1916 5738 9.4;
1952 5662 2029 5731 it,
2057 5665 2149 5735 25,
2177 5667 2240 5723 41
2273 5676 2328 5724 et
2365 5668 2516 5734 alibi,
2551 5683 2674 5724 cum
2701 5669 2910 5724 Joanne
2946 5667 3195 5723 Damasc.
3225 5669 3290 5723 de
3329 5662 3526 5738 i::'.agg.
3554 5676 3691 5721 orat.
3721 5665 3779 5733 5,

528 5745 582 5800 p.
623 5729 730 5787 366
755 5739 808 5788 et
836 5735 939 5790 380
963 5729 1234 5804 vulgatam
1268 5729 1681 5806 inscriptionem
1715 5729 2023 5792 conﬁrmat.
