4030 6408
212 332 358 395 1285

1440 324 1849 391 RELIGIOSA
1874 330 2263 399 HISTORIA.

3360 339 3501 404 1386

205 447 310 514 τὴν
345 441 570 513 μνήμην
604 440 920 513 ἀμϐλύνων,
952 440 1053 494 οὐκ
1088 440 1153 496 ἀν
1181 456 1264 504 τις
1298 438 1429 509 ἡμῖν
1470 437 1697 502 εἰκότως
1723 454 1804 491 vs-

1918 443 2080 499 rebns
2111 454 2296 502 autem
2328 458 2478 504 recte
2512 450 2718 519 gestis,
2749 449 3085 505 oblivionem
3122 450 3372 507 inferens
3399 493 3414 514 ,
3442 462 3498 507 rt

211 533 481 605 μεσήσειε
504 532 614 586 τῶν
670 531 932 601 φιλοθέων
981 530 1193 603 ἀνδρῶν
1226 530 1325 602 τὴν
1353 529 1627 583 πολιτείαν
1675 545 1808 597 συγ-

211 622 459 694 γράφειν
497 618 892 692 ἐπιχειροῦσιν.
938 620 1149 690 Ὥσπερ
1192 619 1313 691 κγάρ
1355 618 1405 671 oi
1454 616 1525 669 τά
1582 614 1810 685 σώματα

213 712 550 797 θεραπεύειν
569 711 997 782 πεπιστευμένοι
1025 710 1297 780 φάρμακα
1314 704 1807 771 κατασκευάζουσι,

209 807 283 876 τῇ
317 803 466 875 νόσῳ
486 801 872 875 πολεμοῦντες,
908 802 1001 855 καὶ
1034 802 1145 864 τοῖς
1171 800 1473 870 κάμνουσιν
1499 797 1809 870 ἐπαμύνον-

211 913 304 959 τες
326 912 342 926 ⁶
383 895 562 959 οὕτως
582 894 677 949 καὶ
714 896 748 966 ή
781 894 882 965 τῆς
902 891 1114 947 τοιᾶσδε
1148 890 1475 962 συγγραφῆς
1502 887 1812 959 φιλοπονία,

211 981 327 1041 οἷόν
374 1004 431 1041 τι
483 986 779 1057 φάρμακον
835 983 1158 1051 ἀλεξίκακον
1204 981 1453 1052 γίνεται,
1488 979 1661 1053 λήθης
1690 979 1807 1032 ἐπί-

214 1079 436 1145 ϐουλον,
469 1077 566 1133 καὶ
624 1076 845 1147 μνήμης
902 1073 1217 1145 ἐπίκουρον.
1266 1070 1391 1135 Πῶς
1439 1071 1548 1142 γὰρ
1597 1068 1665 1125 ἂν
1713 1067 1815 1123 οὐκ

214 1174 443 1234 ἄτοπον,
484 1167 718 1239 ποιητὰς
752 1167 851 1237 μὲν
905 1166 1001 1219 καὶ
1055 1163 1405 1236 συγγραφέας
1436 1160 1534 1225 τὰς
1563 1162 1619 1214 ἐν
1657 1158 1816 1213 πολέ-

217 1276 342 1330 μοις
378 1255 752 1325 ἀνδραγαθίας
780 1254 1124 1326 συγγράψαι,
1153 1252 1593 1323 τραγῳδοποιοὺς
1631 1250 1689 1304 δὲ
1715 1249 1814 1313 τὰς

215 1351 403 1416 καλῶς
437 1348 833 1421 κεκρυμμένας
882 1347 1170 1420 συμφοράς
1208 1346 1501 1417 προφανῶς
1529 1342 1816 1417 τραγφδῆ.

215 1444 445 1512 σαι,κα“ι
474 1442 683 1497 τούτων
706 1440 804 1513 τήν
836 1442 1057 1512 μνήμην
1091 1440 1439 1511 ἀνάγραπτον
1464 1436 1812 1492 καταλιπείνο

219 1538 414 1601 ἀλλους
468 1536 529 1590 δέ
586 1552 740 1599 τινας
788 1535 869 1598 είς
934 1532 1231 1605 κωμῳδίαν
1283 1532 1378 1587 καὶ
1419 1531 1632 1600 γέλωτα
1686 1546 1819 1583 κατ-

223 1628 500 1683 αναλῶσαι
521 1627 650 1690 τοὺς
672 1625 865 1694 λόγους
881 1640 896 1655 ο
924 1626 1076 1696 ἡμᾶς
1098 1623 1155 1678 δὲ
1178 1623 1439 1694 περιιδεῖν
1468 1622 1610 1696 λήθῃ
1642 1638 1820 1695 παρα-

218 1720 541 1791 διδομένους
571 1717 772 1788 άνδρας
818 1717 876 1770 ἐν
909 1716 1122 1785 σώματι
1154 1714 1333 1786 θνητῷ
1358 1731 1419 1768 τε
1462 1714 1557 1768 καὶ
1588 1710 1818 1783 παθητῷ

218 1788 498 1867 ἀπάθειαν
526 1808 1021 1881 ἐπιδεδειγμένους,
1052 1809 1151 1861 καὶ
1195 1808 1293 1879 τὴν
1318 1807 1612 1877 ἀσώματον
1647 1806 1811 1874 φύσιν
1843 1788 1885 1843 Β

216 1902 611 1975 ἐζηλωκότας;
643 1899 811 1954 Ποίαν
855 1898 911 1952 δὲ
946 1898 1048 1952 ούκ
1103 1897 1169 1952 ἂν
1199 1898 1422 1962 δικαίως
1459 1898 1710 1969 τίσαιμεν
1736 1896 1812 1949 δί-

216 2013 323 2066 κην
359 1994 473 2048 τῶν
531 1991 884 2060 ἀξιαγάστων
933 1984 1143 2044 τούτων
1170 1988 1398 2059 ἀγώνων
1446 1989 1811 2061 περιορῶντες

218 2083 659 2157 ἀμαυρουμένην
680 2083 780 2154 τήν
812 2082 1076 2153 μνήμην;
1113 2083 1162 2135 εί
1186 2081 1295 2152 γάρ
1323 2082 1476 2135 αὑτοὶ⁸
1503 2081 1611 2135 τῶν
1646 2081 1813 2135 πάλαι

219 2177 617 2247 γεγενημένων
647 2174 822 2243 ἀγίων
848 2175 946 2244 τὴν
972 2174 1149 2244 ἄκραν
1182 2173 1502 2244 φιλοσοφίαν
1532 2171 1812 2243 ζηλώσαν-

217 2288 331 2334 τες,
365 2268 428 2322 οὐ
469 2266 658 2339 χαλκῷ
691 2266 785 2321 καὶ
820 2266 1112 2336 γράμμασι
1146 2264 1246 2337 τὴν
1289 2266 1514 2319 ἐκείνων
1565 2266 1817 2320 ἐνεκόλα-

218 2365 327 2433 ψαν
393 2362 639 2432 μνήμην,
672 2358 810 2413 ἀλλά
861 2358 1042 2411 πᾶσαν
1073 2355 1253 2410 αὐτῶν
1282 2356 1382 2427 τὴν
1410 2356 1611 2428 ἀρετήν
1649 2358 1816 2428 ἐκμα-

219 2452 470 2522 ξάμενοι,
502 2444 614 2503 οἷόν
646 2464 798 2511 τινας
819 2447 1033 2510 εἰκόνας
1060 2445 1239 2501 αὐτῶν
1260 2444 1536 2516 ἐμψύχους
1564 2448 1657 2500 καὶ
1679 2448 1812 2519 στή-

219 2544 316 2607 λας
346 2543 490 2611 σφᾶς
509 2542 709 2604 αὐτοὺς
737 2541 1090 2611 πεποιήκασι,
1106 2538 1267 2602 ποίας
1294 2538 1359 2593 ἂν
1378 2541 1411 2609 ή
1421 2542 1540 2608 μείς
1557 2540 1814 2611 τύχοιμεν

219 2634 453 2697 εἰκότως
508 2630 865 2702 συγγνώμης,
907 2629 1044 2701 μηδὲ
1096 2629 1387 2701 γράμμασι
1426 2629 1517 2682 τὸν
1571 2628 1814 2698 ἀοίδιμον

218 2728 428 2779 τούτων
454 2724 810 2795 γεραίροντες
872 2721 1023 2789 βίον;
1052 2721 1161 2774 Καὶ
1178 2720 1354 2774 ταῦτα
1373 2720 1483 2774 τῶν
1512 2722 1570 2774 ὲν
1613 2718 1814 2791 Ὀλυμ-

220 2816 413 2869 πίασιν
437 2813 857 2885 ἀγωνιζομένων
884 2811 1132 2882 ἀθλητῶν
1153 2828 1212 2865 τε
1239 2813 1333 2865 καὶ
1353 2810 1816 2882 παγκρατιαστῶν

221 2907 400 2961 εἰκόσι
429 2904 781 2977 τιμωμένων,
799 2905 895 2958 καὶ
929 2904 1114 2975 μέντοι
1144 2905 1249 2957 κάν
1272 2905 1394 2968 ταῖς
1428 2903 1814 2974 ἱπποδρομίαις

220 2998 333 3054 τῶν
362 2996 679 3068 νικηφόρων
721 2994 1172 3065 ἀναφαινομένων
1218 2995 1451 3066 ήνιόχων
1500 2994 1660 3048 τοῦτο
1685 2995 1816 3049 αὐτὸ

220 3089 534 3161 δεχομένων
559 3087 622 3140 τὸ
644 3087 836 3159 γέρας.
861 3088 935 3141 Οὐ
975 3087 1134 3157 μόνον
1162 3086 1218 3140 δὲ
1255 3085 1509 3151 τούτουςο
1537 3085 1673 3139 ἀλλά
1720 3086 1813 3139 καὶ

224 3160 525 3252 συγγενεῖς
561 3179 783 3251 ἀνδρας,
834 3180 931 3234 καὶ
989 3178 1305 3251 θηλυδρίας,
1338 3180 1433 3235 καὶ
1479 3179 1816 3251 ἀμφιϐόλους

221 3275 335 3329 εἴτε
365 3273 560 3346 ἄνδρες
588 3267 698 3326 εἷεν
741 3273 852 3326 εἴτε
913 3275 1195 3341 γυναῖκες,
1230 3273 1281 3327 oi
1318 3272 1421 3341 τῆς
1449 3272 1656 3326 τούτων
1676 3271 1816 3325 θεω-

227 3366 355 3437 ρίας
395 3363 789 3434 φιλοθεάμονες
834 3364 952 3427 ταῖς
1016 3362 1228 3416 σανίσιν
1284 3363 1692 3433 ἐγγράφουσιν,
1722 3363 1817 3418 έπὶ

226 3458 485 3512 πλεῖστον
518 3455 699 3512 αὐτῶν
726 3456 824 3525 τὴν
860 3456 1083 3526 μνήμην
1130 3454 1417 3525 διαρκέσαι
1447 3453 1817 3522 φιλονεικοῦν-

223 3566 339 3613 τες.
372 3547 567 3603 Καίτοι
591 3549 689 3619 τῆς
720 3548 943 3618 μνήμης
972 3544 1153 3617 λώϐην
1177 3548 1300 3609 ταῖς
1331 3543 1531 3615 ψυχαῖς
1556 3546 1656 3599 ούκ
1688 3545 1816 3616 θνη-

226 3658 316 3695 σιν
362 3638 739 3711 ἐμποιούσηςο
772 3638 887 3693 ἄλλ’
919 3640 1068 3710 ὅμως
1097 3639 1146 3691 οἱ
1187 3637 1287 3707 μὲν
1333 3636 1539 3690 τούτων
1583 3636 1817 3708 ἐρῶντες

222 3732 475 3796 τούτους,
515 3733 564 3785 οἱ
595 3731 652 3785 δὲ
713 3730 938 3785 ἐκείνων
983 3728 1245 3796 ἐκείνους,
1282 3728 1377 3783 καὶ
1426 3727 1597 3783 ταῦτα
1623 3727 1817 3799 λυμαί-

224 3838 443 3885 νοντας,
471 3823 536 3892 τῇ
560 3819 854 3892 ζωγραφίᾳ
881 3819 1224 3890 γεραίρουσι.
1262 3819 1373 3872 Καὶ
1405 3817 1591 3890 ἐπειδὴ
1618 3818 1818 3890 θνητήν

224 3911 394 3968 οὖσαν
419 3913 449 3965 ὁ
468 3911 697 3976 θάνατος
724 3912 823 3983 τήν
850 3912 1012 3982 φύσιν
1039 3910 1307 3982 ληϊζεται,
1328 3908 1596 3983 χρώματα
1623 3925 1820 3981 κεραν-

224 4004 441 4067 νύντες,
483 4003 576 4057 καὶ
621 4002 691 4056 τά
723 4003 948 4057 ἐκείνων
994 4003 1112 4066 ταῖς
1164 4002 1373 4058 σανίσιν
1406 4002 1706 4066 έντιθέντες
1751 4004 1821 4056 iv-

226 4094 504 4165 δάλματα,
535 4092 717 4164 πολλῷ
752 4094 849 4165 τῆς
881 4094 1028 4163 ζωῆς
1060 4093 1409 4165 μακροτέραν
1435 4092 1690 4163 γενέσθαι
1718 4092 1819 4166 τήν

236 4188 460 4258 μνήμην
495 4184 825 4256 σοφίζονται.
858 4185 1053 4257 Ἡμεῖς
1077 4185 1133 4239 δὲ
1156 4186 1270 4258 βίον
1295 4186 1395 4257 μὲν
1429 4186 1820 4260 συγγράφομεν

232 4277 555 4348 φιλοσοφίας
605 4277 946 4344 διδάσκαλον,
988 4279 1083 4332 καὶ
1123 4278 1222 4349 τὴν
1268 4280 1326 4334 ὲν
1377 4278 1626 4350 οὐρανοῖς
1670 4280 1822 4333 πολι-

226 4368 383 4423 τείαν
421 4369 770 4440 ἐζηλωκότα·
806 4369 1208 4443 ζωγραφοῦμεν
1237 4369 1292 4424 δέ
1316 4370 1377 4424 οὐ
1413 4371 1522 4424 τῶν
1551 4374 1819 4443 σωμάτων

1913 532 2228 589 obscurans
2251 537 2608 601 memoriam,
2645 537 2959 606 nemojure
2989 553 3090 594 nos
3127 539 3496 609 reprehende-

1912 622 2027 687 rit,
2075 622 2226 692 quod
2259 624 2473 693 piorum
2505 627 2751 679 virorum
2788 623 2993 695 Deique
3034 628 3337 682 amantium
3375 629 3502 683 vitae

1912 714 2163 768 instituta
2188 716 2432 772 scribere
2461 716 2834 788 aggredimur.
2854 716 3331 783 Quemadmodum
3349 721 3499 777 enim

1914 804 1988 868 ii,
2033 822 2271 878 quorum
2321 808 2446 864 ﬁdei
2496 807 2707 865 credita
2755 824 3053 880 corporum
3108 818 3196 865 est
3244 813 3498 876 curatio,

1916 898 2313 954 medicamenta
2362 909 2722 971 comparant,
2757 916 2883 955 cum
2918 899 3114 956 morbo
3156 902 3361 958 bellum
3402 919 3499 974 ge-

1921 996 2108 1044 rentes
2130 1028 2146 1054 ,
2179 996 2234 1044 et
2266 989 2336 1044 iis
2373 990 2469 1059 qui
2500 991 2755 1045 laborant
2790 989 3030 1048 ferentes
3070 992 3338 1048 auxilium
3366 1011 3381 1047 :
3419 994 3498 1049 ita

1914 1094 2039 1150 qua
2067 1079 2123 1135 in
2154 1079 2243 1137 his
2267 1080 2689 1138 conscribendis
2737 1082 2961 1152 ponitur
2992 1082 3273 1139 industria
3295 1124 3312 1148 ,
3347 1086 3501 1141 salu-

1917 1168 2056 1224 taris
2108 1169 2398 1239 cujusdam
2443 1170 2620 1226 instar
2662 1178 2749 1226 est
2798 1170 3227 1238 medicamenti,
3269 1173 3412 1244 quod
3443 1184 3499 1229 et

1920 1260 2187 1316 oblivioni
2217 1262 2533 1327 insidiatur,
2562 1270 2619 1318 et
2659 1278 2817 1333 opem
2868 1263 2976 1319 fert
3010 1267 3311 1320 memoriae.
3346 1266 3498 1332 Quo-

1917 1353 2084 1408 modo
2114 1354 2262 1409 enim
2296 1353 2596 1410 absurdum
2634 1369 2746 1409 non
2779 1355 2878 1420 sit,
2909 1363 2968 1409 ut
2994 1364 3167 1425 poetae
3191 1356 3414 1427 quidem
3444 1366 3499 1411 et

1919 1444 2175 1500 historici
2206 1461 2271 1501 ea
2301 1447 2663 1502 conscribant
2698 1461 2822 1517 quae
2849 1447 2904 1501 ir.
2928 1445 3071 1501 bello
3101 1446 3316 1502 fortiter
3345 1458 3501 1517 gesta

1920 1547 2052 1594 sunt
2079 1576 2095 1604 ,
2130 1545 2186 1594 et
2219 1539 2412 1609 tragici
2444 1550 2593 1596 recte
2615 1539 2827 1594 celatas
2855 1538 3199 1595 calamitates
3224 1540 3281 1594 in
3316 1539 3503 1609 publi-

1920 1643 2048 1682 cum
2092 1627 2412 1698 proferant,
2449 1644 2754 1699 earumque
2791 1627 3020 1699 scriptis
3066 1628 3379 1683 mandatam
3410 1644 3504 1683 re-

1922 1714 2179 1785 linquant
2209 1714 2534 1769 memoriam
2566 1731 2582 1782 ;
2628 1714 2877 1768 nonnulli
2910 1714 3073 1768 etiam
3107 1714 3164 1766 in
3210 1713 3503 1768 eommdiis

1913 1807 2191 1878 rebusque
2222 1806 2476 1863 ridiculis
2506 1807 2791 1862 orationes
2830 1815 3163 1861 consumant
3192 1823 3206 1861 :
3237 1821 3340 1863 nos
3369 1821 3503 1863 vero

1911 1900 2172 1956 oblivioni
2198 1900 2341 1955 tradi
2367 1902 2613 1955 sinamus
2642 1899 2826 1963 viros,
2857 1899 2952 1968 qui
2986 1898 3042 1953 in
3085 1914 3317 1969 corpore
3349 1913 3501 1955 mor-

1917 1994 2012 2048 tali
2050 2001 2104 2049 et
2131 1993 2341 2063 1101
2372 1991 2585 2062 patibili
2618 1992 3086 2061 impatibilitatem
3111 1991 3497 2054 ostenderunt,

1914 2096 1969 2141 et
1999 2086 2388 2156 incorpoream
2441 2083 2688 2139 annulati
2753 2091 2886 2140 sunt
2936 2082 3231 2139 naturam?
3284 2082 3502 2154 Ecquas

1916 2194 2048 2235 vero
2083 2194 2277 2251 pmnas
2332 2195 2444 2235 non
2493 2178 2690 2233 merito
2724 2178 3075 2243 dederimus,
3115 2176 3162 2233 si
3197 2177 3497 2235 admirabi-

1913 2272 2047 2327 lium
2094 2273 2326 2329 istorum
2359 2272 2726 2328 certaminum
2775 2271 2931 2326 nihili
2987 2269 3262 2326 faciamus
3296 2271 3500 2327 obscu-

1913 2365 2024 2419 rari
2062 2364 2421 2421 memoriam?
2470 2362 2608 2417 Nam
2664 2377 2790 2417 cum
2846 2363 2949 2433 ipsi
2991 2363 3302 2433 priscorum
3355 2378 3490 2418 san-

1912 2464 2133 2512 ctorum
2176 2472 2449 2511 summam
2484 2456 2731 2512 aemulati
2762 2455 3168 2526 philosophiam
3194 2495 3210 2518 ,
3248 2470 3355 2510 non
3393 2471 3505 2512 aere

1913 2561 1978 2602 ac
2022 2548 2222 2602 litteris
2275 2546 2498 2603 illorum
2554 2544 2954 2615 insculpserint
2988 2532 3349 2611 memoriam,
3404 2545 3501 2602 sed

1912 2654 2129 2695 omnem
2175 2639 2397 2692 illorum
2457 2638 2837 2709 exprimentes
2875 2636 3138 2690 virtutem
3165 2675 3180 2698 ,
3228 2635 3503 2691 animatas

1914 2727 2181 2799 quasdam
2211 2742 2406 2783 eorum
2449 2724 2720 2797 imagines
2758 2734 2815 2782 et
2853 2732 3070 2782 statuas
3118 2725 3333 2796 seipsos
3372 2725 3504 2782 επε-

1913 2817 2091 2873 cerint
2124 2835 2138 2872 :
2178 2830 2431 2886 quaenam
2484 2815 2649 2871 nobis
2688 2814 2817 2885 jure
2849 2813 3073 2870 dabitur
3102 2814 3299 2879 venia,
3344 2816 3391 2870 si
3435 2830 3506 2870 ne

1916 2909 2117 2964 litteris
2156 2908 2379 2977 quidem
2434 2906 2703 2978 insignem
2741 2922 2933 2961 eorum
2983 2907 3151 2961 vitam
3197 2921 3505 2977 prosequa-

1917 2999 2079 3054 mur?
2122 2999 2292 3069 quue
2336 3013 2463 3053 cum
2500 2997 2720 3052 athletae
2747 3008 2800 3051 et
2829 2998 3252 3066 pancratiastae,
3303 2997 3399 3068 qui
3445 2997 3501 3051 in

1916 3089 2226 3162 Olympicis
2258 3089 2599 3165 decertant,
2649 3087 2993 3143 honorentur
3044 3090 3282 3153 statuis,
3339 3096 3395 3144 et
3443 3089 3503 3143 in

1918 3197 2185 3249 equorum
2215 3181 2542 3248 curriculis,
2572 3182 2592 3203 ‘
2621 3180 2715 3252 qui
2757 3181 2998 3237 victores
3037 3179 3244 3237 fuerint
3298 3181 3506 3253 aurigae

1917 3274 2059 3331 idem
2122 3273 2407 3344 praemium
2477 3272 2772 3342 accipiant.
2858 3270 3046 3342 Neque
3123 3273 3225 3327 hos
3284 3273 3503 3338 solum.

1917 3369 2012 3424 sed
2050 3367 2348 3422 muliebres
2393 3364 2559 3420 etiam
2596 3364 2748 3420 viros
2792 3371 2848 3419 et
2896 3364 3280 3431 effeminatos,
3335 3373 3391 3421 et
3439 3365 3510 3421 de

1915 3459 2120 3530 quibus
2178 3458 2355 3514 virine
2418 3457 2532 3514 sint
2594 3472 2665 3512 an
2723 3457 2982 3513 mulieres
3038 3457 3353 3524 incertum,
3412 3458 3508 3526 qui

1918 3550 2111 3605 horum
2168 3548 2501 3620 spectaculis
2573 3548 2950 3614 delectantur,
3028 3548 3085 3602 in
3144 3549 3347 3603 tabulis
3411 3549 3511 3603 de-

1917 3640 2184 3709 pingunt,
2246 3638 2579 3708 illorumque
2637 3638 2957 3691 memoriam
3009 3636 3335 3706 longissimo
3373 3645 3513 3693 tem-

1917 3743 2051 3800 pore
2113 3741 2448 3783 conservare
2499 3726 2740 3781 student.
2774 3724 2840 3778 Et
2876 3726 3005 3781 licet
3066 3728 3331 3781 inciroria
3390 3729 3504 3783 haec

1917 3820 2118 3875 animis
2189 3818 2456 3873 damnum
2527 3816 2754 3881 δῦθι-ιιι,
2834 3832 2943 3872 non
3007 3818 3506 3873 emolumentum:

1918 3922 2159 3967 attamen
2203 3912 2305 3967 hos
2357 3909 2579 3980 quidem
2630 3909 2725 3980 qui
2773 3909 2876 3966 hos
2930 3917 3156 3976 amant,
3204 3910 3327 3965 illos
3377 3926 3507 3966 vero

1916 4005 2010 4075 qui
2070 4002 2228 4067 illos,
2310 3999 2566 4071 quamvis
2627 4000 2885 4053 damnum
2934 3996 3259 4060 alierentes,
3330 3998 3508 4068 pictn-

1919 4098 1999 4153 ris
2061 4096 2337 4150 honorant
2396 4109 2411 4148 :
2466 4098 2523 4147 et
2578 4091 2838 4161 quoniam
2901 4088 3190 4144 mortalem
3253 4098 3508 4144 naturam

1920 4201 2071 4242 mors
2122 4181 2498 4255 depraedatur,
2540 4179 2755 4235 colores
2812 4185 3221 4249 temperantes,
3269 4178 3505 4250 elligies-

1918 4294 2025 4349 qne
2050 4277 2272 4332 illorum
2305 4273 2512 4328 tabulis
2544 4273 2890 4342 imponentcs
2918 4312 2933 4336 ,
2972 4271 3246 4325 rationem
3284 4272 3512 4342 excogi-

1918 4377 2038 4425 tant
2066 4383 2176 4440 qua
2235 4367 2328 4421 liat
2385 4379 2581 4421 eorum
2639 4363 2903 4418 memoria
2959 4363 3122 4434 longe
3174 4377 3341 4434 quam
3397 4364 3512 4418 vita

225 4460 360 4522 τοῦς
380 4458 761 4531 χαρακτῆρας,
788 4459 909 4513 οὐδὲ
948 4459 1018 4515 τὰ
1065 4459 1273 4514 τούτων
1310 4460 1682 4533 ἐκτυπώματα
1706 4463 1817 4525 τοῖς

1922 4459 2262 4517 diuturnior.
2318 4455 2433 4512 Nos
2461 4464 2648 4511 autem
2700 4455 2872 4509 vitam
2925 4456 3225 4511 scribimus
3264 4456 3512 4526 philoso-

227 4550 522 4620 ἀγνοοῦσιν
572 4552 979 4622 ἐπιδείκνυμεν·
1009 4551 1147 4605 ἀλλά
1181 4551 1290 4605 τῶν
1338 4553 1586 4624 ἀοράτων
1632 4553 1819 4624 ψυχῶν

226 4642 335 4703 τὰς
370 4640 514 4703 ίδέας
566 4641 1048 4713 σκιαγραφοῦμεν,
1084 4641 1180 4694 καὶ
1231 4642 1500 4713 πολέμους
1559 4642 1821 4706 ἀθεάτους

231 4732 332 4787 καὶ
372 4732 695 4803 συμπλοκὰς
725 4733 953 4801 ἀφανεῖς
976 4730 1380 4801 ἐπιδείκνυμεν.
1418 4732 1688 4803 Τοιαύτην
1714 4734 1822 4806 γὰρ

227 4828 424 4901 αὐτοῖς
458 4827 552 4881 ml.
601 4828 701 4898 τήν
754 4826 1084 4896 παντευχίαν
1127 4825 1157 4878 ὀ
1184 4824 1286 4894 τῆς
1315 4824 1595 4894 φάλαγγος
1642 4825 1823 4879 αὐτῶν

234 4916 549 4987 στρατηγὸς
622 4917 718 4972 καὶ
785 4915 1079 4989 πρόμαχος
1146 4915 1490 4986 περιτέθεικε
1574 4915 1820 4980 Παῦλος·

238 5029 260 5061 ι
326 5007 651 5062 ’Λναλάϐετε
679 5007 788 5081 γὰρ
812 5047 831 5074 ,
862 5007 1022 5079 φησι,
1063 5006 1162 5077 τὴν
1213 5004 1515 5061 πανοπλίαν
1544 5005 1637 5059 τοῦ
1663 5006 1822 5073 Θεοῦ,

234 5102 333 5156 ἵνα
369 5100 638 5169 δυνηθῆτε
692 5098 1011 5169 ἀντιστῆναι
1066 5099 1123 5150 ἐν
1177 5100 1244 5167 τῇ
1273 5098 1458 5171 ἡμέρᾳ
1496 5100 1563 5169 τῇ
1589 5098 1821 5169 πονηρᾷ,

235 5191 340 5246 καὶ
389 5190 606 5245 ἅπαντα
648 5190 1125 5263 κατεργασάμενοι
1177 5189 1392 5257 στῆναι.
1431 5206 1448 5253 ι
1484 5190 1592 5242 Καὶ
1621 5189 1782 5243 πάλιν
1807 5207 1821 5221 ο

244 5302 267 5336 ε
311 5282 482 5352 Στῆτε
509 5277 602 5336 οὖν
629 5281 1069 5354 περιζωσάμενοι
1089 5280 1190 5350 τήν
1222 5280 1392 5347 ὀσφὺν
1420 5280 1574 5349 ὑμῶν
1612 5280 1669 5332 ἐν
1690 5280 1823 5351 άλη-

241 5374 393 5446 Gaia,
428 5375 525 5427 καὶ
559 5373 911 5443 ἐνδυσάμενοι
944 5371 1033 5426 τὸν
1069 5368 1295 5441 θώρακα
1330 5371 1428 5440 τῆς
1458 5370 1824 5444 δικαιοσύνης,

241 5468 343 5522 καὶ
365 5465 765 5537 ὑποδησάμενοι
812 5466 938 5529 τοὺς
968 5464 1134 5527 πόδας
1172 5464 1231 5517 ὲν
1265 5463 1555 5536 ἑτοιμασίᾳ.
1595 5463 1690 5517 τοῦ
1723 5466 1795 5516 Ea

241 5557 505 5627 αγγελίου
534 5545 632 5628 τῆς
665 5559 920 5631 εἰρήνης,
962 5558 1056 5611 ἐπὶ
1103 5560 1268 5613 πᾶσιν
1323 5559 1685 5624 ἀναλαϐόντες
1738 5561 1830 5613 τον

242 5650 443 5721 θυρεὸν
473 5651 575 5722 τῆς
613 5651 945 5713 πίστεως,ἐν
983 5643 1028 5719 ᾧ
1069 5651 1363 5723 δυνήσεσθε
1397 5654 1574 5707 πάντα
1604 5653 1672 5705 τὰ
1699 5652 1829 5726 βέλη

240 5740 343 5798 τοῦ
378 5740 617 5813 πονηροῦ
647 5741 716 5795 τὰ
751 5742 1124 5812 πεπυρωμένα
1168 5743 1377 5809 σϐέσαι,
1416 5744 1508 5797 καὶ
1538 5744 1637 5813 τήν
1676 5761 1831 5815 περι-

1924 4553 2064 4623 pbia:
2109 4550 2422 4620 magistram
2452 4590 2465 4615 ,
2519 4556 2573 4602 et
2604 4562 2726 4617 qum
2762 4545 2908 4600 illam
2948 4545 3075 4601 vitae
3106 4546 3509 4601 institutionem

1922 4645 2136 4699 imitata
2191 4649 2277 4695 est
2337 4655 2460 4709 qua:
2529 4637 2715 4708 agitur
2763 4635 2818 4691 in
2868 4636 3073 4691 caelis:
3137 4634 3511 4692 describimus

1922 4743 2107 4789 autem
2133 4746 2241 4787 non
2275 4731 2483 4814 ﬁguras
2517 4743 2815 4799 corporum
2845 4768 2859 4791 ,
2893 4742 3073 4797 neque
3103 4727 3219 4781 haec
3245 4742 3508 4797 expressa

1924 4827 1995 4881 iis
2026 4823 2371 4881 ostendimus
2404 4823 2500 4893 qui
2556 4822 2813 4876 nesciunt
2846 4839 2861 4876 :
2915 4819 3014 4876 sed
3048 4819 3255 4875 formas
3309 4819 3509 4874 invisi-

1923 4919 2116 4974 bilium
2149 4917 2464 4972 animarum
2500 4917 2925 4980 adumbramus,
2959 4922 3012 4969 et
3043 4914 3185 4969 bella
3212 4926 3333 4981 qua:
3357 4910 3511 4966 cerni

1927 5025 2036 5065 non
2075 5016 2346 5080 possunt,
2384 5008 2597 5080 1102
2628 5007 3029 5076 conﬂictusquc
3059 5005 3152 5075 qui
3186 5019 3294 5058 non
3343 5018 3511 5073 appa-

1926 5112 2078 5168 rent,
2118 5101 2485 5156 ostendimus.
2516 5099 2633 5153 Ἰκιιὶ
2667 5099 2815 5154 enim
2841 5114 2937 5153 eos
2970 5108 3252 5151 armatura
3288 5097 3515 5152 illorum

1927 5193 2215 5264 phalangis
2252 5192 2363 5247 dux
2403 5202 2459 5248 et
2493 5193 2753 5263 princeps
2787 5190 2994 5245 Paulus
3042 5189 3224 5244 induit
3264 5189 3461 5247 dicens
3493 5208 3513 5245 :

1933 5304 1953 5337 ι
1993 5285 2239 5355 Accipite
2272 5294 2613 5340 armaturam
2648 5284 2743 5339 Dei
2773 5325 2791 5352 ,
2828 5291 2886 5339 ut
2912 5283 3139 5354 possitis
3166 5283 3426 5340 resistere
3453 5285 3514 5340 in

1927 5377 2224 5444 die'malo,
2254 5385 2309 5431 et
2342 5377 2601 5431 omnibus
2625 5377 2897 5432 confectis
2923 5384 3094 5431 stare.
3142 5394 3161 5427 ι
3191 5375 3249 5429 Et
3277 5391 3472 5431 rursus
3492 5395 3512 5432 ι

1936 5487 1955 5520 ι
1995 5468 2154 5523 State
2209 5468 2480 5523 succincti
2514 5467 2734 5524 lumbos
2769 5477 2984 5523 vestros
3027 5467 3292 5533 veritate,
3329 5477 3387 5523 et
3425 5469 3513 5523 in.

1930 5559 2049 5615 duti
2076 5560 2301 5616 loricam
2336 5560 2568 5630 justitia
2593 5601 2615 5625 ,
2641 5568 2696 5615 et
2742 5560 2976 5615 calceati
3018 5561 3184 5631 pedes
3210 5559 3265 5614 in
3303 5575 3515 5632 praepa-

1931 5652 2149 5708 ratione
2208 5651 2493 5723 Evangelii
2550 5652 2737 5722 pacis,
2800 5652 2854 5706 in
2911 5652 3175 5707 omnibus
3228 5658 3508 5707 sumentes

1933 5757 2153 5801 scutum
2189 5742 2349 5812 ﬁdei,
2386 5746 2439 5799 in
2487 5759 2599 5814 quo
2632 5744 2886 5816 poteritis
2913 5744 3100 5801 omnia
3134 5742 3247 5800 tela
3279 5740 3513 5815 maligni
