4030 6420
534 336 670 410 1287

538 457 711 529 ignita
756 452 1111 524 exstinguere

536 561 592 606 et
622 548 864 619 gladium
899 546 1162 617 spiritus,
1199 543 1345 614 quod
1381 549 1466 598 cst
1493 542 1721 597 verbum
1756 540 1849 595 Dei
1878 553 1928 595 ι.
1954 558 1971 590 ι
2009 537 2125 593 Hac

539 642 666 697 illos
704 649 984 693 armatura
1030 652 1155 690 cum
1188 635 1497 698 induisset.
1544 634 1805 705 produxit
1836 633 1902 687 ad
1942 647 2124 685 certa-

541 732 714 785 mina.
752 729 903 783 Talis
929 727 1075 782 enim
1110 734 1194 781 est
1236 724 1476 779 hostium
1514 740 1741 796 quoque
1781 731 1974 777 natura
1998 763 2012 787 ,
2042 722 2096 775 in

541 834 801 892 corporea
823 860 838 886 ,
871 817 1202 883 invisibilis,
1248 817 1491 873 obscure
1539 816 1811 871 invadens
1838 856 1853 881 ,
1893 816 2122 869 clancu-

541 916 651 969 lum
687 912 961 967 insidians
987 952 1002 975 ,
1046 916 1277 980 repente
1310 924 1375 964 ac
1408 917 1610 979 praeter
1650 908 2123 977 exspectationem

539 1005 779 1059 irruens.
817 1001 972 1066 Quod
999 1000 1182 1070 ipsum
1225 1000 1388 1055 etiam
1430 999 1541 1054 dux
1567 1000 1711 1054 idem
1740 998 1950 1053 docens
1976 996 2126 1050 dice-

540 1095 635 1150 bat
673 1112 684 1147 :
728 1112 748 1145 ι
792 1091 911 1147 Non
938 1099 1023 1146 est
1054 1090 1214 1146 nobis
1253 1090 1572 1144 colluctatio
1610 1090 1875 1144 adversus
1900 1103 2124 1143 carnem

538 1196 594 1242 et
627 1186 988 1257 sanguinem,
1037 1183 1134 1239 sed
1172 1184 1444 1238 adversus
1488 1181 1775 1252 principes
1805 1221 1820 1243 ,
1859 1179 2126 1235 adversus

539 1284 875 1347 potestates,
913 1276 1185 1330 adversus
1238 1273 1431 1328 mundi
1477 1281 1727 1328 rectores
1772 1273 2125 1329 tenebrarum

540 1368 708 1437 hujus
784 1367 1012 1429 saeculi,
1089 1366 1360 1421 adversus
1421 1366 1695 1435 Spiritalia
1757 1365 2019 1436 nequitiae
2070 1365 2126 1418 in

542 1460 862 1515 coelestibus
891 1459 944 1514 ι’.
977 1478 996 1512 ι
1397 1511 1412 1521 ,

613 1552 630 1571 ’
650 1550 903 1604 Attamen
929 1564 1053 1603 cum
1080 1551 1217 1602 tales
1241 1549 1432 1603 hostes
1460 1548 1690 1603 haberet
1733 1547 1964 1602 istorum
1996 1561 2130 1602 con-

544 1639 823 1710 gregatio,
857 1648 952 1693 aut
985 1640 1370 1708 unusquisque
1424 1639 1610 1708 potius
1653 1654 1844 1693 eorum
1892 1655 1922 1693 a
1964 1645 2046 1692 tot
2074 1644 2129 1692 ct

545 1730 715 1785 tantis
775 1729 1025 1784 hostibus
1076 1729 1394 1799 cingeretur
1440 1747 1453 1783 :
1512 1744 1695 1799 neque
1737 1731 1883 1784 enim
1933 1745 2130 1786 omnes

1529 331 2021 395 THEODORETI
2042 331 2383 392 EPISCOPI
2422 333 2789 396 CYRENSIS

1166 470 1181 507 :
1223 459 1278 506 et
1318 450 1528 522 galeam
1580 449 1780 505 salutis
1812 448 2115 507 assumite.

2239 448 2530 516 ιεφαλαίαν
2556 451 2650 504 τοῦ
2684 449 2955 523 σωτηρίου
2987 450 3265 519 δέξασθαι,
3294 449 3391 507 καὶ
3418 450 3517 525 τὴν
3541 454 3827 522 μαχαιραν

3682 334 3829 399 192ἓῖ8

2231 540 2327 594 τοῦ
2362 546 2695 614 πνεύματος,
2726 544 2755 596 ὃ
2778 547 2903 598 ’ἐστι
2956 546 3107 617 ῥῆμα
3137 545 3296 600 Θεοῦ.
3329 564 3349 599 ι
3377 545 3598 617 Ταύτην
3617 546 3826 607 αὐτοὺς

2229 633 2331 705 τὴν
2353 635 2660 690 πανοπλίαν
2693 636 2921 701 ἑνδύσας
2956 640 3038 702 εἰς
3087 638 3216 703 τοὺς
3265 638 3479 707 ἀγῶνας
3525 639 3823 709 εἰσήγαγε.

2231 723 2469 796 Τοιαύτη
2496 724 2607 797 γὰρ
2638 727 2732 780 καὶ
2760 726 2872 780 τῶν
2921 727 3198 797 πολεμίων
3228 729 3261 798 ἡ
3290 728 3469 799 φύσις,
3496 729 3822 798 ἀσώματος,

2232 804 2489 886 ἀόρατος,
2523 817 2745 886 ἀφανῶς
2799 819 3051 881 ἐπιοῦσα,
3091 819 3334 890 κρύϐδην
3364 818 3824 883 ἐπιϐουλεύουσα,

2231 905 2447 977 λοχῶσα
2497 909 2591 962 καὶ
2641 909 2974 976 ἐξαπιναίως
3021 912 3459 985 προσϐάλλουσα.
3496 912 3607 967 Καὶ
3657 912 3828 965 τοῦτο

2232 997 2503 1053 διδάσκων
2558 1000 2721 1066 αὐτὸς
2762 996 2919 1067 οὗτος
2965 1004 2994 1055 ὁ
3036 1005 3340 1075 στρατηγὸς
3382 1005 3568 1074 ἔλεγεν
3593 1020 3608 1034 ο
3649 1023 3669 1055 ‹
3705 1004 3829 1057 Οὐκ

2235 1090 2387 1145 ἔστιν
2407 1095 2544 1163 ἡμῖν
2564 1096 2599 1165 ὴ
2623 1095 2768 1164 πάλη
2804 1096 2943 1166 πρὸς
2980 1092 3119 1167 αἷμα
3154 1097 3249 1151 καὶ
3281 1098 3481 1168 σάρκα,
3514 1095 3654 1151 ἀλλά
3683 1095 3827 1167 πρὸς

2234 1182 2334 1248 τὰς
2366 1185 2562 1257 ἀρχὰς,
2582 1187 2720 1258 πρὸς
2751 1188 2849 1250 τὰς
2873 1189 3143 1254 ἐξουσίας,
3183 1190 3319 1261 πρὸς
3349 1194 3474 1255 τοὺς
3505 1192 3829 1263 κοσμοκρά-

2234 1293 2400 1347 τορας
2450 1276 2544 1330 τοῦ
2596 1278 2824 1343 σκότους
2880 1280 2975 1333 τοῦ
3039 1281 3233 1345 αἰῶνος
3299 1281 3532 1343 τούτου,
3567 1283 3701 1352 πρὸς
3758 1282 3828 1335 τὰ

2235 1366 2586 1435 πνευματικά
2616 1369 2715 1439 τῆς
2738 1371 3003 1441 πονηρίας
3032 1371 3091 1424 ὲν
3118 1374 3229 1437 τοῖς
3258 1373 3626 1443 ἐπουρανίοις,
3654 1394 3674 1427 ›

2320 1547 2464 1600 Ἀλλ’
2493 1548 2643 1618 ὅμως
2685 1551 2779 1601 καὶ
2802 1548 3077 1613 τοιούτους
3106 1549 3305 1619 ἔχουσα
3334 1550 3463 1614 τοὺς
3493 1550 3827 1614 ἀντιπάλους

2236 1637 2270 1707 ἠ
2303 1637 2412 1691 τῶν
2442 1639 2617 1707 ἁγίων
2661 1638 2868 1692 τούτων
2917 1640 3218 1710 συμμορία,
3254 1638 3455 1710 μᾶλλον
3506 1640 3565 1695 δὲ
3614 1640 3826 1695 τούτων

2236 1729 2469 1792 ἕκαστος
2510 1730 2616 1783 ὑπὸ
2658 1730 2930 1784 τοσούτων
2965 1732 3062 1785 καὶ
3104 1732 3363 1785 τοιούτων
3401 1733 3682 1804 πολεμίων
3725 1752 3822 1787 κυ-

543 1820 709 1875 simul
769 1819 1124 1883 invaserunt,
1190 1821 1285 1876 sed
1360 1820 1524 1875 modo
1584 1822 1722 1887 hos,
1783 1821 1949 1875 modo
2006 1823 2129 1877 illos

2239 1818 2563 1890 κλούμενοςο
2593 1818 2719 1873 οὔτε
2749 1820 2857 1892 γὰρ
2889 1824 3042 1894 κοινῇ
3080 1826 3246 1876 πᾶσιν
3277 1823 3537 1895 ἐπῄεσαν,
3571 1824 3708 1878 ἀλλὰ
3730 1825 3823 1876 νῦν

542 1910 980 1966 adoriebantur:
1014 1919 1124 1965 tam
1160 1913 1483 1982 przcclaram
1527 1913 1768 1968 retulere
1806 1913 2091 1968 victoriam
2115 1954 2130 1979 ,

543 2012 604 2057 ut
636 2002 882 2073 fugerint
929 2002 1277 2067 adversarii,
1314 2012 1367 2059 ct
1416 2004 1500 2058 his
1535 2003 1740 2073 fugatis
1790 2005 2011 2060 nemine
2039 2005 2136 2060 ob-

543 2105 725 2148 staute
771 2101 1044 2163 tropaeum
1075 2096 1376 2149 erexerint.
1417 2095 1721 2150 Victoriam
1773 2108 1953 2152 autem
2001 2098 2136 2167 ipsis

544 2185 811 2252 praebuit,
861 2199 971 2239 nou
1026 2193 1256 2250 natura,
1314 2201 1436 2256 qua:
1492 2197 1548 2241 et
1602 2189 1857 2244 mortalis
1902 2198 2021 2251 est,
2082 2197 2138 2244 et

548 2275 763 2346 1103
833 2275 1142 2333 innumeris
1205 2278 1363 2347 plena
1432 2278 1976 2348 perturbationibus,
2039 2281 2134 2334 sed

544 2383 705 2423 mens
735 2368 980 2424 divinam
1013 2368 1253 2439 gratiam
1282 2371 1593 2426 attrahens.
1625 2370 1758 2425 Nam
1787 2387 1912 2425 cum
1940 2372 2138 2425 divinat

542 2459 977 2531 pulchritudinis
1011 2460 1274 2516 ardentes
1296 2471 1489 2517 essent
1510 2471 1825 2529 amatores,
1856 2471 1910 2516 et
1942 2479 2041 2534 pro
2071 2480 2138 2518 eo

543 2566 707 2621 quem
740 2552 1002 2607 amabant
1022 2556 1210 2607 omnia
1246 2554 1501 2609 lubenter
1523 2562 1579 2610 et
1604 2570 1766 2626 agere
1797 2564 1852 2610 et
1879 2556 1992 2625 pati
2022 2563 2138 2610 sta-

545 2641 824 2707 tuissent,
862 2643 1347 2713 perturbationum
1387 2646 1629 2716 impetus
1685 2648 1909 2703 fortiter
1960 2651 2139 2705 susti-

545 2739 824 2800 nuerunt,
890 2735 1215 2806 diabolique
1283 2736 1517 2791 telorum
1582 2740 1852 2809 procellas
1911 2750 2138 2796 strmue

544 2826 895 2898 repulerunt,
925 2834 980 2883 et
1014 2842 1263 2898 corpore,
1307 2840 1365 2884 ut
1395 2831 1695 2901 apostolice
1740 2833 1919 2887 dicam
1959 2844 2008 2900 ε,
2045 2850 2138 2887 ca-

532 2919 784 2989 “stigato,
826 2928 991 2990 atque
1023 2921 1076 2975 in
1112 2922 1516 2977 servitudian
1553 2923 1799 2989 redacto,
1850 2925 1943 2980 ira:
1977 2927 2139 2981 ardo-

545 3026 664 3065 rem
702 3011 1064 3079 sedaverunt,
1100 3013 1587 3086 cupiditatumque
1622 3017 1831 3071 rabiem
1850 3019 2137 3084 quiest-ere

543 3114 848 3175 coegerunt
895 3121 909 3159 :
958 3104 1269 3175 jejunaudo
1323 3116 1508 3162 autem
1569 3115 1624 3162 et
1672 3109 1823 3162 humi
1881 3110 2136 3163 cubando

2239 1911 2338 1982 μὲν
2369 1910 2565 1981 τούτῳ,
2587 1910 2682 1965 νῦν
2713 1910 2761 1963 δ’
2804 1912 3002 1984 ἐκείνῳ
3053 1912 3422 1985 προσέϐαλλον
3448 1931 3465 1946 ·
3501 1912 3649 1967 οὕτω
3687 1914 3823 1984 λαμ-

2238 2005 2382 2076 πρὰν
2422 2004 2754 2075 ἀνεδήσαντο
2808 2007 3004 2077 νίκην,
3037 2005 3111 2070 ὡς
3159 2007 3287 2069 τοὺς
3339 2006 3438 2077 μὲν
3493 2007 3821 2073 ἀντιπάλοις

2236 2095 2605 2167 δραπετεῦσαι
2630 2136 2645 2161 ,
2674 2097 2865 2152 τούτου
2890 2088 2963 2150 ’δὲ
3019 2097 3162 2151 κατά
3216 2098 3419 2168 κράτος
3472 2097 3662 2163 διῶξαι
3684 2141 3698 2161 ,
3731 2102 3821 2152 καὶ

2237 2191 2501 2260 τρόπαιον
2548 2192 2758 2260 ἐγεῖραι
2791 2190 3018 2262 μηδενὸς
3048 2191 3299 2260 ἐμποδὼν
3330 2191 3649 2262 γενομένου.
3682 2195 3820 2264 Παρ-

2238 2285 2348 2353 εῖχε
2379 2283 2438 2337 δὲ
2488 2284 2669 2347 αὐτοῖς
2709 2283 2810 2354 τὴν
2844 2284 3002 2355 νίκην
3059 2283 3158 2354 οὐχ
3188 2285 3220 2354 ὴ
3277 2284 3438 2353 φύσις
3465 2323 3480 2345 ,
3508 2282 3679 2356 θνητὴ
3715 2285 3822 2353 γὰρ

2237 2372 2402 2444 αὕτη,
2436 2375 2530 2426 καὶ
2571 2374 2782 2444 μυρίων
2823 2372 3011 2427 παθῶν
3043 2374 3330 2438 ἀνάπλεως
3354 2390 3367 2402 ·
3407 2374 3525 2427 ἀλλ’
3558 2377 3591 2445 ἠ
3625 2373 3819 2444 γνώμη

2236 2462 2333 2536 τὴν
2369 2464 2520 2518 θείαν
2568 2465 2730 2535 χάριν
2774 2463 3135 2535 ἐφελκομένη.
3186 2465 3445 2537 Ἐρασταὶ
3469 2465 3579 2536 γὰρ
3629 2465 3820 2537 θερμοὶ

2236 2555 2330 2609 τοῦ
2359 2554 2505 2609 θείου
2540 2553 2772 2618 κάλλους
2806 2554 3114 2624 γενόμενοι,
3144 2553 3238 2608 καὶ
3274 2553 3564 2617 ἀσπασίως
3606 2552 3824 2608 ἅπαντα

2237 2648 2433 2718 δράσαι
2483 2646 2578 2701 καὶ
2635 2646 2831 2701 παθεῖν
2885 2646 3025 2717 ὑπὲρ
3072 2646 3167 2699 τοῦ
3224 2646 3503 2719 ἐρωμένου
3551 2646 3818 2717 ἑλόμενοι,

2237 2739 2479 2810 ἤνεγκαν
2509 2737 2609 2809 μὲν
2641 2736 2906 2807 γενναέως
2933 2737 3032 2808 τὴν
3063 2735 3172 2789 τῶν
3210 2735 3401 2790 παθῶν
3431 2737 3820 2804 ἐπανάστασιν,

2239 2830 2651 2902 ἀπεκρούσαντο
2684 2829 2740 2882 δὲ
2771 2826 3059 2899 καρτερῶς
3085 2827 3196 2880 τῶν
3224 2826 3317 2881 τοῦ
3357 2827 3605 2881 διαϐόλου
3656 2826 3825 2897 βελῶν

2237 2922 2337 2984 τὰς
2365 2920 2614 2989 νιφάδας,
2645 2921 2739 2974 καὶ
2770 2917 3145 2981 ἀποστολικῶς
3172 2919 3371 2982 εἰπεῖν,
3397 2918 3458 2970 τὸ
3486 2918 3645 2990 σῶμα
3675 2917 3823 2969 ὑπω-

2247 3016 2542 3075 πιὰσαντες
2595 3013 2690 3065 καὶ
2733 3011 3275 3081 δουλαγωγήσαντες,
3312 3010 3414 3072 τὰς
3462 3009 3560 3080 μὲν
3604 3007 3699 3061 τοῦ
3741 3008 3828 3060 θ’)-

2245 3105 2346 3174 μοῦ
2382 3103 2691 3173 φλεγμονὰς
2744 3101 3150 3173 κατεπράὖναν,
3193 3099 3303 3152 τῶν
3353 3097 3638 3167 ἐπιθυμῶν
3667 3096 3726 3150 δὲ
3766 3097 3828 3149 τὸ

546 3195 744 3265 sopitis
800 3194 969 3250 animi
1034 3198 1316 3263 motibus,
1382 3199 1765 3268 repressisque
1801 3216 1990 3253 eorum
2062 3202 2136 3254 iu-

2241 3166 2778 3266 λυσσῶδεςήσυχίαν
2824 3166 2980 3262 ἄγε-ιν
3016 3192 3340 3264 ἠνάγκασαν
3361 3208 3375 3223 ο
3412 3189 3599 3262 ἀσιτία
3641 3190 3701 3243 δὲ
3732 3192 3831 3244 καὶ

547 3287 806 3352 stlitibus,
850 3303 1054 3358 corpus
1103 3289 1405 3357 adegerunt
1460 3297 1521 3342 ut
1569 3291 1750 3346 fmdus
1794 3293 1959 3346 iniret
2015 3302 2138 3347 cum

549 3378 770 3443 anima,
850 3388 906 3433 et
971 3379 1197 3434 insitqu
1266 3381 1371 3434 hoc
1441 3382 1646 3436 bellum
1717 3387 2065 3440 sustulerunt
2124 3407 2137 3442 :

552 3485 685 3540 pace
751 3479 934 3525 autem
996 3472 1143 3526 inter
1208 3472 1300 3526 illa
1358 3475 1440 3528 sic
1497 3478 1843 3544 composita.
1921 3494 2137 3534 onmem

551 3562 997 3618 adversariorum
1039 3573 1315 3618 catervam
1388 3566 1771 3637 proﬂigarunt.
1822 3569 1958 3624 Cum
1995 3572 2139 3626 enim

550 3656 632 3710 eis
676 3655 932 3710 deessent
987 3657 1391 3726 cogitationes,
1473 3673 1596 3728 quae
1657 3659 1870 3715 interna
1942 3668 2142 3733 prode-

550 3754 704 3809 rent,
748 3755 804 3801 et
859 3745 1229 3802 humanorum
1294 3749 1668 3805 membrorum
1727 3754 1932 3808 auxilio
1987 3771 2142 3811 care-

554 3846 706 3902 rent.
757 3838 965 3897 bellare
1001 3855 1112 3895 non
1169 3848 1448 3911 poterant.
1484 3841 1632 3899 Telis
1664 3859 1904 3916 namque
1950 3848 2007 3901 in
2038 3864 2143 3904 nos

553 3930 808 3986 diabolus
840 3932 1102 3987 membris
1144 3935 1357 3988 nostris
1394 3935 1589 3990 utitur.
1625 3935 1758 3993 Cum
1795 3954 1926 4011 ergo
1967 3956 2144 4011 neque

554 4021 940 4079 inescarentur
996 4025 1169 4091 oculi,
1222 4042 1401 4097 neque
1451 4044 1615 4085 aures
1664 4029 2187 4099 demulcerentur,~

556 4131 739 4186 neque
795 4124 980 4171 tactus
1034 4119 1386 4185 titillaretur,
1445 4137 1625 4192 neque
1680 4139 1837 4178 mens
1894 4125 2142 4194 improba

553 4204 871 4260 admitteret
924 4207 1196 4273 consilia,
1258 4208 1466 4266 frustra
1526 4213 1849 4268 laborabant
1903 4213 1999 4284 qui
2049 4229 2143 4284 pa-

554 4297 753 4352 rabant
794 4297 1048 4354 insidias.
1104 4299 1578 4366 Quemadmodum
1635 4304 1783 4359 cnim
1838 4305 2028 4359 urbem
2087 4306 2143 4359 in

556 4389 670 4443 alto
701 4387 1003 4455 conditam,
1036 4398 1090 4445 et
1118 4392 1318 4447 validis
1357 4394 1797 4464 propugnaculis
1831 4395 2142 4461 munitam,

2242 3286 2512 3358 χαμευνίᾳ
2550 3284 2692 3339 οὕτω
2725 3286 2796 3339 τά
2842 3286 2989 3357 πάθη
3031 3285 3383 3355 κοιμίσαντες
3410 3284 3502 3336 καὶ
3527 3282 3598 3336 τὰ
3620 3282 3830 3337 τούτων

2246 3382 2598 3451 σκιρτήματα
2649 3379 3129 3444 καταπαύσαντες,
3179 3378 3506 3432 σπείσασθαι
3556 3377 3620 3431 τδ
3665 3376 3829 3445 σῶμα

2244 3471 2379 3541 πρὸς
2410 3471 2508 3541 τὴν
2543 3470 2721 3542 ψυχὴν
2757 3469 3188 3541 κατηνάγκασαν
3213 3487 3228 3500 ο
3257 3469 3352 3522 καὶ
3397 3469 3489 3521 τὸν
3523 3468 3621 3545 μὲν
3652 3465 3827 3536 ἔμτυ·

2242 3578 2334 3615 τον
2361 3562 2550 3616 τοῦτον
2583 3564 2883 3616 κατέλυσαν
2921 3562 3161 3632 πόλεμον
3187 3577 3199 3589 ·
3232 3559 3377 3614 οὕτω
3400 3560 3457 3613 δὲ
3488 3557 3700 3621 τούτοις
3729 3559 3827 3626 τὴν

2244 3658 2467 3727 εἰρήνην
2498 3655 2920 3728 βραϐεύσαντες,
2948 3654 3095 3709 ἅπαν
3123 3653 3232 3706 τῶν
3263 3654 3520 3706 ἐναντίων
3547 3651 3609 3704 τὸ
3642 3652 3823 3720 στῖφος

2245 3751 2535 3820 ἐξήλασαν.
2560 3748 2604 3800 Τ
2605 3748 2698 3811 οὓς
2732 3747 2842 3819 γὰρ
2862 3747 2931 3800 τὰ
2957 3745 3105 3800 ἔνδον
3138 3745 3498 3817 προϊεμένους
3533 3743 3815 3813 λογισμοὺς

2240 3843 2344 3894 οὐκ
2390 3840 2628 3910 ἔχοντες,
2679 3840 2774 3892 καὶ
2804 3838 2902 3909 τῆς
2942 3836 3050 3890 τῶν
3099 3835 3458 3906 ἀνθρωπίνων
3494 3835 3673 3903 μελῶν
3705 3850 3825 3886 συν-

2244 3932 2436 4004 εργίας
2473 3930 2852 4005 ἐστερημένοι,
2885 3929 3144 4000 πολεμεῖν
3175 3929 3277 3981 οὐκ
3319 3926 3603 3997 ἠδύναντο.
3639 3925 3827 3979 Βέλεσι

2244 4023 2359 4094 γὰρ
2413 4019 2534 4075 καθ’
2563 4021 2727 4093 ἡμῶν
2772 4022 2801 4074 ὁ
2835 4020 3081 4084 διάϐολος
3135 4022 3250 4083 τοῖς
3299 4018 3595 4090 ἡμετέροις
3642 4017 3831 4088 μέλεσι

2204 4116 2530 4187 ’κέχρηται.
2575 4112 2900 4183 Ὀιρθαλμῶν
2926 4113 3035 4186 γὰρ
3089 4112 3163 4186 μὴ
3210 4111 3612 4180 δελεαζομένων
3638 4149 3652 4174 ,
3695 4108 3833 4180 μηδέ

2245 4206 2427 4259 ἀκοῶν
2462 4203 2966 4274 καταθελγομὲνων,
2999 4203 3131 4274 μηδὲ
3160 4199 3635 4273 γαργαλιζομένης
3661 4201 3832 4268 ἁφῆς,

2248 4295 2382 4367 μηδὲ
2413 4294 2507 4347 τοῦ
2543 4294 2633 4348 νοῦ
2668 4294 2736 4347 τὰ
2766 4293 2978 4365 πονηρὰ
3011 4293 3301 4364 δεχομένου
3337 4288 3702 4362 βουλεύματα,
3722 4290 3837 4359 μά-

2245 4403 2398 4450 ταιος
2421 4389 2535 4450 τοῖς
2567 4385 3013 4439 ἐπιϐουλεύουσιν
3042 4380 3109 4456 ἦν
3140 4385 3173 4456 ἡ
3221 4383 3445 4453 σπουδή.
3477 4382 3692 4450 Ὥσπερ
3724 4382 3839 4450 γὰρ

554 4478 961 4551 profundisque
993 4479 1160 4539 fossis
1191 4483 1439 4552 undique
1466 4485 1904 4550 circumdatam,
1956 4487 2136 4542 nullus

2248 4480 2403 4534 πόλιν
2431 4481 2517 4550 ἐφ’
2554 4481 2719 4550 ὕψους
2748 4480 2998 4551 ᾠκοδομη
3008 4478 3196 4549 μένην,
3225 4477 3318 4531 καὶ
3345 4474 3652 4568 περιϐόλοις
3680 4476 3837 4545 ίσχυ-

554 4575 733 4631 hostis
761 4575 1004 4645 ceperit,
1035 4577 1082 4630 si
1109 4592 1176 4631 ex
1203 4578 1275 4631 iis
1301 4576 1396 4646 qui
1454 4577 1606 4631 intus
1660 4586 1791 4633 sunt
1827 4593 1989 4633 nemo
2017 4594 2145 4650 pro-

555 4665 688 4731 dat,
723 4673 779 4720 et
832 4673 1026 4734 portas
1061 4665 1279 4736 aliquas
1320 4666 1574 4735 aperiat,
1617 4666 1693 4720 ita
1727 4667 1845 4723 fleri
1878 4683 1988 4723 non
2048 4685 2146 4738 po-

552 4762 663 4814 test
709 4762 772 4812 ut
808 4756 1087 4811 daemones
1109 4797 1124 4823 ,
1159 4757 1255 4827 qui
1290 4757 1492 4811 bellum
1525 4758 1876 4815 extrinsecus
1907 4772 2103 4830 gerunt
2128 4804 2143 4827 ,

553 4848 796 4903 animam
849 4853 1113 4918 superent
1165 4862 1195 4901 a
1246 4847 1439 4903 divina
1480 4850 1660 4918 gratia
1699 4852 2142 4919 circumdatam,

557 4940 669 4995 nisi
720 4937 1072 5008 cogitationis
1128 4936 1365 5007 alicujus
1422 4940 1677 4995 socordia
1731 4955 1995 4996 sensuum
2049 4957 2146 4995 no-

552 5038 800 5087 ‘strorum
835 5028 1074 5098 aliquam
1112 5026 1410 5083 fenestram
1451 5035 1769 5100 aperuerit,
1809 5039 1862 5087 et
1896 5047 1992 5101 per
2019 5047 2141 5087 eam

559 5122 849 5177 inimicum
879 5123 895 5140 ⁸
929 5123 1076 5175 intro
1107 5120 1418 5176 admiserit.
1472 5121 1598 5177 Haec
1627 5137 1657 5176 a
1695 5122 1911 5194 1104
1957 5123 2144 5178 divina

558 5211 848 5284 Scriptura
870 5228 994 5267 cum
1029 5222 1218 5283 aperte
1249 5212 1584 5269 didicissent
1614 5213 1652 5266 ii
1677 5228 1912 5283 quorum
1952 5212 2145 5267 laudes

556 5306 942 5370 celebramus,
996 5305 1283 5374 Deumque
1332 5321 1433 5376 per
1483 5305 1809 5376 prophetam
1870 5304 2142 5358 dicentem

558 5394 926 5458 audivissent,
961 5412 980 5445 ι
1021 5393 1286 5450 Ascendit
1315 5410 1464 5449 mors
1494 5409 1592 5465 per
1625 5392 1898 5448 fenestras
1918 5398 1970 5453 α.
1995 5411 2015 5444 ι
2054 5392 2143 5447 di-

560 5481 712 5539 Vinis
759 5484 1007 5553 legibus,
1069 5492 1330 5555 tanquam
1384 5484 1666 5555 repagulis
1710 5483 2038 5553 quibusdam
2087 5492 2145 5539 et

564 5573 851 5642 Vectibus,
877 5590 1080 5632 sensus
1110 5576 1463 5633 occludentes
1483 5616 1498 5643 ,
1536 5575 1704 5631 menti
1728 5575 1912 5631 claves
1939 5588 2135 5632 eorum

2253 4576 2366 4645 ροϊς
2399 4571 2957 4644 περιτετειχισμὲνην,
2989 4571 3083 4624 καὶ
3129 4569 3369 4641 φάραγξι
3403 4567 3651 4640 βαθείαις
3696 4568 3839 4619 πάν-

2243 4666 2398 4720 τοθεν
2422 4664 2821 4736 κυκλουμένην,
2848 4664 2947 4718 οὐκ
2981 4663 3047 4716 ἄν
3079 4680 3159 4726 τις
3194 4661 3292 4734 ἕλῃ
3336 4660 3616 4729 πολέμιος,
3645 4661 3722 4730 μή
3757 4675 3840 4711 τι-

2244 4776 2335 4822 νος
2363 4757 2473 4811 τῶν
2519 4756 2666 4810 ἔνδον
2715 4755 3075 4828 προϊεμένου,
3106 4754 3202 4808 καὶ
3263 4751 3492 4816 πυλίδας
3545 4750 3700 4813 τινας
3735 4750 3842 4802 ὑπ-

2247 4849 2589 4917 ανοίγοντος·
2620 4845 2797 4908 οὕτως
2841 4845 3100 4899 ἀδύνατον
3142 4847 3259 4907 τοῖς
3285 4840 3485 4908 ἔξωθεν
3533 4837 3841 4909 πολεμοῦσι

2245 4942 2462 5013 δαίμοσι
2488 4941 2586 5011 τὴς
2611 4938 2716 4992 ὑπὸ
2743 4939 2845 5009 τῆς
2862 4937 3015 5000 θείας
3036 4935 3260 5008 χάριτος
3284 4932 3660 5003 κυκλουμένης
3679 4949 3840 5002 περιο

2246 5034 2504 5101 γενέσθαι
2531 5033 2730 5104 ψυχῆς,
2764 5033 2813 5084 εἰ
2851 5032 2925 5102 μή
2967 5047 3113 5093 τινος
3138 5027 3401 5098 λογισμοῦ
3429 5024 3679 5098 ῥᾳστώνη
3731 5043 3843 5077 πυ-

2243 5125 2366 5180 λίδα
2382 5125 2506 5179 τινά
2529 5125 2635 5178 τῶν
2658 5127 2714 5178 ὲν
2739 5125 2869 5195 ἡμῖν
2898 5120 3269 5192 αἰσθητηρίων
3293 5119 3544 5184 ἀνοίξειε,
3576 5118 3671 5171 καὶ
3703 5118 3842 5169 ταύ-

2246 5235 2345 5287 της
2369 5220 2500 5272 εἴσω
2540 5218 2630 5272 τὸν
2684 5202 3208 5289 πολέμιονδέξαιτο.
3252 5213 3439 5267 Ταῦτα
3490 5210 3678 5278 σαφῶς
3728 5210 3842 5263 ὑπδ

2248 5311 2347 5380 τῆς
2396 5310 2547 5373 θείας
2580 5308 3003 5377 πεπαιδευμένοι
3034 5306 3259 5377 Γραφῆς
3287 5307 3335 5357 οἱ
3379 5306 3507 5374 παρ’
3541 5303 3699 5374 ἡμῶν
3743 5303 3843 5355 εὑ-

2252 5399 2618 5469 φημούμενοι,
2654 5397 2751 5451 καὶ
2794 5397 3130 5459 ἀκούσαντες
3156 5393 3250 5447 τοῦ
3290 5392 3425 5447 Θεοῦ
3454 5392 3542 5446 διὰ
3565 5392 3661 5445 τοῦ
3694 5409 3841 5461 προ-

2250 5490 2424 5560 φήτου
2456 5489 2727 5559 λέγοντος,
2762 5487 2838 5551 ὡς
2868 5507 2887 5539 ι
2937 5485 3129 5556 ’Δνέϐη
3165 5485 3393 5547 θάνατος
3430 5485 3518 5538 διὰ
3548 5484 3656 5537 τῶν
3684 5483 3834 5555 θυρί-

2248 5577 2374 5641 δων,
2414 5596 2433 5629 ι
2467 5571 2579 5632 οἷόν
2630 5594 2742 5632 τισι
2798 5576 3012 5649 μοχλοῖς
3042 5575 3137 5651 καὶ
3175 5574 3477 5647 κλείθροις,
3507 5576 3619 5637 τοῖς
3667 5572 3842 5638 θείοις

642 5781 669 5808 ⁸
689 5772 889 5844 Ephes.
919 5792 993 5844 vr,
1022 5777 1208 5833 15-17.
1285 5778 1315 5820 δ
1342 5777 1474 5833 ibid.
1511 5778 1598 5831 12.
1677 5787 1699 5818 ε
1738 5777 1759 5830 Ῑ
1785 5777 1891 5832 Cor
1920 5776 2107 5846 tx,‘27.

2239 5777 2537 5841 .lerem.-tx.
2560 5781 2649 5835 21.
