4030 6468
328 456 483 530 Ἰ289

1544 460 1959 529 ’ΒΕΙδῘΟΙΟΞΑ
2023 462 2409 529 ΙΠΞΤΟΙΠΑ.

3462 465 3599 528 1230

337 583 527 654 νόμοις
550 581 617 634 τὶ
658 580 988 653 αἰσθητήρια
1012 582 1347 646 κλείσαντες,
1372 580 1447 652 τῷ
1489 582 1565 652 νῷ
1589 582 1687 645 τὰς
1716 581 1911 635 τούτων

2024 581 2374 636 tradiderunt
2408 598 2422 635 :
2461 588 2517 634 et
2552 594 2730 648 neque
2765 578 2950 649 lingua
2988 590 3166 647 neque
3201 575 3345 632 labia
3387 580 3600 648 aperie-

336 674 678 744 ἐνεχείρισαν
746 672 893 737 κλεῖς
916 691 929 702 ·
986 674 1082 727 καὶ
1134 672 1256 727 οὔτε
1313 672 1533 742 γλῶσσα
1587 672 1710 726 οὔτε
1761 673 1915 743 χείλη

335 765 648 835 ἀνεῴγνυτο
698 765 791 820 τοῦ
838 765 934 820 νοῦ
986 765 1062 838 μὴ
1111 766 1459 829 κελεύοντος,
1492 765 1629 831 οὔτε,
1667 766 1803 837 κόρη
1843 766 1918 835 μὴ

336 856 746 928 ὲπιτρεπομένη
802 856 1138 929 προκύπτειν
1163 857 1272 910 τῶν
1308 855 1595 927 βλεφάρων
1634 856 1915 926 ἠνείχετοο

331 948 477 1019 ἀκοὴ
514 948 570 1002 δὲ
603 949 892 1019 βλεφάροις
924 950 957 1019 ἢ
992 948 1226 1020 χείλεσιν
1269 948 1615 1018 ἀποτειχίσαι
1651 947 1726 1017 μὴ
1762 947 1920 1003 δυνα-

336 1040 479 1111 μένη
505 1041 602 1112 τὴν
625 1042 851 1105 εἴσοδον,
882 1043 1008 1106 τοὺς
1036 1042 1299 1113 ἀνοήτους
1342 1041 1644 1095 ἀπεωθεῖτο
1678 1040 1786 1094 τῶν
1831 1041 1920 1093 λό-

330 1148 474 1200 γων,
498 1133 783 1198 κάκείνους
832 1134 1050 1205 ἐδέχετο
1104 1135 1321 1205 μόνους,
1357 1130 1438 1196 οἷς
1466 1135 1494 1187 ὁ
1537 1132 1658 1196 νοῦς
1688 1132 1918 1203 ἐπετέρ-

332 1241 491 1280 πετο.
523 1224 676 1279 Οῦτω
731 1226 831 1296 τὴν
879 1226 1147 1297 ὄσφρησιν
1179 1228 1507 1280 ἐπαίδευσαν
1547 1227 1623 1296 μὴ
1650 1225 1715 1279 τὰ
1741 1225 1916 1296 εὐώδη

332 1317 545 1385 ποθεῖν,
570 1317 669 1370 ἆτε
699 1317 766 1388 δὴ
798 1319 1030 1397 χαυνοῦν
1062 1319 1155 1372 καὶ
1208 1318 1376 1389 χαλᾷν
1418 1319 1720 1387 πεφυκότα.
1758 1316 1918 1371 Οὕτω

327 1410 434 1478 τῆς
469 1411 701 1479 γαστρὸς
735 1409 827 1462 τὸν
859 1410 1021 1481 κόρον
1064 1409 1359 1480 ἐξήλασαν,
1384 1411 1478 1463 καὶ
1521 1410 1745 1463 τοιαῦτα
1775 1409 1916 1479 λαμ-

330 1499 524 1553 ϐάνειν
577 1500 845 1567 ἐδίδαξαν,
876 1496 963 1554 οἷα
991 1502 1090 1573 οὐχ
1130 1502 1345 1572 ἡδονὴν,
1370 1500 1509 1555 ἀλλά
1533 1500 1721 1571 χρείαν
1754 1501 1918 1572 ἐπλή-

330 1609 454 1663 ρε),
489 1593 586 1646 καὶ
626 1594 800 1647 ταῦτα
843 1594 1102 1659 τοσαῦτα,
1125 1595 1226 1649 ὅσα
1274 1593 1365 1647 τὸν
1400 1595 1466 1647 ἐκ
1493 1592 1653 1664 λιμοῦ
1687 1592 1917 1647 κωλύειν

326 1685 566 1753 ἠδύνατο
600 1685 848 1741 θάνατον.
881 1685 1039 1739 (δύτω
1086 1685 1186 1757 τὴν
1216 1687 1475 1755 γλυκεῖαν
1504 1686 1599 1740 τοῦ
1627 1685 1797 1739 ὕπνου
1823 1703 1917 1739 τυ-

330 1776 558 1846 ραννίδα
580 1777 903 1843 κατέλυσαν,
937 1778 1032 1831 καὶ
1066 1777 1133 1832 τά
1167 1778 1415 1849 βλέφαρα
1458 1778 1555 1849 τῆς
1579 1777 1771 1832 τούτου
1796 1777 1917 1831 δου-

326 1868 483 1931 λείας
536 1868 1026 1939 ἐλευθερώσαντες,
1059 1872 1283 1940 κρατεῖν
1331 1870 1452 1923 ἀντὶ
1488 1868 1585 1923 τοῦ
1642 1868 1913 1924 δουλεύειν

2021 674 2242 738 bantur,
2294 676 2398 729 nisi
2452 690 2605 730 meus
2652 674 3017 742 imperasset,
3059 687 3162 727 nec
3204 672 3426 742 pupillae
3468 686 3598 741 per-

2021 765 2339 820 mittebatur
2371 772 2431 820 ut
2466 781 2526 820 se
2551 773 2704 820 extra
2730 764 3021 833 palpebras
3052 763 3361 833 porrigeret
3396 779 3411 816 :
3440 760 3601 816 audi-

2022 864 2110 911 tus
2160 864 2377 921 autem,
2421 853 2698 927 palpebris
2745 863 2802 910 et
2840 854 3005 910 labiis
3041 854 3252 908 aditum
3295 854 3597 910 obstruere

2020 965 2130 1005 non
2190 951 2408 1015 valens,
2469 952 2670 1007 stultas
2720 950 3017 1021 repellebat
3072 950 3386 1014 orationes,
3444 948 3598 1003 illas-

2018 1055 2128 1110 que
2159 1041 2306 1099 solas
2344 1041 2688 1105 admittebat,
2739 1041 2940 1111 quibus
2986 1055 3143 1096 mens
3193 1040 3595 1095 delectabatur.

2021 1132 2113 1188 Sic
2163 1133 2453 1190 odoratum
2509 1135 2818 1191 docuerunt
2870 1151 3041 1193 suave
3097 1134 3303 1189 olentia
3347 1147 3462 1188 non
3494 1133 3596 1187 de-

2019 1225 2307 1292 siderare,
2371 1235 2430 1281 ut
2484 1243 2608 1297 qua:
2659 1236 2856 1282 natura
2908 1242 3011 1283 sua
3072 1226 3326 1281 molliant
3397 1234 3454 1280 et
3508 1239 3599 1278 re-

2019 1317 2226 1373 laxent.
2284 1317 2377 1374 Sic
2425 1322 2638 1376 ventris
2693 1322 3004 1390 rejecerunt
3051 1319 3400 1384 satietatem,
3445 1326 3501 1372 et
3531 1331 3598 1371 ea

2018 1423 2238 1465 sumere
2270 1410 2616 1477 docuerunt,
2652 1428 2765 1467 non
2812 1427 2937 1483 qua:
2986 1410 3292 1481 voluptati,
3333 1410 3426 1465 sed
3472 1422 3599 1478 quae

2019 1501 2144 1555 usui
2172 1499 2391 1570 forent,
2433 1518 2628 1574 eaque
2679 1518 2941 1559 mensura
2997 1518 3121 1574 quae
3155 1502 3296 1558 satis
3340 1511 3489 1556 esset
3526 1517 3598 1555 ne

2019 1592 2163 1648 fame
2216 1605 2573 1651 necarentur.
2611 1595 2704 1652 Sic
2754 1598 2932 1653 somni
2972 1595 3191 1651 dulcem
3245 1595 3594 1665 tyrannidem

2016 1695 2369 1754 everterunt,
2420 1689 2827 1759 palpebrasque
2863 1690 2935 1744 ab
2976 1689 3100 1757 ejus
3143 1689 3411 1743 servitute
3458 1687 3597 1741 libe-

2016 1787 2205 1835 rantes
2224 1821 2241 1846 ,
2270 1795 2379 1835 non
2411 1780 2523 1849 jam
2549 1782 2758 1836 servire
2784 1823 2797 1847 ,
2837 1780 2930 1837 scd
2961 1781 3235 1836 dominari
3261 1781 3592 1844 docuerunt,

2016 1881 2078 1927 ut
2105 1874 2227 1944 ejus
2264 1887 2424 1927 usum
2475 1873 2862 1939 admitterent,
2917 1888 3027 1928 non
3083 1888 3206 1929 cum
3264 1871 3591 1935 invaderet,

326 1958 683 2021 ἐπαίδευσαν,
731 1932 833 2012 καὶ
889 1932 1144 2029 δέχεσθαι
1198 1958 1299 2031 τὴν
1330 1960 1461 2031 παρ’
1495 1959 1665 2014 αὑτοῦ
1703 1961 1910 2032 χρείαν,

2015 1964 2107 2019 sed
2150 1979 2274 2020 cum
2325 1964 2479 2019 illum
2539 1966 2643 2035 ipsi
2708 1966 2779 2021 ad
2826 1965 2995 2021 breve
3026 1974 3264 2020 natura:
3324 1965 3592 2019 auxilium

324 2050 429 2119 οὐχ
479 2050 609 2102 ὅταν
658 2048 821 2111 αὐτὸς
852 2048 1014 2115 ἐπίοι,
1043 2049 1159 2103 ἀλλ’
1189 2050 1316 2104 ὅταν
1355 2050 1512 2105 αὐτοὶ
1544 2050 1784 2105 καλῶσιν
1832 2052 1913 2115 είς

326 2140 591 2210 βραχεῖαν
635 2139 955 2211 ἐπικουρίαν
999 2141 1098 2211 τῆς
1144 2141 1378 2211 φύσεως.
1423 2141 1579 2196 οὕτω
1624 2143 1913 2212 τοιγαροῦν

325 2232 429 2301 τῆς
458 2231 568 2284 τῶν
597 2231 790 2301 τειχῶν
819 2231 911 2284 καὶ
936 2228 1045 2283 τῶν
1078 2230 1263 2285 πυλῶν
1318 2233 1702 2304 φροντίσαντες
1744 2233 1913 2302 φυλα-

323 2324 454 2394 κῆς,
485 2322 580 2377 καὶ
628 2325 741 2386 τοῖς
792 2323 939 2377 ἔνδον
986 2322 1266 2395 λογισμοῖς
1295 2325 1391 2395 τὴν
1422 2327 1673 2397 ὁμόνοιαν
1705 2344 1913 2398 πρυτα-

321 2416 639 2482 νεύσαντες,
669 2419 793 2482 τοὺς
824 2417 1024 2483 ἔξωθεν
1051 2419 1299 2482 ἐπιόντας
1329 2419 1655 2482 ἀντιπάλους
1682 2418 1908 2487 ἐγέλων,

320 2507 628 2561 ἐπεισιέναι
655 2509 753 2578 μὲν
783 2509 875 2580 βία
896 2509 982 2564 διὰ
999 2510 1097 2581 τὴν
1114 2511 1210 2581 τῆς
1241 2511 1392 2574 θείας
1411 2510 1633 2581 χάριτος
1664 2512 1725 2566 ού
1746 2511 1910 2566 δυνα-

320 2599 528 2669 μένους
587 2601 910 2670 ἀσφάλειαν,
956 2595 1148 2657 οὐδένα
1176 2603 1232 2657 δὲ
1264 2603 1532 2675 προδότην
1560 2604 1911 2675 εὑρίσκοντες

318 2691 667 2762 εἰσδέχεσθαι
716 2694 844 2757 τοὺς
876 2693 1157 2764 δυσμενεῖς
1191 2692 1655 2763 προαιρούμενον·
1691 2695 1784 2748 καὶ
1810 2694 1910 2765 τὴν

320 2783 490 2852 φύσιν
517 2783 752 2854 ἀόρατον
781 2784 997 2855 ἔχοντες
1021 2786 1073 2838 oi
1103 2783 1370 2854 πολέμιοι,
1408 2782 1659 2853 σώματος
1698 2785 1912 2857 ὁρωμέ-

318 2892 436 2937 νου,
468 2875 561 2928 καὶ
609 2879 731 2939 ταῖς
785 2877 886 2947 τῆς
940 2877 1155 2945 φύσεως
1208 2877 1472 2944 ἀνάγκαις
1520 2877 1907 2948 ὑποκειμένου,

320 2970 549 3038 κρατεῖν
590 2967 691 3022 οὐκ
728 2967 1010 3038 ⁴ἠδύναντο.
1056 2969 1113 3022 Ὀ
1166 2970 1276 3041 γὰρ
1314 2971 1528 3041 ἡνίοχος
1555 2969 1769 3036 τούτου,
1812 2971 1910 3025 καὶ

321 3058 609 3128 μουσικὸς,
639 3061 734 3114 καὶ
763 3060 1128 3131 κυϐερνήτης,
1159 3060 1360 3131 ἄριστα
1408 3062 1506 3133 μὲν
1531 3062 1783 3134 κατέχων
1808 3061 1909 3127 τὰς

318 3147 521 3218 ἡνίας,
554 3149 613 3202 ὲν
667 3148 818 3214 τάξει
872 3149 1138 3221 φέρεσθαι
1181 3154 1307 3216 τοὺς
1352 3153 1555 3214 ἵππους
1611 3153 1905 3207 ἀνέπεισε·

318 3238 518 3310 ῥυθμῷ
549 3239 607 3294 δὲ
638 3240 738 3304 τὰς
773 3240 882 3295 τῶν
908 3241 1219 3313 αίσθήσεων
1252 3244 1453 3315 χορδάς
1497 3243 1596 3316 τὴν
1628 3244 1911 3317 παναρμό-

317 3346 434 3384 νιον
462 3331 603 3401 ἠχὴν
637 3331 921 3386 ἀποτελεῖν
964 3334 1378 3404 παρεσκεύασεν
1400 3348 1413 3363 ⁸
1446 3336 1826 3406 ἐπιστημόνως
1852 3336 1910 3390 δὲ

318 3424 491 3478 κινῶν
511 3424 578 3477 τά
611 3424 869 3495 πηδάλια,
899 3424 995 3479 καὶ
1025 3426 1131 3481 τῶν
1161 3428 1423 3498 κυμάτων
1451 3428 1550 3497 τὴν
1577 3428 1908 3502 προσσολὴν,

316 3516 415 3573 καὶ
443 3516 543 3588 τὴν
571 3515 681 3571 τῶν
707 3517 1034 3588 πνευμάτων
1057 3518 1299 3573 διέλυσεν
1329 3518 1589 3590 ἐμϐολήν.

391 3608 629 3672 Τούτους
671 3608 853 3664 τοίνυν
873 3610 1001 3673 τοὺς
1045 3609 1134 3663 διὰ
1182 3611 1359 3664 πόνων
1411 3611 1622 3682 μυρίων
1674 3612 1765 3665 τὸν
1799 3610 1911 3682 βίον

313 3698 669 3763 ὁδεύσαντας,
720 3697 911 3771 ίδρῶσι
951 3700 1008 3752 δὲ
1055 3700 1150 3753 καὶ
1191 3700 1591 3771 ταλαιπωρίαις
1632 3702 1694 3754 τὸ
1748 3701 1911 3772 σῶμα

308 3790 694 3861 δαμάσαντας,
724 3790 818 3844 καὶ
849 3791 1088 3860 γέλωτος
1116 3790 1216 3862 μὲν
1235 3791 1295 3845 τὸ
1325 3790 1497 3855 πάθος
1516 3793 1907 3862 ἀγνοήσαντας,

310 3884 377 3936 ὲν
404 3881 743 3953 κλαυθμῷδὲ
774 3881 872 3937 καὶ
905 3882 1170 3955 δάκρυσιν
1211 3882 1431 3938 ἅπαντα
1464 3882 1557 3936 τὸν
1598 3882 1712 3953 βίον
1734 3883 1909 3937 δαπα-

314 3974 610 4045 νήσαντας’
672 3974 768 4028 καὶ
811 3974 1024 4048 τρυφὴν
1070 3974 1169 4046 μὲν
1217 3974 1585 4046 Συϐαριτικὴν
1632 3975 1735 4045 τὴν
1780 3975 1900 4029 ἀσι·

312 4065 443 4120 τίαν
495 4065 844 4137 νομίσαντας,
902 4065 1071 4122 ὕπνον
1117 4066 1176 4120 δὲ
1224 4067 1441 4138 ἣδιστον
1500 4067 1600 4138 τὴν
1652 4065 1910 4119 ἐπίπονον

315 4160 650 4229 ἀγρυπνίαν,
686 4159 978 4231 στρωμνὴν
1017 4159 1075 4214 δὲ
1123 4158 1372 4231 μαλακὴν
1411 4157 1509 4231 τὴν
1553 4156 1648 4212 τοῦ
1682 4157 1910 4226 ἐδάφους

321 4251 664 4316 ἀντιτυπίαν,
709 4252 906 4323 ἡδονὴν
933 4251 1175 4324 άμετρόν
1207 4269 1269 4305 τε
1312 4248 1410 4305 καὶ
1442 4251 1763 4317 άπλειστον,
1786 4250 1910 4321 ’τὴν

319 4341 385 4395 ἐν
406 4345 526 4406 ταῖς
557 4345 896 4414 προσευχαῖς
933 4343 1027 4397 καὶ
1060 4342 1405 4415 ψαλμῳδίαις
1433 4342 1743 4414 διατριϐήν·
1784 4341 1911 4396 τού-

312 4449 448 4498 τους
487 4434 616 4497 τοὺς
659 4436 767 4488 πᾶν
821 4429 960 4497 εἶδος
1010 4436 1213 4506 ἀρετῆς
1260 4434 1643 4505 συνειληχότας
1692 4434 1776 4498 τίς
1811 4434 1912 4488 οὐκ

313 4525 390 4580 ἂν
445 4527 675 4590 εἰκότως
741 4527 1082 4596 θαυμάσειες
1143 4527 1344 4598 μᾶλλον
1395 4528 1453 4581 δὲ
1505 4527 1591 4591 τίς
1647 4527 1714 4582 ἂν
1772 4526 1909 4598 πρὸς

2014 2062 2384 2110 accerserent.
2444 2054 2631 2125 Itaque
2665 2070 2790 2110 cum
2844 2070 3132 2112 murorum
3194 2063 3595 2126 portarumque

2015 2147 2281 2203 custodire
2313 2162 2434 2203 eam
2470 2163 2657 2204 curam
2688 2156 2986 2220 gererent,
3020 2157 3077 2205 et
3108 2151 3354 2207 internas
3383 2151 3593 2220 cogita-

2002 2239 2197 2295 tiones
2229 2239 2537 2296 concordes
2576 2239 2875 2309 fecissent,
2926 2242 3276 2298 adversarios
3316 2242 3593 2298 extrinse-

2004 2344 2114 2385 cus
2149 2329 2472 2387 invadentes
2503 2332 2815 2388 irridebant
2839 2373 2852 2398 ,
2890 2333 2983 2404 qui
3013 2333 3064 2389 vi
3110 2334 3338 2405 quidem
3382 2334 3593 2389 intrare

2008 2427 2238 2489 propter
2280 2419 2481 2476 divinae
2532 2424 2726 2492 gratiae
2776 2423 3096 2494 praesidium
3145 2440 3257 2480 non
3300 2435 3589 2496 poterant;

2012 2512 2225 2567 nullum
2267 2520 2457 2568 autem
2504 2513 2861 2571 inveniebant
2911 2515 3291 2586 proditorem,
3343 2518 3438 2587 qui
3485 2516 3592 2570 ini—

2010 2604 2186 2660 micos
2216 2606 2379 2661 vellet
2413 2605 2706 2663 admittere
2736 2626 2750 2663 :
2788 2616 2843 2664 et
2879 2624 3004 2663 cum
3038 2609 3225 2665 hostes
3270 2616 3461 2665 essent
3492 2623 3595 2663 na-

2011 2704 2136 2751 tura
2172 2696 2515 2762 invisiblles,
2546 2712 2754 2769 corpus
2784 2708 3000 2767 tamen,
3029 2701 3180 2771 quod
3212 2701 3389 2755 oculis
3412 2700 3593 2754 cerni.

2008 2795 2105 2841 tur
2158 2795 2214 2841 et
2246 2796 2469 2845 naturae
2505 2790 2941 2846 necessitatibus
2981 2792 3281 2847 obnoxium
3322 2800 3405 2847 est
3429 2833 3444 2858 ,
3474 2792 3593 2846 vin—

2011 2894 2139 2937 cere
2165 2894 2276 2934 non
2311 2889 2632 2951 potuerunt.
2669 2880 2847 2952 llujus
2879 2884 3084 2955 quippe
3122 2885 3350 2955 auriga,
3385 2890 3439 2939 et
3473 2899 3593 2938 mu»

2006 2972 2164 3028 sieus
2189 3011 2204 3036 ,
2247 2980 2304 3028 et
2342 2973 2703 3043 gubernator,
2742 2982 2798 3030 et
2827 2977 3034 3045 optime
3078 2975 3322 3031 habenas
3355 2983 3588 3039 tenens,

2015 3062 2228 3134 1105
2254 3064 2414 3134 equis
2459 3063 2741 3135 persuasit
2789 3072 2851 3118 ut
2904 3072 3056 3120 recte
3086 3064 3450 3134 procederent
3482 3082 3499 3120 :
3534 3070 3593 3117 rt

2007 3168 2306 3211 numerose
2355 3155 2594 3211 chordas
2644 3156 2873 3225 pulsans
2933 3170 3231 3221 sensuum,
3296 3155 3479 3213 effecit
3530 3168 3593 3210 ιιι

1935 3286 1981 3348 C
2010 3258 2212 3300 sonum
2260 3245 2412 3300 omni
2461 3261 2527 3300 ex
2582 3252 2743 3316 parte
2774 3245 3109 3301 concinnum
3144 3246 3441 3302 redderent
3488 3265 3503 3302 :
3536 3256 3594 3303 et

2012 3336 2259 3393 scienter
2303 3338 2526 3392 clavum
2580 3351 2836 3405 movens,
2890 3337 3158 3395 ﬂuctuum
3213 3339 3486 3412 procellas
3540 3347 3594 3394 et

2010 3437 2308 3485 ventorum
2337 3428 2577 3501 impetus
2609 3429 2795 3503 fregit.

2014 3633 2021 3637 -
2086 3608 2198 3665 Hos
2231 3610 2419 3679 igitur.
2444 3612 2539 3680 qui
2565 3624 2662 3680 per
2692 3612 3015 3667 innumeros
3047 3612 3266 3668 labores
3306 3613 3429 3668 vitae
3470 3613 3593 3669 iter

2013 3700 2250 3771 ingressi
2286 3709 2437 3766 sunt,
2493 3700 2908 3772 sudoribusque
2939 3713 2994 3757 et
3038 3702 3429 3762 amictionibiis
3467 3719 3592 3760 cor-

2014 3804 2119 3860 pus
2168 3788 2560 3855 edomueruut,
2613 3804 2678 3846 ac
2728 3793 2875 3847 risus
2928 3792 3153 3861 quidem
3193 3792 3542 3849 affectionem
3573 3805 3591 3826 ·

2013 3882 2364 3951 ignorarunt.
2412 3883 2466 3935 in
2508 3882 2661 3936 luctu
2709 3888 2896 3938 autem
2949 3890 3005 3937 et
3063 3884 3323 3956 lacrymis
3372 3898 3590 3941 omnem

2010 3972 2180 4026 vitam
2232 3986 2741 4042 consumpserunt;
2803 3974 2895 4045 qui
2968 3974 3196 4031 delicias
3247 3975 3592 4049 Sybariticas

2007 4063 2281 4135 jejunium
2314 4063 2731 4129 existimarunt,
2767 4079 3021 4120 somnum
3077 4073 3261 4121 autem
3319 4067 3594 4124 suavissi-

2010 4166 2162 4212 mum
2181 4157 2491 4212 laboriosas
2520 4155 2759 4227 vigilias,
2790 4158 2955 4213 molle
2983 4159 3291 4228 stragulum
3331 4159 3592 4216 duritiem

2012 4249 2156 4313 soli,
2210 4248 2540 4304 immensam
2585 4257 2641 4303 et
2685 4249 3127 4320 inexplicabilem
3158 4251 3498 4322 voluptatem
3534 4253 3592 4308 in

2012 4340 2363 4397 orationibus
2389 4339 2854 4411 Psalmorumque
2897 4342 3158 4398 cantibus
3183 4344 3394 4399 versari
3420 4344 3558 4402 :lios
3577 4384 3594 4410 ,

2014 4435 2263 4504 inquam,
2294 4433 2387 4504 qui
2425 4448 2588 4489 omne
2632 4449 2804 4503 genus
2855 4435 3078 4490 virtutis
3131 4435 3404 4506 complexi
3441 4445 3594 4503 sunt,

2017 4528 2144 4598 quis
2172 4543 2282 4582 non
2319 4528 2448 4597 jure
2474 4526 2798 4592 admiretur,
2827 4529 2912 4582 vel
2947 4528 3133 4597 potius
3181 4528 3308 4597 quis
3356 4544 3456 4598 pro
3511 4530 3595 4585 di-

312 4618 480 4684 ἀξίαν
543 4619 947 4692 εὐφημήσειενς
1005 4614 1137 4672 Οἶδα
1183 4620 1282 4690 μὲν
1331 4616 1424 4673 οὖν
1475 4619 1631 4688 κάγὼ
1687 4618 1907 4688 σαφῶς,

2016 4619 2226 4689 gnitate
2257 4617 2578 4672 cullaudet?
2604 4615 2755 4672 Satis
2782 4615 3041 4687 equidem
3074 4615 3345 4685 intelligo,
3381 4617 3591 4671 nullam

315 4713 400 4774 ὡς
427 4711 531 4780 τῆς
579 4714 783 4765 τούτων
817 4712 1018 4784 ἀρετῆς
1074 4712 1247 4774 οὐδεὶς
1303 4712 1370 4765 ἂν
1430 4712 1675 4779 ἐφίκοιτο
1730 4709 1908 4778 λόγος’

316 4803 676 4872 ἐγχειρητέον
700 4802 743 4856 δ’
773 4803 943 4873 ὅμως.
988 4803 1063 4857 Οὐ
1093 4801 1203 4872 γὰρ
1240 4803 1308 4856 ἂν
1346 4801 1528 4865 καλῶς
1568 4802 1704 4874 ἔχοι,
1737 4806 1785 4857 εί
1831 4804 1912 4859 ὅτι

315 4893 522 4957 τελέως
550 4894 741 4965 ἄνδρες
767 4894 1018 4964 ἐγένοντο
1043 4893 1366 4964 φιλοσοφίας
1385 4894 1486 4964 τῆς
1514 4894 1750 4965 ἀληθοῦς
1777 4897 1909 4966 ἐρα-

314 4986 473 5048 σταὶ,
498 4984 589 5039 διὰ
615 4985 774 5039 τοῦτο
815 4986 951 5056 μηδὲ
985 4985 1214 5055 μειόνων
1244 4984 1457 5056 τύχοιεν
1484 4985 1740 5039 ἐπαίνων.
1766 4986 1910 5057 Γρά-

311 5072 498 5143 ψομεν
527 5072 584 5126 δὲ
611 5073 710 5146 τὴν
728 5074 1005 5145 εὐφημίαν
1025 5075 1086 5127 οὐ
1121 5074 1275 5146 κοινῇ
1309 5076 1441 5129 πᾶσι
1482 5072 1631 5146 μίαν’
1675 5076 1908 5145 διάφορα

314 5163 435 5235 γὰρ
474 5164 659 5229 αὐτοῖς
706 5165 892 5220 θεόθεν
929 5164 1085 5238 ιδόθη
1134 5166 1472 5239 χαρίσματα,
1505 5167 1601 5221 καὶ
1633 5167 1793 5222 τοῦτο
1824 5170 1906 5224 δι-

317 5257 545 5310 Edwwa
582 5255 612 5309 ό
642 5257 914 5328 μακάριος
941 5257 1093 5327 ἔλεγε
1127 5258 1359 5322 Παῦλος
1397 5275 1418 5311 ι
1445 5252 1516 5331 ᾯ
1561 5259 1661 5330 μὲν
1694 5258 1783 5315 διὰ
1812 5261 1907 5315 τοῦ

318 5346 642 5417 Πνεῦματος
663 5348 871 5402 δέδοται
908 5348 1063 5418 λόγος
1090 5350 1301 5420 σοφίαςν
1340 5349 1487 5421 ἄλλῳ
1507 5349 1564 5405 δὲ
1586 5349 1742 5421 λόγος
1764 5350 1908 5422 γνώ-

319 5452 465 5499 σεως
514 5436 655 5490 κατά
673 5437 736 5491 τὺ
754 5437 887 5492 αὐτὸ
916 5438 1160 5509 Πνεῦμα*
1194 5439 1339 5511 ἄλλῳ
1374 5440 1433 5495 δὲ
1463 5442 1777 5514 χαρίσματα
1820 5444 1908 5497 ία-

322 5525 518 5598 μάτων
545 5528 604 5580 tv
634 5527 716 5598 τῷ
751 5527 901 5600 αύτῷ
938 5529 1242 5600 Πνεύματιο
1286 5532 1431 5605 ἂλλῳ
1469 5533 1528 5588 δὲ
1557 5534 1910 5607 ἐνεργήματα

318 5619 632 5690 δυνάμεων
662 5618 809 5692 ἄλλῳ
858 5621 916 5677 δὲ
938 5624 1264 5693 προφητείαυ
1305 5624 1452 5697 ἄλλῳ
1483 5625 1543 5680 δὲ
1571 5626 1704 5697 γένη
1728 5626 1910 5693 γλωσ-

321 5709 460 5776 σῶν,
518 5709 665 5782 ἄλλῳ
689 5711 747 5765 δὲ
776 5712 1043 5784 ἑρμηνεία
1061 5713 1339 5782 γλωσσῶν.
1385 5735 1406 5769 ι
1442 5718 1554 5773 Καὶ
1574 5717 1789 5783 δεικνὺς
1812 5718 1911 5794 τὴν

2022 5730 2155 5775 nera
2210 5718 2546 5791 linguarum,
2583 5716 2677 5773 alii
2730 5717 3116 5788 interpretatio
3148 5715 3461 5788 linguarum
3494 5724 3538 5767 ο.
3573 5731 3589 5766 ο
3678 5718 3687 5725 ‘

412 5899 439 5925 ε
475 5884 495 5943 ι
526 5885 653 5943 Cor.
704 5903 804 5953 xu,
838 5886 991 5944 840.

643 5980 908 6042 Pu'non.
949 5980 1065 6041 Gn.
1104 5978 1386 6043 LXXXII.

2016 4720 2180 4777 posse
2232 4708 2542 4761 orationem
2587 4706 2808 4761 illorum
2857 4707 3115 4761 virtutem
3166 4707 3432 4776 assequi:
3494 4706 3591 4762 sed

2016 4798 2449 4872 aggrediendum
2478 4806 2565 4854 est
2594 4804 2805 4853 tamen.
2839 4796 2953 4854 Nec
2976 4798 3124 4854 enim
3153 4812 3374 4869 aequum
3402 4797 3590 4863 fuerit,

2013 4893 2062 4948 si
2111 4891 2374 4961 quoniam
2416 4900 2605 4943 veram
2638 4887 3046 4959 philosophiam
3081 4874 3324 4960 perfecte
3363 4887 3592 4942 adama-

2012 4991 2168 5048 runt,
2197 4981 2324 5038 ideo
2355 4995 2460 5038 nec
2486 4982 2738 5037 minores
2767 4980 2959 5037 laudes
2989 4986 3427 5049 consequantur.
3453 4977 3596 5034 Scri-

2016 5076 2142 5131 bam
2169 5089 2303 5129 vero
2324 5072 2540 5128 laudem
2564 5086 2674 5129 non
2698 5087 2861 5128 unam
2892 5072 3262 5127 communiter
3288 5070 3546 5126 omnibus
3577 5089 3591 5125 :

2017 5168 2236 5223 diversa
2267 5166 2414 5221 enim
2446 5164 2595 5220 dona
2618 5164 2884 5220 divinitus
2919 5162 2999 5219 eis
3046 5162 3173 5218 data
3206 5173 3356 5229 sunt,
3398 5176 3595 5233 quem-

2016 5259 2317 5315 admodum
2346 5259 2554 5314 docens
2588 5256 2810 5314 dicehat
2851 5256 3051 5312 beatus
3101 5252 3355 5311 Paulus:
3416 5272 3436 5306 ι
3487 5253 3594 5308 Μἱί

2015 5353 2161 5408 enim
2202 5364 2302 5424 per
2362 5351 2630 5423 Spiritum
2678 5348 2846 5406 datur
2896 5363 3081 5406 sermo
3117 5347 3441 5420 sapientiai:
3493 5349 3597 5406 alii

2018 5450 2204 5497 autem
2253 5455 2440 5497 sermo
2487 5440 2737 5497 scientiae
2776 5440 3081 5497 secundum
3130 5436 3385 5495 eumdem
3417 5435 3597 5511 Spiri-

2017 5541 2134 5588 tum
2156 5551 2171 5589 :
2199 5533 2291 5589 alii
2318 5533 2467 5590 dona
2488 5533 2862 5600 curationum,
2883 5544 2984 5603 per
3004 5531 3256 5589 eumdem
3287 5529 3595 5604 Spiritum:

2020 5626 2115 5682 alii
2154 5625 2507 5697 operationes
2534 5625 2844 5681 virtutum:
2880 5612 2973 5679 alii
3009 5622 3346 5696 prophetia:
3380 5622 3475 5679 alii
3505 5636 3597 5694 ge-

3156 5954 3218 6009 ιι
