4030 6414
479 433 619 498 -1291

1465 427 1956 490 THEODORETI
2006 425 2348 489 EPISCOPI
2418 431 2782 493 CYRENSIS

3598 431 3736 497 1292

489 552 694 601 llorum
722 557 900 600 autem
920 543 1168 600 omnium
1190 540 1490 598 ostendens
1517 541 1749 607 fontem,
1773 540 2012 610 subjecit
2039 558 2052 594 :

2171 543 2362 598 τούτων
2393 546 2646 600 ἁπάντων
2681 544 2863 617 πηγὴν
2890 545 3155 617 ἐπήγαγε·
3187 565 3204 598 ι
3249 546 3435 601 Ταῦτα
3470 547 3526 600 δὲ
3556 546 3736 600 πάντα

491 660 509 691 ι
549 641 746 694 Omnia
769 650 949 694 autem
980 639 1095 693 hac
1129 646 1395 708 oaperatur
1426 652 1574 691 unus
1607 646 1662 690 et
1695 635 1838 689 idem
1881 633 2060 702 Spiri-

487 745 596 799 tus,
616 733 867 788 dividens
880 731 1132 802 privatim
1159 729 1393 796 singulis
1420 737 1581 795 prout
1604 726 1818 796 1106
1840 726 1954 778 vult
1975 722 2018 778 τ.
2035 743 2053 778 ι

487 824 757 891 Quoniam
790 838 920 894 ergo
958 823 1175 876 diversa
1209 830 1339 875 sunt
1383 821 1530 875 dona
1583 815 1892 882 consecuti,
1944 831 2054 871 me-

488 919 596 973 rito
629 924 939 986 separatam
989 913 1332 981 singulorum
1372 909 1755 966 narrationem
1800 907 2060 962 institue-

488 1022 647 1062 mus:
705 1021 813 1060 non
859 1018 1202 1073 quaecunque
1251 1002 1318 1056 ab
1369 1003 1450 1055 eis
1493 1009 1645 1071 gesta
1695 1004 1825 1054 sunt
1875 1011 2061 1066 perse-

482 1103 715 1168 quentes
769 1095 859 1165 (ad
895 1097 1011 1149 haec
1057 1095 1204 1149 enim
1249 1091 1544 1148 scribenda
1573 1105 1644 1145 ne
1669 1099 1784 1144 tota
1838 1087 2060 1156 quidem

483 1189 596 1244 vita
623 1187 950 1256 subiceret),
985 1185 1083 1242 sed
1133 1185 1229 1240 tibi
1281 1198 1458 1254 pauca
1505 1183 1575 1238 de
1619 1179 2062 1248 uniuscujusque

481 1282 594 1338 vita
652 1281 930 1350 rebusque
975 1278 1147 1349 gestis
1193 1275 1630 1340 narrat-erimus,
1668 1283 1720 1327 et
1757 1287 1824 1326 ex
1857 1269 2062 1341 .paucis

481 1373 655 1428 totius
695 1372 823 1426 vitae
859 1371 1090 1424 formam
1123 1368 1586 1430 indicaverimus,
1634 1363 1702 1418 ad
1735 1363 1901 1416 alium
1921 1376 2062 1431 pro-

484 1465 822 1533 grediemur.
884 1459 1074 1530 Neque
1109 1476 1239 1514 vero
1296 1467 1614 1513 sanctorum
1665 1455 1934 1517 omnium,
1968 1452 2062 1522 qui

483 1556 690 1626 ubique
747 1555 991 1624 gentium
1021 1553 1366 1616 claruerunt,
1397 1550 1524 1604 vita:
1579 1546 1866 1603 historiam
1924 1545 2064 1601 scri-

483 1647 616 1704 bere
645 1647 1010 1702 conabimur:
1040 1660 1141 1699 nec
1176 1645 1322 1698 enim
1351 1656 1544 1696 omnes
1577 1641 1670 1709 qui
1703 1639 1905 1708 ubique
1926 1636 2062 1692 clari

483 1739 639 1795 fuere
667 1741 946 1805 novimus,
979 1752 1084 1792 nec
1125 1736 1240 1791 ﬁeri
1269 1743 1464 1806 potest
1512 1741 1572 1788 ut
1599 1733 1666 1787 ab
1697 1747 1808 1786 uno
1867 1745 2062 1786 omnes

482 1832 892 1888 describantur.
950 1829 1151 1884 Eorum
1188 1842 1320 1898 ergo
1365 1825 1546 1882 solum
1602 1825 1771 1877 vitam
1817 1821 2064 1878 conscri-

482 1925 633 1990 bam,
671 1924 764 1992 qui
809 1921 1079 1976 luminum
1115 1921 1290 1974 instar
1321 1919 1374 1972 in
1414 1917 1634 1971 Oriente
1683 1915 1972 1977 fulserunt,
2008 1921 2062 1968 et

484 2017 627 2072 ﬁnes
688 2015 839 2069 orbis
873 2023 1145 2069 terrarum
1196 2009 1370 2066 radiis
1397 2009 1516 2064 suis
1562 2006 1870 2076 complexi‘
1911 2013 2059 2060 sunt.

483 2105 772 2161 Narraudo
802 2112 984 2160 autem
1015 2103 1273 2174 procedet
1308 2101 1511 2162 oratio,
1545 2113 1654 2152 non
1683 2097 2063 2152 encomiorum

435 2179 444 2186 ’
483 2199 696 2268 legibus
728 2205 913 2262 utens,
955 2196 1051 2250 sed
1088 2208 1262 2265 pauca
1294 2200 1508 2247 tantum
1546 2190 1807 2260 quaedam
1853 2186 2065 2258 simpli-

482 2291 626 2345 citer
652 2303 955 2360 exponens.
989 2285 1143 2357 Rogo
1175 2295 1357 2339 autem
1393 2297 1490 2339 eos
1538 2282 1631 2352 Qui
1659 2284 1713 2335 in
1749 2281 1895 2334 hanc
1933 2278 2063 2334 reli-

483 2383 696 2453 giosam
721 2380 1038 2442 Historiam,
1069 2393 1164 2434 seu
1193 2375 1488 2432 asceticam
1519 2372 1740 2428 vivendi
1797 2371 2064 2426 rationem

483 2473 784 2528 inciderint
813 2470 1073 2542 (appellet
1103 2469 1248 2523 enim
1281 2469 1519 2538 quisque
1552 2465 1658 2519 hoc
1694 2477 1836 2534 opus
1866 2472 1925 2516 ut
1969 2475 2069 2515 νοο-

483 2563 602 2633 let),
633 2577 702 2617 ne
738 2561 811 2616 iis
842 2575 963 2630 qua:
993 2559 1261 2613 dicuntur
1310 2558 1493 2614 minus
1552 2558 1804 2620 credant,
1834 2555 1878 2608 si
1934 2552 2067 2623 quid

484 2655 716 2710 audiant
745 2653 894 2724 quod
937 2653 1185 2722 ipsorum
1220 2650 1375 2706 vires
1414 2649 1684 2704 excedat:
1735 2661 1913 2716 neque
1945 2646 2068 2701 illo-

483 2759 607 2800 rum
638 2745 900 2797 virtutem
923 2757 988 2796 ex
1020 2740 1222 2810 seipsis
1249 2741 1570 2804 metiantur,
1603 2739 1699 2793 sed
1721 2739 2067 2806 exploratum

485 2831 726 2886 habeant
760 2830 951 2885 .solere
997 2828 1167 2883 Deum
1213 2828 1433 2884 caelitus
1484 2844 1549 2884 ex
1596 2828 1811 2897 piorum
1871 2828 2069 2882 animis

487 2923 670 2977 sancti
703 2920 946 2992 Spiritus
971 2919 1117 2975 dona
1157 2920 1364 2984 metiri,
1396 2927 1450 2975 et
1482 2918 1692 2990 majora
1731 2918 1916 2988 largiri
1947 2934 2070 2989 per-

486 3013 830 3069 tectioribus.
866 3011 992 3067 Haec
1015 3020 1198 3066 autem
1228 3010 1337 3066 illis
1369 3025 1401 3064 a
1433 3026 1519 3065 me
1540 3010 1687 3065 dicta
1719 3009 1856 3073 sint,
1887 3009 1981 3079 qui
2015 3009 2069 3062 in

486 3121 672 3161 rerum
698 3105 1013 3160 divinarum
1046 3103 1327 3174 mysteriis
1355 3117 1462 3157 non
1485 3102 1627 3158 satis
1652 3110 1912 3156 accurate
1938 3108 2071 3156 sunt

2159 637 2374 706 ἐνεργεῖ
2395 639 2456 690 τὸ
2484 637 2542 691 ἒν
2571 638 2745 692 καὶτὸ
2771 639 2901 691 αὐτὸ
2929 637 3172 708 Πνεῦμα,
3201 637 3444 710 διαιροῦν
3476 639 3580 710 ἰδίᾳ
3607 639 3739 692 ἑκά·

2161 743 2271 798 στῳ
2291 726 2474 790 καθὼς
2508 727 2776 798 βούλεται.
2819 746 2838 780 ι
2877 727 3095 799 Ἐπειδὴ
3133 729 3316 782 τοίνυν
3353 728 3623 799 διαφόρων
3651 745 3741 781 τε-

2160 818 2432 887 τυχήκασι
2457 818 2697 890 δωρεῶν,
2731 820 2956 884 εἰκότως
2991 821 3097 892 ἰδίᾳ
3131 822 3364 874 ἑκάστου
3400 819 3742 890 ποιησόμεθα

2159 909 2221 961 τὸ
2246 908 2506 982 διήγημα·
2531 913 2630 981 οὐχ
2655 911 2873 965 ἅπαντα
2891 911 3174 977 διεξιόντες
3189 913 3259 967 τὰ
3282 912 3737 982 πεπολιτευμένα·

2160 1005 2242 1066 είς
2277 1003 2388 1076 γὰρ
2417 1003 2516 1074 τὴν
2561 1004 2816 1075 τοιαύτην
2865 1007 3185 1078 συγγραφὴν
3237 1007 3359 1059 οὐδὲ
3411 1005 3556 1071 ἄπας
3598 1006 3665 1058 ἂν
3715 1006 3744 1056 6

2163 1094 2278 1166 βίος
2317 1095 2621 1166 ἀρκέσειεν·
2652 1096 2767 1149 ἀλλ’
2801 1096 2957 1164 ὀλίγα
2989 1097 3098 1148 τῶν
3138 1095 3354 1165 ἑκάστῳ
3394 1094 3744 1165 βεϐιωμένων

2159 1187 2194 1258 ἢ
2224 1186 2630 1258 πεπραγμένων
2661 1187 3072 1257 διηγησάμενοι,
3111 1186 3206 1240 καὶ
3250 1186 3338 1239 διά
3385 1185 3492 1238 τῶν
3548 1185 3745 1253 ὀλίγων

2161 1279 2256 1333 τοῦ
2289 1279 2491 1342 παντὸς
2527 1277 2642 1348 βίον
2668 1278 2760 1330 τὸν
2791 1278 3116 1348 χαρακτῆρα
3162 1274 3604 1347 παραδείξαντες,
3656 1276 3743 1342 ἐφ’

2161 1370 2347 1440 ἓτερον
2378 1367 2731 1438 βαδιούμεθα.
2759 1369 2842 1420 -Οὐ
2895 1367 3112 1421 πάντων
3160 1367 3218 1420 δὲ
3269 1366 3378 1419 τῶν
3430 1363 3742 1434 ἁπανταχςῦ

2161 1461 2574 1534 διαπρεψάντων
2599 1460 2768 1529 ἁγίων
2804 1459 2902 1531 τὴν
2931 1459 3204 1514 πολιτείαν
3234 1457 3445 1530 ἱστορίᾳ
3474 1456 3746 1527 παραδοῦ-

2162 1571 2251 1609 ναι
2290 1551 2689 1623 πειρασόμεθαι
2739 1549 2863 1603 οὔτε
2913 1548 3024 1621 γὰρ
3076 1549 3234 1619 ῐσμεν
3284 1549 3411 1610 τοὺς
3465 1563 3745 1618 πανταχου

2163 1645 2596 1715 διαλάμψαντας,
2631 1641 2754 1695 οὔτε
2781 1641 3008 1695 δυνατὸν
3051 1642 3298 1704 ἅπαντας
3331 1640 3423 1710 ὐφ’
3461 1639 3581 1702 ἑνὸς
3612 1656 3745 1707 συγ-ο

2161 1738 2464 1810 γραφῆναι.
2493 1735 2685 1790 Μόνων
2711 1734 2888 1789 τοίνυν
2916 1734 3024 1787 τῶν
3055 1735 3195 1787 κατὰ
3219 1734 3318 1804 τὴν
3340 1733 3413 1786 ἑω
3442 1734 3748 1802 φωστήρων

2164 1830 2320 1898 δίκην
2348 1826 2755 1896 ἀναφανέντων,
2798 1825 2896 1879 καὶ
2935 1829 3053 1888 ταῖς
3088 1825 3269 1879 ἀκτῖσι
3312 1825 3382 1877 τὰ
3427 1825 3525 1894 τῆς
3562 1825 3750 1877 οἰκου-

2169 1924 2338 1993 μένης
2385 1921 2634 1991 τέρματα
2663 1919 3091 1989 κατειληφότων,
3131 1917 3433 1988 ἀναγράψω
3475 1917 3566 1970 τδν
3612 1916 3747 1987 βίον.

2179 2012 2642 2085 Ἀφηγηματικῶς
2683 2011 2741 2064 δὲ
2777 2012 2806 2064 6
2836 2011 2994 2080 λόγος
3045 2011 3401 2082 προϐήσεται,
3455 2010 3514 2062 οὐ
3560 2009 3752 2077 νόμοις

2165 2104 2457 2174 ἐγκωμίων
2511 2101 2815 2174 χρώμενος,
2860 2102 2976 2156 ἀλλ’
3035 2101 3230 2170 ὀλίγων
3274 2100 3441 2154 τινῶν
3504 2100 3752 2171 ἀτεχνῶς

2158 2195 2487 2266 ποιούμενος
2518 2197 2618 2265 τὴν
2655 2196 2929 2266 διήγησιν.
2980 2193 3225 2258 ualeat
3273 2194 3398 2256 τοὺς
3430 2192 3755 2262 ἐντευξομέο

2165 2304 2290 2350 νους
2314 2287 2441 2358 τῇδε
2472 2288 2538 2357 τῇ
2572 2284 2806 2356 φιλοθέῳ
2833 2285 3071 2355 ἱστορίᾳ,
3113 2284 3145 2354 ἢ
3180 2284 3452 2355 ἀσκητικῇ
3480 2282 3746 2352 πολιτεία⁸

2163 2379 2241 2443 ὡς
2267 2379 2375 2448 γὰρ
2425 2377 2675 2447 βούλεταί
2715 2393 2812 2438 τις
2859 2375 3092 2430 καλείτω
3133 2375 3195 2428 τὸ
3251 2375 3609 2447 σύγγραμμα·
3676 2374 3753 2444 μὴ

2169 2473 2419 2525 ἀπιστεῖν
2478 2472 2593 2532 τοῖς
2640 2469 2975 2539 λεγομένοις,
3019 2467 3074 2520 εἴ
3115 2485 3169 2521 τι
3213 2468 3353 2538 ὑπὲρ
3397 2467 3496 2539 τὴν
3541 2467 3753 2522 ἑαυτῶν

2166 2563 2418 2617 ἀκούοιεν
2447 2562 2698 2633 δύναμιν,
2755 2562 2889 2633 μηδὲ
2947 2561 3129 2629 σφίσιν
3159 2562 3342 2626 αὐτοῖς
3389 2562 3488 2630 τὴν
3527 2560 3752 2614 ἐκείνων

2161 2658 2390 2727 μετρεῖν
2429 2656 2651 2727 ἀρετήν’
2701 2653 2816 2707 ἀλλ’
2859 2654 3054 2707 ειδέναι
3103 2652 3312 2722 σαφῶς,
3362 2653 3436 2718 ὡς
3473 2655 3594 2716 ταῖς
3643 2652 3753 2706 τῶν

2171 2745 2412 2800 εὐσεϐῶν
2443 2744 2690 2814 γνώμαις
2719 2745 2938 2814 μετρεῖν
2976 2742 3167 2811 εἴωθεν
3207 2745 3236 2796 6
3267 2742 3400 2806 Θεδς
3459 2741 3553 2795 τοῦ
3595 2741 3752 2809 ἁγίου

2170 2837 2487 2907 Πνεύματος
2515 2835 2585 2888 τὰ
2604 2834 2940 2906 χαρίσματα,
2975 2835 3070 2888 καὶ
3108 2835 3224 2896 ταῖς
3270 2833 3634 2903 τελειοτέραις
3685 2833 3757 2885 τὰ

2174 2920 2401 2991 μείζονα
2448 2921 2653 2975 δίδωσι.
2708 2919 2893 2974 Ταῦτα
2921 2919 2978 2974 δέ
3015 2938 3104 2991 μοι
3153 2920 3291 2987 πρὸς
3346 2922 3473 2984 τούς
3519 2921 3580 2974 οὐ
3633 2920 3756 2974 λίαν

2171 3014 2416 3087 ἀκριϐῶς
2442 3013 2512 3068 τὰ
2547 3012 2669 3066 θεῖα
2703 3013 3090 3083 μεμυημένους
3120 3011 3379 3082 εἰρήσθω.
3408 3013 3471 3064 Οἱ
3509 3011 3618 3084 γὰρ
3655 3011 3758 3081 μύ-

2176 3125 2296 3161 σται
2323 3107 2433 3160 τῶν
2475 3105 2684 3158 ἀδύτων
2712 3105 2806 3158 τοῦ
2839 3105 3162 3174 »Πνεύματος
3227 3104 3373 3158 ἴσασι
3417 3105 3515 3166 τὰς
3549 3103 3756 3172 φιλοτι-

485 3199 711 3254 initiati.
745 3197 933 3268 Mystae
959 3196 1107 3251 enim
1134 3193 1406 3250 aditorum
1432 3195 1675 3265 Spiritus
1706 3192 2067 3264 magniﬁcen-

2177 3201 2304 3270 μίας
2331 3200 2427 3253 τοῦ
2478 3198 2816 3269 Πνεύματος,
2858 3199 2954 3252 καὶ
3002 3193 3089 3251 οἷα
3129 3197 3199 3250 δι’
3229 3197 3532 3268 ἀνθριπων
3567 3198 3626 3251 ἐν
3659 3197 3757 3250 ἀνο

486 3289 623 3342 tiam
655 3287 776 3357 ejus
808 3294 1039 3350 norunt,
1069 3292 1124 3339 et
1154 3291 1360 3354 quanta
1385 3299 1482 3351 per
1513 3283 1768 3338 homines
1795 3284 1850 3337 in
1886 3282 2068 3337 homi-

489 3379 655 3435 nibus
687 3376 963 3431 miracula
997 3373 1187 3440 faciat,
1217 3383 1278 3428 ut
1309 3374 1631 3429 incredulos
1649 3375 1726 3429 ad
1755 3375 1850 3430 Dei
1876 3373 2068 3446 cogni-

489 3470 697 3524 tionem
729 3466 990 3520 adducat.
1033 3463 1137 3529 Qui
1177 3471 1359 3518 autem
1396 3463 1465 3520 iis
1495 3479 1616 3534 quae
1648 3480 1677 3519 a
1710 3479 1797 3519 me
1834 3465 2067 3521 dicenda

489 3567 622 3616 sunt
654 3556 967 3613 crediturus
1007 3570 1116 3609 non
1166 3565 1270 3618 est,
1311 3554 1482 3624 liquet
1521 3571 1644 3610 eum
1682 3571 1758 3610 ne
1791 3555 1884 3609 illa
1938 3555 2066 3626 qui-

488 3652 613 3707 dem
647 3663 772 3705 vera
802 3647 1165 3719 crediturum,
1195 3662 1316 3718 quae
1355 3663 1450 3717 per
1495 3646 1724 3715 Mosem,
1759 3657 1814 3704 et
1852 3646 2064 3713 Jesum,

487 3750 542 3798 et
577 3741 768 3804 Eliam,
811 3747 865 3794 et
899 3737 1153 3794 Eliszeum
1185 3749 1338 3810 gesta
1395 3739 1608 3810 1107
1662 3751 1816 3807 sunt,
1875 3750 1931 3795 et
1958 3755 2065 3811 pro

489 3833 693 3888 fabulis
733 3831 938 3885 habere
977 3829 1268 3896 miracula,
1306 3844 1428 3901 quae
1463 3845 1494 3884 a
1547 3832 1758 3887 sanctis
1799 3832 2069 3902 apostolis

489 3932 702 3995 patrata
732 3929 883 3976 sunt.
919 3919 1076 3987 Quod
1117 3922 1164 3976 si
1197 3936 1330 3976 vera
1356 3921 1450 3976 illa
1490 3936 1617 3978 esse
1652 3930 1912 3989 testatur,
1953 3923 2069 3979 haec

491 4028 712 4084 quoque
744 4029 774 4066 a
816 4011 956 4067 l‘also
1012 4013 1194 4067 aliena
1241 4028 1364 4068 esse
1395 4012 1606 4068 credat.
1647 4013 1781 4080 Quae
1808 4016 1959 4070 enim
2012 4015 2070 4070 in

493 4109 604 4162 illis
634 4114 861 4176 operata
884 4113 979 4161 est
1021 4105 1220 4175 gratia,
1255 4105 1446 4160 eadem
1480 4121 1578 4176 per
1626 4105 1729 4162 hos
1753 4121 1976 4177 quoque
2010 4113 2072 4160 ut

495 4201 690 4253 tierent
729 4195 935 4251 eﬂ‘ecit.
970 4195 1239 4251 Pcrennis
1275 4203 1459 4252 autem
1495 4197 1693 4267 gratia,
1723 4213 1818 4252 eos
1849 4197 1943 4268 qui
1981 4197 2070 4252 di-

492 4291 585 4362 gni
616 4297 750 4344 sunt
776 4289 1130 4358 eligens,per
1161 4291 1262 4344 hos
1287 4290 1462 4344 veluti
1495 4305 1590 4359 per
1613 4291 1874 4346 salientes
1903 4304 2074 4359 quos.

495 4388 618 4437 dam
649 4381 883 4437 eﬂ'undit
910 4383 1115 4437 ﬂuenta
1148 4383 1489 4453 operationis
1524 4399 1657 4438 suae.
1696 4383 1773 4436 Ex
1809 4384 1878 4438 iis
1910 4397 2074 4452 porro

493 4489 615 4544 quae
649 4472 884 4527 dicenda
923 4481 1076 4540 sunt,
1126 4473 1310 4543 aliqua
1342 4475 1459 4543 ipse
1518 4473 1670 4528 vidi:
1716 4490 1839 4543 quae
1889 4483 2070 4529 autem

2174 3290 2411 3358 θρώποις
2445 3289 2870 3360 θαυματουργεῖ,
2893 3290 2958 3360 τῇ
2985 3289 3093 3341 τῶν
3117 3289 3356 3358 τεράτων
3388 3287 3760 3357 μεγαλουργίᾳ.

2172 3382 2301 3445 τούς
2330 3382 2594 3445 ἀπίστους
2647 3382 2726 3445 είς
2781 3379 3112 3449 θεογνωσίαν
3169 3378 3550 3450 ἐφελκόμενον.
3597 3380 3654 3432 '0
3701 3380 3759 3432 δὲ

2173 3477 2284 3537 τοῖς
2304 3474 2433 3545 παρ’
2466 3471 2621 3542 ἡμῶν
2649 3469 3036 3542 ῥηθησομένων
3066 3469 3404 3538 ἀπιστήσων,
3427 3467 3648 3538 εὔδηλον
3682 3469 3759 3530 ὡς

2174 3559 2294 3613 οὐδὲ
2325 3560 2441 3622 τοῖς
2469 3557 2558 3610 διὰ
2588 3557 2854 3623 Μωσέως,
2887 3556 2984 3609 καὶ
3029 3554 3230 3626 Ἰησοῦ,
3281 3556 3376 3609 καὶ
3421 3557 3598 3619 Ἠλία,
3661 3557 3759 3609 καὶ

2187 3649 2492 3705 Ἐλισσαίου
2520 3649 2908 3720 γεγενημένοις
2936 3647 3011 3711 ὡς
3031 3646 3258 3718 ἀληθέσι
3290 3646 3622 3711 πιστεύσειε,
3658 3647 3758 3718 μῦ·

2176 3741 2267 3795 θον
2321 3740 2377 3794 δὲ
2409 3741 2626 3810 ἡγεῖται
2680 3739 2774 3792 καὶ
2820 3738 2919 3802 τὰς
2949 3737 3040 3792 διὰ
3087 3737 3198 3790 τῶν
3245 3737 3404 3809 ιερῶν
3445 3738 3752 3791 ἀποστόλων

2175 3831 2544 3903 γεγενημένας
2566 3829 3026 3901 θανματουργίας.
3055 3829 3119 3882 El
3150 3829 3210 3883 δὲ
3243 3830 3470 3892 ἐκείνοις
3499 3830 3758 3902 ἀλήθειαν

2180 3925 2465 3996 μαρτυρεῖ,
2507 3922 2741 3994 ψεύδους
2801 3922 3063 3994 ἑλεύθερα
3116 3920 3259 3977 εἶναι
3303 3924 3607 3977 πιστευέτω
3661 3922 3760 3978 καὶ

2175 4015 2374 4069 ταῦτα.
2415 4015 2483 4068 Ἦ
2513 4013 2624 4086 γὰρ
2645 4015 2705 4068 ἑν
2732 4013 2962 4077 ἐκείνοις
2990 4013 3336 4084 ἑνεργήσασα
3373 4013 3559 4084 χάρις,
3615 4013 3758 4082 αὕτη
3797 4064 3803 4070 .

2177 4106 2381 4160 καὶδιά
2409 4105 2616 4160 τούτων
2651 4104 3009 4176 ἑνεργηκέναι
3044 4106 3362 4176 πεποίηκεν.
3423 4104 3676 4168 Ἀένναος
3703 4106 3761 4158 δὲ

2177 4199 2213 4270 ἡ
2242 4198 2422 4268 χάρις,
2450 4198 2548 4252 καὶ
2585 4198 2712 4261 τοὺς
2732 4196 2916 4261 ἀξίους
2951 4196 3308 4267 ἑκλεγομένη,
3345 4191 3457 4250 οἷον
3481 4197 3570 4250 διά
3597 4215 3760 4250 τινων

2179 4289 2423 4360 κρουνῶν
2453 4289 2750 4352 ἀναϐλύζει
2791 4288 2879 4343 διά
2939 4287 3142 4342 τούτων
3174 4289 3271 4358 τῆς
3315 4287 3635 4358 εὐεργεσίας
3691 4289 3760 4340 τὰ
3805 4290 3810 4294 ”

2179 4383 2418 4453 νάματα.
2453 4382 2574 4435 Τῶν
2601 4383 2660 4436 δὲ
2697 4381 3116 4453 λεχθησομένων
3155 4379 3312 4433 ἐνίων
3346 4381 3443 4450 μὲν
3481 4381 3763 4449 αὐτόπτης

2181 4475 2443 4544 ἑγενόμην
2468 4471 2598 4541 ἑγώο
2631 4473 2729 4525 ὅσα
2762 4472 2819 4525 δὲ
2858 4471 2931 4542 μὴ
2977 4471 3265 4541 τεθέαμαι,
3301 4470 3451 4542 παρὰ
3475 4471 3585 4523 τῶν
3616 4472 3761 4522 ἐκεί-

494 4580 605 4618 non
641 4563 775 4626 vidi,
807 4562 877 4618 ab
913 4564 982 4618 iis
1011 4562 1202 4618 audivi
1235 4566 1329 4634 qui
1361 4565 1637 4626 viderant.
1672 4565 1812 4621 viris
1850 4566 2067 4623 virtutis

2178 4583 2301 4629 νους
2333 4563 2675 4634 τεθεαμένων
2724 4564 2960 4633 ἀκήκοα,
2990 4562 3199 4633 ἀνδρῶν
3237 4563 3434 4632 ἀρετῆς
3487 4562 3757 4632 ἐραστῶν,

495 4653 829 4718 amantibus,
869 4651 1164 4723 dignisque
1205 4653 1417 4708 habitis
1449 4653 1544 4723 qui
1581 4655 1709 4709 illos
1742 4654 1992 4710 viderent
2021 4668 2073 4713 et

494 4757 687 4797 eorum
715 4742 967 4796 doctrina
998 4740 1340 4798 fruerentur.
1361 4741 1493 4798 Fide
1519 4752 1704 4800 autem
1733 4745 1883 4814 digni
1915 4762 2075 4802 evan-

493 4833 681 4905 gelicae
718 4833 986 4888 doctrinae
1037 4835 1340 4904 scriptores
1380 4845 1532 4902 sunt,
1574 4851 1686 4892 non
1734 4839 1913 4892 solum
1946 4837 2077 4892 Mat-

497 4927 672 4980 thaeus
692 4935 746 4979 et
769 4922 1034 4988 Joannes,
1062 4925 1224 4994 primi
1275 4934 1331 4982 et
1360 4929 1542 4997 magni
1571 4929 1941 5000 evangelista,
1977 4930 2074 5000 qui

494 5016 716 5073 Domini
750 5015 939 5072 videre
970 5016 1237 5071 miracula
1264 5035 1276 5071 :
1313 5017 1409 5074 sed
1439 5019 1605 5074 etiam
1635 5018 1816 5077 Lucas
1843 5030 1898 5077 et
1929 5021 2073 5076 Maro

494 5121 616 5174 cus,
643 5120 788 5176 quos
829 5106 869 5161 ii
892 5107 990 5176 qui
1018 5107 1088 5162 ab
1123 5107 1281 5163 initio
1329 5109 1607 5174 viderant,
1633 5118 1690 5164 et
1725 5112 1878 5166 verbi
1910 5111 2077 5166 mini-

496 5198 601 5253 stri
629 5197 866 5265 fuerant,
898 5213 1010 5254 non
1043 5213 1108 5253 ea
1139 5199 1301 5255 modo
1322 5217 1446 5274 quae
1471 5216 1670 5272 passus
1699 5211 1805 5267 est,
1854 5211 1907 5258 et
1951 5218 2075 5272 qua

497 5289 629 5347 fecit
664 5289 952 5356 Dominus,
987 5290 1082 5346 sed
1134 5306 1199 5346 ea
1231 5293 1398 5348 etiam
1449 5307 1572 5364 quae
1599 5292 1822 5348 assidue
1861 5293 2075 5361 docuit,

497 5387 754 5435 accurate
787 5380 1114 5436 docuerunt.
1170 5381 1304 5438 Nam
1355 5392 1413 5440 et
1465 5385 1664 5440 beatus
1706 5386 1824 5454 ipse
1873 5386 2075 5456 Lucas,

495 5467 604 5548 qui.
630 5479 909 5539 spectator
940 5488 1050 5532 non
1113 5473 1311 5543 fuerat,
1347 5476 1405 5531 in
1457 5477 1732 5546 principio
1767 5479 1953 5546 operis
1986 5480 2077 5537 sui

497 5549 635 5611 dicit
672 5572 732 5613 se
757 5574 820 5614 ea
842 5575 1088 5623 narrare.
1120 5562 1190 5617 de
1211 5563 1416 5634 quibus
1449 5567 1465 5585 '
1497 5565 1704 5620 certior
1734 5565 1918 5622 factus
1962 5569 2072 5624 sit:

498 5655 551 5700 et
581 5661 706 5714 nos,
749 5647 879 5706 licet
923 5653 1215 5709 audiamus
1245 5669 1370 5709 eum
1403 5655 1496 5710 illa
1559 5671 1671 5711 non
1715 5655 1923 5714 vidisse
1952 5675 2076 5731 quae

501 5747 711 5802 narrat,
742 5739 839 5795 sed
867 5740 1008 5798 hanc
1035 5744 1342 5802 doctrinam
1374 5746 1444 5802 ab
1476 5747 1600 5805 aliis
1627 5751 1927 5820 accepisse,
1959 5767 2070 5810 non

578 5855 595 5895 ί
631 5856 647 5908 l
679 5856 806 5912 Cor.
843 5873 937 5931 xu,
970 5857 1062 5916 Η.

2175 4657 2271 4712 καὶ
2300 4656 2399 4726 τῆς
2449 4654 2674 4708 ἐκείνων
2726 4653 2854 4717 θέας
2895 4654 2989 4707 καὶ
3031 4652 3380 4716 διδασκαλίας
3413 4650 3757 4722 ἠξιωμένων·

2175 4748 2474 4819 ἀξιόχρεως
2497 4746 2556 4800 δὲ
2584 4745 2680 4800 καὶ
2729 4745 2825 4816 τὴν
2856 4745 3220 4815 εὐαγγελικὴν
3255 4745 3582 4814 συγγράφων
3611 4744 3763 4797 διδα-

2177 4839 2404 4895 σκαλίαν
2436 4839 2498 4892 οὐ
2541 4839 2699 4909 μόνον
2732 4837 3011 4900 Ματθαίος
3043 4838 3138 4890 καὶ
3170 4836 3447 4907 Ἰωάννης,
3473 4838 3522 4888 οἱ
3549 4835 3762 4906 πρῶτοι

2176 4929 2272 4982 καὶ
2305 4927 2529 4998 μεγάλοι
2585 4927 2693 4982 τῶν
2726 4926 3150 4995 εὐαγγελιστῶν,
3194 4927 3242 4978 οἱ
3271 4926 3379 4978 τῶν
3412 4927 3764 4980 Δεσποτικῶν

2183 5019 2474 5088 θαυμάτων
2497 5019 2781 5072 αὐτόπται·
2823 5017 2957 5070 ἁλλά
2987 5018 3083 5071 καὶ
3114 5018 3352 5081 Λουκᾶς,
3387 5017 3481 5070 καὶ
3509 5016 3760 5087 Μάρκος,

2183 5108 2278 5173 οὓς
2305 5111 2352 5163 οἱ
2379 5109 2439 5174 ἑξ
2471 5109 2645 5180 ἀρχῆς
2672 5108 2960 5174 αὐτόπται,
2999 5108 3093 5161 καὶ
3136 5108 3408 5177 ὑπηρέται
3429 5105 3524 5161 τοῦ
3574 5106 3759 5174 λόγου,

2180 5202 2242 5255 οὐ
2267 5201 2427 5270 μόνον
2461 5200 2497 5254 ἃ.
2544 5200 2780 5254 πέπονθέ
2832 5216 2892 5253 τε
2941 5199 3037 5252 καὶ
3082 5198 3338 5270 δέδρακεν
3381 5201 3409 5252 6
3459 5199 3760 5266 Δεσπότης,

2183 5292 2318 5347 ἀλλά
2350 5294 2442 5347 καὶ
2462 5291 2499 5346 ά
2526 5292 2794 5347 διδάσκων
2824 5291 3144 5356 διετέλεσεν,
3171 5289 3415 5362 ἀκριϐῶς
3444 5288 3765 5356 ἐξεπαίδευ-

2184 5401 2302 5440 σαν.
2331 5385 2442 5438 Καὶ
2482 5384 2558 5456 μὴ
2584 5384 2948 5454 γεγενημένος
2977 5382 3085 5452 γάρ
3113 5381 3386 5451 αὐτόπτης
3413 5380 3442 5432 6
3492 5379 3766 5450 μακάριος

2182 5478 2418 5542 Λουκᾶς,
2446 5478 2544 5548 τῆς
2586 5477 2911 5547 συγγραφῆς
2960 5473 3267 5547 ἀρξάμενος
3317 5474 3448 5543 περὶ
3485 5471 3764 5542 πεπληροο

2183 5589 2323 5644 φορη
2333 5572 2510 5642 μένων
2543 5573 2886 5642 πραγμάτων
2905 5572 3173 5626 ποιεῖσθαί
3202 5588 3335 5642 φησι
3362 5572 3459 5640 τὴν
3485 5569 3760 5640 διήγησιν·

2182 5665 2280 5722 καὶ
2316 5666 2488 5736 ,ἡμεῖς
2515 5665 2594 5730 δὲ,
2625 5665 2913 5731 ἀκούοντες
2968 5667 3050 5721 ὅτι
3085 5665 3186 5719 οὐκ
3243 5664 3522 5733 αὐτόπτης
3547 5662 3765 5732 ἐγένετο

2182 5758 2390 5814 τούτων
2411 5759 2591 5814 αὐτῶν
2618 5759 2992 5830 διηγημάτων,
3026 5757 3158 5812 ἀλλὰ
3187 5757 3317 5828 παρ’
3346 5755 3521 5811 ἄλλων
3553 5753 3763 5826 ταύτην

2713 5933 2965 5988 .rtl'i.
