4030 6418
344 442 490 513 1293

1554 431 1973 505 ΒΕΙᾸῦΙΟΞᾹ
2009 428 2394 496 HISTORIA.

3468 435 3610 502 1294

347 563 449 635 τὴν
474 561 823 617 διδασκαλίαν
864 560 1195 633 παρέλαϐεν,
1239 560 1392 614 οὐδὲν
1439 556 1603 634 ἦττον
1658 560 1805 631 αύτῷ
1836 550 1922 614 κοιὶ

2030 548 2213 604 minus
2259 550 2340 604 illi
2371 562 2424 605 et
2469 548 2650 605 Marco
2708 549 3009 619 credimus,
3049 564 3216 624 quam
3264 551 3518 611 Mattbaeo
3551 560 3610 610 et

347 656 566 727 Μάρκῳ
590 654 950 726 προσέχομεν,
1046 653 1308 727 Ματθαίῳ
1333 653 1429 709 καὶ
1470 653 1710 726 Ἰωάννῃ.
1758 654 1928 721 Ἀξιόι

348 765 528 818 χρεως
579 747 688 816 γάρ
716 736 975 818 ἑκάτερος
1006 744 1383 817 διηγούμενος,
1417 746 1513 801 am
1551 747 1615 817 δὴ
1648 747 1798 818 παρὰ
1820 745 1929 800 τῶν

346 838 701 908 τεθεαμένων
753 834 1159 909 δεδιδαγμένος.
1211 833 1505 909 Τοιγάρτοι
1552 837 1648 891 καὶ
1676 839 1839 908 ἡμεῖς
1860 837 1931 892 τά

352 929 456 1002 μὲν
484 924 718 1001 ἐροῦμεν
745 924 820 994 ὦς
849 930 1136 995 αὐτόπται,
1182 929 1253 985 τὰ
1276 930 1334 983 δὲ
1361 933 1474 993 τοῖς
1515 930 1811 994 αὐτόπταις
1846 929 1928 982 δι-

345 1022 722 1092 ηγησαμένοις
774 1021 1225 1086 πεπιστευκότες,
1289 1020 1515 1091 ἀνδράσι
1560 1020 1652 1074 τὸν
1705 1019 1928 1075 ἐκείνων

350 1110 468 1181 βίον
496 1109 816 1181 ἐζηλωκόσι.
849 1110 1104 1174 Πλείονας
1132 1110 1189 1164 δέ
1217 1112 1347 1182 περὶ
1364 1111 1556 1164 τούτου
1580 1106 1929 1181 δεδαπάνηκα

345 1201 562 1271 λόγους,
589 1200 774 1256 πεῖσαι
797 1202 1116 1272 βουλόμενος
1142 1203 1218 1267 ὡς
1244 1202 1419 1273 ἀληθῆ
1439 1202 1931 1274 διηγήσομαι.“Δρ-ι

349 1292 514 1364 ξομαι
543 1293 601 1346 δὲ
631 1293 732 1363 τῆς
779 1293 1086 1365 διηγήσεως
1115 1294 1267 1347 ἔνθεν
1295 1293 1453 1348 ἐλῶν.

868 1383 948 1435 Α’.
982 1411 1053 1422 --
1083 1380 1398 1435 ΙΑΚΩΒΟΣ.

324 1464 332 1499 τ
417 1468 661 1543 Μωῦσῆς
687 1474 715 1526 ὁ
757 1472 898 1536 θεῖος
929 1474 957 1527 ὁ
1000 1472 1316 1543 νομοθέτης,
1348 1470 1376 1526 δ
1401 1472 1501 1544 τῆς
1538 1471 1807 1545 θαλάττης
1835 1474 1927 1527 τὸν

343 1561 599 1633 πυθμένα
645 1560 960 1632 γυμνώσας,
1014 1559 1112 1615 καὶ
1138 1560 1238 1632 τὴν
1271 1560 1498 1632 ἄνυδρον
1532 1559 1736 1632 ἔρημον
1772 1559 1925 1614 ὕδασι

343 1652 714 1719 κατακλύσας,
759 1653 851 1707 καὶ
894 1652 962 1707 τὰ
994 1652 1131 1707 ἄλλα
1182 1654 1360 1707 πάντα
1408 1649 1924 1727 ’θαυματουργῆσας,

341 1744 456 1802 τῶν
485 1746 655 1801 πάλαι
705 1746 1086 1817 γεγενημένων
1123 1745 1293 1814 ἁγίων
1339 1745 1439 1817 τὴν
1486 1745 1761 1799 πολιτείαν
1803 1763 1928 1800 συν-

346 1836 607 1911 έγραψεν,
632 1840 693 1893 ού
717 1841 783 1909 τῇ
824 1836 986 1909 σοφίᾳ
1012 1837 1376 1908 χρησάμενος,
1410 1838 1477 1909 ἢν
1506 1836 1657 1908 παρὰ
1687 1836 1795 1890 τῶν
1827 1838 1924 1890 Αί-

344 1935 591 2004 γυπτίων
618 1928 954 2004 μεμάθηκεν,
1003 1929 1139 1986 ἀλλὰ
1170 1929 1269 2000 τῆς
1309 1930 1513 1983 ἄνωθεν
1559 1930 1781 2001 χάριτος
1830 1928 1928 2001 τὴν

344 2024 539 2095 αἴγλην
567 2021 879 2096 δεξάμενος.
920 2021 1089 2077 Πόθεν
1126 2022 1233 2095 γάρ
1260 2024 1326 2077 ἂν
1352 2022 1553 2093 ἔμαθεν
1590 2022 1809 2077 ἄλλοθεν
1836 2022 1930 2077 τοῦ

2029 638 2455 696 Joanni.Fidem
2487 643 2657 707 enim,
2681 641 2809 697 dum
2842 651 3092 710 narrant,
3111 653 3396 700 merentur
3424 645 3608 712 ambo,

2031 739 2092 786 ut
2126 732 2194 785 ab
2229 732 2296 787 iis
2346 732 2531 787 edocti
2583 734 2677 803 qui
2705 733 2981 789 viderant.
3020 734 3206 800 Quare
3252 751 3357 793 nos
3387 750 3611 807 quoque

2033 818 2384 878 narrabimus
2406 834 2470 878 ea
2501 839 2623 893 qua:
2648 824 2849 894 partim
2886 825 2992 895 ipsi
3022 826 3285 892 vidimus,
3306 829 3506 898 partim
3539 816 3611 885 iis

2029 912 2123 983 qui
2171 913 2442 980 viderant,
2495 931 2797 987 eorumque
2854 917 3022 972 vitam
3061 918 3442 985 imitabantur,
3477 936 3612 976 nar-

2031 1007 2287 1062 rantibus
2312 1008 2673 1065 credidimus.
2706 1009 2783 1065 De
2828 1010 2916 1065 his
2946 1019 3129 1066 autem
3187 1011 3314 1067 ideo
3350 1012 3605 1084 pluribus

2031 1099 2213 1155 verbis
2235 1100 2493 1163 disserui,
2530 1110 2585 1155 ut
2618 1117 2705 1156 me
2738 1117 2864 1157 vera
2908 1110 3261 1158 narraturum
3302 1107 3605 1175 persuade-

2029 1206 2166 1247 rem.
2199 1191 2338 1248 Hinc
2378 1209 2510 1249 vero
2540 1194 2800 1266 deinceps
2826 1210 3057 1251 narrare
3088 1196 3373 1269 incipiam.

2458 1370 2675 1443 1108
2708 1374 2834 1428 1.-
2860 1373 3189 1431 JACOBUS.

2103 1457 2286 1519 Moses
2313 1464 2534 1521 divinus
2566 1466 2871 1535 legislator,
2892 1468 2987 1539 qui
3013 1469 3183 1525 maris
3213 1469 3445 1527 fundum
3477 1489 3609 1545 ape-

2032 1556 2162 1620 ruit,
2205 1564 2260 1612 et
2297 1558 2455 1627 aquis
2479 1559 2665 1614 obruit
2695 1560 2906 1614 aridam
2957 1562 3339 1630 solitudinem,
3395 1575 3451 1619 et
3502 1568 3610 1622 alia

2032 1649 2218 1704 omnia
2245 1649 2375 1706 fecit
2408 1651 2702 1717 miracula,
2732 1662 2979 1709 veterum
3013 1664 3332 1711 sanctorum
3379 1673 3466 1713 res
3514 1674 3609 1730 ge-

2031 1750 2151 1799 stas
2179 1743 2541 1813 conscripsit,
2568 1760 2680 1800 non
2714 1760 2777 1801 ea
2816 1751 2976 1802 utens
3008 1748 3298 1819 sapientia,
3344 1766 3509 1822 qnam
3541 1753 3612 1808 ab

2034 1833 2311 1907 Egyptiis
2343 1836 2635 1907 didicerat,
2671 1838 2767 1895 sed
2816 1838 3108 1911 Splendore
3157 1843 3347 1912 gratiae
3389 1845 3608 1901 coalitus

2033 1938 2280 2000 accepto.
2329 1929 2619 1987 Undenam
2668 1931 2815 1987 enim
2871 1932 3074 2003 alioqui
3110 1933 3296 1990 Abelis
3346 1935 3607 1992 virtutem

2031 2022 2405 2090 cognovisset,
2431 2031 2526 2077 aut
2566 2023 2778 2079 Enochi
2806 2039 3053 2081 amorem
3084 2026 3351 2092 divinum,
3384 2036 3439 2084 et
3462 2028 3611 2084 Noa-

349 2117 517 2173 ’Δὸελ
553 2119 654 2188 τὴν
676 2109 897 2190 ἆρετὴν,
937 2113 1143 2170 καὶτοῦ
1184 2112 1355 2185 Ἑνὼχ
1392 2114 1454 2168 τὸ
1507 2113 1774 2184 φιλόθεον,
1836 2111 1922 2170 καὶ

2033 2111 2123 2166 chi
2152 2113 2447 2183 justitiam,
2479 2123 2537 2172 et
2586 2114 2976 2173 Melchisedeci
3008 2117 3156 2187 pium
3208 2120 3607 2187 sacerdotium,

343 2203 441 2263 τοῦ
499 2208 625 2262 Νῶε
673 2207 736 2261 τὸ
768 2207 996 2274 δίκαιον,
1042 2206 1138 2259 καὶ
1190 2205 1291 2277 τὴν
1329 2204 1526 2277 εύσεόῆ
1581 2204 1675 2260 τοῦ
1721 2205 1929 2276 Μελχι-

349 2301 505 2356 σεδὲκ
540 2301 857 2373 ἱερωσύνην,
896 2303 992 2355 καί¹
1019 2298 1113 2353 τοῦ
1140 2294 1395 2370 Ἀδραάμ
1437 2296 1533 2370 τὴν
1576 2293 1787 2369 κλῆσιν,
1831 2296 1930 2370 τὴν

346 2393 556 2456 πίστιν,
588 2391 688 2461 τὴν
719 2388 1034 2462 καρτερίαν,
1069 2390 1169 2460 τὴν
1209 2388 1439 2459 ἐπιμελῆ
1475 2386 1801 2456 φιλοξενίαν,
1830 2387 1928 2460 τὴν

345 2479 786 2555 πολυθρύλλητον
808 2484 904 2539 τοῦ
944 2479 1132 2545 παιδὸς
1181 2480 1633 2554 ίερουργίαν,καὶ
1676 2476 1766 2535 τὸν
1819 2481 1928 2535 τῶν

343 2574 525 2630 ἄλλων
565 2571 1006 2646 κατορθωμάτων
1050 2568 1371 2641 κατάλογον,
1405 2574 1499 2627 καὶ
1530 2573 1807 2643 συντόμως
1845 2575 1925 2628 εξ·-

344 2666 492 2731 πεῖν,
514 2664 621 2719 τῶν
667 2664 968 2719 θεσπεσίων
1006 2663 1228 2718 ἐκείνων
1261 2663 1469 2734 ἀνδρῶν
1509 2666 1635 2728 τοὺς
1686 2665 1923 2733 ἀγῶνας,

343 2755 442 2808 καὶ
470 2754 647 2819 νίκας,
693 2755 791 2819 τὰς
830 2753 1182 2826 ἀναρρήσεις,
1225 2756 1275 2809 εἰ
1334 2753 1410 2824 μὴ
1457 2751 1551 2807 τοῦ
1599 2752 1787 2826 νοεροῦ
1831 2756 1927 2808 καὶ

344 2844 495 2900 θείου
542 2845 860 2917 Πνεύματος
888 2845 987 2910 τὰς
1023 2846 1249 2908 ἀκτῖνας
1293 2845 1537 2913 ἐδέξατο;
1569 2841 1786 2916 Ταύτης
1833 2845 1926 2900 ἐπὶ

341 2932 441 2991 τοῦ
467 2937 733 3008 παρόντος
761 2937 928 3005 κάμοὶ
981 2934 1061 2988 δεῖ
1108 2936 1206 3005 τῆς
1251 2934 1563 3005 συνεργίας,
1608 2935 1717 2987 τῶν
1747 2932 1927 3003 ὀλίγον

342 3027 454 3097 πρὸ
479 3022 635 3098 ἡμῶν
668 3028 766 3081 καὶ
808 3025 894 3095 ἐφ’
942 3020 1098 3096 ἡμῶν
1131 3024 1189 3078 δέ
1232 3022 1566 3095 λαμψάντων
1618 3020 1789 3092 ἁγίων
1833 3021 1925 3076 τὸν

344 3113 461 3186 βίον
500 3111 831 3188 πειρωμένῳ
862 3112 1198 3184 συγγράψαι,
1243 3113 1341 3167 καὶ
1377 3106 1488 3166 οἷόν
1543 3129 1664 3165 τινα
1695 3108 1923 3182 νομοθε-

345 3205 468 3259 σίαν
504 3208 615 3265 τοῖς
664 3203 861 3276 ζηλοῦν
884 3204 1125 3258 ἐθέλουσι
1154 3202 1461 3274 βουλομένῳ
1486 3202 1788 3273 προτεῖναι.
1811 3203 1923 3266 Τὰς

338 3295 547 3352 τούτων
566 3294 746 3351 τοίνυν
766 3295 1073 3369 προσευχάς
1097 3293 1442 3367 ἐπικλητέον,
1472 3295 1568 3351 καὶ
1606 3296 1705 3366 τῆς
1731 3295 1923 3368 διηγή-

344 3406 484 3454 σεως
517 3389 771 3461 ἀρκτέον.

411 3478 630 3545 Νίσιΰίς
674 3481 794 3533 ἐστι
827 3479 982 3545 πόλις
1004 3479 1062 3534 ἐν
1090 3475 1329 3551 μεθορίῳ
1371 3478 1471 3549 τῆς
1518 3476 1805 3550 Ῥωμαίων
1830 3479 1926 3534 καὶ

340 3567 571 3644 Περσῶν
601 3566 904 3642 βασιλείας,
944 3570 979 3643 ἢ
1012 3570 1177 3624 πάλαι
1215 3571 1313 3641 μὲν
1358 3566 1648 3640 Ῥωμαίοις
1688 3570 1923 3640 ἐδασμο-

337 3663 518 3736 φόρει,
565 3665 662 3718 καὶ
696 3663 801 3717 ὑπὸ
847 3662 948 3734 τὴν
994 3663 1201 3716 τούτων
1263 3660 1557 3733 ἠγεμονίαν
1595 3656 1788 3714 ἐτέλει.
1827 3660 1923 3713 Ἐκ

336 3755 542 3826 ταύτης
564 3753 884 3826 ὁρμώμενος
926 3755 954 3807 ὁ
1007 3752 1179 3823 μέγας
1211 3748 1488 3816 Ἰάκωϐος,
1518 3749 1611 3805 τὸν
1656 3751 1923 3823 ἐρημικὸν

336 3845 436 3900 καὶ
464 3844 687 3916 ἡσύχιον
735 3844 1019 3913 ἠσπάσατο
1063 3842 1196 3914 βίον,
1239 3844 1332 3897 καὶ
1374 3841 1471 3906 τὰς
1503 3839 1611 3895 τῶν
1653 3842 1922 3915 ὑψηλοτά-

333 3954 446 3992 των
477 3936 620 4006 ὀρῶν
655 3932 976 3989 καταλαϐὼν
1022 3935 1287 4004 κορυφὰς,
1329 3934 1387 3987 ἐν
1431 3932 1670 4000 ἐκείναις
1713 3934 1917 4005 διῆγεν’

335 4029 396 4082 ἐν
424 4027 548 4100 ἔαρι
585 4028 707 4100 μὲν,
737 4028 833 4081 καὶ
864 4026 1033 4098 θέρει,
1074 4027 1168 4079 καὶ
1204 4024 1507 4098 μετοπώρῳ
1537 4028 1657 4088 ταῖς
1693 4024 1920 4097 λόχμαις

335 4119 639 4191 χρώμενος,
676 4120 771 4173 καὶ
800 4118 991 4191 δροφον
1026 4117 1163 4189 έχων
1182 4118 1276 4171 τὸν
1324 4116 1576 4189 οὐρανόν·
1621 4117 1788 4172 τὸνδέ
1825 4116 1919 4171 τοῦ

339 4210 605 4282 χειμῶνος
639 4211 830 4282 καιρὸν
884 4210 1080 4281 ἄντρον
1112 4208 1275 4263 αὐτὸν
1309 4208 1626 4281 ὑπεδέχετο,
1662 4210 1920 4282 βραχεῖαν

342 4303 550 4375 σκέπην
573 4304 834 4374 παρέχον.
864 4300 1082 4372 Τροφὴν
1103 4301 1160 4354 δὲ
1178 4295 1344 4372 εἶχεν,
1362 4300 1423 4353 ού
1462 4301 1562 4371 τὴν
1589 4300 1726 4371 μετά
1757 4300 1919 4355 πόνου

336 4395 704 4467 σπειρομένην
722 4395 816 4463 καὶ
844 4393 1144 4464 φυομένην,
1173 4392 1310 4446 ἀλλὰ
1333 4391 1429 4463 τὴν
1450 4391 1777 4473 αὐτομάτως.
1795 4391 1923 4461 βλα-

334 4486 665 4540 στάνουσαν.
704 4482 828 4539 Τῶν
853 4483 964 4555 γὰρ
992 4482 1200 4557 ἀγρίων
1218 4482 1451 4555 δένδρων
1480 4485 1605 4546 τοὺς
1630 4484 1919 4553 αὐτοφυεῖς

2030 2208 2084 2256 et
2111 2201 2343 2281 Abrahae
2368 2204 2733 2270 vocationem,
2763 2204 2950 2272 fidem,
3010 2206 3389 2264 fortitudinem
3425 2217 3480 2265 et
3507 2225 3608 2266 ex-

2032 2294 2291 2363 quisitam
2344 2295 2797 2367 hospitalitatem,
2846 2297 3199 2355 decantatum
3251 2286 3351 2355 lilii
3387 2301 3607 2357 sacriﬁ-

2030 2385 2196 2453 cium,
2230 2394 2285 2443 et
2310 2388 2543 2444 aliorum
2567 2387 2685 2457 ejus
2712 2389 3043 2445 eximiorum
3067 2389 3378 2447 facinorum
3396 2393 3609 2448 catalo-

2030 2493 2180 2548 gum,
2215 2486 2401 2550 atque,
2441 2488 2502 2535 ut
2531 2480 2586 2535 in
2617 2494 2834 2537 summa
2861 2480 3065 2549 dicam,
3100 2481 3416 2538 divinorum
3458 2484 3610 2538 viro-

2029 2584 2152 2625 rum
2197 2570 2421 2627 illorum
2476 2572 2803 2639 certamina,
2852 2575 3140 2641 victorias,
3165 2577 3465 2647 praeconia,
3501 2576 3610 2632 nisi

2030 2661 2394 2732 iutelligentis
2421 2664 2704 2736 divinique
2732 2666 2977 2737 Spiritus
3032 2668 3220 2725 radios
3261 2671 3609 2742 accepisset?

2029 2751 2149 2808 Hoc
2177 2754 2309 2808 mihi
2335 2770 2553 2827 quoque
2579 2758 2634 2812 in
2658 2759 2953 2828 praesentia
2987 2774 3126 2831 opus
3149 2768 3234 2817 est
3258 2762 3487 2829 auxilio,
3512 2764 3605 2834 qui

2030 2857 2197 2900 coner
2229 2844 2393 2901 vitam
2418 2848 2771 2904 conscribere
2801 2858 3143 2917 sanctorum,
3170 2852 3264 2923 qui
3295 2853 3457 2924 paulo
3479 2861 3608 2909 ante

2027 2950 2152 3002 nos,
2186 2944 2239 2992 et
2270 2938 2477 2994 nostris
2525 2939 2867 3010 temporibus
2916 2940 3184 3009 claruere,
3239 2949 3295 2998 et
3338 2943 3606 3014 quasdam

2025 3029 2198 3084 veluti
2220 3029 2371 3099 leges
2420 3030 2587 3087 velim
2632 3031 2839 3087 imitari
2871 3048 2967 3089 eos
2995 3033 3352 3105 cupientibus
3399 3049 3603 3105 propo-

2029 3137 2181 3178 nere.
2218 3122 2440 3202 Illorum
2473 3139 2608 3196 ergo
2634 3124 2954 3181 invocanda!
2984 3134 3116 3183 sunt
3138 3140 3353 3198 preces,
3393 3136 3448 3182 et
3471 3126 3606 3180 inci-

1951 3236 1994 3294 c
2030 3211 2227 3283 pienda
2260 3213 2526 3269 narratio.

2098 3484 2305 3545 Nisibis
2345 3485 2478 3544 urbs
2522 3485 2697 3544 estin
2732 3485 2976 3544 confinio
3015 3487 3169 3558 regni
3219 3486 3603 3544 Romanorum

2025 3588 2080 3636 et
2105 3578 2398 3636 Persarum
2426 3581 2626 3650 posita,
2656 3595 2778 3650 quae
2830 3580 3096 3636 Romanis
3132 3580 3261 3635 olim
3317 3578 3605 3650 vectigalis

2025 3679 2166 3734 erat,
2209 3686 2514 3742 eorumque
2560 3671 2789 3741 parebat
2851 3671 3108 3740 imperio.
3160 3668 3238 3724 Ex
3286 3669 3391 3726 hac
3432 3658 3605 3724 ‘ortus

2024 3779 2259 3836 magnus
2284 3758 2548 3830 Iacobus,
2596 3763 2901 3820 solitariam
2934 3770 2991 3817 et
3040 3762 3284 3832 quietam
3316 3761 3482 3815 vitam
3516 3771 3604 3817 est

2026 3855 2349 3924 amplexus;
2409 3852 2920 3922 altissimorumque
2985 3850 3254 3907 montium
3312 3849 3602 3919 occupatis

2023 3937 2351 4010 verticibus,
2375 3941 2431 3997 in
2464 3942 2553 3998 his
2578 3942 2747 3997 vitam
2775 3941 2909 4010 egit,
2927 3955 3056 3997 vere
3086 3938 3311 4009 quidem
3335 3946 3389 3994 et
3413 3945 3604 3993 aestate

2023 4043 2188 4106 atque
2221 4043 2491 4091 autumno
2520 4034 2690 4090 silvas
2712 4041 2929 4104 petens,
2959 4042 3013 4088 et
3036 4046 3137 4102 pro
3161 4031 3180 4052 ⁴
3217 4037 3364 4085 tecto
3387 4030 3600 4086 habens

2023 4126 2245 4192 coelum,
2276 4125 2474 4179 hiemis
2516 4138 2647 4179 vero
2698 4132 2947 4194 tempore
2998 4121 3054 4176 in
3082 4128 3303 4175 antrum
3367 4135 3425 4177 se
3452 4120 3597 4176 reci-

2022 4219 2200 4288 piens,
2232 4216 2379 4287 quod
2404 4231 2633 4287 parvum
2675 4215 2725 4272 ei
2759 4215 3039 4287 praebebat
3082 4219 3478 4286 tegumentum.
3507 4211 3600 4266 Ci-

2022 4308 2131 4364 bus
2152 4303 2368 4380 1109
2387 4306 2470 4362 illi
2513 4313 2654 4370 erat,
2704 4320 2813 4361 non
2843 4307 2937 4376 qui
2973 4320 3098 4361 cum
3130 4305 3319 4359 labore
3352 4301 3599 4358 nascitur

2022 4407 2077 4456 et
2105 4401 2332 4463 seritur,
2366 4398 2460 4455 sed
2485 4399 2578 4469 qui
2611 4413 2713 4454 sua
2760 4404 2961 4468 sponte
2988 4394 3334 4467 producitur.
3397 4393 3473 4448 Ex
3502 4394 3600 4449 sil-

2023 4489 2296 4544 vestribus
2326 4489 2472 4544 enim
2513 4487 2807 4543 arboribus
2859 4494 3056 4555 sponte
3111 4492 3274 4539 natos
3331 4483 3600 4553 colligens

334 4576 615 4647 συλλέγων
649 4576 919 4648 καρποὺς,
943 4575 1039 4629 καὶ
1088 4575 1199 4629 τῶν
1228 4573 1468 4646 βοτανῶν
1495 4573 1594 4639 τὰς
1625 4573 1918 4645 ἐδωδίμους

2027 4577 2259 4645 fructus,
2283 4586 2337 4634 et
2360 4594 2429 4634 ex
2451 4578 2639 4634 herbis
2659 4577 2997 4640 esculentas,
3027 4581 3080 4631 et
3105 4588 3230 4645 quae
3265 4573 3443 4629 instar
3469 4581 3601 4627 sunt

331 4676 431 4730 καὶ
452 4674 801 4746 λαχανώδεις,
845 4674 910 4726 ἐκ
957 4671 1162 4726 τούτων
1199 4671 1369 4726 ἐδίδου
1387 4670 1464 4742 τῷ
1491 4668 1704 4741 σώματι
1729 4670 1799 4725 τά
1837 4672 1918 4737 είς

329 4769 395 4823 τὸ
424 4766 525 4841 ζῇν
577 4767 927 4839 ἀποχρῶντα,
974 4764 1071 4837 τὴν
1116 4767 1211 4817 τοῦ
1268 4764 1438 4836 πυρὸς
1486 4762 1919 4836 παραιτούμενος

330 4860 546 4932 χρείαν.
582 4860 817 4930 Περιττὴ
861 4857 920 4910 δέ
949 4852 1018 4929 ἦν
1057 4854 1206 4928 αὐτῷ
1237 4857 1330 4909 καὶ
1369 4856 1479 4908 τῶν
1510 4857 1674 4927 ἐρίων
1709 4859 1742 4928 ἡ
1782 4859 1918 4928 χρῆ-

332 4967 442 5015 σκ·
469 4954 526 5005 αί
552 4956 660 5024 γάρ
687 4950 1019 5024 τραχύτατοι
1046 4949 1153 5004 τῶν
1192 4949 1362 5018 αἰγῶν
1385 4946 1569 5021 τρίχες
1597 4949 1666 5005 τὰ
1689 4950 1917 5004 ἐκείνων

329 5043 628 5115 ἐπλήρουν.
673 5043 771 5098 Ἐκ
791 5043 993 5098 τούτων
1025 5040 1175 5113 αύτῷ
1213 5041 1305 5095 καὶ
1343 5040 1506 5112 χιτὼν
1538 5041 1776 5110 ἐγένετο,
1826 5043 1920 5098 καὶ

329 5134 396 5189 τὸ
413 5134 620 5191 ἁπλοῦν
665 5135 1029 5208 περιϐόλαιον.
1059 5133 1216 5189 Οὕτω
1246 5134 1308 5186 τὸ
1343 5132 1501 5203 σῶμα
1539 5132 1916 5204 κατατρύχων.

332 5229 432 5282 καὶ
451 5228 550 5301 τὴν
579 5227 957 5301 πνευματικὴν
971 5227 1177 5300 τροφὴν
1195 5225 1458 5298 διηνεκῶς
1490 5226 1798 5299 προσέφερε
1846 5231 1916 5300 τῇ

330 5316 504 5391 ψυχῇ,
545 5321 643 5374 καὶ
664 5319 728 5373 τὸ
784 5315 876 5390 τῆς
895 5318 1135 5382 διανοίας
1181 5317 1404 5373 όπτικὺν
1424 5318 1792 5390 ἐκκαθαίρων,
1819 5321 1916 5374 καὶ

334 5408 644 5480 κάτοπτρον
673 5409 928 5479 διαφανὲς
967 5406 1060 5464 τοῦ
1092 5408 1238 5464 θείου
1284 5408 1709 5474 κατασκευάζων
1742 5410 1914 5465 Πνεύ-

336 5515 529 5571 ματος,
560 5498 1065 5571 ἀνακεκαλυμμένῳ
1110 5497 1409 5571 προσώπῳ,
1450 5498 1591 5553 κατὰ
1639 5498 1732 5553 τὸν
1772 5498 1915 5555 θεῖον

349 5590 693 5657 ’Δπόστολοη
724 5608 744 5643 ‹
782 5589 893 5663 Τὴν
931 5589 1088 5656 δόξαν
1138 5590 1347 5664 Κυρίου
1396 5590 1912 5665 κατοπτριζόμενος,

334 5680 437 5754 τὴν
468 5681 638 5754 αὐτὴν
664 5681 849 5772 εικόνα
879 5682 1283 5757 μετεμορφοῦτο
1307 5683 1417 5741 ἀπὸ
1442 5683 1600 5758 δόξης
1626 5687 1706 5750 εἰς
1732 5685 1910 5756 δόξαν,

412 5857 440 5899 ι
485 5854 528 5911 ll
559 5854 684 5911 Cor.
720 5856 919 5923 "1,18.

2022 4671 2259 4736 olerum,
2297 4686 2364 4726 ex
2395 4670 2480 4726 bis
2520 4670 2747 4740 corpori
2785 4668 2950 4723 dabat
2980 4682 3103 4738 quae
3140 4666 3210 4721 ad
3245 4665 3406 4721 vitam
3438 4672 3600 4719 tuen-

2022 4765 2148 4820 dam
2198 4764 2334 4820 satis
2390 4772 2566 4828 erant,
2619 4762 2762 4833 ignis
2819 4775 2980 4816 usum
3036 4758 3258 4831 penitus
3309 4772 3598 4814 recusans.

2026 4855 2194 4912 Usum
2232 4869 2453 4926 quoque
2514 4854 2764 4908 lanarum
2820 4863 3287 4921 supervacaneum
3341 4847 3596 4909 ducebat,

2020 4961 2326 5015 earumque
2356 4945 2534 5000 vicem
2578 4941 2869 5014 asperrimi
2932 4955 3227 5012 caprarum
3265 4940 3379 4994 villi
3407 4940 3598 5010 exple-

2028 5036 2185 5101 bant,
2232 5052 2298 5090 ει
2336 5036 2537 5106 quibus
2569 5042 2625 5090 et
2680 5033 2868 5089 tunica
2923 5032 3000 5087 illi
3037 5032 3223 5098 ﬂebat,
3266 5038 3322 5086 et
3362 5030 3597 5101 simplex

2028 5126 2350 5183 amiculum.
2374 5125 2457 5180 ita
2480 5139 2682 5195 corpus
2706 5123 2972 5194 aﬂligens,
3004 5121 3253 5194 spiritale
3274 5121 3595 5176 alimentum

2026 5217 2249 5275 assidue
2281 5214 2671 5288 suppeditabat
2705 5214 2925 5280 animae,
2957 5213 3269 5283 mentisque
3299 5212 3471 5268 aciem
3502 5227 3599 5267 ex-

2024 5325 2290 5384 purgans,
2341 5317 2397 5364 et
2444 5307 2621 5364 divini
2652 5306 2897 5379 Spiritus
2951 5307 3302 5378 perspicuum
3355 5302 3599 5360 efﬁciens

2023 5401 2332 5473 Speculum,
2378 5399 2620 5455 revelata
2667 5399 2840 5463 facie,
2874 5399 3032 5470 juxta
3074 5398 3321 5455 divinum
3367 5396 3599 5469 Aposto-

2024 5496 2134 5552 lum
2161 5499 2209 5562 ε,
2248 5513 2267 5548 ι
2327 5490 2568 5549 Gloriam
2616 5491 2830 5549 Domini
2871 5492 3186 5563 speculans,
3240 5491 3296 5544 in
3347 5488 3596 5545 eamdem

2022 5585 2527 5644 transformabatur
2572 5583 2867 5654 imaginem
2927 5600 2956 5638 a
3022 5584 3195 5656 gloria
3250 5581 3306 5636 in
3357 5580 3589 5653 gloriam

2022 5691 2285 5753 tanquam
2312 5693 2344 5733 a
2396 5677 2608 5749 Spiritu
2643 5673 2880 5735 Domini.
2910 5696 2928 5731 ι
2978 5674 3118 5733 Hinc
3152 5675 3276 5747 ejus
3306 5675 3365 5732 in
3418 5674 3591 5731 Deum
