4030 6454
438 484 578 549 1295

1427 480 1917 547 THEODORETI
1951 484 2291 550 EPISCOPI
2330 486 2699 552 CYRENSIS

3560 496 3699 566 1236

431 602 632 656 ﬁducia
668 600 970 671 augebatur
1003 601 1058 654 in
1088 599 1229 663 dies,
1256 606 1310 653 et
1350 614 1378 651 a
1408 596 1517 652 Deo
1545 608 1736 669 petens
1772 616 1893 672 quae
1924 618 1998 673 pe-

2114 604 2364 677 καθάπερ
2392 606 2498 661 ἀπὸ
2527 607 2730 676 Κυρίου
2756 608 3088 681 Πνεόματος.
3134 630 3153 664 ι
3199 614 3532 690 Ἐντεῦθενὴ
3564 619 3700 692 πρὸς

429 702 545 747 tere
569 692 892 762 oportebat,
927 706 991 744 ea
1037 689 1224 744 statim
1263 689 1567 744 obtinebat.
1631 690 1771 748 Hinc
1822 693 2005 749 futura

428 798 653 854 quoque
691 783 1080 851 prophetarum
1141 795 1294 836 more
1370 780 1726 851 prazvidebat,
1801 793 1857 839 et
1942 784 2008 838 ad

430 870 683 928 facienda
715 874 981 926 miracula
1016 872 1276 927 virtutem
1322 886 1352 926 a
1384 872 1721 928 sanctissimi
1772 872 2010 944 Spiritus

429 964 605 1037 gratia
634 963 998 1034 percipiebat.
1024 960 1103 1016 Ex
1138 962 1227 1017 his
1259 978 1434 1034 pauca
1462 965 1931 1028 commemorabo,
1955 973 2011 1018 et

430 1056 725 1128 apostolici
758 1054 881 1126 ejus
925 1054 1239 1126 splendoris
1273 1056 1488 1111 radium
1522 1055 1591 1110 iis
1622 1054 1717 1124 qui
1754 1058 2010 1112 nesciunt

428 1152 691 1218 aperiam.
1636 1152 1653 1167 '

501 1330 727 1402 Vigebat
757 1332 850 1386 illo
885 1340 1132 1402 tempore
1165 1332 1451 1388 hominum
1502 1332 1721 1388 insania
1769 1346 1899 1402 erga
1934 1331 2009 1386 si-

422 1423 704 1489 mulacra,
735 1432 789 1479 et
825 1426 1082 1479 inanimae
1114 1426 1339 1496 quidem
1370 1433 1569 1481 stature
1609 1424 1855 1479 divinum
1899 1424 2008 1479 sibi

422 1516 634 1571 cultum
690 1517 1084 1580 vindicabant,
1130 1515 1225 1571 Dei
1265 1524 1449 1571 autem
1486 1516 1670 1572 cultus
1709 1515 1875 1585 vulgo
1908 1530 2009 1568 ne-

423 1608 735 1680 gligebatur
767 1622 796 1661 a
830 1608 1086 1678 plurimis
1120 1627 1134 1663 :
1173 1610 1629 1680 contemptuique
1663 1606 2007 1662 habebantur

421 1699 516 1769 qui
576 1698 861 1755 ebrietatis
914 1714 1107 1755 eorum
1162 1699 1430 1754 nolebant
1483 1714 1608 1755 esse
1665 1698 2003 1769 participes,

420 1789 629 1859 quique
660 1788 905 1858 perlecta
946 1788 1152 1843 virtute
1192 1789 1407 1859 praediti
1443 1803 1533 1843 res
1574 1787 2001 1851 discernebant,

417 1890 473 1936 et
506 1882 932 1936 simulacrorum
977 1881 1221 1937 ridentes
1262 1881 1751 1947 imbecillitatem,
1778 1880 2005 1934 univer-

2112 694 2203 748 τὸν
2233 695 2365 750 Θεὸν
2396 696 2545 768 αὐτῷ
2594 701 2877 771 παρρησία
2930 702 3052 755 καθ’
3089 702 3326 774 ἑκάστην
3354 705 3550 777 ηὔξετο
3600 710 3702 779 τὴν

2113 787 2355 860 ἡμέραν,
2394 791 2488 842 καὶ
2520 791 2685 843 αἰτῶν
2727 790 2763 846 ἃ
2791 793 2881 846 τὸν
2914 793 3047 846 Θεὸν
3087 797 3260 848 αἰτεῖν
3282 794 3407 860 ἔδει,
3434 800 3703 870 παραυτί-

2115 896 2185 932 κα
2215 879 2540 950 ἐλάμϐανεν.
2568 883 2850 936 Ἐντεῦθεν
2888 886 2982 938 καὶ
3032 885 3099 938 τὰ
3153 886 3387 957 ἐσόμενα
3432 907 3703 961 προφητι-

2114 971 2227 1034 κῶς
2274 971 2551 1045 προεώρα,
2602 975 2697 1028 καὶ
2755 974 2984 1047 δύναμιν
3023 979 3103 1041 εἰς
3147 978 3592 1052 θαυματουργίαν
3634 983 3701 1036 ἐκ

2113 1060 2211 1132 τῆς
2243 1061 2338 1115 τοῦ
2369 1063 2529 1132 ἁγίου
2559 1065 2877 1137 Πνεύματος
2926 1068 3143 1134 ἐδέξατο
3191 1070 3432 1140 χάριτος.
3481 1073 3701 1127 Τούτων

2112 1151 2270 1223 όλίγα
2304 1155 2661 1229 διηγήσομαι,
2710 1161 2803 1214 καὶ
2831 1161 2930 1231 τῆς
2972 1160 3334 1233 ἀποστολικῆς
3361 1164 3525 1219 αὐτοῦ
3560 1166 3702 1240 λαμσ

2113 1244 2342 1313 πηδόνος
2364 1250 2476 1311 τοῖς
2497 1247 2756 1317 ἀγνοοῦσι
2795 1248 2891 1320 τὴν
2919 1250 3112 1302 ἀκτῖνα
3144 1249 3391 1319 δηλώσω.

2188 1337 2443 1404 Ἤκμαζε
2468 1340 2586 1391 κατ’
2613 1340 2819 1393 ἐκεῖνον
2850 1338 2941 1392 τὸν
2973 1341 3165 1412 καιρὸν
3194 1343 3226 1413 ἡ
3254 1343 3380 1412 περὶ
3414 1342 3483 1397 τὰ
3502 1343 3701 1398 εἴδωλα

2110 1426 2219 1481 τῶν
2248 1428 2553 1497 ἀνθρώπων
2611 1431 2801 1501 μανία,
2851 1432 2947 1486 καὶ
2988 1432 3057 1485 τὰ
3092 1432 3191 1504 μὲν
3221 1434 3404 1505 ἄψυχα
3436 1436 3597 1501 ξόανα
3638 1436 3702 1489 τὸ

2112 1514 2257 1571 θεῖον
2289 1518 2451 1585 σέϐας
2496 1523 2958 1596 ἐσφετερίζετο,ἡ
3003 1526 3060 1580 δὲ
3106 1527 3200 1581 τοῦ
3250 1526 3385 1580 Θεοῦ
3428 1529 3700 1599 θεραπεία

2113 1610 2218 1664 ὑπὸ
2250 1610 2361 1666 τῶν
2401 1612 2669 1668 πλείστων
2700 1617 3083 1687 κατημελεῖτο·
3118 1620 3583 1690 εὐκαταφρόνητοι
3639 1621 3697 1675 δὲ

2108 1696 2250 1774 ἦσαν
2277 1705 2325 1757 οἰ
2357 1708 2635 1759 κοινωνεῖν
2668 1706 2767 1777 μὲν
2791 1708 2891 1761 οὐκ
2922 1708 3196 1783 ἐθέλοντες
3226 1710 3457 1775 ἐκείνοις
3478 1710 3577 1781 τῆς
3601 1711 3699 1783 μέ-

2110 1791 2230 1862 θης,
2262 1793 2464 1864 ἀκριϐῆ
2495 1793 2574 1858 δὲ,
2599 1793 2694 1849 ἆτε
2722 1794 2786 1865 δὴ
2815 1795 3235 1867 καθεστηκότες,
3254 1799 3354 1870 τὴν
3379 1799 3487 1853 τῶν
3519 1801 3697 1854 ὄντων

2108 1882 2377 1955 διάκρισιν
2432 1885 2669 1956 ἔχοντες,
2701 1888 2794 1941 καὶ
2820 1886 2919 1960 τὴν
2950 1890 3051 1960 μὲν
3081 1891 3189 1945 τῶν
3227 1891 3461 1947 εἰδώλων
3490 1893 3698 1961 γελῶν·-

429 1987 618 2027 sorum
654 1971 922 2043 Opiﬁcem
956 1972 1284 2029 adorabant.
1317 1972 1750 2029 Veneratautem
1791 1970 1998 2043 1110

2111 1990 2201 2039 τες
2228 1975 2538 2044 ἀσθένειαν,
2569 1977 2660 2031 τὸν
2688 1979 2797 2032 τῶν
2837 1979 2974 2034 ὅλων
3011 1980 3068 2036 δὲ
3100 1983 3536 2053 προσκυνοῦντες
3586 1987 3697 2055 Δη-

432 2062 525 2117 ille
568 2079 666 2132 per
706 2062 758 2116 id
800 2069 1014 2133 tempus
1053 2063 1108 2117 in
1146 2061 1474 2126 Persidem,
1520 2062 1741 2117 visurus
1791 2061 1998 2131 plantas

2118 2068 2401 2138 μιουργόν.
2465 2068 2606 2123 Κατ’
2652 2071 2864 2125 ἐκεῖνον
2912 2071 3004 2125 τὸν
3068 2073 3258 2145 καιρὸν
3316 2075 3413 2147 τὴν
3454 2077 3697 2148 Περσίδα

421 2164 565 2210 verae
600 2154 891 2226 religionis
914 2196 928 2221 ,
966 2161 1021 2210 et
1051 2163 1451 2225 congruentem
1492 2154 1575 2210 eis
1616 2168 1806 2208 curam
1847 2151 1998 2207 exhi-

2115 2156 2408 2223 κατὲλαϐε,
2438 2158 2507 2213 τὰ
2539 2159 2682 2229 φυτὰ
2709 2161 2809 2231 τῆς
2836 2163 3119 2226 εὐσεϐείας
3152 2164 3437 2235 ὀψόμενος,
3473 2165 3567 2218 καὶ
3597 2164 3697 2236 τὴν

418 2248 678 2304 Βίῑιιτυεεε
708 2263 950 2319 cumque
981 2247 1188 2304 fontem
1216 2248 1511 2320 quemdam
1540 2244 1685 2303 forte
1716 2246 1998 2302 transmit-

2111 2248 2500 2319 προσήκουσαν
2547 2250 2734 2315 αὐτοῖς
2781 2250 3078 2321 θεραπείαν
3136 2255 3459 2327 προσοίσωνο
3511 2253 3697 2326 πηγὴν

421 2351 592 2409 teret,
625 2342 821 2412 puellae
852 2356 974 2411 qua:
1009 2342 1067 2396 in
1103 2356 1167 2397 eo
1211 2356 1427 2412 pannos
1468 2340 1765 2405 lavabant,
1805 2347 1859 2395 et
1900 2355 1998 2394 ve-

2109 2334 2166 2393 δὲ
2190 2340 2357 2395 αὐτοῦ
2397 2358 2520 2396 τινα
2547 2341 2794 2411 διιόντος,
2823 2344 2982 2416 κόραι
3015 2346 3159 2410 τινὲς
3213 2346 3432 2411 πλυνοῖς
3453 2346 3697 2416 ἐφεστῶ-

417 2442 534 2489 stes
584 2433 815 2503 pedibus
864 2434 1287 2500 emundabant,
1345 2449 1550 2490 novum
1604 2448 1669 2488 ac
1717 2432 1998 2488 decentem

2112 2447 2225 2496 σαι,
2267 2432 2363 2486 καὶ
2393 2432 2586 2503 ἰμάτια
2614 2435 2728 2498 τοῖς
2750 2436 2909 2491 ποσὶν
2948 2436 3422 2509 ἀπορῤόπτρυσαι,
3454 2436 3694 2492 οὐδὲτοῦ

416 2526 541 2596 ejus
597 2525 848 2582 habitum
900 2525 1043 2581 nihil
1093 2525 1386 2593 reverita},
1435 2533 1604 2582 exuto
1649 2524 1896 2595 pudore,
1952 2529 2008 2578 et

418 2613 685 2685 perfricta
718 2617 897 2672 fronte
919 2660 935 2685 ,
971 2616 1503 2689 impudentibusque
1536 2614 1718 2671 oculis
1754 2615 2005 2670 divinum

416 2706 696 2765 hominem
746 2709 1210 2779 conspiciebant,
1268 2724 1371 2765 nec
1413 2708 1597 2778 capita
1645 2708 2002 2778 operientes,

413 2816 517 2856 nec
547 2810 730 2856 vestes
784 2817 923 2872 quas
976 2801 1378 2857 suceiuxerant
1424 2797 1799 2855 demittentes.
1845 2795 2004 2865 Quod

412 2907 558 2964 aegre
587 2891 772 2949 ferens
807 2894 973 2948 homo
1032 2891 1164 2956 Dei,
1219 2901 1599 2963 opportunum
1650 2902 1804 2946 ratus
1845 2888 1865 2913 ‘
1902 2887 2001 2946 Dei

415 2986 674 3040 virtutem
725 2983 1062 3051 ostendere,
1116 2992 1174 3038 ut
1221 2982 1427 3039 illustri
1476 2972 1747 3038 miraculo
1789 2982 1859 3037 ab
1900 2980 2005 3036 im-

411 3075 617 3144 pietate
651 3074 947 3139 liberaret,
987 3073 1191 3129 fontem
1229 3084 1310 3130 est
1341 3083 1670 3131 exsecratus
1691 3115 1705 3140 ,
1735 3086 1791 3129 et
1825 3070 2003 3129 liuen-

411 3176 527 3221 tum
556 3166 853 3222 confestim
883 3166 1147 3221 evanuit:
1178 3166 1392 3237 puellas
1420 3180 1644 3237 quoque
1673 3176 2000 3223 exsecratus

408 3265 531 3328 est,
577 3268 634 3314 et
682 3257 1059 3328 impudentem
1117 3272 1309 3313 earum
1360 3256 1648 3328 juventam
1700 3257 1998 3313 immatura
2024 3297 2068 3356 ε

408 3350 613 3406 canitie
642 3349 969 3421 castigavit,
1005 3364 1070 3404 ac
1115 3349 1285 3405 verba
1320 3348 1612 3405 confestim
1650 3348 1856 3405 factum
1909 3357 1997 3405 est

408 3452 770 3499 consecutum
792 3482 808 3505 .
837 3448 1196 3512 mutatusque
1225 3448 1310 3496 cst
1344 3440 1502 3511 niger
1531 3441 1686 3496 color
1715 3441 1953 3511 pilorum
1975 3480 1991 3507 ,

409 3542 468 3589 et
505 3532 717 3590 similes
752 3541 1050 3588 evaserunt
1092 3532 1328 3589 novellis
1357 3531 1659 3589 arboribus
1695 3548 1818 3603 quae
1864 3548 1994 3588 vere

286 3620 296 3628 ’
408 3630 614 3696 opertae
646 3631 779 3679 sunt
810 3624 961 3680 foliis
1003 3624 1444 3681 autumnalibus.
1487 3622 1568 3679 Ita
1616 3640 1786 3682 sensu
1834 3632 1994 3680 tactae

409 3715 664 3786 supplicii
701 3713 867 3787 (nam
902 3722 958 3770 et
990 3714 1158 3771 fontis
1193 3713 1397 3770 ﬂuenta
1431 3712 1766 3786 eﬂ‘ugerant,
1800 3722 1854 3770 et
1891 3729 1993 3772 sua

407 3805 645 3861 invicem
683 3806 866 3876 capita
897 3805 1176 3863 intuentes
1196 3848 1212 3875 ,
1248 3805 1594 3877 repentinam
1624 3805 1778 3861 illam
1809 3814 1992 3860 muta-

407 3894 612 3953 tionem
638 3896 959 3969 videbant),
987 3898 1195 3955 cursim
1226 3896 1295 3953 ad
1327 3897 1522 3953 urbem
1551 3896 1990 3962 contenderunt,

407 3990 804 4045 renuntiatum
827 3991 974 4061 quod
1000 3990 1302 4047 acciderat.
1328 3989 1432 4058 Qui
1456 4006 1581 4047 mox
1606 3999 1991 4054 accurrentes,

405 4087 466 4133 ut
494 4079 563 4135 ad
596 4095 854 4152 magnum
894 4076 1164 4139 Jacobum
1209 4090 1513 4149 venerunt,
1559 4090 1903 4153 rogaverunt
1932 4091 1994 4138 ut

403 4173 543 4226 iram
579 4182 994 4243 compesceret,
1025 4182 1081 4230 et
1114 4188 1336 4246 pmnam
1373 4177 1706 4232 remitteret.
1733 4172 1831 4231 ille
1861 4190 1992 4231 vero

407 4260 548 4316 nihil
581 4271 903 4328 cunctatus,
941 4262 1180 4322 Domino
1214 4278 1413 4338 preces
1440 4265 1666 4334 obtulit,
1702 4276 1757 4322 et
1785 4264 1993 4321 ﬂuenta

402 4366 602 4407 rursus
631 4360 849 4409 scatere
872 4353 1043 4423 jussit
1070 4374 1084 4411 :
1115 4367 1230 4412 tum
1267 4352 1361 4413 illa
1390 4356 1575 4412 denuo
1607 4373 1637 4413 e
1667 4356 1786 4413 suis
1818 4370 1992 4427 pene-

402 4443 640 4499 tralibus
666 4444 800 4515 justi
831 4446 1060 4504 mitibus
1089 4447 1343 4505 derivata
1376 4458 1703 4519 eruperunt.
1735 4445 1853 4503 Hoc
1888 4446 1992 4504 im-

401 4542 646 4604 petrato,
673 4537 937 4608 petebant
963 4550 1020 4594 ut
1055 4541 1222 4597 etiam
1252 4542 1492 4596 ﬁliarum
1518 4541 1772 4596 crinibus
1801 4539 1991 4613 pristi-

2110 2522 2389 2592 σχήματος
2428 2522 2489 2576 τὸ
2541 2522 2913 2596 καινοπρεπὲς
2948 2525 3382 2598 κατῃδέσθησαν,
3432 2526 3567 2580 ἀλλὰ
3595 2525 3697 2595 τὴν

2106 2610 2240 2664 αἰδὼ
2278 2612 2676 2684 ἀποῤῥίψασαι,
2725 2613 3231 2687 ἀπηρυθριασμένῳ
3269 2620 3567 2688 προσώπῳ,
3600 2617 3697 2672 καὶ

2105 2702 2379 2757 άναιδέσιν
2407 2703 2707 2775 ὀφθαλμοῖς
2754 2705 2841 2758 τὸν
2890 2705 3033 2760 θεῖον
3066 2706 3353 2778 ἄνθρωπον
3391 2708 3692 2781 ἐθεώρουν,

2104 2791 2229 2848 οὒτε
2258 2795 2357 2858 τὰς
2406 2795 2652 2866 κεφαλὰς
2688 2796 3190 2866 συγκαλύπτουσαι,
3218 2799 3339 2853 οὐδὲ
3382 2800 3452 2853 τὰ
3490 2801 3696 2867 ἀνεζω-

2107 2885 2281 2955 σμὲνα
2304 2886 2549 2957 χαλῶσαι
2577 2888 2789 2959 ἱμάτια.
2823 2889 2993 2943 Τοῦτο
3023 2890 3358 2963 δυσχεράνας
3385 2894 3414 2945 ό
3435 2891 3529 2946 τοῦ
3555 2890 3695 2947 Θεοῦ

2104 2970 2412 3047 ἄνθρωπος,
2452 2976 2546 3031 καὶ
2574 2977 2744 3042 δεῖξαι
2775 2976 2868 3032 τοῦ
2902 2978 3034 3032 Θεοῦ
3065 2980 3162 3051 τὴν
3193 2980 3420 3053 δύναμιν
3451 2983 3530 3045 εἰς
3568 2999 3695 3037 και-

2104 3065 2199 3135 ρὸν
2251 3067 2539 3140 ἐθελήσας,
2595 3067 2683 3124 ἵνα
2717 3071 2784 3142 τῇ
2832 3070 3254 3144 θαυματουργία
3284 3073 3383 3143 τῆς
3437 3074 3695 3138 ἀσεϐείας

2102 3155 2470 3230 ἐλευθερώσῃ,
2501 3158 2819 3230 ἐπηράσατο
2869 3162 2968 3232 μὲν
2997 3163 3064 3233 τῇ
3099 3164 3273 3234 πηγῇ,
3329 3165 3423 3217 καὶ
3461 3164 3695 3236 φροῦδον

2102 3248 2420 3321 παραυτίκα
2451 3249 2512 3304 τὸ
2567 3250 2780 3324 ῥεῖθρον
2826 3251 3065 3322 ἐγένετο·
3099 3255 3418 3326 ἐπηράσατο
3456 3255 3516 3309 δέ
3568 3257 3693 3319 ταῖς

2104 3338 2344 3411 μείραξι,
2373 3340 2467 3394 καὶ
2498 3343 2597 3413 τὴν
2619 3341 2975 3412 ἀναίσχυντον
2996 3343 3176 3399 αὐτῶν
3200 3345 3431 3416 νεότητα
3459 3346 3695 3419 προώρῳ

2100 3431 2326 3485 ἐκόλασε
2361 3431 2545 3504 πολιᾷ,
2594 3433 2692 3487 καὶ
2722 3434 2907 3487 εἵπετο
2957 3432 3037 3504 τῷ
3072 3432 3217 3506 λόγῳ
3267 3435 3327 3488 τὸ
3359 3435 3548 3509 ἔργον⁹
3594 3437 3694 3492 καὶ

2099 3522 2161 3577 τὸ
2230 3523 2400 3595 μέλαν
2439 3524 2548 3578 τῶν
2602 3524 2806 3596 τριχῶν
2851 3524 3226 3597 ἐνηλλάττετο,
3289 3527 3384 3581 καὶ
3423 3526 3692 3583 εἰώκεσαν

2100 3614 2382 3685 νεοφύτοις
2415 3614 2658 3686 δένδροις
2693 3615 2752 3668 ἐν
2782 3613 2903 3687 ἔαρι
2938 3618 3286 3689 μετοπωρινὰ
3324 3616 3500 3687 φύλλα
3536 3635 3695 3691 περι-

2102 3706 2400 3778 κειμένοις.
2425 3706 2613 3770 Οὕτως
2648 3707 2969 3779 αἰσθόμεναι
2996 3710 3095 3781 τῆς
3124 3707 3417 3781 τιμωρίας⁵
3467 3709 3570 3781 τῆς
3629 3729 3691 3766 τε

2099 3798 2210 3871 γὰρ
2256 3801 2440 3872 πηγῆς
2471 3800 2683 3875 ἀπέδρα
2740 3802 2809 3857 τὰ
2863 3803 3102 3873 νάματα,
3157 3802 3252 3855 καὶ
3296 3801 3393 3867 τὰς
3440 3801 3690 3873 ἀλλήλων

2100 3890 2371 3962 θεώμεναι
2444 3893 2727 3963 κεφαλὰς,
2799 3895 2986 3968 ἐώρων
3045 3893 3147 3965 τὴν
3213 3893 3414 3969 ἀθρόαν
3470 3893 3691 3965 ἐκείνην

2103 3983 2411 4058 μεταϐολήν
2444 4001 2457 4016 ⁸
2524 3986 2761 4061 ἔδραμον
2817 3990 2898 4053 εἰς
2945 3987 3045 4060 τὴν
3121 3986 3274 4042 πόλιν
3337 3988 3399 4042 τὸ
3465 3986 3690 4059 συμϐάν

2098 4076 2563 4148 ἀπαγγέλλουσαι.
2626 4080 2689 4134 Οἱ
2746 4080 2803 4134 δέ
2846 4079 3169 4152 δραμόντες,
3225 4077 3453 4133 καὶτὸν
3512 4080 3691 4149 μέγαν

2099 4168 2502 4234 καταλαϐόντες
2519 4170 2794 4237 Ἰάκωϐον,
2825 4170 3071 4224 ἱκέτευον
3101 4169 3338 4241 χαλᾶσαι
3364 4171 3465 4243 τὴν
3493 4171 3687 4241 ὀργὴν,

2098 4258 2195 4312 καὶ
2236 4256 2395 4312 λῦσαι
2446 4258 2546 4328 τὴν
2596 4261 2892 4332 τιμωρίαν.
2927 4263 2985 4315 '0
3022 4260 3081 4315 δέ
3111 4260 3248 4333 μηδέ
3279 4260 3452 4333 βραχὺ
3488 4259 3689 4330 μελλή·

2100 4364 2222 4414 σας,
2254 4350 2559 4423 προσέφερε
2606 4352 2705 4423 μὲν
2742 4352 2820 4424 τῷ
2853 4352 3099 4426 Δεσπότῃ
3153 4351 3254 4423 τὴν
3289 4351 3519 4418 ἱκεσίαν,
3562 4351 3688 4404 ἐκέ⁸

2097 4436 2221 4492 λευε
2247 4436 2324 4492 οδέ
2356 4439 2514 4494 πάλιν
2559 4439 2862 4495 ἀναϐλῦσαι
2900 4442 2967 4496 τὰ
2996 4443 3233 4514 νάματα’
3269 4443 3337 4497 τὰ
3374 4442 3432 4495 δὲ
3469 4458 3687 4512 παραυ-

2096 4529 2224 4586 τίκα
2269 4531 2432 4586 πάλιν
2487 4532 2554 4586 ἐκ
2582 4526 2710 4587 “τῶν
2755 4531 2972 4588 οἰκείων
3028 4534 3352 4604 ἀνεφαίνετο
3387 4533 3681 4604 ταμιείων,

400 4645 506 4691 nus
534 4631 684 4688 color
711 4632 1057 4690 redderetur.
1083 4632 1294 4689 Ferunt
1321 4643 1503 4689 autem
1535 4635 1687 4690 illum
1722 4634 1827 4690 hoc
1851 4650 1989 4705 quo-

2103 4625 2207 4689 τοῖς
2242 4623 2337 4677 τοῦ
2363 4622 2569 4678 δικαίου
2602 4622 3065 4696 μετοχετευόμενα
3088 4624 3369 4697 νεύμασιν.
3395 4623 3458 4677 Ol
3483 4623 3538 4676 δὲ
3562 4621 3689 4675 τού-

398 4735 507 4789 que
538 4721 921 4787 concessisse,
953 4734 1008 4777 et
1035 4722 1249 4792 puellas
1277 4721 1626 4792 requisiisse,
1664 4737 1788 4792 qua:
1817 4721 1991 4794 plexae

2103 4730 2202 4770 των
2236 4715 2618 4787 τετυχηκότες,
2646 4717 2740 4771 κα)⁸
2766 4719 2879 4781 τοῖς
2899 4717 3205 4788 πλοκάμοις
3235 4715 3345 4769 τῶν
3365 4714 3689 4787 θυγατέρων

400 4808 503 4865 hac
536 4824 695 4880 poena
734 4810 991 4866 fuerant:
1026 4812 1237 4885 1111
1276 4820 1331 4868 et
1366 4815 1630 4884 quoniam
1673 4829 1783 4868 non
1822 4827 1988 4869 vene-

397 4908 563 4967 runt,
614 4901 948 4972 supplicium
1003 4900 1338 4973 reliquisse,
1395 4904 1543 4975 quod
1594 4904 1987 4959 documentum

397 4989 540 5047 foret
572 4992 990 5063 temperantiae,
1025 5003 1079 5049 et
1107 5006 1495 5067 argumentum
1526 4995 1831 5051 honestatis
1852 5037 1867 5061 ,
1899 4991 1988 5049 di-

396 5080 646 5152 vinaeque
682 5084 906 5141 virtutis
944 5096 1273 5157 perpetuum
1312 5095 1368 5143 et
1406 5086 1637 5144 evidens
1675 5088 1987 5142 monimen-

397 5181 537 5229 tum.
572 5173 706 5232 Tale
737 5176 842 5233 fuit
870 5178 999 5234 novi
1035 5178 1204 5251 hujus
1240 5178 1409 5237 Mosis
1440 5181 1770 5236 miraculum
1792 5221 1808 5247 ν
1839 5177 1987 5252 (ιυυά

398 5263 621 5331 quidem
663 5281 777 5322 non
810 5268 981 5339 virga:
1018 5270 1412 5339 percussione,
1448 5270 1546 5327 sed
1598 5271 1759 5341 signo
1804 5267 1989 5324 crucis

400 5352 706 5423 perfectum
737 5366 845 5412 est.
886 5356 1016 5415 Mihi
1044 5376 1178 5415 vero
1211 5371 1415 5432 praeter
1444 5360 1776 5416 miraculum
1815 5358 1990 5413 admi-

403 5441 510 5495 rari
544 5442 694 5499 subit
724 5448 1235 5505 mansuetudinem.
1270 5447 1459 5520 Neque
1486 5452 1632 5504 enim
1667 5458 1724 5506 ut
1754 5463 1988 5520 magnus

400 5530 628 5590 Elisaaus
665 5534 1011 5607 impudentes
1043 5541 1166 5596 illas
1201 5540 1414 5612 puellas
1442 5538 1592 5596 ursis
1627 5538 1853 5595 tradidit
1884 5541 1987 5596 im-

400 5623 697 5682 manibus:
728 5630 826 5685 sed
850 5673 865 5698 ,
902 5631 1131 5687 innoxia
1170 5632 1409 5704 quadam
1451 5630 1750 5704 disciplina
1785 5638 1839 5685 et
1868 5646 1988 5702 qua

398 5712 689 5774 dedecoris
726 5735 926 5790 parum
964 5720 1202 5777 habebat
1225 5762 1241 5788 ,
1272 5723 1535 5792 pietatem
1572 5721 1741 5776 simul
1779 5730 1832 5776 et
1865 5736 1988 5776 mo-

398 5806 740 5873 derationem
768 5811 1012 5867 edocuit.
1046 5809 1185 5878 Quae
1215 5812 1439 5882 quidem
1481 5826 1591 5866 non
1635 5825 1703 5865 eo
1739 5811 1886 5876 dixi,
1926 5821 1986 5869 ut

400 5899 721 5968 prophetam
763 5901 990 5957 saevitia:
1026 5918 1286 5961 accusem
1333 5906 1522 5975 (absit
1560 5911 1619 5958 ut
1659 5901 1795 5958 adeo
1833 5905 1987 5961 insa-

2090 4805 2191 4879 τὴν
2225 4807 2500 4879 προτέραν
2527 4809 2845 4878 ἠντιϐόλουν
2887 4810 3056 4881 χρόαν
3096 4807 3442 4880 ἀποδοθῆναι.
3480 4806 3586 4861 Τὸν
3624 4808 3687 4860 δέ

2091 4892 2232 4961 εῐξαι
2267 4899 2366 4968 μὲν
2392 4898 2484 4953 καὶ
2516 4897 2675 4952 τοῦτό
2704 4916 2890 4968 φασιν,
2918 4898 3245 4971 ἐπιζητῆσαι
3277 4898 3335 4953 δέ
3364 4898 3462 4961 τὰς
3492 4898 3682 4970 κόρας,

2090 4983 2190 5046 τὰς
2211 4984 2308 5055 τὴν
2339 4986 2590 5040 παιδείαν
2617 4988 2835 5059 ἐκείνην
2882 4987 3203 5059 δεξαμένας
3237 4989 3332 5042 καὶ
3355 4988 3544 5056 ἐπειδὴ
3581 4989 3685 5040 οὐκ

2091 5072 2368 5143 ἀφίκοντο,
2397 5077 2557 5131 ἐᾶσαι
2593 5076 2693 5149 τὴν
2724 5081 3015 5152 τιμωρίαν,
3043 5079 3279 5152 δίδαγμα
3303 5079 3681 5151 σωφροσύνης,

2093 5166 2187 5220 καὶ
2224 5167 2528 5240 εὐκοσμίας
2571 5168 2851 5236 ὕπόθεσιν,
2888 5172 2984 5223 καὶ
3027 5174 3128 5243 τῆς
3182 5170 3335 5234 θείας
3396 5171 3685 5242 δυνάμεως

2093 5257 2391 5330 ὑπόμνημα
2443 5258 2687 5330 διηνεκές
2726 5277 2785 5315 τε
2844 5261 2939 5315 καὶ
2995 5260 3243 5335 ἐναργές.
3287 5258 3542 5316 Τοιοῦτον
3584 5258 3681 5314 τοῦ

2092 5346 2213 5403 νέου
2246 5347 2440 5403 τούτου
2480 5351 2765 5416 Μωῡσέως
2810 5351 2873 5405 τὸ
2902 5348 3112 5424 θαῦμα,
3157 5353 3220 5406 οὐ
3260 5351 3441 5424 πληγῇ
3481 5352 3680 5425 ῥάϐδου

2092 5441 2400 5514 γενόμενον,
2434 5441 2570 5496 ἀλλὰ
2619 5440 2697 5515 τῷ
2734 5442 2828 5498 τοῦ
2870 5446 3109 5517 σταυροῦ
3151 5442 3365 5518 σημείῳ
3388 5444 3681 5512 δεξάμενον

2090 5534 2189 5605 τὴν
2236 5533 2537 5607 ἐνέργειαν.
2593 5530 2733 5604 Ἐγὼ
2769 5533 2825 5589 δὲ
2862 5538 3000 5609 πρὸς
3039 5539 3104 5610 τῇ
3140 5537 3560 5610 θαυματουργία
3586 5554 3681 5590 κο-

2094 5626 2221 5697 μιδῇ
2254 5620 2519 5697 θαυμάζω
2562 5627 2655 5681 καὶ
2714 5628 2812 5700 τὴν
2843 5629 3149 5701 πραότητα.
3203 5628 3338 5683 Οὐδὲ
3375 5629 3483 5702 γὰρ
3524 5628 3600 5692 ὡς
3651 5632 3682 5684 ό

2094 5717 2272 5788 μέγας
2332 5719 2635 5784 Ἐλισσαῖος
2687 5719 2880 5791 ἇρκοις
2922 5721 3242 5794 αίμοϐόροις
3286 5721 3389 5786 τὰς
3442 5720 3680 5784 ἀναιδεῖς

2090 5810 2306 5875 ἐκείνας
2358 5812 2643 5886 παρέδωκε
2693 5814 2887 5885 κόρας’
2942 5814 3059 5868 ἀλλ’
3107 5815 3332 5878 ἀϐλαϐεῖ
3387 5832 3496 5869 τινι
3544 5830 3679 5878 fuat-

2089 5901 2229 5973 δείᾳ,
2255 5903 2348 5958 καί
2382 5904 2621 5976 σμικρὰν
2645 5905 2847 5980 ἐχούσῃ
2871 5905 2970 5978 τὴν
2998 5907 3273 5978 ἀκοσμίαν
3307 5908 3673 5981 χρησάμενος,
