4030 6418
358 357 494 427 1297

1592 359 2002 423 RELIGIOSA
2056 356 2443 419 HISTORIA.

3500 358 3641 424 1298

357 470 640 528 εὐσέϐειαν
669 468 806 540 ὁμοῦ
853 468 946 524 καὶ
986 468 1286 540 εὐκοσμίαν
1331 466 1559 533 ἐδίδαξε.
1608 467 1720 521 Καὶ
1771 464 1943 521 ταῦτα

2066 465 2190 519 tiam
2217 466 2278 537 ι),
2311 466 2407 520 sed
2448 470 2508 519 ut
2546 463 2838 520 ostendam
2881 464 3060 529 illum,
3085 479 3211 520 cum
3253 465 3498 522 eamdem
3538 467 3640 523 ba-

356 563 516 635 ἐερην,
554 560 655 614 οὐκ
692 560 965 631 ἀπήνειαν
997 557 1094 613 τοῦ
1131 560 1418 630 προφήτου
1472 557 1822 628 κατηγορῶν,
1867 557 1945 626 μὴ

355 651 503 705 οὕτω
544 650 794 719 μανείην
844 646 981 703 ἀλλά
1022 648 1235 711 δεικνὺς
1268 648 1346 712 ὡς
1394 645 1619 717 εκείνην.
1659 645 1800 717 ἔχων
1823 646 1945 717 οτὴν

355 742 609 811 δύναμιν,
651 744 717 812 τῇ
763 740 857 794 τοῦ
899 738 1135 811 Χριστοῦ
1189 739 1479 811 πραότητι,
1528 738 1625 793 καὶ
1667 741 1733 810 τῇ
1765 740 1944 811 Καινῇ

357 834 608 905 Διαθήκῃ
658 832 908 886 ἐπετέλει
935 832 1004 886 τὰ
1047 831 1352 903 πρόσφορα.
1388 823 1557 894 Οὗτος
1598 830 1790 885 ἄλλοτέ
1817 846 1947 885 ποτε

356 926 624 995 δικαστὴν
657 925 879 997 Πέρσην
899 924 1069 993 ἀδίκῳ
1102 924 1270 995 ψήφῳ
1292 924 1647 995 χρησάμενον
1672 923 1949 993 θεασάμε-

355 1030 470 1077 νος,
507 1010 641 1081 λίθῳ
663 1015 771 1065 τινί
803 1012 1048 1082 μεγίστῳ
1077 1011 1473 1083 παρακειμένῳ
1500 1013 1945 1083 ἐπαρασάμενος,

359 1102 716 1174 συντριϐῆναι
756 1105 848 1156 καὶ
896 1103 1285 1174 σκεδασθῆναι,
1337 1105 1433 1159 κα)⁴
1473 1103 1649 1175 τούτῳ
1677 1103 1951 1172 διελέγξαι

354 1193 461 1263 τὴν
492 1192 674 1248 ἄδικον
727 1194 939 1248 ἐκείνου
971 1194 1336 1265 παρηγγύησε
1379 1194 1583 1264 ψῆφον.
1627 1195 1949 1265 Παραυτίκα

353 1284 415 1338 δὲ
462 1283 558 1337 τοῦ
608 1284 759 1339 λίθου
804 1285 886 1348 είς
938 1285 1107 1356 μυρία
1160 1285 1326 1358 μόρια
1355 1285 1726 1358 μερισθέντος,
1753 1284 1949 1351 ὲξεδει-

362 1372 697 1445 ματώθησαν
722 1376 776 1430 oi
812 1374 1103 1446 παρόντες·
1145 1375 1347 1447 φρίκης
1390 1375 1447 1428 δὲ
1477 1375 1760 1440 ἀνάπλεως
1793 1377 1822 1429 ὁ
1867 1376 1948 1430 δι-

359 1466 572 1537 καστὴς
603 1466 917 1537 γενόμενος,
975 1467 1343 1521 ἀνεκαλέσατο
1378 1466 1478 1538 μὲν
1519 1467 1621 1537 τὴν
1655 1467 1948 1537 προτέραν,

314 1610 321 1617 ,
356 1559 555 1628 ἑτέραν
610 1558 668 1611 δὲ
717 1557 937 1613 δικαίαν
970 1560 1248 1628 ἐπήνεγκε
1288 1558 1490 1628 ψῆφον·
1532 1557 1815 1612 κάνταῦθα
1860 1558 1950 1613 τὸν

355 1653 561 1704 οἰκεῖον
588 1650 869 1721 Δεσπότην
933 1649 1226 1720 ἐζήλωσενο
1256 1649 1316 1713 ὃς
1349 1648 1517 1713 δεῖξαι
1550 1647 1831 1719 βουληθεὶς
1875 1648 1952 1711 ὡς

358 1741 503 1797 ἑκὼν
551 1741 812 1814 ὑπομένει
867 1741 930 1795 τὸ
962 1741 1154 1807 πάθος,
1203 1742 1300 1794 καὶ
1333 1740 1534 1813 ῥᾳδίως
1583 1740 1651 1795 ἂν
1689 1739 1950 1811 ἐθελήσας

2058 559 2214 613 beret
2244 559 2503 612 virtutem
2529 597 2542 619 ,
2574 570 2642 612 ea
2672 556 2860 627 potius
2890 557 3075 624 egisse
3096 556 3220 627 quae
3248 557 3454 613 Christi
3481 575 3641 617 man-

2055 650 2338 705 suetudini
2373 657 2428 704 et
2475 647 2628 705 Novo
2674 647 3030 705 Testamento
3055 658 3445 721 congruerent.
3495 651 3641 708 idem

2055 756 2183 797 cum
2238 741 2467 797 vidisset
2517 742 2814 811 aliquando
2867 743 3116 813 iniquam
3164 757 3195 796 a
3236 742 3425 812 judice
3471 741 3641 800 Persa

2054 833 2325 904 prolatare
2373 831 2545 888 fuisse
2592 834 2965 899 sententiam,
3010 834 3313 887 maximum
3342 835 3639 905 quemdam

2056 924 2294 994 lapidem
2318 965 2333 990 ,
2373 927 2468 993 qui
2509 926 2795 995 proximus
2835 932 2990 987 erat,
3023 935 3380 989 exsecratus,
3428 928 3644 981 conteri

2056 1032 2120 1069 ac
2155 1015 2418 1085 dissipari
2450 1017 2657 1086 jussit,
2692 1016 2956 1086 illiusque
3006 1015 3253 1085 iniquam
3302 1019 3641 1073 sententiam

2057 1121 2326 1176 arguere:
2363 1108 2542 1178 lapide
2574 1115 2758 1162 autem
2792 1106 2845 1160 in
2875 1107 3179 1177 particulas
3210 1107 3643 1165 innumerabiles

2056 1198 2245 1252 statim
2284 1196 2658 1260 comminuto,
2694 1196 2984 1252 conterriti
3020 1200 3035 1220 '
3068 1207 3196 1252 sunt
3236 1199 3332 1267 qui
3368 1197 3639 1263 aderant,

2057 1299 2113 1345 et
2145 1293 2377 1345 horrore
2409 1291 2607 1360 plenus
2631 1290 2800 1361 judex
2836 1290 3075 1361 priorem
3099 1291 3417 1357 revocavit,
3464 1298 3522 1345 et
3563 1291 3643 1344 al-

2059 1391 2233 1437 teram
2261 1383 2495 1453 protulit
2522 1383 2877 1439 sententiam.
2908 1382 3084 1453 Atque
3110 1382 3202 1436 hic
3228 1396 3449 1453 quoque
3478 1398 3639 1439 suum

2060 1475 2310 1531 imitatus
2341 1484 2425 1530 est
2458 1474 2754 1530 Dominum
2778 1514 2794 1539 ,
2823 1475 2921 1545 qui
2952 1483 3011 1529 ut
3048 1474 3366 1530 ostenderet
3396 1489 3458 1530 se
3493 1473 3644 1529 ultro

2057 1576 2112 1622 et
2139 1580 2240 1621 sua
2267 1573 2464 1637 sponte
2481 1567 2797 1636 passionem
2830 1565 3041 1628 subire,
3059 1563 3354 1635 facileque,
3381 1564 3430 1620 si
3458 1563 3646 1628 vellet,

2059 1657 2260 1729 punire
2294 1658 2599 1713 sceleratos
2625 1657 2877 1730 potuisse
2895 1695 2911 1723 ,
2949 1655 3280 1726 supplicium
3307 1654 3392 1710 eis
3418 1668 3531 1709 non
3561 1652 3646 1708 in—

2062 1750 2222 1817 tulit,
2256 1748 2354 1805 sed
2392 1748 2557 1804 ticum
2593 1747 2896 1803 inanimam
2924 1746 3095 1802 verbo
3124 1744 3469 1809 arefaciens,
3509 1742 3644 1816 quid

357 1836 486 1899 τοὺς
510 1834 821 1907 ἀλιτηρίους
844 1835 1122 1897 ἐκόλασεν,
1155 1832 1257 1888 οὐκ
1277 1834 1461 1897 αὐτοῖς
1491 1835 1762 1904 ἐπήνεγκε
1787 1849 1839 1886 τι
1848 1850 1950 1903 μω-

2066 1849 2244 1910 posset
2270 1838 2699 1894 demonstravit.
2720 1836 2897 1903 Quam
2923 1845 2979 1891 et
3004 1836 3124 1906 ipse
3153 1834 3374 1890 imitans
3401 1834 3641 1891 clemen-

363 1933 508 2001 ρίαν,
546 1930 685 1985 ἀλλά
719 1929 821 2002 τὴν
860 1928 1070 1999 ἄψυχον
1127 1927 1301 1998 συκῆν
1348 1925 1492 1996 λόγῳ
1541 1923 1805 1997 ξηράνας,
1853 1922 1952 1994 τὴν

357 2024 569 2077 οἰκείαν
593 2022 763 2088 ἔδειξε
784 2021 1036 2092 δύναμιν.
1069 2018 1290 2089 Ταύτην
1332 2018 1430 2073 καὶ
1481 2017 1646 2081 αὐτὸς
1697 2016 1796 2086 τὴν
1828 2016 1954 2084 φιλ-

2062 1931 2228 1995 tiam,
2263 1931 2532 2001 injustum
2561 1930 2806 2000 judicem
2836 1943 2945 1984 non
2975 1927 3156 1999 puniit
3183 1964 3200 1991 ,
3234 1924 3332 1982 sed
3362 1926 3476 1981 ictu
3500 1925 3643 1994 lapi-

2061 2021 2150 2078 dis
2174 2022 2452 2093 justitiam
2486 2023 2644 2077 illum
2679 2020 2988 2091 perdocuit.

359 2117 681 2189 ανθρωπίαν
745 2115 1104 2188 μιμούμενος,
1130 2113 1191 2168 ού
1244 2112 1338 2166 τὸν
1392 2110 1581 2167 ἄδικον
1638 2112 1867 2168 ἐκόλασε
1904 2114 2185 2187 δικαστὴν,
2224 2115 2361 2170 ἀλλά
2409 2119 2477 2188 τῇ
2514 2114 2611 2170 τοῦ
2666 2115 2816 2170 λίθου
2864 2107 3046 2185 πληγῇ
3083 2112 3435 2183 δικαιοσύνην
3478 2111 3647 2168 αὑτὸν

362 2207 621 2275 ἐδίδαξεν.

444 2300 536 2354 Ἐν
569 2296 784 2361 τούτοις
815 2295 1138 2367 διαπρέπων
1174 2294 1270 2348 καὶ
1305 2296 1473 2349 πᾶσιν
1515 2295 1826 2367 ἐπέραστος
1856 2295 1956 2360 ὢν,

361 2391 461 2445 καὶ
489 2392 547 2443 ἐν
589 2392 712 2452 ταῖς
746 2389 1005 2442 ἀπάντων
1054 2384 1488 2456 περιφερόμενος
1538 2385 1835 2454 γλώσσαις,
1878 2389 1959 2451 είς

362 2483 465 2553 τὴν
490 2481 586 2551 τῆς
623 2476 1041 2551 ἀρχιερωσύνης
1068 2476 1289 2548 ἔρχεται
1329 2476 1695 2548 λειτουργίαν,
1727 2479 1820 2530 καὶ
1858 2476 1960 2548 τῆς

365 2576 632 2649 πατρίδος
674 2574 937 2645 λαγχάνει
977 2573 1078 2644 τὴν
1127 2573 1487 2643 προστασίαν.
1538 2572 1867 2638 Ἐναλλάξας
1898 2573 1959 2627 δὲ

363 2671 465 2741 τὴν
502 2670 684 2741 ὄρειον
708 2667 928 2737 ἐκείνην
958 2665 1264 2738 διατριϐὴν,
1302 2666 1399 2719 καὶ
1424 2665 1527 2737 τὴν
1566 2666 1626 2720 ὲν
1656 2667 1810 2720 ἀστει
1843 2666 1957 2722 δια-

365 2760 555 2832 γωγὴν
583 2759 647 2813 ού
677 2758 819 2812 κατά
854 2757 1078 2830 γνώμην
1122 2757 1396 2829 ἐλόμενος,
1428 2757 1554 2811 οὔτε
1588 2759 1688 2828 τὴν
1726 2758 1953 2830 τροφὴν,

365 2850 495 2906 οὕτε
519 2852 619 2923 τὴν
652 2850 972 2920 ἀμπεχόνην
1009 2847 1336 2920 ἐνήλλαξενο
1368 2848 1507 2902 ἀλλὰ
1541 2847 1611 2901 τὰ
1654 2849 1751 2919 μὲν
1781 2846 1958 2919 χωρία

366 2938 656 3011 ἠμείϐετο,
694 2940 727 3010 ἡ
761 2937 819 2990 δὲ
851 2938 1100 2991 πολιτεία
1138 2936 1443 3010 μεταϐολὴν
1481 2939 1584 2993 οὐκ
1621 2938 1857 3008 ἐδέχετο.
1892 2938 1956 2991 Οί

363 3030 425 3083 δὲ
465 3029 618 3085 πόνοι
653 3026 983 3100 προσθήκην
1042 3028 1372 3099 ἐλάμϐανον,
1416 3029 1511 3082 καὶ
1564 3027 1957 3082 πολλαπλάσιοι

364 3119 476 3173 τῶν
505 3121 790 3190 προτέρων
819 3117 1091 3188 ἐγένοντο.
1133 3119 1212 3190 Τῇ
1243 3118 1353 3190 γὰρ
1372 3118 1599 3192 νηστείᾳ
1626 3118 1720 3172 καὶ
1751 3135 1958 3189 χαμευ-

367 3213 477 3284 via,
510 3211 608 3266 καὶ
637 3214 705 3283 τῇ
742 3210 838 3264 τοῦ
884 3211 1091 3265 σάκκου
1116 3211 1402 3284 περιϐολῇ,
1444 3212 1773 3285 ὲπεισῄεσαν
1797 3212 1852 3265 at
1888 3209 1956 3265 δι’

366 3302 491 3357 ὅλου
524 3303 635 3356 τῶν
693 3289 964 3373 δεομένιίη
1017 3302 1561 3375 φροντίδεςοχηρῶν,
1623 3303 1788 3375 φημὶ,
1839 3305 1959 3358 επι-

370 3395 605 3463 μέλειαι,
638 3395 732 3447 καὶ
758 3394 1012 3464 ὀρφανῶν
1045 3395 1174 3463 κηδε
1187 3396 1392 3466 μονίαι,
1438 3397 1532 3450 καλ⁵
1565 3395 1676 3449 τῶν
1717 3395 1961 3450 ἀδικούν-

364 3505 479 3542 των
507 3487 557 3541 οί
585 3487 821 3557 ἔλεγχοι,
845 3486 1027 3540 τῶνδὲ
1053 3486 1429 3556 ἀδικουμένων
1452 3488 1485 3557 ή
1514 3485 1702 3540 δικαία
1732 3489 1958 3540 ἐπικου-

370 3576 485 3647 ρία.
520 3576 633 3631 Καὶ
677 3576 730 3630 τί
763 3577 845 3630 δεῖ
877 3577 1014 3645 πρὸς
1052 3576 1262 3641 εἰδότας
1288 3576 1502 3631 ἅπαντα
1535 3577 1955 3647 καταλέγεσθαι,

366 3668 405 3724 ἃ
453 3669 583 3732 τοὺς
632 3668 841 3739 ταύτην
891 3667 1353 3738 ἀναδεδεγμένους
1422 3668 1813 3741 περιστοιχίζει
1860 3669 1959 3738 τὴν

368 3758 661 3832 πρόνοιαν;
710 3760 1091 3832 Διαφερόντως
1128 3760 1187 3813 δὲ
1238 3759 1451 3824 ἐκεῖνος
1496 3761 1626 3824 τοὺς
1683 3760 1958 3827 τοιούτους

370 3852 572 3916 πόνους
637 3851 940 3922 ἠσπάζετο,
990 3852 1085 3905 ἅτε
1119 3850 1184 3922 δὴ
1214 3850 1579 3922 διαφερόντως
1626 3852 1721 3906 καὶ⁵
1773 3851 1959 3906 ποθῶν

371 3946 467 3999 καὶ
519 3943 707 4009 δεδιὼς
759 3946 853 3999 τὸν
915 3942 1023 3998 τῶν
1078 3942 1372 4014 προϐάτων
1425 3942 1653 4013 Κύριον.
1695 3944 1848 4015 Ὄσῳ
1902 3944 1961 3998 δὲ

372 4035 602 4090 πλείονα
628 4040 727 4108 τῆς
753 4035 962 4107 ἀρετῆς
994 4034 1087 4088 τὸν
1126 4034 1361 4091 πλοῦτον
1392 4035 1674 4105 συνέλεγε,
1716 4036 1959 4107 τοσούτῳ

378 4126 643 4199 μειζόνως
677 4128 772 4182 καὶ
797 4127 895 4197 τῆς
924 4125 1020 4180 τοῦ
1046 4126 1316 4195 παναγίου
1348 4126 1669 4198 Πνεύματος
1706 4128 1959 4199 ἀπήλαυε

378 4218 620 4289 χάριτος.
652 4217 763 4272 Kal.
789 4217 854 4287 δή
891 4234 1022 4271 ποτε
1059 4216 1140 4281 si;
1168 4234 1290 4271 τινα
1323 4217 1520 4290 κώμην
1551 4218 1702 4289 αὐτῷ
1744 4219 1778 4290 ἦ
1809 4220 1963 4275 πόλιν

376 4313 698 4384 ἀπαίροντι·
723 4312 786 4365 ού
820 4311 931 4381 γὰρ
960 4310 1070 4382 ἔχω
1107 4310 1289 4379 λέγειν
1334 4311 1586 4383 ἀκριϐῶς
1625 4313 1689 4366 τὸ
1723 4313 1925 4385 χωρίον
1947 4330 1960 4345 ·

376 4406 638 4479 προσίασι
668 4422 816 4469 τινες
854 4404 1109 4474 πένητες,
1158 4404 1255 4458 ἕνα
1282 4403 1404 4458 τινὰ
1439 4404 1549 4458 τῶν
1596 4406 1866 4460 συνόντων
1889 4405 1965 4469 ὡς

2131 2300 2460 2371 Hujusmodi
2513 2315 2648 2373 ergo
2706 2303 2876 2356 rebus
2931 2298 3211 2373 insignis,
3271 2297 3645 2369 omnibusque

2057 2393 2317 2448 amabilis
2365 2406 2494 2447 cum
2530 2400 2717 2457 esset,
2755 2400 2925 2463 atque
2972 2392 3030 2447 in
3080 2406 3179 2449 ore
3231 2390 3483 2448 omnium
3520 2390 3649 2460 ejus

2060 2483 2203 2539 fama
2238 2493 2576 2548 versaretur,
2617 2484 2859 2539 trahitur
2897 2485 2967 2539 ad
3004 2498 3208 2540 munus
3248 2481 3642 2553 pontiﬁcatus,

2063 2575 2277 2647 1112
2311 2583 2365 2631 et
2397 2579 2587 2645 patriae
2616 2591 2731 2631 sua:
2762 2574 3083 2645 praeficitur.
3112 2575 3426 2630 Montanam
3462 2583 3643 2628 autem

2066 2667 2216 2720 illam
2247 2666 2641 2723 habitationem
2663 2681 2789 2721 cum
2816 2673 3110 2733 mutasset,
3128 2665 3510 2733 urbanamque
3536 2676 3647 2717 non

2063 2770 2131 2812 ex
2176 2755 2351 2812 animi
2397 2755 2676 2812 sententia
2723 2756 3101 2826 suscepisset,
3138 2770 3242 2810 nec
3291 2754 3474 2808 cibum
3519 2766 3647 2808 mu-

2065 2848 2241 2910 tavit,
2276 2861 2380 2902 nec
2416 2847 2677 2904 vestitum
2699 2886 2714 2913 ,
2750 2847 2847 2904 sed
2884 2847 3113 2905 mutatis
3148 2846 3289 2902 locis
3322 2845 3450 2901 vitae
3480 2844 3647 2900 insti-

2067 2939 2215 2996 tutio
2249 2940 2460 2995 nullam
2518 2941 2667 3011 cepit
2724 2940 3109 2995 mutationem.
3144 2936 3483 2994 Crescebant
3516 2949 3651 2992 vero

2064 3031 2317 3097 labores,
2352 3042 2411 3087 ut
2434 3032 2609 3089 multo
2639 3033 2826 3103 plures
2859 3040 3021 3086 erant
3054 3029 3357 3101 prioribus.
3392 3026 3476 3083 Ad
3501 3025 3649 3097 jeju-

2064 3126 2219 3182 nium
2249 3126 2438 3192 enim,
2474 3131 2530 3179 et
2556 3122 2711 3178 bunii
2743 3122 3095 3179 cubationem
3115 3160 3132 3187 ,
3178 3130 3234 3176 et
3263 3134 3493 3178 saccum
3538 3133 3650 3189 quo

2062 3217 2422 3282 induebatur,
2467 3222 2825 3272 accesserant
2874 3214 3037 3270 etiam
3086 3227 3234 3269 cura:
3280 3211 3650 3282 indigentium

2062 3310 2312 3367 omnium
2333 3348 2350 3375 ,
2383 3316 2444 3363 ut
2468 3319 2524 3364 et
2553 3308 2623 3363 de
2650 3306 2833 3363 viduis
2864 3315 3013 3364 esset
3043 3304 3343 3369 sollicitus,
3371 3311 3426 3359 et
3450 3301 3654 3372 orpha-

2063 3403 2153 3459 nis
2184 3402 2540 3474 provideret,
2581 3408 2636 3456 et
2668 3399 2932 3471 injuriam
2969 3397 3241 3453 facientes
3276 3401 3564 3466 argueret,
3598 3400 3653 3449 ct

2061 3494 2271 3565 injuria
2300 3494 2590 3564 oppressis
2613 3493 2829 3563 justum
2861 3490 3082 3547 afferret
3106 3488 3398 3545 auxilium.
3425 3485 3491 3540 Et
3518 3482 3651 3555 quid

2063 3595 2207 3652 opus
2262 3590 2348 3637 est
2401 3580 2587 3636 omnia
2630 3595 2927 3636 recensere
2967 3578 3114 3651 apud
3160 3593 3258 3635 eos
3296 3576 3392 3648 qui
3445 3582 3654 3631 norunt

2060 3688 2317 3744 quaenam
2350 3672 2465 3729 illis
2492 3679 2845 3742 competant,
2871 3670 2966 3742 qui
2991 3672 3136 3725 hanc
3159 3669 3502 3742 provinciam
3527 3680 3655 3723 sus-

2060 3765 2303 3836 cepere?
2347 3763 2645 3835 lnsigniter
2694 3773 2879 3819 autem
2930 3762 3025 3818 ille
3070 3763 3174 3819 hes
3206 3758 3649 3830 amplectebatur

2062 3854 2317 3919 labores,
2348 3860 2410 3908 ut
2440 3853 2535 3924 qui
2566 3853 2753 3908 ovium
2782 3851 3076 3907 Dominum
3108 3850 3402 3920 insigniter
3422 3856 3478 3903 et
3503 3862 3656 3902 ama-

2062 3956 2146 4005 ret
2175 3955 2231 4004 et
2267 3947 2511 4003 timeret.
2546 3946 2669 4014 Quo
2700 3953 2885 4002 autem
2920 3944 3147 3999 virtutis
3177 3955 3311 4012 opes
3356 3940 3657 4010 colligebat
3710 4000 3715 4008 ,

2064 4040 2325 4111 majores,
2343 4054 2410 4095 eo
2431 4039 2642 4111 majore
2666 4035 3006 4094 sanctissimi
3030 4034 3273 4105 Spiritus
3292 4032 3469 4105 gratia
3499 4030 3654 4087 l'rue-

2064 4133 2249 4189 batur.
2282 4131 2422 4186 Nam
2450 4147 2576 4186 cum
2610 4131 2692 4187 illi
2721 4129 3020 4201 aliquando
3049 4130 3106 4183 in
3141 4131 3324 4184 vicum
3353 4121 3651 4196 quemdam

2065 4224 2152 4280 vel
2178 4223 2444 4294 oppidum
2478 4221 2584 4278 iter
2622 4229 2774 4277 esset
2821 4219 3043 4293 (locum
3087 4220 3234 4275 enim
3277 4225 3429 4273 certo
3470 4213 3655 4270 dicere

2068 4333 2180 4374 nou
2212 4315 2461 4386 habeo),
2500 4323 2866 4370 accesserunt
2907 4310 2977 4367 ad
3028 4326 3154 4366 eum
3205 4322 3474 4380 pauperes
3527 4304 3652 4374 qui-

2070 4411 2232 4475 dam,
2283 4423 2459 4464 unum
2518 4407 2834 4479 quempiam
2890 4419 2960 4461 ex
3010 4403 3296 4459 sodalibus
3342 4400 3461 4456 suis
3508 4397 3657 4453 velut

373 4500 650 4554 τεθνεῶτα
698 4496 1138 4567 προτεθεικότες,
1175 4498 1269 4552 καί
1295 4516 1416 4551 τινα
1447 4498 1587 4570 πρὸς
1615 4498 1712 4569 τὴν
1748 4498 1959 4554 ἐκείνου

2069 4515 2348 4559 mortuum
2379 4508 2753 4571 proponentes
2774 4537 2790 4562 ,
2813 4507 2869 4553 et
2896 4496 3146 4567 quaedam
3174 4495 3243 4550 ad
3297 4494 3453 4549 illum
3498 4504 3656 4557 sepe-

375 4588 554 4660 ταφὴν
613 4587 898 4659 ἐπιτήδεια
955 4587 1141 4641 λαϐεῖν
1191 4588 1550 4654 ἱκετεύοντες.
1604 4590 1663 4643 '0
1714 4588 1772 4643 δὲ
1822 4585 1967 4655 εἶξεν

376 4679 719 4733 ἁντιϐολοῦσι
754 4694 768 4709 ο
810 4677 889 4749 τῷ
950 4676 1072 4747 Θεῷ
1113 4678 1171 4731 δὲ
1225 4678 1303 4741 ὡς
1351 4678 1493 4745 ὑπὲρ
1542 4677 1837 4742 τεθνεῶτος
1869 4679 1970 4750 τὴν

381 4771 595 4826 ἱκεσίαν
645 4770 1009 4842 προσέφερεν,
1065 4770 1286 4838 ἀφεῖναι
1346 4769 1683 4841 παρακαλῶν
1724 4769 1793 4824 τὰ
1826 4771 1969 4825 κατὰ

379 4866 477 4919 τὸν
497 4864 613 4935 βίον
633 4862 1118 4935 πλημμεληθέντα,
1150 4862 1245 4915 καὶ
1276 4859 1373 4915 τοῦ
1405 4860 1512 4915 τῶν
1543 4861 1769 4915 δικαίων
1799 4862 1963 4928 aeto.

384 4975 476 5011 σαι
508 4955 690 5028 χοροῦ.
724 4954 945 5009 Τούτων
985 4954 1316 5025 λεγομένων,
1372 4953 1648 5023 ἀφίπτατο
1691 4952 1787 5007 τοῦ
1832 4954 1971 5018 τέως

386 5048 772 5121 σκηπτομένου
808 5047 903 5103 τὸν
923 5048 1156 5102 θάνατον
1186 5047 1219 5117 ἡ
1248 5046 1418 5119 ψυχὴ,
1458 5048 1781 5118 ἐχορηγεῖτο
1804 5047 1862 5101 δὲ
1891 5046 1970 5117 τῷ

387 5140 603 5211 σώματι
640 5141 710 5195 τά
761 5139 1097 5209 καλύμματα
1123 5156 1138 5171 ·
1169 5138 1246 5201 ὡς
1286 5138 1344 5192 δὲ
1395 5139 1591 5210 μικρὸν
1644 5138 1917 5209 προῆλθεν
1945 5140 1974 5192 ό

388 5235 677 5298 θεσπέσιος
732 5233 1039 5307 ἄνθρωπος,
1091 5231 1389 5302 ἀναστῆναι
1427 5231 1517 5285 τὸν
1563 5234 1815 5304 κείμενον
1850 5232 1970 5286 ὲκέ-

387 5328 544 5382 λευον
584 5328 635 5381 οἱ
677 5327 739 5380 τὸ
761 5326 948 5399 δρᾶμα
984 5322 1141 5380 τοῆτο
1188 5323 1593 5389 συντεθεικότες
1618 5344 1631 5356 ·
1660 5325 1736 5389 ὡς
1760 5324 1818 5377 δὲ
1870 5325 1974 5378 ἐώ-

396 5439 504 5493 ρων
524 5421 628 5474 ούκ
654 5419 935 5481 ἐπαΐοντα,
955 5418 1070 5472 ἀλλ’
1092 5418 1351 5490 ἀλήθειαν
1370 5418 1431 5470 τὸ
1454 5418 1641 5489 σχῆμα
1669 5419 1976 5489 γεγενημέ-

390 5527 504 5575 νον,
538 5511 634 5564 καὶ
676 5511 760 5574 είς
792 5510 1084 5582 πρόσωπον
1110 5508 1172 5563 τὸ
1216 5512 1560 5581 προσωπεῖον
1614 5509 1975 5582 μεταϐληθὲν,

393 5601 879 5674 καταλαμϐάνουσι
916 5601 1014 5671 μὲν
1051 5600 1142 5655 τὸν
1199 5601 1372 5672 μέγαν
1415 5601 1698 5671 Ἰάκωϐον,
1745 5601 1978 5656 ποτνιώ-

397 5711 550 5766 μενοι
579 5694 634 5747 δὲ
669 5695 764 5749 καὶ
812 5692 921 5748 τῶν
972 5690 1149 5745 ποδῶν
1200 5695 1701 5766 προκαλινδόμενοι,
1755 5693 1851 5749 καὶ
1881 5694 1976 5749 τοῦ

376 5772 763 5856 ’τολμηθέντος
829 5784 1106 5856 δράματος
1158 5786 1338 5843 αίτίαν
1400 5782 1541 5844 εἶναι
1598 5787 1851 5857 λέγοντες
1878 5786 1979 5859 τὴν

2072 4593 2320 4650 liendum
2353 4591 2670 4647 necessaria
2703 4589 3073 4659 postulantes.
3120 4586 3217 4641 ille
3243 4594 3428 4638 autem
3460 4579 3657 4635 annuit

2073 4684 2439 4757 regentibus,
2475 4682 2699 4753 Dquue
2726 4695 2922 4751 preces
2957 4678 3201 4734 oii‘erens
3245 4686 3510 4745 tanquam
3555 4686 3657 4743 pro

2073 4789 2293 4834 mortuo
2314 4819 2329 4845 ,
2370 4776 2585 4846 rogavit
2618 4784 2678 4829 ut
2712 4774 2763 4828 ei
2795 4772 3101 4827 remitteret
3134 4784 3257 4840 quae
3301 4768 3356 4822 in
3389 4768 3499 4821 vita
3532 4778 3659 4835 pec-

2073 4880 2262 4937 carat,
2322 4882 2563 4938 eumque
2617 4868 2673 4922 in
2719 4866 3000 4937 justorum
3063 4871 3267 4917 curtum
3323 4859 3654 4914 admitteret.

2074 4961 2206 5028 Quae
2237 4960 2306 5015 ab
2339 4975 2406 5014 eo
2434 4973 2561 5012 cum
2597 4957 2940 5022 dicerentur,
2974 4952 3215 5009 evolavit
3248 4950 3398 5006 illius
3433 4949 3614 5003 anima
3641 4989 3654 5013 ,

2076 5052 2171 5125 qui
2224 5061 2459 5107 mortem
2511 5049 2847 5113 simulabat,
2892 5054 2948 5103 et
2978 5044 3328 5115 suppeditata
3375 5049 3505 5098 sunt
3534 5054 3659 5096 cor-

2075 5145 2196 5216 pori
2229 5150 2567 5214 tegumenta.
2615 5139 2909 5195 Paululum
2955 5137 3156 5193 deinde
3200 5148 3497 5207 progresso
3538 5131 3659 5188 viro

2078 5244 2307 5299 sancto,
2341 5235 2495 5289 illum
2546 5233 2642 5303 qui
2687 5231 2911 5302 jaccbat
2962 5244 3189 5300 surgere
3217 5229 3233 5248 ‘
3262 5227 3520 5297 jubentes
3566 5223 3658 5295 qui

2077 5327 2320 5382 fabulam
2350 5331 2802 5395 composuerant,
2851 5332 2911 5376 ut
2949 5334 3074 5377 cum
3108 5319 3362 5375 viderunt
3412 5330 3525 5371 non
3566 5329 3663 5369 ex-

2079 5420 2288 5482 audire,
2349 5424 2405 5472 et
2466 5416 2647 5488 rcipsa
2708 5415 2962 5471 evenisse
3020 5412 3167 5484 quod
3248 5409 3659 5467 simulabatur,

2083 5511 2175 5581 11
2195 5510 2297 5581 13
2326 5522 2622 5578 veramque
2649 5523 2706 5563 tn
2740 5505 2936 5562 faciem
2966 5511 3235 5560 mutatam
3261 5516 3386 5557 esse
3419 5500 3625 5554 larvam
3644 5535 3660 5557 .

2080 5604 2149 5660 ad
2180 5618 2442 5673 magnum
2482 5599 2828 5657 contendunt
2859 5595 3126 5652 Iacobum
3149 5636 3164 5663 ,
3195 5594 3570 5654 obtestantes,
3605 5592 3667 5644 et

2081 5694 2147 5750 ad
2178 5693 2299 5765 ejus
2333 5692 2505 5765 pedes
2542 5691 2856 5763 provoluti,
2895 5687 3232 5757 audacisque
3271 5684 3399 5740 facti
3435 5693 3660 5736 causam

2080 5785 2329 5843 dicentes
2359 5785 2531 5844 fuisse
2556 5790 2969 5854 paupertatem,
3001 5780 3272 5852 rogabant
3305 5786 3364 5831 ut
3394 5774 3658 5831 delictum
