  <div class='ocr_page' id='page_1' title='image "/cluster/home/n/w/nwhite01/storage/ocr_20150623/82:no.3/coo.31924054869833/657.png"; bbox 0 0 4030 6418; ppageno 0'>
   <div class='ocr_carea' id='block_1_1' title="bbox 396 413 535 481">
    <p class='ocr_par' dir='ltr' id='par_1_1' title="bbox 396 413 535 481">
     <span class='ocr_line' id='line_1_1' title="bbox 396 413 535 481; baseline 0.007 -1"><span class='ocrx_word' id='word_1_1' title='bbox 396 413 535 481; x_wconf 76' lang='grc'><strong>1299</strong></span> 
     </span>
    </p>
   </div>
   <div class='ocr_carea' id='block_1_2' title="bbox 1324 415 2641 484">
    <p class='ocr_par' dir='ltr' id='par_1_2' title="bbox 1324 415 2641 484">
     <span class='ocr_line' id='line_1_2' title="bbox 1324 415 2641 484; baseline 0.004 -5"><span class='ocrx_word' id='word_1_2' title='bbox 1324 415 1812 480; x_wconf 81' lang='grc' dir='ltr'><strong>ΤΗΕΟΒΟΒΕΤΙ</strong></span> <span class='ocrx_word' id='word_1_3' title='bbox 1868 415 2212 479; x_wconf 88' lang='lat' dir='ltr'><strong>EPISCOPI</strong></span> <span class='ocrx_word' id='word_1_4' title='bbox 2265 418 2641 484; x_wconf 78' lang='lat' dir='ltr'><strong>CYRENSIS</strong></span> 
     </span>
    </p>
   </div>
   <div class='ocr_carea' id='block_1_3' title="bbox 3518 410 3666 480">
    <p class='ocr_par' dir='ltr' id='par_1_3' title="bbox 3518 410 3666 480">
     <span class='ocr_line' id='line_1_3' title="bbox 3518 410 3666 480; baseline 0.007 -1"><span class='ocrx_word' id='word_1_5' title='bbox 3518 410 3666 480; x_wconf 62' lang='lat' dir='ltr'><strong>I370</strong></span> 
     </span>
    </p>
   </div>
   <div class='ocr_carea' id='block_1_4' title="bbox 394 529 1964 618">
    <p class='ocr_par' dir='ltr' id='par_1_4' title="bbox 394 531 1964 618">
     <span class='ocr_line' id='line_1_4' title="bbox 394 531 1964 618; baseline -0.003 -30"><span class='ocrx_word' id='word_1_6' title='bbox 394 533 532 605; x_wconf 81' lang='lat' dir='ltr'><strong>ipsis</strong></span> <span class='ocrx_word' id='word_1_7' title='bbox 566 532 944 598; x_wconf 87' lang='lat' dir='ltr'><strong>condonaret,</strong></span> <span class='ocrx_word' id='word_1_8' title='bbox 977 533 1328 604; x_wconf 84' lang='lat' dir='ltr'><strong>abiatamque</strong></span> <span class='ocrx_word' id='word_1_9' title='bbox 1359 540 1582 618; x_wconf 76' lang='lat' dir='ltr'><strong>mortuo</strong></span> <span class='ocrx_word' id='word_1_10' title='bbox 1612 531 1850 585; x_wconf 84' lang='lat' dir='ltr'><strong>animam</strong></span> <span class='ocrx_word' id='word_1_11' title='bbox 1886 545 1964 585; x_wconf 88' lang='lat' dir='ltr'><strong>re-</strong></span> 
     </span>
    </p>
   </div>
   <div class='ocr_carea' id='block_1_5' title="bbox 2069 529 3658 618">
    <p class='ocr_par' dir='ltr' id='par_1_5' title="bbox 2078 529 3658 604">
     <span class='ocr_line' id='line_1_5' title="bbox 2078 529 3658 604; baseline -0.001 -20"><span class='ocrx_word' id='word_1_12' title='bbox 2078 532 2270 587; x_wconf 87' lang='grc' dir='ltr'>πενίαν</span> <span class='ocrx_word' id='word_1_13' title='bbox 2321 533 2569 588; x_wconf 72' lang='grc' dir='ltr'>ἱκέτευον</span> <span class='ocrx_word' id='word_1_14' title='bbox 2618 530 2778 587; x_wconf 82' lang='grc' dir='ltr'>λῦσαι</span> <span class='ocrx_word' id='word_1_15' title='bbox 2835 533 3018 604; x_wconf 87' lang='grc' dir='ltr'>σφίσιν</span> <span class='ocrx_word' id='word_1_16' title='bbox 3046 531 3231 594; x_wconf 73' lang='grc' dir='ltr'>αὐτοῖς</span> <span class='ocrx_word' id='word_1_17' title='bbox 3264 529 3366 603; x_wconf 61' lang='grc' dir='ltr'><strong>τὴ)</strong></span> <span class='ocrx_word' id='word_1_18' title='bbox 3397 529 3658 603; x_wconf 78' lang='grc' dir='ltr'>πλημμέ-</span> 
     </span>
    </p>
   </div>
   <div class='ocr_carea' id='block_1_6' title="bbox 393 625 1972 698">
    <p class='ocr_par' dir='ltr' id='par_1_6' title="bbox 393 625 1972 698">
     <span class='ocr_line' id='line_1_6' title="bbox 393 625 1972 698; baseline -0.003 -16"><span class='ocrx_word' id='word_1_19' title='bbox 393 626 670 683; x_wconf 72' lang='lat' dir='ltr'><strong>stitueret.</strong></span> <span class='ocrx_word' id='word_1_20' title='bbox 703 626 923 683; x_wconf 80' lang='lat' dir='ltr'><strong>Domini</strong></span> <span class='ocrx_word' id='word_1_21' title='bbox 950 642 1083 698; x_wconf 85' lang='lat' dir='ltr'><strong>ergo</strong></span> <span class='ocrx_word' id='word_1_22' title='bbox 1114 627 1367 683; x_wconf 75' lang='lat' dir='ltr'><strong>imitatus</strong></span> <span class='ocrx_word' id='word_1_23' title='bbox 1397 625 1747 680; x_wconf 88' lang='lat' dir='ltr'><strong>clementiam</strong></span> <span class='ocrx_word' id='word_1_24' title='bbox 1778 637 1972 694; x_wconf 83' lang='lat' dir='ltr'><strong>preces</strong></span> 
     </span>
    </p>
   </div>
   <div class='ocr_carea' id='block_1_7' title="bbox 393 714 1972 785">
    <p class='ocr_par' dir='ltr' id='par_1_7' title="bbox 393 714 1972 785">
     <span class='ocr_line' id='line_1_7' title="bbox 393 714 1972 785; baseline -0.001 -14"><span class='ocrx_word' id='word_1_25' title='bbox 393 718 655 782; x_wconf 85' lang='lat' dir='ltr'><strong>admisit,</strong></span> <span class='ocrx_word' id='word_1_26' title='bbox 704 726 760 774; x_wconf 89' lang='lat' dir='ltr'><strong>et</strong></span> <span class='ocrx_word' id='word_1_27' title='bbox 803 717 1128 772; x_wconf 81' lang='lat' dir='ltr'><strong>miraculum</strong></span> <span class='ocrx_word' id='word_1_28' title='bbox 1160 716 1442 783; x_wconf 72' lang='lat' dir='ltr'><strong>exhibuit,</strong></span> <span class='ocrx_word' id='word_1_29' title='bbox 1490 716 1662 770; x_wconf 87' lang='lat' dir='ltr'><strong>vitam</strong></span> <span class='ocrx_word' id='word_1_30' title='bbox 1710 714 1972 785; x_wconf 87' lang='lat' dir='ltr'><strong>precibus</strong></span> 
     </span>
    </p>
   </div>
   <div class='ocr_carea' id='block_1_8' title="bbox 396 804 1972 881">
    <p class='ocr_par' dir='ltr' id='par_1_8' title="bbox 396 804 1972 881">
     <span class='ocr_line' id='line_1_8' title="bbox 396 804 1972 881; baseline -0.001 -20"><span class='ocrx_word' id='word_1_31' title='bbox 396 810 634 865; x_wconf 87' lang='lat' dir='ltr'><strong>ablatam</strong></span> <span class='ocrx_word' id='word_1_32' title='bbox 671 809 927 881; x_wconf 84' lang='lat' dir='ltr'><strong>precibus</strong></span> <span class='ocrx_word' id='word_1_33' title='bbox 955 810 1282 865; x_wconf 89' lang='lat' dir='ltr'><strong>restituens.</strong></span> <span class='ocrx_word' id='word_1_34' title='bbox 1319 806 1452 862; x_wconf 81' lang='lat' dir='ltr'><strong>Mihi</strong></span> <span class='ocrx_word' id='word_1_35' title='bbox 1484 821 1618 861; x_wconf 84' lang='lat' dir='ltr'><strong>vero</strong></span> <span class='ocrx_word' id='word_1_36' title='bbox 1653 806 1835 876; x_wconf 83' lang='lat' dir='ltr'><strong>magni</strong></span> <span class='ocrx_word' id='word_1_37' title='bbox 1866 804 1972 860; x_wconf 85' lang='lat' dir='ltr'><strong>Pe—</strong></span> 
     </span>
    </p>
   </div>
   <div class='ocr_carea' id='block_1_9' title="bbox 395 894 1973 971">
    <p class='ocr_par' dir='ltr' id='par_1_9' title="bbox 395 894 1973 971">
     <span class='ocr_line' id='line_1_9' title="bbox 395 894 1973 971; baseline -0.003 -17"><span class='ocrx_word' id='word_1_38' title='bbox 395 902 468 956; x_wconf 89' lang='lat' dir='ltr'><strong>tri</strong></span> <span class='ocrx_word' id='word_1_39' title='bbox 503 902 808 966; x_wconf 84' lang='lat' dir='ltr'><strong>miraculo,</strong></span> <span class='ocrx_word' id='word_1_40' title='bbox 875 915 986 971; x_wconf 90' lang='lat' dir='ltr'><strong>quo</strong></span> <span class='ocrx_word' id='word_1_41' title='bbox 1016 899 1296 954; x_wconf 82' lang='lat' dir='ltr'><strong>Ananiam</strong></span> <span class='ocrx_word' id='word_1_42' title='bbox 1345 907 1402 953; x_wconf 87' lang='lat' dir='ltr'><strong>et</strong></span> <span class='ocrx_word' id='word_1_43' title='bbox 1451 897 1783 968; x_wconf 83' lang='lat' dir='ltr'><strong>Sapphiram</strong></span> <span class='ocrx_word' id='word_1_44' title='bbox 1838 894 1973 949; x_wconf 90' lang='lat' dir='ltr'><strong>furti</strong></span> 
     </span>
    </p>
   </div>
   <div class='ocr_carea' id='block_1_10' title="bbox 395 985 1974 1065">
    <p class='ocr_par' dir='ltr' id='par_1_10' title="bbox 395 985 1974 1065">
     <span class='ocr_line' id='line_1_10' title="bbox 395 985 1974 1065; baseline -0.002 -21"><span class='ocrx_word' id='word_1_45' title='bbox 395 990 787 1059; x_wconf 88' lang='lat' dir='ltr'><strong>mendacisque</strong></span> <span class='ocrx_word' id='word_1_46' title='bbox 813 1006 937 1047; x_wconf 89' lang='lat' dir='ltr'><strong>reos</strong></span> <span class='ocrx_word' id='word_1_47' title='bbox 963 991 1128 1045; x_wconf 85' lang='lat' dir='ltr'><strong>morti</strong></span> <span class='ocrx_word' id='word_1_48' title='bbox 1159 989 1422 1065; x_wconf 82' lang='lat' dir='ltr'><strong>tradidit,</strong></span> <span class='ocrx_word' id='word_1_49' title='bbox 1464 989 1648 1043; x_wconf 85' lang='lat' dir='ltr'><strong>simile</strong></span> <span class='ocrx_word' id='word_1_50' title='bbox 1689 987 1794 1042; x_wconf 88' lang='lat' dir='ltr'><strong>hoc</strong></span> <span class='ocrx_word' id='word_1_51' title='bbox 1819 985 1974 1041; x_wconf 84' lang='lat' dir='ltr'><strong>vide-</strong></span> 
     </span>
    </p>
   </div>
   <div class='ocr_carea' id='block_1_11' title="bbox 394 1078 1972 1153">
    <p class='ocr_par' dir='ltr' id='par_1_11' title="bbox 394 1078 1972 1153">
     <span class='ocr_line' id='line_1_11' title="bbox 394 1078 1972 1153; baseline -0.003 -18"><span class='ocrx_word' id='word_1_52' title='bbox 394 1090 503 1135; x_wconf 89' lang='lat' dir='ltr'><strong>tur.</strong></span> <span class='ocrx_word' id='word_1_53' title='bbox 541 1082 675 1136; x_wconf 84' lang='lat' dir='ltr'><strong>Nam</strong></span> <span class='ocrx_word' id='word_1_54' title='bbox 712 1081 802 1137; x_wconf 84' lang='lat' dir='ltr'><strong>hic</strong></span> <span class='ocrx_word' id='word_1_55' title='bbox 831 1096 1052 1153; x_wconf 86' lang='lat' dir='ltr'><strong>quoque</strong></span> <span class='ocrx_word' id='word_1_56' title='bbox 1087 1081 1343 1138; x_wconf 79' lang='lat' dir='ltr'><strong>similiter.</strong></span> <span class='ocrx_word' id='word_1_57' title='bbox 1390 1095 1515 1135; x_wconf 92' lang='lat' dir='ltr'><strong>eum</strong></span> <span class='ocrx_word' id='word_1_58' title='bbox 1552 1079 1645 1149; x_wconf 88' lang='lat' dir='ltr'><strong>qui</strong></span> <span class='ocrx_word' id='word_1_59' title='bbox 1682 1078 1972 1133; x_wconf 81' lang='lat' dir='ltr'><strong>veritatem</strong></span> 
     </span>
    </p>
   </div>
   <div class='ocr_carea' id='block_1_12' title="bbox 392 1172 1977 1247">
    <p class='ocr_par' dir='ltr' id='par_1_12' title="bbox 392 1172 1977 1247">
     <span class='ocr_line' id='line_1_12' title="bbox 392 1172 1977 1247; baseline -0.003 -17"><span class='ocrx_word' id='word_1_60' title='bbox 392 1176 786 1245; x_wconf 83' lang='lat' dir='ltr'><strong>subripuerat,</strong></span> <span class='ocrx_word' id='word_1_61' title='bbox 817 1177 1279 1247; x_wconf 82' lang='lat' dir='ltr'><strong>mendaciumque</strong></span> <span class='ocrx_word' id='word_1_62' title='bbox 1312 1175 1658 1246; x_wconf 83' lang='lat' dir='ltr'><strong>protulerat,</strong></span> <span class='ocrx_word' id='word_1_63' title='bbox 1704 1174 1816 1228; x_wconf 87' lang='lat' dir='ltr'><strong>vita</strong></span> <span class='ocrx_word' id='word_1_64' title='bbox 1865 1172 1977 1243; x_wconf 88' lang='lat' dir='ltr'><strong>pri-</strong></span> 
     </span>
    </p>
   </div>
   <div class='ocr_carea' id='block_1_13' title="bbox 388 1266 1974 1339">
    <p class='ocr_par' dir='ltr' id='par_1_13' title="bbox 388 1266 1974 1339">
     <span class='ocr_line' id='line_1_13' title="bbox 388 1266 1974 1339; baseline 0.002 -22"><span class='ocrx_word' id='word_1_65' title='bbox 388 1267 558 1321; x_wconf 81' lang='lat' dir='ltr'><strong>vavit.</strong></span> <span class='ocrx_word' id='word_1_66' title='bbox 588 1266 696 1322; x_wconf 86' lang='lat' dir='ltr'><strong>Sed</strong></span> <span class='ocrx_word' id='word_1_67' title='bbox 731 1269 825 1324; x_wconf 90' lang='lat' dir='ltr'><strong>ille</strong></span> <span class='ocrx_word' id='word_1_68' title='bbox 880 1268 1105 1339; x_wconf 91' lang='lat' dir='ltr'><strong>quidem</strong></span> <span class='ocrx_word' id='word_1_69' title='bbox 1141 1268 1286 1323; x_wconf 76' lang='lat' dir='ltr'><strong>furto</strong></span> <span class='ocrx_word' id='word_1_70' title='bbox 1319 1268 1546 1339; x_wconf 81' lang='lat' dir='ltr'><strong>cognito</strong></span> <span class='ocrx_word' id='word_1_71' title='bbox 1594 1267 1612 1339; x_wconf 96' lang='lat'>(</span> <span class='ocrx_word' id='word_1_72' title='bbox 1633 1267 1974 1322; x_wconf 86' lang='lat' dir='ltr'><strong>revelaverat</strong></span> 
     </span>
    </p>
   </div>
   <div class='ocr_carea' id='block_1_14' title="bbox 387 1357 1973 1430">
    <p class='ocr_par' dir='ltr' id='par_1_14' title="bbox 387 1357 1973 1430">
     <span class='ocr_line' id='line_1_14' title="bbox 387 1357 1973 1430; baseline 0.001 -20"><span class='ocrx_word' id='word_1_73' title='bbox 387 1357 537 1412; x_wconf 89' lang='lat' dir='ltr'><strong>enim</strong></span> <span class='ocrx_word' id='word_1_74' title='bbox 567 1359 741 1428; x_wconf 84' lang='lat' dir='ltr'><strong>gratia</strong></span> <span class='ocrx_word' id='word_1_75' title='bbox 773 1358 1051 1430; x_wconf 86' lang='lat' dir='ltr'><strong>Spiritus)</strong></span> <span class='ocrx_word' id='word_1_76' title='bbox 1092 1359 1285 1414; x_wconf 89' lang='lat' dir='ltr'><strong>intulit</strong></span> <span class='ocrx_word' id='word_1_77' title='bbox 1314 1359 1648 1429; x_wconf 89' lang='lat' dir='ltr'><strong>supplicium</strong></span> <span class='ocrx_word' id='word_1_78' title='bbox 1675 1377 1689 1413; x_wconf 90' lang='lat'><strong>:</strong></span> <span class='ocrx_word' id='word_1_79' title='bbox 1720 1357 1809 1411; x_wconf 89' lang='lat' dir='ltr'><strong>hic</strong></span> <span class='ocrx_word' id='word_1_80' title='bbox 1840 1373 1973 1412; x_wconf 89' lang='lat' dir='ltr'><strong>vero</strong></span> 
     </span>
    </p>
   </div>
   <div class='ocr_carea' id='block_1_15' title="bbox 388 1446 1971 1518">
    <p class='ocr_par' dir='ltr' id='par_1_15' title="bbox 388 1446 1971 1518">
     <span class='ocr_line' id='line_1_15' title="bbox 388 1446 1971 1518; baseline 0.001 -16"><span class='ocrx_word' id='word_1_81' title='bbox 388 1463 504 1504; x_wconf 86' lang='lat' dir='ltr'><strong>rem</strong></span> <span class='ocrx_word' id='word_1_82' title='bbox 534 1451 790 1506; x_wconf 88' lang='lat' dir='ltr'><strong>nesciens</strong></span> <span class='ocrx_word' id='word_1_83' title='bbox 808 1492 823 1516; x_wconf 94' lang='lat'><strong>,</strong></span> <span class='ocrx_word' id='word_1_84' title='bbox 848 1450 976 1506; x_wconf 67' lang='lat' dir='ltr'><strong>vitae</strong></span> <span class='ocrx_word' id='word_1_85' title='bbox 1004 1465 1228 1506; x_wconf 85' lang='lat' dir='ltr'><strong>cursum</strong></span> <span class='ocrx_word' id='word_1_86' title='bbox 1251 1449 1298 1505; x_wconf 90' lang='lat' dir='ltr'><strong>ei</strong></span> <span class='ocrx_word' id='word_1_87' title='bbox 1323 1452 1417 1518; x_wconf 86' lang='lat' dir='ltr'><strong>qui</strong></span> <span class='ocrx_word' id='word_1_88' title='bbox 1445 1448 1804 1504; x_wconf 78' lang='lat' dir='ltr'><strong>simulaverat</strong></span> <span class='ocrx_word' id='word_1_89' title='bbox 1831 1446 1971 1503; x_wconf 87' lang='lat' dir='ltr'><strong>fusis</strong></span> 
     </span>
    </p>
   </div>
   <div class='ocr_carea' id='block_1_16' title="bbox 389 1540 1973 1612">
    <p class='ocr_par' dir='ltr' id='par_1_16' title="bbox 389 1540 1973 1612">
     <span class='ocr_line' id='line_1_16' title="bbox 389 1540 1973 1612; baseline -0.001 -18"><span class='ocrx_word' id='word_1_90' title='bbox 389 1541 651 1609; x_wconf 88' lang='lat' dir='ltr'><strong>precibus</strong></span> <span class='ocrx_word' id='word_1_91' title='bbox 674 1541 913 1612; x_wconf 82' lang='lat' dir='ltr'><strong>ahrupit.</strong></span> <span class='ocrx_word' id='word_1_92' title='bbox 936 1543 1005 1597; x_wconf 84' lang='lat' dir='ltr'><strong>Et</strong></span> <span class='ocrx_word' id='word_1_93' title='bbox 1029 1540 1251 1597; x_wconf 89' lang='lat' dir='ltr'><strong>divinus</strong></span> <span class='ocrx_word' id='word_1_94' title='bbox 1273 1541 1494 1611; x_wconf 85' lang='lat' dir='ltr'><strong>quidem</strong></span> <span class='ocrx_word' id='word_1_95' title='bbox 1518 1543 1808 1610; x_wconf 84' lang='lat' dir='ltr'><strong>apostolus</strong></span> <span class='ocrx_word' id='word_1_96' title='bbox 1831 1553 1973 1593; x_wconf 86' lang='lat' dir='ltr'><strong>mor-</strong></span> 
     </span>
    </p>
   </div>
   <div class='ocr_carea' id='block_1_17' title="bbox 390 1631 1969 1704">
    <p class='ocr_par' dir='ltr' id='par_1_17' title="bbox 390 1631 1969 1704">
     <span class='ocr_line' id='line_1_17' title="bbox 390 1631 1969 1704; baseline 0 -18"><span class='ocrx_word' id='word_1_97' title='bbox 390 1639 519 1688; x_wconf 86' lang='lat' dir='ltr'><strong>tuos</strong></span> <span class='ocrx_word' id='word_1_98' title='bbox 544 1647 575 1685; x_wconf 89' lang='lat' dir='ltr'><strong>a</strong></span> <span class='ocrx_word' id='word_1_99' title='bbox 596 1632 910 1688; x_wconf 84' lang='lat' dir='ltr'><strong>calamitate</strong></span> <span class='ocrx_word' id='word_1_100' title='bbox 934 1646 1045 1688; x_wconf 85' lang='lat' dir='ltr'><strong>non</strong></span> <span class='ocrx_word' id='word_1_101' title='bbox 1069 1632 1305 1703; x_wconf 87' lang='lat' dir='ltr'><strong>eripuit,</strong></span> <span class='ocrx_word' id='word_1_102' title='bbox 1329 1634 1460 1704; x_wconf 84' lang='lat' dir='ltr'><strong>quia</strong></span> <span class='ocrx_word' id='word_1_103' title='bbox 1484 1633 1745 1688; x_wconf 87' lang='lat' dir='ltr'><strong>salutaris</strong></span> <span class='ocrx_word' id='word_1_104' title='bbox 1768 1631 1969 1702; x_wconf 63' lang='lat' dir='ltr'><strong>praedi-</strong></span> 
     </span>
    </p>
   </div>
   <div class='ocr_carea' id='block_1_18' title="bbox 387 1724 1967 1794">
    <p class='ocr_par' dir='ltr' id='par_1_18' title="bbox 387 1724 1967 1794">
     <span class='ocr_line' id='line_1_18' title="bbox 387 1724 1967 1794; baseline 0.001 -16"><span class='ocrx_word' id='word_1_105' title='bbox 387 1724 628 1780; x_wconf 84' lang='lat' dir='ltr'><strong>cationis</strong></span> <span class='ocrx_word' id='word_1_106' title='bbox 657 1724 815 1779; x_wconf 83' lang='lat' dir='ltr'><strong>initia</strong></span> <span class='ocrx_word' id='word_1_107' title='bbox 851 1725 1050 1780; x_wconf 85' lang='lat' dir='ltr'><strong>timore</strong></span> <span class='ocrx_word' id='word_1_108' title='bbox 1092 1740 1231 1794; x_wconf 89' lang='lat' dir='ltr'><strong>opus</strong></span> <span class='ocrx_word' id='word_1_109' title='bbox 1261 1724 1589 1782; x_wconf 75' lang='lat' dir='ltr'><strong>habebant:</strong></span> <span class='ocrx_word' id='word_1_110' title='bbox 1625 1725 1716 1781; x_wconf 88' lang='lat' dir='ltr'><strong>hic</strong></span> <span class='ocrx_word' id='word_1_111' title='bbox 1748 1735 1931 1781; x_wconf 91' lang='lat' dir='ltr'><strong>autem</strong></span> <span class='ocrx_word' id='word_1_112' title='bbox 1952 1765 1967 1793; x_wconf 92' lang='lat'><strong>,</strong></span> 
     </span>
    </p>
   </div>
   <div class='ocr_carea' id='block_1_19' title="bbox 386 1814 1965 1887">
    <p class='ocr_par' dir='ltr' id='par_1_19' title="bbox 386 1814 1965 1887">
     <span class='ocr_line' id='line_1_19' title="bbox 386 1814 1965 1887; baseline 0.004 -20"><span class='ocrx_word' id='word_1_113' title='bbox 386 1815 704 1883; x_wconf 52' lang='lat' dir='ltr'><strong>apostolica.</strong></span> <span class='ocrx_word' id='word_1_114' title='bbox 725 1814 966 1870; x_wconf 83' lang='lat' dir='ltr'><strong>refertus</strong></span> <span class='ocrx_word' id='word_1_115' title='bbox 1012 1817 1225 1886; x_wconf 87' lang='lat' dir='ltr'><strong>gratia,</strong></span> <span class='ocrx_word' id='word_1_116' title='bbox 1266 1826 1319 1872; x_wconf 88' lang='lat' dir='ltr'><strong>et</strong></span> <span class='ocrx_word' id='word_1_117' title='bbox 1367 1818 1550 1887; x_wconf 87' lang='lat' dir='ltr'><strong>puniit</strong></span> <span class='ocrx_word' id='word_1_118' title='bbox 1596 1816 1665 1871; x_wconf 88' lang='lat' dir='ltr'><strong>ad</strong></span> <span class='ocrx_word' id='word_1_119' title='bbox 1713 1826 1965 1887; x_wconf 87' lang='lat' dir='ltr'><strong>tempus,</strong></span> 
     </span>
    </p>
   </div>
   <div class='ocr_carea' id='block_1_20' title="bbox 2072 621 3660 696">
    <p class='ocr_par' dir='ltr' id='par_1_20' title="bbox 2072 621 3660 696">
     <span class='ocr_line' id='line_1_20' title="bbox 2072 621 3660 696; baseline -0.001 -21"><span class='ocrx_word' id='word_1_120' title='bbox 2072 624 2248 689; x_wconf 86' lang='grc' dir='ltr'>λειαν,</span> <span class='ocrx_word' id='word_1_121' title='bbox 2276 624 2372 677; x_wconf 69' lang='grc' dir='ltr'>καὶ</span> <span class='ocrx_word' id='word_1_122' title='bbox 2396 622 2692 679; x_wconf 84' lang='grc' dir='ltr'>ἀποδοῦναι</span> <span class='ocrx_word' id='word_1_123' title='bbox 2717 623 2797 696; x_wconf 79' lang='grc' dir='ltr'>τῷ</span> <span class='ocrx_word' id='word_1_124' title='bbox 2825 626 3069 696; x_wconf 84' lang='grc' dir='ltr'><strong>κειμένῳ</strong></span> <span class='ocrx_word' id='word_1_125' title='bbox 3108 623 3208 696; x_wconf 78' lang='grc' dir='ltr'>τὴν</span> <span class='ocrx_word' id='word_1_126' title='bbox 3261 621 3660 693; x_wconf 78' lang='grc' dir='ltr'><strong>ἀφαιρεθεῖσαν</strong></span> 
     </span>
    </p>
   </div>
   <div class='ocr_carea' id='block_1_21' title="bbox 2069 711 3659 787">
    <p class='ocr_par' dir='ltr' id='par_1_21' title="bbox 2069 711 3659 787">
     <span class='ocr_line' id='line_1_21' title="bbox 2069 711 3659 787; baseline -0.004 -15"><span class='ocrx_word' id='word_1_127' title='bbox 2069 716 2271 787; x_wconf 82' lang='grc' dir='ltr'>ψυχήν.</span> <span class='ocrx_word' id='word_1_128' title='bbox 2299 718 2412 779; x_wconf 81' lang='grc' dir='ltr'><strong>Τὴν</strong></span> <span class='ocrx_word' id='word_1_129' title='bbox 2434 715 2772 787; x_wconf 82' lang='grc' dir='ltr'>Δεσποτικὴν</span> <span class='ocrx_word' id='word_1_130' title='bbox 2802 716 2986 771; x_wconf 81' lang='grc' dir='ltr'>τοίνυν</span> <span class='ocrx_word' id='word_1_131' title='bbox 3016 712 3431 787; x_wconf 78' lang='grc' dir='ltr'>φιλανθρωπίαν</span> <span class='ocrx_word' id='word_1_132' title='bbox 3458 711 3659 784; x_wconf 78' lang='grc' dir='ltr'>μιμού-</span> 
     </span>
    </p>
   </div>
   <div class='ocr_carea' id='block_1_22' title="bbox 2075 804 3661 879">
    <p class='ocr_par' dir='ltr' id='par_1_22' title="bbox 2075 804 3661 879">
     <span class='ocr_line' id='line_1_22' title="bbox 2075 804 3661 879; baseline -0.002 -19"><span class='ocrx_word' id='word_1_133' title='bbox 2075 823 2256 879; x_wconf 79' lang='grc' dir='ltr'>μενος,</span> <span class='ocrx_word' id='word_1_134' title='bbox 2294 808 2395 862; x_wconf 65' lang='grc' dir='ltr'>καὶ</span> <span class='ocrx_word' id='word_1_135' title='bbox 2425 808 2523 879; x_wconf 82' lang='grc' dir='ltr'>τὴν</span> <span class='ocrx_word' id='word_1_136' title='bbox 2571 809 2810 863; x_wconf 73' lang='grc' dir='ltr'><strong>ἱκετείαν</strong></span> <span class='ocrx_word' id='word_1_137' title='bbox 2844 809 3083 875; x_wconf 75' lang='grc' dir='ltr'>ἐδέξατο,</span> <span class='ocrx_word' id='word_1_138' title='bbox 3126 808 3220 861; x_wconf 79' lang='grc' dir='ltr'>καὶ</span> <span class='ocrx_word' id='word_1_139' title='bbox 3259 805 3359 878; x_wconf 81' lang='grc' dir='ltr'>τὴν</span> <span class='ocrx_word' id='word_1_140' title='bbox 3409 804 3661 875; x_wconf 83' lang='grc' dir='ltr'>θαυματ-</span> 
     </span>
    </p>
   </div>
   <div class='ocr_carea' id='block_1_23' title="bbox 2067 895 3658 973">
    <p class='ocr_par' dir='ltr' id='par_1_23' title="bbox 2067 895 3658 973">
     <span class='ocr_line' id='line_1_23' title="bbox 2067 895 3658 973; baseline -0.003 -20"><span class='ocrx_word' id='word_1_141' title='bbox 2067 901 2297 971; x_wconf 79' lang='grc' dir='ltr'>ουργίαν</span> <span class='ocrx_word' id='word_1_142' title='bbox 2337 901 2672 967; x_wconf 79' lang='grc' dir='ltr'>ἐπεδείξατο,</span> <span class='ocrx_word' id='word_1_143' title='bbox 2700 904 2798 973; x_wconf 84' lang='grc' dir='ltr'>τὴν</span> <span class='ocrx_word' id='word_1_144' title='bbox 2842 902 2949 955; x_wconf 69' lang='grc' dir='ltr'>ὑπὸ</span> <span class='ocrx_word' id='word_1_145' title='bbox 2992 900 3094 972; x_wconf 81' lang='grc' dir='ltr'>τῆς</span> <span class='ocrx_word' id='word_1_146' title='bbox 3121 900 3289 971; x_wconf 80' lang='grc' dir='ltr'>εὐχῆς</span> <span class='ocrx_word' id='word_1_147' title='bbox 3337 895 3658 968; x_wconf 83' lang='grc' dir='ltr'>ἀφαιρεθεῖ-</span> 
     </span>
    </p>
   </div>
   <div class='ocr_carea' id='block_1_24' title="bbox 2074 989 3663 1069">
    <p class='ocr_par' dir='ltr' id='par_1_24' title="bbox 2074 989 3663 1069">
     <span class='ocr_line' id='line_1_24' title="bbox 2074 989 3663 1069; baseline -0.003 -23"><span class='ocrx_word' id='word_1_148' title='bbox 2074 1009 2176 1047; x_wconf 85' lang='grc' dir='ltr'>σαν</span> <span class='ocrx_word' id='word_1_149' title='bbox 2202 992 2347 1065; x_wconf 77' lang='grc' dir='ltr'>ζωὴν</span> <span class='ocrx_word' id='word_1_150' title='bbox 2382 994 2472 1047; x_wconf 83' lang='grc' dir='ltr'>διὰ</span> <span class='ocrx_word' id='word_1_151' title='bbox 2503 995 2604 1065; x_wconf 83' lang='grc' dir='ltr'>τῆς</span> <span class='ocrx_word' id='word_1_152' title='bbox 2619 995 2788 1069; x_wconf 80' lang='grc' dir='ltr'>εὐχῆς</span> <span class='ocrx_word' id='word_1_153' title='bbox 2821 994 3052 1056; x_wconf 81' lang='grc' dir='ltr'>ἀποδοὺς</span> <span class='ocrx_word' id='word_1_154' title='bbox 3074 991 3153 1063; x_wconf 81' lang='grc' dir='ltr'>τῷ</span> <span class='ocrx_word' id='word_1_155' title='bbox 3186 992 3447 1063; x_wconf 75' lang='grc' dir='ltr'><strong>κειμένῳ.</strong></span> <span class='ocrx_word' id='word_1_156' title='bbox 3484 989 3663 1043; x_wconf 75' lang='grc' dir='ltr'>Τοῦτο</span> 
     </span>
    </p>
   </div>
   <div class='ocr_carea' id='block_1_25' title="bbox 2071 1083 3659 1159">
    <p class='ocr_par' dir='ltr' id='par_1_25' title="bbox 2071 1083 3659 1159">
     <span class='ocr_line' id='line_1_25' title="bbox 2071 1083 3659 1159; baseline -0.001 -22"><span class='ocrx_word' id='word_1_157' title='bbox 2071 1085 2131 1138; x_wconf 81' lang='grc' dir='ltr'>δὲ</span> <span class='ocrx_word' id='word_1_158' title='bbox 2173 1085 2361 1155; x_wconf 83' lang='grc' dir='ltr'>ἔμοιγε</span> <span class='ocrx_word' id='word_1_159' title='bbox 2404 1085 2553 1140; x_wconf 81' lang='grc' dir='ltr'>δοκεῖ</span> <span class='ocrx_word' id='word_1_160' title='bbox 2600 1090 2669 1159; x_wconf 72' lang='grc' dir='ltr'><strong>τῇ</strong></span> <span class='ocrx_word' id='word_1_161' title='bbox 2719 1085 2815 1140; x_wconf 76' lang='grc' dir='ltr'>τοῦ</span> <span class='ocrx_word' id='word_1_162' title='bbox 2861 1086 3102 1158; x_wconf 79' lang='grc' dir='ltr'><strong>μεγάλου</strong></span> <span class='ocrx_word' id='word_1_163' title='bbox 3152 1088 3362 1155; x_wconf 82' lang='grc' dir='ltr'><strong>Πέτρου</strong></span> <span class='ocrx_word' id='word_1_164' title='bbox 3412 1083 3659 1137; x_wconf 77' lang='grc' dir='ltr'>ἐοικέναι</span> 
     </span>
    </p>
   </div>
   <div class='ocr_carea' id='block_1_26' title="bbox 2073 1171 3656 1248">
    <p class='ocr_par' dir='ltr' id='par_1_26' title="bbox 2073 1171 3656 1248">
     <span class='ocr_line' id='line_1_26' title="bbox 2073 1171 3656 1248; baseline -0.001 -21"><span class='ocrx_word' id='word_1_165' title='bbox 2073 1171 2495 1247; x_wconf 73' lang='grc' dir='ltr'>θαυματουργία</span> <span class='ocrx_word' id='word_1_166' title='bbox 2518 1192 2533 1209; x_wconf 79' lang='grc' dir='ltr'><strong><em>ο</em></strong></span> <span class='ocrx_word' id='word_1_167' title='bbox 2574 1176 2633 1239; x_wconf 83' lang='grc' dir='ltr'>ὃς</span> <span class='ocrx_word' id='word_1_168' title='bbox 2656 1177 2748 1230; x_wconf 82' lang='grc' dir='ltr'>τὸν</span> <span class='ocrx_word' id='word_1_169' title='bbox 2798 1176 3049 1230; x_wconf 82' lang='grc' dir='ltr'>Ἀνανίαν</span> <span class='ocrx_word' id='word_1_170' title='bbox 3078 1176 3173 1231; x_wconf 78' lang='grc' dir='ltr'>καὶ</span> <span class='ocrx_word' id='word_1_171' title='bbox 3196 1175 3298 1248; x_wconf 79' lang='grc' dir='ltr'>τὴν</span> <span class='ocrx_word' id='word_1_172' title='bbox 3333 1175 3656 1243; x_wconf 82' lang='grc' dir='ltr'>Σάπφειραν</span> 
     </span>
    </p>
   </div>
   <div class='ocr_carea' id='block_1_27' title="bbox 2072 1263 3652 1339">
    <p class='ocr_par' dir='ltr' id='par_1_27' title="bbox 2072 1263 3652 1339">
     <span class='ocr_line' id='line_1_27' title="bbox 2072 1263 3652 1339; baseline -0.001 -22"><span class='ocrx_word' id='word_1_173' title='bbox 2072 1265 2410 1335; x_wconf 80' lang='grc' dir='ltr'>κεκλοφότας</span> <span class='ocrx_word' id='word_1_174' title='bbox 2468 1267 2564 1321; x_wconf 76' lang='grc' dir='ltr'>καὶ</span> <span class='ocrx_word' id='word_1_175' title='bbox 2622 1268 3004 1339; x_wconf 74' lang='grc' dir='ltr'>ψευσαμένους</span> <span class='ocrx_word' id='word_1_176' title='bbox 3040 1268 3255 1338; x_wconf 79' lang='grc' dir='ltr'>θανάτῳ</span> <span class='ocrx_word' id='word_1_177' title='bbox 3298 1263 3652 1337; x_wconf 78' lang='grc' dir='ltr'>παρέπεμψε.</span> 
     </span>
    </p>
   </div>
   <div class='ocr_carea' id='block_1_28' title="bbox 2072 1355 3656 1430">
    <p class='ocr_par' dir='ltr' id='par_1_28' title="bbox 2072 1355 3656 1430">
     <span class='ocr_line' id='line_1_28' title="bbox 2072 1355 3656 1430; baseline -0.001 -22"><span class='ocrx_word' id='word_1_178' title='bbox 2072 1356 2191 1409; x_wconf 75' lang='grc' dir='ltr'><strong>Καὶ</strong></span> <span class='ocrx_word' id='word_1_179' title='bbox 2226 1356 2336 1427; x_wconf 82' lang='grc' dir='ltr'><strong>γὰρ</strong></span> <span class='ocrx_word' id='word_1_180' title='bbox 2365 1357 2630 1421; x_wconf 83' lang='grc' dir='ltr'><strong>ὡσαύτως</strong></span> <span class='ocrx_word' id='word_1_181' title='bbox 2654 1359 2755 1429; x_wconf 66' lang='grc' dir='ltr'>τὴν</span> <span class='ocrx_word' id='word_1_182' title='bbox 2782 1359 3045 1430; x_wconf 80' lang='grc' dir='ltr'>ἀλήθειαν</span> <span class='ocrx_word' id='word_1_183' title='bbox 3078 1359 3401 1426; x_wconf 76' lang='grc' dir='ltr'><strong>κεκλοφότα,</strong></span> <span class='ocrx_word' id='word_1_184' title='bbox 3452 1356 3549 1411; x_wconf 69' lang='grc' dir='ltr'>καὶ</span> <span class='ocrx_word' id='word_1_185' title='bbox 3576 1355 3656 1426; x_wconf 85' lang='grc' dir='ltr'><strong>τῷ</strong></span> 
     </span>
    </p>
   </div>
   <div class='ocr_carea' id='block_1_29' title="bbox 2070 1445 3656 1520">
    <p class='ocr_par' dir='ltr' id='par_1_29' title="bbox 2070 1445 3656 1520">
     <span class='ocr_line' id='line_1_29' title="bbox 2070 1445 3656 1520; baseline -0.001 -21"><span class='ocrx_word' id='word_1_186' title='bbox 2070 1446 2256 1517; x_wconf 76' lang='grc' dir='ltr'>ψεύδει</span> <span class='ocrx_word' id='word_1_187' title='bbox 2284 1449 2628 1519; x_wconf 83' lang='grc' dir='ltr'>χρησάμενον</span> <span class='ocrx_word' id='word_1_188' title='bbox 2678 1449 2933 1518; x_wconf 87' lang='grc' dir='ltr'>ἀφείλετο</span> <span class='ocrx_word' id='word_1_189' title='bbox 2975 1448 3075 1520; x_wconf 79' lang='grc' dir='ltr'>τὴν</span> <span class='ocrx_word' id='word_1_190' title='bbox 3118 1450 3288 1520; x_wconf 78' lang='grc' dir='ltr'>ζωήν.</span> <span class='ocrx_word' id='word_1_191' title='bbox 3322 1446 3464 1500; x_wconf 83' lang='grc' dir='ltr'>Ἀλλ’</span> <span class='ocrx_word' id='word_1_192' title='bbox 3491 1447 3521 1498; x_wconf 99' lang='lat'><strong>6</strong></span> <span class='ocrx_word' id='word_1_193' title='bbox 3555 1445 3656 1515; x_wconf 75' lang='grc' dir='ltr'>μὲν</span> 
     </span>
    </p>
   </div>
   <div class='ocr_carea' id='block_1_30' title="bbox 2071 1539 3651 1613">
    <p class='ocr_par' dir='ltr' id='par_1_30' title="bbox 2071 1539 3651 1613">
     <span class='ocr_line' id='line_1_30' title="bbox 2071 1539 3651 1613; baseline 0 -21"><span class='ocrx_word' id='word_1_194' title='bbox 2071 1541 2235 1608; x_wconf 78' lang='grc' dir='ltr'>γνοὺς</span> <span class='ocrx_word' id='word_1_195' title='bbox 2265 1540 2364 1610; x_wconf 83' lang='grc' dir='ltr'>τὴν</span> <span class='ocrx_word' id='word_1_196' title='bbox 2384 1540 2614 1611; x_wconf 81' lang='grc' dir='ltr'>κλοπὴν,</span> <span class='ocrx_word' id='word_1_197' title='bbox 2642 1541 2960 1611; x_wconf 74' lang='grc' dir='ltr'>ἀπεκάλυψε</span> <span class='ocrx_word' id='word_1_198' title='bbox 2990 1542 3100 1611; x_wconf 81' lang='grc' dir='ltr'>γὰρ</span> <span class='ocrx_word' id='word_1_199' title='bbox 3132 1543 3165 1613; x_wconf 87' lang='grc' dir='ltr'><strong>ή</strong></span> <span class='ocrx_word' id='word_1_200' title='bbox 3197 1541 3291 1595; x_wconf 81' lang='grc' dir='ltr'>τοῦ</span> <span class='ocrx_word' id='word_1_201' title='bbox 3326 1539 3651 1608; x_wconf 83' lang='grc' dir='ltr'>Πνεύματος</span> 
     </span>
    </p>
   </div>
   <div class='ocr_carea' id='block_1_31' title="bbox 2072 1630 3655 1704">
    <p class='ocr_par' dir='ltr' id='par_1_31' title="bbox 2072 1630 3655 1704">
     <span class='ocr_line' id='line_1_31' title="bbox 2072 1630 3655 1704; baseline -0.001 -20"><span class='ocrx_word' id='word_1_202' title='bbox 2072 1631 2268 1702; x_wconf 82' lang='grc' dir='ltr'>χάρις,</span> <span class='ocrx_word' id='word_1_203' title='bbox 2319 1630 2418 1702; x_wconf 81' lang='grc' dir='ltr'>τὴν</span> <span class='ocrx_word' id='word_1_204' title='bbox 2475 1631 2631 1703; x_wconf 88' lang='grc' dir='ltr'>δίκην</span> <span class='ocrx_word' id='word_1_205' title='bbox 2685 1634 2969 1704; x_wconf 75' lang='grc' dir='ltr'>ἐπήγαγεν</span> <span class='ocrx_word' id='word_1_206' title='bbox 2998 1648 3013 1662; x_wconf 82' lang='grc'><strong>’</strong></span> <span class='ocrx_word' id='word_1_207' title='bbox 3049 1636 3078 1686; x_wconf 90' lang='grc' dir='ltr'><strong>ό</strong></span> <span class='ocrx_word' id='word_1_208' title='bbox 3112 1634 3169 1687; x_wconf 83' lang='grc' dir='ltr'>δὲ</span> <span class='ocrx_word' id='word_1_209' title='bbox 3214 1631 3311 1686; x_wconf 82' lang='grc' dir='ltr'>τοῦ</span> <span class='ocrx_word' id='word_1_210' title='bbox 3375 1632 3655 1703; x_wconf 83' lang='grc' dir='ltr'><strong>δράματος</strong></span> 
     </span>
    </p>
   </div>
   <div class='ocr_carea' id='block_1_32' title="bbox 2073 1722 3653 1796">
    <p class='ocr_par' dir='ltr' id='par_1_32' title="bbox 2073 1722 3653 1796">
     <span class='ocr_line' id='line_1_32' title="bbox 2073 1722 3653 1796; baseline -0.001 -20"><span class='ocrx_word' id='word_1_211' title='bbox 2073 1723 2285 1792; x_wconf 81' lang='grc' dir='ltr'>ἀγνοῶν</span> <span class='ocrx_word' id='word_1_212' title='bbox 2322 1724 2421 1792; x_wconf 77' lang='grc' dir='ltr'>τὴν</span> <span class='ocrx_word' id='word_1_213' title='bbox 2465 1725 2743 1792; x_wconf 84' lang='grc' dir='ltr'>ὑπόθεσιν,</span> <span class='ocrx_word' id='word_1_214' title='bbox 2784 1726 3132 1796; x_wconf 79' lang='grc' dir='ltr'>προσήνεγκε</span> <span class='ocrx_word' id='word_1_215' title='bbox 3175 1725 3275 1796; x_wconf 87' lang='grc' dir='ltr'><strong>μέν</strong></span> <span class='ocrx_word' id='word_1_216' title='bbox 3315 1725 3415 1796; x_wconf 86' lang='grc' dir='ltr'>τὴν</span> <span class='ocrx_word' id='word_1_217' title='bbox 3456 1722 3653 1793; x_wconf 78' lang='grc' dir='ltr'>εὐχὴν,</span> 
     </span>
    </p>
   </div>
   <div class='ocr_carea' id='block_1_33' title="bbox 2072 1814 3657 1887">
    <p class='ocr_par' dir='ltr' id='par_1_33' title="bbox 2072 1814 3657 1887">
     <span class='ocr_line' id='line_1_33' title="bbox 2072 1814 3657 1887; baseline 0.001 -20"><span class='ocrx_word' id='word_1_218' title='bbox 2072 1814 2264 1886; x_wconf 78' lang='grc' dir='ltr'>ἔστησε</span> <span class='ocrx_word' id='word_1_219' title='bbox 2300 1815 2359 1868; x_wconf 81' lang='grc' dir='ltr'>δὲ</span> <span class='ocrx_word' id='word_1_220' title='bbox 2393 1814 2472 1884; x_wconf 86' lang='grc' dir='ltr'>τῷ</span> <span class='ocrx_word' id='word_1_221' title='bbox 2495 1816 2865 1887; x_wconf 83' lang='grc' dir='ltr'>πεπλασμένῳ</span> <span class='ocrx_word' id='word_1_222' title='bbox 2892 1816 2989 1871; x_wconf 81' lang='grc' dir='ltr'>τοῦ</span> <span class='ocrx_word' id='word_1_223' title='bbox 3018 1816 3134 1887; x_wconf 87' lang='grc' dir='ltr'>βίου</span> <span class='ocrx_word' id='word_1_224' title='bbox 3167 1817 3259 1871; x_wconf 76' lang='grc' dir='ltr'><strong>τὸν</strong></span> <span class='ocrx_word' id='word_1_225' title='bbox 3289 1816 3489 1887; x_wconf 80' lang='grc' dir='ltr'>δρόμον</span> <span class='ocrx_word' id='word_1_226' title='bbox 3515 1830 3526 1843; x_wconf 88' lang='lat'><strong>&#39;</strong></span> <span class='ocrx_word' id='word_1_227' title='bbox 3557 1814 3657 1868; x_wconf 74' lang='grc' dir='ltr'>καὶ</span> 
     </span>
    </p>
   </div>
   <div class='ocr_carea' id='block_1_34' title="bbox 384 1883 1964 1979">
    <p class='ocr_par' dir='ltr' id='par_1_34' title="bbox 384 1908 1964 1979">
     <span class='ocr_line' id='line_1_34' title="bbox 384 1908 1964 1979; baseline 0.002 -19"><span class='ocrx_word' id='word_1_228' title='bbox 384 1913 441 1960; x_wconf 86' lang='lat' dir='ltr'><strong>et</strong></span> <span class='ocrx_word' id='word_1_229' title='bbox 472 1920 696 1975; x_wconf 87' lang='lat' dir='ltr'><strong>poenam</strong></span> <span class='ocrx_word' id='word_1_230' title='bbox 719 1922 845 1961; x_wconf 78' lang='lat' dir='ltr'><strong>mox</strong></span> <span class='ocrx_word' id='word_1_231' title='bbox 878 1908 1127 1971; x_wconf 86' lang='lat' dir='ltr'><strong>remisit,</strong></span> <span class='ocrx_word' id='word_1_232' title='bbox 1172 1910 1303 1979; x_wconf 89' lang='lat' dir='ltr'><strong>quia</strong></span> <span class='ocrx_word' id='word_1_233' title='bbox 1347 1909 1429 1964; x_wconf 91' lang='lat' dir='ltr'><strong>sic</strong></span> <span class='ocrx_word' id='word_1_234' title='bbox 1450 1916 1679 1964; x_wconf 84' lang='lat' dir='ltr'><strong>noverat</strong></span> <span class='ocrx_word' id='word_1_235' title='bbox 1708 1925 1768 1963; x_wconf 90' lang='lat' dir='ltr'><strong>se</strong></span> <span class='ocrx_word' id='word_1_236' title='bbox 1798 1909 1964 1963; x_wconf 88' lang='lat' dir='ltr'><strong>lucri-</strong></span> 
     </span>
    </p>
   </div>
   <div class='ocr_carea' id='block_1_35' title="bbox 2069 1883 3658 1979">
    <p class='ocr_par' dir='ltr' id='par_1_35' title="bbox 2072 1883 3658 1978">
     <span class='ocr_line' id='line_1_35' title="bbox 2072 1883 3658 1978; baseline -0.003 -15"><span class='ocrx_word' id='word_1_237' title='bbox 2072 1910 2101 1963; x_wconf 89' lang='lat'><strong>6</strong></span> <span class='ocrx_word' id='word_1_238' title='bbox 2134 1883 2230 1978; x_wconf 76' lang='grc' dir='ltr'><strong>μέν</strong></span> <span class='ocrx_word' id='word_1_239' title='bbox 2257 1907 2399 1970; x_wconf 87' lang='grc' dir='ltr'>θεῖος</span> <span class='ocrx_word' id='word_1_240' title='bbox 2441 1883 2761 1971; x_wconf 79' lang='grc' dir='ltr'>Ἂπόστολος</span> <span class='ocrx_word' id='word_1_241' title='bbox 2789 1883 2889 1962; x_wconf 66' lang='grc' dir='ltr'><strong>οόκ</strong></span> <span class='ocrx_word' id='word_1_242' title='bbox 2916 1883 3075 1961; x_wconf 80' lang='grc' dir='ltr'>ἔλυσε</span> <span class='ocrx_word' id='word_1_243' title='bbox 3102 1910 3214 1971; x_wconf 89' lang='grc' dir='ltr'>τοῖς</span> <span class='ocrx_word' id='word_1_244' title='bbox 3236 1883 3527 1977; x_wconf 81' lang='grc' dir='ltr'>τεθνηκόσι</span> <span class='ocrx_word' id='word_1_245' title='bbox 3552 1905 3658 1978; x_wconf 74' lang='grc' dir='ltr'>τὴν</span> 
     </span>
    </p>
   </div>
   <div class='ocr_carea' id='block_1_36' title="bbox 383 1996 1968 2071">
    <p class='ocr_par' dir='ltr' id='par_1_36' title="bbox 383 1996 1968 2071">
     <span class='ocr_line' id='line_1_36' title="bbox 383 1996 1968 2071; baseline 0.003 -20"><span class='ocrx_word' id='word_1_246' title='bbox 383 1996 667 2052; x_wconf 84' lang='lat' dir='ltr'><strong>facturum</strong></span> <span class='ocrx_word' id='word_1_247' title='bbox 695 2014 793 2055; x_wconf 91' lang='lat' dir='ltr'><strong>eos</strong></span> <span class='ocrx_word' id='word_1_248' title='bbox 824 1999 916 2069; x_wconf 87' lang='lat' dir='ltr'><strong>qui</strong></span> <span class='ocrx_word' id='word_1_249' title='bbox 949 2006 1266 2070; x_wconf 89' lang='lat' dir='ltr'><strong>pecearant.</strong></span> <span class='ocrx_word' id='word_1_250' title='bbox 1307 1998 1507 2056; x_wconf 88' lang='lat' dir='ltr'><strong>Verum</strong></span> <span class='ocrx_word' id='word_1_251' title='bbox 1563 2001 1631 2055; x_wconf 89' lang='lat' dir='ltr'><strong>ad</strong></span> <span class='ocrx_word' id='word_1_252' title='bbox 1684 2001 1790 2055; x_wconf 89' lang='lat' dir='ltr'><strong>alia</strong></span> <span class='ocrx_word' id='word_1_253' title='bbox 1838 2016 1968 2071; x_wconf 85' lang='lat' dir='ltr'><strong>per-</strong></span> 
     </span>
    </p>
   </div>
   <div class='ocr_carea' id='block_1_37' title="bbox 383 2089 1963 2164">
    <p class='ocr_par' dir='ltr' id='par_1_37' title="bbox 383 2089 1963 2164">
     <span class='ocr_line' id='line_1_37' title="bbox 383 2089 1963 2164; baseline 0.003 -19"><span class='ocrx_word' id='word_1_254' title='bbox 383 2089 631 2161; x_wconf 79' lang='lat' dir='ltr'><strong>gendum</strong></span> <span class='ocrx_word' id='word_1_255' title='bbox 657 2099 777 2157; x_wconf 87' lang='lat' dir='ltr'><strong>est,</strong></span> <span class='ocrx_word' id='word_1_256' title='bbox 822 2100 991 2163; x_wconf 86' lang='lat' dir='ltr'><strong>atque</strong></span> <span class='ocrx_word' id='word_1_257' title='bbox 1020 2092 1112 2147; x_wconf 91' lang='lat' dir='ltr'><strong>illa</strong></span> <span class='ocrx_word' id='word_1_258' title='bbox 1148 2093 1315 2148; x_wconf 86' lang='lat' dir='ltr'><strong>etiam</strong></span> <span class='ocrx_word' id='word_1_259' title='bbox 1347 2094 1587 2148; x_wconf 84' lang='lat' dir='ltr'><strong>breviter</strong></span> <span class='ocrx_word' id='word_1_260' title='bbox 1617 2094 1963 2164; x_wconf 79' lang='lat' dir='ltr'><strong>exponenda.</strong></span> 
     </span>
    </p>
   </div>
   <div class='ocr_carea' id='block_1_38' title="bbox 2075 1995 3653 2074">
    <p class='ocr_par' dir='ltr' id='par_1_38' title="bbox 2075 1995 3653 2074">
     <span class='ocr_line' id='line_1_38' title="bbox 2075 1995 3653 2074; baseline -0.004 -19"><span class='ocrx_word' id='word_1_261' title='bbox 2075 2002 2367 2074; x_wconf 84' lang='grc' dir='ltr'>συμφοράν</span> <span class='ocrx_word' id='word_1_262' title='bbox 2444 2000 2616 2071; x_wconf 83' lang='grc' dir='ltr'>(δέους</span> <span class='ocrx_word' id='word_1_263' title='bbox 2650 1999 2761 2071; x_wconf 92' lang='grc' dir='ltr'><strong>γάρ</strong></span> <span class='ocrx_word' id='word_1_264' title='bbox 2804 2000 3001 2072; x_wconf 74' lang='grc' dir='ltr'>ἔχρῃζε</span> <span class='ocrx_word' id='word_1_265' title='bbox 3027 1999 3122 2052; x_wconf 83' lang='grc' dir='ltr'><strong>τοῦ</strong></span> <span class='ocrx_word' id='word_1_266' title='bbox 3158 1999 3430 2069; x_wconf 82' lang='grc' dir='ltr'>σωτηρίου</span> <span class='ocrx_word' id='word_1_267' title='bbox 3478 1995 3653 2067; x_wconf 85' lang='grc' dir='ltr'>κηρύ-</span> 
     </span>
    </p>
   </div>
   <div class='ocr_carea' id='block_1_39' title="bbox 2076 2090 3657 2166">
    <p class='ocr_par' dir='ltr' id='par_1_39' title="bbox 2076 2090 3657 2166">
     <span class='ocr_line' id='line_1_39' title="bbox 2076 2090 3657 2166; baseline -0.004 -19"><span class='ocrx_word' id='word_1_268' title='bbox 2076 2111 2283 2166; x_wconf 87' lang='grc' dir='ltr'>γματος</span> <span class='ocrx_word' id='word_1_269' title='bbox 2309 2091 2379 2146; x_wconf 88' lang='grc' dir='ltr'>τὰ</span> <span class='ocrx_word' id='word_1_270' title='bbox 2407 2092 2717 2165; x_wconf 89' lang='grc' dir='ltr'>προοίμια)·</span> <span class='ocrx_word' id='word_1_271' title='bbox 2750 2093 2778 2143; x_wconf 89' lang='lat'><strong>6</strong></span> <span class='ocrx_word' id='word_1_272' title='bbox 2800 2092 2857 2144; x_wconf 84' lang='grc' dir='ltr'><strong>δέ</strong></span> <span class='ocrx_word' id='word_1_273' title='bbox 2876 2093 2974 2161; x_wconf 84' lang='grc' dir='ltr'>τῆς</span> <span class='ocrx_word' id='word_1_274' title='bbox 2995 2090 3362 2159; x_wconf 81' lang='grc' dir='ltr'>άποστολικῆς</span> <span class='ocrx_word' id='word_1_275' title='bbox 3390 2090 3657 2160; x_wconf 65' lang='grc' dir='ltr'>ὑπάρχων</span> 
     </span>
    </p>
   </div>
   <div class='ocr_carea' id='block_1_40' title="bbox 381 2178 3655 2273">
    <p class='ocr_par' dir='ltr' id='par_1_40' title="bbox 381 2178 3655 2273">
     <span class='ocr_line' id='line_1_40' title="bbox 381 2178 3655 2273; baseline -0.002 -39"><span class='ocrx_word' id='word_1_276' title='bbox 381 2180 671 2273; x_wconf 75' lang='grc' dir='ltr'>ἀνάπλεως</span> <span class='ocrx_word' id='word_1_277' title='bbox 715 2183 962 2255; x_wconf 89' lang='grc' dir='ltr'>χάριτος,</span> <span class='ocrx_word' id='word_1_278' title='bbox 1019 2184 1116 2238; x_wconf 63' lang='grc' dir='ltr'><strong>καὶ¹</strong></span> <span class='ocrx_word' id='word_1_279' title='bbox 1174 2183 1435 2239; x_wconf 74' lang='grc' dir='ltr'>ἐκόλασεν</span> <span class='ocrx_word' id='word_1_280' title='bbox 1481 2186 1562 2249; x_wconf 78' lang='grc' dir='ltr'><strong>είς</strong></span> <span class='ocrx_word' id='word_1_281' title='bbox 1617 2184 1831 2255; x_wconf 80' lang='grc' dir='ltr'>καιρὸν,</span> <span class='ocrx_word' id='word_1_282' title='bbox 1861 2184 1960 2238; x_wconf 73' lang='grc' dir='ltr'>καὶ</span> <span class='ocrx_word' id='word_1_283' title='bbox 1989 2183 2145 2238; x_wconf 78' lang='grc' dir='ltr'>ἔλυσε</span> <span class='ocrx_word' id='word_1_284' title='bbox 2165 2182 2376 2254; x_wconf 87' lang='grc' dir='ltr'>ταχέως</span> <span class='ocrx_word' id='word_1_285' title='bbox 2408 2182 2509 2252; x_wconf 83' lang='grc' dir='ltr'>τὴν</span> <span class='ocrx_word' id='word_1_286' title='bbox 2571 2181 2794 2234; x_wconf 86' lang='grc' dir='ltr'>κόλασιν</span> <span class='ocrx_word' id='word_1_287' title='bbox 2829 2197 2842 2210; x_wconf 93' lang='grc'><strong>·</strong></span> <span class='ocrx_word' id='word_1_288' title='bbox 2883 2179 3059 2250; x_wconf 80' lang='grc' dir='ltr'>τούτῳ</span> <span class='ocrx_word' id='word_1_289' title='bbox 3120 2180 3230 2250; x_wconf 85' lang='grc' dir='ltr'><strong>γάρ</strong></span> <span class='ocrx_word' id='word_1_290' title='bbox 3286 2178 3403 2249; x_wconf 72' lang='grc' dir='ltr'>ᾔδει</span> <span class='ocrx_word' id='word_1_291' title='bbox 3457 2178 3655 2250; x_wconf 84' lang='grc' dir='ltr'>κερδα-</span> 
     </span>
    </p>
   </div>
   <div class='ocr_carea' id='block_1_41' title="bbox 382 2273 3225 2353">
    <p class='ocr_par' dir='ltr' id='par_1_41' title="bbox 382 2273 3225 2353">
     <span class='ocr_line' id='line_1_41' title="bbox 382 2273 3225 2353; baseline -0.002 -21"><span class='ocrx_word' id='word_1_292' title='bbox 382 2279 496 2334; x_wconf 84' lang='grc' dir='ltr'>νεῖν</span> <span class='ocrx_word' id='word_1_293' title='bbox 540 2280 671 2344; x_wconf 70' lang='grc' dir='ltr'><strong>τοίις</strong></span> <span class='ocrx_word' id='word_1_294' title='bbox 723 2280 1084 2342; x_wconf 83' lang='grc' dir='ltr'>πταίσαντας.</span> <span class='ocrx_word' id='word_1_295' title='bbox 1133 2280 1294 2335; x_wconf 85' lang='grc' dir='ltr'>Ἀλλά</span> <span class='ocrx_word' id='word_1_296' title='bbox 1324 2281 1434 2353; x_wconf 80' lang='grc' dir='ltr'>γὰρ</span> <span class='ocrx_word' id='word_1_297' title='bbox 1465 2281 1564 2335; x_wconf 78' lang='grc' dir='ltr'>καὶ</span> <span class='ocrx_word' id='word_1_298' title='bbox 1600 2280 1698 2333; x_wconf 71' lang='grc' dir='ltr'>ἐπὶ</span> <span class='ocrx_word' id='word_1_299' title='bbox 1728 2279 1799 2334; x_wconf 87' lang='grc' dir='ltr'>τὰ</span> <span class='ocrx_word' id='word_1_300' title='bbox 1829 2281 1967 2336; x_wconf 83' lang='grc' dir='ltr'>ἄλλα</span> <span class='ocrx_word' id='word_1_301' title='bbox 2007 2281 2168 2345; x_wconf 74' lang='grc' dir='ltr'>ἰτέον,</span> <span class='ocrx_word' id='word_1_302' title='bbox 2204 2278 2298 2331; x_wconf 72' lang='grc' dir='ltr'><strong>καὶ</strong></span> <span class='ocrx_word' id='word_1_303' title='bbox 2338 2276 2616 2346; x_wconf 80' lang='grc' dir='ltr'>συντόμως</span> <span class='ocrx_word' id='word_1_304' title='bbox 2650 2277 2881 2330; x_wconf 84' lang='grc' dir='ltr'>κάκεῖνα</span> <span class='ocrx_word' id='word_1_305' title='bbox 2908 2273 3225 2345; x_wconf 81' lang='grc' dir='ltr'>ἐξηγητέον.</span> 
     </span>
    </p>
   </div>
   <div class='ocr_carea' id='block_1_42' title="bbox 454 2375 1964 2447">
    <p class='ocr_par' dir='ltr' id='par_1_42' title="bbox 454 2375 1964 2447">
     <span class='ocr_line' id='line_1_42' title="bbox 454 2375 1964 2447; baseline -0.001 -17"><span class='ocrx_word' id='word_1_306' title='bbox 454 2375 671 2430; x_wconf 88' lang='lat' dir='ltr'><strong>Etenim</strong></span> <span class='ocrx_word' id='word_1_307' title='bbox 719 2391 846 2430; x_wconf 80' lang='lat' dir='ltr'><strong>eum</strong></span> <span class='ocrx_word' id='word_1_308' title='bbox 880 2376 1070 2444; x_wconf 76' lang='lat' dir='ltr'><strong>Arius,</strong></span> <span class='ocrx_word' id='word_1_309' title='bbox 1112 2377 1470 2447; x_wconf 70' lang='lat' dir='ltr'><strong>blasphemiae</strong></span> <span class='ocrx_word' id='word_1_310' title='bbox 1504 2377 1558 2431; x_wconf 91' lang='lat' dir='ltr'><strong>in</strong></span> <span class='ocrx_word' id='word_1_311' title='bbox 1599 2376 1964 2447; x_wconf 83' lang='lat' dir='ltr'><strong>Unigenitum</strong></span> 
     </span>
    </p>
   </div>
   <div class='ocr_carea' id='block_1_43' title="bbox 381 2465 1966 2541">
    <p class='ocr_par' dir='ltr' id='par_1_43' title="bbox 381 2465 1966 2541">
     <span class='ocr_line' id='line_1_43' title="bbox 381 2465 1966 2541; baseline 0.002 -21"><span class='ocrx_word' id='word_1_312' title='bbox 381 2476 438 2521; x_wconf 89' lang='lat' dir='ltr'><strong>et</strong></span> <span class='ocrx_word' id='word_1_313' title='bbox 478 2465 747 2537; x_wconf 84' lang='lat' dir='ltr'><strong>Spiritum</strong></span> <span class='ocrx_word' id='word_1_314' title='bbox 785 2479 1044 2525; x_wconf 79' lang='lat' dir='ltr'><strong>sanctum</strong></span> <span class='ocrx_word' id='word_1_315' title='bbox 1093 2477 1250 2540; x_wconf 89' lang='lat' dir='ltr'><strong>pater</strong></span> <span class='ocrx_word' id='word_1_316' title='bbox 1276 2479 1331 2525; x_wconf 91' lang='lat' dir='ltr'><strong>et</strong></span> <span class='ocrx_word' id='word_1_317' title='bbox 1359 2470 1568 2541; x_wconf 80' lang='lat' dir='ltr'><strong>opifex,</strong></span> <span class='ocrx_word' id='word_1_318' title='bbox 1611 2471 1666 2524; x_wconf 93' lang='lat' dir='ltr'><strong>in</strong></span> <span class='ocrx_word' id='word_1_319' title='bbox 1703 2485 1830 2525; x_wconf 87' lang='lat' dir='ltr'><strong>eum</strong></span> <span class='ocrx_word' id='word_1_320' title='bbox 1867 2469 1966 2539; x_wconf 91' lang='lat' dir='ltr'><strong>qui</strong></span> 
     </span>
    </p>
   </div>
   <div class='ocr_carea' id='block_1_44' title="bbox 382 2560 1968 2632">
    <p class='ocr_par' dir='ltr' id='par_1_44' title="bbox 382 2560 1968 2632">
     <span class='ocr_line' id='line_1_44' title="bbox 382 2560 1968 2632; baseline 0.002 -20"><span class='ocrx_word' id='word_1_321' title='bbox 382 2560 564 2629; x_wconf 86' lang='lat' dir='ltr'><strong>ipsum</strong></span> <span class='ocrx_word' id='word_1_322' title='bbox 592 2568 812 2616; x_wconf 89' lang='lat' dir='ltr'><strong>crearat</strong></span> <span class='ocrx_word' id='word_1_323' title='bbox 838 2561 1082 2632; x_wconf 78' lang='lat' dir='ltr'><strong>linguam</strong></span> <span class='ocrx_word' id='word_1_324' title='bbox 1135 2577 1388 2627; x_wconf 89' lang='lat' dir='ltr'><strong>movens,</strong></span> <span class='ocrx_word' id='word_1_325' title='bbox 1441 2563 1687 2617; x_wconf 89' lang='lat' dir='ltr'><strong>tumultu</strong></span> <span class='ocrx_word' id='word_1_326' title='bbox 1735 2570 1792 2617; x_wconf 88' lang='lat' dir='ltr'><strong>et</strong></span> <span class='ocrx_word' id='word_1_327' title='bbox 1839 2575 1968 2632; x_wconf 78' lang='lat' dir='ltr'><strong>per-</strong></span> 
     </span>
    </p>
   </div>
   <div class='ocr_carea' id='block_1_45' title="bbox 380 2650 1966 2726">
    <p class='ocr_par' dir='ltr' id='par_1_45' title="bbox 380 2650 1966 2726">
     <span class='ocr_line' id='line_1_45' title="bbox 380 2650 1966 2726; baseline 0.004 -23"><span class='ocrx_word' id='word_1_328' title='bbox 380 2650 702 2706; x_wconf 71' lang='lat' dir='ltr'><strong>turbatione</strong></span> <span class='ocrx_word' id='word_1_329' title='bbox 740 2652 1083 2724; x_wconf 81' lang='lat' dir='ltr'><strong>implevisset</strong></span> <span class='ocrx_word' id='word_1_330' title='bbox 1108 2654 1432 2726; x_wconf 69' lang='lat' dir='ltr'><strong>Egyptum,</strong></span> <span class='ocrx_word' id='word_1_331' title='bbox 1465 2664 1522 2710; x_wconf 90' lang='lat' dir='ltr'><strong>et</strong></span> <span class='ocrx_word' id='word_1_332' title='bbox 1565 2653 1966 2710; x_wconf 83' lang='lat' dir='ltr'><strong>Constantinus</strong></span> 
     </span>
    </p>
   </div>
   <div class='ocr_carea' id='block_1_46' title="bbox 382 2743 1964 2817">
    <p class='ocr_par' dir='ltr' id='par_1_46' title="bbox 382 2743 1964 2817">
     <span class='ocr_line' id='line_1_46' title="bbox 382 2743 1964 2817; baseline 0.003 -22"><span class='ocrx_word' id='word_1_333' title='bbox 382 2743 665 2800; x_wconf 85' lang='lat' dir='ltr'><strong>maximus</strong></span> <span class='ocrx_word' id='word_1_334' title='bbox 709 2745 1043 2816; x_wconf 81' lang='lat' dir='ltr'><strong>imperator,</strong></span> <span class='ocrx_word' id='word_1_335' title='bbox 1097 2746 1286 2817; x_wconf 81' lang='lat' dir='ltr'><strong>gregis</strong></span> <span class='ocrx_word' id='word_1_336' title='bbox 1363 2748 1542 2801; x_wconf 80' lang='lat' dir='ltr'><strong>nostri</strong></span> <span class='ocrx_word' id='word_1_337' title='bbox 1619 2745 1964 2812; x_wconf 74' lang='lat' dir='ltr'><strong>Zornbabel,</strong></span> 
     </span>
    </p>
   </div>
   <div class='ocr_carea' id='block_1_47' title="bbox 381 2824 1964 2910">
    <p class='ocr_par' dir='ltr' id='par_1_47' title="bbox 381 2824 1964 2910">
     <span class='ocr_line' id='line_1_47' title="bbox 381 2824 1964 2910; baseline 0.001 -21"><span class='ocrx_word' id='word_1_338' title='bbox 381 2833 629 2905; x_wconf 76' lang='lat' dir='ltr'><strong>(quippe</strong></span> <span class='ocrx_word' id='word_1_339' title='bbox 656 2835 750 2906; x_wconf 91' lang='lat' dir='ltr'><strong>qui</strong></span> <span class='ocrx_word' id='word_1_340' title='bbox 781 2824 952 2892; x_wconf 89' lang='lat' dir='ltr'><strong>totam</strong></span> <span class='ocrx_word' id='word_1_341' title='bbox 993 2838 1233 2910; x_wconf 86' lang='lat' dir='ltr'><strong>piorum,</strong></span> <span class='ocrx_word' id='word_1_342' title='bbox 1262 2838 1411 2893; x_wconf 84' lang='lat' dir='ltr'><strong>sicut</strong></span> <span class='ocrx_word' id='word_1_343' title='bbox 1435 2837 1547 2902; x_wconf 89' lang='lat' dir='ltr'><strong>ille,</strong></span> <span class='ocrx_word' id='word_1_344' title='bbox 1585 2837 1964 2908; x_wconf 80' lang='lat' dir='ltr'><strong>captivitatem</strong></span> 
     </span>
    </p>
   </div>
   <div class='ocr_carea' id='block_1_48' title="bbox 379 2922 1965 2998">
    <p class='ocr_par' dir='ltr' id='par_1_48' title="bbox 379 2922 1965 2998">
     <span class='ocr_line' id='line_1_48' title="bbox 379 2922 1965 2998; baseline 0.004 -22"><span class='ocrx_word' id='word_1_345' title='bbox 379 2922 605 2978; x_wconf 79' lang='lat' dir='ltr'><strong>reduxit</strong></span> <span class='ocrx_word' id='word_1_346' title='bbox 633 2924 703 2979; x_wconf 90' lang='lat' dir='ltr'><strong>ab</strong></span> <span class='ocrx_word' id='word_1_347' title='bbox 751 2924 968 2998; x_wconf 64' lang='grc'><strong>1114</strong></span> <span class='ocrx_word' id='word_1_348' title='bbox 1004 2927 1221 2983; x_wconf 78' lang='lat' dir='ltr'><strong>exsilio.</strong></span> <span class='ocrx_word' id='word_1_349' title='bbox 1257 2933 1313 2981; x_wconf 89' lang='lat' dir='ltr'><strong>et</strong></span> <span class='ocrx_word' id='word_1_350' title='bbox 1361 2925 1548 2980; x_wconf 84' lang='lat' dir='ltr'><strong>divina</strong></span> <span class='ocrx_word' id='word_1_351' title='bbox 1591 2927 1793 2997; x_wconf 88' lang='lat' dir='ltr'><strong>templa</strong></span> <span class='ocrx_word' id='word_1_352' title='bbox 1845 2930 1965 2984; x_wconf 87' lang='lat' dir='ltr'><strong>solo</strong></span> 
     </span>
    </p>
   </div>
   <div class='ocr_carea' id='block_1_49' title="bbox 377 3017 1963 3089">
    <p class='ocr_par' dir='ltr' id='par_1_49' title="bbox 377 3017 1963 3089">
     <span class='ocr_line' id='line_1_49' title="bbox 377 3017 1963 3089; baseline 0.004 -21"><span class='ocrx_word' id='word_1_353' title='bbox 377 3023 594 3084; x_wconf 69' lang='lat' dir='ltr'><strong>aequata</strong></span> <span class='ocrx_word' id='word_1_354' title='bbox 627 3017 684 3070; x_wconf 91' lang='lat' dir='ltr'><strong>in</strong></span> <span class='ocrx_word' id='word_1_355' title='bbox 711 3017 881 3071; x_wconf 88' lang='lat' dir='ltr'><strong>altum</strong></span> <span class='ocrx_word' id='word_1_356' title='bbox 905 3017 1131 3089; x_wconf 78' lang='lat' dir='ltr'><strong>erexit),</strong></span> <span class='ocrx_word' id='word_1_357' title='bbox 1160 3017 1533 3074; x_wconf 88' lang='lat' dir='ltr'><strong>Ecclesiarum</strong></span> <span class='ocrx_word' id='word_1_358' title='bbox 1557 3018 1823 3088; x_wconf 64' lang='lat' dir='ltr'><strong>praesides</strong></span> <span class='ocrx_word' id='word_1_359' title='bbox 1846 3034 1963 3073; x_wconf 90' lang='lat' dir='ltr'><strong>om-</strong></span> 
     </span>
    </p>
   </div>
   <div class='ocr_carea' id='block_1_50' title="bbox 378 3106 1965 3180">
    <p class='ocr_par' dir='ltr' id='par_1_50' title="bbox 378 3106 1965 3180">
     <span class='ocr_line' id='line_1_50' title="bbox 378 3106 1965 3180; baseline 0.001 -19"><span class='ocrx_word' id='word_1_360' title='bbox 378 3121 483 3162; x_wconf 83' lang='lat' dir='ltr'><strong>nes</strong></span> <span class='ocrx_word' id='word_1_361' title='bbox 514 3106 754 3162; x_wconf 68' lang='lat' dir='ltr'><strong>Nicmam</strong></span> <span class='ocrx_word' id='word_1_362' title='bbox 786 3115 1177 3173; x_wconf 85' lang='lat' dir='ltr'><strong>convocasset,</strong></span> <span class='ocrx_word' id='word_1_363' title='bbox 1209 3110 1363 3164; x_wconf 90' lang='lat' dir='ltr'><strong>venit</strong></span> <span class='ocrx_word' id='word_1_364' title='bbox 1391 3125 1520 3165; x_wconf 91' lang='lat' dir='ltr'><strong>cum</strong></span> <span class='ocrx_word' id='word_1_365' title='bbox 1563 3108 1689 3165; x_wconf 89' lang='lat' dir='ltr'><strong>aliis</strong></span> <span class='ocrx_word' id='word_1_366' title='bbox 1728 3125 1965 3180; x_wconf 78' lang='lat' dir='ltr'><strong>magnus</strong></span> 
     </span>
    </p>
   </div>
   <div class='ocr_carea' id='block_1_51' title="bbox 2139 2362 3655 2445">
    <p class='ocr_par' dir='ltr' id='par_1_51' title="bbox 2139 2362 3655 2445">
     <span class='ocr_line' id='line_1_51' title="bbox 2139 2362 3655 2445; baseline -0.008 -17"><span class='ocrx_word' id='word_1_367' title='bbox 2139 2373 2362 2445; x_wconf 82' lang='grc' dir='ltr'>Ἐπειδὴ</span> <span class='ocrx_word' id='word_1_368' title='bbox 2387 2373 2498 2443; x_wconf 83' lang='grc' dir='ltr'><strong>γάρ</strong></span> <span class='ocrx_word' id='word_1_369' title='bbox 2533 2374 2599 2425; x_wconf 79' lang='grc' dir='ltr'><strong>’Δ</strong></span> <span class='ocrx_word' id='word_1_370' title='bbox 2611 2388 2777 2442; x_wconf 87' lang='grc' dir='ltr'>ρειος,</span> <span class='ocrx_word' id='word_1_371' title='bbox 2804 2371 2833 2422; x_wconf 90' lang='lat'><strong>6</strong></span> <span class='ocrx_word' id='word_1_372' title='bbox 2873 2369 2973 2441; x_wconf 75' lang='grc' dir='ltr'>τῆς</span> <span class='ocrx_word' id='word_1_373' title='bbox 3002 2367 3144 2421; x_wconf 81' lang='grc' dir='ltr'>κατά</span> <span class='ocrx_word' id='word_1_374' title='bbox 3172 2365 3265 2420; x_wconf 80' lang='grc' dir='ltr'><strong>τοῦ</strong></span> <span class='ocrx_word' id='word_1_375' title='bbox 3311 2362 3655 2433; x_wconf 70' lang='grc' dir='ltr'>Μονογεγοῖις</span> 
     </span>
    </p>
   </div>
   <div class='ocr_carea' id='block_1_52' title="bbox 2066 2455 3654 2534">
    <p class='ocr_par' dir='ltr' id='par_1_52' title="bbox 2066 2455 3654 2534">
     <span class='ocr_line' id='line_1_52' title="bbox 2066 2455 3654 2534; baseline -0.009 -13"><span class='ocrx_word' id='word_1_376' title='bbox 2066 2467 2162 2521; x_wconf 79' lang='grc' dir='ltr'>καὶ</span> <span class='ocrx_word' id='word_1_377' title='bbox 2186 2466 2279 2520; x_wconf 78' lang='grc' dir='ltr'>τοῦ</span> <span class='ocrx_word' id='word_1_378' title='bbox 2305 2467 2575 2534; x_wconf 81' lang='grc' dir='ltr'>παναγίου</span> <span class='ocrx_word' id='word_1_379' title='bbox 2606 2462 2926 2534; x_wconf 83' lang='grc' dir='ltr'>Πνεύματος</span> <span class='ocrx_word' id='word_1_380' title='bbox 2961 2458 3314 2532; x_wconf 77' lang='grc' dir='ltr'>βλασφημίας</span> <span class='ocrx_word' id='word_1_381' title='bbox 3349 2457 3536 2527; x_wconf 79' lang='grc' dir='ltr'>πατὴρ</span> <span class='ocrx_word' id='word_1_382' title='bbox 3558 2455 3654 2508; x_wconf 70' lang='grc' dir='ltr'>καὶ</span> 
     </span>
    </p>
   </div>
   <div class='ocr_carea' id='block_1_53' title="bbox 2063 2549 3654 2632">
    <p class='ocr_par' dir='ltr' id='par_1_53' title="bbox 2063 2549 3654 2632">
     <span class='ocr_line' id='line_1_53' title="bbox 2063 2549 3654 2632; baseline -0.008 -20"><span class='ocrx_word' id='word_1_383' title='bbox 2063 2559 2415 2632; x_wconf 85' lang='grc' dir='ltr'>δημιουργὸς.</span> <span class='ocrx_word' id='word_1_384' title='bbox 2466 2556 2607 2611; x_wconf 72' lang='grc' dir='ltr'>κατὰ</span> <span class='ocrx_word' id='word_1_385' title='bbox 2662 2556 2759 2609; x_wconf 81' lang='grc' dir='ltr'>τοῦ</span> <span class='ocrx_word' id='word_1_386' title='bbox 2820 2552 3185 2621; x_wconf 86' lang='grc' dir='ltr'>πεποιηκότος</span> <span class='ocrx_word' id='word_1_387' title='bbox 3255 2549 3353 2621; x_wconf 80' lang='grc' dir='ltr'>τὴν</span> <span class='ocrx_word' id='word_1_388' title='bbox 3403 2549 3654 2618; x_wconf 85' lang='grc' dir='ltr'>γλῶτταν</span> 
     </span>
    </p>
   </div>
   <div class='ocr_carea' id='block_1_54' title="bbox 2065 2642 3650 2723">
    <p class='ocr_par' dir='ltr' id='par_1_54' title="bbox 2065 2642 3650 2723">
     <span class='ocr_line' id='line_1_54' title="bbox 2065 2642 3650 2723; baseline -0.008 -17"><span class='ocrx_word' id='word_1_389' title='bbox 2065 2650 2393 2723; x_wconf 81' lang='grc' dir='ltr'>κεκινηκὼς,</span> <span class='ocrx_word' id='word_1_390' title='bbox 2426 2649 2688 2719; x_wconf 81' lang='grc' dir='ltr'>ἐνέπλησε</span> <span class='ocrx_word' id='word_1_391' title='bbox 2725 2648 2829 2719; x_wconf 81' lang='grc' dir='ltr'>τὴν</span> <span class='ocrx_word' id='word_1_392' title='bbox 2855 2645 3132 2713; x_wconf 80' lang='grc' dir='ltr'>Αἴγυπτον</span> <span class='ocrx_word' id='word_1_393' title='bbox 3156 2642 3387 2715; x_wconf 85' lang='grc' dir='ltr'>θορύϐου</span> <span class='ocrx_word' id='word_1_394' title='bbox 3423 2642 3519 2696; x_wconf 72' lang='grc' dir='ltr'><strong>καὶ</strong></span> <span class='ocrx_word' id='word_1_395' title='bbox 3551 2658 3650 2695; x_wconf 81' lang='grc' dir='ltr'>ταο</span> 
     </span>
    </p>
   </div>
   <div class='ocr_carea' id='block_1_55' title="bbox 2072 2735 3655 2816">
    <p class='ocr_par' dir='ltr' id='par_1_55' title="bbox 2072 2735 3655 2816">
     <span class='ocr_line' id='line_1_55' title="bbox 2072 2735 3655 2816; baseline -0.008 -18"><span class='ocrx_word' id='word_1_396' title='bbox 2072 2745 2267 2816; x_wconf 79' lang='grc' dir='ltr'>ραχῆς,</span> <span class='ocrx_word' id='word_1_397' title='bbox 2324 2742 2735 2804; x_wconf 84' lang='grc' dir='ltr'>Κωνσταντῖνος</span> <span class='ocrx_word' id='word_1_398' title='bbox 2762 2741 2820 2793; x_wconf 75' lang='grc' dir='ltr'>δὲ</span> <span class='ocrx_word' id='word_1_399' title='bbox 2847 2742 2875 2793; x_wconf 91' lang='grc' dir='ltr'><strong>ὀ</strong></span> <span class='ocrx_word' id='word_1_400' title='bbox 2899 2737 3156 2809; x_wconf 86' lang='grc' dir='ltr'>μέγιστος</span> <span class='ocrx_word' id='word_1_401' title='bbox 3204 2735 3481 2808; x_wconf 80' lang='grc' dir='ltr'>βασιλεὺς,</span> <span class='ocrx_word' id='word_1_402' title='bbox 3498 2735 3526 2785; x_wconf 79' lang='grc' dir='ltr'>ὁ</span> <span class='ocrx_word' id='word_1_403' title='bbox 3554 2735 3655 2804; x_wconf 77' lang='grc' dir='ltr'>τῆς</span> 
     </span>
    </p>
   </div>
   <div class='ocr_carea' id='block_1_56' title="bbox 2067 2824 3653 2909">
    <p class='ocr_par' dir='ltr' id='par_1_56' title="bbox 2067 2824 3653 2909">
     <span class='ocr_line' id='line_1_56' title="bbox 2067 2824 3653 2909; baseline -0.009 -19"><span class='ocrx_word' id='word_1_404' title='bbox 2067 2837 2344 2909; x_wconf 76' lang='grc' dir='ltr'>ἡμετέρας</span> <span class='ocrx_word' id='word_1_405' title='bbox 2358 2836 2561 2906; x_wconf 81' lang='grc' dir='ltr'>ἀγέλης</span> <span class='ocrx_word' id='word_1_406' title='bbox 2580 2832 2903 2904; x_wconf 79' lang='grc' dir='ltr'>Ζοροϐάϐελ·</span> <span class='ocrx_word' id='word_1_407' title='bbox 2929 2833 3048 2885; x_wconf 79' lang='grc' dir='ltr'>κατ’</span> <span class='ocrx_word' id='word_1_408' title='bbox 3070 2832 3278 2883; x_wconf 81' lang='grc' dir='ltr'>ἐκεῖνον</span> <span class='ocrx_word' id='word_1_409' title='bbox 3294 2826 3404 2898; x_wconf 78' lang='grc' dir='ltr'><strong>γὰρ</strong></span> <span class='ocrx_word' id='word_1_410' title='bbox 3428 2827 3526 2894; x_wconf 76' lang='grc' dir='ltr'>τὴν</span> <span class='ocrx_word' id='word_1_411' title='bbox 3541 2824 3653 2877; x_wconf 76' lang='grc' dir='ltr'><strong>τῶν</strong></span> 
     </span>
    </p>
   </div>
   <div class='ocr_carea' id='block_1_57' title="bbox 2065 2920 3653 2999">
    <p class='ocr_par' dir='ltr' id='par_1_57' title="bbox 2065 2920 3653 2999">
     <span class='ocr_line' id='line_1_57' title="bbox 2065 2920 3653 2999; baseline -0.008 -16"><span class='ocrx_word' id='word_1_412' title='bbox 2065 2929 2307 2984; x_wconf 82' lang='grc' dir='ltr'>εὐσεϐῶν</span> <span class='ocrx_word' id='word_1_413' title='bbox 2346 2928 2729 2999; x_wconf 75' lang='grc' dir='ltr'>αἰχμαλωσίαν</span> <span class='ocrx_word' id='word_1_414' title='bbox 2750 2927 2816 2979; x_wconf 87' lang='grc' dir='ltr'><strong>ἐκ</strong></span> <span class='ocrx_word' id='word_1_415' title='bbox 2852 2926 2952 2995; x_wconf 80' lang='grc' dir='ltr'>τῆς</span> <span class='ocrx_word' id='word_1_416' title='bbox 2981 2922 3279 2994; x_wconf 84' lang='grc' dir='ltr'>ὑπερορίας</span> <span class='ocrx_word' id='word_1_417' title='bbox 3307 2921 3522 2975; x_wconf 78' lang='grc' dir='ltr'>ἃπασαν</span> <span class='ocrx_word' id='word_1_418' title='bbox 3551 2920 3653 2971; x_wconf 82' lang='grc' dir='ltr'>ἐπ-</span> 
     </span>
    </p>
   </div>
   <div class='ocr_carea' id='block_1_58' title="bbox 2064 3010 3655 3093">
    <p class='ocr_par' dir='ltr' id='par_1_58' title="bbox 2064 3010 3655 3093">
     <span class='ocr_line' id='line_1_58' title="bbox 2064 3010 3655 3093; baseline -0.009 -17"><span class='ocrx_word' id='word_1_419' title='bbox 2064 3023 2332 3093; x_wconf 88' lang='grc' dir='ltr'>ανήγαγε,</span> <span class='ocrx_word' id='word_1_420' title='bbox 2355 3022 2594 3084; x_wconf 76' lang='grc' dir='ltr'>καὶτοὺς</span> <span class='ocrx_word' id='word_1_421' title='bbox 2617 3019 2795 3083; x_wconf 87' lang='grc' dir='ltr'>θείους</span> <span class='ocrx_word' id='word_1_422' title='bbox 2819 3018 2955 3081; x_wconf 82' lang='grc' dir='ltr'>νεὼς</span> <span class='ocrx_word' id='word_1_423' title='bbox 2972 3018 3050 3081; x_wconf 69' lang='grc' dir='ltr'><strong>είς</strong></span> <span class='ocrx_word' id='word_1_424' title='bbox 3069 3016 3262 3083; x_wconf 74' lang='grc' dir='ltr'>ἔδαφος</span> <span class='ocrx_word' id='word_1_425' title='bbox 3286 3010 3655 3084; x_wconf 75' lang='grc' dir='ltr'>ἐρριμμένους</span> 
     </span>
    </p>
   </div>
   <div class='ocr_carea' id='block_1_59' title="bbox 2065 3101 3655 3184">
    <p class='ocr_par' dir='ltr' id='par_1_59' title="bbox 2065 3101 3655 3184">
     <span class='ocr_line' id='line_1_59' title="bbox 2065 3101 3655 3184; baseline -0.009 -16"><span class='ocrx_word' id='word_1_426' title='bbox 2065 3116 2145 3178; x_wconf 87' lang='grc' dir='ltr'><strong>είς</strong></span> <span class='ocrx_word' id='word_1_427' title='bbox 2169 3115 2300 3183; x_wconf 81' lang='grc' dir='ltr'>ὕψος</span> <span class='ocrx_word' id='word_1_428' title='bbox 2320 3115 2633 3184; x_wconf 85' lang='grc' dir='ltr'>ἀνήγειρεν.</span> <span class='ocrx_word' id='word_1_429' title='bbox 2665 3111 2884 3182; x_wconf 81' lang='grc' dir='ltr'>Ἐπειδὴ</span> <span class='ocrx_word' id='word_1_430' title='bbox 2902 3109 3078 3163; x_wconf 85' lang='grc' dir='ltr'>τοίνυν</span> <span class='ocrx_word' id='word_1_431' title='bbox 3097 3102 3250 3170; x_wconf 71' lang='grc' dir='ltr'>οὗτος</span> <span class='ocrx_word' id='word_1_432' title='bbox 3277 3105 3491 3167; x_wconf 81' lang='grc' dir='ltr'>πάντας</span> <span class='ocrx_word' id='word_1_433' title='bbox 3521 3101 3655 3164; x_wconf 72' lang='grc' dir='ltr'>τοὺς</span> 
     </span>
    </p>
   </div>
   <div class='ocr_carea' id='block_1_60' title="bbox 379 3184 1964 3276">
    <p class='ocr_par' dir='ltr' id='par_1_60' title="bbox 379 3197 1961 3272">
     <span class='ocr_line' id='line_1_60' title="bbox 379 3197 1961 3272; baseline 0.001 -18"><span class='ocrx_word' id='word_1_434' title='bbox 379 3213 605 3270; x_wconf 83' lang='lat' dir='ltr'><strong>quoque</strong></span> <span class='ocrx_word' id='word_1_435' title='bbox 627 3198 895 3267; x_wconf 66' lang='lat' dir='ltr'><strong>Iacobus,</strong></span> <span class='ocrx_word' id='word_1_436' title='bbox 926 3215 1030 3271; x_wconf 89' lang='lat' dir='ltr'><strong>pro</strong></span> <span class='ocrx_word' id='word_1_437' title='bbox 1054 3200 1201 3255; x_wconf 86' lang='lat' dir='ltr'><strong>veris</strong></span> <span class='ocrx_word' id='word_1_438' title='bbox 1235 3201 1611 3272; x_wconf 79' lang='lat' dir='ltr'><strong>dogmatibus,</strong></span> <span class='ocrx_word' id='word_1_439' title='bbox 1666 3197 1737 3255; x_wconf 62' lang='lat' dir='ltr'><strong>ut&#39;</strong></span> <span class='ocrx_word' id='word_1_440' title='bbox 1768 3200 1961 3256; x_wconf 89' lang='lat' dir='ltr'><strong>fortis-</strong></span> 
     </span>
    </p>
   </div>
   <div class='ocr_carea' id='block_1_61' title="bbox 2069 3184 3657 3276">
    <p class='ocr_par' dir='ltr' id='par_1_61' title="bbox 2069 3197 3657 3276">
     <span class='ocr_line' id='line_1_61' title="bbox 2069 3197 3657 3276; baseline -0.009 -15"><span class='ocrx_word' id='word_1_441' title='bbox 2069 3207 2176 3261; x_wconf 87' lang='grc' dir='ltr'><strong>τῶν</strong></span> <span class='ocrx_word' id='word_1_442' title='bbox 2191 3206 2528 3276; x_wconf 88' lang='grc' dir='ltr'>Ἐκκλησιῶν</span> <span class='ocrx_word' id='word_1_443' title='bbox 2547 3205 2842 3275; x_wconf 81' lang='grc' dir='ltr'>προέδρους</span> <span class='ocrx_word' id='word_1_444' title='bbox 2857 3204 2976 3257; x_wconf 78' lang='grc' dir='ltr'>κατ’</span> <span class='ocrx_word' id='word_1_445' title='bbox 2987 3202 3194 3254; x_wconf 85' lang='grc' dir='ltr'>ἐκεῖνον</span> <span class='ocrx_word' id='word_1_446' title='bbox 3209 3198 3301 3253; x_wconf 81' lang='grc' dir='ltr'>τὸν</span> <span class='ocrx_word' id='word_1_447' title='bbox 3313 3197 3504 3268; x_wconf 70' lang='grc' dir='ltr'>καιρὸν</span> <span class='ocrx_word' id='word_1_448' title='bbox 3527 3212 3657 3248; x_wconf 85' lang='grc' dir='ltr'>συν-</span> 
     </span>
    </p>
   </div>
   <div class='ocr_carea' id='block_1_62' title="bbox 377 3290 1963 3365">
    <p class='ocr_par' dir='ltr' id='par_1_62' title="bbox 377 3290 1963 3365">
     <span class='ocr_line' id='line_1_62' title="bbox 377 3290 1963 3365; baseline 0.001 -19"><span class='ocrx_word' id='word_1_449' title='bbox 377 3292 561 3346; x_wconf 80' lang='lat' dir='ltr'><strong>simus</strong></span> <span class='ocrx_word' id='word_1_450' title='bbox 596 3290 833 3346; x_wconf 77' lang='lat' dir='ltr'><strong>bellator</strong></span> <span class='ocrx_word' id='word_1_451' title='bbox 865 3300 921 3347; x_wconf 90' lang='lat' dir='ltr'><strong>et</strong></span> <span class='ocrx_word' id='word_1_452' title='bbox 962 3292 1134 3347; x_wconf 83' lang='lat' dir='ltr'><strong>totius</strong></span> <span class='ocrx_word' id='word_1_453' title='bbox 1165 3294 1401 3364; x_wconf 77' lang='lat' dir='ltr'><strong>agminis</strong></span> <span class='ocrx_word' id='word_1_454' title='bbox 1432 3294 1716 3365; x_wconf 88' lang='lat' dir='ltr'><strong>princeps,</strong></span> <span class='ocrx_word' id='word_1_455' title='bbox 1766 3295 1963 3348; x_wconf 58' lang='lat' dir='ltr'><strong>decere</strong></span> 
     </span>
    </p>
   </div>
   <div class='ocr_carea' id='block_1_63' title="bbox 375 3381 1965 3443">
    <p class='ocr_par' dir='ltr' id='par_1_63' title="bbox 375 3381 1965 3443">
     <span class='ocr_line' id='line_1_63' title="bbox 375 3381 1965 3443; baseline 0.003 -7"><span class='ocrx_word' id='word_1_456' title='bbox 375 3390 626 3437; x_wconf 81' lang='lat' dir='ltr'><strong>taturus.</strong></span> <span class='ocrx_word' id='word_1_457' title='bbox 661 3382 722 3436; x_wconf 84' lang='grc' dir='ltr'><strong>ιη</strong></span> <span class='ocrx_word' id='word_1_458' title='bbox 751 3381 1126 3439; x_wconf 83' lang='lat' dir='ltr'><strong>Romanorum</strong></span> <span class='ocrx_word' id='word_1_459' title='bbox 1154 3386 1300 3440; x_wconf 87' lang='lat' dir='ltr'><strong>enim</strong></span> <span class='ocrx_word' id='word_1_460' title='bbox 1338 3386 1550 3443; x_wconf 85' lang='lat' dir='ltr'><strong>ditione</strong></span> <span class='ocrx_word' id='word_1_461' title='bbox 1593 3386 1807 3442; x_wconf 85' lang='lat' dir='ltr'><strong>Nisibis</strong></span> <span class='ocrx_word' id='word_1_462' title='bbox 1833 3394 1965 3440; x_wconf 91' lang='lat' dir='ltr'><strong>tunc</strong></span> 
     </span>
    </p>
   </div>
   <div class='ocr_carea' id='block_1_64' title="bbox 378 3471 1963 3549">
    <p class='ocr_par' dir='ltr' id='par_1_64' title="bbox 378 3471 1963 3549">
     <span class='ocr_line' id='line_1_64' title="bbox 378 3471 1963 3549; baseline 0.003 -21"><span class='ocrx_word' id='word_1_463' title='bbox 378 3482 524 3528; x_wconf 82' lang='lat' dir='ltr'><strong>erat.</strong></span> <span class='ocrx_word' id='word_1_464' title='bbox 572 3471 653 3544; x_wconf 90' lang='lat' dir='ltr'><strong>[In</strong></span> <span class='ocrx_word' id='word_1_465' title='bbox 688 3473 791 3530; x_wconf 92' lang='lat' dir='ltr'><strong>hac</strong></span> <span class='ocrx_word' id='word_1_466' title='bbox 815 3490 950 3547; x_wconf 87' lang='lat' dir='ltr'><strong>ergo</strong></span> <span class='ocrx_word' id='word_1_467' title='bbox 979 3490 1177 3547; x_wconf 86' lang='lat' dir='ltr'><strong>magna</strong></span> <span class='ocrx_word' id='word_1_468' title='bbox 1219 3478 1462 3549; x_wconf 80' lang='lat' dir='ltr'><strong>synodo,</strong></span> <span class='ocrx_word' id='word_1_469' title='bbox 1505 3493 1631 3533; x_wconf 90' lang='lat' dir='ltr'><strong>cum</strong></span> <span class='ocrx_word' id='word_1_470' title='bbox 1670 3477 1843 3532; x_wconf 89' lang='lat' dir='ltr'><strong>multa</strong></span> <span class='ocrx_word' id='word_1_471' title='bbox 1865 3477 1963 3532; x_wconf 85' lang='lat' dir='ltr'><strong>be-</strong></span> 
     </span>
    </p>
   </div>
   <div class='ocr_carea' id='block_1_65' title="bbox 380 3568 1960 3636">
    <p class='ocr_par' dir='ltr' id='par_1_65' title="bbox 380 3568 1960 3636">
     <span class='ocr_line' id='line_1_65' title="bbox 380 3568 1960 3636; baseline 0.003 -18"><span class='ocrx_word' id='word_1_472' title='bbox 380 3579 453 3619; x_wconf 90' lang='lat' dir='ltr'><strong>ne</strong></span> <span class='ocrx_word' id='word_1_473' title='bbox 482 3573 776 3636; x_wconf 77' lang='lat' dir='ltr'><strong>recteque,</strong></span> <span class='ocrx_word' id='word_1_474' title='bbox 811 3568 988 3621; x_wconf 87' lang='lat' dir='ltr'><strong>multa</strong></span> <span class='ocrx_word' id='word_1_475' title='bbox 1040 3569 1207 3623; x_wconf 86' lang='lat' dir='ltr'><strong>etiam</strong></span> <span class='ocrx_word' id='word_1_476' title='bbox 1258 3584 1424 3625; x_wconf 88' lang='lat' dir='ltr'><strong>secus</strong></span> <span class='ocrx_word' id='word_1_477' title='bbox 1484 3569 1635 3624; x_wconf 90' lang='lat' dir='ltr'><strong>dicta</strong></span> <span class='ocrx_word' id='word_1_478' title='bbox 1678 3569 1960 3633; x_wconf 83' lang='lat' dir='ltr'><strong>fuissent,</strong></span> 
     </span>
    </p>
   </div>
   <div class='ocr_carea' id='block_1_66' title="bbox 382 3656 1960 3733">
    <p class='ocr_par' dir='ltr' id='par_1_66' title="bbox 382 3656 1960 3733">
     <span class='ocr_line' id='line_1_66' title="bbox 382 3656 1960 3733; baseline 0.003 -23"><span class='ocrx_word' id='word_1_479' title='bbox 382 3656 403 3726; x_wconf 97' lang='lat'><strong>(</strong></span> <span class='ocrx_word' id='word_1_480' title='bbox 429 3666 591 3712; x_wconf 82' lang='lat' dir='ltr'><strong>erant</strong></span> <span class='ocrx_word' id='word_1_481' title='bbox 625 3658 771 3712; x_wconf 86' lang='lat' dir='ltr'><strong>enim</strong></span> <span class='ocrx_word' id='word_1_482' title='bbox 808 3660 970 3729; x_wconf 88' lang='lat' dir='ltr'><strong>pauci</strong></span> <span class='ocrx_word' id='word_1_483' title='bbox 1006 3660 1263 3732; x_wconf 83' lang='lat' dir='ltr'><strong>quidam,</strong></span> <span class='ocrx_word' id='word_1_484' title='bbox 1295 3662 1389 3732; x_wconf 91' lang='lat' dir='ltr'><strong>qui</strong></span> <span class='ocrx_word' id='word_1_485' title='bbox 1418 3663 1703 3717; x_wconf 88' lang='lat' dir='ltr'><strong>contraria</strong></span> <span class='ocrx_word' id='word_1_486' title='bbox 1737 3661 1960 3733; x_wconf 90' lang='lat' dir='ltr'><strong>quidem</strong></span> 
     </span>
    </p>
   </div>
   <div class='ocr_carea' id='block_1_67' title="bbox 381 3748 1965 3823">
    <p class='ocr_par' dir='ltr' id='par_1_67' title="bbox 381 3748 1965 3823">
     <span class='ocr_line' id='line_1_67' title="bbox 381 3748 1965 3823; baseline 0.003 -20"><span class='ocrx_word' id='word_1_487' title='bbox 381 3748 716 3815; x_wconf 78' lang='lat' dir='ltr'><strong>sentiebant,</strong></span> <span class='ocrx_word' id='word_1_488' title='bbox 753 3750 849 3805; x_wconf 83' lang='lat' dir='ltr'><strong>sed</strong></span> <span class='ocrx_word' id='word_1_489' title='bbox 878 3751 1216 3822; x_wconf 88' lang='lat' dir='ltr'><strong>impietatem</strong></span> <span class='ocrx_word' id='word_1_490' title='bbox 1247 3768 1403 3808; x_wconf 88' lang='lat' dir='ltr'><strong>suam</strong></span> <span class='ocrx_word' id='word_1_491' title='bbox 1436 3752 1675 3823; x_wconf 85' lang='lat' dir='ltr'><strong>prodere</strong></span> <span class='ocrx_word' id='word_1_492' title='bbox 1712 3769 1820 3809; x_wconf 88' lang='lat' dir='ltr'><strong>non</strong></span> <span class='ocrx_word' id='word_1_493' title='bbox 1865 3768 1965 3808; x_wconf 85' lang='lat' dir='ltr'><strong>au-</strong></span> 
     </span>
    </p>
   </div>
   <div class='ocr_carea' id='block_1_68' title="bbox 380 3837 1958 3914">
    <p class='ocr_par' dir='ltr' id='par_1_68' title="bbox 380 3837 1958 3914">
     <span class='ocr_line' id='line_1_68' title="bbox 380 3837 1958 3914; baseline 0.003 -22"><span class='ocrx_word' id='word_1_494' title='bbox 380 3837 609 3903; x_wconf 87' lang='lat' dir='ltr'><strong>debant,</strong></span> <span class='ocrx_word' id='word_1_495' title='bbox 661 3854 897 3911; x_wconf 83' lang='lat' dir='ltr'><strong>eamque</strong></span> <span class='ocrx_word' id='word_1_496' title='bbox 945 3840 1219 3911; x_wconf 90' lang='lat' dir='ltr'><strong>decipulis</strong></span> <span class='ocrx_word' id='word_1_497' title='bbox 1269 3840 1602 3912; x_wconf 86' lang='lat' dir='ltr'><strong>quibusdam</strong></span> <span class='ocrx_word' id='word_1_498' title='bbox 1667 3842 1958 3914; x_wconf 87' lang='lat' dir='ltr'><strong>tegebant,</strong></span> 
     </span>
    </p>
   </div>
   <div class='ocr_carea' id='block_1_69' title="bbox 378 3930 1960 4009">
    <p class='ocr_par' dir='ltr' id='par_1_69' title="bbox 378 3930 1960 4009">
     <span class='ocr_line' id='line_1_69' title="bbox 378 3930 1960 4009; baseline 0.004 -26"><span class='ocrx_word' id='word_1_499' title='bbox 378 3943 492 3984; x_wconf 89' lang='lat' dir='ltr'><strong>non</strong></span> <span class='ocrx_word' id='word_1_500' title='bbox 514 3930 790 3986; x_wconf 73' lang='lat' dir='ltr'><strong>omnibus</strong></span> <span class='ocrx_word' id='word_1_501' title='bbox 826 3932 991 4009; x_wconf 80' lang='lat' dir='ltr'><strong>vulgo</strong></span> <span class='ocrx_word' id='word_1_502' title='bbox 1047 3933 1234 4000; x_wconf 88' lang='lat' dir='ltr'><strong>notis,</strong></span> <span class='ocrx_word' id='word_1_503' title='bbox 1289 3933 1386 3988; x_wconf 92' lang='lat' dir='ltr'><strong>sed</strong></span> <span class='ocrx_word' id='word_1_504' title='bbox 1416 3932 1485 3988; x_wconf 92' lang='lat' dir='ltr'><strong>iis</strong></span> <span class='ocrx_word' id='word_1_505' title='bbox 1515 3934 1609 4004; x_wconf 91' lang='lat' dir='ltr'><strong>qui</strong></span> <span class='ocrx_word' id='word_1_506' title='bbox 1655 3935 1915 3990; x_wconf 80' lang='lat' dir='ltr'><strong>veritatis</strong></span> <span class='ocrx_word' id='word_1_507' title='bbox 1940 3937 1960 3958; x_wconf 74' lang='lat'><strong><em>‘</em></strong></span> 
     </span>
    </p>
   </div>
   <div class='ocr_carea' id='block_1_70' title="bbox 378 4024 1962 4097">
    <p class='ocr_par' dir='ltr' id='par_1_70' title="bbox 378 4024 1962 4097">
     <span class='ocr_line' id='line_1_70' title="bbox 378 4024 1962 4097; baseline 0.005 -23"><span class='ocrx_word' id='word_1_508' title='bbox 378 4035 584 4076; x_wconf 86' lang='lat' dir='ltr'><strong>arcana</strong></span> <span class='ocrx_word' id='word_1_509' title='bbox 628 4029 984 4092; x_wconf 87' lang='lat' dir='ltr'><strong>penetrarent</strong></span> <span class='ocrx_word' id='word_1_510' title='bbox 1043 4024 1257 4095; x_wconf 91' lang='lat' dir='ltr'><strong>liquido</strong></span> <span class='ocrx_word' id='word_1_511' title='bbox 1309 4026 1684 4097; x_wconf 84' lang='lat' dir='ltr'><strong>perspectis),</strong></span> <span class='ocrx_word' id='word_1_512' title='bbox 1724 4028 1962 4083; x_wconf 87' lang='lat' dir='ltr'><strong>recitata</strong></span> 
     </span>
    </p>
   </div>
   <div class='ocr_carea' id='block_1_71' title="bbox 376 4115 1961 4188">
    <p class='ocr_par' dir='ltr' id='par_1_71' title="bbox 376 4115 1961 4188">
     <span class='ocr_line' id='line_1_71' title="bbox 376 4115 1961 4188; baseline 0.004 -21"><span class='ocrx_word' id='word_1_513' title='bbox 376 4119 463 4167; x_wconf 87' lang='lat' dir='ltr'><strong>est</strong></span> <span class='ocrx_word' id='word_1_514' title='bbox 491 4127 614 4182; x_wconf 67' lang='lat' dir='ltr'><strong>quae</strong></span> <span class='ocrx_word' id='word_1_515' title='bbox 650 4121 765 4167; x_wconf 90' lang='lat' dir='ltr'><strong>toto</strong></span> <span class='ocrx_word' id='word_1_516' title='bbox 814 4120 1089 4168; x_wconf 88' lang='lat' dir='ltr'><strong>terrarum</strong></span> <span class='ocrx_word' id='word_1_517' title='bbox 1131 4115 1265 4170; x_wconf 90' lang='lat' dir='ltr'><strong>orbe</strong></span> <span class='ocrx_word' id='word_1_518' title='bbox 1318 4130 1469 4171; x_wconf 87' lang='lat' dir='ltr'><strong>nunc</strong></span> <span class='ocrx_word' id='word_1_519' title='bbox 1502 4118 1712 4173; x_wconf 87' lang='lat' dir='ltr'><strong>obtinet</strong></span> <span class='ocrx_word' id='word_1_520' title='bbox 1757 4119 1961 4188; x_wconf 66' lang='lat' dir='ltr'><strong>praedi-</strong></span> 
     </span>
    </p>
   </div>
   <div class='ocr_carea' id='block_1_72' title="bbox 377 4205 1961 4279">
    <p class='ocr_par' dir='ltr' id='par_1_72' title="bbox 377 4205 1961 4279">
     <span class='ocr_line' id='line_1_72' title="bbox 377 4205 1961 4279; baseline 0.005 -22"><span class='ocrx_word' id='word_1_521' title='bbox 377 4211 652 4275; x_wconf 91' lang='lat' dir='ltr'><strong>caturque</strong></span> <span class='ocrx_word' id='word_1_522' title='bbox 681 4205 809 4259; x_wconf 85' lang='lat' dir='ltr'><strong>tidei</strong></span> <span class='ocrx_word' id='word_1_523' title='bbox 837 4205 1156 4272; x_wconf 75' lang='lat' dir='ltr'><strong>confessio,</strong></span> <span class='ocrx_word' id='word_1_524' title='bbox 1201 4207 1583 4279; x_wconf 84' lang='lat' dir='ltr'><strong>subscripsere</strong></span> <span class='ocrx_word' id='word_1_525' title='bbox 1615 4221 1796 4266; x_wconf 91' lang='lat' dir='ltr'><strong>autem</strong></span> <span class='ocrx_word' id='word_1_526' title='bbox 1832 4211 1961 4265; x_wconf 81' lang='lat' dir='ltr'><strong>uni-</strong></span> 
     </span>
    </p>
   </div>
   <div class='ocr_carea' id='block_1_73' title="bbox 374 4295 1959 4365">
    <p class='ocr_par' dir='ltr' id='par_1_73' title="bbox 374 4295 1959 4365">
     <span class='ocr_line' id='line_1_73' title="bbox 374 4295 1959 4365; baseline 0.008 -20"><span class='ocrx_word' id='word_1_527' title='bbox 374 4295 546 4359; x_wconf 74' lang='lat' dir='ltr'><strong>versi,</strong></span> <span class='ocrx_word' id='word_1_528' title='bbox 598 4310 879 4365; x_wconf 87' lang='lat' dir='ltr'><strong>manuque</strong></span> <span class='ocrx_word' id='word_1_529' title='bbox 907 4304 964 4350; x_wconf 92' lang='lat' dir='ltr'><strong>et</strong></span> <span class='ocrx_word' id='word_1_530' title='bbox 996 4297 1211 4353; x_wconf 84' lang='lat' dir='ltr'><strong>calamo</strong></span> <span class='ocrx_word' id='word_1_531' title='bbox 1237 4300 1313 4353; x_wconf 88' lang='lat' dir='ltr'><strong>ita</strong></span> <span class='ocrx_word' id='word_1_532' title='bbox 1341 4314 1401 4355; x_wconf 92' lang='lat' dir='ltr'><strong>se</strong></span> <span class='ocrx_word' id='word_1_533' title='bbox 1437 4300 1675 4356; x_wconf 84' lang='lat' dir='ltr'><strong>credere</strong></span> <span class='ocrx_word' id='word_1_534' title='bbox 1715 4316 1779 4355; x_wconf 90' lang='lat' dir='ltr'><strong>ac</strong></span> <span class='ocrx_word' id='word_1_535' title='bbox 1835 4317 1959 4357; x_wconf 78' lang='lat' dir='ltr'><strong>sen~</strong></span> 
     </span>
    </p>
   </div>
   <div class='ocr_carea' id='block_1_74' title="bbox 376 4384 1964 4462">
    <p class='ocr_par' dir='ltr' id='par_1_74' title="bbox 376 4384 1964 4462">
     <span class='ocr_line' id='line_1_74' title="bbox 376 4384 1964 4462; baseline 0.007 -25"><span class='ocrx_word' id='word_1_536' title='bbox 376 4386 485 4441; x_wconf 88' lang='lat' dir='ltr'><strong>tire</strong></span> <span class='ocrx_word' id='word_1_537' title='bbox 515 4384 753 4456; x_wconf 81' lang='lat' dir='ltr'><strong>professi</strong></span> <span class='ocrx_word' id='word_1_538' title='bbox 792 4395 943 4442; x_wconf 89' lang='lat' dir='ltr'><strong>sunt.</strong></span> <span class='ocrx_word' id='word_1_539' title='bbox 985 4389 1189 4445; x_wconf 78' lang='lat' dir='ltr'><strong>Verum</strong></span> <span class='ocrx_word' id='word_1_540' title='bbox 1217 4407 1408 4447; x_wconf 85' lang='lat' dir='ltr'><strong>eorum</strong></span> <span class='ocrx_word' id='word_1_541' title='bbox 1440 4407 1571 4462; x_wconf 90' lang='lat' dir='ltr'><strong>pars</strong></span> <span class='ocrx_word' id='word_1_542' title='bbox 1617 4394 1857 4449; x_wconf 78' lang='lat' dir='ltr'><strong>maxima</strong></span> <span class='ocrx_word' id='word_1_543' title='bbox 1895 4394 1964 4448; x_wconf 93' lang='lat' dir='ltr'><strong>li-</strong></span> 
     </span>
    </p>
   </div>
   <div class='ocr_carea' id='block_1_75' title="bbox 376 4476 1961 4554">
    <p class='ocr_par' dir='ltr' id='par_1_75' title="bbox 376 4476 1961 4554">
     <span class='ocr_line' id='line_1_75' title="bbox 376 4476 1961 4554; baseline 0.004 -22"><span class='ocrx_word' id='word_1_544' title='bbox 376 4476 573 4533; x_wconf 89' lang='lat' dir='ltr'><strong>benter</strong></span> <span class='ocrx_word' id='word_1_545' title='bbox 607 4479 711 4533; x_wconf 89' lang='lat' dir='ltr'><strong>hoc</strong></span> <span class='ocrx_word' id='word_1_546' title='bbox 741 4480 940 4550; x_wconf 78' lang='lat' dir='ltr'><strong>agebat</strong></span> <span class='ocrx_word' id='word_1_547' title='bbox 969 4500 982 4535; x_wconf 89' lang='lat'><strong>:</strong></span> <span class='ocrx_word' id='word_1_548' title='bbox 1012 4489 1222 4550; x_wconf 85' lang='lat' dir='ltr'><strong>septem</strong></span> <span class='ocrx_word' id='word_1_549' title='bbox 1246 4482 1521 4537; x_wconf 81' lang='lat' dir='ltr'><strong>duntaxat</strong></span> <span class='ocrx_word' id='word_1_550' title='bbox 1551 4482 1669 4537; x_wconf 81' lang='lat' dir='ltr'><strong>Arii</strong></span> <span class='ocrx_word' id='word_1_551' title='bbox 1700 4483 1961 4554; x_wconf 85' lang='lat' dir='ltr'><strong>blasphe-</strong></span> 
     </span>
    </p>
   </div>
   <div class='ocr_carea' id='block_1_76' title="bbox 379 4570 1959 4644">
    <p class='ocr_par' dir='ltr' id='par_1_76' title="bbox 379 4570 1959 4644">
     <span class='ocr_line' id='line_1_76' title="bbox 379 4570 1959 4644; baseline 0.006 -21"><span class='ocrx_word' id='word_1_552' title='bbox 379 4571 505 4625; x_wconf 81' lang='lat' dir='ltr'><strong>miae</strong></span> <span class='ocrx_word' id='word_1_553' title='bbox 537 4570 882 4637; x_wconf 77' lang='lat' dir='ltr'><strong>defensores,</strong></span> <span class='ocrx_word' id='word_1_554' title='bbox 926 4572 1116 4643; x_wconf 80' lang='lat' dir='ltr'><strong>lingua</strong></span> <span class='ocrx_word' id='word_1_555' title='bbox 1172 4573 1397 4644; x_wconf 86' lang='lat' dir='ltr'><strong>quidem</strong></span> <span class='ocrx_word' id='word_1_556' title='bbox 1450 4581 1507 4628; x_wconf 89' lang='lat' dir='ltr'><strong>et</strong></span> <span class='ocrx_word' id='word_1_557' title='bbox 1535 4590 1699 4629; x_wconf 87' lang='lat' dir='ltr'><strong>manu</strong></span> <span class='ocrx_word' id='word_1_558' title='bbox 1745 4577 1959 4634; x_wconf 85' lang='lat' dir='ltr'><strong>assensi</strong></span> 
     </span>
    </p>
   </div>
   <div class='ocr_carea' id='block_1_77' title="bbox 377 4662 1958 4733">
    <p class='ocr_par' dir='ltr' id='par_1_77' title="bbox 377 4662 1958 4733">
     <span class='ocr_line' id='line_1_77' title="bbox 377 4662 1958 4733; baseline 0.006 -19"><span class='ocrx_word' id='word_1_559' title='bbox 377 4667 531 4727; x_wconf 90' lang='lat' dir='ltr'><strong>sunt,</strong></span> <span class='ocrx_word' id='word_1_560' title='bbox 574 4662 776 4732; x_wconf 80' lang='lat' dir='ltr'><strong>linguae</strong></span> <span class='ocrx_word' id='word_1_561' title='bbox 804 4677 938 4718; x_wconf 83' lang='lat' dir='ltr'><strong>vero</strong></span> <span class='ocrx_word' id='word_1_562' title='bbox 983 4671 1385 4733; x_wconf 76' lang='lat' dir='ltr'><strong>repugnantem</strong></span> <span class='ocrx_word' id='word_1_563' title='bbox 1440 4666 1773 4721; x_wconf 86' lang='lat' dir='ltr'><strong>sententiam</strong></span> <span class='ocrx_word' id='word_1_564' title='bbox 1823 4668 1958 4723; x_wconf 87' lang='lat' dir='ltr'><strong>reti-</strong></span> 
     </span>
    </p>
   </div>
   <div class='ocr_carea' id='block_1_78' title="bbox 374 4752 1958 4826">
    <p class='ocr_par' dir='ltr' id='par_1_78' title="bbox 374 4752 1958 4826">
     <span class='ocr_line' id='line_1_78' title="bbox 374 4752 1958 4826; baseline 0.008 -20"><span class='ocrx_word' id='word_1_565' title='bbox 374 4752 604 4819; x_wconf 80' lang='lat' dir='ltr'><strong>nebant,</strong></span> <span class='ocrx_word' id='word_1_566' title='bbox 636 4753 799 4823; x_wconf 77' lang='lat' dir='ltr'><strong>juxta</strong></span> <span class='ocrx_word' id='word_1_567' title='bbox 857 4753 1251 4824; x_wconf 79' lang='lat' dir='ltr'><strong>praphetiam:</strong></span> <span class='ocrx_word' id='word_1_568' title='bbox 1295 4771 1314 4806; x_wconf 84' lang='grc' dir='ltr'><strong>ι</strong></span> <span class='ocrx_word' id='word_1_569' title='bbox 1360 4753 1609 4826; x_wconf 86' lang='lat' dir='ltr'><strong>Populus</strong></span> <span class='ocrx_word' id='word_1_570' title='bbox 1654 4757 1745 4815; x_wconf 86' lang='lat' dir='ltr'><strong>hic</strong></span> <span class='ocrx_word' id='word_1_571' title='bbox 1790 4759 1958 4818; x_wconf 75' lang='lat' dir='ltr'><strong>labiis</strong></span> 
     </span>
    </p>
   </div>
   <div class='ocr_carea' id='block_1_79' title="bbox 374 4845 1960 4921">
    <p class='ocr_par' dir='ltr' id='par_1_79' title="bbox 374 4845 1960 4921">
     <span class='ocr_line' id='line_1_79' title="bbox 374 4845 1960 4921; baseline 0.008 -22"><span class='ocrx_word' id='word_1_572' title='bbox 374 4861 464 4901; x_wconf 92' lang='lat' dir='ltr'><strong>me</strong></span> <span class='ocrx_word' id='word_1_573' title='bbox 498 4845 757 4910; x_wconf 84' lang='lat' dir='ltr'><strong>honorat,</strong></span> <span class='ocrx_word' id='word_1_574' title='bbox 811 4846 981 4901; x_wconf 84' lang='lat' dir='ltr'><strong>corde</strong></span> <span class='ocrx_word' id='word_1_575' title='bbox 1012 4854 1191 4901; x_wconf 82' lang='lat' dir='ltr'><strong>autem</strong></span> <span class='ocrx_word' id='word_1_576' title='bbox 1234 4846 1395 4921; x_wconf 80' lang='lat' dir='ltr'><strong>longe</strong></span> <span class='ocrx_word' id='word_1_577' title='bbox 1437 4861 1520 4906; x_wconf 89' lang='lat' dir='ltr'><strong>est</strong></span> <span class='ocrx_word' id='word_1_578' title='bbox 1551 4866 1581 4905; x_wconf 76' lang='grc' dir='ltr'><strong>ιι</strong></span> <span class='ocrx_word' id='word_1_579' title='bbox 1632 4868 1720 4909; x_wconf 88' lang='lat' dir='ltr'><strong>me</strong></span> <span class='ocrx_word' id='word_1_580' title='bbox 1747 4853 1865 4909; x_wconf 64' lang='lat'><strong>11:)</strong></span> <span class='ocrx_word' id='word_1_581' title='bbox 1904 4862 1960 4911; x_wconf 83' lang='lat' dir='ltr'><strong>et</strong></span> 
     </span>
    </p>
   </div>
   <div class='ocr_carea' id='block_1_80' title="bbox 290 4936 1956 5014">
    <p class='ocr_par' dir='ltr' id='par_1_80' title="bbox 290 4936 1956 5014">
     <span class='ocr_line' id='line_1_80' title="bbox 290 4936 1956 5014; baseline 0.007 -23"><span class='ocrx_word' id='word_1_582' title='bbox 290 5002 295 5011; x_wconf 26' lang='grc' dir='ltr'>Γ</span> <span class='ocrx_word' id='word_1_583' title='bbox 369 4938 531 5008; x_wconf 82' lang='lat' dir='ltr'><strong>juxta</strong></span> <span class='ocrx_word' id='word_1_584' title='bbox 570 4937 835 4992; x_wconf 83' lang='lat' dir='ltr'><strong>disertam</strong></span> <span class='ocrx_word' id='word_1_585' title='bbox 865 4936 1121 4994; x_wconf 83' lang='lat' dir='ltr'><strong>Jeremiae</strong></span> <span class='ocrx_word' id='word_1_586' title='bbox 1148 4955 1338 4995; x_wconf 81' lang='lat' dir='ltr'><strong>vocem</strong></span> <span class='ocrx_word' id='word_1_587' title='bbox 1368 4960 1382 4997; x_wconf 93' lang='lat'><strong>:</strong></span> <span class='ocrx_word' id='word_1_588' title='bbox 1417 4960 1437 4993; x_wconf 74' lang='grc' dir='ltr'><strong>ι</strong></span> <span class='ocrx_word' id='word_1_589' title='bbox 1478 4941 1655 5014; x_wconf 82' lang='lat' dir='ltr'><strong>Prope</strong></span> <span class='ocrx_word' id='word_1_590' title='bbox 1686 4961 1747 5002; x_wconf 88' lang='lat' dir='ltr'><strong>es</strong></span> <span class='ocrx_word' id='word_1_591' title='bbox 1783 4954 1839 5002; x_wconf 84' lang='lat' dir='ltr'><strong>tu</strong></span> <span class='ocrx_word' id='word_1_592' title='bbox 1869 4948 1956 5004; x_wconf 90' lang='lat' dir='ltr'><strong>ori</strong></span> 
     </span>
    </p>
   </div>
   <div class='ocr_carea' id='block_1_81' title="bbox 372 5028 1949 5101">
    <p class='ocr_par' dir='ltr' id='par_1_81' title="bbox 372 5028 1949 5101">
     <span class='ocr_line' id='line_1_81' title="bbox 372 5028 1949 5101; baseline 0.004 -18"><span class='ocrx_word' id='word_1_593' title='bbox 372 5044 592 5096; x_wconf 85' lang='lat' dir='ltr'><strong>eorum,</strong></span> <span class='ocrx_word' id='word_1_594' title='bbox 633 5028 845 5101; x_wconf 86' lang='lat'><strong>1115</strong></span> <span class='ocrx_word' id='word_1_595' title='bbox 901 5038 957 5087; x_wconf 92' lang='lat' dir='ltr'><strong>ct</strong></span> <span class='ocrx_word' id='word_1_596' title='bbox 1004 5033 1196 5101; x_wconf 84' lang='lat' dir='ltr'><strong>procul</strong></span> <span class='ocrx_word' id='word_1_597' title='bbox 1257 5047 1288 5087; x_wconf 91' lang='lat' dir='ltr'><strong>a</strong></span> <span class='ocrx_word' id='word_1_598' title='bbox 1338 5033 1566 5091; x_wconf 87' lang='lat' dir='ltr'><strong>renibus</strong></span> <span class='ocrx_word' id='word_1_599' title='bbox 1618 5052 1808 5093; x_wconf 91' lang='lat' dir='ltr'><strong>eorum</strong></span> <span class='ocrx_word' id='word_1_600' title='bbox 1839 5052 1891 5093; x_wconf 83' lang='grc' dir='ltr'>ι.</span> <span class='ocrx_word' id='word_1_601' title='bbox 1931 5057 1949 5089; x_wconf 73' lang='grc' dir='ltr'><strong>ι</strong></span> 
     </span>
    </p>
   </div>
   <div class='ocr_carea' id='block_1_82' title="bbox 374 5118 1956 5200">
    <p class='ocr_par' dir='ltr' id='par_1_82' title="bbox 374 5118 1956 5200">
     <span class='ocr_line' id='line_1_82' title="bbox 374 5118 1956 5200; baseline 0.007 -26"><span class='ocrx_word' id='word_1_602' title='bbox 374 5118 441 5176; x_wconf 83' lang='lat' dir='ltr'><strong>Et</strong></span> <span class='ocrx_word' id='word_1_603' title='bbox 475 5122 565 5178; x_wconf 80' lang='lat' dir='ltr'><strong>his</strong></span> <span class='ocrx_word' id='word_1_604' title='bbox 603 5137 855 5177; x_wconf 84' lang='lat' dir='ltr'><strong>consona</strong></span> <span class='ocrx_word' id='word_1_605' title='bbox 890 5123 959 5180; x_wconf 85' lang='lat' dir='ltr'><strong>de</strong></span> <span class='ocrx_word' id='word_1_606' title='bbox 1012 5123 1207 5180; x_wconf 81' lang='lat' dir='ltr'><strong>iisdem</strong></span> <span class='ocrx_word' id='word_1_607' title='bbox 1258 5126 1454 5182; x_wconf 90' lang='lat' dir='ltr'><strong>beatus</strong></span> <span class='ocrx_word' id='word_1_608' title='bbox 1507 5143 1730 5200; x_wconf 86' lang='lat' dir='ltr'><strong>quoque</strong></span> <span class='ocrx_word' id='word_1_609' title='bbox 1785 5130 1956 5185; x_wconf 81' lang='lat' dir='ltr'><strong>David</strong></span> 
     </span>
    </p>
   </div>
   <div class='ocr_carea' id='block_1_83' title="bbox 326 5259 1487 5332">
    <p class='ocr_par' dir='ltr' id='par_1_83' title="bbox 326 5259 1487 5332">
     <span class='ocr_line' id='line_1_83' title="bbox 326 5259 1487 5332; baseline 0.005 -20"><span class='ocrx_word' id='word_1_610' title='bbox 326 5316 341 5327; x_wconf 53' lang='grc'><strong>,</strong></span> <span class='ocrx_word' id='word_1_611' title='bbox 444 5259 472 5299; x_wconf 76' lang='grc' dir='ltr'>ιι</span> <span class='ocrx_word' id='word_1_612' title='bbox 503 5259 612 5316; x_wconf 87' lang='lat' dir='ltr'><strong>lsa.</strong></span> <span class='ocrx_word' id='word_1_613' title='bbox 636 5276 789 5327; x_wconf 75' lang='lat' dir='ltr'><strong>xxix,</strong></span> <span class='ocrx_word' id='word_1_614' title='bbox 812 5261 902 5316; x_wconf 76' lang='grc'><strong>15.</strong></span> <span class='ocrx_word' id='word_1_615' title='bbox 950 5263 963 5303; x_wconf 71' lang='grc' dir='ltr'><strong>ί</strong></span> <span class='ocrx_word' id='word_1_616' title='bbox 989 5262 1192 5320; x_wconf 87' lang='lat' dir='ltr'><strong>Jerem.</strong></span> <span class='ocrx_word' id='word_1_617' title='bbox 1217 5280 1371 5332; x_wconf 68' lang='lat' dir='ltr'><strong>xxxx,</strong></span> <span class='ocrx_word' id='word_1_618' title='bbox 1394 5264 1487 5318; x_wconf 77' lang='lat'><strong>2&#39;5.</strong></span> 
     </span>
    </p>
   </div>
   <div class='ocr_carea' id='block_1_84' title="bbox 2068 3284 3655 3371">
    <p class='ocr_par' dir='ltr' id='par_1_84' title="bbox 2068 3284 3655 3371">
     <span class='ocr_line' id='line_1_84' title="bbox 2068 3284 3655 3371; baseline -0.009 -19"><span class='ocrx_word' id='word_1_619' title='bbox 2068 3302 2287 3371; x_wconf 76' lang='grc' dir='ltr'>ἡγειρεν</span> <span class='ocrx_word' id='word_1_620' title='bbox 2309 3299 2389 3362; x_wconf 84' lang='grc' dir='ltr'><strong>είς</strong></span> <span class='ocrx_word' id='word_1_621' title='bbox 2404 3299 2500 3369; x_wconf 81' lang='grc' dir='ltr'>τὴν</span> <span class='ocrx_word' id='word_1_622' title='bbox 2515 3297 2770 3359; x_wconf 87' lang='grc' dir='ltr'>Νίκαιαν,</span> <span class='ocrx_word' id='word_1_623' title='bbox 2787 3294 3014 3363; x_wconf 85' lang='grc' dir='ltr'>ἀφίκετο</span> <span class='ocrx_word' id='word_1_624' title='bbox 3033 3286 3290 3363; x_wconf 77' lang='grc' dir='ltr'>μετὰτῶν</span> <span class='ocrx_word' id='word_1_625' title='bbox 3310 3287 3484 3342; x_wconf 82' lang='grc' dir='ltr'>ἀλλων</span> <span class='ocrx_word' id='word_1_626' title='bbox 3504 3284 3605 3339; x_wconf 70' lang='grc' dir='ltr'>καὶ</span> <span class='ocrx_word' id='word_1_627' title='bbox 3622 3286 3655 3338; x_wconf 83' lang='grc' dir='ltr'><strong>ὁ</strong></span> 
     </span>
    </p>
   </div>
   <div class='ocr_carea' id='block_1_85' title="bbox 2070 3375 3650 3461">
    <p class='ocr_par' dir='ltr' id='par_1_85' title="bbox 2070 3375 3650 3461">
     <span class='ocr_line' id='line_1_85' title="bbox 2070 3375 3650 3461; baseline -0.01 -18"><span class='ocrx_word' id='word_1_628' title='bbox 2070 3390 2243 3461; x_wconf 84' lang='grc' dir='ltr'>μέγας</span> <span class='ocrx_word' id='word_1_629' title='bbox 2267 3387 2545 3451; x_wconf 82' lang='grc' dir='ltr'>Ἰάκωϐος,</span> <span class='ocrx_word' id='word_1_630' title='bbox 2566 3386 2675 3439; x_wconf 89' lang='grc' dir='ltr'><strong>τῶν</strong></span> <span class='ocrx_word' id='word_1_631' title='bbox 2712 3383 2888 3457; x_wconf 80' lang='grc' dir='ltr'>ὀρθῶν</span> <span class='ocrx_word' id='word_1_632' title='bbox 2910 3381 3203 3451; x_wconf 79' lang='grc' dir='ltr'>ὑπερμαχή</span> <span class='ocrx_word' id='word_1_633' title='bbox 3212 3396 3319 3431; x_wconf 91' lang='grc' dir='ltr'><strong>σων</strong></span> <span class='ocrx_word' id='word_1_634' title='bbox 3337 3375 3650 3447; x_wconf 80' lang='grc' dir='ltr'>δογμάτων,</span> 
     </span>
    </p>
   </div>
   <div class='ocr_carea' id='block_1_86' title="bbox 2065 3469 3652 3551">
    <p class='ocr_par' dir='ltr' id='par_1_86' title="bbox 2065 3469 3652 3551">
     <span class='ocr_line' id='line_1_86' title="bbox 2065 3469 3652 3551; baseline -0.01 -16"><span class='ocrx_word' id='word_1_635' title='bbox 2065 3478 2156 3536; x_wconf 74' lang='grc' dir='ltr'>οἷά</span> <span class='ocrx_word' id='word_1_636' title='bbox 2174 3498 2258 3544; x_wconf 88' lang='grc' dir='ltr'><strong>τις</strong></span> <span class='ocrx_word' id='word_1_637' title='bbox 2279 3480 2535 3551; x_wconf 77' lang='grc' dir='ltr'>ἀριστεὺς</span> <span class='ocrx_word' id='word_1_638' title='bbox 2562 3478 2654 3531; x_wconf 77' lang='grc' dir='ltr'><strong>καὶ</strong></span> <span class='ocrx_word' id='word_1_639' title='bbox 2683 3477 2967 3548; x_wconf 84' lang='grc' dir='ltr'>πρόμαχος</span> <span class='ocrx_word' id='word_1_640' title='bbox 2992 3473 3212 3543; x_wconf 84' lang='grc' dir='ltr'>ἀπάσης</span> <span class='ocrx_word' id='word_1_641' title='bbox 3231 3473 3330 3542; x_wconf 80' lang='grc' dir='ltr'>τῆς</span> <span class='ocrx_word' id='word_1_642' title='bbox 3348 3469 3652 3538; x_wconf 86' lang='grc' dir='ltr'>φάλαγγος.</span> 
     </span>
    </p>
   </div>
   <div class='ocr_carea' id='block_1_87' title="bbox 2066 3558 3651 3645">
    <p class='ocr_par' dir='ltr' id='par_1_87' title="bbox 2066 3558 3651 3645">
     <span class='ocr_line' id='line_1_87' title="bbox 2066 3558 3651 3645; baseline -0.012 -16"><span class='ocrx_word' id='word_1_643' title='bbox 2066 3575 2180 3645; x_wconf 84' lang='grc' dir='ltr'><strong>Τῆς</strong></span> <span class='ocrx_word' id='word_1_644' title='bbox 2221 3572 2511 3643; x_wconf 85' lang='grc' dir='ltr'>Ῥωμαίων</span> <span class='ocrx_word' id='word_1_645' title='bbox 2547 3570 2654 3642; x_wconf 86' lang='grc' dir='ltr'>γὰρ</span> <span class='ocrx_word' id='word_1_646' title='bbox 2687 3567 2990 3640; x_wconf 81' lang='grc' dir='ltr'>ἡγεμονίας</span> <span class='ocrx_word' id='word_1_647' title='bbox 3007 3563 3309 3635; x_wconf 80' lang='grc' dir='ltr'>τηνικαῦτα</span> <span class='ocrx_word' id='word_1_648' title='bbox 3335 3560 3584 3630; x_wconf 77' lang='grc' dir='ltr'>ὑπῆρχεν</span> <span class='ocrx_word' id='word_1_649' title='bbox 3613 3558 3651 3628; x_wconf 81' lang='grc' dir='ltr'><strong>ἡ</strong></span> 
     </span>
    </p>
   </div>
   <div class='ocr_carea' id='block_1_88' title="bbox 2065 3647 3654 3728">
    <p class='ocr_par' dir='ltr' id='par_1_88' title="bbox 2065 3647 3654 3728">
     <span class='ocr_line' id='line_1_88' title="bbox 2065 3647 3654 3728; baseline -0.012 -10"><span class='ocrx_word' id='word_1_650' title='bbox 2065 3664 2302 3727; x_wconf 88' lang='grc' dir='ltr'>Νίσιϐις.</span> <span class='ocrx_word' id='word_1_651' title='bbox 2359 3660 2451 3715; x_wconf 87' lang='grc' dir='ltr'><strong>Ἐν</strong></span> <span class='ocrx_word' id='word_1_652' title='bbox 2480 3660 2693 3713; x_wconf 85' lang='grc' dir='ltr'>τοίνυν¹</span> <span class='ocrx_word' id='word_1_653' title='bbox 2718 3660 2783 3728; x_wconf 80' lang='grc' dir='ltr'>τῇ</span> <span class='ocrx_word' id='word_1_654' title='bbox 2822 3656 3030 3727; x_wconf 77' lang='grc' dir='ltr'>μεγάλῃ</span> <span class='ocrx_word' id='word_1_655' title='bbox 3062 3653 3284 3723; x_wconf 86' lang='grc' dir='ltr'>συνόδῳ,</span> <span class='ocrx_word' id='word_1_656' title='bbox 3308 3649 3522 3703; x_wconf 81' lang='grc' dir='ltr'>πολλῶν</span> <span class='ocrx_word' id='word_1_657' title='bbox 3551 3647 3654 3718; x_wconf 70' lang='grc' dir='ltr'>μὲν</span> 
     </span>
    </p>
   </div>
   <div class='ocr_carea' id='block_1_89' title="bbox 2065 3734 3650 3818">
    <p class='ocr_par' dir='ltr' id='par_1_89' title="bbox 2065 3734 3650 3818">
     <span class='ocr_line' id='line_1_89' title="bbox 2065 3734 3650 3818; baseline -0.013 -7"><span class='ocrx_word' id='word_1_658' title='bbox 2065 3751 2125 3811; x_wconf 80' lang='grc' dir='ltr'>εὖ</span> <span class='ocrx_word' id='word_1_659' title='bbox 2149 3756 2243 3810; x_wconf 80' lang='grc' dir='ltr'>καὶ</span> <span class='ocrx_word' id='word_1_660' title='bbox 2271 3752 2474 3818; x_wconf 89' lang='grc' dir='ltr'>καλῶς,</span> <span class='ocrx_word' id='word_1_661' title='bbox 2506 3749 2717 3805; x_wconf 87' lang='grc' dir='ltr'>πολλῶν</span> <span class='ocrx_word' id='word_1_662' title='bbox 2737 3749 2795 3802; x_wconf 91' lang='grc' dir='ltr'><strong>δέ</strong></span> <span class='ocrx_word' id='word_1_663' title='bbox 2823 3749 2916 3802; x_wconf 75' lang='grc' dir='ltr'>καὶ</span> <span class='ocrx_word' id='word_1_664' title='bbox 2941 3746 3117 3809; x_wconf 75' lang='grc' dir='ltr'>ἄλλως</span> <span class='ocrx_word' id='word_1_665' title='bbox 3141 3743 3446 3814; x_wconf 82' lang='grc' dir='ltr'>εἰρημένων</span> <span class='ocrx_word' id='word_1_666' title='bbox 3466 3756 3480 3769; x_wconf 83' lang='lat'>&#39;</span> <span class='ocrx_word' id='word_1_667' title='bbox 3505 3734 3650 3810; x_wconf 80' lang='grc' dir='ltr'>ἦσαν</span> 
     </span>
    </p>
   </div>
   <div class='ocr_carea' id='block_1_90' title="bbox 2062 3829 3651 3918">
    <p class='ocr_par' dir='ltr' id='par_1_90' title="bbox 2062 3829 3651 3918">
     <span class='ocr_line' id='line_1_90' title="bbox 2062 3829 3651 3918; baseline -0.011 -17"><span class='ocrx_word' id='word_1_668' title='bbox 2062 3847 2174 3918; x_wconf 84' lang='grc' dir='ltr'><strong>γὰρ</strong></span> <span class='ocrx_word' id='word_1_669' title='bbox 2205 3846 2376 3914; x_wconf 89' lang='grc' dir='ltr'>ὀλίγοι</span> <span class='ocrx_word' id='word_1_670' title='bbox 2404 3844 2574 3909; x_wconf 80' lang='grc' dir='ltr'>τινὲς,</span> <span class='ocrx_word' id='word_1_671' title='bbox 2597 3842 2645 3895; x_wconf 89' lang='grc' dir='ltr'>οἳ</span> <span class='ocrx_word' id='word_1_672' title='bbox 2671 3839 2935 3895; x_wconf 75' lang='grc' dir='ltr'>τάναντία</span> <span class='ocrx_word' id='word_1_673' title='bbox 2965 3838 3063 3910; x_wconf 79' lang='grc' dir='ltr'>μὲν</span> <span class='ocrx_word' id='word_1_674' title='bbox 3092 3836 3376 3906; x_wconf 87' lang='grc' dir='ltr'>ἐφρόνουν,</span> <span class='ocrx_word' id='word_1_675' title='bbox 3403 3829 3651 3901; x_wconf 76' lang='grc' dir='ltr'>γυμνοῦν</span> 
     </span>
    </p>
   </div>
   <div class='ocr_carea' id='block_1_91' title="bbox 2062 3925 3652 4014">
    <p class='ocr_par' dir='ltr' id='par_1_91' title="bbox 2062 3925 3652 4014">
     <span class='ocr_line' id='line_1_91' title="bbox 2062 3925 3652 4014; baseline -0.011 -18"><span class='ocrx_word' id='word_1_676' title='bbox 2062 3941 2119 3996; x_wconf 85' lang='grc' dir='ltr'>δὲ</span> <span class='ocrx_word' id='word_1_677' title='bbox 2150 3941 2249 4014; x_wconf 83' lang='grc' dir='ltr'>τὴν</span> <span class='ocrx_word' id='word_1_678' title='bbox 2283 3938 2433 4009; x_wconf 83' lang='grc' dir='ltr'>σφῶν</span> <span class='ocrx_word' id='word_1_679' title='bbox 2481 3938 2582 3991; x_wconf 74' lang='grc' dir='ltr'>οὐκ</span> <span class='ocrx_word' id='word_1_680' title='bbox 2616 3935 2883 4008; x_wconf 72' lang='grc' dir='ltr'>ἐθάρρουν</span> <span class='ocrx_word' id='word_1_681' title='bbox 2940 3932 3217 3995; x_wconf 86' lang='grc' dir='ltr'>ἀσέϐειαν,</span> <span class='ocrx_word' id='word_1_682' title='bbox 3274 3929 3410 3985; x_wconf 85' lang='grc' dir='ltr'>ἀλλὰ</span> <span class='ocrx_word' id='word_1_683' title='bbox 3459 3925 3652 3982; x_wconf 86' lang='grc' dir='ltr'>δελεά-</span> 
     </span>
    </p>
   </div>
   <div class='ocr_carea' id='block_1_92' title="bbox 2065 4019 3650 4103">
    <p class='ocr_par' dir='ltr' id='par_1_92' title="bbox 2065 4019 3650 4103">
     <span class='ocr_line' id='line_1_92' title="bbox 2065 4019 3650 4103; baseline -0.01 -17"><span class='ocrx_word' id='word_1_684' title='bbox 2065 4032 2239 4103; x_wconf 88' lang='grc' dir='ltr'>σμασί</span> <span class='ocrx_word' id='word_1_685' title='bbox 2275 4047 2386 4085; x_wconf 89' lang='grc' dir='ltr'>τισι</span> <span class='ocrx_word' id='word_1_686' title='bbox 2449 4027 2876 4090; x_wconf 81' lang='grc' dir='ltr'>συνεκάλυπτον,</span> <span class='ocrx_word' id='word_1_687' title='bbox 2909 4023 2971 4078; x_wconf 74' lang='grc' dir='ltr'>οὗ</span> <span class='ocrx_word' id='word_1_688' title='bbox 3005 4024 3143 4076; x_wconf 82' lang='grc' dir='ltr'>πᾶσι</span> <span class='ocrx_word' id='word_1_689' title='bbox 3177 4021 3274 4092; x_wconf 80' lang='grc' dir='ltr'>μὲν</span> <span class='ocrx_word' id='word_1_690' title='bbox 3325 4019 3650 4089; x_wconf 77' lang='grc' dir='ltr'>γνωρίμοις,</span> 
     </span>
    </p>
   </div>
   <div class='ocr_carea' id='block_1_93' title="bbox 2062 4107 3654 4193">
    <p class='ocr_par' dir='ltr' id='par_1_93' title="bbox 2062 4107 3654 4193">
     <span class='ocr_line' id='line_1_93' title="bbox 2062 4107 3654 4193; baseline -0.012 -14"><span class='ocrx_word' id='word_1_691' title='bbox 2062 4124 2253 4188; x_wconf 88' lang='grc' dir='ltr'>τοῖςδέ</span> <span class='ocrx_word' id='word_1_692' title='bbox 2300 4120 2555 4193; x_wconf 83' lang='grc' dir='ltr'>ἀκριϐέσι</span> <span class='ocrx_word' id='word_1_693' title='bbox 2592 4118 2694 4190; x_wconf 81' lang='grc' dir='ltr'>τῆς</span> <span class='ocrx_word' id='word_1_694' title='bbox 2752 4115 3013 4187; x_wconf 83' lang='grc' dir='ltr'>ἀληθείας</span> <span class='ocrx_word' id='word_1_695' title='bbox 3075 4112 3308 4184; x_wconf 81' lang='grc' dir='ltr'>μύσταις</span> <span class='ocrx_word' id='word_1_696' title='bbox 3351 4110 3447 4164; x_wconf 75' lang='grc' dir='ltr'>καὶ</span> <span class='ocrx_word' id='word_1_697' title='bbox 3502 4107 3654 4179; x_wconf 83' lang='grc' dir='ltr'>μάλα</span> 
     </span>
    </p>
   </div>
   <div class='ocr_carea' id='block_1_94' title="bbox 2061 4199 3651 4286">
    <p class='ocr_par' dir='ltr' id='par_1_94' title="bbox 2061 4199 3651 4286">
     <span class='ocr_line' id='line_1_94' title="bbox 2061 4199 3651 4286; baseline -0.011 -18"><span class='ocrx_word' id='word_1_698' title='bbox 2061 4215 2242 4286; x_wconf 86' lang='grc' dir='ltr'>δήλοις</span> <span class='ocrx_word' id='word_1_699' title='bbox 2267 4230 2281 4243; x_wconf 76' lang='grc' dir='ltr'><strong>ο</strong></span> <span class='ocrx_word' id='word_1_700' title='bbox 2306 4210 2708 4282; x_wconf 82' lang='grc' dir='ltr'>ὑπαγορεὺεται</span> <span class='ocrx_word' id='word_1_701' title='bbox 2737 4208 2836 4278; x_wconf 90' lang='grc' dir='ltr'>μὲν</span> <span class='ocrx_word' id='word_1_702' title='bbox 2865 4208 2899 4278; x_wconf 82' lang='grc' dir='ltr'><strong>ἡ</strong></span> <span class='ocrx_word' id='word_1_703' title='bbox 2928 4206 3074 4259; x_wconf 84' lang='grc' dir='ltr'><strong>κατά</strong></span> <span class='ocrx_word' id='word_1_704' title='bbox 3106 4204 3288 4257; x_wconf 82' lang='grc' dir='ltr'>πᾶσαν</span> <span class='ocrx_word' id='word_1_705' title='bbox 3314 4200 3412 4272; x_wconf 82' lang='grc' dir='ltr'>τὴν</span> <span class='ocrx_word' id='word_1_706' title='bbox 3460 4199 3651 4252; x_wconf 81' lang='grc' dir='ltr'>οἰκου-</span> 
     </span>
    </p>
   </div>
   <div class='ocr_carea' id='block_1_95' title="bbox 2068 4292 3654 4379">
    <p class='ocr_par' dir='ltr' id='par_1_95' title="bbox 2068 4292 3654 4379">
     <span class='ocr_line' id='line_1_95' title="bbox 2068 4292 3654 4379; baseline -0.011 -21"><span class='ocrx_word' id='word_1_707' title='bbox 2068 4307 2237 4379; x_wconf 84' lang='grc' dir='ltr'>μένην</span> <span class='ocrx_word' id='word_1_708' title='bbox 2280 4305 2375 4356; x_wconf 67' lang='grc' dir='ltr'>ἐπὶ</span> <span class='ocrx_word' id='word_1_709' title='bbox 2408 4301 2502 4356; x_wconf 71' lang='grc' dir='ltr'>τοῦ</span> <span class='ocrx_word' id='word_1_710' title='bbox 2551 4300 2820 4374; x_wconf 87' lang='grc' dir='ltr'>παρόντος</span> <span class='ocrx_word' id='word_1_711' title='bbox 2849 4295 3130 4370; x_wconf 83' lang='grc' dir='ltr'>κρατοῦσά</span> <span class='ocrx_word' id='word_1_712' title='bbox 3162 4312 3221 4348; x_wconf 88' lang='grc' dir='ltr'><strong>τε</strong></span> <span class='ocrx_word' id='word_1_713' title='bbox 3252 4292 3349 4347; x_wconf 76' lang='grc' dir='ltr'>καὶ</span> <span class='ocrx_word' id='word_1_714' title='bbox 3381 4306 3654 4362; x_wconf 80' lang='grc' dir='ltr'>κηρυττοο</span> 
     </span>
    </p>
   </div>
   <div class='ocr_carea' id='block_1_96' title="bbox 2068 4381 3653 4470">
    <p class='ocr_par' dir='ltr' id='par_1_96' title="bbox 2068 4381 3653 4470">
     <span class='ocr_line' id='line_1_96' title="bbox 2068 4381 3653 4470; baseline -0.011 -18"><span class='ocrx_word' id='word_1_715' title='bbox 2068 4399 2203 4470; x_wconf 89' lang='grc' dir='ltr'>μένη</span> <span class='ocrx_word' id='word_1_716' title='bbox 2265 4396 2368 4467; x_wconf 78' lang='grc' dir='ltr'>τῆς</span> <span class='ocrx_word' id='word_1_717' title='bbox 2449 4396 2688 4457; x_wconf 83' lang='grc' dir='ltr'>πίστεως</span> <span class='ocrx_word' id='word_1_718' title='bbox 2745 4391 3036 4463; x_wconf 81' lang='grc' dir='ltr'>όμολογία’</span> <span class='ocrx_word' id='word_1_719' title='bbox 3106 4386 3534 4458; x_wconf 79' lang='grc' dir='ltr'>ὑπεσημήναντο</span> <span class='ocrx_word' id='word_1_720' title='bbox 3589 4381 3653 4436; x_wconf 71' lang='grc' dir='ltr'>δὲ</span> 
     </span>
    </p>
   </div>
   <div class='ocr_carea' id='block_1_97' title="bbox 2066 4474 3653 4558">
    <p class='ocr_par' dir='ltr' id='par_1_97' title="bbox 2066 4474 3653 4558">
     <span class='ocr_line' id='line_1_97' title="bbox 2066 4474 3653 4558; baseline -0.011 -14"><span class='ocrx_word' id='word_1_721' title='bbox 2066 4493 2327 4555; x_wconf 78' lang='grc' dir='ltr'>ἅπαντες,</span> <span class='ocrx_word' id='word_1_722' title='bbox 2357 4486 2454 4542; x_wconf 68' lang='grc' dir='ltr'>καὶ</span> <span class='ocrx_word' id='word_1_723' title='bbox 2479 4490 2546 4556; x_wconf 83' lang='grc' dir='ltr'>τῇ</span> <span class='ocrx_word' id='word_1_724' title='bbox 2565 4486 2711 4558; x_wconf 71' lang='grc' dir='ltr'>χειρὶ</span> <span class='ocrx_word' id='word_1_725' title='bbox 2732 4485 2828 4538; x_wconf 74' lang='grc' dir='ltr'>καὶ</span> <span class='ocrx_word' id='word_1_726' title='bbox 2854 4483 2933 4555; x_wconf 82' lang='grc' dir='ltr'><strong>τῷ</strong></span> <span class='ocrx_word' id='word_1_727' title='bbox 2955 4482 3185 4550; x_wconf 85' lang='grc' dir='ltr'>καλάμῳ</span> <span class='ocrx_word' id='word_1_728' title='bbox 3204 4479 3348 4533; x_wconf 76' lang='grc' dir='ltr'>οὕτω</span> <span class='ocrx_word' id='word_1_729' title='bbox 3370 4474 3653 4530; x_wconf 80' lang='grc' dir='ltr'>πιστεύειν</span> 
     </span>
    </p>
   </div>
   <div class='ocr_carea' id='block_1_98' title="bbox 2064 4568 3651 4651">
    <p class='ocr_par' dir='ltr' id='par_1_98' title="bbox 2064 4568 3651 4651">
     <span class='ocr_line' id='line_1_98' title="bbox 2064 4568 3651 4651; baseline -0.01 -16"><span class='ocrx_word' id='word_1_730' title='bbox 2064 4582 2161 4636; x_wconf 74' lang='grc' dir='ltr'>καὶ</span> <span class='ocrx_word' id='word_1_731' title='bbox 2194 4581 2411 4651; x_wconf 82' lang='grc' dir='ltr'>φρονεῖν</span> <span class='ocrx_word' id='word_1_732' title='bbox 2451 4578 2810 4649; x_wconf 84' lang='grc' dir='ltr'>ὡμολόγησαν</span> <span class='ocrx_word' id='word_1_733' title='bbox 2836 4591 2853 4605; x_wconf 74' lang='grc'><strong><em>³</em></strong></span> <span class='ocrx_word' id='word_1_734' title='bbox 2883 4574 2996 4628; x_wconf 75' lang='grc' dir='ltr'>ἀλλ’</span> <span class='ocrx_word' id='word_1_735' title='bbox 3019 4574 3069 4627; x_wconf 81' lang='grc' dir='ltr'>οἱ</span> <span class='ocrx_word' id='word_1_736' title='bbox 3102 4572 3319 4634; x_wconf 86' lang='grc' dir='ltr'>πλείους</span> <span class='ocrx_word' id='word_1_737' title='bbox 3346 4570 3443 4640; x_wconf 78' lang='grc' dir='ltr'>μὲν</span> <span class='ocrx_word' id='word_1_738' title='bbox 3469 4568 3651 4638; x_wconf 77' lang='grc' dir='ltr'>ἄσμε-</span> 
     </span>
    </p>
   </div>
   <div class='ocr_carea' id='block_1_99' title="bbox 2062 4662 3656 4736">
    <p class='ocr_par' dir='ltr' id='par_1_99' title="bbox 2062 4662 3656 4736">
     <span class='ocr_line' id='line_1_99' title="bbox 2062 4662 3656 4736; baseline -0.008 -6"><span class='ocrx_word' id='word_1_739' title='bbox 2062 4692 2143 4730; x_wconf 90' lang='grc' dir='ltr'><strong>νοι</strong></span> <span class='ocrx_word' id='word_1_740' title='bbox 2169 4672 2325 4728; x_wconf 81' lang='grc' dir='ltr'>τοῦτο</span> <span class='ocrx_word' id='word_1_741' title='bbox 2348 4671 2607 4725; x_wconf 63' lang='grc' dir='ltr'>ἐποίουν*</span> <span class='ocrx_word' id='word_1_742' title='bbox 2633 4670 2771 4723; x_wconf 79' lang='grc' dir='ltr'>ἐπτά</span> <span class='ocrx_word' id='word_1_743' title='bbox 2790 4667 2848 4721; x_wconf 84' lang='grc' dir='ltr'><strong>δέ</strong></span> <span class='ocrx_word' id='word_1_744' title='bbox 2869 4684 3016 4731; x_wconf 82' lang='grc' dir='ltr'>τινες</span> <span class='ocrx_word' id='word_1_745' title='bbox 3046 4666 3148 4736; x_wconf 81' lang='grc' dir='ltr'>τῆς</span> <span class='ocrx_word' id='word_1_746' title='bbox 3172 4663 3382 4735; x_wconf 78' lang='grc' dir='ltr'>Ἀρείου</span> <span class='ocrx_word' id='word_1_747' title='bbox 3409 4662 3656 4734; x_wconf 59' lang='grc' dir='ltr'>βλασφηε</span> 
     </span>
    </p>
   </div>
   <div class='ocr_carea' id='block_1_100' title="bbox 2067 4756 3654 4838">
    <p class='ocr_par' dir='ltr' id='par_1_100' title="bbox 2067 4756 3654 4838">
     <span class='ocr_line' id='line_1_100' title="bbox 2067 4756 3654 4838; baseline -0.01 -16"><span class='ocrx_word' id='word_1_748' title='bbox 2067 4768 2199 4838; x_wconf 88' lang='grc' dir='ltr'>μίας</span> <span class='ocrx_word' id='word_1_749' title='bbox 2248 4767 2557 4836; x_wconf 87' lang='grc' dir='ltr'>συνήγοροι,</span> <span class='ocrx_word' id='word_1_750' title='bbox 2589 4766 2656 4835; x_wconf 80' lang='grc' dir='ltr'>τῇ</span> <span class='ocrx_word' id='word_1_751' title='bbox 2697 4761 2794 4831; x_wconf 80' lang='grc' dir='ltr'>μὲν</span> <span class='ocrx_word' id='word_1_752' title='bbox 2840 4760 3058 4830; x_wconf 79' lang='grc' dir='ltr'>γλώττῃ</span> <span class='ocrx_word' id='word_1_753' title='bbox 3105 4759 3201 4812; x_wconf 71' lang='grc' dir='ltr'>καὶ</span> <span class='ocrx_word' id='word_1_754' title='bbox 3233 4760 3300 4827; x_wconf 83' lang='grc' dir='ltr'><strong>τῇ</strong></span> <span class='ocrx_word' id='word_1_755' title='bbox 3335 4756 3478 4827; x_wconf 71' lang='grc' dir='ltr'>χειρὶ</span> <span class='ocrx_word' id='word_1_756' title='bbox 3523 4771 3654 4807; x_wconf 70' lang='grc' dir='ltr'>συν-</span> 
     </span>
    </p>
   </div>
   <div class='ocr_carea' id='block_1_101' title="bbox 2063 4844 3653 4928">
    <p class='ocr_par' dir='ltr' id='par_1_101' title="bbox 2063 4844 3653 4928">
     <span class='ocr_line' id='line_1_101' title="bbox 2063 4844 3653 4928; baseline -0.009 -17"><span class='ocrx_word' id='word_1_757' title='bbox 2063 4856 2446 4928; x_wconf 87' lang='grc' dir='ltr'>ωμολόγησαν,</span> <span class='ocrx_word' id='word_1_758' title='bbox 2508 4851 3015 4921; x_wconf 84' lang='grc' dir='ltr'>ἀντιφθεγγομένην</span> <span class='ocrx_word' id='word_1_759' title='bbox 3050 4849 3107 4903; x_wconf 82' lang='grc' dir='ltr'><strong>δέ</strong></span> <span class='ocrx_word' id='word_1_760' title='bbox 3159 4850 3225 4919; x_wconf 80' lang='grc' dir='ltr'>τῇ</span> <span class='ocrx_word' id='word_1_761' title='bbox 3277 4845 3493 4917; x_wconf 81' lang='grc' dir='ltr'>γλώττῃ</span> <span class='ocrx_word' id='word_1_762' title='bbox 3548 4844 3653 4914; x_wconf 83' lang='grc' dir='ltr'>τὴν</span> 
     </span>
    </p>
   </div>
   <div class='ocr_carea' id='block_1_102' title="bbox 2063 4936 3653 5019">
    <p class='ocr_par' dir='ltr' id='par_1_102' title="bbox 2063 4936 3653 5019">
     <span class='ocr_line' id='line_1_102' title="bbox 2063 4936 3653 5019; baseline -0.009 -17"><span class='ocrx_word' id='word_1_763' title='bbox 2063 4947 2291 5019; x_wconf 85' lang='grc' dir='ltr'>γνώμην</span> <span class='ocrx_word' id='word_1_764' title='bbox 2314 4947 2628 5016; x_wconf 83' lang='grc' dir='ltr'>ἐκέκτηντο,</span> <span class='ocrx_word' id='word_1_765' title='bbox 2664 4942 2805 4997; x_wconf 76' lang='grc' dir='ltr'>κατὰ</span> <span class='ocrx_word' id='word_1_766' title='bbox 2830 4941 2930 5013; x_wconf 80' lang='grc' dir='ltr'>τὴν</span> <span class='ocrx_word' id='word_1_767' title='bbox 2958 4939 3295 5012; x_wconf 86' lang='grc' dir='ltr'>προφητείαν</span> <span class='ocrx_word' id='word_1_768' title='bbox 3323 4937 3423 5008; x_wconf 75' lang='grc' dir='ltr'>τὴν</span> <span class='ocrx_word' id='word_1_769' title='bbox 3459 4936 3653 5004; x_wconf 80' lang='grc' dir='ltr'>λέγου-</span> 
     </span>
    </p>
   </div>
   <div class='ocr_carea' id='block_1_103' title="bbox 2066 5027 3653 5103">
    <p class='ocr_par' dir='ltr' id='par_1_103' title="bbox 2066 5027 3653 5103">
     <span class='ocr_line' id='line_1_103' title="bbox 2066 5027 3653 5103; baseline -0.007 -12"><span class='ocrx_word' id='word_1_770' title='bbox 2066 5055 2197 5091; x_wconf 87' lang='grc' dir='ltr'>σαν·</span> <span class='ocrx_word' id='word_1_771' title='bbox 2244 5056 2262 5088; x_wconf 76' lang='grc' dir='ltr'><strong>ι</strong></span> <span class='ocrx_word' id='word_1_772' title='bbox 2288 5031 2457 5099; x_wconf 76' lang='grc' dir='ltr'>Οὗτος</span> <span class='ocrx_word' id='word_1_773' title='bbox 2520 5036 2550 5089; x_wconf 84' lang='grc' dir='ltr'><strong>ό</strong></span> <span class='ocrx_word' id='word_1_774' title='bbox 2582 5032 2709 5096; x_wconf 74' lang='grc' dir='ltr'>λαὸς</span> <span class='ocrx_word' id='word_1_775' title='bbox 2756 5035 2868 5096; x_wconf 84' lang='grc' dir='ltr'>τοῖς</span> <span class='ocrx_word' id='word_1_776' title='bbox 2905 5031 3108 5103; x_wconf 83' lang='grc' dir='ltr'>χείλεσί</span> <span class='ocrx_word' id='word_1_777' title='bbox 3165 5048 3231 5101; x_wconf 85' lang='grc' dir='ltr'><strong>με</strong></span> <span class='ocrx_word' id='word_1_778' title='bbox 3272 5031 3438 5100; x_wconf 80' lang='grc' dir='ltr'>τιμᾷ,</span> <span class='ocrx_word' id='word_1_779' title='bbox 3477 5031 3544 5099; x_wconf 77' lang='grc' dir='ltr'><strong>τῇ</strong></span> <span class='ocrx_word' id='word_1_780' title='bbox 3592 5027 3653 5081; x_wconf 65' lang='grc' dir='ltr'>δὲ</span> 
     </span>
    </p>
   </div>
   <div class='ocr_carea' id='block_1_104' title="bbox 2064 5120 3649 5202">
    <p class='ocr_par' dir='ltr' id='par_1_104' title="bbox 2064 5120 3649 5202">
     <span class='ocr_line' id='line_1_104' title="bbox 2064 5120 3649 5202; baseline -0.008 -20"><span class='ocrx_word' id='word_1_781' title='bbox 2064 5128 2268 5202; x_wconf 78' lang='grc' dir='ltr'>καρδίᾳ</span> <span class='ocrx_word' id='word_1_782' title='bbox 2315 5128 2510 5199; x_wconf 74' lang='grc' dir='ltr'>πόρρω</span> <span class='ocrx_word' id='word_1_783' title='bbox 2561 5125 2758 5196; x_wconf 86' lang='grc' dir='ltr'>ἀπέχει</span> <span class='ocrx_word' id='word_1_784' title='bbox 2794 5124 2890 5183; x_wconf 82' lang='grc' dir='ltr'><strong>ἀπ’</strong></span> <span class='ocrx_word' id='word_1_785' title='bbox 2933 5122 3100 5195; x_wconf 85' lang='grc' dir='ltr'>ἐμοῦ·</span> <span class='ocrx_word' id='word_1_786' title='bbox 3138 5141 3163 5175; x_wconf 68' lang='grc' dir='ltr'><strong>ι</strong></span> <span class='ocrx_word' id='word_1_787' title='bbox 3202 5122 3299 5175; x_wconf 77' lang='grc' dir='ltr'>καὶ</span> <span class='ocrx_word' id='word_1_788' title='bbox 3352 5120 3494 5176; x_wconf 85' lang='grc' dir='ltr'><strong>κατά</strong></span> <span class='ocrx_word' id='word_1_789' title='bbox 3548 5121 3649 5192; x_wconf 55' lang='lat' dir='ltr'><strong>ei};</strong></span> 
     </span>
    </p>
   </div>
   <div class='ocr_carea' id='block_1_105' title="bbox 1651 5396 2337 5467">
    <p class='ocr_par' dir='ltr' id='par_1_105' title="bbox 1651 5396 2337 5467">
     <span class='ocr_line' id='line_1_105' title="bbox 1651 5396 2337 5467; baseline 0.004 -5"><span class='ocrx_word' id='word_1_790' title='bbox 1651 5407 1889 5463; x_wconf 65' lang='lat' dir='ltr'><strong>VARUS</strong></span> <span class='ocrx_word' id='word_1_791' title='bbox 1929 5396 2337 5467; x_wconf 77' lang='lat' dir='ltr'><strong>LECTIONES.</strong></span> 
     </span>
    </p>
   </div>
   <div class='ocr_carea' id='block_1_106' title="bbox 449 5495 3643 5576">
    <p class='ocr_par' dir='ltr' id='par_1_106' title="bbox 449 5495 3643 5576">
     <span class='ocr_line' id='line_1_106' title="bbox 449 5495 3643 5576; baseline 0.001 -28"><span class='ocrx_word' id='word_1_792' title='bbox 449 5497 468 5528; x_wconf 77' lang='grc'>⁸</span> <span class='ocrx_word' id='word_1_793' title='bbox 514 5495 648 5576; x_wconf 58' lang='lat' dir='ltr'><strong>Quae</strong></span> <span class='ocrx_word' id='word_1_794' title='bbox 683 5496 906 5554; x_wconf 88' lang='lat' dir='ltr'><strong>uncinis</strong></span> <span class='ocrx_word' id='word_1_795' title='bbox 938 5498 1135 5576; x_wconf 78' lang='lat' dir='ltr'><strong>inclusi</strong></span> <span class='ocrx_word' id='word_1_796' title='bbox 1164 5501 1233 5556; x_wconf 81' lang='lat' dir='ltr'><strong>ab</strong></span> <span class='ocrx_word' id='word_1_797' title='bbox 1271 5501 1358 5576; x_wconf 86' lang='lat' dir='ltr'><strong>his</strong></span> <span class='ocrx_word' id='word_1_798' title='bbox 1395 5501 1580 5557; x_wconf 83' lang='lat' dir='ltr'><strong>verbis</strong></span> <span class='ocrx_word' id='word_1_799' title='bbox 1614 5502 1766 5576; x_wconf 23' lang='grc' dir='ltr'><strong>εμίζνΔ</strong></span> <span class='ocrx_word' id='word_1_800' title='bbox 1783 5500 1963 5555; x_wconf 82' lang='grc' dir='ltr'>τοίνυν</span> <span class='ocrx_word' id='word_1_801' title='bbox 1999 5501 2544 5576; x_wconf 51' lang='lat' dir='ltr'><strong>rﬁpeydlnewgoqi</strong></span> <span class='ocrx_word' id='word_1_802' title='bbox 2567 5502 2832 5576; x_wconf 75' lang='lat' dir='ltr'><strong>advel-ha</strong></span> <span class='ocrx_word' id='word_1_803' title='bbox 2856 5519 2913 5574; x_wconf 88' lang='lat' dir='ltr'><strong>p.</strong></span> <span class='ocrx_word' id='word_1_804' title='bbox 2956 5501 3120 5576; x_wconf 64' lang='lat' dir='ltr'><strong>ﬁlii,</strong></span> <span class='ocrx_word' id='word_1_805' title='bbox 3158 5503 3308 5576; x_wconf 68' lang='grc' dir='ltr'>ὅπλῳ</span> <span class='ocrx_word' id='word_1_806' title='bbox 3328 5500 3394 5569; x_wconf 79' lang='grc' dir='ltr'><strong>τῇ</strong></span> <span class='ocrx_word' id='word_1_807' title='bbox 3427 5496 3643 5576; x_wconf 67' lang='grc' dir='ltr'>γλώττῃ</span> 
     </span>
    </p>
   </div>
   <div class='ocr_carea' id='block_1_107' title="bbox 376 5568 3644 5645">
    <p class='ocr_par' dir='ltr' id='par_1_107' title="bbox 376 5568 3644 5645">
     <span class='ocr_line' id='line_1_107' title="bbox 376 5568 3644 5645; baseline -0.004 -9"><span class='ocrx_word' id='word_1_808' title='bbox 376 5570 748 5645; x_wconf 60' lang='grc' dir='ltr'>χρηῖάιιενος,</span> <span class='ocrx_word' id='word_1_809' title='bbox 780 5569 1111 5645; x_wconf 70' lang='lat' dir='ltr'><strong>non_glubito</strong></span> <span class='ocrx_word' id='word_1_810' title='bbox 1134 5573 1327 5645; x_wconf 70' lang='lat' dir='ltr'><strong>spuria</strong></span> <span class='ocrx_word' id='word_1_811' title='bbox 1354 5588 1497 5645; x_wconf 61' lang='lat' dir='ltr'><strong>esse,</strong></span> <span class='ocrx_word' id='word_1_812' title='bbox 1520 5580 1574 5627; x_wconf 86' lang='lat' dir='ltr'><strong>et</strong></span> <span class='ocrx_word' id='word_1_813' title='bbox 1588 5572 1670 5645; x_wconf 75' lang='lat' dir='ltr'><strong>ab</strong></span> <span class='ocrx_word' id='word_1_814' title='bbox 1699 5571 1804 5625; x_wconf 87' lang='lat' dir='ltr'><strong>alia</strong></span> <span class='ocrx_word' id='word_1_815' title='bbox 1829 5588 1992 5625; x_wconf 90' lang='lat' dir='ltr'><strong>manu</strong></span> <span class='ocrx_word' id='word_1_816' title='bbox 2012 5568 2257 5645; x_wconf 67' lang='lat' dir='ltr'><strong>adjecta.</strong></span> <span class='ocrx_word' id='word_1_817' title='bbox 2287 5568 2390 5627; x_wconf 74' lang='grc' dir='ltr'><strong>Ἅι)</strong></span> <span class='ocrx_word' id='word_1_818' title='bbox 2430 5568 2647 5645; x_wconf 75' lang='lat' dir='ltr'><strong>Hei&#39;veti</strong></span> <span class='ocrx_word' id='word_1_819' title='bbox 2704 5568 2926 5642; x_wconf 71' lang='lat' dir='ltr'><strong>quidem</strong></span> <span class='ocrx_word' id='word_1_820' title='bbox 2961 5568 3411 5645; x_wconf 74' lang='lat' dir='ltr'><strong>interpretatione</strong></span> <span class='ocrx_word' id='word_1_821' title='bbox 3455 5568 3644 5645; x_wconf 69' lang='lat' dir='ltr'><strong>omnis</strong></span> 
     </span>
    </p>
   </div>
   <div class='ocr_carea' id='block_1_108' title="bbox 400 5638 3645 5712">
    <p class='ocr_par' dir='ltr' id='par_1_108' title="bbox 400 5638 3645 5712">
     <span class='ocr_line' id='line_1_108' title="bbox 400 5638 3645 5712; baseline 0.001 -26"><span class='ocrx_word' id='word_1_822' title='bbox 400 5640 469 5689; x_wconf 73' lang='lat' dir='ltr'><strong>iic</strong></span> <span class='ocrx_word' id='word_1_823' title='bbox 500 5638 663 5712; x_wconf 73' lang='lat' dir='ltr'><strong>locus</strong></span> <span class='ocrx_word' id='word_1_824' title='bbox 697 5638 869 5712; x_wconf 62' lang='lat' dir='ltr'><strong>abest.</strong></span> <span class='ocrx_word' id='word_1_825' title='bbox 894 5639 1003 5712; x_wconf 85' lang='lat' dir='ltr'><strong>Nec</strong></span> <span class='ocrx_word' id='word_1_826' title='bbox 1024 5638 1284 5696; x_wconf 80' lang='lat' dir='ltr'><strong>credibile</strong></span> <span class='ocrx_word' id='word_1_827' title='bbox 1309 5652 1395 5712; x_wconf 77' lang='lat' dir='ltr'><strong>est</strong></span> <span class='ocrx_word' id='word_1_828' title='bbox 1417 5641 1817 5712; x_wconf 88' lang='lat' dir='ltr'><strong>Theodoretum</strong></span> <span class='ocrx_word' id='word_1_829' title='bbox 1840 5652 1945 5695; x_wconf 90' lang='lat' dir='ltr'><strong>tam</strong></span> <span class='ocrx_word' id='word_1_830' title='bbox 1977 5638 2150 5697; x_wconf 69' lang='lat' dir='ltr'><strong>alin-na</strong></span> <span class='ocrx_word' id='word_1_831' title='bbox 2180 5646 2410 5700; x_wconf 76' lang='lat' dir='ltr'><strong>miscere</strong></span> <span class='ocrx_word' id='word_1_832' title='bbox 2445 5638 2848 5712; x_wconf 80' lang='lat' dir='ltr'><strong>potuisse,qu:e</strong></span> <span class='ocrx_word' id='word_1_833' title='bbox 2876 5644 2934 5699; x_wconf 86' lang='lat' dir='ltr'><strong>in</strong></span> <span class='ocrx_word' id='word_1_834' title='bbox 2986 5638 3233 5698; x_wconf 67' lang='lat' dir='ltr'><strong>Historia</strong></span> <span class='ocrx_word' id='word_1_835' title='bbox 3280 5639 3645 5712; x_wconf 73' lang='lat' dir='ltr'><strong>ecclesiastica</strong></span> 
     </span>
    </p>
   </div>
   <div class='ocr_carea' id='block_1_109' title="bbox 378 5705 3643 5784">
    <p class='ocr_par' dir='ltr' id='par_1_109' title="bbox 378 5705 3643 5784">
     <span class='ocr_line' id='line_1_109' title="bbox 378 5705 3643 5784; baseline 0.002 -28"><span class='ocrx_word' id='word_1_836' title='bbox 378 5705 805 5784; x_wconf 48' lang='lat' dir='ltr'><strong>rectiushtradit,</strong></span> <span class='ocrx_word' id='word_1_837' title='bbox 833 5717 921 5784; x_wconf 83' lang='lat' dir='ltr'><strong>_ut</strong></span> <span class='ocrx_word' id='word_1_838' title='bbox 953 5710 1528 5784; x_wconf 55' lang='lat' dir='ltr'><strong>inconcilioblicaznn</strong></span> <span class='ocrx_word' id='word_1_839' title='bbox 1549 5711 1975 5784; x_wconf 76' lang='lat' dir='ltr'><strong>factanarraret</strong></span> <span class='ocrx_word' id='word_1_840' title='bbox 1997 5728 2118 5783; x_wconf 75' lang='lat' dir='ltr'><strong>qua:</strong></span> <span class='ocrx_word' id='word_1_841' title='bbox 2150 5705 2830 5784; x_wconf 5' lang='lat' dir='ltr'><strong>posteapConstantinopoli</strong></span> <span class='ocrx_word' id='word_1_842' title='bbox 2891 5714 3261 5784; x_wconf 84' lang='lat' dir='ltr'><strong>contigerunt,</strong></span> <span class='ocrx_word' id='word_1_843' title='bbox 3295 5720 3350 5767; x_wconf 88' lang='lat' dir='ltr'><strong>et</strong></span> <span class='ocrx_word' id='word_1_844' title='bbox 3404 5710 3643 5784; x_wconf 73' lang='lat' dir='ltr'><strong>Alexan-</strong></span> 
     </span>
    </p>
   </div>
   <div class='ocr_carea' id='block_1_110' title="bbox 377 5774 2021 5850">
    <p class='ocr_par' dir='ltr' id='par_1_110' title="bbox 377 5774 2021 5850">
     <span class='ocr_line' id='line_1_110' title="bbox 377 5774 2021 5850; baseline 0.005 -23"><span class='ocrx_word' id='word_1_845' title='bbox 377 5774 534 5828; x_wconf 85' lang='lat' dir='ltr'><strong>drum</strong></span> <span class='ocrx_word' id='word_1_846' title='bbox 562 5775 1229 5850; x_wconf 74' lang='lat' dir='ltr'><strong>Constantinopolitanum</strong></span> <span class='ocrx_word' id='word_1_847' title='bbox 1265 5781 1611 5837; x_wconf 74' lang='lat' dir='ltr'><strong>Alexandria:</strong></span> <span class='ocrx_word' id='word_1_848' title='bbox 1638 5781 1952 5850; x_wconf 84' lang='lat' dir='ltr'><strong>episcopum</strong></span> <span class='ocrx_word' id='word_1_849' title='bbox 1994 5774 2021 5836; x_wconf 66' lang='grc' dir='ltr'>τε</span> 
     </span>
    </p>
   </div>
   <div class='ocr_carea' id='block_1_111' title="bbox 379 5842 2025 5922">
    <p class='ocr_par' dir='ltr' id='par_1_111' title="bbox 379 5842 2025 5922">
     <span class='ocr_line' id='line_1_111' title="bbox 379 5842 2025 5922; baseline 0.007 -25"><span class='ocrx_word' id='word_1_850' title='bbox 379 5850 578 5913; x_wconf 86' lang='lat' dir='ltr'><strong>terum,</strong></span> <span class='ocrx_word' id='word_1_851' title='bbox 606 5860 713 5901; x_wconf 91' lang='lat' dir='ltr'><strong>non</strong></span> <span class='ocrx_word' id='word_1_852' title='bbox 745 5842 1007 5904; x_wconf 79' lang='lat' dir='ltr'><strong>Jacobum</strong></span> <span class='ocrx_word' id='word_1_853' title='bbox 1048 5847 1369 5906; x_wconf 66' lang='lat' dir='ltr'><strong>Nisibenum</strong></span> <span class='ocrx_word' id='word_1_854' title='bbox 1400 5842 1948 5922; x_wconf 59' lang='lat' dir='ltr'><strong>adjuvisse&#39;precihus</strong></span> <span class='ocrx_word' id='word_1_855' title='bbox 1982 5855 2025 5908; x_wconf 84' lang='lat' dir='ltr'><strong>A</strong></span> 
     </span>
    </p>
   </div>
   <div class='ocr_carea' id='block_1_112' title="bbox 2030 5777 3643 5909">
    <p class='ocr_par' dir='ltr' id='par_1_112' title="bbox 2030 5777 3643 5909">
     <span class='ocr_line' id='line_1_112' title="bbox 2030 5777 3643 5909; baseline -0.004 -71"><span class='ocrx_word' id='word_1_856' title='bbox 2030 5777 2313 5909; x_wconf 72' lang='lat' dir='ltr'><strong>ppellarct.</strong></span> <span class='ocrx_word' id='word_1_857' title='bbox 2342 5783 2607 5867; x_wconf 64' lang='lat' dir='ltr'><strong>Praeterea</strong></span> <span class='ocrx_word' id='word_1_858' title='bbox 2648 5777 3384 5865; x_wconf 25' lang='lat' dir='ltr'><strong>ex‘Athanasio&#39;Macarium</strong></span> <span class='ocrx_word' id='word_1_859' title='bbox 3417 5777 3643 5850; x_wconf 74' lang='lat' dir='ltr'><strong>preshy~</strong></span> 
     </span>
     <span class='ocr_line' id='line_1_113' title="bbox 2052 5852 3082 5909; baseline 0 0"><span class='ocrx_word' id='word_1_860' title='bbox 2052 5855 2350 5909; x_wconf 74' lang='lat' dir='ltr'><strong>exandrum</strong></span> <span class='ocrx_word' id='word_1_861' title='bbox 2391 5854 2555 5909; x_wconf 78' lang='lat' dir='ltr'><strong>tradit</strong></span> <span class='ocrx_word' id='word_1_862' title='bbox 2592 5852 2728 5909; x_wconf 71' lang='grc' dir='ltr'>Πιει.</span> <span class='ocrx_word' id='word_1_863' title='bbox 2766 5856 2894 5908; x_wconf 78' lang='lat' dir='ltr'><strong>eccl.</strong></span> <span class='ocrx_word' id='word_1_864' title='bbox 2939 5870 2975 5909; x_wconf 81' lang='grc' dir='ltr'>ι.</span> <span class='ocrx_word' id='word_1_865' title='bbox 3004 5856 3082 5909; x_wconf 78' lang='lat' dir='ltr'><strong>l3.</strong></span> 
     </span>
    </p>
   </div>
   <div class='ocr_carea' id='block_1_113' title="bbox 2052 5872 2077 5910">
    <p class='ocr_par' dir='ltr' id='par_1_113' title="bbox 2052 5872 2077 5910">
     <span class='ocr_line' id='line_1_114' title="bbox 2052 5872 2077 5910; baseline 0 -20"><span class='ocrx_word' id='word_1_866' title='bbox 2052 5872 2077 5910; x_wconf 59' lang='grc' dir='ltr'><strong>,ι</strong></span> 
     </span>
    </p>
   </div>
   <div class='ocr_carea' id='block_1_114' title="bbox 2084 5852 3082 5920">
    <p class='ocr_par' dir='ltr' id='par_1_114' title="bbox 2084 5852 3082 5920">
     <span class='ocr_line' id='line_1_115' title="bbox 2084 5852 3082 5920; baseline 0 -11"><span class='ocrx_word' id='word_1_867' title='bbox 2084 5855 2350 5910; x_wconf 77' lang='lat' dir='ltr'><strong>xandrum</strong></span> <span class='ocrx_word' id='word_1_868' title='bbox 2391 5854 2555 5911; x_wconf 85' lang='lat' dir='ltr'><strong>tradit</strong></span> <span class='ocrx_word' id='word_1_869' title='bbox 2592 5852 2728 5909; x_wconf 76' lang='lat' dir='ltr'><strong>Hist.</strong></span> <span class='ocrx_word' id='word_1_870' title='bbox 2766 5856 2894 5908; x_wconf 76' lang='grc' dir='ltr'>εει-ί.</span> <span class='ocrx_word' id='word_1_871' title='bbox 2939 5870 2975 5920; x_wconf 80' lang='grc' dir='ltr'><strong>ι,</strong></span> <span class='ocrx_word' id='word_1_872' title='bbox 3004 5856 3082 5909; x_wconf 78' lang='lat' dir='ltr'><strong>l3.</strong></span> 
     </span>
    </p>
   </div>
  </div>
