4030 6418
359 386 498 456 Ῑ301

1596 385 2005 463 RELIGIOSA
2035 388 2418 452 HISTORIA:

3492 385 3632 454 1302

366 498 642 571 Ἱερεμίου
698 495 884 566 φωνην
921 494 1020 566 τὴν
1062 493 1362 567 διαρρήδην
1406 490 1652 563 βοῶσαν
1695 511 1713 543 ι
1745 491 1944 560 Ἐγγὺς

2049 491 2185 548 dixit
2215 513 2228 547 :
2265 511 2284 545 ι
2325 489 2434 549 Ore
2457 505 2561 548 suo
2591 489 3017 556 benedicebant,
3041 497 3098 545 et
3125 490 3296 548 corde
3316 506 3417 548 suo
3454 494 3629 550 male-

354 585 412 644 σῖ
443 590 510 644 σὺ
538 587 632 643 τοῦ
659 588 929 659 στόματος
955 585 1159 652 αὐτῶν,
1187 585 1284 639 καὶ
1330 584 1522 655 πόρρω
1558 583 1667 638 άπὸ
1719 582 1831 636 τῶν
1860 599 1947 636 νε-

353 679 513 751 φρῶν
542 679 743 734 αὐτῶν.
765 696 784 730 ι
821 677 1100 748 Σύμφωνα
1131 677 1189 731 δὲ
1215 675 1428 737 τούτοις
1456 676 1588 747 περὶ
1617 673 1822 728 τούτων
1846 673 1943 728 καὶ

349 776 385 826 ὀ
417 772 690 843 μακάριος
741 770 847 841 ἔφη
884 769 1077 824 Δαϐίδο
1113 767 1242 840 «Τῷ
1276 767 1508 838 στόματι
1570 767 1748 819 αὐτῶν
1787 765 1948 838 ηὐλό-

349 882 513 934 τουν,
561 867 657 919 καὶ
687 866 755 934 τῇ
788 863 986 935 καρδίᾳ
1020 861 1200 916 αὐτῶν
1249 859 1594 932 κατηρῶντο.
1633 878 1650 910 ι
1695 859 1807 912 Καὶ
1836 858 1945 911 πά-

341 958 476 1011 λιν·
521 974 540 1008 ι
586 949 1010 1024 Ἠπαλύνθησαν
1036 954 1088 1007 οἱ
1121 953 1270 1021 λόγοι
1329 951 1512 1006 αὐτῶν
1549 949 1690 1020 ὑπὲρ
1741 948 1943 1016 ἔλαιον,

357 1051 461 1103 καὶ
488 1048 642 1102 αὐτοί
672 1050 778 1102 είσι
803 1047 1027 1118 βολίδες.
1065 1065 1084 1099 ι
1114 1040 1274 1100 Οὗτοι
1293 1045 1386 1098 τὸν
1415 1045 1512 1113 τῆς
1550 1041 1948 1111 Ἀλεξανδρέων

352 1139 658 1194 ἐπίσκοπον
700 1137 792 1192 τδν
833 1137 1006 1208 μέγαν
1057 1135 1410 1206 Ἀλέξανδρον
1471 1130 1840 1199 παρεκάλουν,
1867 1129 1947 1182 οἱ-

355 1233 574 1301 κτεῖραι
620 1230 714 1283 τὸν
769 1230 990 1300 Ἀρειον
1025 1227 1130 1280 ὑπὸ
1164 1227 1345 1296 πάσης
1402 1223 1619 1294 ἐκείνης
1673 1223 1951 1291 ἀποκηρυ-

353 1323 560 1393 χθέντα
587 1321 690 1392 τῆς
719 1321 996 1391 φάλαγγος
1017 1336 1030 1351 ·
1058 1317 1153 1373 τοῦ
1184 1319 1242 1372 δὲ
1268 1317 1364 1371 καὶ
1387 1316 1450 1370 τὸ
1476 1315 1681 1368 τούτων
1713 1313 1948 1366 ὓπουλον

354 1414 583 1480 εἰδότος,
611 1413 705 1465 καὶ
730 1412 832 1482 τὴν
881 1411 1092 1465 ἐκείνου
1128 1408 1393 1480 πονηρίαν
1450 1405 1828 1478 ὑφορωμένου,
1855 1405 1949 1460 κα)⁸

352 1505 552 1559 ⁴τούτου
586 1505 746 1575 χάριν
766 1504 827 1556 οὐ
861 1502 1154 1573 δεχομένου
1181 1499 1279 1570 τὴν
1315 1499 1532 1569 αἴτησιν
1563 1515 1576 1529 ι
1605 1496 1753 1549 ἄλλοι
1801 1495 1946 1558 τινὲς

349 1594 466 1650 τῶν
481 1595 747 1664 ἁπλότητι
770 1591 1165 1663 συνεζηκότων,
1183 1588 1384 1652 πολλὰς
1413 1587 1514 1658 τῆς
1539 1583 1948 1656 φιλανθρωπίας

352 1689 646 1762 διεξῄεσαν
677 1687 974 1758 εὐφημίας,
1016 1685 1190 1755 ταύτῃ
1218 1681 1427 1754 χαίρειν
1450 1680 1701 1747 λέγοντες
1735 1677 1828 1730 καὶ
1855 1677 1947 1732 τὸν

351 1783 464 1837 τῶν
485 1782 623 1835 ὅλων
654 1780 809 1835 Θεόν.
862 1778 1080 1846 Ἐπειδὴ
1100 1777 1158 1830 δὲ
1190 1778 1220 1830 6
1248 1776 1422 1848 μέγας
1464 1771 1812 1842 Ἀλέξανδρος
1844 1771 1946 1842 τὴν

2046 583 2307 641 dicebant
2343 583 2400 652 i;
2434 603 2452 637 ι
2497 593 2552 640 et
2590 584 2830 639 iterum:
2871 602 2890 635 ι
2933 581 3125 637 Molliti
3179 591 3310 639 sunt
3346 599 3631 640 sermones

2045 694 2240 734 eorum
2288 694 2456 749 super
2523 680 2730 743 oleum,
2765 686 2819 734 et
2875 679 2983 749 ipsi
3022 687 3152 735 sunt
3177 678 3364 750 jacula
3404 676 3453 736 ι.
3485 699 3503 731 ι
3537 680 3630 735 Isti

2045 770 2420 827 Alexandrum
2453 786 2667 842 magna:
2712 770 3064 827 Alexandriae
3112 772 3434 842 episcopum
3473 787 3630 842 roga-

2045 863 2202 928 bant,
2243 871 2305 917 ut
2338 864 2457 918 Arii
2501 865 2882 927 misereretur,
2937 865 3005 918 ab
3058 866 3322 919 universa
3360 865 3450 917 illa
3493 866 3629 935 pha-

2047 952 2209 1025 lange
2243 957 2620 1010 exauctorati.
2655 954 2758 1011 Hie
2804 971 2937 1011 vero
2970 970 3094 1010 cum
3135 955 3518 1011 etsubdolam
3554 955 3632 1010 is-

2047 1051 2232 1099 torum
2261 1053 2498 1102 mentem
2540 1055 2753 1113 nosset,
2795 1055 2851 1103 et
2895 1047 3393 1118 suspectamillius
3438 1047 3632 1117 nequi-

2047 1136 2180 1190 tiam
2212 1137 2465 1204 haberet,
2502 1155 2567 1196 ao
2597 1147 2888 1211 propterea
2929 1139 3478 1216 illorum‘postulatis
3520 1154 3632 1193 non

2016 1237 2344 1295 -annueret,
2380 1230 2481 1286 alii.
2520 1231 2748 1302 quidam
2786 1231 3148 1303 simplicioris
3196 1231 3401 1302 ingenii
3455 1231 3628 1286 multa

2047 1319 2116 1375 de
2149 1320 2458 1376 clementiae
2481 1321 3262 1388 laudibusdisserentes,hac
3289 1325 3457 1380 etiam
3491 1339 3630 1394 pree-

2048 1413 2208 1484 cipue
2223 1414 2487 1470 delectari
2518 1416 2908 1473 universorum
2936 1415 3115 1472 Deum
3133 1417 3496 1487 suggerebant
3525 1433 3541 1471 :
3577 1423 3633 1471 et

2047 1519 2174 1560 cum
2193 1504 2422 1577 Magnus
2439 1507 2752 1565 Alexander
2769 1509 3033 1578 injustam
3051 1524 3182 1579 erga
3207 1524 3376 1563 unum
3397 1509 3634 1563 ciemcm-

2049 1597 2180 1651 tiam
2201 1597 2604 1653 inclementiam
2619 1600 3070 1670 appellaret,quaa
3088 1600 3434 1655 multisesset
3452 1599 3637 1668 perni-

2048 1689 2198 1746 ciosa
2228 1689 2527 1762 damnique
2554 1693 2901 1748 occasionem
2931 1695 3147 1749 cunctis
3175 1693 3437 1763 gregibus
3479 1691 3638 1746 futu-

2048 1797 2164 1837 ram
2189 1782 2487 1838 aﬂirmaret
2507 1823 2522 1848 ,
2552 1785 2805 1839 hortatur
2827 1799 3022 1841 omnes
3040 1785 3263 1840 divinus
3284 1784 3548 1848 Jacobus,
3577 1794 3640 1837 ut-

351 1876 540 1931 ἀδικον
561 1875 693 1943 περὶ
703 1873 798 1926 ἕνα
824 1868 1237 1944 φιλανθρωπίαν
1255 1866 1652 1939 ἀπανθρωπίαν
1670 1861 1942 1934 ὠνόμαζε,

2049 1871 2245 1944 jejuuii
2277 1876 2642 1930 macerationi
2672 1892 2732 1931 se
2763 1877 2988 1942 dedant,
3047 1887 3368 1947 septemque
3409 1892 3534 1931 cum
3569 1892 3636 1931 eo

353 1969 574 2025 πολλῶν
636 1963 809 2022 οὖσαν
855 1963 1194 2036 λυμαντικὴν
1219 2003 1235 2029 ,
1290 1962 1384 2017 καὶ
1444 1961 1623 2031 λώϐης
1675 1959 1947 2032 πρόφασιν

352 2061 577 2116 ἔσεσθαι
609 2062 722 2122 τοῖς
741 2056 1016 2129 ποιμνίοις
1045 2055 1248 2110 ἅπασιν
1289 2054 1442 2123 Ξλεγε
1469 2070 1482 2084 ·
1514 2053 1750 2124 παρῄνει
1781 2053 1949 2104 πᾶσιν

347 2157 382 2209 6
414 2153 559 2217 θεῖος
600 2151 877 2215 Ἰάκωϐος,
918 2152 986 2220 τῇ
1039 2148 1139 2219 μὲν
1167 2147 1287 2216 τῆς,
1327 2146 1588 2216 νηστείας
1639 2142 1947 2216 χρήσασθαι

350 2243 646 2315 κακουχίᾳ,
707 2242 852 2296 ἑπτὰ
887 2241 946 2294 δὲ
995 2240 1146 2295 καιτά
1171 2238 1372 2293 ταύτὸν
1427 2237 1644 2308 ἡμέρας
1681 2237 1771 2290 τὸν
1814 2235 1947 2289 Θεὸν

351 2340 631 2394 ἱκετεῦσαι
654 2337 714 2391 τὸ
738 2338 859 2400 ταῖς
882 2334 1237 2405 Ἐκκλιησίαις
1272 2334 1518 2385 συνοῖσον
1552 2328 1943 2402 πρυτανεῦσαι.

347 2430 671 2501 Δεξαμένων
690 2429 749 2483 δὲ
777 2427 1034 2482 ἁπάντων
1056 2424 1156 2478 τοῦ¹
1190 2424 1334 2478 θείου
1362 2423 1556 2493 ἀνδρὸς
1582 2422 1680 2494 τὴν
1711 2421 1944 2492 εἰσήγη-

351 2539 478 2578 σιν’
534 2523 758 2594 ᾔδεισαν
813 2521 923 2590 γὰρ
978 2517 1140 2572 αὑτὸν
1205 2516 1589 2579 ἀποστολικοῖς
1639 2514 1944 2587 χαρίσμασι

347 2617 671 2687 λάμποντα·
714 2613 1048 2683 ἐκεράννυτο
1078 2611 1176 2680 μὲν
1204 2610 1238 2680 ή
1265 2608 1496 2678 νηστείαν
1515 2609 1583 2680 τῇ
1618 2610 1895 2678 προσευχῇ
1926 2625 1941 2639 ·

347 2709 650 2781 ἑψηφίζετο
681 2707 738 2760 δὲ
759 2708 879 2768 ταῖς
922 2702 1277 2772 Ἐκκλησίαις
1306 2703 1334 2754 ὁ
1356 2699 1564 2754 τούτων
1598 2700 1945 2772 κυϐερνήτης

345 2802 412 2856 τδ
460 2801 758 2872 συμφέρον.
812 2798 922 2851 Καὶ
973 2795 1166 2866 ἐπειδὴ
1216 2794 1528 2866 ἀπήντησεν
1575 2794 1611 2864 ἠ
1663 2792 1942 2865 Κυριακὴ,

348 2893 472 2949 καθ’
504 2894 573 2966 ἣν
601 2892 828 2964 ήλπιζον
857 2890 907 2942 οἱ
946 2887 1164 2950 πλείους
1205 2886 1294 2939 τὸν
1347 2887 1629 2958 ἀλιτήριον
1666 2883 1947 2956 εἰσδεχθῆ-

351 2986 567 3050 σεσθαι,
603 2985 697 3039 καὶ
723 2985 823 3054 τῆς
846 2981 1001 3044 θείας
1029 2978 1379 3050 λειτουργίας
1412 2977 1649 3049 ἔφθασεν
1668 2977 1698 3030 ὁ
1727 2975 1940 3049 καιρὸς,

346 3079 446 3134 καὶ
476 3077 814 3150 προσέμενον
878 3073 1120 3135 ἅπαντες
1148 3073 1281 3126 ίδεῖν
1322 3071 1414 3125 τὸν
1465 3069 1712 3124 ἀντίθεον
1761 3067 1945 3122 ἐλεού-

2049 1968 2262 2024 dierum
2299 1967 2480 2038 spatio
2521 1967 2693 2024 Deum
2739 1978 2921 2036 orent,
2959 1977 3020 2024 ut
3060 1969 3436 2025 Ecclesiarum
3485 1967 3635 2022 utili-

2051 2059 2150 2114 tati
2187 2061 2506 2116 consultum
2544 2062 2695 2116 velit.
2725 2059 2967 2118 Probato
3011 2063 3081 2118 ab
3138 2063 3403 2118 omnibus
3453 2061 3633 2116 sancti

2047 2152 2154 2207 viri
2185 2153 2422 2208 consilio
2452 2152 2740 2224 (sciebant
2771 2154 2939 2223 enim}
2968 2155 3124 2208 illum
3168 2154 3472 2225 apostolica
3504 2168 3636 2224 gra-

2051 2241 2136 2296 tia,
2160 2240 2522 2312 praeditum),
2552 2241 2772 2312 jejunio
2795 2242 2997 2312 junctae
3030 2249 3162 2298 sunt
3190 2258 3409 2313 preces,
3440 2253 3494 2298 et
3529 2244 3636 2298 Eco

2049 2332 2342 2388 clesiarum
2398 2331 2622 2386 utilitati
2672 2333 2958 2402 prospexit
3011 2332 3206 2387 harum
3271 2333 3633 2403 gubernator.

2047 2423 2297 2494 Cumque
2325 2423 2641 2480 advenisset
2665 2423 2786 2480 dies
2815 2423 3168 2484 Dominicus.
3203 2439 3314 2495 quo
3339 2423 3431 2479 die
3462 2423 3634 2495 pleri-

2046 2529 2156 2587 que
2197 2526 2480 2586 receptum
2522 2516 2752 2585 impium
2789 2515 2860 2572 iri
2896 2517 3218 2588 sperabant,
3251 2524 3305 2572 et
3340 2517 3542 2572 divinae
3565 2515 3636 2572 lio

2050 2608 2246 2679 turgiae
2269 2616 2490 2678 tempus
2529 2608 2775 2676 adesset,
2808 2616 3315 2679 exspectarentque
3354 2623 3548 2664 omnes
3576 2615 3638 2662 ut

2048 2700 2338 2756 inimicum
2375 2700 2469 2756 Dei
2515 2703 2678 2758 venia
2733 2703 2998 2758 donatum
3049 2701 3341 2768 viderent,
3385 2700 3634 2756 divinum

2049 2808 2284 2864 prorsus
2323 2809 2389 2848 ac
2443 2793 2785 2865 stupendum
2840 2795 3049 2850 accidit
3097 2794 3450 2849 miraculum.
3498 2790 3634 2846 Nam

2048 2899 2176 2940 cum
2236 2886 2292 2940 in
2353 2885 2574 2955 spurcis
2631 2884 3045 2956 fetentibusque
3094 2884 3233 2940 locis
3282 2883 3489 2954 impius
3548 2882 3638 2937 ille

2048 2977 2398 3049 inexplebilis
2426 2977 2568 3048 gulae
2593 2984 2947 3033 excrementa
2976 2982 3247 3046 egereret,
3279 2989 3403 3029 cum
3429 2972 3519 3027 his
3552 2973 3635 3026 in-

2047 3071 2254 3126 testina
2287 3069 2454 3126 etiam
2493 3068 2699 3139 quibus
2739 3067 3178 3124 continebantur
3229 3066 3448 3138 1116
3473 3079 3634 3136 eges-

352 3189 539 3243 μενον,
564 3166 868 3240 τηνικαῦτα
900 3165 1112 3234 γίνεται
1139 3163 1284 3217 θεῖον
1314 3162 1486 3227 ὅντως
1515 3163 1610 3217 καὶ
1636 3160 1942 3233 παράδοξον

2051 3163 2145 3231 sit,
2182 3163 2495 3232 solutisque
2527 3163 2634 3218 hoc
2665 3161 2835 3216 modo
2868 3160 3212 3224 visceribus,
3235 3168 3290 3214 et
3314 3175 3439 3214 eum
3489 3167 3634 3214 ster-

350 3264 562 3335 θαῦμα.
599 3261 690 3314 Ἑν
738 3258 1048 3330 βδελυκτοίς
1075 3255 1185 3327 γὰρ
1217 3254 1312 3309 κα)⁵
1354 3254 1619 3309 δυσώδεσι
1663 3255 1884 3326 χωρίοις
1912 3252 1941 3304 ὁ

2053 3271 2182 3311 core
2216 3254 2431 3319 ell‘usis,
2469 3256 2488 3276 ‘
2517 3253 2763 3309 concidit
2809 3261 3034 3323 repente
3069 3250 3288 3315 infelix,
3327 3257 3382 3306 et
3427 3251 3638 3320 turpis-

349 3356 613 3424 ἀλάστωρ
640 3353 850 3414 ἐκεῖνος
888 3348 990 3419 τῆς
1020 3347 1302 3418 ἀπλήστου
1348 3346 1558 3419 τροφῆς
1585 3346 1858 3418 ὲκκρίνων
1878 3345 1947 3399 τά

348 3445 766 3520 περιττώματα,
802 3442 898 3496 καὶ
924 3440 995 3494 τὰ
1018 3439 1226 3493 τούτων
1264 3437 1405 3508 μετὰ
1433 3441 1644 3492 τούτων
1698 3439 1945 3509 ἑξέκρινε

346 3542 551 3613 δοχεία.
613 3537 769 3594 Οὕτω
797 3537 852 3590 δὲ
884 3535 992 3588 τῶν
1023 3534 1319 3603 σπλάγχων
1345 3532 1512 3587 αὑτοῦ
1544 3531 1935 3597 διαλυθέντων,

347 3637 446 3688 καὶ
476 3635 574 3688 σὺν
602 3635 670 3704 τῇ
701 3630 896 3700 κόπρῳ
925 3627 1347 3700 κεχωρηκότων,
1369 3624 1628 3690 ἐξέπεσεν
1654 3626 1684 3677 6
1710 3623 1945 3688 δείλαιος

349 3729 726 3800 παραχρῆμα,
785 3723 1015 3777 καὶτὸν
1067 3723 1348 3791 αἴσχιστον
1414 3721 1622 3773 ἐκεῖνον
1683 3717 1945 3788 ὑπέμεινε

349 3821 602 3882 θάνατον,
627 3819 725 3889 τῆς
748 3815 1018 3878 δυσώδους
1043 3811 1208 3867 αὐτοῦ
1229 3809 1583 3882 βλασφημίας
1605 3811 1662 3862 ὲν
1683 3807 1944 3866 δυσώδεσι

350 3913 574 3985 χωρίοις
614 3908 971 3980 εἰσπραχθεὶς
1009 3907 1110 3970 τὰς
1158 3903 1411 3970 εὐθύνας,
1454 3902 1550 3956 καὶ
1582 3900 1671 3956 διά
1703 3901 1804 3970 τῆς
1844 3901 1946 3953 Ἰα-

348 4005 532 4060 κώϐου
553 4003 647 4056 τοῦ
682 4001 918 4072 μεγάλου
947 3997 1197 4067 γλώττης
1231 3993 1530 4064 δεξάμενος
1569 3991 1670 4061 τὴν
1702 3990 1940 4060 σφαγήν.

351 4095 635 4166 θαυμάζει
683 4093 783 4164 μὲν
823 4085 972 4161 οὗνὴ
1003 4087 1124 4142 θεία
1162 4084 1356 4158 Γραφὴ
1386 4085 1572 4147 Φινεὲς
1612 4081 1702 4138 τὸν
1747 4081 1902 4154 ἱερέα
1926 4121 1942 4148 ,

355 4189 446 4242 καὶ
469 4189 696 4250 εἰκότως
749 4181 1041 4253 θαυμάζει,
1073 4181 1153 4233 ὅτι
1182 4179 1273 4232 τὸν
1304 4176 1526 4248 ὀλέθρου
1579 4174 1694 4246 λαῷ
1723 4175 1946 4246 γινόμε-

355 4296 442 4333 νον
485 4276 746 4348 πρόξενον
785 4270 1120 4342 κατέσφαξε,
1143 4271 1234 4323 τὸν
1259 4269 1489 4340 Ζαμϐρή
1513 4285 1526 4298 ·
1563 4268 1644 4322 διὸ
1673 4268 1766 4322 καὶ
1810 4267 1949 4337 ψάλ-

352 4371 462 4424 λων
491 4370 520 4421 ὁ
549 4368 821 4439 μακάριος
872 4365 1027 4433 ἔλεγε
1087 4362 1252 4416 Δαϐίδ
1287 4376 1300 4391 ’
1354 4381 1370 4414 ι
1403 4362 1574 4430 Ἐστη
1617 4360 1803 4424 Φινεὲς
1853 4360 1948 4414 καὶ

349 4462 658 4528 ὲξιλάσατο,
715 4457 810 4512 καὶ
856 4456 1191 4524 ἐκόπασενή
1232 4453 1496 4524 θραῦσις’
1533 4453 1629 4506 καλ⁴
1679 4451 1938 4523 ἐλογίσθη

2050 3346 2250 3402 simam
2283 3345 2436 3400 illam
2475 3352 2710 3399 mortem
2742 3343 2906 3408 obiit,
2944 3341 3326 3414 graveolentis
3372 3339 3638 3410 blasphe-

2051 3441 2175 3495 miae
2211 3454 2325 3496 sua:
2362 3439 2417 3492 in
2448 3435 2899 3508 graveolentibus
2937 3435 3075 3492 locis
3115 3449 3310 3505 poenas
3350 3433 3535 3499 luens,
3586 3445 3643 3490 et

2052 3547 2152 3601 per
2190 3529 2374 3600 magni
2402 3527 2591 3585 Jacobi
2617 3529 2861 3600 linguam
2888 3527 3104 3584 letalem
3127 3528 3301 3582 ictum
3331 3526 3637 3597 excipiens.

2052 3622 2380 3677 Admiratur
2412 3635 2548 3677 sane
2595 3620 2784 3676 divina
2823 3611 3115 3689 Scriptura
3165 3619 3405 3676 Phinees
3457 3634 3640 3675 sacer-

2053 3713 2262 3779 dotem,
2295 3720 2350 3768 et
2385 3713 2512 3782 jure
2543 3711 2874 3775 admiratur,
2916 3709 3064 3780 quod
3097 3711 3319 3767 Zambri
3351 3711 3641 3782 popularis

2052 3804 2206 3858 exitii
2239 3809 2522 3858 auctorem
2560 3801 2906 3857 interfecerit
2935 3817 2950 3855 :
2985 3801 3206 3856 unde-et
3225 3801 3468 3870 psallens
3504 3800 3638 3856 bea-

2053 3903 2144 3951 tus
2179 3893 2354 3949 David
2389 3892 2570 3947 aiebat
2597 3909 2610 3946 :
2646 3910 2665 3945 ι
2693 3891 2858 3948 Stetit
2878 3892 3145 3957 Phinees,
3172 3899 3227 3949 et
3251 3893 3503 3962 placatus
3528 3903 3637 3956 est,

2051 3995 2108 4043 et
2146 3985 2386 4043 cessavit
2423 3985 2749 4057 quassatio,
2787 3995 2840 4042 et
2875 3993 3309 4058 reputatum,est
3340 3987 3420 4041 illi
3451 3987 3517 4042 ad
3547 3987 3642 4058 ju-

2050 4079 2258 4135 stitiam
2280 4123 2295 4146 ,
2333 4079 2388 4133 in
2437 4078 2855 4150 generationem
2891 4086 2949 4134 et
2983 4079 3422 4150 generationem,
3465 4094 3642 4150 usque

2052 4171 2108 4227 in
2131 4172 2392 4228 saeculum
2421 4170 2466 4226 ι.
2499 4189 2518 4222 ι
2547 4169 2751 4226 Verum
2785 4172 2876 4228 ille
2905 4171 3102 4228 bellico
3133 4189 3267 4229 usus
3292 4173 3402 4227 telo
3428 4173 3637 4243 justam

2050 4273 2108 4320 et
2145 4265 2426 4320 celebrem
2465 4264 2610 4318 illam
2653 4265 2859 4321 caedem
2898 4267 3139 4336 patravit
3170 4284 3184 4321 :
3220 4266 3352 4322 huic
3381 4282 3514 4322 vero
3539 4284 3641 4338 pro

2052 4358 2219 4413 hasta.
2239 4366 2292 4412 et
2327 4357 2512 4428 gladio
2541 4357 2727 4428 lingua
2761 4359 2899 4414 satis
2926 4357 3051 4423 fuit,
3090 4374 3214 4428 quze
3250 4359 3479 4430 impium
3516 4376 3641 4431 per-

2055 4452 2210 4518 emit,
2248 4466 2316 4505 ne
2352 4451 2561 4507 videret
2594 4451 2824 4520 gloriam
2862 4451 3100 4507 Domini.
3124 4453 3304 4522 Atque
3331 4453 3438 4508 hoc
3467 4470 3637 4508 unum

350 4555 503 4626 αὐτῷ
531 4555 612 4618 είς
637 4549 1010 4619 δικαιοσύνην,
1043 4551 1124 4612 είς
1151 4547 1346 4616 γενεάν
1371 4546 1466 4599 καὶ
1491 4545 1690 4614 γενεάν
1719 4543 1826 4607 ’ἐως
1844 4543 1942 4598 τοῦ

2051 4540 2300 4611 profecto
2333 4540 2624 4597 suli'ecerit
2663 4541 2729 4596 ad
2761 4543 2985 4597 Arianae
3016 4542 3320 4612 impietatis
3351 4544 3638 4599 revincen-

349 4647 566 4710 αἰῶνος.
595 4665 614 4698 ι
662 4644 800 4698 Ἀλλ’
828 4645 978 4713 ὅμως
1000 4643 1210 4702 ἐκεῖνος
1244 4639 1394 4708 ὅπλῳ
1428 4635 1710 4706 πολεμικῷ
1739 4636 1948 4708 χρησά-

354 4754 518 4808 μενος
560 4777 575 4801 ,
640 4735 740 4804 τὴν
805 4733 1021 4787 δικαίαν
1080 4731 1175 4783 καὶ
1245 4727 1684 4800 πολυθρύλλητον
1725 4727 1945 4797 ἐκείνην

351 4829 647 4901 εἰργάσατο
673 4826 890 4896 σφαγήν
913 4839 927 4856 ο
965 4822 1142 4892 τούτῳ
1175 4821 1230 4873 δὲ
1281 4821 1516 4890 ἤρκεσεν
1547 4819 1668 4874 ἀντὶ
1719 4819 1947 4890 δόρατος

353 4921 452 4974 καὶ
480 4920 665 4988 ξίφους
700 4919 734 4988 ἡ
763 4916 1001 4985 γλῶττα,
1044 4913 1142 4967 καὶ
1167 4910 1346 4966 ἀνεῖλε
1375 4911 1468 4964 τὸν
1499 4910 1696 4981 ἀσεϐῆ,
1743 4911 1833 4966 ἵνα
1864 4911 1939 4984 μὴ

355 5010 442 5080 ἴδη
482 5009 580 5080 τὴν
614 5005 774 5072 δόξαν
807 5004 1042 5074 Κυρίου.
1079 5000 1322 5072 Ἀπόχρη
1355 4999 1412 5052 δὲ
1463 4998 1623 5053 τοῦτο
1649 5001 1809 5070 μόνον
1837 5001 1945 5056 τῶν

352 5099 457 5168 τῆς
495 5097 708 5170 Ἀρείου
743 5094 1071 5156 δυσσεϐείας
1131 5091 1486 5163 κληρονόμων
1523 5091 1796 5160 διελέγξαι
1845 5093 1946 5164 τὴν

353 5191 561 5247 ἄνοιαν.
619 5189 688 5243 ’ον
723 5190 831 5260 γὰρ
868 5185 1123 5248 τοσοῦτος
1168 5184 1333 5255 ἀνὴρ,
1373 5183 1482 5238 τῶν
1517 5183 1617 5254 μὲν
1663 5184 1756 5254 ὑφ’
1789 5186 1946 5256 ήμῶν

355 5280 806 5354 πρεσϐευομένων
838 5279 1129 5350 δογμάτων
1160 5275 1338 5348 κήρυξ
1373 5272 1441 5347 ἦν
1468 5277 1564 5329 καὶ
1603 5278 1904 5349 συνήγορος
1929 5295 1944 5310 ⁸

353 5373 501 5427 οὕτω
525 5372 581 5426 δὲ
612 5370 809 5442 κομιδῇ
859 5369 960 5440 τὴν
1011 5365 1224 5420 τούτων
1268 5362 1524 5419 ἀσέϐειαν
1574 5365 1946 5434 ἐϐδελύττετο,

354 5466 439 5520 ὃτι
477 5464 697 5518 καὶτὸν
745 5462 918 5532 αὐτῆς
968 5459 1180 5530 πατέρα
1219 5457 1634 5529 κατηκόντισεν,
1676 5459 1826 5532 ὅπλῳ
1873 5465 1940 5533 τῇ

354 5560 411 5630 γλ
427 5559 575 5630 ώττῃ
595 5551 988 5628 χρησάμενος.]
1017 5549 1239 5621 Ἐπειδὴ
1262 5549 1324 5602 δὲ
1349 5551 1369 5581 ⁸
1401 5551 1428 5603 ὁ
1455 5549 1715 5620 σύλλογος
1733 5554 1762 5606 ὀ
1793 5553 1938 5625 ἱερὸς

427 5700 837 5763 tPsal.t.xt.V.
915 5697 1110 5754 llPsal.
1159 5713 1308 5760 thv,
1340 5697 1442 5752 29..

1525 5696 1544 5736 ι
1583 5696 1727 5754 Psa-l.
1758 5716 1845 5768 cv,
1882 5702 1972 5758 50.

2051 4632 2178 4687 dam
2220 4633 2516 4698 insaniam,
2545 4632 2690 4704 quod
2722 4634 2811 4689 hic
2841 4642 3033 4690 tantus
3055 4635 3143 4689 vir
3173 4635 3639 4707 dogmatumqua:

2051 4740 2081 4779 a
2115 4725 2279 4781 nobis
2316 4727 2678 4782 celebrantur
2709 4741 2896 4797 praeco
2926 4727 3096 4782 fuerit
3129 4735 3184 4782 et
3223 4727 3505 4793 defensor,
3557 4729 3638 4784 is-

2051 4822 2234 4871 torum
2265 4825 2451 4872 autem
2485 4817 2828 4889 impietatem
2859 4819 2942 4874 sic
2973 4817 3288 4876 detestatus
3319 4820 3414 4885 sit,
3441 4821 3638 4890 utejus

2048 4918 2336 4981 parentem
2375 4911 2576 4981 linguae
2615 4925 2733 4967 suae
2759 4927 3035 4969 mucrone
3062 4913 3442 4987 eonfoderit.]
3474 4912 3641 4968 Post-

2056 5016 2220 5072 quam
2245 5010 2429 5058 autem
2460 5003 2726 5060 dimissus
2757 5003 2862 5058 fuit
2890 5019 3049 5060 sacer
3084 5006 3176 5061 ille
3219 5013 3552 5068 conventus,
3585 5016 3640 5062 et

2058 5095 2445 5167 unusquisque
2474 5097 2529 5151 in
2569 5097 2792 5153 domum
2823 5112 2980 5154 suam
3014 5107 3101 5154 est
3148 5113 3428 5163 reversus,
3473 5099 3642 5154 rediit

2058 5185 2148 5241 hic
2201 5201 2446 5257 quoque,
2507 5187 2660 5241 velut
2707 5195 2973 5244 strenuus
3026 5188 3211 5243 victor
3244 5189 3534 5245 exsultans
3568 5189 3644 5247 ob

2054 5288 2261 5350 tropaea
2302 5278 2546 5350 pietatis.
2573 5279 2917 5335 Procedente
2946 5295 3076 5336 vero
3108 5287 3376 5352 tempore,
3405 5296 3642 5353 magnus

2055 5373 2150 5429 ille
2190 5373 2661 5442 admirandusque
2686 5362 2988 5442 imperator
3029 5387 3155 5428 cum
3197 5375 3425 5430 coronis
3464 5377 3642 5446 pieta-

2055 5467 2127 5521 tis
2156 5468 2400 5523 excessit
2438 5482 2468 5521 e
2493 5467 2628 5531 vita,
2653 5466 2919 5537 orbisque
2957 5473 3232 5522 terrarum
3265 5467 3497 5540 imperio
3520 5471 3642 5539 ejus

2055 5558 2154 5614 lilii
2189 5574 2530 5616 successere.
2584 5558 2742 5615 Tune
2782 5574 2874 5616 rex
2928 5557 3250 5626 Persarum,
3295 5562 3386 5616 cui
3442 5579 3638 5617 nomen

1714 5815 1950 5872 VARI/l5
1989 5814 2402 5875 LECTIONES.

436 5913 458 5947 ³
502 5914 696 5969 Eadem
726 5923 912 5968 narrat
943 5911 1136 5970 Noster
1160 5912 1302 5968 Hist.
1345 5912 1471 5966 εει-ί.
1509 5927 1568 5978 ιι,
1603 5911 1691 5966 26.
