4030 6408
428 357 566 445 me;

1412 372 1904 438 THEODORETI
1940 372 2291 437 EPISCOPI.
2320 377 2705 440 CYRENSIS.

3546 377 3700 444 ισοιτ

428 496 689 569 Sapores,
729 464 946 568 1117
1000 490 1104 546 bos
1155 498 1214 546 ut
1269 488 1444 561 patris
1502 489 1716 547 viribus
1762 490 1999 561 impares

2107 490 2349 563 διελύθη,
2382 492 2478 548 καὶ
2506 493 2607 562 τὴν
2627 488 2836 545 οίκείαν
2864 487 3054 543 ὀίκίαν
3083 487 3386 547 κατέλαϐεν
3429 488 3690 559 ἕκαστος,

427 599 814 651 contemnens,
852 586 1120 641 adversus
1148 581 1382 638 Nisibim
1416 598 1543 639 cum
1592 582 1809 653 magnis
1856 580 2007 651 equi-

426 690 546 737 tum
575 690 632 736 et
658 679 902 751 peditum
946 675 1123 746 copiis
1154 673 1358 729 bellum
1391 675 1563 729 movit
1591 690 1605 727 :
1635 673 1795 731 duxit
1818 680 2019 727 autem.

426 769 751 841 el’ephantos
794 780 1017 838 quoque
1060 762 1524 835 quamplurimas.
1577 763 1881 833 Divisoque
1933 758 2004 814 ad

427 862 777 918 obsidionem
810 858 1083 933 exercitu,
1122 856 1313 911 urbem
1342 855 1754 922 circumcinxit,
1800 863 1857 909 et
1887 866 2004 908 ma-

425 954 619 1006 chinas
646 947 942 1013 exstruxit,
985 952 1039 1000 et
1065 945 1482 1016 propugnacula
1515 944 1827 1009 aedificavit,
1880 942 1996 996 val-

424 1045 616 1112 losque
647 1040 819 1110 ﬁgens
839 1079 854 1103 ,
880 1045 937 1093 et
986 1035 1312 1092 intermedia
1361 1035 1531 1091 ramis
1564 1036 1804 1090 cratium
1845 1047 2003 1088 more

424 1143 744 1195 contexens,
794 1129 1005 1192 milites
1055 1136 1258 1183 terram
1310 1140 1577 1199 aggerere
1614 1126 1895 1196 praecepit,
1947 1132 2003 1179 et

424 1237 610 1280 turres
658 1230 853 1279 contra
895 1230 1078 1277 turres
1120 1219 1385 1277 excitare.
1428 1218 1638 1274 Deinde
1686 1218 1743 1273 in
1783 1219 1869 1273 eis
1905 1232 1999 1273 sa-

422 1315 675 1385 gittarios
732 1313 1049 1379 collocans,
1094 1320 1149 1367 et
1188 1310 1299 1367 tela
1347 1309 1401 1365 in
1443 1325 1540 1365 eos
1587 1310 1681 1380 qui
1731 1309 1784 1364 in
1824 1309 2000 1365 muris

422 1413 586 1460 erant
614 1403 834 1459 mittere
854 1402 1075 1472 iubens,
1099 1401 1239 1456 alios
1267 1399 1505 1456 inferius
1540 1398 1749 1464 fodere,
1777 1415 1999 1456 muros-

423 1513 533 1569 que
584 1496 850 1553 subruere
887 1493 1201 1565 imperavit.
1233 1492 1335 1547 Ubi
1390 1506 1524 1547 vero
1573 1492 1728 1547 irrita
1772 1506 2001 1546 evasere

422 1590 643 1651 omnia,
689 1587 869 1642 sancti
918 1586 1022 1640 viri
1061 1584 1327 1657 precibus
1373 1582 1725 1648 disturbata,
1777 1582 1999 1638 tandem

424 1680 870 1753 praeterlabentia
916 1677 1069 1733 ﬂuvii
1099 1692 1348 1743 cursum,
1378 1677 1683 1731 multorum
1711 1675 2003 1729 hominum

422 1789 593 1847 opera
624 1774 907 1836 inhibens,
938 1786 1062 1826 cum
1100 1784 1372 1841 repressae
1397 1768 1674 1840 Oppositi;
1705 1767 1997 1837 aggeribus

422 1882 581 1938 aquae
605 1867 710 1921 vim
746 1864 1040 1919 maximam
1069 1862 1404 1933 collegisset,
1433 1869 1663 1932 repente
1691 1862 1746 1914 in
1776 1876 1998 1916 murum
2032 1847 2080 1908 Β

422 1963 443 1983 ⁶
472 1975 574 2015 ceu
614 1955 1157 2013 vehementissimam
1198 1953 1495 2024 quamdam
1540 1953 1851 2008 machinam
1897 1954 2003 2007 im-

419 2052 578 2108 misit
605 2070 618 2106 :
650 2049 745 2121 qui
772 2049 883 2103 vim
910 2062 1069 2119 aqua:
1100 2045 1251 2103 ferre
1293 2062 1402 2103 non
1442 2046 1664 2112 valens,
1712 2046 1835 2117 eius
1896 2046 2002 2099 im-

422 2154 554 2216 petu
585 2157 891 2199 concussus
917 2141 1007 2195 illa
1042 2141 1097 2195 in
1128 2146 1281 2210 parte
1304 2138 1557 2196 funditus
1588 2140 1826 2195 corruit.
1858 2136 2000 2194 Tum

419 2234 503 2290 illi
534 2248 792 2305 magnum
851 2232 1146 2287 clamorem
1216 2230 1589 2295 sustulerunt,
1641 2230 1803 2301 quasi
1867 2228 2002 2285 urbs

420 2332 586 2396 captu
627 2324 803 2380 facilis
846 2323 959 2395 jam
1011 2332 1160 2381 esset
1190 2325 1480 2398 (magnum
1534 2327 1739 2397 quippe
1791 2326 2000 2382 civium

420 2429 638 2468 murum
672 2413 1044 2485 ignorabant);
1097 2414 1365 2471 distulere
1389 2423 1573 2470 tamen
1607 2416 1997 2486 irruptionem,

419 2504 574 2575 quod
600 2504 854 2560 viderent
881 2504 1074 2560 urbem
1109 2514 1239 2561 tunc
1268 2507 1408 2561 adiri
1437 2511 1663 2576 propter
1685 2521 1859 2576 aquas
1888 2521 1998 2561 non

419 2610 605 2665 posse.
643 2593 834 2665 Itaque
864 2595 1089 2666 longius
1114 2595 1477 2661 recedentes,
1528 2595 1690 2666 quasi
1729 2610 1758 2648 a
1810 2596 2001 2649 labore

417 2687 781 2756 respirarent,
816 2693 874 2743 et
907 2688 1271 2759 quiescebant
1320 2686 1453 2757 ipsi,
1506 2695 1562 2742 et
1605 2700 1779 2758 equos
1831 2700 1999 2740 cura-

418 2774 573 2829 bant.
607 2775 806 2831 lncolae
840 2786 1026 2832 autem
1054 2775 1407 2833 ardentiores
1435 2776 1490 2830 in
1523 2790 1714 2846 preces
1740 2776 1999 2830 conversi

421 2871 575 2931 sunt,
615 2880 873 2937 magnum
907 2865 1176 2923 Iacobum
1221 2868 1652 2923 intercessorem
1703 2865 1997 2922 habentes.

416 2962 492 3015 At
524 2960 620 3031 qni
650 2968 810 3015 aetate
845 2959 1029 3015 adhuc
1061 2960 1341 3032 vigebant,
1369 2973 1536 3030 quam
1569 2958 1810 3014 maxima
1841 2966 2001 3027 pote-

414 3059 543 3104 rant
567 3050 929 3107 contentione
951 3064 1142 3106 muros
1170 3051 1580 3115 instaurarunt,
1608 3064 1712 3105 nec
1742 3048 1997 3120 pulchri-

414 3144 651 3207 tudinis,
689 3158 790 3198 nec
818 3144 1217 3199 concinnitatis
1242 3143 1516 3198 rationem
1555 3143 1847 3207 habentes,
1897 3142 1991 3199 sed

413 3238 601 3290 omnia
634 3243 840 3290 temere
872 3244 1294 3305 componentes,
1323 3245 1377 3290 et
1404 3237 1640 3306 lapides,
1683 3246 1737 3293 et
1765 3239 1989 3303 lateres,
2024 3201 2067 3261 ε

415 3338 474 3381 et
501 3326 769 3397 quidquid
802 3328 1189 3395 unusquisque
1219 3326 1511 3382 attulerat:
1552 3328 1771 3399 1118
1816 3344 1996 3399 eoque

417 3428 581 3473 nocte
617 3431 728 3471 una
757 3432 902 3486 opus
937 3418 1236 3486 processit,
1270 3428 1327 3473 et
1358 3420 1413 3475 in
1459 3428 1669 3476 tantam
1701 3421 1876 3476 crevit
1915 3425 1997 3476 al-

416 3510 733 3573 titudinem,
766 3516 825 3564 ut
855 3517 910 3565 et
942 3522 1125 3581 equos
1153 3510 1307 3567 aditu
1340 3512 1678 3582 prohiberet,
1731 3521 1787 3569 et
1821 3513 1995 3569 homi-

417 3615 516 3656 nes
550 3600 852 3656 ascendere
900 3601 1112 3672 absque
1157 3604 1326 3659 scalis
1373 3619 1485 3658 non
1532 3612 1785 3676 possent.
1838 3605 1995 3661 Tunc

416 3692 696 3748 hominem
726 3692 822 3749 Dei
857 3705 1018 3749 orant
1046 3711 1261 3760 omnes,
1302 3705 1360 3750 ut
1403 3697 1458 3752 in
1491 3700 1666 3753 muris
1697 3714 1758 3755 se
1802 3709 1995 3755 osten-

413 3784 528 3849 olat,
560 3791 619 3839 et
668 3786 1116 3841 exsecrationutn
1154 3787 1279 3843 telis
1312 3787 1502 3843 hostes
1542 3789 1725 3845 feriat.
1776 3789 1826 3844 ls
1859 3804 1993 3844 vero

411 3883 679 3931 exoratus
710 3875 985 3942 ascendit,
1021 3884 1078 3932 et
1120 3876 1319 3933 borum
1357 3878 1631 3933 inﬁnitam
1677 3879 1993 3935 multitudi-

414 3982 540 4022 nem
591 3967 1020 4037 contemplatus,
1070 3982 1099 4022 a
1134 3968 1245 4022 Deo
1276 3970 1456 4039 petiit,
1491 3979 1553 4024 ut
1586 3970 1901 4039 sciniphum
1937 3978 1994 4026 et

411 4058 656 4112 culicum
687 4057 891 4112 nubem
921 4057 977 4112 in
1017 4073 1116 4113 eos
1151 4059 1495 4117 immitteret.
1536 4060 1703 4127 Quod
1731 4061 1861 4116 dum
1893 4077 1993 4132 pe-

410 4155 577 4212 teret,
615 4146 762 4203 Deus
790 4148 869 4202 illi
893 4147 1234 4219 obsequens,
1269 4158 1328 4204 ut
1357 4149 1556 4222 Moysi,
1588 4153 1858 4207 continuo
1889 4153 1993 4207 im—

412 4240 589 4294 misit.
626 4237 693 4293 Et
726 4238 836 4293 viri
862 4239 1084 4307 quidem
1123 4240 1328 4296 divinis
1364 4242 1495 4296 telis
1522 4242 1991 4308 vulnerabantur,

409 4331 540 4400 equi
568 4338 750 4385 autem
786 4344 850 4384 ac
879 4330 1182 4400 elephanti,
1210 4333 1392 4402 ruptis
1420 4334 1683 4398 vinculis,
1709 4349 1836 4389 cum
1861 4348 1995 4388 acu-

412 4423 532 4477 leos
559 4422 685 4477 illos
721 4421 865 4477 ferre
898 4437 1007 4477 non
1047 4432 1295 4493 possent,
1335 4424 1446 4479 huc
1484 4434 1539 4479 et
1581 4424 1713 4481 illuc
1751 4425 1990 4495 dispersi

414 4515 760 4570 ferebantur.
802 4514 1009 4571 Videtis
1043 4516 1230 4586 itaque
1265 4532 1359 4571 rex
1396 4518 1625 4589 impius,
1657 4526 1713 4574 et
1761 4519 1990 4576 inutiles

415 4607 520 4661 sibi
557 4606 845 4661 machinas
875 4622 1071 4662 omnes
1107 4605 1303 4670 fuisse,
1341 4617 1396 4661 et
1423 4622 1581 4678 aqua:
1626 4608 1990 4679 irruptionem

414 4695 630 4750 irritam
665 4695 934 4762 evasisse,
960 4712 1121 4751 muro
1150 4711 1215 4753 ea
1245 4704 1401 4766 parte
1429 4714 1536 4767 qua
1560 4709 1852 4755 corruerat
1891 4701 1997 4756 ite-

411 4804 535 4842 rum
567 4787 836 4844 aedificato
872 4807 887 4844 :
919 4798 1084 4859 atque
1116 4804 1335 4844 omnem
1368 4801 1630 4862 praetcrea
1664 4796 1989 4859 exercitum,

410 4891 466 4936 et
501 4881 784 4937 laboribus
834 4881 1188 4946 exhaustum,
1242 4890 1296 4937 et
1343 4883 1713 4941 incommodis
1747 4887 1850 4942 sub
1902 4887 1994 4942 dio

410 4974 846 5041 conﬂictantem,
887 4982 941 5030 et
971 4973 1241 5033 divinitus
1278 4977 1522 5034 immissa
1564 4979 1721 5051 plaga
1766 4996 1993 5050 percus-

412 5083 557 5133 sum,
594 5079 717 5120 cum
748 5065 999 5120 divinum
1026 5082 1247 5138 quoque
1273 5066 1550 5124 hominem
1579 5083 1746 5139 super
1802 5081 1994 5122 muros

415 5158 788 5214 ambulantem
818 5160 1216 5230 conspicatus,
1252 5161 1638 5232 imperatorem
1674 5163 1824 5231 operi
1853 5161 1995 5217 insi-

415 5258 654 5304 stentem
693 5252 873 5321 ipsum
901 5267 1026 5309 esse
1058 5254 1426 5323 coniecisset,
1461 5256 1607 5324 quod
1644 5269 1891 5324 purpura
1940 5260 1997 5308 et

414 5343 725 5398 diademate
755 5344 973 5400 cinctus
1005 5322 1323 5416 appareret,
1358 5322 1678 5417 indignatus
1699 5352 1787 5400 est
1813 5322 1866 5398 in
1892 5360 1991 5401 eos

414 5435 509 5502 qui
544 5449 669 5487 eum
704 5434 1059 5505 deceperant,
1106 5438 1633 5508 expeditionemque
1675 5446 1991 5501 suaserant,

414 5531 470 5575 et
500 5523 887 5593 imperatorem
915 5526 1172 5582 dixerant
1198 5542 1306 5582 non
1335 5527 1551 5583 adesse.
1575 5529 1763 5594 Quare
1790 5528 1990 5599 capitis

416 5616 542 5672 illos
587 5616 856 5674 damnans
881 5660 896 5685 ,
953 5618 1167 5675 dimisit
1220 5622 1524 5675 exercitum
1551 5660 1567 5684 ,
1616 5628 1669 5673 et
1703 5620 1754 5673 in
1788 5622 1990 5690 regiam

418 5722 573 5762 suam
625 5725 790 5780 quam
867 5710 1136 5766 citissrme
1184 5726 1471 5781 regressus
1514 5719 1619 5767 est.
1651 5709 1826 5765 .Talia
1886 5713 1988 5769 sub

418 5795 521 5852 huc
555 5805 574 5821 '
610 5799 774 5855 etiam
802 5795 1034 5855 Ezechia
1067 5799 1397 5859 mirabiliter
1428 5805 1533 5874 egit
1567 5804 1731 5866 Deus,
1764 5819 1860 5859 nec
1884 5806 1990 5862 illis

2020 4558 2083 4615 η,

2060 4605 2067 4655 ξ
2103 4612 2281 4684 μίους.
2332 4611 2389 4665 Ὀ
2413 4611 2469 4664 δὲ
2492 4609 2739 4673 πεισθεὶς
2791 4610 2966 4679 ἀνῄει,
3017 4609 3110 4662 καὶ
3142 4608 3240 4673 τὰς
3268 4606 3469 4667 πολλὰς
3500 4605 3688 4660 αὑτῶν

2112 586 2359 655 ἐπανῆκε
2389 584 2487 638 καὶ
2522 579 2676 648 οὗτος
2725 576 2815 636 οἵά
2840 598 2926 645 τις
2961 581 3222 654 ἀριστεὺς
3248 582 3345 635 καὶ
3394 583 3693 655 νισσιφόρος

2110 680 2224 742 τοῖς
2250 677 2350 747 τῆς
2371 675 2656 739 εὐσεϐείας
2681 673 2965 746 τροπαίοις
2987 672 3459 744 ἐπαγαλλόμενος.
3476 674 3689 746 Χρόνου

2107 770 2167 825 δὲ
2216 769 2519 833 διελθόντος
2546 770 2575 822 ὁ
2604 768 2704 839 μὲν
2762 767 2940 838 μέγας
2978 767 3187 829 ἐκεῖνος
3234 765 3327 818 καὶ
3382 764 3688 835 θαυμάσιος

2111 862 2367 933 βασιλεὺς
2400 861 2542 933 μετά
2602 860 2713 913 τῶν
2764 859 2866 929 τῆς
2912 856 3192 920 εὐσεϐείας
3252 857 3531 925 στεφάνων
3576 857 3689 911 ὑπ-

2111 953 2263 1026 εξῄει
2293 954 2385 1006 τὸν
2431 951 2547 1022 βίον
2567 967 2582 983 ·
2615 952 2665 1003 οί
2694 949 2752 1004 δὲ
2793 948 3002 1003 ἐκείνου
3034 949 3221 1011 παῖδας
3243 950 3346 1019 τῆς
3363 946 3691 1019 οἰκουμένης

2108 1047 2208 1116 τὴν
2237 1044 2536 1116 ἠγεμονίαν
2571 1042 2999 1113 ἐκληρονόμουν.
3033 1039 3168 1093 Τότε
3195 1041 3225 1093 ό
3261 1038 3488 1110 Περσῶν
3534 1038 3694 1109 βασι·

2106 1139 2255 1202 λεὺς,
2284 1136 2555 1207 Σαπώρης
2580 1135 2752 1205 ϐνομα
2786 1133 2962 1202 τούτῳ
2990 1127 3079 1203 ἦν,
3122 1131 3547 1201 καταφρονήσας
3577 1129 3692 1183 τῶν

2108 1229 2337 1294 παίδων,
2386 1228 2462 1293 ὡς
2498 1229 2560 1282 οὑ
2606 1227 2675 1280 τὰ
2710 1225 2851 1280 αὑτά
2877 1223 2958 1295 τῷ
3002 1223 3173 1293 πατρὶ
3208 1222 3547 1291 δυναμένων,
3590 1223 3692 1275 ἑπ-

2108 1320 2439 1391 εστράτευσε
2459 1319 2524 1388 τῇ
2557 1316 2796 1377 Νισίϐει,
2830 1313 3161 1382 παμπόλλην
3196 1311 3295 1381 μὲν
3325 1311 3473 1379 ἄγων
3496 1310 3687 1372 ἵππον,

2108 1407 2433 1481 παμπόλλην
2465 1406 2525 1459 δὲ
2548 1403 2720 1475 πεζὴν
2744 1403 3006 1472 στρατιάν
3032 1419 3047 1433 ο
3076 1396 3189 1471 εἶχε
3222 1401 3281 1455 δὲ
3316 1400 3414 1453 καί
3454 1399 3688 1468 ἐλέφανφ

2104 1520 2204 1565 τας
2228 1501 2309 1554 ὅτι
2332 1498 2636 1560 πλείστους,
2666 1496 2776 1549 Καὶ⁵
2800 1494 3090 1557 διελὼν-ὼς
3104 1495 3181 1555 εἰς
3216 1490 3532 1562 πολιορκίαν
3585 1489 3688 1559 τὴν

2109 1592 2391 1665 στρατιὰν,
2412 1607 2478 1644 πε
2488 1589 2766 1661 ριεκάθισε
2793 1586 2998 1657 κύκλῳ,
3026 1585 3120 1640 καὶ
3140 1584 3513 1655 μηχανήματα
3539 1581 3687 1652 ἵστη,

2106 1686 2203 1740 καὶ
2240 1683 2462 1755 τύρσεις
2502 1680 2861 1752 ἀνῳκοδόμει,
2895 1679 2991 1731 καί⁵
3034 1674 3405 1747 σταυρώματα
3435 1688 3693 1742 καταπη-

2106 1777 2260 1848 γνὺς,
2282 1776 2376 1830 καλ¹
2401 1774 2471 1828 τὰ
2494 1773 2632 1845 μέσα
2647 1771 2854 1827 τούτων
2875 1769 3151 1842 φορμηδὸν
3174 1767 3558 1838 περιφράττων
3574 1767 3692 1828 τοῖς

2106 1866 2343 1932 κλάδοις,
2398 1865 2618 1919 ἐκέλευε
2669 1861 2944 1935 προσχοῦν
2993 1863 3107 1923 τοῖς
3167 1856 3549 1929 στρατιώταις,
3592 1855 3691 1909 καὶ

2107 1960 2350 2030 πύργους
2394 1956 2730 2028 ἀντεγείρειν
2755 1958 2867 2019 τοῖς
2906 1954 3163 2024 πύργοις.
3209 1949 3344 2005 Εἶτα
3397 1950 3516 2003 ἐκεῖ
3559 1948 3689 2011 τοῦς

2102 2052 2325 2115 τοξότας
2351 2047 2718 2112 ἀναϐιϐάζων,
2766 2046 2862 2100 καὶ
2884 2044 3106 2116 ἀφιέναι
3139 2041 3283 2098 κατὰ
3307 2041 3416 2097 τῶν
3456 2040 3550 2095 ἐπὶ
3591 2038 3686 2093 τοῦ

2102 2143 2316 2214 τείχους
2342 2139 2654 2212 ἑστηκότων
2677 2138 2746 2193 τὰ
2774 2137 2902 2209 βέλη
2927 2134 3190 2201 κελεύων,
3223 2134 3408 2197 ἄλλοις
3436 2131 3683 2186 κάτωθεν

2104 2238 2429 2309 ὑπορύττειν
2489 2235 2552 2287 τὸ
2601 2235 2778 2303 τεῖχος
2849 2232 3120 2285 ἐκέλευεν.
3181 2230 3272 2292 Ὧς
3317 2227 3376 2282 δὲ
3428 2228 3688 2297 ἄπρακτα

2104 2328 2281 2381 πάντα
2301 2326 2527 2394 ἐγίνετο,
2550 2327 2616 2396 τῇ
2653 2325 2747 2377 τοῦ
2780 2323 3070 2377 θεσπεσίου
3111 2320 3303 2393 ἀνδρὸς
3355 2317 3687 2387 διαλυόμενα

2104 2420 2382 2490 προσευχῇ
2413 2457 2428 2482 ,
2491 2417 2645 2479 τέλος
2700 2414 2795 2469 τοῦ
2859 2413 3270 2485 παραρρέοντος
3333 2407 3577 2479 ποταμοῦ
3622 2408 3686 2461 τὸ

2105 2511 2284 2583 ῥεῦμα
2314 2513 2380 2581 τῇ
2412 2509 2730 2579 πολυχειρίᾳ
2781 2505 3051 2570 κωλύσας,
3108 2504 3203 2558 καὶ
3247 2505 3314 2573 τῇ
3346 2499 3686 2570 ἀποτειχίσει

2102 2602 2482 2672 κεκωλυμένον
2504 2601 2598 2654 τοῦ
2622 2598 2870 2669 ποταμοῦ
2903 2599 2988 2651 ὅτι
3016 2597 3270 2651 πλεῖστον
3300 2592 3685 2663 συναθροίσας,

2101 2692 2387 2762 ἐπαφῆκεν
2409 2689 2604 2762 ἀθρόον
2630 2688 2772 2744 κατά
2804 2685 2900 2741 τοῦ
2929 2687 3165 2755 τείχους,
3195 2680 3309 2737 οἷόν
3341 2699 3448 2736 τινι
3507 2696 3689 2751 μηχαο

2101 2785 2306 2854 νήματι
2346 2781 2522 2853 τούτῳ
2591 2778 2937 2851 σφοδροτάτῳ
3002 2777 3369 2848 χρησάμενος.
3401 2774 3475 2827 Τὸ
3502 2772 3558 2825 δὲ
3583 2770 3689 2824 οὑκ

2101 2879 2298 2949 ἧνεγκε
2327 2876 2425 2946 τὴν
2452 2873 2545 2929 τοῦ
2576 2874 2764 2936 ὓδατος
2797 2872 3033 2943 ἐμϐολήν
3054 2887 3068 2902 ’
3092 2869 3227 2923 ἀλλά
3250 2870 3318 2939 τῇ
3346 2867 3496 2939 ῥύμῃ
3517 2881 3689 2918 κατα-

2102 2967 2357 3032 σεισθεὶς,
2387 2966 2558 3039 ἄρδην
2594 2965 2747 3019 ἅπαν
2781 2963 2842 3016 τὸ
2887 2962 3008 3016 κατ’
3048 2963 3225 3014 ὲκεῖνο
3252 2959 3415 3029 μέρος
3449 2955 3693 3010 κατέπε-

2101 3078 2216 3116 σεν.
2251 3061 2316 3113 Οί
2335 3059 2392 3112 δὲ
2446 3058 2588 3128 μέγα
2615 3053 2809 3118 ἐϐόων,
2840 3053 2916 3117 ὡς
2938 3052 3213 3107 εὐαλώτου
3264 3047 3557 3120 γενομένου
3585 3043 3686 3099 τοῦ

2101 3155 2316 3217 ἄστεος.
2352 3152 2427 3205 Τὸ
2466 3150 2575 3221 γὰρ
2610 3147 2753 3219 μέγα
2774 3149 2950 3217 τεῖχος
2978 3146 3088 3199 τῶν
3117 3141 3471 3196 ἐνοικούντων
3517 3138 3686 3209 ἠγνό-

2101 3260 2228 3301 ουν⁶
2278 3242 2631 3297 ἀνεϐάλλοντο
2668 3239 2725 3291 δὲ
2768 3238 2918 3307 ὅμως
2965 3235 3064 3307 τὴν
3108 3233 3438 3305 προσϐολὴν,
3480 3232 3693 3287 ἄϐατον.

2099 3336 2335 3408 δρῶντες
2390 3332 2495 3386 ὑπὸ
2550 3330 2661 3383 τῶν
2718 3330 2924 3384 ὑδάτων
2991 3327 3293 3398 γενομένην
3342 3325 3441 3396 τὴν
3500 3323 3683 3377 πόλιν.

2099 3428 2296 3498 Πόρρω
2320 3424 2496 3477 τοίνυν
2551 3422 3030 3493 ὑποχωρήσαντες,
3056 3420 3132 3483 ὼς
3162 3418 3256 3472 τοῦ
3291 3418 3456 3471 πόνου
3520 3414 3682 3486 σφίσι

2099 3516 2472 3586 λωφήσαντος,
2503 3511 2656 3566 αὐτοί
2680 3527 2742 3564 τε
2772 3509 3177 3575 διανεπαύοντο,
3208 3509 3303 3563 καὶ
3329 3507 3454 3569 τοὺς
3476 3506 3697 3568 ἵππους.

2100 3602 2451 3672 ἐθεράπευον.
2487 3600 2551 3651 Οί
2586 3598 2642 3651 δὲ
2672 3598 2771 3669 τὴν
2825 3597 2980 3651 πόλιν
3024 3598 3303 3661 οἰκοῦντες
3342 3598 3421 3659 εἰς
3448 3594 3688 3658 ἱκετείας

2101 3693 2464 3763 σφοδροτέρας
2494 3690 2810 3763 ἐτρέποντο,
2844 3689 3186 3760 πρεσϐευτὴν
3223 3689 3435 3759 ἔχοντες
3465 3688 3558 3742 τὸν
3591 3688 3699 3759 μέ-

2097 3802 2202 3854 γαν
2243 3784 2499 3838 Ἰάκωϐον
2531 3799 2545 3815 ο
2580 3783 2631 3836 oi
2655 3782 2713 3835 δὲ
2737 3784 2795 3833 ὲν
2830 3781 3021 3852 ἡλικίᾳ
3068 3780 3273 3857 πάντες
3305 3779 3683 3849 ἀνῳκοδόμουν

2100 3873 2329 3945 σπουδῇ,
2365 3873 2487 3927 οὔτε
2520 3872 2753 3936 κάλλους
2774 3869 2898 3924 οὕτε
2922 3871 3191 3943 ἁρμονίας
3223 3869 3647 3940 ἐπιμελούμενοι
3669 3885 3683 3899 ·

2098 3967 2236 4022 ἀλλὰ
2263 3967 2402 4038 πρὸς
2434 3966 2496 4019 τὸ
2522 3966 2683 4037 τυχὸν
2710 3965 2926 4019 ἅπαντα
2952 3964 3310 4032 συντιθέντες,
3344 3964 3439 4017 καὶ
3472 3963 3682 4026 λίθους,

2098 4057 2194 4119 καὶ
2219 4056 2492 4123 πλίνθους,
2539 4057 2633 4109 καὶ
2662 4056 2692 4110 ὃ
2719 4073 2769 4110 τι
2797 4058 2862 4111 ἄν
2913 4073 2999 4120 τις
3034 4054 3293 4127 ἐκόμιζε·
3336 4055 3431 4110 καὶ
3481 4056 3538 4109 ὲν
3586 4055 3692 4126 μιᾷ

2098 4150 2256 4204 νυκτὶ
2305 4146 2520 4220 προῦϐη
2551 4150 2612 4201 τὸ
2634 4148 2817 4219 ἔργον,
2847 4149 2943 4202 καὶ
2983 4147 3241 4202 τοσοῦτον
3281 4146 3471 4199 ἔλαϐεν
3526 4145 3685 4214 ἓψος,

2097 4242 2221 4296 ὅσον
2247 4241 2464 4311 ἀπόχρη
2490 4240 2825 4295 διακωλῦσαι
2857 4242 2951 4294 καὶ
2978 4240 3087 4294 τῶν
3122 4239 3305 4296 ἵππων
3327 4238 3419 4292 τὸν
3460 4238 3688 4309 δρόμον,

2098 4334 2194 4388 καὶ
2232 4334 2340 4387 τῶν
2362 4333 2573 4405 ἀνδρῶν
2603 4333 2701 4404 τὴν
2742 4335 2870 4388 ἄνευ
2910 4332 3197 4403 κλιμάκων
3244 4331 3518 4386 ἐπίϐασιν.
3548 4331 3688 4384 Τότε

2098 4428 2299 4492 πάντες
2334 4425 2637 4481 ἱκετεύουσι
2669 4424 2759 4480 τὸν
2786 4424 2882 4478 τοῦ
2924 4425 3060 4478 Θεοῦ
3108 4424 3394 4495 ἄνθρωπον
3449 4424 3690 4492 φανῆναι

2100 4519 2192 4574 ἐπὶ
2213 4517 2309 4572 τοῦ
2342 4518 2575 4588 τείχους,
2605 4517 2700 4570 καὶ
2735 4518 2897 4587 ἀραῖς
2925 4514 3322 4581 κατατοξεῦσαι
3349 4515 3476 4578 τοὺς
3520 4514 3688 4566 πολε-

2100 4703 2435 4773 Θεασάμενος
2467 4702 2753 4773 μυριάδας,
2795 4699 3037 4769 σκνιφῶν
3061 4701 3244 4763 αὑτοῖς
3287 4701 3380 4754 καὶ
3405 4698 3689 4753 κωνώπων

2097 4795 2585 4866 ὲπιπέμῴαινέςιος
2607 4795 2852 4847 ἱκέτευσε
2872 4780 2963 4846 Ῐτδν
2986 4793 3138 4847 Θεὸν.
3162 4793 3271 4847 Καὶ
3294 4794 3320 4845 δ
3349 4792 3447 4862 μὲν
3472 4791 3683 4859 ἔλεγεν,

2096 4891 2126 4944 ὁ
2154 4889 2211 4943 δὲ
2244 4888 2479 4957 ἔπεμπε,
2510 4889 2717 4957 Μωῦσῇ
2754 4885 3151 4957 παραπλησίως
3205 4884 3525 4950 πειθόμενος
3551 4900 3564 4915 '
3586 4885 3683 4938 καὶ

2048 4984 2053 4987 ’
2097 4980 2152 5033 οῖ
2187 4997 2248 5034 τε
2279 4980 2470 5048 ἀνδρες
2514 4982 2628 5042 τοῖς
2680 4978 2844 5042 θείοις
2890 4977 3389 5046 κατετιτρώσκοντο
3430 4975 3676 5045 βέλεσιν·

2096 5072 2151 5126 οἴ
2179 5089 2241 5126 τε
2266 5073 2422 5127 ἵπποι
2461 5073 2555 5125 καὶ
2583 5072 2633 5125 οἱ
2658 5071 2949 5139 ἐλέφαντες
2970 5072 3039 5124 τὰ
3070 5071 3246 5139 δεσμὰ
3288 5069 3686 5142 διαρρήξαντες

2099 5163 2461 5235 ὲδραπέτευον
2488 5162 2614 5233 τῇδε
2643 5163 2867 5217 κάκεῖσε
2896 5159 3340 5231 σκεδαννύμενοι,
3368 5161 3461 5213 καὶ
3490 5158 3682 5230 φέρειν

2098 5254 2313 5319 ὲκείνας
2331 5256 2391 5310 οὐ
2421 5255 2709 5326 δυνάμενοι
2730 5253 2829 5318 τὰς
2858 5253 3070 5316 ἀκίδας.
3114 5252 3465 5320 Θεασάμενος
3498 5249 3681 5303 τοίνυν

2095 5347 2126 5400 ό
2161 5346 2426 5419 δυσσεϐὴς
2472 5347 2723 5418 βασιλεὺς
2756 5345 2825 5398 τά
2864 5345 3233 5415 μηχανήματα
3270 5343 3449 5395 πάντα
3492 5343 3681 5411 ὄνησιν

2096 5437 2349 5507 οὐδεμίαν
2383 5436 2791 5508 παρεσχηκότα,
2827 5434 2923 5488 καὶ
2947 5432 3041 5486 τοῦ
3091 5431 3337 5497 ποταμοῦ
3371 5429 3470 5500 τὴν
3504 5447 3679 5502 προσ-

2096 5531 2260 5602 ϐολὴν
2313 5530 2571 5594 ἀνόνητον
2623 5528 3000 5599 γεγενημένην
3046 5542 3061 5557 ⁸
3112 5524 3173 5579 τὸ
3198 5525 3305 5597 γὰρ
3366 5523 3678 5577 καταπεσὸν

2095 5622 2476 5694 ἀνῳκοδόμητο
2503 5623 2717 5693 τεῖχος·
2749 5621 2843 5673 καὶ
2875 5619 2975 5692 τὴν
3006 5618 3266 5690 στρατιάν
3319 5618 3520 5682 πᾶσαν,
3582 5617 3679 5670 καὶ

2092 5718 2206 5781 τοῖς
2242 5715 2427 5780 πόνοις
2470 5712 3016 5786 ταλαιπωρουμένην,
3040 5711 3134 5763 καὶ¹
3182 5709 3469 5780 ὑπαίθριον
3508 5724 3677 5762 κακο-

2097 5807 2400 5875 παθοῦσαν,
2423 5808 2515 5862 καὶ
2547 5807 2651 5862 ὑπὸ
2686 5805 2784 5874 τῆς
2819 5804 3080 5872 θεηλάτου
3116 5802 3483 5876 ἐλαυνομένην
3539 5800 3676 5871 πλη·-
