4030 6408
270 397 420 465 1303

1511 400 1926 467 RELIGIDSA
1945 403 2327 468 HISTORIA.

3418 407 3569 474 1306-

264 515 379 585 γῆς
396 529 412 546 ο
442 510 568 568 ίδὼν
590 512 649 567 ει
680 513 776 567 καὶ
794 509 887 567 τὸν
911 510 1056 566 θετον
1086 511 1376 585 ἄνθρωπον
1400 513 1496 569 ἰπὶ
1520 516 1617 571 τοῦ
1652 516 1857 588 τείχους

1971 516 2208 583 minora,
2227 516 2325 573 sed
2350 514 2564 586 majora
2585 529 2711 571 meo
2726 514 2953 587 quidem
2973 515 3207 588 judicio.
3228 517 3385 586 Quod
3407 525 3552 578 enim

268 603 586 676 βαδίζοντα,
638 604 735 658 καὶ
752 603 1001 668 τοπάσας
1056 603 1222 660 αὐτὸν
1279 604 1577 675 ἐφεστάναι
1608 605 1688 678 τῷ
1720 606 1869 678 ἔργῳ

265 698 365 753 τὸν
406 695 656 766 βασιλέα,
685 695 985 769 ἁλουργίδα
1014 695 1124 768 γὰρ
1161 698 1257 753 καὶ
1284 696 1523 770 διάδημα
1547 698 1869 771 περικείμε-

263 807 362 853 νος
385 790 618 861 ἑωρᾶτο,
648 789 949 861 ἠγανάκτει
979 790 1079 861 μὲν
1096 790 1239 846 κατά
1258 790 1369 845 τῶν
1394 791 1887 864 ἐξαπατησάντων.

265 883 372 939 καὶ
398 882 734 952 στρατεῦσαι
760 883 1091 947 πεισάντων,
1118 884 1214 937 καὶ
1237 883 1331 937 τὸν
1355 884 1579 954 βασιλέα
1617 885 1691 955 μὴ
1728 902 1870 956 παρ-

265 977 421 1029 εῖναι
450 974 762 1045 φησάντων.
802 976 1049 1030 Θανάτου
1083 974 1141 1027 δὲ
1165 975 1346 1046 ψῆφον
1376 976 1515 1030 κατά
1539 977 1744 1031 τούτων
1778 978 1868 1044 ἑξ-

268 1066 543 1135 ενεγκὼν,
567 1066 728 1120 ἔλυσε
754 1067 817 1120 τὸ
848 1067 1191 1138 στράτευμα,
1217 1069 1311 1121 καὶ
1327 1069 1396 1123 τὰ
1416 1070 1597 1124 οίκεῖα
1621 1068 1871 1140 βασίλεια

268 1159 584 1215 κατέλαϐεν
621 1159 704 1213 ὅτι
738 1159 994 1230 τάχιστα.
1056 1160 1296 1215 Τοιαῦτα
1342 1162 1439 1215 καὶ
1468 1162 1562 1216 ἐπὶ
1592 1161 1746 1217 τοῦδε
1774 1160 1868 1216 τοῦ

281 1250 536 1315 Ἐζεκίου
559 1250 1121 1323 τεθαυματούργηκεν
1141 1254 1170 1306 ό
1189 1252 1345 1316 Θεὸς,
1379 1254 1441 1306 οὐ
1478 1254 1671 1323 μείονα
1722 1254 1870 1307 ὲκεί-

266 1362 404 1412 νων,
432 1344 573 1399 ἀλλὰ
599 1345 695 1398 καὶ
728 1343 970 1415 μείζονα,
1012 1345 1089 1409 ὠς
1122 1345 1311 1415 ἔμοιγε
1334 1346 1499 1400 δοκεῖ.
1524 1346 1598 1399 Τὸ
1625 1346 1734 1417 γὰρ
1776 1347 1869 1402 καὶ

266 1437 371 1492 τοῦ
420 1438 638 1508 τείχους
684 1437 1089 1501 καταπεσόντος
1152 1439 1227 1510 μὴ
1277 1438 1480 1492 ἁλῶναι
1529 1438 1628 1508 τὴν
1688 1438 1865 1506 πόλιν,

266 1530 437 1582 ποίαν
458 1527 737 1598 θαύματος
767 1528 1078 1600 ὑπερϐολὴν
1102 1529 1419 1583 καταλείπει
1433 1548 1463 1596 ',-
1488 1529 1626 1598 Ἐγὼ
1653 1529 1709 1584 δὲ
1731 1527 1869 1600 πρὸς

270 1619 449 1690 τούτῳ
476 1620 710 1687 ,κάκεῖνο
763 1620 904 1689 ἄγαν
936 1619 1223 1692 θαυμάζω,
1262 1622 1346 1676 ὄτι
1384 1623 1478 1676 καὶ
1517 1623 1681 1692 ἀραῖς
1736 1639 1869 1694 χρη-

269 1710 533 1780 σάμενος,
562 1709 623 1762 οὐ
655 1711 933 1779 σκηπτοὺς
961 1709 1164 1781 ⁴ᾔτησεν
1188 1710 1501 1781 ἐνεχθῆναι,
1527 1712 1623 1765 καὶ
1662 1727 1868 1781 κεραυο

266 1801 419 1868 νοῦς,
458 1801 599 1873 ὅπερ
644 1801 833 1865 Ἠλίας
861 1803 889 1855 ό
922 1801 1096 1872 μέγας
1155 1803 1363 1865 ἐκεῖνος
1392 1802 1681 1872 ἐποίησεν,
1706 1802 1881 1872 ήνίκαυ

1972 609 2222 680 collapso
2256 623 2422 664 muro
2447 609 2581 665 urbs
2609 618 2770 680 capta
2795 624 2906 665 non
2934 609 3127 678 fuerit,
3148 613 3426 684 quodnam
3459 629 3559 684 po-

1972 705 2077 760 tuit
2108 704 2288 776 majus
2316 720 2443 761 esse
2471 704 2804 759 miraculum
2822 703 2982 774 “Ego
3007 720 3137 760 vero
3165 714 3431 776 praeterea
3454 707 3577 763 hoc-

1973 797 2219 853 admiror
2252 797 2470 868 1119
2515 812 2887 868 summopere,
2922 798 3092 868 quod,
3127 814 3253 854 cum
3301 815 3561 855 exsecra-

1971 889 2219 944 tionibus
2250 897 2520 952 uteretur,
2549 903 2655 943 non
2687 889 2845 958 petiit
2884 898 2946 943 ut
2978 888 3202 956 fulgura
3227 898 3282 943 et
3316 891 3575 944 fulmina

1971 980 2026 1034 in
2065 995 2163 1035 eos
2187 994 2218 1033 e
2241 979 2382 1033 ctelo
2413 980 2788 1044 mitterentur,
2830 978 2978 1048 quod
3025 994 3256 1047 magnus
3292 978 3442 1033 Elias
3484 979 3559 1034 fe-

1971 1071 2067 1137 cit,
2119 1071 2342 1141 quando
2391 1070 2457 1125 ad
2517 1070 2699 1142 ipsum
2750 1078 2988 1140 uterque
3037 1071 3579 1141 quinquagenarius.

1970 1177 2096 1218 cum
2142 1163 2409 1219 militibus
2441 1163 2579 1219 suis.
2607 1163 2779 1218 venit.
2827 1163 3128 1217 Audiverat
3178 1163 3325 1217 enim
3366 1161 3556 1217 Domi-

1969 1270 2104 1310 num
2134 1254 2342 1310 Jacobo
2370 1261 2427 1309 et
2449 1252 2673 1318 Joanni,
2721 1268 2847 1310 cum
2898 1254 3037 1309 idem
3087 1261 3353 1325 prmstare
3392 1269 3556 1309 cona-

1969 1348 2187 1406 rentur,
2231 1350 2421 1412 aperte
2455 1340 2702 1397 dixisse:
2739 1359 2759 1395 ι
2812 1340 3054 1396 Nescitis
3084 1342 3272 1412 'cujus
3321 1343 3579 1411 spiritus.

1971 1435 2094 1491 sitis
2119 1435 2197 1488 -?
2235 1453 2254 1487 ι
2291 1434 2357 1488 Ει
2388 1434 2517 1491 ideo
2550 1450 2660 1490 non
2688 1435 2846 1506 petiit
2877 1442 2939 1490 ut
2970 1443 3120 1489 terra
3173 1435 3256 1491 eis
3301 1435 3569 1491 dehisce-7

1970 1534 2077 1593 ret,
2121 1541 2223 1583 nec
2262 1528 2476 1593 rogavit
2512 1535 2572 1581 ut
2616 1527 2855 1596 phalanx
2908 1527 3035 1596 igne
3078 1532 3578 1591 consumeretur”

1970 1621 2161 1677 sed4ut
2190 1620 2261 1676 ab
2286 1620 2643 1675 animalculis
2677 1619 2787 1674 illis
2818 1618 3189 1681 sauciaretur,
3237 1618 3385 1671 unde
3415 1618 3557 1672 divi-

1968 1727 2098 1767 nam
2130 1712 2433 1782 potentiam
2464 1719 2833 1782 agnoscentes
2859 1710 3078 1765 tandem
3113 1709 3419 1781 aliquando
3443 1711 3556 1778 pie-

1972 1813 2140 1859 tatem
2189 1804 2599 1859 condiscerent.
2656 1801 2834 1856 Tanta
2882 1800 2988 1855 fuit
3040 1801 3144 1855 viri
3198 1801 3579 1873 hujusiapiud'

265 1864 582 1963 πρὸςναύτὸν
598 1864 1258 1965 πεντηκόνταρχοςέκάτε
1268 1911 1357 1966 ρος
1379 1895 1519 1963 μετά
1539 1864 1638 1964 τῆς
1658 1864 1857 1964 πεντη-

1970 1895 2144 1952 Deum
2179 1896 2399 1962 fiducia,
2436 1903 2651 1949 tantam
2680 1894 2907 1949 caelitus
2950 1900 3289 1949 consecutus
3323 1902 3410 1948 est
3429 1907 3583 1962 grae.

265 1982 500 2045 κοστύος
561 1980 810 2052 ἀφίκετο.
850 1983 1089 2035 Ἤκουσε
1149 1982 1259 2053 γάρ
1325 1982 1420 2036 τοῦ
1474 1983 1679 2055 Κυρίου
1728 1983 1864 2054 πρὸς

279 2074 540 2128 Ἰάκωϐον
569 2074 666 2128 καὶ
697 2072 952 2145 Ἰωάννην
974 2076 1102 2139 τοὺς
1132 2074 1276 2128 τοῦτ’
1315 2075 1449 2129 «ora
1495 2075 1867 2147 πειραθέντας

265 2166 496 2236 ποιῆσαι
540 2164 845 2238 διαρρήδην
904 2166 1154 2229 εἰπόντος
1186 2182 1207 2198 ο
1263 2186 1282 2219 ι
1315 2168 1431 2221 Οὐκ
1475 2168 1652 2221 οἴδατε
1704 2167 1860 2220 ποίου

266 2256 586 2328 πνεύματός
628 2259 755 2312 ὲστε
789 2275 803 2325 ;
843 2275 863 2310 ι
913 2257 1011 2311 Διά
1044 2256 1205 2310 τοῦτο
1236 2258 1296 2311 οὐ
1333 2260 1496 2328 χᾶναι
1549 2259 1733 2320 αὐτοῖς
1762 2257 1860 2327 τὴν

264 2349 371 2420 γῆν
401 2348 628 2420 ᾔτησεν,
693 2348 813 2403 οὐδὲ
861 2348 996 2420 πυρὶ
1041 2347 1414 2419 παραδοθῆναι
1462 2347 1560 2420 τὴν
1602 2348 1860 2417 φάλαγγα

264 2439 668 2509 παρεκάλεσεν,
701 2439 836 2494 ἀλλὰ
867 2443 982 2504 τοῖς
1009 2440 1272 2511 ζωῦφίοις
1301 2441 1533 2504 ἐκείνοις
1570 2458 1857 2512 κατατρω-

264 2527 450 2599 θῆναι,
476 2530 571 2583 καὶ
602 2529 698 2583 τοῦ
714 2529 851 2584 Θεοῦ
878 2531 1199 2600 διαγνόντας
1224 2530 1324 2601 τὴν
1353 2530 1583 2602 δύναμιν
1603 2532 1703 2600 ὀψέ
1728 2549 1855 2585 ποτε

265 2618 612 2690 μεταμαθεῖν
656 2619 757 2692 τὴν
808 2620 1127 2675 εὐσέϐειαν.¹
1167 2621 1452 2690 Τοσαύτην
1485 2618 1676 2692 είχενό
1714 2622 1857 2687 θεῖος

261 2702 422 2775 οὗτος
451 2710 743 2782 ἄνθρωπος
763 2713 900 2783 πρὸς
933 2713 1025 2768 τὸν
1048 2713 1180 2768 Θεὸν
1207 2715 1524 2786 παρρησίαν
1545 2732 1558 2744 ·
1581 2714 1858 2784 τοσαύτης

260 2797 474 2856 ἄνωθεν
500 2801 753 2873 ἀπήλαυε
785 2804 1030 2875 χάριτος.
1069 2803 1159 2857 Ἑν
1185 2803 1396 2869 τούτοις
1434 2804 1719 2870 διατελῶν,
1763 2806 1860 2858 καὶ

262 2891 388 2946 καθ’
437 2893 675 2965 ἑκάστην
720 2895 777 2949 ἂν
829 2898 944 2960 τοῖς
1005 2896 1172 2961 θείοις
1213 2896 1579 2968 αὐξανόμενος
1623 2898 1859 2969 ἡμέραν,

263 2985 409 3055 μετά
439 2990 544 3058 τῆς
575 2989 842 3061 μεγίστης
870 2991 1123 3055 εὐκλείας
1149 2991 1299 3046 τόνδε
1334 2992 1426 3046 τὸν
1456 2991 1570 3062 βίον
1596 2992 1857 3057 ἀπέθετο,

1970 1991 2126 2045 tiam.
2161 1989 2219 2044 In
2247 1988 2335 2045 his
2384 2002 2774 2059 perseverans,
2826 1998 2994 2057 atque
3050 1987 3106 2041 in
3145 1986 3350 2041 divinis
3388 1986 3581 2041 rebus

1973 2082 2319 2137 incrementa
2361 2081 2590 2150 capiens
2646 2079 2703 2133 in
2740 2078 2882 2143 dies,
2934 2093 3150 2135 summa
3198 2092 3323 2133 cum
3382 2076 3554 2148 gloria

1970 2175 2139 2229 vitam
2166 2173 2392 2237 clausit,
2430 2180 2484 2228 et
2523 2187 2592 2228 ex
2631 2171 2721 2227 bis
2751 2171 2892 2225 locis
2925 2168 3274 2240 demigravit.
3316 2166 3581 2237 Tempo-.

1968 2265 2048 2319 ris
2076 2270 2263 2318 autem
2294 2277 2555 2317 successu
2576 2303 2591 2327 ,
2625 2275 2752 2315 cum
2795 2259 2853 2314 in
2894 2258 3174 2331 Persicam
3222 2257 3558 2313 dominatio-

1966 2370 2093 2410 nem
2123 2356 2191 2410 ab
2213 2370 2280 2409 eo
2300 2356 2396 2425 qui
2429 2363 2565 2409 tune
2589 2353 2898 2425 imperabat
2929 2352 3130 2406 tradita
3164 2351 3298 2407 urbs
3330 2350 3550 2415 fuisset,

1966 2454 2331 2500 excesserunt
2392 2445 2592 2499 incolae
2649 2444 2922 2508 universi,
2972 2451 3028 2499 et
3097 2441 3411 2497 defensoris
3464 2441 3554 2497 sui

1965 2549 2171 2603 corpus
2195 2535 2540 2597 extulerunt.
2575 2533 2962 2604 migrationem
3013 2533 3238 2604 quidem
3289 2547 3434 2603 aegre
3481 2530 3556 2588 fe-

1965 2633 2152 2679 rentes
2186 2633 2243 2678 et
2270 2625 2542 2689 dolentes,
2579 2624 2677 2679 sed
2710 2621 2999 2677 fortissimi
3033 2621 3264 2676 victoris
3294 2621 3554 2675 virtutem

1965 2716 2236 2771 laudibus
2274 2716 2644 2771 celebrantes.
2683 2713 2794 2770 Nec
2829 2715 2978 2769 enim
3012 2714 3107 2768 illo
3155 2713 3458 2783 superstite
3496 2713 3565 2767 in

1966 2808 2329 2863 barbarorum
2388 2813 2716 2877 potestatem
2749 2806 3057 2860 venissent.
3091 2802 3189 2859 llis
3218 2805 3286 2858 de
3314 2805 3436 2858 viro
3464 2802 3555 2856 di-

1969 2900 2101 2956 vino
2129 2900 2421 2970 expositis,
2470 2899 2592 2968 ejus
2644 2898 3091 2954 benedictionem
3149 2895 3455 2967 implorans
3483 2894 3554 2950 ad

1964 2991 2127 3046 aliam
2160 2990 2539 3045 narrationem
2572 2989 2919 3059 progrediar.

261 3082 358 3136 καὶ
382 3081 485 3153 τὴν
535 3060 805 3138 ἐντεῦθεν
838 3085 1150 3157 ἀποδημίαν
1217 3060 1516 3142 ἐστείλατο.
1556 3087 1767 3158 Χρόνου
1808 3087 1865 3141 δὲ
1896 3085 2218 3150 διελθόντος,
2249 3085 2345 3138 καὶ
2372 3083 2528 3138 τοῦδε
2549 3082 2644 3138 τοῦ
2669 3081 2864 3146 ἄστεος
2930 3080 3034 3134 ὑπὸ
3082 3078 3179 3134 τοῦ
3246 3060 3571 3150 τηνικαῦτα.

259 3172 601 3245 κρατοῦντος
653 3176 721 3246 τῇ
778 3176 1025 3247 Περσικῇ
1093 3176 1344 3248 βασιλείᾳ
1414 3176 1820 3247 παραδοθέντος
1845 3216 1859 3240 ,
1932 3175 2161 3245 ἐξῄεσαν
2192 3175 2291 3245 μὲν
2317 3174 2556 3236 ἅπαντες
2586 3173 2637 3226 οί
2663 3171 2763 3242 τὴν
2821 3170 2978 3225 πόλιν
3006 3170 3306 3235 οἰκοῦντες,
3349 3167 3567 3240 ἐφερονε

256 3266 314 3319 δὲ
362 3263 463 3319 τοῦ
516 3266 803 3337 προμάχου
847 3266 909 3321 τὸ
954 3267 1137 3337 σῶμα,
1193 3268 1556 3338 ἀσχάλλοντες
1602 3269 1702 3340 μὲν
1758 3268 1854 3322 καὶ
1888 3260 2278 3339 ὀλοφυρόμενοι
2307 3264 2406 3337 τὴν
2445 3264 2749 3335 μετοικίαν,
2781 3263 2999 3336 ᾅδοντες
3055 3262 3114 3315 δὲ
3167 3262 3262 3315 τοῦ
3323 3262 3557 3334 νικηφό-

260 3376 365 3428 ρου
386 3358 658 3428 ἀριστέως
683 3359 784 3429 τὴν
819 3358 1072 3429 δύναμιν.
1104 3361 1178 3413 Οὐ
1204 3360 1313 3431 γὰρ
1334 3360 1402 3415 ἂν
1436 3363 1649 3416 ἐκείνου
1697 3361 1983 3434 περιόντος
2014 3359 2119 3414 ὑπὸ
2151 3358 2451 3432 βαρϐάροις
2481 3358 2752 3427 ἐγένοντο.
2816 3357 3003 3410 Ταῦτα
3055 3355 3187 3425 περὶ
3249 3352 3405 3410 τοῦδε
3457 3352 3577 3409 τοῦς

258 3446 408 3502 θείου
447 3445 871 3514 διεξελθὼν,νείς
898 3448 1095 3518 ἑτέραν
1138 3446 1391 3520 διήγησιν
1443 3450 1852 3523 μεταϐήσομαι,
1887 3452 1987 3520 τῆς
2014 3447 2208 3504 τούτου
2249 3448 2576 3521 μεταλαχεῑν
2606 3445 2861 3515 εὐλογίας
2896 3444 3216 3500 ἀντιϐολῶν.

757 3583 919 3638 B'.—-
956 3584 1353 3641 ιοΥΑιΑΝοΣ.
1883 3546 1944 3606 α·

338 3699 653 3762 Ἰουλιανὸς,
698 3697 758 3752 δν
792 3699 1012 3755 Σάϐϐαν
1047 3700 1068 3733 ³
1096 3699 1328 3769 ἐπίκλην
1367 3700 1416 3752 οί
1454 3697 1739 3770 ἐπιχώριοι
1770 3716 1853 3753 τι·-

253 3790 471 3862 μῶντες
494 3790 800 3860 ὠνόμαζον,
833 3790 925 3844 τὸν
950 3791 1007 3844 δὲ
1031 3790 1344 3862 πρεσϐύτην
1372 3793 1440 3862 τῇ
1464 3789 1676 3843 Ἐλλάδι
1699 3793 1851 3861 φωνῇ

250 3882 523 3953 σημαίνει
566 3880 628 3934 τὸ
673 3881 867 3953 ὄνομα,
904 3885 962 3935 ὲν
996 3884 1063 3953 τῇ
1102 3881 1268 3937 πάλαι
1301 3880 1400 3952 μὲν
1436 3879 1765 3951 Παρθυαίων
1806 3879 1851 3945 ⁵,

245 3973 349 4027 νῦν
380 3971 440 4025 δὲ
464 3972 773 4044 Ὀσροηνῶν
801 3973 1203 4046 ὀνομαζομένῃ,
1231 3973 1330 4043 τὴν
1352 3971 1661 4042 ἀσκητικὴν
1686 3972 1850 4029 καλύ-

248 4063 358 4132 ϐην
393 4062 660 4133 ἐπήξατο.
708 4064 978 4119 Διατείνει
1028 4065 1088 4119 δὲ
1134 4064 1273 4136 αὕτη
1310 4064 1446 4132 πρὸς
1477 4064 1574 4134 μὲν
1610 4062 1851 4135 ἑσπέραν

259 4152 455 4224 μέχρις
503 4154 806 4234 αὐτοῦ-τοῦ
849 4156 1099 4226 ποταμοῦ
1142 4157 1242 4226 τῆς
1288 4156 1454 4226 ὄχθης
1486 4173 1499 4187 ·
1555 4156 1850 4227 Εὐφράτης

257 4240 319 4295 δὲ
358 4241 527 4312 ὄνομα
553 4244 729 4316 τούτῳ
755 4261 770 4276 ·
791 4244 928 4317 πρὸς
956 4244 1109 4316 ἥλιον
1139 4244 1195 4298 δὲ
1234 4246 1547 4316 ἀνίσχοντα,
1583 4245 1643 4300 τὸ
1670 4247 1850 4316 τέρμα

249 4332 369 4404 ἔχει
430 4335 533 4405 τῆς
598 4335 891 4406 Ῥωμαίων
948 4338 1247 4408 ἡγεμονίας
1279 4337 1360 4408 ’ἡ
1427 4337 1538 4409 γὰρ
1586 4337 1849 4409 Ἀσσυρία

246 4426 583 4499 διαδέχεται,
621 4429 799 4501 πέρας
843 4424 978 4484 οὖσα
1010 4432 1265 4502 ἑσπέριον
1304 4431 1402 4502 τῆς
1434 4432 1712 4503 Περσικῆς
1749 4431 1847 4501 βα-

248 4517 485 4582 σιλείας,
519 4521 585 4591 ἢν
613 4519 937 4593 Ἀδιαϐηνὴν
971 4523 1021 4575 oi
1054 4521 1194 4593 μετὰ
1219 4519 1390 4575 ταῦτα
1411 4522 1720 4593 ὠνόμασαν.
1760 4522 1848 4575 Ἐν

244 4607 433 4679 τούτῳ
468 4607 547 4679 τῷ
590 4608 735 4664 ἔθνει
782 4610 975 4664 πολλαί¹
1005 4614 1104 4683 μὲν
1137 4611 1322 4678 πόλεις
1353 4613 1588 4684 μεγάλαι
1616 4612 1711 4667 καὶ
1747 4629 1846 4665 πο-

245 4699 621 4771 λυάνθρωποι,
687 4701 842 4774 χώρα
898 4702 956 4756 δὲ
1011 4704 1309 4775 παμπόλλη
1374 4704 1472 4775 μὲν
1523 4706 1855 4776 οἰκουμένη,

246 4794 551 4868 παμπόλλη
578 4795 634 4848 δὲ
659 4796 917 4868 ἀοίκητός
946 4815 1006 4851 τε
1036 4798 1130 4851 καὶ
1163 4797 1387 4869 ἔρημος.
1422 4796 1639 4869 Ταύτης
1679 4799 1844 4869 ἐσχα-

2474 3584 2538 3639 ll.
2570 3613 2641 3625 —
2668 3580 3030 3638 JULIANUS.

2030 3696 2306 3763 Julianus,
2346 3712 2510 3769 quem
2544 3695 2817 3767 indigenae
2859 3695 3124 3759 Sabbam,
3164 3693 3308 3765 quod
3342 3708 3569 3752 nomen»

1961 3809 2135 3849 senem
2168 3790 2357 3847 Graeca
2407 3791 2595 3862 lingua
2631 3789 2928 3861 signiﬁcat,
2965 3788 3197 3845 honoris
3235 3802 3405 3843 causa
3455 3802 3555 3842 co-

1958 3885 2379 3956 gnominabant,
2406 3881 2462 3937 in
2506 3882 2757 3952 regione,
2791 3896 2915 3952 quae
2941 3880 3070 3936 olim
3096 3879 3506 3951 Parthymorum
3531 3919 3550 3944 ,

1962 3977 2180 4046 1120
2202 3990 2348 4030 nunc
2384 3976 2763 4031 Osroenorum
2797 3973 3026 4037 dicitur,
3057 3975 3427 4027 monasticum
3459 3978 3549 4025 tu-

1958 4069 2179 4138 gurium
2212 4066 2426 4122 defixit.
2463 4065 2736 4136 Pertingit
2779 4071 2965 4119 autem
2999 4063 3152 4134 regio
3191 4062 3306 4127 illa,
3350 4076 3552 4118 versus
3624 4138 3627 4141 Ἴ

1957 4174 2218 4215 occasum
2284 4159 2532 4229 quidem,
2583 4158 2652 4212 ad
2686 4157 2865 4228 ripam
2917 4170 3097 4226 usque
3137 4151 3406 4217 fluminis,
3461 4152 3549 4209 cui

1958 4268 2163 4308 nomen
2199 4250 2512 4322 Euphrates
2543 4267 2557 4305 :
2591 4249 2658 4303 ad
2715 4249 2993 4303 orientem
3024 4261 3154 4301 vero
3185 4244 3381 4310 solem,
3401 4242 3553 4299 llmi-

1959 4351 2067 4398 tcm
2116 4343 2281 4397 habet
2329 4339 2571 4395 Romani
2638 4338 2892 4410 imperii;
2953 4337 3159 4406 excipit
3199 4335 3347 4392 enim
3400 4333 3551 4388 illam

1955 4434 2205 4507 Assyria,
2256 4449 2378 4503 qua?
2406 4432 2615 4488 Persici
2654 4432 2812 4502 regni
2845 4430 3216 4486 occidentalis
3249 4435 3332 4483 est
3360 4426 3552 4482 termi-

1955 4544 2084 4591 nus,
2114 4543 2277 4598 quam
2308 4525 2517 4596 posteri
2562 4524 2903 4580 Adiabenem
2939 4522 3318 4594 appellarunt.
3357 4517 3416 4574 ln
3450 4519 3569 4573 liac-

1954 4627 2117 4690 gente
2143 4620 2329 4674 multa:
2355 4621 2373 4639 ‘
2396 4616 2619 4688 quidem
2653 4625 2781 4672 sunt
2819 4614 2989 4670 urbes
3045 4627 3258 4683 magnae
3290 4619 3345 4666 et
3380 4625 3554 4681 popuo

1954 4713 2086 4768 loste
2122 4711 2414 4781 :regionis
2456 4717 2643 4765 autem
2685 4716 2873 4780 partes
2904 4706 3159 4776 plurima:
3200 4703 3401 4758 incolis
3443 4700 3554 4756 fre-

1952 4806 2205 4870 quentes,
2264 4798 2512 4868 plurimae
2556 4797 2789 4853 desertte
2815 4793 3131 4852 etineultae.
3184 4791 3267 4847 Ad
3305 4801 3550 4847 extrema

242 4884 374 4938 τιάν
427 4885 525 4956 τῆς
581 4887 789 4959 ἐρήμου
843 4886 1168 4943 καταλαϐὼν
1213 4890 1241 4942 ό
1279 4888 1421 4951 Θεῖος
1473 4881 1627 4953 οὗτος
1680 4888 1845 4960 ἀνὴρ,

1964 4888 2119 4959 hujus
2150 4888 2468 4944 solitudinis
2498 4890 2582 4944 vir
2613 4889 2704 4944 hic
2733 4888 2957 4943 divinus
2993 4902 3120 4942 cum
3176 4884 3548 4957 pervenisset,

243 4976 351 5030 atati.
392 4974 589 5048 ἄντρον
626 4979 802 5050 εὑρὼν
831 4979 899 5032 οὐ.
931 4980 1335 5052 χειροποίητον,
1367 4980 1487 5033 οὐδὲ
1517 4977 1576 5034 εὗ
1615 4981 1710 5034 καὶ
1738 4999 1843 5034 κα-

239 5065 360 5130 λῶς
392 5067 779 5141 ὀρωρυγμένον
810 5067 825 5101 ί
854 5071 989 5125 ἀλλὰ
1020 5070 1279 5144 βραχεῖάν
1313 5090 1433 5126 τινα
1457 5073 1667 5144 σκέπην
1702 5090 1846 5145 παρ-

244 5159 401 5230 ἐχειν
444 5159 751 5234 δυναμένην
802 5167 914 5231 τοῖς
945 5165 1312 5235 καταφεύγειν
1336 5165 1638 5230 ἐθέλουσιν,
1668 5166 1845 5219 ἀσπα-

1952 4995 2173 5039 antrum
2210 4992 2411 5037 nactus
2460 4997 2568 5036 non
2609 4996 2778 5037 manu
2819 4980 3054 5046 factum,
3106 4994 3286 5049 neque
3313 4978 3453 5033 bene
3483 4990 3549 5032 ac

1953 5074 2187 5147 pulchre
2227 5082 2582 5140 excavatum,
2622 5074 2719 5130 sed
2759 5073 2909 5144 quod
2943 5071 3376 5128 adventantibus
3426 5068 3547 5125 exi-

1945 5182 2113 5240 guum
2140 5174 2517 5238 tegumentum
2548 5167 2794 5237 praebere
2828 5175 3035 5237 posset,
3095 5165 3280 5220 locum
3311 5162 3550 5217 libenter

246 5253 389 5316 σίως
435 5253 620 5326 ᾤκησε
646 5256 708 5309 τὸ
735 5256 956 5329 χωρίον,
987 5257 1096 5312 τῶν
1123 5257 1333 5330 χρυσίῳ
1360 5257 1455 5311 κα)⁸
1488 5256 1719 5329 ἀργύρῳ
1744 5274 1848 5312 xa-

1974 5259 2307 5326 nbabitavit,
2346 5273 2484 5315 auro
2529 5268 2587 5315 et
2633 5269 2873 5331 argento
2917 5258 3267 5329 fulgentibus
3321 5252 3546 5326 palatiis

244 5344 697 5417 ταλᾳμπομένων
752 5348 1038 5420 βασιλείων
1081 5350 1318 5421 νομίζων
1367 5348 1840 5422 πολυτελέστερον.

258 5435 361 5490 Ἐν
380 5437 583 5510 ,τούτῳ
615 5439 825 5510 διῆγεν,
856 5440 1005 5507 ἅπαξ
1037 5442 1139 5511 τῆς
1182 5442 1476 5510 ἑϐδομάδος
1520 5441 1703 5496 σιτίων
1741 5460 1839 5513 με·

244 5527 641 5600 ταλαμϐάνων.
676 5533 852 5587 Σιτίον
884 5533 940 5587 δὲ
966 5528 1034 5605 ῆν
1065 5533 1215 5606 αύτῷ
1257 5535 1419 5604 ἄρτος
1447 5536 1474 5588 ὁ
1502 5533 1841 5605 κεγχριδίας,

330 5673 373 5703 ιι
403 5664 539 5723 Luc.
565 5683 641 5736 ιιι,

1951 5353 2490 5423 magnificentiorem
2520 5351 2873 5408 existimans.
2908 5352 2970 5407 In
2989 5352 3095 5406 hoc
3124 5350 3351 5423 degens,
3376 5347 3547 5403 semel

1948 5443 2004 5498 in
2031 5445 2371 5503 hebdomada
2396 5445 2579 5501 cibum
2599 5446 2883 5516 capiebat:
2909 5446 3071 5502 cibus
3096 5454 3277 5500 autem
3300 5451 3419 5500 erat
3446 5457 3545 5512 pa—

1947 5538 2037 5594 nis
2059 5539 2366 5608 iniliaceus,
2392 5539 2550 5612 isque
2572 5537 2950 5604 furfuraceus,
2971 5547 3024 5595 et
3045 5538 3340 5595 obsonium
3372 5537 3549 5594 sales.

1540 5765 1776 5823 VARUE
1813 5768 2216 5826 LECTIONES.

330 5850 355 5886 ³
377 5851 578 5907 mea».
615 5853 882 5912 llcrvctus
911 5864 1058 5913 recte
1084 5875 1097 5926 ;
1125 5873 1397 5929 quaquam
1424 5867 1476 5916 ct
1509 5860 1722 5927 Σάϐϐας
1757 5861 2102 5921 scribebatur
2138 5863 2282 5919 Hist.
2307 5864 2437 5920 σοιτί.
2461 5880 2544 5935 ιιι,
2588 5866 2668 5922 l9.

2786 5866 2806 5898 ⁸
2843 5866 3093 5938 Πάρθων.
3134 5861 3363 5918 llcrvet.
