4030 6412
485 370 622 437 1307

1440 372 1934 436 THEODORETI
1976 373 2322 438 EPISCOPI
2360 377 2727 442 CYRENSIS

3617 378 3760 449 I303

480 484 656 541 Polus
709 499 838 542 vero
880 486 1547 554 suavissimus,nativum
1578 502 1736 559 aqua
1757 487 2067 546 ﬂuentum:

2196 491 2268 547 ιαὶ
2310 492 2477 558 αὐτὸς
2510 493 2768 568 πιτυρίας
2797 509 2813 526 ⁸
2843 492 2974 566 δψον
3000 493 3058 550 δι
3083 495 3135 550 oi
3165 494 3296 560 ἅλες
3321 512 3337 529 ⁸
3361 493 3606 568 πόμαδὶ
3630 496 3761 567 ἠδι-

479 591 584 634 nec
615 585 807 649 potum
866 578 1017 635 hunc
1049 580 1304 636 satietate
1336 580 1691 647 metiebatur,
1730 581 1829 638 sed
1858 583 2069 652 sumpti

372 704 373 707 η
481 678 611 726 ante
649 670 756 725 cibi
799 672 1135 727 necessitate
1166 670 1480 728 definiebat.
1518 671 1743 729 Deliciae
1775 689 1942 745 porro
1967 674 2068 739 illi,

482 768 539 815 et
572 762 739 817 lautae
773 771 940 833 atque
969 764 1212 833 opiparas
1260 762 1430 834 dapes
1457 773 1635 832 erant,
1678 766 2069 823 Davidicorum

421 864 427 870 ’
484 853 822 924 hymnorum
868 853 1212 919 decantatio,
1247 866 1301 911 et
1330 856 1557 911 assidua
1588 872 1713 911 cum
1752 856 1860 913 Deo
1893 860 2071 915 collo-

483 946 644 1015 quia.
665 946 761 1001 His
797 945 1213 1015 inexplebiliter
1247 964 1373 1003 cum
1423 949 1730 1017 frueretur,
1760 952 2070 1008 satietatem

483 1051 681 1106 capere
705 1037 953 1101 nolebat,
981 1038 1078 1093 sed
1100 1054 1226 1093 cum
1260 1054 1476 1110 semper
1516 1040 1838 1111 impleretur
1859 1057 2076 1113 semper

483 1128 802 1183 clamabat:
850 1128 1068 1195 «Quam
1116 1130 1303 1186 dulcia
1359 1130 1614 1188 faucibus
1661 1133 1800 1188 meis
1855 1133 2076 1205 eloquia

481 1228 574 1275 tua
611 1222 831 1292 lsupcr
864 1223 972 1277 mel
1014 1230 1069 1278 et
1093 1222 1278 1278 favum
1301 1223 1385 1278 ori
1413 1239 1538 1279 meo
1555 1234 1606 1279 η.
1637 1242 1656 1277 ι
1686 1225 1913 1281 Beatum
1938 1241 2078 1297 quo-

482 1329 589 1383 que
619 1315 787 1369 David
814 1314 1030 1369 audivit
1055 1315 1333 1371 dicentem
1363 1334 1377 1371 :
1419 1336 1436 1368 ι
1456 1314 1675 1371 Iudicia
1712 1317 1927 1373 Domini
1948 1333 2078 1374 vera

479 1406 785 1474 iustificata
816 1408 873 1462 in
926 1408 1198 1476 idipsum,
1243 1408 1638 1465 desiderabilia
1675 1424 1846 1479 super
1876 1424 2071 1466 aurum

483 1512 540 1559 ct
598 1502 841 1572 lapidem
880 1506 1185 1573 pretiosum
1236 1503 1496 1569 multum,
1533 1509 1587 1557 et
1626 1502 1880 1557 dulciora
1914 1517 2082 1574 super

486 1596 592 1650 mel
623 1605 677 1651 et
711 1594 899 1649 favum
928 1605 968 1649 °.
997 1614 1015 1647 ι
1055 1595 1281 1650 Audivit
1308 1596 1470 1649 illum
1500 1610 1699 1651 rursus
1755 1594 2031 1651 dicentem
2063 1614 2076 1650 :

494 1704 515 1734 ο
542 1685 830 1743 Delectare
866 1686 1075 1756 1121
1132 1688 1187 1741 in
1228 1684 1488 1752 Domino,
1526 1693 1584 1741 et
1632 1686 1788 1741 dabit
1815 1687 1912 1742 tibi
1943 1687 2083 1758 peti-

486 1779 667 1834 tiones
700 1776 887 1833 cordis
917 1779 1000 1832 tui
1021 1789 1047 1828 r
1064 1797 1115 1846 μ
1138 1785 1193 1834 et
1226 1778 1428 1834 iterum
1457 1796 1471 1830 :
1508 1798 1527 1832 ι
1550 1777 1791 1835 Laetetur
1811 1794 1908 1834 cor
1930 1794 2082 1850 quae-

484 1872 729 1926 rentium
763 1868 1102 1924 Dominum!
1124 1886 1171 1935 ;›
1211 1877 1302 1926 οι;
1341 1868 1623 1924 «Laetifica
1668 1884 1765 1925 cor
1797 1849 1999 1938 meum,
2024 1880 2085 1926 ut
2117 1849 2159 1905 Β

486 1964 900 2018 timeatnomen
922 1969 1075 2016 tuum
1094 1972 1180 2027 τυ
1209 1971 1263 2017 et
1287 1978 1300 2014 :
1339 1982 1358 2014 ι
1381 1962 1608 2018 Gustate
1627 1969 1682 2016 et
1698 1961 1900 2026 videte,
1917 1978 2082 2033 quam

485 2054 767 2124 benignus
802 2054 875 2110 sit
916 2054 1220 2110 Dominus!
1248 2072 1297 2123 ;›
1332 2063 1420 2110 et:
1456 2072 1482 2106 ι
1509 2053 1699 2109 Sitivit
1752 2055 1935 2109 anima
1963 2071 2083 2110 mea

488 2145 559 2201 ad
611 2145 779 2201 Deum
816 2146 1016 2203 fortem
1041 2155 1096 2202 et
1112 2147 1295 2202 vivum
1323 2150 1410 2215 ι;ι
1446 2154 1500 2203 et
1532 2166 1546 2202 :
1597 2146 1883 2203 tAdhaesit
1903 2148 2084 2204 anima

488 2252 613 2295 mea
642 2248 766 2309 post
797 2246 851 2294 te
873 2252 921 2295 ιι.
950 2258 970 2292 ι
1011 2239 1191 2310 Atque
1217 2240 1370 2294 illius
1389 2240 1483 2311 qui
1521 2239 1640 2295 haec
1669 2238 1813 2294 dixit
1839 2254 2083 2296 amorem

490 2329 548 2383 in
577 2344 637 2385 se
678 2329 988 2385 transtulit.
1028 2329 1156 2385 Ideo
1203 2330 1354 2385 enim
1393 2345 1631 2400 magnus
1683 2328 1852 2386 David
1881 2345 2089 2386 canens

491 2419 751 2487 docebat,
771 2426 834 2475 ut
858 2420 1066 2475 amoris
1086 2420 1259 2477 divini
1285 2421 1589 2492 participes
1612 2422 1918 2491 sociosque
1945 2422 2087 2476 mul-

493 2523 583 2569 tos
598 2512 853 2569 efficeret.
875 2511 1063 2585 Neque
1080 2529 1211 2570 vero
1226 2528 1323 2584 spe
1346 2513 1518 2568 falsus
1538 2514 1748 2578 cst,sed
1767 2522 1823 2569 et
1838 2514 2090 2570 divinum

492 2604 643 2660 hunc
673 2606 877 2671 virum,
912 2616 968 2662 et
1014 2607 1153 2662 alios
1206 2605 1649 2661 innumerabiles
1681 2605 1872 2661 divino
1904 2621 2094 2662 amore

492 2698 790 2754 sauciavit.
824 2696 927 2752 Hic
954 2698 1102 2753 enim
1155 2704 1319 2750 tanto
1347 2698 1560 2751 amoris
1598 2696 1725 2766 igne
1758 2695 1867 2751 fuit
1901 2697 2095 2752 incen-

493 2802 615 2851 sus,
649 2796 709 2842 ut
734 2786 1013 2845 desiderio
1041 2787 1437 2851 inebriaretur,
1453 2794 1509 2841 et
1532 2794 1878 2841 terrenarum
1907 2802 2094 2842 rerum

494 2881 635 2937 nihil
665 2882 901 2948 videret,
937 2880 1119 2935 solum
1154 2879 1421 2935 dilectum
1477 2890 1531 2936 et
1563 2888 1733 2936 noctu
1783 2880 2088 2938 somnians.

494 2984 553 3031 et
587 2973 864 3029 meditans
897 2971 1157 3027 interdiu.

2173 600 2299 639 στον
2326 584 2388 639 τὸ
2411 585 2680 656 αὐτοφυὲς
2710 584 2822 641 τῶν
2868 585 3078 642 ὑδάτων
3102 588 3275 659 νᾶμα,
3301 584 3581 643 καὶτοῦτο
3605 587 3665 642 δὲ
3688 587 3766 643 ού

2170 676 2248 748 τῷ
2303 677 2452 750 κόρῳ
2493 678 2882 751 μετρούμενον,
2932 679 3069 734 ἀλλὰ
3107 683 3173 753 τῇ
3204 680 3368 753 χρείᾳ
3399 681 3501 752 τῆς
3543 696 3760 753 προκα-

2171 769 2537 840 ταϐληθείσης
2565 771 2771 843 τροφῆς
2797 770 3134 844 ὁριζόμενον.
3177 772 3370 845 Τρυφὴ
3402 772 3460 827 δὲ
3484 768 3555 844 ἦν
3582 770 3758 844 αὐτῷ,

2172 859 2270 914 καὶ
2318 860 2492 933 χλιδὴ,
2540 862 2635 915 καὶ
2667 860 2962 917 πανδαισία
3007 863 3347 935 παντοδαπὴ,
3379 865 3414 934 ἡ
3454 863 3551 916 τοῦ
3590 862 3768 917 Δαϐὶδ

2175 952 2441 1024 ὑμνῳδία,
2480 955 2575 1007 καὶ
2602 956 2635 1026 ἡ
2673 953 2929 1027 διηνεκὴς
2954 955 3092 1027 πρὸς
3132 955 3266 1009 Θεδν
3293 956 3507 1026 ὁμιλία.
3538 954 3768 1009 Τούτων

2175 1044 2468 1115 ἀπλήστως
2511 1045 2822 1108 ἀπολαύων,
2875 1046 3037 1116 κόρον
3076 1044 3264 1099 λαϐεῖν
3301 1046 3401 1099 οὐκ
3457 1044 3716 1098 ἐϐούλετο
3747 1060 3763 1075 ⁸

2177 1134 2293 1188 ἀλλ’
2325 1135 2413 1187 ἀεὶ
2445 1133 2544 1203 μὲν
2574 1134 2963 1206 ἐνεπίμπλατο,
2991 1135 3079 1189 ἀεὶ
3107 1135 3164 1189 δὲ
3189 1135 3341 1201 ἐϐόα,
3374 1154 3394 1188 ι
3437 1135 3523 1199 Ὠς
3554 1134 3769 1205 γλυκέα

2175 1224 2254 1295 τῷ
2306 1224 2544 1295 λάρυγγί
2580 1242 2683 1296 μου
2727 1226 2798 1279 τὰ
2823 1226 2981 1295 λόγιά
3012 1244 3107 1280 σου
3132 1228 3147 1281 l
3177 1227 3319 1298 ὑπὲρ
3356 1225 3480 1297 μέλι
3512 1226 3608 1281 καὶ
3646 1244 3760 1298 κη-

2180 1315 2295 1388 ρίον
2336 1314 2418 1385 τῷ
2469 1316 2697 1387 στόματί
2728 1335 2850 1388 μου.
2881 1319 3120 1372 Ἤκουσε
3166 1318 3224 1373 δὲ
3257 1318 3423 1373 πάλιν
3454 1318 3549 1372 τοῦ
3588 1335 3771 1390 μακα-

2182 1407 2299 1480 ρίου
2331 1407 2495 1461 Δαϐἰδ
2522 1407 2771 1477 λέγοντος
2790 1424 2804 1438 ⁸
2837 1427 2857 1460 ι
2891 1409 2972 1462 Τὰ
2996 1410 3239 1481 κρίματα
3265 1408 3474 1479 Κυρίου
3512 1407 3770 1480 ἀληθινὰ,

2180 1500 2575 1571 δεδικαιωμένα
2619 1501 2714 1554 ἐπὶ
2742 1500 2801 1555 τὸ
2846 1502 2998 1568 αὐτὸ,
3031 1501 3347 1573 ἐπιθυμητὰ
3381 1500 3525 1572 ὑπὲρ
3545 1500 3773 1571 χρυσίον

2183 1592 2279 1646 καὶ
2324 1590 2470 1645 λίθον
2514 1591 2695 1662 τίμιον
2739 1591 2930 1659 πολὺν,
2978 1593 3072 1646 καὶ
3113 1593 3428 1663 γλυκύτερα
3462 1592 3609 1661 ὑπὲρ
3647 1590 3776 1662 μέλι

2183 1684 2281 1738 καὶ
2306 1682 2499 1755 κηρίον
2514 1725 2531 1744 .
2569 1703 2589 1736 ι
2619 1685 2893 1739 Ἤκουσεν
2909 1684 3074 1739 αὑτοῦ
3094 1684 3257 1739 πάλιν
3282 1685 3531 1755 λέγοντος
3560 1702 3573 1715 ⁸
3608 1704 3633 1737 ι
3657 1686 3779 1739 Ko-

2183 1775 2531 1847 τατρύφησον
2571 1774 2666 1830 τοῦ
2695 1777 2924 1847 Κυρίου,
2967 1779 3061 1831 καὶ
3110 1776 3227 1847 δῴη
3258 1793 3341 1831 σοι
3379 1776 3450 1829 τὰ
3490 1777 3779 1847 αἰτήματα

2190 1868 2293 1936 τῆς
2356 1866 2587 1938 καρδίας
2644 1883 2775 1921 σου⁸
2815 1887 2834 1920 ι
2882 1870 2979 1923 καὶ
3027 1864 3187 1932 αὖθις
3214 1906 3230 1933 ,
3268 1887 3288 1922 ι
3335 1868 3711 1942 Εὐφρανθήτω
3740 1869 3778 1940 ἠ

2195 1959 2396 2032 καρδία
2443 1958 2752 2030 ζητούντων
2777 1960 2892 2015 ’τὸν
2925 1960 3166 2032 Κύριον⁸
3201 1981 3219 2014 ι
3263 1964 3395 2025 καὶ,
3428 1981 3448 2014 ι
3488 1960 3781 2031 Εὓφρανον

2191 2052 2292 2122 τὴν
2347 2051 2579 2122 καρδίαν
2632 2069 2755 2123 μου,
2786 2052 2883 2107 τοῦ
2937 2053 3220 2123 φοϐεῖσθαι
3270 2053 3331 2108 τὺ
3372 2052 3547 2124 ὄνομά
3592 2069 3710 2107 σου.
3750 2071 3774 2107 t

2192 2146 2306 2201 Καί
2339 2162 2352 2175 ⁸
2389 2164 2415 2197 ι
2444 2147 2484 2199 Γ
2486 2145 2719 2200 εύσασθε
2754 2148 2851 2202 καὶ
2894 2148 3032 2201 ἴδετε
3061 2149 3145 2202 ὅτι
3179 2147 3417 2220 χρηστὸς
3447 2151 3476 2201 δ
3502 2147 3731 2218 Κύριος.
3751 2164 3774 2200 ι

2192 2236 2301 2291 Καί
2326 2250 2340 2265 ⁸
2379 2255 2398 2289 ι
2442 2236 2730 2309 Ἐδίψησεν
2764 2240 2798 2309 ἡ
2830 2238 2977 2310 ψυχή
3014 2257 3116 2311 μου
3137 2240 3275 2312 πρδς
3297 2240 3450 2305 Θεὸν,
3484 2242 3577 2294 τον
3617 2243 3778 2312 ἰσχυ-

2198 2326 2290 2397 ρδν
2347 2326 2441 2381 καί
2489 2327 2690 2393 ζῶντα.
2731 2347 2750 2381 ι
2795 2330 2907 2385 Καί
2938 2346 2954 2361 ⁸
2988 2349 3008 2382 ι
3059 2332 3359 2403 Ἐκολλήθη
3400 2335 3435 2403 ὴ
3489 2332 3638 2403 ψυχή
3676 2348 3781 2403 μου

2197 2418 2375 2473 ὀπίσω
2415 2436 2531 2475 σου.
2569 2439 2586 2472 ι
2623 2421 2735 2475 Καὶ
2780 2422 3083 2494 μετέθηκεν
3114 2424 3198 2487 εἰς
3234 2424 3427 2479 ἑαυτὸν
3461 2423 3558 2478 τοῦ
3601 2422 3784 2479 ταῦτα

2198 2514 2484 2585 εἰρηκότος
2529 2515 2622 2569 τὸν
2666 2515 2866 2588 ἔρωτα.
2899 2517 3103 2571 Τούτου
3131 2517 3242 2591 γὰρ
3281 2520 3443 2590 χάριν
3496 2518 3639 2573 αὐτὰ
3685 2519 3785 2572 καὶ

2196 2605 2365 2660 Δαϐἰδ
2396 2608 2425 2660 ὁ
2475 2606 2653 2678 μέγας
2687 2607 2829 2679 ᾅδων
2861 2608 3162 2676 ἐδίδασκεν,
3194 2609 3270 2674 ὡς
3313 2609 3393 2665 ἂνι
3406 2609 3636 2673 πολλοὺς
3666 2627 3784 2662 κοι-

2200 2698 2402 2760 νωνοὺς
2449 2698 2546 2753 καὶ
2591 2699 2930 2771 συνεραστὰς
2960 2700 3056 2754 τοῦ
3090 2700 3228 2755 Θεοῦ
3256 2703 3643 2773 καταστήσειε.
3671 2701 3787 2756 Καὶ

2198 2789 2259 2843 οὐ
2293 2790 2561 2863 διήμαρτε
2608 2793 2717 2864 τῆς
2741 2793 2957 2858 ἐλπίδος
2987 2810 2999 2823 ⁸
3028 2794 3166 2849 ἀλλὰ
3212 2795 3309 2849 xal
3352 2795 3544 2851 τοῦτον
3579 2795 3672 2849 τὸν
3698 2794 3789 2848 θε-

2200 2884 2424 2938 σπέσιον
2479 2884 2669 2958 ἄνδρα,
2705 2886 2802 2941 καὶ
2846 2887 3077 2961 μυρίους
3108 2888 3329 2960 ἑτέρους
3360 2889 3438 2959 τῷ
3478 2887 3609 2959 θείῳ
3653 2901 3790 2939 κατ-

2200 2972 2444 3046 έτρωσεν
2473 2974 2660 3046 ἔρωτι.
2692 2978 3092 3050 Τοσοῦτονγὰρ
3118 2970 3275 3043 οὗτος
3315 2978 3532 3044 ἐδέξατο
3561 2978 3791 3048 φίλτρου

494 3069 724 3141 πυρσὸν,
766 3068 843 3131 ὡς
883 3067 1105 3140 μεθύειν
1135 3068 1215 3140 τῷ
1268 3067 1438 3139 πόθῳ,
1474 3068 1571 3122 καί⁹
1611 3067 1779 3140 μηδὲν
1829 3068 1963 3140 όρᾷν
1991 3067 2103 3123 τῶν
2140 3070 2369 3141 γηΐνων,
2433 3072 2595 3141 μόνον
2639 3073 2697 3127 δὲ
2743 3074 2835 3128 τδν
2907 3074 3185 3147 ἐρώμενον
3228 3075 3325 3130 καὶ
3364 3076 3582 3147 νύκτωρ
3650 3074 3794 3128 ὀνει-

499 3162 774 3235 ροπολεῖν,
815 3160 910 3215 καὶ
942 3160 1061 3232 μεθ’
1097 3161 1315 3235 ἡμέραν
1349 3162 1748 3232 φαντάζεσθαι.

574 3258 730 3314 Hanc
773 3273 1045 3314 summam
1078 3258 1201 3327 ejus
1251 3258 1661 3330 philosophiam
1697 3259 1882 3326 multi,
1924 3265 2038 3313 tum
2067 3272 2091 3313 e

2276 3255 2494 3326 Ταύτην
2533 3253 2700 3309 αὑτοῦ
2765 3254 2863 3326 τὴν
2896 3255 3073 3326 ἄκραν
3104 3255 3428 3326 φιλοσοφίαν
3476 3257 3797 3331 πολλοὶ-με-

498 3351 723 3417 vicinis,
781 3357 897 3405 tum
932 3364 964 3406 e
1014 3350 1233 3422 longius
1293 3350 1530 3417 dissitis,
1580 3366 1707 3406 cum
1742 3350 2090 3406 audivissent

502 3448 523 3515 (
558 3444 703 3498 alata
725 3443 870 3498 enim
903 3440 1047 3497 fama
1074 3457 1203 3498 oras
1231 3456 1425 3499 omnes
1456 3451 1773 3513 pervaserat
1804 3442 1823 3513 )
1849 3483 1863 3506 ,
1901 3456 2100 3497 accur-

502 3536 723 3602 rebant,
759 3542 983 3590 orantes
1006 3541 1067 3589 ut
1090 3534 1362 3605 palaestrae
1394 3534 1696 3606 participes
1743 3534 1958 3601 fierent,
1994 3534 2100 3589 sub

502 3643 680 3699 eoque
710 3629 1013 3697 ‘tanquam
1061 3627 1335 3699 gymnasii
1372 3629 1641 3697 magistro
1696 3633 1751 3681 et
1797 3625 2100 3696 pmdotriba

504 3720 561 3775 in
603 3726 888 3790 posterum
920 3718 1188 3775 viverent.
1246 3717 1368 3773 Non
1405 3719 1551 3773 enim
1611 3733 1740 3774 aves
1798 3719 1931 3773 solae
1968 3734 2103 3773 can-

503 3810 676 3866 tando
702 3825 832 3866 aves
867 3817 1161 3871 venantur,
1190 3817 1456 3879 cognatas
1497 3808 1563 3864 ad
1594 3825 1653 3865 se
1681 3807 1996 3877 evocantes,
2049 3818 2104 3866 et

507 3902 775 3973 subjectis
808 3902 1020 3972 laqueis
1048 3901 1399 3971 implicantes
1438 3906 1455 3956 :‘
1498 3900 1595 3956 sed
1646 3902 1896 3957 homines
1936 3901 2100 3958 etiam

505 4003 721 4050 natura:
760 4010 875 4050 sua:
896 3995 1076 4049 socios
1102 4001 1349 4065 captant,
1374 3994 1465 4048 alii
1490 3994 1711 4065 quidem
1743 3996 1810 4049 ad
1846 3995 2101 4060 exitium,

507 4084 601 4138 alii
644 4099 773 4139 vero
793 4082 859 4137 ad
922 4084 1179 4138 salutem.
1249 4083 1366 4139 lloc
1402 4085 1565 4139 modo
1603 4086 1921 4155 congregati
1953 4084 2104 4140 brevi

507 4176 699 4233 decem
732 4174 906 4239 fuere,
940 4174 1142 4231 dehinc
1165 4174 1335 4246 duplo
1360 4176 1600 4246 ettriplo
1634 4176 1842 4246 plures,
1878 4176 2009 4230 inde
2032 4173 2105 4229 ad

507 4267 872 4322 centesimum
912 4273 1106 4336 postea
1152 4282 1444 4322 numerum
1492 4282 1813 4337 pervenere,
1862 4273 1939 4331 et,
1993 4275 2105 4320 tam

2204 3345 2532 3418 μαθηκότες,
2586 3348 2635 3399 οἰ
2706 3345 2806 3417 μὲν
2852 3348 2917 3400 ἐκ
2966 3347 3225 3413 γειτόνων
3272 3347 3591 3412 οἰκοῦντες,
3638 3351 3690 3403 οἰ
3738 3351 3795 3405 δὲ

2201 3438 2484 3511 πόρρωθεν
2514 3456 2527 3471 ⁸
2564 3440 2872 3511 ὑπόπτερος
2900 3438 3009 3511 γὰρ
3048 3442 3081 3509 ἡ
3113 3441 3269 3511 φήμη
3298 3440 3473 3494 διέθεε
3512 3442 3753 3495 πάντοσε
3779 3458 3793 3471 ·

2202 3530 2436 3600 ἔδραμον
2501 3530 2837 3594 ἱκετεύοντες
2889 3530 2990 3602 τῆς
3046 3530 3386 3603 παλαίστρας
3438 3533 3795 3605 μεταλαχεῖν,

2202 3624 2296 3678 καὶ
2352 3623 2444 3676 ὑπ’
2480 3622 2629 3694 αὐτῷ
2672 3618 2785 3675 οἷόν
2829 3639 2936 3675 τινι
2979 3624 3267 3695 γυμναστῇ
3313 3625 3408 3678 καὶ
3468 3623 3793 3700 παιδοτρίϐῃ

2202 3713 2262 3766 rb
2289 3712 2477 3766 λοιπὸν
2526 3711 2806 3782 βιοτεύειν.
2831 3711 3138 3785 Θηρεύουσι
3164 3712 3274 3784 γάρ
3302 3713 3362 3767 ού
3392 3717 3554 3784 μόνον
3582 3715 3786 3787 ὄρνιθες

2203 3804 2421 3877 δρνιθας
2447 3804 2686 3876 ᾅδοντες,
2717 3804 2964 3875 καὶπρὸς
2982 3805 3210 3868 ἑαυτοὺς
3239 3806 3367 3869 τοὺς
3392 3807 3677 3876 ὁμογενεῖς
3699 3806 3790 3858 ὲκ-

2204 3895 2546 3968 καλούμενοι,
2565 3897 2658 3949 καὶ
2678 3898 2798 3960 ταῖς
2823 3894 3237 3968 περικειμέναις
3257 3896 3678 3969 περιπείροντες
3696 3897 3799 3953 πά-

2204 4006 2329 4059 γαις
2356 4004 2371 4020 ⁸
2408 3989 2545 4042 ἀλλὰ
2569 3992 2664 4043 καὶ
2689 3988 2966 4061 ἄνθρωποι
3017 3990 3147 4057 τοὺς
3177 3991 3459 4064 ὁμοφυεῖς,
3496 3994 3545 4048 οἰ
3586 3992 3688 4063 μὲν
3716 3993 3805 4059 εἰς

2205 4081 2407 4153 λώϐην,
2426 4082 2477 4135 οἰ
2501 4081 2558 4135 δὲ
2585 4082 2667 4146 εἰς
2699 4083 2977 4155 σωτηρίαν
3005 4085 3350 4157 ἀγρεύουσιν.
3370 4084 3527 4141 Οὕτω
3545 4102 3804 4155 συναγει-

2211 4172 2429 4242 ρόμενοι
2458 4172 2589 4226 δέκα
2616 4172 2717 4243 μὲν
2743 4175 2955 4245 ταχέως
2981 4175 3248 4245 ἐγένοντο,
3272 4171 3392 4230 εἶτα
3408 4175 3681 4231 διπλάσιοι
3702 4176 3804 4232 καῖ

2206 4262 2515 4337 τριπλάσιοι
2539 4259 2661 4317 εἷτα
2688 4264 2779 4318 τὸν
2811 4266 3006 4320 ἑκατὸν
3044 4267 3370 4340 ἐπλήρωσαν
3400 4268 3656 4339 ἀριθμόν.
3685 4268 3807 4324 Καὶ

514 4357 677 4413 multi
718 4373 843 4413 cum
866 4368 1077 4425 essent,
1100 4366 1259 4414 antro
1293 4359 1387 4414 illo
1413 4359 1860 4414 continebantur.
1903 4359 1945 4411 Α
1977 4372 2091 4412 sem

2206 4354 2495 4418 τοσούτους
2515 4355 2572 4408 δὲ
2605 4357 2935 4429 γενομένους
2978 4360 3155 4412 ἐκεῖνο
3201 4361 3261 4413 τὸ
3297 4359 3495 4432 ἄντρον
3546 4360 3800 4431 ἐδέχετοο

512 4448 715 4520 quippe
749 4448 1057 4504 didicerant
1087 4465 1279 4505 curam
1299 4450 1551 4521 corporis
1574 4449 1617 4517 1
1632 4449 1791 4519 122
1807 4448 2100 4519 negligere.

513 4539 893 4597 Vescebantur
946 4552 1128 4597 autem
1176 4543 1281 4613 ipsi
1321 4556 1565 4612 quoque,
1626 4542 1773 4596 sicut
1826 4542 2104 4612 magister,

2207 4445 2409 4517 ἔμαθον
2450 4447 2559 4519 γὰρ
2601 4448 2755 4518 παρὰ
2788 4448 2885 4502 τοῦ
2920 4449 3229 4519 πρεσϐύτου
3264 4450 3366 4521 τῆς
3396 4450 3491 4506 τοῦ
3543 4451 3807 4522 σώματος

2210 4544 2534 4614 κατηγορεῖν
2560 4539 2881 4613 θεραπείας.
2917 4542 3225 4597 Ἐσιτοῠντο
3277 4542 3334 4597 δὲ
3383 4546 3478 4598 καὶ
3526 4545 3683 4599 αύτοί
3721 4544 3807 4617 τῷ

512 4632 821 4690 hordeaceo
844 4649 985 4705 pane
1017 4634 1131 4713 sale
1157 4635 1399 4689 condito.
1432 4632 1703 4690 Successu
1736 4649 1864 4689 vero
1894 4642 2091 4706 tempe

2210 4609 2533 4704 παιδοτρίϐῃ
2565 4609 2967 4704 παραπλησίως
2996 4635 3087 4688 τὸν
3136 4635 3466 4707 κεγχρυδίαν
3497 4636 3661 4707 ἄρτον
3687 4609 3805 4701 τοῖς

513 4725 594 4781 ris
621 4726 772 4779 olera
795 4735 991 4794 sponte
1016 4724 1303 4780 nascentia
1325 4724 1649 4797 colligentes
1670 4732 1723 4780 et
1756 4724 1945 4779 lictilia
1970 4740 2103 4781 vasa

515 4818 845 4888 implentes,
878 4817 1071 4871 muria
1117 4825 1385 4887 quantum
1428 4819 1565 4874 satis
1598 4826 1718 4874 erat
1775 4818 2103 4888 miscebant,

518 4908 811 4965 obsonium
845 4909 915 4964 iis
944 4906 1187 4964 futurum
1209 4910 1302 4981 qui
1334 4926 1474 4982 opus
1504 4911 1769 4967 baberent
1793 4912 2101 4970 curatione.

519 4998 659 5059 Huic
689 5011 873 5056 autem
903 5002 1114 5057 olerum
1147 5004 1335 5074 generi
1385 5005 1608 5059 humida
1660 5005 1976 5062 habitacula
2015 5006 2105 5061 in-

521 5094 660 5149 festa
703 5105 867 5151 sunt:
898 5096 1066 5150 situm
1098 5097 1244 5151 enim
1287 5096 1365 5151 illi
1387 5109 1439 5152 et
1471 5096 1814 5167 putredinem
1843 5098 2109 5152 inducere

522 5188 722 5243 solent.
745 5188 878 5255 Qure
923 5189 1075 5245 labes
1104 5189 1235 5246 huic
1265 5191 1499 5245 obsonio
1530 5205 1655 5244 cum
1692 5189 1989 5245 accidisset
2012 5189 2105 5258 (in

523 5284 743 5331 antrum
785 5279 933 5333 enim
969 5279 1176 5336 multus
1228 5279 1478 5349 undique
1511 5278 1708 5332 humor
1737 5274 2051 5344 inﬂuebat)
2088 5316 2104 5342 ,

524 5375 794 5436 rogarunt
834 5381 1020 5421 senem
1059 5369 1334 5440 discipuli,
1372 5378 1433 5424 ut
1467 5368 1572 5424 sibi
1604 5381 1827 5439 parvam
1868 5366 2105 5436 aliquam

526 5456 777 5509 cellulam
802 5465 1088 5516 exstruere
1114 5462 1325 5526 liceret,
1345 5468 1550 5532 quanta
1573 5458 1858 5532 capiendis
1890 5457 2109 5513 obsonii

529 5544 695 5616 hujus
724 5547 873 5603 vasis
903 5549 1037 5607 satis
1056 5558 1229 5611 esset.
1279 5552 1374 5609 lllc
1423 5560 1605 5608 autem
1655 5553 1833 5624 primo
1886 5551 2106 5624 quidem

601 5740 628 5806 ξι
659 5729 805 5806 Psal.
832 5745 1019 5806 cxvnr,
1052 5732 1197 5806 l03._
1251 5741 1276 5773 ο
1305 5735 1452 5791 Psal.
1478 5752 1632 5799 xvm,
1654 5734 1714 5806 ρ.
1746 5734 1831 5788 il).
1911 5745 1936 5785 ρ
1960 5733 2106 5791 Psal.
2141 5756 2329 5806 xxx”,
2362 5740 2419 5794 L

532 5803 551 5832 ⁸
587 5801 735 5858 Psal.
766 5814 959 5870 xxxun,
982 5803 1037 5858 9.
1116 5807 1137 5842 ι
1170 5804 1315 5861 Psal.
1341 5823 1446 5869 xu,
1475 5806 1526 5861 5.
1606 5805 1799 5862 uPsal.
1834 5806 2034 5869 uu,9.

2211 4723 2401 4778 ἆλασιν
2437 4724 2785 4794 ἡδυνόμενον.
2824 4725 3018 4796 Χρόνῳ
3059 4726 3116 4779 δὲ
3160 4724 3387 4799 ὕστερον
3421 4727 3518 4781 καὶ
3563 4726 3677 4782 τῶν
3701 4727 3807 4782 αύ-

2208 4814 2425 4884 τοφυῶν
2473 4815 2723 4888 λαχάνων
2765 4818 3139 4887 συλλέγοντες,
3181 4815 3302 4873 εἶτα
3350 4819 3630 4890 κεράμους
3701 4822 3809 4890 ἐμ-

2211 4905 2524 4977 φοροῦντες,
2550 4908 2646 4961 καὶ
2695 4907 2793 4978 τῆς
2839 4908 3021 4981 ἆλμης
3071 4910 3195 4964 ὅσον
3233 4909 3452 4982 ἀπόχρη
3487 4909 3805 4982 μιγνύντες,

2211 4991 2358 5067 εῐχον
2393 4994 2523 5066 ὄψον
2558 4999 2608 5050 oi
2655 4998 2954 5070 θεραπείας
2982 5001 3250 5072 δεόμενοι.
3289 5001 3477 5073 Τούτῳ
3501 5002 3560 5056 δὲ
3597 5001 3678 5074 τῷ
3706 5004 3810 5057 λασ

2213 5089 2362 5159 χάνῳ
2399 5086 2469 5140 τὰ
2512 5092 2866 5160 νενοτισμένα
2906 5090 3015 5146 τῶν
3060 5092 3380 5164 οἰκημάτων
3406 5093 3645 5164 πολέμια
3672 5111 3686 5125 ⁸
3708 5095 3806 5148 εύ-

2216 5179 2364 5251 ρῶτα
2404 5180 2515 5252 γὰρ
2568 5180 2716 5253 αὐτῷ
2763 5182 2859 5236 καὶ
2907 5184 3185 5255 σηπεδόνα
3242 5184 3488 5253 πέφυκεν
3518 5186 3792 5256 ἐμποιεῖν.

2213 5270 2418 5325 Τούτου
2471 5272 2766 5346 τοιγαροῦν
2824 5272 2920 5328 τοῦ
2970 5273 3178 5340 πάθους
3223 5274 3353 5345 περὶ
3404 5274 3523 5327 τόδε
3566 5274 3629 5327 τὸ
3667 5273 3805 5343 ὄψον

2212 5363 2582 5434 γεγενημένου
2610 5381 2625 5396 ⁸
2676 5364 2878 5437 πολλὴν
2924 5366 3033 5438 γάρ
3095 5367 3434 5438 πανταχόθεν
3494 5366 3555 5421 re
3601 5366 3804 5439 ἄντρον

2213 5456 2515 5527 εἰσεδέχετο
2552 5458 2654 5531 τὴν
2693 5459 2874 5514 νοτίδα
2903 5475 2916 5490 ⁸
2964 5460 3208 5516 ἱκέτευον
3250 5461 3343 5516 τὸν
3392 5459 3709 5535 πρεσϐύτην
3745 5460 3801 5514 οἰ

2216 5553 2500 5623 θιασῶται,
2553 5557 2794 5612 οἰκίσκον
2837 5560 2959 5616 τινὰ
2996 5559 3204 5633 βραχὺν
3257 5559 3441 5629 σφίσιν
3497 5558 3802 5628 ἐπιτρέψαι

2521 5752 2547 5794 τι
2581 5741 2728 5797 Psal.
2765 5759 2874 5809 ειν,
2930 5743 2982 5798 5.
3121 5752 3143 5781 ι’
3178 5741 3324 5797 Psal.
3368 5753 3569 5802 Lxxrv,
3606 5736 3659 5803 ι,
3708 5733 3801 5787 ll.
