4030 6454
240 442 377 507 1309

1465 449 1872 515 RELIGIOSA
1907 449 2293 514 HISTORIA.

3354 446 3507 515 131οι

236 556 555 629 δείμασθαι,
618 559 733 625 τοῖς
784 561 940 616 τοῦδε
998 563 1091 619 τοῦ
1141 566 1273 638 ὄψου
1346 569 1675 641 ἀποχρῶντα
1718 569 1846 638 ἀγυι

1949 583 2030 625 non
2060 566 2337 639 acquievit
2386 561 2684 637 petitioni:
2738 546 2965 618 tandem“
3020 574 3153 618 vero
3194 575 3509 633 persuasus

237 648 431 718 γείοις.
473 650 533 705 Ὀ
561 650 618 705 δὲ
668 654 737 709 τά
780 654 881 725 μὲν
929 657 1121 729 πρῶτα
1158 659 1260 732 τὴν
1307 661 1521 733 αἴτησιν
1560 662 1660 715 οὐκ
1701 660 1817 715 ἰδέ-

237 754 366 808 χετο
397 753 412 768 ·
436 737 533 809 ὀψὲ
566 739 622 794 δέ
652 758 782 796 ποτε
815 744 1056 810 πεισθείς
1080 764 1095 778 ο
1135 748 1399 820 ἐδιδάχθη,
1439 750 1549 820 γὰρ
1580 751 1686 804 ὑπὸ
1721 748 1815 803 τοῦ

242 829 484 899 μεγάλου
513 833 747 901 Παύλου,
775 836 851 909 μὴ
875 841 943 892 τά
967 840 1160 894 ἑαυτοῦ
1195 841 1399 912 ζητεῖν,
1433 842 1569 896 ἀλλὰ
1596 845 1706 907 τοῖς
1732 860 1821 895 τα-

241 922 456 985 πεινοῖς
504 927 912 995 συναπάγεσθαι
937 946 950 959 ·
987 930 1163 983 ἐδίδου
1195 931 1295 1001 μὲν
1341 931 1434 986 τοῦ
1460 933 1705 1003 οἰκίσκον
1752 932 1820 986 τὰ

247 1013 425 1084 μέτρα
459 1012 665 1086 βραχέα
689 1019 812 1072 τινά
848 1020 944 1074 καί⁵
974 1023 1203 1096 σμικρὰ,
1233 1024 1399 1095 ἀπῄει
1417 1024 1474 1077 δὲ
1502 1025 1695 1096 πόρρω
1724 1022 1818 1076 τοῦ

243 1102 468 1174 ἄντρου,
511 1105 608 1169 τὰς
661 1107 899 1180 συνήθας
942 1110 1021 1182 τῷ
1048 1111 1166 1183 Θεῷ
1209 1114 1512 1185 προσοίσων
1564 1112 1820 1175 ἱκετείας.

182 1230 185 1231 ν
245 1192 447 1247 Εἰώθει
475 1194 585 1266 γάρ
613 1198 951 1269 πεντήκοντα
983 1200 1083 1269 μὲν
1114 1202 1376 1267 πολλάκις
1411 1204 1678 1268 σταδίους,
1708 1203 1822 1257 ἔστι

244 1284 303 1338 δ’
321 1286 414 1338 ὅτε
447 1288 541 1340 καὶ
583 1286 664 1352 δὶς
712 1289 1004 1357 τοσούτους
1035 1291 1177 1348 κατὰ
1208 1294 1306 1365 τὴν
1334 1294 1538 1367 ἔρημον
1570 1293 1824 1365 βαδίζων,

247 1376 344 1429 καὶ
397 1376 579 1448 πάσης
608 1379 804 1434 ἑαυτὸν
841 1382 1193 1454 ἀνθρωπίνης
1242 1387 1529 1451 συνουσίας
1578 1386 1826 1458 χωρίζων

249 1467 348 1520 καί⁷
378 1468 462 1531 εἰς
492 1469 684 1523 ἑαυτὸν
722 1470 910 1540 νεύων,
951 1474 1077 1528 καθ’
1120 1476 1311 1531 ἐαυτὸν
1339 1478 1547 1549 ὁμιλεῖν
1581 1478 1658 1548 τῷ
1686 1478 1825 1550 Θεῷ,

252 1555 346 1606 καὶ
399 1555 464 1608 τὸ
515 1555 657 1611 θεῖον
708 1560 886 1613 ἐκεῖνο
931 1562 1027 1615 καὶ⁵
1079 1563 1318 1636 ἄρρητον
1364 1564 1829 1638 κατοπτρίζεσθαι

255 1645 474 1708 κάλλος.
509 1648 727 1717 Ταύτης
756 1649 1045 1722 λαϐόμενοι
1064 1656 1161 1725 τῆς
1190 1656 1387 1726 σχολῆς
1418 1657 1467 1709 οἱ
1496 1657 1595 1728 τῆς
1622 1657 1830 1712 ἐκείνου

255 1736 585 1807 κηδεμονίας
639 1741 955 1812 ἠξιωμένοι,
1012 1747 1081 1816 τῇ
1134 1747 1234 1817 μὲν
1285 1748 1443 1820 χρεία
1491 1747 1830 1819 σύμμετρον,

260 1827 485 1897 μείζονα
525 1830 583 1882 δὲ
627 1831 660 1902 ἢ
692 1834 1074 1905 ἐπετάχθησαν
1116 1837 1209 1889 τὸν
1242 1838 1482 1893 οἰκίσκον
1526 1840 1831 1912 ἐδείμαντο.

1924 660 2000 732 (a
2040 674 2238 730 magno
2269 657 2416 714 enim
2447 655 2619 712 Paulo
2646 652 2916 711 didicerat
2947 668 3060 709 non
3091 669 3189 710 sua
3230 667 3509 725 quaerere,

1924 748 2022 805 sed
2049 748 2466 803 accommodare
2508 760 2569 802 se
2601 744 2902 801 humilibus
2933 742 3002 816 ν),
3034 744 3244 799 cellulae
3279 742 3513 798 brevem.

1924 848 1981 896 et
2013 840 2268 911 exiguam
2308 853 2626 895 mensuram
2655 836 2845 904 dedit,
2883 835 3192 906 proculque
3232 835 3301 890 ab
3344 840 3512 888 antro

1926 931 2219 996 discessit,
2264 931 2456 987 solitas
2514 929 2628 985 Deo
2683 944 2876 1001 preces
2926 928 3235 983 oblaturus.
3294 925 3506 981 Solitus

1927 1023 2070 1078 enim
2087 1031 2225 1088 erat,
2277 1023 2345 1077 ad
2375 1021 2775 1094 quinquaginta
2805 1019 3085 1075 interdum
3122 1018 3326 1082 stadia,
3364 1032 3506 1071 non-

1927 1129 2208 1184 nunquam
2249 1113 2318 1169 ad
2353 1114 2518 1185 duplo
2554 1114 2714 1184 plura
2754 1128 2850 1183 per
2883 1111 3160 1167 desertum
3190 1108 3513 1172 ambulans.

1928 1214 1984 1262 et
2014 1222 2073 1262 se
2089 1206 2159 1261 ab
2191 1206 2343 1261 omni
2365 1205 2603 1260 humana
2616 1202 3014 1260 consuetudine
3034 1216 3320 1271 separans,
3342 1206 3508 1269 atque

1931 1299 1988 1354 in
2021 1299 2261 1368 seipsum
2295 1298 2538 1362 rediens,
2568 1297 2825 1367 privatim
2865 1295 3074 1351 versari
3105 1309 3231 1349 cum
3259 1292 3393 1358 Deo,
3443 1306 3510 1345 ac

1932 1389 2172 1445 divinam
2210 1389 2363 1444 illam
2402 1399 2459 1445 et
2496 1387 2811 1445 ineﬂ'abilcn
2856 1384 3322 1458 pulchritudinem
3381 1397 3513 1453 spe-

1933 1481 2130 1536 culari.
2160 1479 2277 1536 Hoc
2300 1481 2474 1543 otium
2502 1481 2648 1535 nacti
2678 1478 2801 1550 ejus
2830 1475 3263 1548 discipuli,.usui
3293 1472 3511 1544 quidem

1934 1581 1990 1629 et
2031 1573 2345 1628 necessitati
2370 1579 2791 1643 congruentem,
2815 1571 2911 1627 sed
2947 1569 3155 1640 majore
3183 1582 3345 1638 quam
3372 1565 3514 1636 jussi

1937 1660 2155 1715 fuerant
2194 1675 2449 1716 mensura
2482 1661 2738 1716 cellulam
2764 1669 3114 1714 exstruxere.
3146 1655 3368 1711 Decimo
3392 1661 3526 1724 post

1937 1751 2027 1807 die
2063 1767 2342 1819 reversus,
2369 1751 2522 1805 velut
2563 1749 2740 1807 Moses
2793 1748 3020 1821 quidam
3046 1786 3063 1815 ,
3111 1746 3179 1802 de
3236 1753 3421 1801 monte
3464 1751 3525 1799 et

1940 1842 2409 1914 contemplatione
2456 1842 2552 1898 illa
2627 1840 2936 1909 ineﬂ‘abili,
3006 1839 3275 1910 majorem
3353 1851 3518 1907 quam

270 1916 618 1974 Ἐπανελθὼν
661 1923 719 1975 δὲ
750 1925 888 1994 μετὰ
913 1926 1146 1996 δεκάτην
1177 1928 1409 2000 ἡμέραν,
1442 1926 1533 1984 οἷά
1565 1948 1648 1994 τις
1676 1932 1842 1986 Μωῦ-

1949 1936 2160 1990 volebat
2207 1942 2542 1989 structuram
2595 1933 2794 1988 factam
2854 1932 3205 2002 conspiciens
3242 1946 3256 1983 :
3292 1926 3533 1993 Vereor,

260 2010 364 2078 σῆς
398 2013 508 2064 ἀπὸ
542 2013 636 2067 τοῦ
680 2014 843 2084 ὅρους
878 2018 971 2071 καὶ
1002 2019 1107 2088 τῆς
1140 2020 1420 2091 ἀφράστου
1460 2021 1712 2093 θεωρίας.
1744 2023 1838 2078 καὶ

260 2101 600 2172 θεασάμενος
648 2107 872 2177 μείζονα
902 2109 945 2180 ἦ
979 2110 1232 2164 ἐϐούλετο
1276 2111 1375 2182 τὴν
1418 2114 1707 2187 οἰκοδομὴν
1744 2132 1840 2184 γε-

257 2192 570 2265 γενημένην
598 2211 613 2226 ο
650 2213 669 2248 ι
705 2197 953 2264 Δέδοικα,
997 2198 1125 2269 ἔφη,
1173 2193 1218 2253 ὦ
1249 2200 1475 2272 ἄνδρες,
1512 2201 1587 2274 μὴ
1632 2204 1702 2256 τὰ
1750 2205 1842 2258 ἐπὶ

257 2283 367 2354 γῆς
406 2285 726 2356 εύρύνοντες
771 2289 1093 2361 καταγιῦγια
1147 2292 1535 2365 σμικρύνωμεν
1573 2294 1643 2350 τὰ
1678 2296 1844 2367 οὐρά-

259 2392 354 2430 νια
376 2393 392 2409 ο
415 2378 591 2432 καίτοι
615 2379 787 2434 ταῦτα
813 2381 914 2453 μέν
943 2383 1061 2436 ἐστι
1083 2384 1427 2454 πρόσκαιρα,ι
1448 2384 1542 2438 καὶ
1573 2386 1708 2457 πρὸς
1732 2387 1842 2441 ὀλί-

229 2480 359 2532 ιτον
404 2467 539 2537 ἡμῖν
585 2467 869 2540 ἐπιτήδεια
898 2487 911 2500 ·
946 2473 1132 2525 ἐκεῖνα
1183 2472 1239 2526 δὲ
1281 2471 1498 2537 αἰώνια,
1537 2475 1633 2529 καὶ
1669 2476 1844 2548 πέρας

259 2553 451 2608 λαϐεῖν
480 2555 542 2608 ού
579 2556 875 2628 δυνάμενα.
914 2578 936 2613 ι
969 2561 1082 2613 Καὶ
1109 2559 1281 2613 ταῦτα
1311 2561 1410 2631 μὲν
1448 2560 1624 2630 ἔλεγε,
1658 2563 1726 2617 τὰ
1752 2582 1845 2618 τε-

259 2644 505 2716 λεώτερα
552 2646 643 2701 τὸν
687 2648 848 2719 χορὸν
886 2649 1243 2705 ἐκπαιδεύων.
1287 2650 1563 2723 Ἦνείχετο
1593 2653 1652 2707 δὲ
1674 2654 1844 2726 ὅμως,

258 2737 366 2806 τῆς
407 2737 778 2811 άποστολικῆς
818 2740 1132 2806 ἐπακούσας
1179 2741 1365 2812 φωνῆς
1387 2759 1403 2776 ο
1443 2761 1460 2794 ι
1494 2743 1569 2797 Οὐ
1603 2743 1752 2815 ζητῶ
1786 2745 1848 2799 τὸ

261 2831 502 2901 ἐμαυτοῦ
542 2830 841 2903 συμφέρον,
882 2833 1020 2889 ἀλλὰ
1053 2831 1116 2888 τὸ
1154 2832 1262 2889 τῶν
1300 2833 1531 2900 πολλῶν,
1557 2834 1644 2889 ἵνα
1665 2835 1849 2890 σωθῶ-

262 2939 371 2978 σιν.
404 2942 424 2975 ι
474 2924 854 2991 Ἔξεπαίδευσε
895 2926 952 2980 δὲ
998 2926 1306 2992 κάκείνους,
1343 2928 1490 2982 ἔνδον
1534 2929 1633 2999 μὲν
1663 2929 1849 3002 κοινὴν

259 3015 343 3085 τῷ
387 3016 508 3084 Θεῷ
536 3017 636 3088 τὴν
683 3017 960 3090 ὑμνῳδίαν
1004 3019 1360 3091 προσφέρειν,
1398 3021 1536 3092 μετὰ
1566 3021 1627 3076 δέ
1651 3022 1750 3094 τὴν
1774 3022 1850 3077 ἕω

262 3104 371 3158 ἀνὰ
411 3104 505 3158 δύο
547 3105 689 3159 κατὰ
728 3107 827 3178 τὴν
856 3106 1063 3179 ἔρημον
1104 3107 1328 3175 ἐξιέναι,
1380 3111 1477 3165 καῖ
1509 3111 1600 3163 τὸν
1648 3112 1747 3183 μὲν
1780 3112 1851 3166 τά

1943 2028 2141 2098 inquit,
2166 2042 2198 2081 ο
2214 2027 2339 2091 viri,
2364 2043 2457 2090 ne,
2475 2026 2603 2081 dum
2619 2036 2834 2083 terrena
2857 2024 3155 2080 dilatamus
3179 2019 3518 2080 habitacula,

1942 2117 2253 2173 minuamus
2292 2117 2561 2181 cmlestia,
2590 2127 2647 2173 et
2693 2124 2883 2173 tamen
2945 2113 3273 2186 temporaria
3306 2109 3524 2181 1123

1944 2215 2074 2264 sunt
2122 2208 2249 2276 ista,
2284 2223 2386 2264 nec
2427 2208 2521 2264 diu
2556 2208 2713 2264 nobis
2756 2209 2882 2264 usui
2922 2207 3146 2263 futura:
3207 2204 3299 2260 illa
3343 2213 3526 2258 autem

1942 2304 2169 2363 aeterna,
2232 2299 2558 2369 nullumque
2616 2297 2776 2354 ﬁnem
2838 2297 3111 2352 habitura.
3175 2294 3353 2364 Atque
3409 2291 3528 2347 haec

1945 2387 2168 2459 quidem
2215 2388 2376 2455 dixit,
2408 2389 2523 2443 “ad
2579 2388 2908 2460 perfectiora
2963 2387 3193 2443 chorum
3242 2384 3530 2451 erudiens,

1945 2479 2202 2534 toleravit
2254 2486 2437 2535 tamen
2468 2521 2485 2547 ,
2533 2494 2722 2534 vocem
2778 2478 3082 2536 exaudiens
3136 2477 3524 2550 apostolicam,

1950 2588 1970 2624 ι
2010 2570 2131 2626 Non
2165 2586 2350 2642 quatro
2378 2570 2524 2642 quod
2558 2572 2691 2626 mihi
2725 2571 2857 2628 utile
2881 2580 2987 2638 est,
3022 2570 3119 2635 sed
3141 2568 3287 2640 quod
3314 2568 3527 2634 multis,

1945 2673 2015 2718 ιιιι
2035 2663 2167 2719 salvi
2202 2663 2354 2718 ﬁant.
2400 2682 2419 2716 ι
2453 2662 2695 2719 Docebat
2725 2672 2908 2720 autem
2936 2664 3083 2730 illos,
3122 2664 3274 2719 intus
3308 2660 3545 2732 quidem.

1949 2766 2295 2808 communem
2329 2752 2438 2808 Deo
2470 2751 2827 2827 bymnodiam
2853 2753 3054 2809 oﬂ‘erre
3084 2770 3098 2807 :
3124 2760 3249 2823 post
3273 2764 3547 2806 auroram.

1948 2858 2081 2902 vero
2122 2843 2284 2901 binos
2322 2847 2477 2902 exire
2518 2847 2575 2901 in
2607 2846 2990 2912 solitudinem,
3022 2853 3077 2901 et
3103 2859 3274 2899 unum
3304 2843 3539 2915 quidem:

1950 2950 2127 3007 genua
2144 2933 2451 2991 ﬂectentem
2487 2935 2727 2991 debitam
2769 2934 3001 2990 Domino
3031 2934 3291 2990 exhibere
3325 2933 3530 2988 adora-

1950 3025 2430 3091 tionem,alterum
2462 3042 2594 3082 vero
2640 3034 2879 3082 stantem
2927 3028 3168 3097 psalmos
3214 3023 3545 3096 quindecims

1952 3130 2149 3172 cauere
2168 3114 2486 3174 Davidicos:
2512 3125 2630 3171 tum
2653 3117 2872 3183 deinde,
2903 3117 3089 3188 operis
3112 3116 3257 3172 facta
3279 3129 3532 3170 commu-

262 3195 471 3265 γόνατα
494 3197 964 3268 κατακάμπτοντα
991 3199 1092 3270 τὴν
1118 3200 1475 3274 ὀφειλομένην
1503 3202 1583 3275 τῷ
1606 3204 1846 3279 Δεσπότῃ

1955 3206 2184 3272 talione,
2223 3207 2375 3262 illum
2404 3216 2722 3280 surgentem
2761 3223 2982 3275 canere,
3014 3210 3163 3264 hunc
3200 3222 3334 3264 vero
3376 3207 3541 3261 humi-

261 3290 600 3362 προσφέρειν
648 3290 1045 3363 προσκύνησιν,
1081 3294 1172 3349 τὸν
1209 3294 1266 3348 δὲ
1290 3295 1438 3366 ᾄδειν
1484 3296 1693 3351 ἑστῶτα
1719 3297 1846 3368 ψαλ-

1952 3299 2404 3370 procumbentem
2426 3300 2676 3357 adorare.
2721 3300 2900 3372 A‘tque
2926 3302 3032 3356 hoc
3063 3301 3144 3355 illi
3198 3297 3533 3367 crepusculo

263 3384 407 3454 μοὺς
444 3383 769 3447 Δαυῐτικοὺς
816 3384 1227 3450 πεντεκαίδεκα,
1266 3381 1385 3440 εἶτα
1412 3388 1757 3444 ἐναλλάττειν
1790 3390 1846 3443 τὸ

1955 3390 2228 3446 matutino
2262 3391 2470 3458 exorsi,
2527 3392 2595 3447 ad
2646 3393 3026 3463 vespertinum
3078 3407 3254 3461 usque
3314 3389 3539 3447 assiduo

262 3474 452 3544 ἔργον,
498 3472 595 3525 καὶ
638 3472 732 3525 τὸν
782 3473 881 3542 μὲν
928 3473 1290 3543 ἀνιστάμενον
1337 3474 1505 3546 ᾄδειν,
1550 3475 1642 3529 τὸν
1680 3476 1738 3529 δὲ
1770 3478 1846 3540 είς

1949 3478 2254 3536 faciebant.
2292 3481 2435 3538 Ante
2478 3497 2737 3539 occasum
2764 3490 2896 3540 fero
2935 3484 3068 3541 solis
3092 3483 3377 3554 paululum
3402 3480 3534 3552 qui;

257 3564 369 3634 γῆν
411 3563 836 3617 κατακύπτοντα
870 3566 1198 3635 προσκυνεῖν
1232 3580 1247 3593 ο
1276 3565 1372 3620 καὶ
1416 3565 1575 3619 τοῦτο
1609 3565 1668 3632 ἐξ
1698 3567 1846 3621 ἑωθι-

1953 3580 2229 3637 escentes,
2270 3572 2401 3628 hinc
2430 3575 2526 3639 illl,
2560 3576 2716 3631 illinc
2765 3577 2883 3640 alii,
2934 3591 3125 3632 omnes
3179 3574 3423 3644 undique
3480 3573 3537 3628 in

258 3654 359 3709 νοῦ
387 3654 552 3724 μέχρι
588 3654 769 3726 δείλης
812 3655 973 3725 ὀψίας
1007 3654 1279 3709 διετέλουν
1321 3655 1620 3720 ποιοῦντες.
1653 3656 1767 3727 Πρὸ
1792 3656 1846 3710 δὲ

1952 3672 2169 3717 antrum
2201 3666 2633 3732 conveniebant,
2664 3674 2718 3721 et
2742 3667 2994 3738 hymnos.
3028 3666 3376 3737 vespertinos
3435 3663 3548 3719 Do-

258 3746 420 3815 ἠλίου
455 3746 678 3816 δυσμῶν
721 3746 895 3817 βραχύ
923 3763 977 3799 τι
1017 3746 1499 3817 διαναπαυόμενοι,
1545 3749 1626 3811 είς
1670 3748 1733 3800 τὸ
1760 3746 1846 3802 ἄν·

1956 3752 2110 3808 mino
2130 3753 2309 3809 simul'
2326 3755 2648 3811 oﬂ‘erebant.

256 3858 394 3912 τρον
448 3831 593 3894 οὗτοι
644 3839 742 3912 μὲν
779 3839 953 3906 ἐνθεν,
997 3831 1145 3895 οὗτοι
1188 3838 1245 3895 δὲ
1284 3839 1514 3905 ἐκεῖθεν,
1550 3839 1754 3905 πάντες
1797 3841 1856 3896 δὲ
1893 3846 2236 3917 πανταχόθεν
2296 3847 2587 3920 συνῄεσαν,
2641 3848 2736 3902 καὶ
2766 3848 2868 3918 τὴν
2937 3847 3228 3919 ἐσπερινὴν
3266 3843 3540 3917 ὑμνῳδίαν

257 3930 413 3985 κατὰ
444 3931 638 3985 ταυτὸν
662 3931 739 4001 τῷ
772 3934 1021 4005 Δεσπὸτῃ
1057 3931 1416 4005 προσέφερον.

337 4025 542 4079 Εἰώθει
576 4027 635 4081 δὲ
694 4027 789 4081 καὶ
823 4026 987 4091 αὐτὸς
1037 4029 1067 4081 ὁ
1110 4026 1425 4098 πρεσϐύτης
1470 4027 1566 4081 ἕνα
1595 4027 1717 4081 τινὰ
1747 4026 1861 4082 τῶν

261 4120 694 4190 ἑπισημοτέρων
730 4119 986 4174 κοινωνὸν
1034 4119 1133 4191 τῆς
1162 4119 1510 4191 λειτουργίας
1538 4119 1859 4191 λαμϐάνειν.

267 4210 475 4264 Εἵπετο
500 4210 559 4263 δὲ
589 4210 739 4282 αὐτῷ
786 4211 1106 4282 συχνότερον
1131 4211 1273 4282 ἀνήρ
1305 4229 1409 4275 τις,
1469 4211 1529 4265 τὸ
1579 4211 1679 4283 μὲν
1710 4212 1863 4281 γένος

271 4302 513 4374 Πέρσης,
548 4303 610 4357 τὸ
653 4303 711 4357 δὲ
741 4299 880 4367 εἶδος
918 4301 1091 4374 μέγας
1135 4304 1229 4357 καὶ
1272 4301 1620 4373 άξιάγαστος,
1652 4304 1864 4377 θαυμα-

268 4396 544 4467 σιωτέραν
575 4395 631 4449 δὲ
665 4394 758 4449 τοῦ
800 4394 973 4458 εἴδους
1001 4397 1099 4465 τὴν
1128 4394 1312 4466 ψυχὴν
1351 4397 1713 4469 κεκτημένος,
1760 4398 1862 4452 Ἰά-

265 4488 454 4550 κωϐος
480 4487 652 4557 ὄνομα
684 4485 922 4558 αὐτῷ,ὂς
958 4486 1053 4541 καὶ
1081 4487 1221 4558 μετὰ
1250 4488 1350 4557 τὴν
1374 4487 1582 4542 ἐκείνου
1606 4489 1863 4561 τελευτὴν

2033 4025 2460 4093 Solebat_amem
2498 4027 2614 4098 ipse
2648 4042 2868 4100 quoque
2905 4041 3072 4084 senex
3102 4042 3274 4083 unum
3299 4026 3539 4097 aliquem

1959 4135 2025 4176 ex
2048 4121 2448 4192 iusignioribus
2471 4120 2643 4176 oliicii'
2659 4122 2874 4178 socium
2896 4135 3200 4176 assumere.
3250 4117 3531 4190 Sequeba-

1962 4221 2162 4283 turque
2193 4212 2345 4268 illum
2374 4214 2720 4284 frequentius
2746 4214 2831 4268 vir
2852 4212 3101 4285 quidam,
3122 4210 3291 4268 Persa
3318 4226 3557 4283 genere,.

1962 4304 2137 4359 forma
2167 4305 2390 4375 quidem
2425 4320 2660 4376 magnus
2688 4313 2742 4361 et
2773 4295 3159 4370 admirandus,
3213 4302 3311 4359 sed
3366 4302 3543 4358 admi-

1967 4395 2226 4451 rabiliore
2254 4395 2438 4450 anima
2469 4396 2736 4466 praeditus
2767 4411 2933 4466 (luam
2987 4396 3186 4459 forma,
3220 4396 3309 4451 cui
3345 4410 3559 4450 nomen.

1965 4485 2230 4543 Jacobus.
2262 4485 2368 4553 Qui
2408 4487 2574 4543 etiam
2629 4497 2755 4558 post
2804 4488 2954 4543 illius
2990 4497 3219 4542 mortem
3281 4488 3336 4540 in
3397 4487 3546 4540 omni

264 4582 329 4634 ἐν
367 4580 518 4651 πάσῃ
557 4581 653 4650 μὲν
681 4579 978 4650 διέλαμψεν
1009 4581 1200 4651 ἀρετῇ,
1234 4580 1502 4652 ἐπίσημος
1532 4580 1590 4634 δέ
1620 4582 1714 4635 καὶ
1762 4598 1831 4634 πε

1967 4578 2169 4633 virtute
2189 4578 2535 4648 resplenduit
2560 4595 2574 4632 :
2606 4578 2841 4650 insignis
2874 4586 3055 4633 autem
3085 4585 3139 4633 et
3163 4576 3398 4631 illustris
3418 4575 3545 4639 fuit,

270 4676 568 4749 ρῖϐλεπτος
591 4673 682 4747 ἦν,
716 4677 777 4729 οὐ
799 4677 912 4740 τοῖς
941 4674 1131 4729 αὐτόθι
1177 4675 1378 4746 μόνοις,
1411 4674 1548 4728 ἀλλὰ
1600 4674 1696 4728 καὶ
1750 4675 1863 4737 τοῖς

267 4772 333 4825 ἐν
367 4771 436 4841 τῇ
476 4768 648 4840 Συρία
687 4770 786 4840 τῆς
815 4764 1135 4840 φιλοσοφίας
1169 4769 1628 4840 φροντιστηρίοις,
1682 4768 1741 4821 ἐν
1781 4762 1864 4831 οἷς

265 4863 370 4918 καὶ
400 4860 657 4915 ἐτελεύτα
689 4860 913 4931 βιώσας,
953 4862 1027 4924 ὡς
1060 4860 1299 4930 λέγεται,
1328 4862 1562 4932 τέτταρα
1591 4860 1688 4914 καὶ
1721 4860 1865 4913 ἐκα-

262 4957 366 5009 τῖ;ν
409 4953 529 5025 ἕτη;
579 4948 748 5017 Οὗτος
798 4954 875 5024 τῷ
913 4952 1134 5025 μεγάλῳ
1165 4952 1445 5025 πρεσϐύτῃ
1478 4953 1580 5024 τῆς
1631 4952 1724 5007 ἐπὶ
1764 4951 1865 5021 τὴν

264 5048 485 5120 ἔρημον
543 5047 880 5117 κοινωνήσας
925 5043 1066 5110 ὀδοῦ,
1100 5044 1381 5117 πόρρωθεν
1412 5044 1616 5098 εἵπετο.
1647 5045 1721 5098 Οὐ
1755 5048 1866 5116 γὰρ

265 5141 365 5194 εἷα
412 5138 672 5203 πελάζειν
705 5140 733 5190 ὁ
763 5138 1105 5204 διδάσκαλος,
1143 5137 1230 5191 ἵνα
1259 5138 1332 5209 μὴ
1369 5137 1642 5209 πρόφασιν
1680 5136 1865 5201 αὐτοῖς

264 5231 440 5285 τοῦτο
483 5229 773 5296 διαλέξεως
823 5231 1069 5301 γένηται,
1103 5232 1136 5302 ἦ
1191 5229 1247 5283 δὲ
1287 5229 1522 5295 διάλεξις
1567 5228 1743 5302 κλέψῃ
1772 5228 1865 5282 τδν

266 5324 406 5376 νοῦν
428 5324 530 5392 τῆς
560 5322 688 5392 περὶ
714 5323 808 5374 τοῦ
837 5320 973 5376 Θεοῦ
997 5321 1317 5390 φαντασίας.
1348 5320 1642 5392 Έπόμενος
1674 5320 1731 5373 δέ
1763 5321 1868 5393 ὁρᾷ

268 5415 425 5470 κατὰ
454 5413 552 5484 τὴν
594 5413 712 5467 ὁδὸν
753 5412 1023 5484 δράκοντά
1052 5430 1174 5467 τινα
1206 5413 1539 5485 παμμεγέθη
1592 5411 1862 5483 κείμενον.

269 5506 420 5565 Εἶτα
452 5507 786 5579 θεασάμενος
819 5508 1088 5581 προϐῆναι
1139 5513 1235 5580 μὲν
1274 5509 1375 5562 ούκ
1420 5507 1744 5581 ἐθάρρησεν,
1775 5509 1867 5559 ἐκ·

270 5603 463 5659 κλῖναι
485 5600 541 5655 δὲ
573 5600 834 5664 πολλάκις
869 5600 974 5654 ὑπὸ
1023 5603 1115 5655 τοῦ
1163 5601 1315 5664 δέους
1336 5600 1589 5671 θελήσας,
1623 5597 1867 5671 ἀνερῤὡι-

271 5694 387 5767 σθη
421 5693 583 5748 πάλιν
611 5693 701 5747 τὸν
724 5693 1004 5764 λογισμόν.
1040 5694 1269 5748 Ἔπειτα
1297 5693 1497 5763 κύψας,
1534 5692 1627 5747 καὶ
1660 5690 1868 5761 ψηφίδα

357 5886 384 5916 ν
425 5876 588 5934 Rom.
619 5892 711 5943 xu,
744 5876 829 5933 l6.
929 5875 1004 5934 ἰι
1039 5874 1244 5941 Cora,
1278 5875 1365 5929 55.

1969 4684 2079 4723 non
2117 4670 2171 4723 in
2207 4668 2318 4725 illis
2350 4670 2513 4725 modo
2546 4686 2671 4741 quae
2710 4670 2825 4724 illic
2855 4676 3035 4735 erant,
3061 4667 3158 4723 sed
3188 4669 3244 4721 in
3277 4667 3345 4722 iis
3366 4666 3536 4721 etiam

1969 4776 2091 4831 qua:
2109 4761 2160 4813 iu
2179 4759 2725 4832 Syria,pliilosophia:
2739 4760 3038 4832 gymnasiis
3055 4776 3151 4814 seu
3173 4759 3545 4822 monasteriis,

1971 4851 2026 4905 in
2056 4851 2254 4921 quibus
2271 4852 2438 4906 vitam
2458 4851 2616 4914 ﬁniit.
2635 4867 2762 4907 cum
2787 4853 3228 4913 visissetaunos.
3252 4858 3308 4905 ut
3328 4849 3532 4913 ferunt,

1971 4951 2190 4999 centum
2218 4950 2274 4998 et
2300 4950 2557 5012 quatuor.
2588 4942 2636 4998 l's
2655 4958 2782 4998 cum
2812 4958 3011 5015 magno
3035 4958 3166 4997 sene
3195 4941 3303 4997 iter
3336 4939 3547 4996 faciens

1970 5048 2069 5105 per
2124 5032 2421 5098 desertum,
2482 5032 2700 5090 eminus
2754 5032 3106 5103 sequebatur.
3168 5030 3289 5085 Non
3336 5029 3549 5086 sinebat

1971 5126 2117 5181 enim
2163 5125 2423 5195 magister
2460 5123 2615 5178 illum
2682 5122 3251 5195 propius'accedere,
3308 5136 3377 5176 ne
3438 5136 3549 5190 qua

1970 5226 2097 5283 inde
2119 5224 2461 5296 colloquendi
2477 5232 2624 5281 esset
2645 5225 2886 5291 occasio,
2904 5231 2957 5280 et
2983 5222 3201 5295 1125.
3212 5221 3549 5291 colloquium

1970 5327 2209 5374 mentem
2237 5331 2266 5370 a
2295 5316 2385 5372 Dei
2417 5316 2882 5389 contemplatione
2898 5317 3260 5373 abstraheret.
3294 5314 3546 5384 Sequens

1970 5411 2157 5483 igitur,
2191 5411 2487 5466 draconem
2519 5410 2818 5464 maximum
2853 5408 3129 5479 conspicit
3163 5408 3217 5462 in
3242 5407 3352 5462 via.
3376 5403 3551 5471 Quem

1967 5503 2242 5574 jacentem
2294 5502 2718 5572 contemplans,
2774 5500 3031 5573 progredi
3105 5515 3215 5555 non
3271 5496 3553 5553 audebat:

1973 5594 2251 5649 declinare
2283 5599 2466 5648 autem
2506 5608 2617 5662 prae
2661 5600 2809 5649 metu
2876 5607 3003 5648 cum
3060 5592 3245 5658 vellet,
3305 5589 3550 5643 animum

1976 5698 2170 5740 rursus
2228 5680 2594 5738 conﬁrmavit.
2678 5681 2882 5738 Deinde
2948 5682 3199 5752 lapillum
3254 5679 3553 5736 inclinatus
