  <div class='ocr_page' id='page_1' title='image "/cluster/home/n/w/nwhite01/storage/ocr_20150623/82:no.3/coo.31924054869833/663.png"; bbox 0 0 4030 6464; ppageno 0'>
   <div class='ocr_carea' id='block_1_1' title="bbox 506 371 639 439">
    <p class='ocr_par' dir='ltr' id='par_1_1' title="bbox 506 371 639 439">
     <span class='ocr_line' id='line_1_1' title="bbox 506 371 639 439; baseline -0.023 0"><span class='ocrx_word' id='word_1_1' title='bbox 506 371 639 439; x_wconf 79' lang='lat' dir='ltr'><strong>l3il</strong></span> 
     </span>
    </p>
   </div>
   <div class='ocr_carea' id='block_1_2' title="bbox 1529 368 2801 434">
    <p class='ocr_par' dir='ltr' id='par_1_2' title="bbox 1529 368 2801 434">
     <span class='ocr_line' id='line_1_2' title="bbox 1529 368 2801 434; baseline -0.002 0"><span class='ocrx_word' id='word_1_2' title='bbox 1529 370 2021 434; x_wconf 77' lang='lat' dir='ltr'><strong>THEODORETI</strong></span> <span class='ocrx_word' id='word_1_3' title='bbox 2050 369 2392 433; x_wconf 83' lang='lat' dir='ltr'><strong>EPISCOPI</strong></span> <span class='ocrx_word' id='word_1_4' title='bbox 2427 368 2801 434; x_wconf 80' lang='lat' dir='ltr'><strong>CYRENSIS</strong></span> 
     </span>
    </p>
   </div>
   <div class='ocr_carea' id='block_1_3' title="bbox 3637 372 3778 441">
    <p class='ocr_par' dir='ltr' id='par_1_3' title="bbox 3637 372 3778 441">
     <span class='ocr_line' id='line_1_3' title="bbox 3637 372 3778 441; baseline -0.021 0"><span class='ocrx_word' id='word_1_5' title='bbox 3637 372 3778 441; x_wconf 77' lang='lat' dir='ltr'><strong>I3t2</strong></span> 
     </span>
    </p>
   </div>
   <div class='ocr_carea' id='block_1_4' title="bbox 502 482 2076 561">
    <p class='ocr_par' dir='ltr' id='par_1_4' title="bbox 502 483 2076 561">
     <span class='ocr_line' id='line_1_4' title="bbox 502 483 2076 561; baseline -0.004 -13"><span class='ocrx_word' id='word_1_6' title='bbox 502 489 800 561; x_wconf 74' lang='lat' dir='ltr'><strong>arripiens,</strong></span> <span class='ocrx_word' id='word_1_7' title='bbox 835 488 892 544; x_wconf 90' lang='lat' dir='ltr'><strong>in</strong></span> <span class='ocrx_word' id='word_1_8' title='bbox 932 500 1171 560; x_wconf 78' lang='lat' dir='ltr'><strong>eumque</strong></span> <span class='ocrx_word' id='word_1_9' title='bbox 1222 483 1555 557; x_wconf 77' lang='lat' dir='ltr'><strong>conjiciens,</strong></span> <span class='ocrx_word' id='word_1_10' title='bbox 1594 485 1789 543; x_wconf 89' lang='lat' dir='ltr'><strong>eodem</strong></span> <span class='ocrx_word' id='word_1_11' title='bbox 1824 487 1884 542; x_wconf 91' lang='lat' dir='ltr'><strong>in</strong></span> <span class='ocrx_word' id='word_1_12' title='bbox 1940 491 2076 542; x_wconf 81' lang='lat' dir='ltr'><strong>statu</strong></span> 
     </span>
    </p>
   </div>
   <div class='ocr_carea' id='block_1_5' title="bbox 2182 482 3780 561">
    <p class='ocr_par' dir='ltr' id='par_1_5' title="bbox 2190 482 3780 561">
     <span class='ocr_line' id='line_1_5' title="bbox 2190 482 3780 561; baseline 0.004 -22"><span class='ocrx_word' id='word_1_13' title='bbox 2190 483 2394 553; x_wconf 86' lang='grc' dir='ltr'>λαϐὼν,</span> <span class='ocrx_word' id='word_1_14' title='bbox 2442 485 2536 539; x_wconf 73' lang='grc' dir='ltr'><strong>καὶ</strong></span> <span class='ocrx_word' id='word_1_15' title='bbox 2582 484 2789 557; x_wconf 88' lang='grc' dir='ltr'>ταύτην</span> <span class='ocrx_word' id='word_1_16' title='bbox 2822 482 3135 553; x_wconf 72' lang='grc' dir='ltr'><strong>ἀκοντίσας,</strong></span> <span class='ocrx_word' id='word_1_17' title='bbox 3187 482 3337 558; x_wconf 77' lang='grc' dir='ltr'>ἐώρα</span> <span class='ocrx_word' id='word_1_18' title='bbox 3389 484 3483 541; x_wconf 76' lang='grc' dir='ltr'>τὸν</span> <span class='ocrx_word' id='word_1_19' title='bbox 3507 485 3780 561; x_wconf 83' lang='grc' dir='ltr'>δράκοντα</span> 
     </span>
    </p>
   </div>
   <div class='ocr_carea' id='block_1_6' title="bbox 504 577 2087 648">
    <p class='ocr_par' dir='ltr' id='par_1_6' title="bbox 504 577 2087 648">
     <span class='ocr_line' id='line_1_6' title="bbox 504 577 2087 648; baseline -0.002 -15"><span class='ocrx_word' id='word_1_20' title='bbox 504 593 726 634; x_wconf 87' lang='lat' dir='ltr'><strong>manere</strong></span> <span class='ocrx_word' id='word_1_21' title='bbox 753 578 1073 647; x_wconf 85' lang='lat' dir='ltr'><strong>draconem,</strong></span> <span class='ocrx_word' id='word_1_22' title='bbox 1113 591 1215 635; x_wconf 92' lang='lat' dir='ltr'><strong>nec</strong></span> <span class='ocrx_word' id='word_1_23' title='bbox 1235 589 1585 633; x_wconf 85' lang='lat' dir='ltr'><strong>commovere</strong></span> <span class='ocrx_word' id='word_1_24' title='bbox 1620 592 1680 633; x_wconf 84' lang='lat' dir='ltr'><strong>se</strong></span> <span class='ocrx_word' id='word_1_25' title='bbox 1706 590 1870 648; x_wconf 87' lang='lat' dir='ltr'><strong>posse</strong></span> <span class='ocrx_word' id='word_1_26' title='bbox 1907 577 2087 631; x_wconf 86' lang='lat' dir='ltr'><strong>anim-</strong></span> 
     </span>
    </p>
   </div>
   <div class='ocr_carea' id='block_1_7' title="bbox 502 669 2089 741">
    <p class='ocr_par' dir='ltr' id='par_1_7' title="bbox 502 669 2089 741">
     <span class='ocr_line' id='line_1_7' title="bbox 502 669 2089 741; baseline 0 -16"><span class='ocrx_word' id='word_1_27' title='bbox 502 671 741 726; x_wconf 88' lang='lat' dir='ltr'><strong>advertit</strong></span> <span class='ocrx_word' id='word_1_28' title='bbox 781 690 794 727; x_wconf 92' lang='lat'><strong>:</strong></span> <span class='ocrx_word' id='word_1_29' title='bbox 827 686 894 727; x_wconf 78' lang='lat' dir='ltr'><strong>ex</strong></span> <span class='ocrx_word' id='word_1_30' title='bbox 932 686 1043 741; x_wconf 93' lang='lat' dir='ltr'><strong>quo</strong></span> <span class='ocrx_word' id='word_1_31' title='bbox 1078 677 1353 725; x_wconf 85' lang='lat' dir='ltr'><strong>mortuum</strong></span> <span class='ocrx_word' id='word_1_32' title='bbox 1385 683 1510 725; x_wconf 91' lang='lat' dir='ltr'><strong>esse</strong></span> <span class='ocrx_word' id='word_1_33' title='bbox 1561 669 1900 740; x_wconf 77' lang='lat' dir='ltr'><strong>intelligens,</strong></span> <span class='ocrx_word' id='word_1_34' title='bbox 1935 670 2089 726; x_wconf 87' lang='lat' dir='ltr'><strong>senis</strong></span> 
     </span>
    </p>
   </div>
   <div class='ocr_carea' id='block_1_8' title="bbox 499 761 2086 837">
    <p class='ocr_par' dir='ltr' id='par_1_8' title="bbox 499 761 2086 837">
     <span class='ocr_line' id='line_1_8' title="bbox 499 761 2086 837; baseline -0.001 -18"><span class='ocrx_word' id='word_1_35' title='bbox 499 779 643 837; x_wconf 87' lang='lat' dir='ltr'><strong>opus</strong></span> <span class='ocrx_word' id='word_1_36' title='bbox 676 779 800 819; x_wconf 90' lang='lat' dir='ltr'><strong>esse</strong></span> <span class='ocrx_word' id='word_1_37' title='bbox 844 773 1073 818; x_wconf 90' lang='lat' dir='ltr'><strong>mortem</strong></span> <span class='ocrx_word' id='word_1_38' title='bbox 1109 761 1304 817; x_wconf 74' lang='lat' dir='ltr'><strong>bellua:</strong></span> <span class='ocrx_word' id='word_1_39' title='bbox 1339 762 1643 817; x_wconf 73' lang='lat' dir='ltr'><strong>arbitratus</strong></span> <span class='ocrx_word' id='word_1_40' title='bbox 1693 770 1799 818; x_wconf 89' lang='lat' dir='ltr'><strong>est.</strong></span> <span class='ocrx_word' id='word_1_41' title='bbox 1848 761 2086 817; x_wconf 85' lang='lat' dir='ltr'><strong>Peracto</strong></span> 
     </span>
    </p>
   </div>
   <div class='ocr_carea' id='block_1_9' title="bbox 500 852 2083 924">
    <p class='ocr_par' dir='ltr' id='par_1_9' title="bbox 500 852 2083 924">
     <span class='ocr_line' id='line_1_9' title="bbox 500 852 2083 924; baseline -0.003 -15"><span class='ocrx_word' id='word_1_42' title='bbox 500 855 722 922; x_wconf 89' lang='lat' dir='ltr'><strong>itinere,</strong></span> <span class='ocrx_word' id='word_1_43' title='bbox 753 855 1135 924; x_wconf 87' lang='lat' dir='ltr'><strong>completoque</strong></span> <span class='ocrx_word' id='word_1_44' title='bbox 1168 852 1498 923; x_wconf 82' lang='lat' dir='ltr'><strong>hymnorum</strong></span> <span class='ocrx_word' id='word_1_45' title='bbox 1533 852 1736 917; x_wconf 79' lang='lat' dir='ltr'><strong>ofﬁcio,</strong></span> <span class='ocrx_word' id='word_1_46' title='bbox 1780 866 1908 907; x_wconf 89' lang='lat' dir='ltr'><strong>cum</strong></span> <span class='ocrx_word' id='word_1_47' title='bbox 1940 859 2083 907; x_wconf 89' lang='lat' dir='ltr'><strong>tem-</strong></span> 
     </span>
    </p>
   </div>
   <div class='ocr_carea' id='block_1_10' title="bbox 498 940 2083 1014">
    <p class='ocr_par' dir='ltr' id='par_1_10' title="bbox 498 940 2083 1014">
     <span class='ocr_line' id='line_1_10' title="bbox 498 940 2083 1014; baseline -0.001 -17"><span class='ocrx_word' id='word_1_48' title='bbox 498 958 604 1014; x_wconf 89' lang='lat' dir='ltr'><strong>pus</strong></span> <span class='ocrx_word' id='word_1_49' title='bbox 644 943 847 1013; x_wconf 86' lang='lat' dir='ltr'><strong>quietis</strong></span> <span class='ocrx_word' id='word_1_50' title='bbox 915 940 1254 1009; x_wconf 85' lang='lat' dir='ltr'><strong>advenisset,</strong></span> <span class='ocrx_word' id='word_1_51' title='bbox 1311 950 1368 997; x_wconf 89' lang='lat' dir='ltr'><strong>et</strong></span> <span class='ocrx_word' id='word_1_52' title='bbox 1421 942 1625 998; x_wconf 88' lang='lat' dir='ltr'><strong>sedens</strong></span> <span class='ocrx_word' id='word_1_53' title='bbox 1679 956 1848 997; x_wconf 90' lang='lat' dir='ltr'><strong>senex</strong></span> <span class='ocrx_word' id='word_1_54' title='bbox 1903 941 2083 1011; x_wconf 89' lang='lat' dir='ltr'><strong>ipsum</strong></span> 
     </span>
    </p>
   </div>
   <div class='ocr_carea' id='block_1_11' title="bbox 497 1030 2087 1104">
    <p class='ocr_par' dir='ltr' id='par_1_11' title="bbox 497 1030 2087 1104">
     <span class='ocr_line' id='line_1_11' title="bbox 497 1030 2087 1104; baseline -0.001 -17"><span class='ocrx_word' id='word_1_55' title='bbox 497 1034 661 1087; x_wconf 89' lang='lat' dir='ltr'><strong>etiam</strong></span> <span class='ocrx_word' id='word_1_56' title='bbox 720 1033 952 1087; x_wconf 75' lang='lat' dir='ltr'><strong>modicae</strong></span> <span class='ocrx_word' id='word_1_57' title='bbox 1008 1032 1182 1104; x_wconf 89' lang='lat' dir='ltr'><strong>quieti</strong></span> <span class='ocrx_word' id='word_1_58' title='bbox 1234 1046 1443 1101; x_wconf 85' lang='lat' dir='ltr'><strong>corpus</strong></span> <span class='ocrx_word' id='word_1_59' title='bbox 1500 1031 1721 1086; x_wconf 81' lang='lat' dir='ltr'><strong>tradere</strong></span> <span class='ocrx_word' id='word_1_60' title='bbox 1775 1030 2087 1100; x_wconf 73' lang='lat' dir='ltr'><strong>iussisset,</strong></span> 
     </span>
    </p>
   </div>
   <div class='ocr_carea' id='block_1_12' title="bbox 494 1120 2089 1214">
    <p class='ocr_par' dir='ltr' id='par_1_12' title="bbox 494 1120 2089 1214">
     <span class='ocr_line' id='line_1_12' title="bbox 494 1120 2089 1214; baseline -0.001 -36"><span class='ocrx_word' id='word_1_61' title='bbox 494 1125 738 1214; x_wconf 66' lang='lat' dir='ltr'><strong>primurn</strong></span> <span class='ocrx_word' id='word_1_62' title='bbox 798 1125 1018 1195; x_wconf 90' lang='lat' dir='ltr'><strong>quidem</strong></span> <span class='ocrx_word' id='word_1_63' title='bbox 1070 1124 1274 1179; x_wconf 88' lang='lat' dir='ltr'><strong>tacitus</strong></span> <span class='ocrx_word' id='word_1_64' title='bbox 1329 1122 1576 1179; x_wconf 81' lang='lat' dir='ltr'><strong>sedebat.</strong></span> <span class='ocrx_word' id='word_1_65' title='bbox 1617 1128 1638 1149; x_wconf 82' lang='grc'><strong>·</strong></span> <span class='ocrx_word' id='word_1_66' title='bbox 1695 1120 1903 1179; x_wconf 84' lang='lat' dir='ltr'><strong>Deinde</strong></span> <span class='ocrx_word' id='word_1_67' title='bbox 1956 1136 2089 1206; x_wconf 87' lang='lat' dir='ltr'><strong>cum</strong></span> 
     </span>
    </p>
   </div>
   <div class='ocr_carea' id='block_1_13' title="bbox 493 1202 2085 1290">
    <p class='ocr_par' dir='ltr' id='par_1_13' title="bbox 493 1202 2085 1290">
     <span class='ocr_line' id='line_1_13' title="bbox 493 1202 2085 1290; baseline -0.001 -19"><span class='ocrx_word' id='word_1_68' title='bbox 493 1230 660 1271; x_wconf 81' lang='lat' dir='ltr'><strong>senex</strong></span> <span class='ocrx_word' id='word_1_69' title='bbox 683 1202 995 1273; x_wconf 65' lang='lat' dir='ltr'><strong>sérmonem</strong></span> <span class='ocrx_word' id='word_1_70' title='bbox 1020 1216 1312 1290; x_wconf 89' lang='lat' dir='ltr'><strong>quemdam</strong></span> <span class='ocrx_word' id='word_1_71' title='bbox 1332 1231 1567 1272; x_wconf 80' lang='lat' dir='ltr'><strong>exorsus</strong></span> <span class='ocrx_word' id='word_1_72' title='bbox 1593 1224 1760 1284; x_wconf 88' lang='lat' dir='ltr'><strong>esset,</strong></span> <span class='ocrx_word' id='word_1_73' title='bbox 1790 1223 1904 1270; x_wconf 91' lang='lat' dir='ltr'><strong>tum</strong></span> <span class='ocrx_word' id='word_1_74' title='bbox 1931 1202 2085 1270; x_wconf 86' lang='lat' dir='ltr'><strong>illum</strong></span> 
     </span>
    </p>
   </div>
   <div class='ocr_carea' id='block_1_14' title="bbox 492 1306 2085 1379">
    <p class='ocr_par' dir='ltr' id='par_1_14' title="bbox 492 1306 2085 1379">
     <span class='ocr_line' id='line_1_14' title="bbox 492 1306 2085 1379; baseline -0.001 -17"><span class='ocrx_word' id='word_1_75' title='bbox 492 1308 692 1363; x_wconf 85' lang='lat' dir='ltr'><strong>leniter</strong></span> <span class='ocrx_word' id='word_1_76' title='bbox 725 1309 1025 1365; x_wconf 84' lang='lat' dir='ltr'><strong>subridens</strong></span> <span class='ocrx_word' id='word_1_77' title='bbox 1069 1307 1312 1364; x_wconf 82' lang='lat' dir='ltr'><strong>Jacobus</strong></span> <span class='ocrx_word' id='word_1_78' title='bbox 1358 1308 1596 1379; x_wconf 78' lang='lat' dir='ltr'><strong>rogavit,</strong></span> <span class='ocrx_word' id='word_1_79' title='bbox 1654 1307 1762 1364; x_wconf 84' lang='lat' dir='ltr'><strong>sibi</strong></span> <span class='ocrx_word' id='word_1_80' title='bbox 1825 1314 1886 1363; x_wconf 90' lang='lat' dir='ltr'><strong>ut</strong></span> <span class='ocrx_word' id='word_1_81' title='bbox 1934 1306 2085 1377; x_wconf 89' lang='lat' dir='ltr'><strong>quod</strong></span> 
     </span>
    </p>
   </div>
   <div class='ocr_carea' id='block_1_15' title="bbox 494 1397 2083 1472">
    <p class='ocr_par' dir='ltr' id='par_1_15' title="bbox 494 1397 2083 1472">
     <span class='ocr_line' id='line_1_15' title="bbox 494 1397 2083 1472; baseline 0.001 -19"><span class='ocrx_word' id='word_1_82' title='bbox 494 1397 786 1470; x_wconf 78' lang='lat' dir='ltr'><strong>ignorabat</strong></span> <span class='ocrx_word' id='word_1_83' title='bbox 820 1402 1077 1471; x_wconf 89' lang='lat' dir='ltr'><strong>aperiret.</strong></span> <span class='ocrx_word' id='word_1_84' title='bbox 1107 1400 1172 1454; x_wconf 86' lang='lat' dir='ltr'><strong>Et</strong></span> <span class='ocrx_word' id='word_1_85' title='bbox 1207 1416 1333 1456; x_wconf 91' lang='lat' dir='ltr'><strong>cum</strong></span> <span class='ocrx_word' id='word_1_86' title='bbox 1353 1400 1733 1472; x_wconf 86' lang='lat' dir='ltr'><strong>interrogandi</strong></span> <span class='ocrx_word' id='word_1_87' title='bbox 1756 1401 2083 1472; x_wconf 82' lang='lat' dir='ltr'><strong>potestatem</strong></span> 
     </span>
    </p>
   </div>
   <div class='ocr_carea' id='block_1_16' title="bbox 495 1490 2083 1563">
    <p class='ocr_par' dir='ltr' id='par_1_16' title="bbox 495 1490 2083 1563">
     <span class='ocr_line' id='line_1_16' title="bbox 495 1490 2083 1563; baseline -0.001 -18"><span class='ocrx_word' id='word_1_88' title='bbox 495 1491 742 1557; x_wconf 78' lang='lat' dir='ltr'><strong>fecisset,</strong></span> <span class='ocrx_word' id='word_1_89' title='bbox 788 1510 808 1544; x_wconf 76' lang='grc' dir='ltr'><strong>ι</strong></span> <span class='ocrx_word' id='word_1_90' title='bbox 852 1490 998 1560; x_wconf 82' lang='lat' dir='ltr'><strong>Vidi,</strong></span> <span class='ocrx_word' id='word_1_91' title='bbox 1026 1492 1230 1563; x_wconf 87' lang='lat' dir='ltr'><strong>inquit,</strong></span> <span class='ocrx_word' id='word_1_92' title='bbox 1254 1492 1312 1546; x_wconf 91' lang='lat' dir='ltr'><strong>in</strong></span> <span class='ocrx_word' id='word_1_93' title='bbox 1344 1494 1453 1557; x_wconf 85' lang='lat' dir='ltr'><strong>via,</strong></span> <span class='ocrx_word' id='word_1_94' title='bbox 1478 1492 1754 1562; x_wconf 79' lang='lat' dir='ltr'><strong>iacentem</strong></span> <span class='ocrx_word' id='word_1_95' title='bbox 1783 1491 2083 1545; x_wconf 83' lang='lat' dir='ltr'><strong>maximum</strong></span> 
     </span>
    </p>
   </div>
   <div class='ocr_carea' id='block_1_17' title="bbox 494 1567 2081 1652">
    <p class='ocr_par' dir='ltr' id='par_1_17' title="bbox 494 1567 2081 1652">
     <span class='ocr_line' id='line_1_17' title="bbox 494 1567 2081 1652; baseline 0 -17"><span class='ocrx_word' id='word_1_96' title='bbox 494 1582 814 1647; x_wconf 86' lang='lat' dir='ltr'><strong>draconem,</strong></span> <span class='ocrx_word' id='word_1_97' title='bbox 846 1597 910 1637; x_wconf 90' lang='lat' dir='ltr'><strong>ac</strong></span> <span class='ocrx_word' id='word_1_98' title='bbox 934 1567 1411 1652; x_wconf 82' lang='lat' dir='ltr'><strong>primumquidem</strong></span> <span class='ocrx_word' id='word_1_99' title='bbox 1457 1581 1615 1636; x_wconf 87' lang='lat' dir='ltr'><strong>timui</strong></span> <span class='ocrx_word' id='word_1_100' title='bbox 1663 1582 1847 1635; x_wconf 89' lang='lat' dir='ltr'><strong>vivum</strong></span> <span class='ocrx_word' id='word_1_101' title='bbox 1894 1580 2081 1636; x_wconf 80' lang='lat' dir='ltr'><strong>existi-</strong></span> 
     </span>
    </p>
   </div>
   <div class='ocr_carea' id='block_1_18' title="bbox 492 1672 2084 1739">
    <p class='ocr_par' dir='ltr' id='par_1_18' title="bbox 492 1672 2084 1739">
     <span class='ocr_line' id='line_1_18' title="bbox 492 1672 2084 1739; baseline -0.001 -13"><span class='ocrx_word' id='word_1_102' title='bbox 492 1688 672 1729; x_wconf 91' lang='lat' dir='ltr'><strong>mans.</strong></span> <span class='ocrx_word' id='word_1_103' title='bbox 704 1672 775 1728; x_wconf 87' lang='lat' dir='ltr'><strong>Ut</strong></span> <span class='ocrx_word' id='word_1_104' title='bbox 801 1688 932 1728; x_wconf 89' lang='lat' dir='ltr'><strong>vero</strong></span> <span class='ocrx_word' id='word_1_105' title='bbox 959 1685 1236 1728; x_wconf 86' lang='lat' dir='ltr'><strong>mortuum</strong></span> <span class='ocrx_word' id='word_1_106' title='bbox 1268 1672 1658 1739; x_wconf 81' lang='lat' dir='ltr'><strong>animadverti,</strong></span> <span class='ocrx_word' id='word_1_107' title='bbox 1698 1686 1929 1728; x_wconf 86' lang='lat' dir='ltr'><strong>securus</strong></span> <span class='ocrx_word' id='word_1_108' title='bbox 1975 1673 2084 1726; x_wconf 89' lang='lat' dir='ltr'><strong>iter</strong></span> 
     </span>
    </p>
   </div>
   <div class='ocr_carea' id='block_1_19' title="bbox 492 1763 2082 1837">
    <p class='ocr_par' dir='ltr' id='par_1_19' title="bbox 492 1763 2082 1837">
     <span class='ocr_line' id='line_1_19' title="bbox 492 1763 2082 1837; baseline 0.002 -19"><span class='ocrx_word' id='word_1_109' title='bbox 492 1778 615 1818; x_wconf 89' lang='lat' dir='ltr'><strong>sum</strong></span> <span class='ocrx_word' id='word_1_110' title='bbox 679 1763 987 1834; x_wconf 84' lang='lat' dir='ltr'><strong>ingressus.</strong></span> <span class='ocrx_word' id='word_1_111' title='bbox 1026 1764 1124 1820; x_wconf 90' lang='lat' dir='ltr'><strong>Dic</strong></span> <span class='ocrx_word' id='word_1_112' title='bbox 1170 1780 1302 1836; x_wconf 88' lang='lat' dir='ltr'><strong>ergo</strong></span> <span class='ocrx_word' id='word_1_113' title='bbox 1336 1765 1494 1829; x_wconf 87' lang='lat' dir='ltr'><strong>mihi,</strong></span> <span class='ocrx_word' id='word_1_114' title='bbox 1529 1772 1686 1836; x_wconf 88' lang='lat' dir='ltr'><strong>pater</strong></span> <span class='ocrx_word' id='word_1_115' title='bbox 1713 1805 1729 1830; x_wconf 95' lang='lat'><strong>,</strong></span> <span class='ocrx_word' id='word_1_116' title='bbox 1791 1766 1908 1833; x_wconf 89' lang='lat' dir='ltr'><strong>ait,</strong></span> <span class='ocrx_word' id='word_1_117' title='bbox 1952 1765 2082 1837; x_wconf 86' lang='lat' dir='ltr'><strong>quis</strong></span> 
     </span>
    </p>
   </div>
   <div class='ocr_carea' id='block_1_20' title="bbox 2143 576 3777 649">
    <p class='ocr_par' dir='ltr' id='par_1_20' title="bbox 2143 576 3777 649">
     <span class='ocr_line' id='line_1_20' title="bbox 2143 576 3777 649; baseline 0.002 -18"><span class='ocrx_word' id='word_1_118' title='bbox 2143 580 2147 586; x_wconf 83' lang='grc'><strong>’</strong></span> <span class='ocrx_word' id='word_1_119' title='bbox 2189 578 2282 632; x_wconf 62' lang='grc' dir='ltr'><strong>ἐπὶ¹</strong></span> <span class='ocrx_word' id='word_1_120' title='bbox 2318 579 2598 649; x_wconf 83' lang='grc' dir='ltr'>σχήματος</span> <span class='ocrx_word' id='word_1_121' title='bbox 2633 576 2883 648; x_wconf 86' lang='grc' dir='ltr'>μένοντα,</span> <span class='ocrx_word' id='word_1_122' title='bbox 2915 577 3011 631; x_wconf 75' lang='grc' dir='ltr'>καὶ</span> <span class='ocrx_word' id='word_1_123' title='bbox 3063 576 3365 632; x_wconf 67' lang='grc' dir='ltr'>κινεῖσθαικ</span> <span class='ocrx_word' id='word_1_124' title='bbox 3387 579 3667 644; x_wconf 82' lang='grc' dir='ltr'><strong>παντελῶς</strong></span> <span class='ocrx_word' id='word_1_125' title='bbox 3712 582 3777 635; x_wconf 84' lang='grc' dir='ltr'><strong>ού</strong></span> 
     </span>
    </p>
   </div>
   <div class='ocr_carea' id='block_1_21' title="bbox 2184 662 3779 740">
    <p class='ocr_par' dir='ltr' id='par_1_21' title="bbox 2184 662 3779 740">
     <span class='ocr_line' id='line_1_21' title="bbox 2184 662 3779 740; baseline 0.002 -19"><span class='ocrx_word' id='word_1_126' title='bbox 2184 668 2503 740; x_wconf 84' lang='grc' dir='ltr'>δυνάμενον.</span> <span class='ocrx_word' id='word_1_127' title='bbox 2530 666 2741 730; x_wconf 77' lang='grc' dir='ltr'>Συνιεὶς</span> <span class='ocrx_word' id='word_1_128' title='bbox 2762 667 2819 721; x_wconf 84' lang='grc' dir='ltr'><strong>δὲ</strong></span> <span class='ocrx_word' id='word_1_129' title='bbox 2850 667 2927 730; x_wconf 84' lang='grc' dir='ltr'>ὡς</span> <span class='ocrx_word' id='word_1_130' title='bbox 2947 667 3143 740; x_wconf 68' lang='grc' dir='ltr'>νεκρὸς</span> <span class='ocrx_word' id='word_1_131' title='bbox 3163 668 3275 740; x_wconf 74' lang='grc' dir='ltr'>εἴη,</span> <span class='ocrx_word' id='word_1_132' title='bbox 3309 668 3470 739; x_wconf 77' lang='grc' dir='ltr'>ἔργον</span> <span class='ocrx_word' id='word_1_133' title='bbox 3502 662 3779 725; x_wconf 71' lang='grc' dir='ltr'>ὑπέλαϐεν</span> 
     </span>
    </p>
   </div>
   <div class='ocr_carea' id='block_1_22' title="bbox 2185 754 3779 834">
    <p class='ocr_par' dir='ltr' id='par_1_22' title="bbox 2185 754 3779 834">
     <span class='ocr_line' id='line_1_22' title="bbox 2185 754 3779 834; baseline 0.001 -20"><span class='ocrx_word' id='word_1_134' title='bbox 2185 754 2329 814; x_wconf 76' lang='grc' dir='ltr'>εἶναι</span> <span class='ocrx_word' id='word_1_135' title='bbox 2360 760 2453 815; x_wconf 87' lang='grc' dir='ltr'><strong>τοῦ</strong></span> <span class='ocrx_word' id='word_1_136' title='bbox 2487 758 2800 831; x_wconf 85' lang='grc' dir='ltr'>πρεσϐύτου</span> <span class='ocrx_word' id='word_1_137' title='bbox 2831 759 2926 814; x_wconf 88' lang='grc' dir='ltr'><strong>τοῦ</strong></span> <span class='ocrx_word' id='word_1_138' title='bbox 2951 760 3147 832; x_wconf 78' lang='grc' dir='ltr'><strong>θηρίου</strong></span> <span class='ocrx_word' id='word_1_139' title='bbox 3174 761 3267 815; x_wconf 78' lang='grc' dir='ltr'>τὸν</span> <span class='ocrx_word' id='word_1_140' title='bbox 3299 761 3549 817; x_wconf 89' lang='grc' dir='ltr'>θάνατον.</span> <span class='ocrx_word' id='word_1_141' title='bbox 3583 763 3626 819; x_wconf 86' lang='grc' dir='ltr'><strong>Τ</strong></span> <span class='ocrx_word' id='word_1_142' title='bbox 3629 762 3695 834; x_wconf 78' lang='grc' dir='ltr'>ὴν</span> <span class='ocrx_word' id='word_1_143' title='bbox 3720 762 3779 817; x_wconf 74' lang='grc' dir='ltr'><strong>δὲ</strong></span> 
     </span>
    </p>
   </div>
   <div class='ocr_carea' id='block_1_23' title="bbox 2185 852 3779 927">
    <p class='ocr_par' dir='ltr' id='par_1_23' title="bbox 2185 852 3779 927">
     <span class='ocr_line' id='line_1_23' title="bbox 2185 852 3779 927; baseline 0 -20"><span class='ocrx_word' id='word_1_144' title='bbox 2185 852 2305 907; x_wconf 85' lang='grc' dir='ltr'>ὁδὸν</span> <span class='ocrx_word' id='word_1_145' title='bbox 2339 853 2624 918; x_wconf 85' lang='grc' dir='ltr'>ἐξανύσας,</span> <span class='ocrx_word' id='word_1_146' title='bbox 2667 852 2766 907; x_wconf 67' lang='grc' dir='ltr'>καὶ</span> <span class='ocrx_word' id='word_1_147' title='bbox 2816 853 2915 924; x_wconf 78' lang='grc' dir='ltr'>τῆς</span> <span class='ocrx_word' id='word_1_148' title='bbox 2962 853 3235 923; x_wconf 83' lang='grc' dir='ltr'>ὑμνῳδίας</span> <span class='ocrx_word' id='word_1_149' title='bbox 3284 854 3384 925; x_wconf 82' lang='grc' dir='ltr'>τὴν</span> <span class='ocrx_word' id='word_1_150' title='bbox 3434 854 3779 927; x_wconf 82' lang='grc' dir='ltr'>λειτουργίαν</span> 
     </span>
    </p>
   </div>
   <div class='ocr_carea' id='block_1_24' title="bbox 2186 940 3783 1019">
    <p class='ocr_par' dir='ltr' id='par_1_24' title="bbox 2186 940 3783 1019">
     <span class='ocr_line' id='line_1_24' title="bbox 2186 940 3783 1019; baseline 0.003 -23"><span class='ocrx_word' id='word_1_151' title='bbox 2186 943 2591 1017; x_wconf 77' lang='grc' dir='ltr'><strong>πεπληρωκὼς,</strong></span> <span class='ocrx_word' id='word_1_152' title='bbox 2613 946 2690 1010; x_wconf 84' lang='grc' dir='ltr'>ὡς</span> <span class='ocrx_word' id='word_1_153' title='bbox 2724 948 2754 999; x_wconf 99' lang='lat'><strong>6</strong></span> <span class='ocrx_word' id='word_1_154' title='bbox 2782 946 2881 1016; x_wconf 82' lang='grc' dir='ltr'>τῆς</span> <span class='ocrx_word' id='word_1_155' title='bbox 2916 944 3237 1016; x_wconf 86' lang='grc' dir='ltr'>ἀναπαύλης</span> <span class='ocrx_word' id='word_1_156' title='bbox 3268 940 3371 1019; x_wconf 76' lang='grc' dir='ltr'><strong>ἧκε</strong></span> <span class='ocrx_word' id='word_1_157' title='bbox 3400 947 3611 1018; x_wconf 76' lang='grc' dir='ltr'>καιρὸς,</span> <span class='ocrx_word' id='word_1_158' title='bbox 3643 947 3783 1001; x_wconf 78' lang='grc' dir='ltr'>καθ·</span> 
     </span>
    </p>
   </div>
   <div class='ocr_carea' id='block_1_25' title="bbox 2190 1036 3779 1111">
    <p class='ocr_par' dir='ltr' id='par_1_25' title="bbox 2190 1036 3779 1111">
     <span class='ocr_line' id='line_1_25' title="bbox 2190 1036 3779 1111; baseline 0.001 -19"><span class='ocrx_word' id='word_1_159' title='bbox 2190 1036 2313 1102; x_wconf 82' lang='grc' dir='ltr'>ίσας</span> <span class='ocrx_word' id='word_1_160' title='bbox 2353 1039 2382 1092; x_wconf 94' lang='lat'><strong>6</strong></span> <span class='ocrx_word' id='word_1_161' title='bbox 2425 1037 2761 1110; x_wconf 86' lang='grc' dir='ltr'>πρεσϐύτης,</span> <span class='ocrx_word' id='word_1_162' title='bbox 2799 1038 2895 1092; x_wconf 69' lang='grc' dir='ltr'>καὶ</span> <span class='ocrx_word' id='word_1_163' title='bbox 2924 1038 3072 1109; x_wconf 82' lang='grc' dir='ltr'>αύτῷ</span> <span class='ocrx_word' id='word_1_164' title='bbox 3104 1040 3166 1091; x_wconf 82' lang='grc' dir='ltr'>τὸ</span> <span class='ocrx_word' id='word_1_165' title='bbox 3194 1038 3354 1107; x_wconf 85' lang='grc' dir='ltr'>σῶμα</span> <span class='ocrx_word' id='word_1_166' title='bbox 3382 1038 3779 1111; x_wconf 87' lang='grc' dir='ltr'>προσαναπαῦ-</span> 
     </span>
    </p>
   </div>
   <div class='ocr_carea' id='block_1_26' title="bbox 2189 1129 3782 1202">
    <p class='ocr_par' dir='ltr' id='par_1_26' title="bbox 2189 1129 3782 1202">
     <span class='ocr_line' id='line_1_26' title="bbox 2189 1129 3782 1202; baseline 0.001 -18"><span class='ocrx_word' id='word_1_167' title='bbox 2189 1146 2280 1184; x_wconf 91' lang='grc' dir='ltr'><strong>σαι</strong></span> <span class='ocrx_word' id='word_1_168' title='bbox 2340 1131 2536 1200; x_wconf 72' lang='grc' dir='ltr'>μικρὸν</span> <span class='ocrx_word' id='word_1_169' title='bbox 2594 1129 2979 1202; x_wconf 77' lang='grc' dir='ltr'><strong>παρηγγύησε,</strong></span> <span class='ocrx_word' id='word_1_170' title='bbox 3014 1130 3077 1183; x_wconf 86' lang='grc' dir='ltr'><strong>τδ</strong></span> <span class='ocrx_word' id='word_1_171' title='bbox 3124 1130 3224 1202; x_wconf 82' lang='grc' dir='ltr'><strong>μὲν</strong></span> <span class='ocrx_word' id='word_1_172' title='bbox 3270 1130 3488 1202; x_wconf 79' lang='grc' dir='ltr'>πρῶτον</span> <span class='ocrx_word' id='word_1_173' title='bbox 3534 1130 3782 1202; x_wconf 81' lang='grc' dir='ltr'>καθῆστο</span> 
     </span>
    </p>
   </div>
   <div class='ocr_carea' id='block_1_27' title="bbox 2187 1223 3780 1298">
    <p class='ocr_par' dir='ltr' id='par_1_27' title="bbox 2187 1223 3780 1298">
     <span class='ocr_line' id='line_1_27' title="bbox 2187 1223 3780 1298; baseline 0.001 -20"><span class='ocrx_word' id='word_1_174' title='bbox 2187 1223 2378 1294; x_wconf 82' lang='grc' dir='ltr'><strong>σιγῶν.</strong></span> <span class='ocrx_word' id='word_1_175' title='bbox 2426 1224 2723 1297; x_wconf 82' lang='grc' dir='ltr'>Ἐπειδὴδέ</span> <span class='ocrx_word' id='word_1_176' title='bbox 2756 1225 2787 1277; x_wconf 79' lang='grc' dir='ltr'><strong>ό</strong></span> <span class='ocrx_word' id='word_1_177' title='bbox 2836 1225 3154 1298; x_wconf 88' lang='grc' dir='ltr'>πρεσϐύτης</span> <span class='ocrx_word' id='word_1_178' title='bbox 3180 1223 3323 1289; x_wconf 74' lang='grc' dir='ltr'>τινὸς</span> <span class='ocrx_word' id='word_1_179' title='bbox 3358 1225 3537 1298; x_wconf 69' lang='grc' dir='ltr'>ἥψατο</span> <span class='ocrx_word' id='word_1_180' title='bbox 3594 1225 3780 1281; x_wconf 85' lang='grc' dir='ltr'>διαλέ-</span> 
     </span>
    </p>
   </div>
   <div class='ocr_carea' id='block_1_28' title="bbox 2189 1313 3777 1388">
    <p class='ocr_par' dir='ltr' id='par_1_28' title="bbox 2189 1313 3777 1388">
     <span class='ocr_line' id='line_1_28' title="bbox 2189 1313 3777 1388; baseline 0 -18"><span class='ocrx_word' id='word_1_181' title='bbox 2189 1313 2349 1383; x_wconf 81' lang='grc' dir='ltr'>ξεως,</span> <span class='ocrx_word' id='word_1_182' title='bbox 2391 1316 2532 1387; x_wconf 89' lang='grc' dir='ltr'>μετά</span> <span class='ocrx_word' id='word_1_183' title='bbox 2564 1333 2710 1380; x_wconf 85' lang='grc' dir='ltr'>τινος</span> <span class='ocrx_word' id='word_1_184' title='bbox 2738 1315 3095 1388; x_wconf 82' lang='grc' dir='ltr'><strong>μειδιάματος</strong></span> <span class='ocrx_word' id='word_1_185' title='bbox 3127 1316 3403 1372; x_wconf 80' lang='grc' dir='ltr'><strong>ἱκέτευσεν</strong></span> <span class='ocrx_word' id='word_1_186' title='bbox 3452 1317 3481 1370; x_wconf 90' lang='lat'><strong>6</strong></span> <span class='ocrx_word' id='word_1_187' title='bbox 3519 1316 3777 1382; x_wconf 80' lang='grc' dir='ltr'>Ἰάκωϐος</span> 
     </span>
    </p>
   </div>
   <div class='ocr_carea' id='block_1_29' title="bbox 2186 1406 3779 1481">
    <p class='ocr_par' dir='ltr' id='par_1_29' title="bbox 2186 1406 3779 1481">
     <span class='ocr_line' id='line_1_29' title="bbox 2186 1406 3779 1481; baseline 0.002 -20"><span class='ocrx_word' id='word_1_188' title='bbox 2186 1406 2346 1479; x_wconf 75' lang='grc' dir='ltr'>δῆλον</span> <span class='ocrx_word' id='word_1_189' title='bbox 2380 1406 2531 1478; x_wconf 82' lang='grc' dir='ltr'><strong>αύτῷ</strong></span> <span class='ocrx_word' id='word_1_190' title='bbox 2556 1408 2781 1479; x_wconf 81' lang='grc' dir='ltr'>ποιῆσαι</span> <span class='ocrx_word' id='word_1_191' title='bbox 2806 1408 2867 1461; x_wconf 74' lang='grc' dir='ltr'>τὸ</span> <span class='ocrx_word' id='word_1_192' title='bbox 2897 1407 3281 1480; x_wconf 86' lang='grc' dir='ltr'>ἀγνοούμενον.</span> <span class='ocrx_word' id='word_1_193' title='bbox 3320 1408 3431 1462; x_wconf 89' lang='grc' dir='ltr'>Τοῦ</span> <span class='ocrx_word' id='word_1_194' title='bbox 3455 1408 3513 1463; x_wconf 81' lang='grc' dir='ltr'><strong>δὲ</strong></span> <span class='ocrx_word' id='word_1_195' title='bbox 3552 1408 3779 1481; x_wconf 80' lang='grc' dir='ltr'>ἔρεσθαι</span> 
     </span>
    </p>
   </div>
   <div class='ocr_carea' id='block_1_30' title="bbox 2186 1494 3779 1573">
    <p class='ocr_par' dir='ltr' id='par_1_30' title="bbox 2186 1494 3779 1573">
     <span class='ocr_line' id='line_1_30' title="bbox 2186 1494 3779 1573; baseline 0.002 -21"><span class='ocrx_word' id='word_1_196' title='bbox 2186 1496 2601 1571; x_wconf 73' lang='grc' dir='ltr'>ἐπιτρέψαντος·</span> <span class='ocrx_word' id='word_1_197' title='bbox 2628 1517 2647 1550; x_wconf 77' lang='grc' dir='ltr'><strong>ι</strong></span> <span class='ocrx_word' id='word_1_198' title='bbox 2686 1494 2862 1567; x_wconf 77' lang='grc' dir='ltr'>Εἶδον,</span> <span class='ocrx_word' id='word_1_199' title='bbox 2904 1499 3032 1571; x_wconf 74' lang='grc' dir='ltr'>ἔφη,</span> <span class='ocrx_word' id='word_1_200' title='bbox 3058 1500 3200 1554; x_wconf 77' lang='grc' dir='ltr'>κατὰ</span> <span class='ocrx_word' id='word_1_201' title='bbox 3223 1499 3322 1573; x_wconf 79' lang='grc' dir='ltr'>τὴν</span> <span class='ocrx_word' id='word_1_202' title='bbox 3352 1499 3471 1554; x_wconf 77' lang='grc' dir='ltr'><strong>ὁδὸν</strong></span> <span class='ocrx_word' id='word_1_203' title='bbox 3502 1500 3779 1572; x_wconf 86' lang='grc' dir='ltr'>δράκοντα</span> 
     </span>
    </p>
   </div>
   <div class='ocr_carea' id='block_1_31' title="bbox 2189 1582 3778 1665">
    <p class='ocr_par' dir='ltr' id='par_1_31' title="bbox 2189 1582 3778 1665">
     <span class='ocr_line' id='line_1_31' title="bbox 2189 1582 3778 1665; baseline 0.002 -22"><span class='ocrx_word' id='word_1_204' title='bbox 2189 1589 2450 1661; x_wconf 86' lang='grc' dir='ltr'>μέγιστον</span> <span class='ocrx_word' id='word_1_205' title='bbox 2497 1589 2850 1662; x_wconf 71' lang='grc' dir='ltr'><strong>ἐρριμμένον,</strong></span> <span class='ocrx_word' id='word_1_206' title='bbox 2907 1592 3003 1645; x_wconf 61' lang='grc' dir='ltr'><strong>καὶ¹</strong></span> <span class='ocrx_word' id='word_1_207' title='bbox 3034 1590 3094 1644; x_wconf 78' lang='grc' dir='ltr'>τὸ</span> <span class='ocrx_word' id='word_1_208' title='bbox 3145 1592 3243 1662; x_wconf 80' lang='grc' dir='ltr'><strong>μὲν</strong></span> <span class='ocrx_word' id='word_1_209' title='bbox 3278 1582 3496 1665; x_wconf 83' lang='grc' dir='ltr'>πρῶτον</span> <span class='ocrx_word' id='word_1_210' title='bbox 3551 1592 3778 1647; x_wconf 87' lang='grc' dir='ltr'>ἐδεδίειν</span> 
     </span>
    </p>
   </div>
   <div class='ocr_carea' id='block_1_32' title="bbox 2186 1681 3778 1756">
    <p class='ocr_par' dir='ltr' id='par_1_32' title="bbox 2186 1681 3778 1756">
     <span class='ocr_line' id='line_1_32' title="bbox 2186 1681 3778 1756; baseline 0.002 -18"><span class='ocrx_word' id='word_1_211' title='bbox 2186 1681 2288 1756; x_wconf 78' lang='grc' dir='ltr'><strong>ζῇν</strong></span> <span class='ocrx_word' id='word_1_212' title='bbox 2326 1681 2517 1736; x_wconf 89' lang='grc' dir='ltr'>τοῦτον</span> <span class='ocrx_word' id='word_1_213' title='bbox 2542 1681 2965 1755; x_wconf 70' lang='grc' dir='ltr'>ὑπολαμϐάνων·</span> <span class='ocrx_word' id='word_1_214' title='bbox 3004 1684 3191 1754; x_wconf 84' lang='grc' dir='ltr'>ἐπειδὴ</span> <span class='ocrx_word' id='word_1_215' title='bbox 3224 1684 3281 1738; x_wconf 87' lang='grc' dir='ltr'><strong>δὲ</strong></span> <span class='ocrx_word' id='word_1_216' title='bbox 3310 1684 3583 1741; x_wconf 86' lang='grc' dir='ltr'>τεθνεῶτα</span> <span class='ocrx_word' id='word_1_217' title='bbox 3610 1684 3778 1742; x_wconf 78' lang='grc' dir='ltr'>ἐθεα-</span> 
     </span>
    </p>
   </div>
   <div class='ocr_carea' id='block_1_33' title="bbox 2190 1770 3778 1848">
    <p class='ocr_par' dir='ltr' id='par_1_33' title="bbox 2190 1770 3778 1848">
     <span class='ocr_line' id='line_1_33' title="bbox 2190 1770 3778 1848; baseline 0.003 -21"><span class='ocrx_word' id='word_1_218' title='bbox 2190 1774 2392 1845; x_wconf 90' lang='grc' dir='ltr'>σάμην,</span> <span class='ocrx_word' id='word_1_219' title='bbox 2421 1770 2703 1845; x_wconf 76' lang='grc' dir='ltr'>θαρρήσας</span> <span class='ocrx_word' id='word_1_220' title='bbox 2723 1774 2824 1844; x_wconf 82' lang='grc' dir='ltr'>τὴν</span> <span class='ocrx_word' id='word_1_221' title='bbox 2855 1773 3083 1847; x_wconf 79' lang='grc' dir='ltr'>πορείαν</span> <span class='ocrx_word' id='word_1_222' title='bbox 3112 1776 3458 1847; x_wconf 74' lang='grc' dir='ltr'>ἐποιησάμην</span> <span class='ocrx_word' id='word_1_223' title='bbox 3478 1792 3491 1804; x_wconf 88' lang='grc'><strong>·</strong></span> <span class='ocrx_word' id='word_1_224' title='bbox 3523 1775 3645 1830; x_wconf 75' lang='grc' dir='ltr'>εἰπέ</span> <span class='ocrx_word' id='word_1_225' title='bbox 3681 1792 3778 1848; x_wconf 80' lang='grc' dir='ltr'><strong>μοι</strong></span> 
     </span>
    </p>
   </div>
   <div class='ocr_carea' id='block_1_34' title="bbox 492 1848 2076 1939">
    <p class='ocr_par' dir='ltr' id='par_1_34' title="bbox 492 1853 2076 1924">
     <span class='ocr_line' id='line_1_34' title="bbox 492 1853 2076 1924; baseline 0.001 -16"><span class='ocrx_word' id='word_1_226' title='bbox 492 1854 640 1908; x_wconf 81' lang='lat' dir='ltr'><strong>hunc</strong></span> <span class='ocrx_word' id='word_1_227' title='bbox 671 1854 949 1909; x_wconf 81' lang='lat' dir='ltr'><strong>interfecit</strong></span> <span class='ocrx_word' id='word_1_228' title='bbox 972 1853 1001 1908; x_wconf 63' lang='grc' dir='ltr'><em>ἓ</em></span> <span class='ocrx_word' id='word_1_229' title='bbox 1022 1863 1081 1907; x_wconf 91' lang='lat' dir='ltr'><strong>tu</strong></span> <span class='ocrx_word' id='word_1_230' title='bbox 1106 1855 1251 1910; x_wconf 87' lang='lat' dir='ltr'><strong>enim</strong></span> <span class='ocrx_word' id='word_1_231' title='bbox 1281 1854 1649 1924; x_wconf 81' lang='lat' dir='ltr'><strong>praecedebas,</strong></span> <span class='ocrx_word' id='word_1_232' title='bbox 1683 1854 1869 1910; x_wconf 90' lang='lat' dir='ltr'><strong>nullus</strong></span> <span class='ocrx_word' id='word_1_233' title='bbox 1900 1864 2076 1910; x_wconf 89' lang='lat' dir='ltr'><strong>autem</strong></span> 
     </span>
    </p>
   </div>
   <div class='ocr_carea' id='block_1_35' title="bbox 2182 1848 3776 1939">
    <p class='ocr_par' dir='ltr' id='par_1_35' title="bbox 2188 1856 3776 1939">
     <span class='ocr_line' id='line_1_35' title="bbox 2188 1856 3776 1939; baseline -0.001 -17"><span class='ocrx_word' id='word_1_234' title='bbox 2188 1866 2389 1928; x_wconf 80' lang='grc' dir='ltr'>τοίνυν,</span> <span class='ocrx_word' id='word_1_235' title='bbox 2414 1856 2461 1916; x_wconf 76' lang='grc' dir='ltr'>ὦ</span> <span class='ocrx_word' id='word_1_236' title='bbox 2492 1864 2697 1935; x_wconf 81' lang='grc' dir='ltr'>Πάτερ,</span> <span class='ocrx_word' id='word_1_237' title='bbox 2721 1864 2806 1928; x_wconf 88' lang='grc' dir='ltr'><strong>τίς</strong></span> <span class='ocrx_word' id='word_1_238' title='bbox 2829 1864 3017 1919; x_wconf 87' lang='grc' dir='ltr'>τοῦτον</span> <span class='ocrx_word' id='word_1_239' title='bbox 3043 1866 3333 1919; x_wconf 87' lang='grc' dir='ltr'>ἀπέκτεινε</span> <span class='ocrx_word' id='word_1_240' title='bbox 3357 1883 3373 1931; x_wconf 83' lang='grc'>;</span> <span class='ocrx_word' id='word_1_241' title='bbox 3406 1866 3470 1920; x_wconf 82' lang='grc' dir='ltr'>σὺ</span> <span class='ocrx_word' id='word_1_242' title='bbox 3497 1866 3607 1939; x_wconf 79' lang='grc' dir='ltr'><strong>γὰρ</strong></span> <span class='ocrx_word' id='word_1_243' title='bbox 3633 1866 3776 1938; x_wconf 81' lang='grc' dir='ltr'>ἡγοῦ</span> 
     </span>
    </p>
   </div>
   <div class='ocr_carea' id='block_1_36' title="bbox 491 1946 2078 2019">
    <p class='ocr_par' dir='ltr' id='par_1_36' title="bbox 491 1946 2078 2019">
     <span class='ocr_line' id='line_1_36' title="bbox 491 1946 2078 2019; baseline 0 -18"><span class='ocrx_word' id='word_1_244' title='bbox 491 1947 634 2002; x_wconf 89' lang='lat' dir='ltr'><strong>alius</strong></span> <span class='ocrx_word' id='word_1_245' title='bbox 663 1946 768 2001; x_wconf 87' lang='lat' dir='ltr'><strong>hac</strong></span> <span class='ocrx_word' id='word_1_246' title='bbox 817 1947 1102 2017; x_wconf 65' lang='lat' dir='ltr'><strong>praeteriit.</strong></span> <span class='ocrx_word' id='word_1_247' title='bbox 1145 1966 1163 1998; x_wconf 76' lang='grc' dir='ltr'><strong>ι</strong></span> <span class='ocrx_word' id='word_1_248' title='bbox 1204 1946 1342 2002; x_wconf 90' lang='lat' dir='ltr'><strong>Tum</strong></span> <span class='ocrx_word' id='word_1_249' title='bbox 1379 1964 1571 2013; x_wconf 83' lang='lat' dir='ltr'><strong>senex,</strong></span> <span class='ocrx_word' id='word_1_250' title='bbox 1609 1967 1627 1999; x_wconf 75' lang='grc' dir='ltr'><strong>ι</strong></span> <span class='ocrx_word' id='word_1_251' title='bbox 1660 1948 1852 2013; x_wconf 91' lang='lat' dir='ltr'><strong>Cessa,</strong></span> <span class='ocrx_word' id='word_1_252' title='bbox 1877 1948 2078 2019; x_wconf 88' lang='lat' dir='ltr'><strong>inquit,</strong></span> 
     </span>
    </p>
   </div>
   <div class='ocr_carea' id='block_1_37' title="bbox 491 2038 2080 2109">
    <p class='ocr_par' dir='ltr' id='par_1_37' title="bbox 491 2038 2080 2109">
     <span class='ocr_line' id='line_1_37' title="bbox 491 2038 2080 2109; baseline -0.002 -12"><span class='ocrx_word' id='word_1_253' title='bbox 491 2038 623 2097; x_wconf 83' lang='lat' dir='ltr'><strong>talia</strong></span> <span class='ocrx_word' id='word_1_254' title='bbox 673 2039 1059 2108; x_wconf 89' lang='lat' dir='ltr'><strong>perscrutari,</strong></span> <span class='ocrx_word' id='word_1_255' title='bbox 1122 2053 1244 2109; x_wconf 72' lang='lat' dir='ltr'><strong>qua:</strong></span> <span class='ocrx_word' id='word_1_256' title='bbox 1317 2040 1731 2096; x_wconf 83' lang='lat' dir='ltr'><strong>sciscitantibus</strong></span> <span class='ocrx_word' id='word_1_257' title='bbox 1786 2041 2080 2095; x_wconf 86' lang='lat' dir='ltr'><strong>utilitatem</strong></span> 
     </span>
    </p>
   </div>
   <div class='ocr_carea' id='block_1_38' title="bbox 489 2130 2080 2201">
    <p class='ocr_par' dir='ltr' id='par_1_38' title="bbox 489 2130 2080 2201">
     <span class='ocr_line' id='line_1_38' title="bbox 489 2130 2080 2201; baseline 0.003 -16"><span class='ocrx_word' id='word_1_258' title='bbox 489 2130 687 2186; x_wconf 71' lang='lat' dir='ltr'><strong>aliene</strong></span> <span class='ocrx_word' id='word_1_259' title='bbox 720 2132 927 2186; x_wconf 88' lang='lat' dir='ltr'><strong>nullam</strong></span> <span class='ocrx_word' id='word_1_260' title='bbox 957 2140 1207 2201; x_wconf 92' lang='lat' dir='ltr'><strong>possunt.</strong></span> <span class='ocrx_word' id='word_1_261' title='bbox 1250 2151 1269 2184; x_wconf 73' lang='grc' dir='ltr'><strong>ι</strong></span> <span class='ocrx_word' id='word_1_262' title='bbox 1295 2130 1400 2187; x_wconf 85' lang='lat' dir='ltr'><strong>Sed</strong></span> <span class='ocrx_word' id='word_1_263' title='bbox 1426 2133 1672 2189; x_wconf 89' lang='lat' dir='ltr'><strong>instabat</strong></span> <span class='ocrx_word' id='word_1_264' title='bbox 1690 2134 1865 2190; x_wconf 89' lang='lat' dir='ltr'><strong>nihilo</strong></span> <span class='ocrx_word' id='word_1_265' title='bbox 1893 2134 2080 2189; x_wconf 90' lang='lat' dir='ltr'><strong>secius</strong></span> 
     </span>
    </p>
   </div>
   <div class='ocr_carea' id='block_1_39' title="bbox 489 2226 2079 2289">
    <p class='ocr_par' dir='ltr' id='par_1_39' title="bbox 489 2226 2079 2289">
     <span class='ocr_line' id='line_1_39' title="bbox 489 2226 2079 2289; baseline -0.001 -8"><span class='ocrx_word' id='word_1_266' title='bbox 489 2226 850 2283; x_wconf 88' lang='lat' dir='ltr'><strong>admirandus</strong></span> <span class='ocrx_word' id='word_1_267' title='bbox 888 2226 1157 2289; x_wconf 87' lang='lat' dir='ltr'><strong>Jacobus,</strong></span> <span class='ocrx_word' id='word_1_268' title='bbox 1197 2242 1387 2281; x_wconf 86' lang='lat' dir='ltr'><strong>verum</strong></span> <span class='ocrx_word' id='word_1_269' title='bbox 1438 2228 1583 2282; x_wconf 89' lang='lat' dir='ltr'><strong>scire</strong></span> <span class='ocrx_word' id='word_1_270' title='bbox 1633 2227 1978 2282; x_wconf 86' lang='lat' dir='ltr'><strong>desiderans.</strong></span> <span class='ocrx_word' id='word_1_271' title='bbox 2014 2226 2079 2280; x_wconf 78' lang='lat' dir='ltr'><strong>Et</strong></span> 
     </span>
    </p>
   </div>
   <div class='ocr_carea' id='block_1_40' title="bbox 488 2319 2078 2390">
    <p class='ocr_par' dir='ltr' id='par_1_40' title="bbox 488 2319 2078 2390">
     <span class='ocr_line' id='line_1_40' title="bbox 488 2319 2078 2390; baseline -0.001 -14"><span class='ocrx_word' id='word_1_272' title='bbox 488 2335 659 2376; x_wconf 85' lang='lat' dir='ltr'><strong>senex</strong></span> <span class='ocrx_word' id='word_1_273' title='bbox 693 2319 787 2375; x_wconf 88' lang='lat' dir='ltr'><strong>diu</strong></span> <span class='ocrx_word' id='word_1_274' title='bbox 817 2320 1043 2390; x_wconf 84' lang='lat' dir='ltr'><strong>quidem</strong></span> <span class='ocrx_word' id='word_1_275' title='bbox 1078 2321 1264 2377; x_wconf 87' lang='lat' dir='ltr'><strong>celare</strong></span> <span class='ocrx_word' id='word_1_276' title='bbox 1299 2329 1532 2376; x_wconf 87' lang='lat' dir='ltr'><strong>conatus</strong></span> <span class='ocrx_word' id='word_1_277' title='bbox 1558 2361 1573 2386; x_wconf 93' lang='lat'><strong>,</strong></span> <span class='ocrx_word' id='word_1_278' title='bbox 1641 2320 1852 2376; x_wconf 89' lang='lat' dir='ltr'><strong>diutius</strong></span> <span class='ocrx_word' id='word_1_279' title='bbox 1896 2327 2078 2375; x_wconf 88' lang='lat' dir='ltr'><strong>autem</strong></span> 
     </span>
    </p>
   </div>
   <div class='ocr_carea' id='block_1_41' title="bbox 486 2410 2080 2484">
    <p class='ocr_par' dir='ltr' id='par_1_41' title="bbox 486 2410 2080 2484">
     <span class='ocr_line' id='line_1_41' title="bbox 486 2410 2080 2484; baseline 0.001 -18"><span class='ocrx_word' id='word_1_280' title='bbox 486 2410 726 2466; x_wconf 78' lang='lat' dir='ltr'><strong>amicum</strong></span> <span class='ocrx_word' id='word_1_281' title='bbox 749 2411 873 2483; x_wconf 87' lang='lat' dir='ltr'><strong>angi</strong></span> <span class='ocrx_word' id='word_1_282' title='bbox 907 2426 1019 2465; x_wconf 87' lang='lat' dir='ltr'><strong>non</strong></span> <span class='ocrx_word' id='word_1_283' title='bbox 1052 2410 1267 2468; x_wconf 79' lang='lat' dir='ltr'><strong>ferens:</strong></span> <span class='ocrx_word' id='word_1_284' title='bbox 1308 2432 1326 2465; x_wconf 82' lang='grc' dir='ltr'><strong>ι</strong></span> <span class='ocrx_word' id='word_1_285' title='bbox 1371 2411 1511 2482; x_wconf 83' lang='lat' dir='ltr'><strong>Ego,</strong></span> <span class='ocrx_word' id='word_1_286' title='bbox 1565 2414 1765 2484; x_wconf 89' lang='lat' dir='ltr'><strong>inquit,</strong></span> <span class='ocrx_word' id='word_1_287' title='bbox 1827 2414 1874 2469; x_wconf 91' lang='lat' dir='ltr'><strong>si</strong></span> <span class='ocrx_word' id='word_1_288' title='bbox 1934 2413 2080 2469; x_wconf 90' lang='lat' dir='ltr'><strong>scire</strong></span> 
     </span>
    </p>
   </div>
   <div class='ocr_carea' id='block_1_42' title="bbox 488 2503 2080 2577">
    <p class='ocr_par' dir='ltr' id='par_1_42' title="bbox 488 2503 2080 2577">
     <span class='ocr_line' id='line_1_42' title="bbox 488 2503 2080 2577; baseline 0.002 -20"><span class='ocrx_word' id='word_1_289' title='bbox 488 2519 640 2572; x_wconf 87' lang='lat' dir='ltr'><strong>aves,</strong></span> <span class='ocrx_word' id='word_1_290' title='bbox 671 2504 772 2559; x_wconf 90' lang='lat' dir='ltr'><strong>tibi</strong></span> <span class='ocrx_word' id='word_1_291' title='bbox 801 2503 1019 2558; x_wconf 86' lang='lat' dir='ltr'><strong>dicam:</strong></span> <span class='ocrx_word' id='word_1_292' title='bbox 1059 2503 1159 2558; x_wconf 90' lang='lat' dir='ltr'><strong>sed</strong></span> <span class='ocrx_word' id='word_1_293' title='bbox 1200 2512 1323 2560; x_wconf 89' lang='lat' dir='ltr'><strong>veto</strong></span> <span class='ocrx_word' id='word_1_294' title='bbox 1356 2521 1426 2561; x_wconf 92' lang='lat' dir='ltr'><strong>ne</strong></span> <span class='ocrx_word' id='word_1_295' title='bbox 1480 2506 1628 2577; x_wconf 86' lang='lat' dir='ltr'><strong>quod</strong></span> <span class='ocrx_word' id='word_1_296' title='bbox 1682 2505 1864 2560; x_wconf 87' lang='lat' dir='ltr'><strong>dicam</strong></span> <span class='ocrx_word' id='word_1_297' title='bbox 1906 2521 1972 2559; x_wconf 88' lang='lat' dir='ltr'><strong>ex</strong></span> <span class='ocrx_word' id='word_1_298' title='bbox 2025 2513 2080 2560; x_wconf 92' lang='lat' dir='ltr'><strong>te</strong></span> 
     </span>
    </p>
   </div>
   <div class='ocr_carea' id='block_1_43' title="bbox 489 2606 2079 2678">
    <p class='ocr_par' dir='ltr' id='par_1_43' title="bbox 489 2606 2079 2678">
     <span class='ocr_line' id='line_1_43' title="bbox 489 2606 2079 2678; baseline 0.003 -20"><span class='ocrx_word' id='word_1_299' title='bbox 489 2606 633 2662; x_wconf 84' lang='lat' dir='ltr'><strong>alius</strong></span> <span class='ocrx_word' id='word_1_300' title='bbox 670 2621 759 2662; x_wconf 91' lang='lat' dir='ltr'><strong>me</strong></span> <span class='ocrx_word' id='word_1_301' title='bbox 792 2606 916 2660; x_wconf 80' lang='lat' dir='ltr'><strong>vivo</strong></span> <span class='ocrx_word' id='word_1_302' title='bbox 957 2607 1255 2677; x_wconf 80' lang='lat' dir='ltr'><strong>quisquam</strong></span> <span class='ocrx_word' id='word_1_303' title='bbox 1314 2607 1559 2664; x_wconf 87' lang='lat' dir='ltr'><strong>resciat:</strong></span> <span class='ocrx_word' id='word_1_304' title='bbox 1597 2607 1781 2663; x_wconf 89' lang='lat' dir='ltr'><strong>celare</strong></span> <span class='ocrx_word' id='word_1_305' title='bbox 1836 2623 2079 2678; x_wconf 82' lang='lat' dir='ltr'><strong>namque</strong></span> 
     </span>
    </p>
   </div>
   <div class='ocr_carea' id='block_1_44' title="bbox 486 2698 2076 2771">
    <p class='ocr_par' dir='ltr' id='par_1_44' title="bbox 486 2698 2076 2771">
     <span class='ocr_line' id='line_1_44' title="bbox 486 2698 2076 2771; baseline 0.004 -21"><span class='ocrx_word' id='word_1_306' title='bbox 486 2699 618 2751; x_wconf 81' lang='lat' dir='ltr'><strong>talia</strong></span> <span class='ocrx_word' id='word_1_307' title='bbox 650 2699 931 2764; x_wconf 90' lang='lat' dir='ltr'><strong>convenit,</strong></span> <span class='ocrx_word' id='word_1_308' title='bbox 983 2713 1106 2769; x_wconf 74' lang='lat' dir='ltr'><strong>quae</strong></span> <span class='ocrx_word' id='word_1_309' title='bbox 1167 2700 1539 2771; x_wconf 76' lang='lat' dir='ltr'><strong>arrogantiam</strong></span> <span class='ocrx_word' id='word_1_310' title='bbox 1573 2714 1717 2768; x_wconf 77' lang='lat' dir='ltr'><strong>saepe</strong></span> <span class='ocrx_word' id='word_1_311' title='bbox 1763 2714 1826 2755; x_wconf 88' lang='lat' dir='ltr'><strong>ac</strong></span> <span class='ocrx_word' id='word_1_312' title='bbox 1873 2698 2076 2757; x_wconf 78' lang='lat' dir='ltr'><strong>fastum</strong></span> 
     </span>
    </p>
   </div>
   <div class='ocr_carea' id='block_1_45' title="bbox 486 2788 2080 2861">
    <p class='ocr_par' dir='ltr' id='par_1_45' title="bbox 486 2788 2080 2861">
     <span class='ocr_line' id='line_1_45' title="bbox 486 2788 2080 2861; baseline 0.004 -22"><span class='ocrx_word' id='word_1_313' title='bbox 486 2790 735 2844; x_wconf 68' lang='lat' dir='ltr'><strong>excitant</strong></span> <span class='ocrx_word' id='word_1_314' title='bbox 765 2806 779 2841; x_wconf 90' lang='lat'>:</span> <span class='ocrx_word' id='word_1_315' title='bbox 804 2803 928 2842; x_wconf 91' lang='lat' dir='ltr'><strong>cum</strong></span> <span class='ocrx_word' id='word_1_316' title='bbox 949 2803 1080 2844; x_wconf 90' lang='lat' dir='ltr'><strong>vero</strong></span> <span class='ocrx_word' id='word_1_317' title='bbox 1113 2788 1242 2843; x_wconf 88' lang='lat' dir='ltr'><strong>hinc</strong></span> <span class='ocrx_word' id='word_1_318' title='bbox 1269 2804 1584 2854; x_wconf 81' lang='lat' dir='ltr'><strong>excessero,</strong></span> <span class='ocrx_word' id='word_1_319' title='bbox 1619 2798 1676 2845; x_wconf 91' lang='lat' dir='ltr'><strong>et</strong></span> <span class='ocrx_word' id='word_1_320' title='bbox 1702 2789 1773 2845; x_wconf 91' lang='lat' dir='ltr'><strong>ab</strong></span> <span class='ocrx_word' id='word_1_321' title='bbox 1807 2790 2080 2861; x_wconf 85' lang='lat' dir='ltr'><strong>ejusmodi</strong></span> 
     </span>
    </p>
   </div>
   <div class='ocr_carea' id='block_1_46' title="bbox 489 2880 2079 2952">
    <p class='ocr_par' dir='ltr' id='par_1_46' title="bbox 489 2880 2079 2952">
     <span class='ocr_line' id='line_1_46' title="bbox 489 2880 2079 2952; baseline -0.002 -14"><span class='ocrx_word' id='word_1_322' title='bbox 489 2880 703 2951; x_wconf 75' lang='lat'><strong>1125</strong></span> <span class='ocrx_word' id='word_1_323' title='bbox 738 2880 1250 2951; x_wconf 87' lang='lat' dir='ltr'><strong>perturbationibus</strong></span> <span class='ocrx_word' id='word_1_324' title='bbox 1281 2881 1547 2935; x_wconf 88' lang='lat' dir='ltr'><strong>liberatus</strong></span> <span class='ocrx_word' id='word_1_325' title='bbox 1570 2880 1751 2948; x_wconf 81' lang='lat' dir='ltr'><strong>fuero,</strong></span> <span class='ocrx_word' id='word_1_326' title='bbox 1771 2897 1883 2936; x_wconf 87' lang='lat' dir='ltr'><strong>non</strong></span> <span class='ocrx_word' id='word_1_327' title='bbox 1911 2896 2079 2952; x_wconf 89' lang='lat' dir='ltr'><strong>repu-</strong></span> 
     </span>
    </p>
   </div>
   <div class='ocr_carea' id='block_1_47' title="bbox 484 2956 2078 3045">
    <p class='ocr_par' dir='ltr' id='par_1_47' title="bbox 484 2956 2078 3045">
     <span class='ocr_line' id='line_1_47' title="bbox 484 2956 2078 3045; baseline 0.004 -20"><span class='ocrx_word' id='word_1_328' title='bbox 484 2988 596 3041; x_wconf 76' lang='lat' dir='ltr'><strong>gno</strong></span> <span class='ocrx_word' id='word_1_329' title='bbox 623 2974 755 3043; x_wconf 90' lang='lat' dir='ltr'><strong>quin</strong></span> <span class='ocrx_word' id='word_1_330' title='bbox 785 2973 963 3038; x_wconf 88' lang='lat' dir='ltr'><strong>dicas,</strong></span> <span class='ocrx_word' id='word_1_331' title='bbox 994 2973 1303 3044; x_wconf 61' lang='lat' dir='ltr'><strong>divinaeque</strong></span> <span class='ocrx_word' id='word_1_332' title='bbox 1324 2976 1517 3045; x_wconf 71' lang='lat' dir='ltr'><strong>gratiae</strong></span> <span class='ocrx_word' id='word_1_333' title='bbox 1544 2956 1802 3032; x_wconf 77' lang='lat' dir='ltr'><strong>virtutem</strong></span> <span class='ocrx_word' id='word_1_334' title='bbox 1829 2990 2078 3031; x_wconf 84' lang='lat' dir='ltr'><strong>enarres.</strong></span> 
     </span>
    </p>
   </div>
   <div class='ocr_carea' id='block_1_48' title="bbox 485 3062 2077 3136">
    <p class='ocr_par' dir='ltr' id='par_1_48' title="bbox 485 3062 2077 3136">
     <span class='ocr_line' id='line_1_48' title="bbox 485 3062 2077 3136; baseline 0.003 -18"><span class='ocrx_word' id='word_1_335' title='bbox 485 3062 639 3119; x_wconf 86' lang='lat' dir='ltr'><strong>Scito</strong></span> <span class='ocrx_word' id='word_1_336' title='bbox 665 3079 817 3135; x_wconf 88' lang='lat' dir='ltr'><strong>ergo,</strong></span> <span class='ocrx_word' id='word_1_337' title='bbox 849 3064 925 3119; x_wconf 86' lang='lat' dir='ltr'><strong>ait</strong></span> <span class='ocrx_word' id='word_1_338' title='bbox 953 3080 1183 3136; x_wconf 84' lang='lat' dir='ltr'><strong>magnus</strong></span> <span class='ocrx_word' id='word_1_339' title='bbox 1218 3063 1493 3134; x_wconf 83' lang='lat' dir='ltr'><strong>Julianus,</strong></span> <span class='ocrx_word' id='word_1_340' title='bbox 1549 3067 1788 3123; x_wconf 87' lang='lat' dir='ltr'><strong>belluam</strong></span> <span class='ocrx_word' id='word_1_341' title='bbox 1822 3066 1972 3121; x_wconf 84' lang='lat' dir='ltr'><strong>illam</strong></span> <span class='ocrx_word' id='word_1_342' title='bbox 2019 3066 2077 3123; x_wconf 85' lang='lat' dir='ltr'><strong>in</strong></span> 
     </span>
    </p>
   </div>
   <div class='ocr_carea' id='block_1_49' title="bbox 482 3155 2071 3229">
    <p class='ocr_par' dir='ltr' id='par_1_49' title="bbox 482 3155 2071 3229">
     <span class='ocr_line' id='line_1_49' title="bbox 482 3155 2071 3229; baseline 0.001 -18"><span class='ocrx_word' id='word_1_343' title='bbox 482 3172 571 3211; x_wconf 74' lang='lat' dir='ltr'><strong>me</strong></span> <span class='ocrx_word' id='word_1_344' title='bbox 600 3155 790 3212; x_wconf 85' lang='lat' dir='ltr'><strong>eadem</strong></span> <span class='ocrx_word' id='word_1_345' title='bbox 827 3157 882 3213; x_wconf 91' lang='lat' dir='ltr'><strong>in</strong></span> <span class='ocrx_word' id='word_1_346' title='bbox 933 3158 1018 3212; x_wconf 81' lang='lat' dir='ltr'><strong>via</strong></span> <span class='ocrx_word' id='word_1_347' title='bbox 1075 3157 1329 3221; x_wconf 86' lang='lat' dir='ltr'><strong>irruisse.</strong></span> <span class='ocrx_word' id='word_1_348' title='bbox 1364 3173 1539 3229; x_wconf 86' lang='lat' dir='ltr'><strong>osque</strong></span> <span class='ocrx_word' id='word_1_349' title='bbox 1572 3159 1641 3213; x_wconf 90' lang='lat' dir='ltr'><strong>ad</strong></span> <span class='ocrx_word' id='word_1_350' title='bbox 1691 3157 2071 3214; x_wconf 87' lang='lat' dir='ltr'><strong>devorandum</strong></span> 
     </span>
    </p>
   </div>
   <div class='ocr_carea' id='block_1_50' title="bbox 483 3247 2075 3322">
    <p class='ocr_par' dir='ltr' id='par_1_50' title="bbox 483 3247 2075 3322">
     <span class='ocr_line' id='line_1_50' title="bbox 483 3247 2075 3322; baseline 0.003 -21"><span class='ocrx_word' id='word_1_351' title='bbox 483 3248 835 3319; x_wconf 79' lang='lat' dir='ltr'><strong>patefecisse.</strong></span> <span class='ocrx_word' id='word_1_352' title='bbox 868 3247 938 3302; x_wconf 73' lang='lat' dir='ltr'><strong>At</strong></span> <span class='ocrx_word' id='word_1_353' title='bbox 974 3265 1075 3319; x_wconf 85' lang='lat' dir='ltr'><strong>ego</strong></span> <span class='ocrx_word' id='word_1_354' title='bbox 1107 3249 1201 3305; x_wconf 83' lang='lat' dir='ltr'><strong>Dei</strong></span> <span class='ocrx_word' id='word_1_355' title='bbox 1235 3265 1433 3307; x_wconf 89' lang='lat' dir='ltr'><strong>nomen</strong></span> <span class='ocrx_word' id='word_1_356' title='bbox 1455 3252 1763 3322; x_wconf 89' lang='lat' dir='ltr'><strong>appellans,</strong></span> <span class='ocrx_word' id='word_1_357' title='bbox 1789 3250 2075 3321; x_wconf 81' lang='lat' dir='ltr'><strong>digitoque</strong></span> 
     </span>
    </p>
   </div>
   <div class='ocr_carea' id='block_1_51' title="bbox 483 3338 2076 3406">
    <p class='ocr_par' dir='ltr' id='par_1_51' title="bbox 483 3338 2076 3406">
     <span class='ocr_line' id='line_1_51' title="bbox 483 3338 2076 3406; baseline 0.003 -14"><span class='ocrx_word' id='word_1_358' title='bbox 483 3348 750 3406; x_wconf 67' lang='lat' dir='ltr'><strong>tropzeum</strong></span> <span class='ocrx_word' id='word_1_359' title='bbox 774 3338 957 3393; x_wconf 88' lang='lat' dir='ltr'><strong>crucis</strong></span> <span class='ocrx_word' id='word_1_360' title='bbox 980 3338 1302 3406; x_wconf 87' lang='lat' dir='ltr'><strong>ostendens,</strong></span> <span class='ocrx_word' id='word_1_361' title='bbox 1344 3348 1399 3396; x_wconf 89' lang='lat' dir='ltr'><strong>et</strong></span> <span class='ocrx_word' id='word_1_362' title='bbox 1448 3356 1667 3397; x_wconf 89' lang='lat' dir='ltr'><strong>omnem</strong></span> <span class='ocrx_word' id='word_1_363' title='bbox 1717 3349 1923 3397; x_wconf 89' lang='lat' dir='ltr'><strong>metum</strong></span> <span class='ocrx_word' id='word_1_364' title='bbox 1977 3356 2076 3397; x_wconf 82' lang='lat' dir='ltr'><strong>ex-</strong></span> 
     </span>
    </p>
   </div>
   <div class='ocr_carea' id='block_1_52' title="bbox 483 3430 2076 3501">
    <p class='ocr_par' dir='ltr' id='par_1_52' title="bbox 483 3430 2076 3501">
     <span class='ocr_line' id='line_1_52' title="bbox 483 3430 2076 3501; baseline 0.002 -15"><span class='ocrx_word' id='word_1_365' title='bbox 483 3430 663 3496; x_wconf 83' lang='lat' dir='ltr'><strong>cussi,</strong></span> <span class='ocrx_word' id='word_1_366' title='bbox 692 3437 746 3486; x_wconf 85' lang='lat' dir='ltr'><strong>et</strong></span> <span class='ocrx_word' id='word_1_367' title='bbox 785 3430 1022 3486; x_wconf 89' lang='lat' dir='ltr'><strong>belluam</strong></span> <span class='ocrx_word' id='word_1_368' title='bbox 1054 3432 1328 3501; x_wconf 79' lang='lat' dir='ltr'><strong>extemplo</strong></span> <span class='ocrx_word' id='word_1_369' title='bbox 1361 3442 1716 3490; x_wconf 83' lang='lat' dir='ltr'><strong>corruentem</strong></span> <span class='ocrx_word' id='word_1_370' title='bbox 1742 3434 1875 3499; x_wconf 84' lang='lat' dir='ltr'><strong>vidi,</strong></span> <span class='ocrx_word' id='word_1_371' title='bbox 1924 3449 2076 3490; x_wconf 87' lang='lat' dir='ltr'><strong>com-</strong></span> 
     </span>
    </p>
   </div>
   <div class='ocr_carea' id='block_1_53' title="bbox 483 3520 2068 3593">
    <p class='ocr_par' dir='ltr' id='par_1_53' title="bbox 483 3520 2068 3593">
     <span class='ocr_line' id='line_1_53' title="bbox 483 3520 2068 3593; baseline 0 -16"><span class='ocrx_word' id='word_1_372' title='bbox 483 3521 750 3590; x_wconf 83' lang='lat' dir='ltr'><strong>munique</strong></span> <span class='ocrx_word' id='word_1_373' title='bbox 804 3520 1025 3575; x_wconf 89' lang='lat' dir='ltr'><strong>laudato</strong></span> <span class='ocrx_word' id='word_1_374' title='bbox 1081 3520 1396 3590; x_wconf 90' lang='lat' dir='ltr'><strong>Servatore,</strong></span> <span class='ocrx_word' id='word_1_375' title='bbox 1462 3524 1679 3593; x_wconf 78' lang='lat' dir='ltr'><strong>perrexi</strong></span> <span class='ocrx_word' id='word_1_376' title='bbox 1750 3524 2003 3581; x_wconf 89' lang='lat' dir='ltr'><strong>ulterius.</strong></span> <span class='ocrx_word' id='word_1_377' title='bbox 2046 3541 2068 3577; x_wconf 70' lang='grc' dir='ltr'><strong>ι</strong></span> 
     </span>
    </p>
   </div>
   <div class='ocr_carea' id='block_1_54' title="bbox 487 3613 1920 3684">
    <p class='ocr_par' dir='ltr' id='par_1_54' title="bbox 487 3613 1920 3684">
     <span class='ocr_line' id='line_1_54' title="bbox 487 3613 1920 3684; baseline 0.001 -15"><span class='ocrx_word' id='word_1_378' title='bbox 487 3613 580 3669; x_wconf 89' lang='lat' dir='ltr'><strong>Sic</strong></span> <span class='ocrx_word' id='word_1_379' title='bbox 603 3613 752 3667; x_wconf 82' lang='lat' dir='ltr'><strong>ﬁnita</strong></span> <span class='ocrx_word' id='word_1_380' title='bbox 778 3613 1118 3675; x_wconf 88' lang='lat' dir='ltr'><strong>narratione,</strong></span> <span class='ocrx_word' id='word_1_381' title='bbox 1157 3614 1223 3669; x_wconf 90' lang='lat' dir='ltr'><strong>ad</strong></span> <span class='ocrx_word' id='word_1_382' title='bbox 1256 3622 1477 3670; x_wconf 89' lang='lat' dir='ltr'><strong>antrum</strong></span> <span class='ocrx_word' id='word_1_383' title='bbox 1511 3615 1790 3684; x_wconf 82' lang='lat' dir='ltr'><strong>profectus</strong></span> <span class='ocrx_word' id='word_1_384' title='bbox 1819 3626 1920 3672; x_wconf 87' lang='lat' dir='ltr'><strong>est.</strong></span> 
     </span>
    </p>
   </div>
   <div class='ocr_carea' id='block_1_55' title="bbox 2184 1957 3779 2031">
    <p class='ocr_par' dir='ltr' id='par_1_55' title="bbox 2184 1957 3779 2031">
     <span class='ocr_line' id='line_1_55' title="bbox 2184 1957 3779 2031; baseline 0.002 -20"><span class='ocrx_word' id='word_1_385' title='bbox 2184 1960 2282 2029; x_wconf 83' lang='grc' dir='ltr'>τῆς</span> <span class='ocrx_word' id='word_1_386' title='bbox 2335 1959 2478 2012; x_wconf 83' lang='grc' dir='ltr'>ὁδοῦ·</span> <span class='ocrx_word' id='word_1_387' title='bbox 2507 1958 2698 2029; x_wconf 72' lang='grc' dir='ltr'>ἔτερος</span> <span class='ocrx_word' id='word_1_388' title='bbox 2729 1958 2785 2010; x_wconf 82' lang='grc' dir='ltr'>δὲ</span> <span class='ocrx_word' id='word_1_389' title='bbox 2827 1957 3004 2023; x_wconf 76' lang='grc' dir='ltr'>οὐδεὶς</span> <span class='ocrx_word' id='word_1_390' title='bbox 3046 1958 3253 2029; x_wconf 87' lang='grc' dir='ltr'>ταύτην</span> <span class='ocrx_word' id='word_1_391' title='bbox 3285 1958 3613 2031; x_wconf 80' lang='grc' dir='ltr'><strong>διελήλυθεν.</strong></span> <span class='ocrx_word' id='word_1_392' title='bbox 3651 1978 3670 2013; x_wconf 75' lang='grc' dir='ltr'><strong>ι</strong></span> <span class='ocrx_word' id='word_1_393' title='bbox 3717 1961 3779 2014; x_wconf 89' lang='grc' dir='ltr'>Ὀ</span> 
     </span>
    </p>
   </div>
   <div class='ocr_carea' id='block_1_56' title="bbox 2181 2048 3779 2122">
    <p class='ocr_par' dir='ltr' id='par_1_56' title="bbox 2181 2048 3779 2122">
     <span class='ocr_line' id='line_1_56' title="bbox 2181 2048 3779 2122; baseline 0.001 -17"><span class='ocrx_word' id='word_1_394' title='bbox 2181 2050 2240 2105; x_wconf 86' lang='grc' dir='ltr'><strong>δὲ</strong></span> <span class='ocrx_word' id='word_1_395' title='bbox 2284 2049 2598 2122; x_wconf 86' lang='grc' dir='ltr'>πρεσϐύτης</span> <span class='ocrx_word' id='word_1_396' title='bbox 2629 2066 2643 2082; x_wconf 76' lang='grc' dir='ltr'><strong>ο</strong></span> <span class='ocrx_word' id='word_1_397' title='bbox 2681 2067 2699 2101; x_wconf 80' lang='grc' dir='ltr'><strong>ι</strong></span> <span class='ocrx_word' id='word_1_398' title='bbox 2738 2048 2973 2112; x_wconf 82' lang='grc' dir='ltr'>Παῦσαι,</span> <span class='ocrx_word' id='word_1_399' title='bbox 3020 2048 3147 2121; x_wconf 75' lang='grc' dir='ltr'>ἔφη,</span> <span class='ocrx_word' id='word_1_400' title='bbox 3202 2048 3680 2121; x_wconf 84' lang='grc' dir='ltr'>πολυπραγμονῶν</span> <span class='ocrx_word' id='word_1_401' title='bbox 3705 2051 3779 2106; x_wconf 78' lang='grc' dir='ltr'><strong>τά</strong></span> 
     </span>
    </p>
   </div>
   <div class='ocr_carea' id='block_1_57' title="bbox 2180 2139 3775 2212">
    <p class='ocr_par' dir='ltr' id='par_1_57' title="bbox 2180 2139 3775 2212">
     <span class='ocr_line' id='line_1_57' title="bbox 2180 2139 3775 2212; baseline 0.001 -17"><span class='ocrx_word' id='word_1_402' title='bbox 2180 2140 2426 2206; x_wconf 86' lang='grc' dir='ltr'>τοιαῦτα,</span> <span class='ocrx_word' id='word_1_403' title='bbox 2463 2141 2653 2212; x_wconf 81' lang='grc' dir='ltr'>φέρειν</span> <span class='ocrx_word' id='word_1_404' title='bbox 2685 2139 2873 2211; x_wconf 72' lang='grc' dir='ltr'>ὄνησιν</span> <span class='ocrx_word' id='word_1_405' title='bbox 2905 2144 3019 2205; x_wconf 80' lang='grc' dir='ltr'>τοῖς</span> <span class='ocrx_word' id='word_1_406' title='bbox 3050 2141 3355 2212; x_wconf 82' lang='grc' dir='ltr'>χρωμένοις</span> <span class='ocrx_word' id='word_1_407' title='bbox 3394 2142 3652 2207; x_wconf 76' lang='grc' dir='ltr'>οὐδεμίαν</span> <span class='ocrx_word' id='word_1_408' title='bbox 3680 2143 3775 2197; x_wconf 82' lang='grc' dir='ltr'><strong>δυ-</strong></span> 
     </span>
    </p>
   </div>
   <div class='ocr_carea' id='block_1_58' title="bbox 2182 2222 3779 2302">
    <p class='ocr_par' dir='ltr' id='par_1_58' title="bbox 2182 2222 3779 2302">
     <span class='ocr_line' id='line_1_58' title="bbox 2182 2222 3779 2302; baseline 0.003 -18"><span class='ocrx_word' id='word_1_409' title='bbox 2182 2230 2411 2301; x_wconf 89' lang='grc' dir='ltr'>νάμενα.</span> <span class='ocrx_word' id='word_1_410' title='bbox 2451 2248 2470 2281; x_wconf 71' lang='grc' dir='ltr'><strong>ι</strong></span> <span class='ocrx_word' id='word_1_411' title='bbox 2525 2227 2663 2282; x_wconf 72' lang='grc' dir='ltr'>Ἀλλ’</span> <span class='ocrx_word' id='word_1_412' title='bbox 2694 2228 2846 2283; x_wconf 79' lang='grc' dir='ltr'>οὐδὲν</span> <span class='ocrx_word' id='word_1_413' title='bbox 2873 2222 3032 2301; x_wconf 68' lang='grc' dir='ltr'>ἧττον</span> <span class='ocrx_word' id='word_1_414' title='bbox 3094 2233 3122 2283; x_wconf 91' lang='lat'><strong>6</strong></span> <span class='ocrx_word' id='word_1_415' title='bbox 3172 2230 3478 2302; x_wconf 82' lang='grc' dir='ltr'>Θαυμάσιος</span> <span class='ocrx_word' id='word_1_416' title='bbox 3520 2233 3779 2294; x_wconf 79' lang='grc' dir='ltr'>Ἰάκωϐος</span> 
     </span>
    </p>
   </div>
   <div class='ocr_carea' id='block_1_59' title="bbox 2180 2319 3781 2397">
    <p class='ocr_par' dir='ltr' id='par_1_59' title="bbox 2180 2319 3781 2397">
     <span class='ocr_line' id='line_1_59' title="bbox 2180 2319 3781 2397; baseline 0.001 -22"><span class='ocrx_word' id='word_1_417' title='bbox 2180 2320 2455 2387; x_wconf 76' lang='grc' dir='ltr'>ἐπέκειτο,</span> <span class='ocrx_word' id='word_1_418' title='bbox 2488 2319 2680 2392; x_wconf 81' lang='grc' dir='ltr'>μαθεῖν</span> <span class='ocrx_word' id='word_1_419' title='bbox 2702 2319 2934 2391; x_wconf 84' lang='grc' dir='ltr'>τάληθὲς</span> <span class='ocrx_word' id='word_1_420' title='bbox 2977 2321 3284 2393; x_wconf 80' lang='grc' dir='ltr'>ἐφιέμενος.</span> <span class='ocrx_word' id='word_1_421' title='bbox 3324 2325 3384 2376; x_wconf 89' lang='lat' dir='ltr'><strong>&#39;U</strong></span> <span class='ocrx_word' id='word_1_422' title='bbox 3427 2324 3484 2381; x_wconf 78' lang='grc' dir='ltr'><strong>δὲ</strong></span> <span class='ocrx_word' id='word_1_423' title='bbox 3533 2323 3781 2397; x_wconf 83' lang='grc' dir='ltr'>πρεσϐύ-</span> 
     </span>
    </p>
   </div>
   <div class='ocr_carea' id='block_1_60' title="bbox 2180 2413 3781 2486">
    <p class='ocr_par' dir='ltr' id='par_1_60' title="bbox 2180 2413 3781 2486">
     <span class='ocr_line' id='line_1_60' title="bbox 2180 2413 3781 2486; baseline 0.004 -20"><span class='ocrx_word' id='word_1_424' title='bbox 2180 2430 2299 2484; x_wconf 87' lang='grc' dir='ltr'>της,</span> <span class='ocrx_word' id='word_1_425' title='bbox 2352 2416 2617 2485; x_wconf 81' lang='grc' dir='ltr'>κρύπτειν</span> <span class='ocrx_word' id='word_1_426' title='bbox 2657 2413 2757 2483; x_wconf 80' lang='grc' dir='ltr'>μὲν</span> <span class='ocrx_word' id='word_1_427' title='bbox 2804 2414 2898 2468; x_wconf 79' lang='grc' dir='ltr'>ἐπὶ</span> <span class='ocrx_word' id='word_1_428' title='bbox 2951 2413 3085 2466; x_wconf 80' lang='grc' dir='ltr'>πολὺ</span> <span class='ocrx_word' id='word_1_429' title='bbox 3132 2413 3495 2486; x_wconf 82' lang='grc' dir='ltr'>πειρώμενος,</span> <span class='ocrx_word' id='word_1_430' title='bbox 3531 2416 3689 2484; x_wconf 81' lang='grc' dir='ltr'>ἀνιᾷν</span> <span class='ocrx_word' id='word_1_431' title='bbox 3716 2416 3781 2472; x_wconf 80' lang='grc' dir='ltr'><strong>δὲ</strong></span> 
     </span>
    </p>
   </div>
   <div class='ocr_carea' id='block_1_61' title="bbox 2180 2503 3777 2576">
    <p class='ocr_par' dir='ltr' id='par_1_61' title="bbox 2180 2503 3777 2576">
     <span class='ocr_line' id='line_1_61' title="bbox 2180 2503 3777 2576; baseline 0.001 -17"><span class='ocrx_word' id='word_1_432' title='bbox 2180 2505 2272 2559; x_wconf 74' lang='grc' dir='ltr'>τὸν</span> <span class='ocrx_word' id='word_1_433' title='bbox 2304 2504 2543 2576; x_wconf 79' lang='grc' dir='ltr'>ἐραστὴν</span> <span class='ocrx_word' id='word_1_434' title='bbox 2577 2504 2672 2557; x_wconf 81' lang='grc' dir='ltr'>ἐπὶ</span> <span class='ocrx_word' id='word_1_435' title='bbox 2728 2503 2911 2557; x_wconf 82' lang='grc' dir='ltr'>πλεῖον</span> <span class='ocrx_word' id='word_1_436' title='bbox 2963 2505 3063 2557; x_wconf 81' lang='grc' dir='ltr'>οὐκ</span> <span class='ocrx_word' id='word_1_437' title='bbox 3115 2506 3485 2576; x_wconf 87' lang='grc' dir='ltr'>ἀνασχόμενος</span> <span class='ocrx_word' id='word_1_438' title='bbox 3513 2523 3529 2538; x_wconf 74' lang='grc' dir='ltr'><strong>ο</strong></span> <span class='ocrx_word' id='word_1_439' title='bbox 3570 2525 3589 2558; x_wconf 78' lang='grc' dir='ltr'><strong>ι</strong></span> <span class='ocrx_word' id='word_1_440' title='bbox 3632 2507 3777 2575; x_wconf 79' lang='grc' dir='ltr'>Ἐγώ</span> 
     </span>
    </p>
   </div>
   <div class='ocr_carea' id='block_1_62' title="bbox 2182 2595 3778 2673">
    <p class='ocr_par' dir='ltr' id='par_1_62' title="bbox 2182 2595 3778 2673">
     <span class='ocr_line' id='line_1_62' title="bbox 2182 2595 3778 2673; baseline 0.003 -24"><span class='ocrx_word' id='word_1_441' title='bbox 2182 2613 2287 2658; x_wconf 88' lang='grc' dir='ltr'>σοι,</span> <span class='ocrx_word' id='word_1_442' title='bbox 2314 2595 2439 2671; x_wconf 78' lang='grc' dir='ltr'>ἔφη,</span> <span class='ocrx_word' id='word_1_443' title='bbox 2478 2595 2609 2668; x_wconf 87' lang='grc' dir='ltr'>ἐρῶ,</span> <span class='ocrx_word' id='word_1_444' title='bbox 2645 2596 2694 2649; x_wconf 88' lang='grc' dir='ltr'><strong>εί</strong></span> <span class='ocrx_word' id='word_1_445' title='bbox 2723 2597 2915 2667; x_wconf 85' lang='grc' dir='ltr'>μαθεῖν</span> <span class='ocrx_word' id='word_1_446' title='bbox 2939 2597 3153 2665; x_wconf 81' lang='grc' dir='ltr'>ἐφίεσαι</span> <span class='ocrx_word' id='word_1_447' title='bbox 3187 2613 3201 2627; x_wconf 93' lang='grc'><strong>·</strong></span> <span class='ocrx_word' id='word_1_448' title='bbox 3233 2598 3541 2668; x_wconf 85' lang='grc' dir='ltr'>παρεγγυῶ</span> <span class='ocrx_word' id='word_1_449' title='bbox 3571 2598 3629 2653; x_wconf 82' lang='grc' dir='ltr'><strong>δὲ</strong></span> <span class='ocrx_word' id='word_1_450' title='bbox 3665 2616 3778 2673; x_wconf 82' lang='grc' dir='ltr'>μη·-</span> 
     </span>
    </p>
   </div>
   <div class='ocr_carea' id='block_1_63' title="bbox 2179 2686 3779 2762">
    <p class='ocr_par' dir='ltr' id='par_1_63' title="bbox 2179 2686 3779 2762">
     <span class='ocr_line' id='line_1_63' title="bbox 2179 2686 3779 2762; baseline -0.001 -20"><span class='ocrx_word' id='word_1_451' title='bbox 2179 2687 2306 2742; x_wconf 82' lang='grc' dir='ltr'>δένα</span> <span class='ocrx_word' id='word_1_452' title='bbox 2335 2688 2522 2758; x_wconf 75' lang='grc' dir='ltr'>ἕτερον</span> <span class='ocrx_word' id='word_1_453' title='bbox 2553 2686 2688 2758; x_wconf 79' lang='grc' dir='ltr'>ἐμοῦ</span> <span class='ocrx_word' id='word_1_454' title='bbox 2745 2687 2949 2753; x_wconf 75' lang='grc' dir='ltr'>ζῶντος</span> <span class='ocrx_word' id='word_1_455' title='bbox 2978 2688 3306 2761; x_wconf 84' lang='grc' dir='ltr'>ποιήσασθαι</span> <span class='ocrx_word' id='word_1_456' title='bbox 3338 2689 3433 2743; x_wconf 85' lang='grc' dir='ltr'><strong>τοῦ</strong></span> <span class='ocrx_word' id='word_1_457' title='bbox 3465 2689 3779 2762; x_wconf 78' lang='grc' dir='ltr'>ῥηθησομέ·</span> 
     </span>
    </p>
   </div>
   <div class='ocr_carea' id='block_1_64' title="bbox 2180 2778 3781 2854">
    <p class='ocr_par' dir='ltr' id='par_1_64' title="bbox 2180 2778 3781 2854">
     <span class='ocr_line' id='line_1_64' title="bbox 2180 2778 3781 2854; baseline 0.001 -20"><span class='ocrx_word' id='word_1_458' title='bbox 2180 2796 2272 2835; x_wconf 94' lang='grc' dir='ltr'><strong>νου</strong></span> <span class='ocrx_word' id='word_1_459' title='bbox 2296 2780 2605 2849; x_wconf 85' lang='grc' dir='ltr'>συνίστορα·</span> <span class='ocrx_word' id='word_1_460' title='bbox 2629 2778 2895 2850; x_wconf 81' lang='grc' dir='ltr'>κρύπτειν</span> <span class='ocrx_word' id='word_1_461' title='bbox 2923 2779 3033 2852; x_wconf 85' lang='grc' dir='ltr'>γὰρ</span> <span class='ocrx_word' id='word_1_462' title='bbox 3062 2780 3132 2835; x_wconf 80' lang='grc' dir='ltr'><strong>τά</strong></span> <span class='ocrx_word' id='word_1_463' title='bbox 3162 2782 3341 2836; x_wconf 82' lang='grc' dir='ltr'>τοιάδε</span> <span class='ocrx_word' id='word_1_464' title='bbox 3370 2782 3663 2854; x_wconf 76' lang='grc' dir='ltr'>προσήκει,</span> <span class='ocrx_word' id='word_1_465' title='bbox 3696 2785 3781 2846; x_wconf 80' lang='grc' dir='ltr'><strong>είς</strong></span> 
     </span>
    </p>
   </div>
   <div class='ocr_carea' id='block_1_65' title="bbox 2181 2871 3781 2946">
    <p class='ocr_par' dir='ltr' id='par_1_65' title="bbox 2181 2871 3781 2946">
     <span class='ocr_line' id='line_1_65' title="bbox 2181 2871 3781 2946; baseline -0.001 -19"><span class='ocrx_word' id='word_1_466' title='bbox 2181 2871 2502 2937; x_wconf 78' lang='grc' dir='ltr'>ἀλαζονείαν</span> <span class='ocrx_word' id='word_1_467' title='bbox 2530 2871 2623 2925; x_wconf 76' lang='grc' dir='ltr'>καὶ</span> <span class='ocrx_word' id='word_1_468' title='bbox 2643 2871 2812 2941; x_wconf 79' lang='grc' dir='ltr'>τῦφον</span> <span class='ocrx_word' id='word_1_469' title='bbox 2841 2872 3101 2936; x_wconf 84' lang='grc' dir='ltr'>πολλάκις</span> <span class='ocrx_word' id='word_1_470' title='bbox 3129 2874 3414 2945; x_wconf 83' lang='grc' dir='ltr'>ἐγείροντα</span> <span class='ocrx_word' id='word_1_471' title='bbox 3431 2891 3444 2904; x_wconf 91' lang='grc'><strong>·</strong></span> <span class='ocrx_word' id='word_1_472' title='bbox 3483 2874 3549 2946; x_wconf 83' lang='grc' dir='ltr'><strong>ἢν</strong></span> <span class='ocrx_word' id='word_1_473' title='bbox 3573 2873 3632 2928; x_wconf 83' lang='grc' dir='ltr'><strong>δὲ</strong></span> <span class='ocrx_word' id='word_1_474' title='bbox 3664 2873 3781 2943; x_wconf 77' lang='grc' dir='ltr'><strong>ἐγὼ</strong></span> 
     </span>
    </p>
   </div>
   <div class='ocr_carea' id='block_1_66' title="bbox 2182 2961 3780 3037">
    <p class='ocr_par' dir='ltr' id='par_1_66' title="bbox 2182 2961 3780 3037">
     <span class='ocr_line' id='line_1_66' title="bbox 2182 2961 3780 3037; baseline 0.001 -19"><span class='ocrx_word' id='word_1_475' title='bbox 2182 2962 2396 3018; x_wconf 79' lang='grc' dir='ltr'>ἐνθένδε</span> <span class='ocrx_word' id='word_1_476' title='bbox 2441 2962 2685 3028; x_wconf 79' lang='grc' dir='ltr'>ἀπέλθω,</span> <span class='ocrx_word' id='word_1_477' title='bbox 2720 2961 2813 3017; x_wconf 80' lang='grc' dir='ltr'>καὶ</span> <span class='ocrx_word' id='word_1_478' title='bbox 2861 2963 2970 3017; x_wconf 86' lang='grc' dir='ltr'><strong>τῶν</strong></span> <span class='ocrx_word' id='word_1_479' title='bbox 3017 2963 3237 3020; x_wconf 84' lang='grc' dir='ltr'>τοιῶνδε</span> <span class='ocrx_word' id='word_1_480' title='bbox 3271 2965 3460 3020; x_wconf 83' lang='grc' dir='ltr'>παθῶν</span> <span class='ocrx_word' id='word_1_481' title='bbox 3489 2965 3780 3037; x_wconf 79' lang='grc' dir='ltr'>ἐλεύθερος</span> 
     </span>
    </p>
   </div>
   <div class='ocr_carea' id='block_1_67' title="bbox 2180 3054 3781 3130">
    <p class='ocr_par' dir='ltr' id='par_1_67' title="bbox 2180 3054 3781 3130">
     <span class='ocr_line' id='line_1_67' title="bbox 2180 3054 3781 3130; baseline 0.002 -22"><span class='ocrx_word' id='word_1_482' title='bbox 2180 3056 2449 3126; x_wconf 83' lang='grc' dir='ltr'>γένωμαι,</span> <span class='ocrx_word' id='word_1_483' title='bbox 2498 3054 2678 3124; x_wconf 86' lang='grc' dir='ltr'>λέγειν</span> <span class='ocrx_word' id='word_1_484' title='bbox 2722 3056 2784 3108; x_wconf 83' lang='grc' dir='ltr'><strong>ού</strong></span> <span class='ocrx_word' id='word_1_485' title='bbox 2836 3055 3051 3120; x_wconf 83' lang='grc' dir='ltr'>κωλύω,</span> <span class='ocrx_word' id='word_1_486' title='bbox 3083 3057 3177 3112; x_wconf 69' lang='grc' dir='ltr'>καὶ</span> <span class='ocrx_word' id='word_1_487' title='bbox 3208 3058 3308 3126; x_wconf 83' lang='grc' dir='ltr'>τῆς</span> <span class='ocrx_word' id='word_1_488' title='bbox 3356 3057 3508 3119; x_wconf 86' lang='grc' dir='ltr'>θείας</span> <span class='ocrx_word' id='word_1_489' title='bbox 3554 3058 3781 3130; x_wconf 87' lang='grc' dir='ltr'>χάριτος</span> 
     </span>
    </p>
   </div>
   <div class='ocr_carea' id='block_1_68' title="bbox 2180 3143 3781 3221">
    <p class='ocr_par' dir='ltr' id='par_1_68' title="bbox 2180 3143 3781 3221">
     <span class='ocr_line' id='line_1_68' title="bbox 2180 3143 3781 3221; baseline 0.003 -22"><span class='ocrx_word' id='word_1_490' title='bbox 2180 3144 2487 3214; x_wconf 80' lang='grc' dir='ltr'>διηγεῖσθαι</span> <span class='ocrx_word' id='word_1_491' title='bbox 2510 3146 2610 3219; x_wconf 83' lang='grc' dir='ltr'>τὴν</span> <span class='ocrx_word' id='word_1_492' title='bbox 2639 3145 2892 3218; x_wconf 83' lang='grc' dir='ltr'>δύναμιν.</span> <span class='ocrx_word' id='word_1_493' title='bbox 2921 3143 2995 3202; x_wconf 82' lang='grc' dir='ltr'><strong>Εὖ</strong></span> <span class='ocrx_word' id='word_1_494' title='bbox 3026 3146 3138 3203; x_wconf 86' lang='grc' dir='ltr'>ίσθι</span> <span class='ocrx_word' id='word_1_495' title='bbox 3165 3149 3367 3216; x_wconf 85' lang='grc' dir='ltr'>τοίνυν,</span> <span class='ocrx_word' id='word_1_496' title='bbox 3400 3150 3504 3221; x_wconf 75' lang='grc' dir='ltr'>ἔφη</span> <span class='ocrx_word' id='word_1_497' title='bbox 3538 3151 3568 3203; x_wconf 89' lang='lat'><strong>6</strong></span> <span class='ocrx_word' id='word_1_498' title='bbox 3604 3149 3781 3221; x_wconf 80' lang='grc' dir='ltr'>μέγας</span> 
     </span>
    </p>
   </div>
   <div class='ocr_carea' id='block_1_69' title="bbox 2103 3217 3782 3314">
    <p class='ocr_par' dir='ltr' id='par_1_69' title="bbox 2103 3217 3782 3314">
     <span class='ocr_line' id='line_1_69' title="bbox 2103 3217 3782 3314; baseline 0.001 -22"><span class='ocrx_word' id='word_1_499' title='bbox 2103 3217 2151 3283; x_wconf 76' lang='lat' dir='ltr'>c</span> <span class='ocrx_word' id='word_1_500' title='bbox 2193 3237 2504 3303; x_wconf 78' lang='grc' dir='ltr'>Ἰουλιανὸς,</span> <span class='ocrx_word' id='word_1_501' title='bbox 2545 3217 2621 3302; x_wconf 78' lang='grc' dir='ltr'>ὦς</span> <span class='ocrx_word' id='word_1_502' title='bbox 2651 3217 2920 3309; x_wconf 69' lang='grc' dir='ltr'>βαδίζοντί</span> <span class='ocrx_word' id='word_1_503' title='bbox 2959 3257 3050 3310; x_wconf 72' lang='grc' dir='ltr'><strong>μοι</strong></span> <span class='ocrx_word' id='word_1_504' title='bbox 3103 3240 3245 3296; x_wconf 85' lang='grc' dir='ltr'><strong>κατά</strong></span> <span class='ocrx_word' id='word_1_505' title='bbox 3288 3242 3388 3311; x_wconf 81' lang='grc' dir='ltr'><strong>τὴν</strong></span> <span class='ocrx_word' id='word_1_506' title='bbox 3670 3240 3782 3314; x_wconf 73' lang='grc' dir='ltr'>θὴρ</span> 
     </span>
    </p>
   </div>
   <div class='ocr_carea' id='block_1_70' title="bbox 2182 3330 3782 3405">
    <p class='ocr_par' dir='ltr' id='par_1_70' title="bbox 2182 3330 3782 3405">
     <span class='ocr_line' id='line_1_70' title="bbox 2182 3330 3782 3405; baseline 0 -16"><span class='ocrx_word' id='word_1_507' title='bbox 2182 3334 2389 3397; x_wconf 82' lang='grc' dir='ltr'>ἐκεῖνος</span> <span class='ocrx_word' id='word_1_508' title='bbox 2410 3330 2591 3403; x_wconf 82' lang='grc' dir='ltr'>ἐπῄει,</span> <span class='ocrx_word' id='word_1_509' title='bbox 2609 3332 2703 3386; x_wconf 76' lang='grc' dir='ltr'><strong>καὶ</strong></span> <span class='ocrx_word' id='word_1_510' title='bbox 2731 3333 2794 3386; x_wconf 82' lang='grc' dir='ltr'>τὸ</span> <span class='ocrx_word' id='word_1_511' title='bbox 2817 3333 2993 3405; x_wconf 83' lang='grc' dir='ltr'>στόμα</span> <span class='ocrx_word' id='word_1_512' title='bbox 3021 3331 3266 3403; x_wconf 82' lang='grc' dir='ltr'>ἀνεώγνυ</span> <span class='ocrx_word' id='word_1_513' title='bbox 3286 3337 3579 3389; x_wconf 80' lang='grc' dir='ltr'>καταπιεῖν</span> <span class='ocrx_word' id='word_1_514' title='bbox 3616 3337 3782 3404; x_wconf 78' lang='grc' dir='ltr'>ἐφιέο</span> 
     </span>
    </p>
   </div>
   <div class='ocr_carea' id='block_1_71' title="bbox 2184 3424 3780 3501">
    <p class='ocr_par' dir='ltr' id='par_1_71' title="bbox 2184 3424 3780 3501">
     <span class='ocr_line' id='line_1_71' title="bbox 2184 3424 3780 3501; baseline 0.002 -23"><span class='ocrx_word' id='word_1_515' title='bbox 2184 3442 2364 3498; x_wconf 85' lang='grc' dir='ltr'>μενος.</span> <span class='ocrx_word' id='word_1_516' title='bbox 2398 3424 2539 3494; x_wconf 86' lang='grc' dir='ltr'><strong>Ἐγὼ</strong></span> <span class='ocrx_word' id='word_1_517' title='bbox 2559 3425 2618 3478; x_wconf 83' lang='grc' dir='ltr'><strong>δὲ</strong></span> <span class='ocrx_word' id='word_1_518' title='bbox 2641 3428 2706 3496; x_wconf 82' lang='grc' dir='ltr'>τῇ</span> <span class='ocrx_word' id='word_1_519' title='bbox 2733 3424 2825 3479; x_wconf 88' lang='grc' dir='ltr'><strong>τοῦ</strong></span> <span class='ocrx_word' id='word_1_520' title='bbox 2850 3424 2987 3480; x_wconf 85' lang='grc' dir='ltr'>Θεοῦ</span> <span class='ocrx_word' id='word_1_521' title='bbox 3021 3429 3373 3501; x_wconf 62' lang='grc' dir='ltr'>προσηγορία</span> <span class='ocrx_word' id='word_1_522' title='bbox 3407 3430 3780 3499; x_wconf 84' lang='grc' dir='ltr'>χρησάμενος,</span> 
     </span>
    </p>
   </div>
   <div class='ocr_carea' id='block_1_72' title="bbox 2181 3514 3776 3590">
    <p class='ocr_par' dir='ltr' id='par_1_72' title="bbox 2181 3514 3776 3590">
     <span class='ocr_line' id='line_1_72' title="bbox 2181 3514 3776 3590; baseline -0.001 -17"><span class='ocrx_word' id='word_1_523' title='bbox 2181 3517 2279 3573; x_wconf 69' lang='grc' dir='ltr'>καὶ</span> <span class='ocrx_word' id='word_1_524' title='bbox 2305 3517 2385 3590; x_wconf 82' lang='grc' dir='ltr'>τῷ</span> <span class='ocrx_word' id='word_1_525' title='bbox 2402 3516 2650 3587; x_wconf 84' lang='grc' dir='ltr'>δακτύλῳ</span> <span class='ocrx_word' id='word_1_526' title='bbox 2675 3516 2735 3570; x_wconf 79' lang='grc' dir='ltr'>τὸ</span> <span class='ocrx_word' id='word_1_527' title='bbox 2762 3514 2857 3569; x_wconf 86' lang='grc' dir='ltr'><strong>τοῦ</strong></span> <span class='ocrx_word' id='word_1_528' title='bbox 2892 3516 3132 3590; x_wconf 89' lang='grc' dir='ltr'>σταυροῦ</span> <span class='ocrx_word' id='word_1_529' title='bbox 3162 3518 3427 3589; x_wconf 83' lang='grc' dir='ltr'>τρόπαιον</span> <span class='ocrx_word' id='word_1_530' title='bbox 3461 3517 3776 3584; x_wconf 79' lang='grc' dir='ltr'>ὑποδείξας,</span> 
     </span>
    </p>
   </div>
   <div class='ocr_carea' id='block_1_73' title="bbox 2179 3608 3778 3685">
    <p class='ocr_par' dir='ltr' id='par_1_73' title="bbox 2179 3608 3778 3685">
     <span class='ocr_line' id='line_1_73' title="bbox 2179 3608 3778 3685; baseline -0.001 -18"><span class='ocrx_word' id='word_1_531' title='bbox 2179 3612 2329 3668; x_wconf 76' lang='grc' dir='ltr'>ἅπαν</span> <span class='ocrx_word' id='word_1_532' title='bbox 2383 3609 2482 3685; x_wconf 80' lang='grc' dir='ltr'>μὲν</span> <span class='ocrx_word' id='word_1_533' title='bbox 2531 3608 2647 3674; x_wconf 85' lang='grc' dir='ltr'>δέος</span> <span class='ocrx_word' id='word_1_534' title='bbox 2682 3608 3089 3680; x_wconf 88' lang='grc' dir='ltr'>ἀπεσεισάμην,</span> <span class='ocrx_word' id='word_1_535' title='bbox 3137 3610 3304 3664; x_wconf 80' lang='grc' dir='ltr'>πεσὸν</span> <span class='ocrx_word' id='word_1_536' title='bbox 3365 3611 3423 3665; x_wconf 78' lang='grc' dir='ltr'>δὲ</span> <span class='ocrx_word' id='word_1_537' title='bbox 3471 3610 3535 3663; x_wconf 77' lang='grc' dir='ltr'>τὸ</span> <span class='ocrx_word' id='word_1_538' title='bbox 3584 3609 3778 3682; x_wconf 84' lang='grc' dir='ltr'>θηρίον</span> 
     </span>
    </p>
   </div>
   <div class='ocr_carea' id='block_1_74' title="bbox 484 3701 3773 3778">
    <p class='ocr_par' dir='ltr' id='par_1_74' title="bbox 484 3701 3773 3778">
     <span class='ocr_line' id='line_1_74' title="bbox 484 3701 3773 3778; baseline -0 -20"><span class='ocrx_word' id='word_1_539' title='bbox 484 3703 799 3777; x_wconf 82' lang='grc' dir='ltr'>παραυτίκα</span> <span class='ocrx_word' id='word_1_540' title='bbox 842 3705 921 3770; x_wconf 85' lang='grc' dir='ltr'><strong>είς</strong></span> <span class='ocrx_word' id='word_1_541' title='bbox 961 3704 1068 3775; x_wconf 83' lang='grc' dir='ltr'>γῆν</span> <span class='ocrx_word' id='word_1_542' title='bbox 1098 3705 1435 3778; x_wconf 78' lang='grc' dir='ltr'>ἐθεασάμην,</span> <span class='ocrx_word' id='word_1_543' title='bbox 1478 3707 1574 3761; x_wconf 83' lang='grc' dir='ltr'>καὶ</span> <span class='ocrx_word' id='word_1_544' title='bbox 1615 3707 1707 3762; x_wconf 77' lang='grc' dir='ltr'>τὸν</span> <span class='ocrx_word' id='word_1_545' title='bbox 1745 3708 1923 3763; x_wconf 83' lang='grc' dir='ltr'>κοινὸν</span> <span class='ocrx_word' id='word_1_546' title='bbox 1963 3706 2284 3778; x_wconf 80' lang='grc' dir='ltr'>ἀνυμνὴσας</span> <span class='ocrx_word' id='word_1_547' title='bbox 2337 3702 2570 3772; x_wconf 78' lang='grc' dir='ltr'>Σωτῆρα</span> <span class='ocrx_word' id='word_1_548' title='bbox 2602 3702 2701 3774; x_wconf 75' lang='grc' dir='ltr'>τὴν</span> <span class='ocrx_word' id='word_1_549' title='bbox 2739 3701 2834 3756; x_wconf 73' lang='grc' dir='ltr'>ἐπὶ</span> <span class='ocrx_word' id='word_1_550' title='bbox 2862 3703 2923 3757; x_wconf 83' lang='grc' dir='ltr'>τὸ</span> <span class='ocrx_word' id='word_1_551' title='bbox 2984 3701 3176 3776; x_wconf 86' lang='grc' dir='ltr'>πρόσω</span> <span class='ocrx_word' id='word_1_552' title='bbox 3229 3701 3454 3773; x_wconf 88' lang='grc' dir='ltr'>πορείαν</span> <span class='ocrx_word' id='word_1_553' title='bbox 3503 3705 3773 3774; x_wconf 74' lang='grc' dir='ltr'>ἐποιησά-</span> 
     </span>
    </p>
   </div>
   <div class='ocr_carea' id='block_1_75' title="bbox 486 3797 2826 3877">
    <p class='ocr_par' dir='ltr' id='par_1_75' title="bbox 486 3797 2826 3877">
     <span class='ocr_line' id='line_1_75' title="bbox 486 3797 2826 3877; baseline 0 -29"><span class='ocrx_word' id='word_1_554' title='bbox 486 3809 615 3867; x_wconf 85' lang='grc' dir='ltr'>μην.</span> <span class='ocrx_word' id='word_1_555' title='bbox 644 3816 663 3849; x_wconf 76' lang='grc' dir='ltr'><strong>ι</strong></span> <span class='ocrx_word' id='word_1_556' title='bbox 688 3797 845 3854; x_wconf 80' lang='grc' dir='ltr'>Οὕτω</span> <span class='ocrx_word' id='word_1_557' title='bbox 878 3800 939 3854; x_wconf 78' lang='grc' dir='ltr'>τὸ</span> <span class='ocrx_word' id='word_1_558' title='bbox 965 3800 1207 3871; x_wconf 80' lang='grc' dir='ltr'>διήγημα</span> <span class='ocrx_word' id='word_1_559' title='bbox 1239 3803 1622 3872; x_wconf 79' lang='grc' dir='ltr'>συμπεράνας,</span> <span class='ocrx_word' id='word_1_560' title='bbox 1640 3804 1879 3870; x_wconf 80' lang='grc' dir='ltr'>ἀναστὰς</span> <span class='ocrx_word' id='word_1_561' title='bbox 1905 3804 2089 3877; x_wconf 77' lang='grc' dir='ltr'>εἴχετο</span> <span class='ocrx_word' id='word_1_562' title='bbox 2112 3801 2215 3873; x_wconf 86' lang='grc' dir='ltr'>τῆς</span> <span class='ocrx_word' id='word_1_563' title='bbox 2247 3800 2340 3854; x_wconf 79' lang='grc' dir='ltr'>ἐπὶ</span> <span class='ocrx_word' id='word_1_564' title='bbox 2370 3798 2429 3853; x_wconf 80' lang='grc' dir='ltr'>τὸ</span> <span class='ocrx_word' id='word_1_565' title='bbox 2453 3797 2649 3867; x_wconf 79' lang='grc' dir='ltr'>ἄντρον</span> <span class='ocrx_word' id='word_1_566' title='bbox 2678 3797 2826 3850; x_wconf 85' lang='grc' dir='ltr'>ὁδοῦ.</span> 
     </span>
    </p>
   </div>
   <div class='ocr_carea' id='block_1_76' title="bbox 558 3888 2076 3961">
    <p class='ocr_par' dir='ltr' id='par_1_76' title="bbox 558 3888 2076 3961">
     <span class='ocr_line' id='line_1_76' title="bbox 558 3888 2076 3961; baseline 0.007 -19"><span class='ocrx_word' id='word_1_567' title='bbox 558 3888 714 3945; x_wconf 82' lang='lat' dir='ltr'><strong>Alias</strong></span> <span class='ocrx_word' id='word_1_568' title='bbox 745 3889 968 3961; x_wconf 86' lang='lat' dir='ltr'><strong>quidam</strong></span> <span class='ocrx_word' id='word_1_569' title='bbox 992 3892 1340 3956; x_wconf 87' lang='lat' dir='ltr'><strong>adolescens,</strong></span> <span class='ocrx_word' id='word_1_570' title='bbox 1372 3894 1541 3948; x_wconf 87' lang='lat' dir='ltr'><strong>nobili</strong></span> <span class='ocrx_word' id='word_1_571' title='bbox 1571 3895 1690 3951; x_wconf 83' lang='lat' dir='ltr'><strong>loco</strong></span> <span class='ocrx_word' id='word_1_572' title='bbox 1717 3907 1900 3961; x_wconf 84' lang='lat' dir='ltr'><strong>natus,</strong></span> <span class='ocrx_word' id='word_1_573' title='bbox 1935 3896 2076 3952; x_wconf 86' lang='lat' dir='ltr'><strong>mol-</strong></span> 
     </span>
    </p>
   </div>
   <div class='ocr_carea' id='block_1_77' title="bbox 481 3977 2080 4061">
    <p class='ocr_par' dir='ltr' id='par_1_77' title="bbox 481 3977 2080 4061">
     <span class='ocr_line' id='line_1_77' title="bbox 481 3977 2080 4061; baseline 0.007 -25"><span class='ocrx_word' id='word_1_574' title='bbox 481 3977 719 4050; x_wconf 87' lang='lat' dir='ltr'><strong>literque</strong></span> <span class='ocrx_word' id='word_1_575' title='bbox 747 3985 1043 4049; x_wconf 89' lang='lat' dir='ltr'><strong>educatus,</strong></span> <span class='ocrx_word' id='word_1_576' title='bbox 1078 3985 1250 4041; x_wconf 88' lang='lat' dir='ltr'><strong>animi</strong></span> <span class='ocrx_word' id='word_1_577' title='bbox 1279 3986 1621 4043; x_wconf 84' lang='lat' dir='ltr'><strong>alacritatem</strong></span> <span class='ocrx_word' id='word_1_578' title='bbox 1648 4004 1845 4061; x_wconf 87' lang='lat' dir='ltr'><strong>gerens</strong></span> <span class='ocrx_word' id='word_1_579' title='bbox 1869 3990 2080 4047; x_wconf 89' lang='lat' dir='ltr'><strong>viribus</strong></span> 
     </span>
    </p>
   </div>
   <div class='ocr_carea' id='block_1_78' title="bbox 482 4071 2074 4144">
    <p class='ocr_par' dir='ltr' id='par_1_78' title="bbox 482 4071 2074 4144">
     <span class='ocr_line' id='line_1_78' title="bbox 482 4071 2074 4144; baseline 0.005 -18"><span class='ocrx_word' id='word_1_580' title='bbox 482 4071 772 4141; x_wconf 85' lang='lat' dir='ltr'><strong>majorem,</strong></span> <span class='ocrx_word' id='word_1_581' title='bbox 813 4075 1070 4143; x_wconf 82' lang='lat' dir='ltr'><strong>precibus</strong></span> <span class='ocrx_word' id='word_1_582' title='bbox 1109 4089 1141 4129; x_wconf 88' lang='lat' dir='ltr'><strong>a</strong></span> <span class='ocrx_word' id='word_1_583' title='bbox 1174 4090 1311 4132; x_wconf 87' lang='lat' dir='ltr'><strong>sene</strong></span> <span class='ocrx_word' id='word_1_584' title='bbox 1352 4077 1659 4144; x_wconf 86' lang='lat' dir='ltr'><strong>contendit,</strong></span> <span class='ocrx_word' id='word_1_585' title='bbox 1712 4078 1820 4134; x_wconf 85' lang='lat' dir='ltr'><strong>sibi</strong></span> <span class='ocrx_word' id='word_1_586' title='bbox 1854 4088 1912 4133; x_wconf 91' lang='lat' dir='ltr'><strong>ut</strong></span> <span class='ocrx_word' id='word_1_587' title='bbox 1947 4093 2074 4134; x_wconf 88' lang='lat' dir='ltr'><strong>cum</strong></span> 
     </span>
    </p>
   </div>
   <div class='ocr_carea' id='block_1_79' title="bbox 483 4163 2078 4239">
    <p class='ocr_par' dir='ltr' id='par_1_79' title="bbox 483 4163 2078 4239">
     <span class='ocr_line' id='line_1_79' title="bbox 483 4163 2078 4239; baseline 0.004 -20"><span class='ocrx_word' id='word_1_588' title='bbox 483 4163 604 4234; x_wconf 88' lang='lat' dir='ltr'><strong>ipso</strong></span> <span class='ocrx_word' id='word_1_589' title='bbox 634 4165 843 4222; x_wconf 87' lang='lat' dir='ltr'><strong>desertl</strong></span> <span class='ocrx_word' id='word_1_590' title='bbox 878 4167 1383 4239; x_wconf 79' lang='lat' dir='ltr'><strong>peregrinationem</strong></span> <span class='ocrx_word' id='word_1_591' title='bbox 1428 4168 1585 4226; x_wconf 90' lang='lat' dir='ltr'><strong>obire</strong></span> <span class='ocrx_word' id='word_1_592' title='bbox 1629 4168 1840 4236; x_wconf 87' lang='lat' dir='ltr'><strong>liceret,</strong></span> <span class='ocrx_word' id='word_1_593' title='bbox 1869 4187 1982 4226; x_wconf 91' lang='lat' dir='ltr'><strong>non</strong></span> <span class='ocrx_word' id='word_1_594' title='bbox 2010 4170 2078 4225; x_wconf 89' lang='lat' dir='ltr'><strong>il-</strong></span> 
     </span>
    </p>
   </div>
   <div class='ocr_carea' id='block_1_80' title="bbox 481 4255 2073 4332">
    <p class='ocr_par' dir='ltr' id='par_1_80' title="bbox 481 4255 2073 4332">
     <span class='ocr_line' id='line_1_80' title="bbox 481 4255 2073 4332; baseline 0.003 -21"><span class='ocrx_word' id='word_1_595' title='bbox 481 4255 591 4311; x_wconf 84' lang='lat' dir='ltr'><strong>lam</strong></span> <span class='ocrx_word' id='word_1_596' title='bbox 620 4273 994 4324; x_wconf 87' lang='lat' dir='ltr'><strong>communem,</strong></span> <span class='ocrx_word' id='word_1_597' title='bbox 1022 4275 1187 4331; x_wconf 86' lang='lat' dir='ltr'><strong>quam</strong></span> <span class='ocrx_word' id='word_1_598' title='bbox 1223 4276 1416 4318; x_wconf 88' lang='lat' dir='ltr'><strong>omnes</strong></span> <span class='ocrx_word' id='word_1_599' title='bbox 1441 4261 1658 4318; x_wconf 87' lang='lat' dir='ltr'><strong>inibant</strong></span> <span class='ocrx_word' id='word_1_600' title='bbox 1680 4262 1949 4332; x_wconf 88' lang='lat' dir='ltr'><strong>quotidie,</strong></span> <span class='ocrx_word' id='word_1_601' title='bbox 1976 4262 2073 4317; x_wconf 90' lang='lat' dir='ltr'><strong>sed</strong></span> 
     </span>
    </p>
   </div>
   <div class='ocr_carea' id='block_1_81' title="bbox 488 4347 2071 4422">
    <p class='ocr_par' dir='ltr' id='par_1_81' title="bbox 488 4347 2071 4422">
     <span class='ocr_line' id='line_1_81' title="bbox 488 4347 2071 4422; baseline 0.002 -21"><span class='ocrx_word' id='word_1_602' title='bbox 488 4347 893 4418; x_wconf 79' lang='lat' dir='ltr'><strong>longissimam,</strong></span> <span class='ocrx_word' id='word_1_603' title='bbox 924 4366 1045 4420; x_wconf 81' lang='lat' dir='ltr'><strong>quae</strong></span> <span class='ocrx_word' id='word_1_604' title='bbox 1070 4366 1216 4422; x_wconf 79' lang='lat' dir='ltr'><strong>saepe</strong></span> <span class='ocrx_word' id='word_1_605' title='bbox 1248 4351 1317 4406; x_wconf 90' lang='lat' dir='ltr'><strong>ad</strong></span> <span class='ocrx_word' id='word_1_606' title='bbox 1351 4359 1582 4421; x_wconf 88' lang='lat' dir='ltr'><strong>septem,</strong></span> <span class='ocrx_word' id='word_1_607' title='bbox 1620 4365 1765 4421; x_wconf 72' lang='lat' dir='ltr'><strong>szepe</strong></span> <span class='ocrx_word' id='word_1_608' title='bbox 1790 4349 1859 4405; x_wconf 92' lang='lat' dir='ltr'><strong>ad</strong></span> <span class='ocrx_word' id='word_1_609' title='bbox 1884 4350 2071 4405; x_wconf 90' lang='lat' dir='ltr'><strong>decem</strong></span> 
     </span>
    </p>
   </div>
   <div class='ocr_carea' id='block_1_82' title="bbox 2261 3886 3785 3961">
    <p class='ocr_par' dir='ltr' id='par_1_82' title="bbox 2261 3886 3785 3961">
     <span class='ocr_line' id='line_1_82' title="bbox 2261 3886 3785 3961; baseline -0.002 -17"><span class='ocrx_word' id='word_1_610' title='bbox 2261 3890 2487 3944; x_wconf 80' lang='grc' dir='ltr'>’Λλλοτε</span> <span class='ocrx_word' id='word_1_611' title='bbox 2517 3890 2574 3943; x_wconf 83' lang='grc' dir='ltr'><strong>δὲ</strong></span> <span class='ocrx_word' id='word_1_612' title='bbox 2604 3890 2915 3961; x_wconf 85' lang='grc' dir='ltr'>μειράκιον,</span> <span class='ocrx_word' id='word_1_613' title='bbox 2937 3887 2998 3955; x_wconf 80' lang='grc' dir='ltr'><strong>ἐξ</strong></span> <span class='ocrx_word' id='word_1_614' title='bbox 3018 3887 3260 3958; x_wconf 78' lang='grc' dir='ltr'>εὐγενῶν</span> <span class='ocrx_word' id='word_1_615' title='bbox 3291 3886 3629 3959; x_wconf 84' lang='grc' dir='ltr'>βλαστῆσαν,</span> <span class='ocrx_word' id='word_1_616' title='bbox 3654 3906 3785 3960; x_wconf 84' lang='grc' dir='ltr'>τρυ-</span> 
     </span>
    </p>
   </div>
   <div class='ocr_carea' id='block_1_83' title="bbox 2188 3980 3780 4054">
    <p class='ocr_par' dir='ltr' id='par_1_83' title="bbox 2188 3980 3780 4054">
     <span class='ocr_line' id='line_1_83' title="bbox 2188 3980 3780 4054; baseline 0.001 -19"><span class='ocrx_word' id='word_1_617' title='bbox 2188 3981 2375 4054; x_wconf 82' lang='grc' dir='ltr'>φηλῶς</span> <span class='ocrx_word' id='word_1_618' title='bbox 2418 3981 2474 4036; x_wconf 82' lang='grc' dir='ltr'><strong>δὲ</strong></span> <span class='ocrx_word' id='word_1_619' title='bbox 2525 3981 2928 4054; x_wconf 83' lang='grc' dir='ltr'>τεθραμμένον,</span> <span class='ocrx_word' id='word_1_620' title='bbox 2971 3980 3251 4054; x_wconf 81' lang='grc' dir='ltr'>προθυμίᾳ</span> <span class='ocrx_word' id='word_1_621' title='bbox 3304 3980 3361 4034; x_wconf 80' lang='grc' dir='ltr'><strong>δὲ</strong></span> <span class='ocrx_word' id='word_1_622' title='bbox 3416 3981 3629 4053; x_wconf 79' lang='grc' dir='ltr'>μείζονι</span> <span class='ocrx_word' id='word_1_623' title='bbox 3674 3981 3780 4052; x_wconf 82' lang='grc' dir='ltr'>τῆς</span> 
     </span>
    </p>
   </div>
   <div class='ocr_carea' id='block_1_84' title="bbox 2185 4071 3781 4146">
    <p class='ocr_par' dir='ltr' id='par_1_84' title="bbox 2185 4071 3781 4146">
     <span class='ocr_line' id='line_1_84' title="bbox 2185 4071 3781 4146; baseline -0.001 -17"><span class='ocrx_word' id='word_1_624' title='bbox 2185 4074 2468 4146; x_wconf 85' lang='grc' dir='ltr'>δυνάμεως</span> <span class='ocrx_word' id='word_1_625' title='bbox 2496 4073 2860 4146; x_wconf 76' lang='grc' dir='ltr'>κεχρημένον,</span> <span class='ocrx_word' id='word_1_626' title='bbox 2904 4072 3148 4127; x_wconf 79' lang='grc' dir='ltr'>ἱκέτευσε</span> <span class='ocrx_word' id='word_1_627' title='bbox 3188 4071 3281 4127; x_wconf 80' lang='grc' dir='ltr'>τὸν</span> <span class='ocrx_word' id='word_1_628' title='bbox 3332 4072 3648 4143; x_wconf 88' lang='grc' dir='ltr'>πρεσϐύτην</span> <span class='ocrx_word' id='word_1_629' title='bbox 3670 4072 3781 4143; x_wconf 70' lang='grc' dir='ltr'>τῆς</span> 
     </span>
    </p>
   </div>
   <div class='ocr_carea' id='block_1_85' title="bbox 2190 4163 3778 4239">
    <p class='ocr_par' dir='ltr' id='par_1_85' title="bbox 2190 4163 3778 4239">
     <span class='ocr_line' id='line_1_85' title="bbox 2190 4163 3778 4239; baseline -0.001 -19"><span class='ocrx_word' id='word_1_630' title='bbox 2190 4166 2278 4226; x_wconf 74' lang='grc' dir='ltr'>ἐπὶ</span> <span class='ocrx_word' id='word_1_631' title='bbox 2325 4166 2424 4239; x_wconf 83' lang='grc' dir='ltr'>τὴν</span> <span class='ocrx_word' id='word_1_632' title='bbox 2480 4165 2685 4237; x_wconf 74' lang='grc' dir='ltr'>ἔρημον</span> <span class='ocrx_word' id='word_1_633' title='bbox 2707 4164 2858 4236; x_wconf 83' lang='grc' dir='ltr'>αὐτῷ</span> <span class='ocrx_word' id='word_1_634' title='bbox 2908 4163 3237 4234; x_wconf 84' lang='grc' dir='ltr'>κοινωνῆσαι</span> <span class='ocrx_word' id='word_1_635' title='bbox 3288 4165 3538 4237; x_wconf 87' lang='grc' dir='ltr'>πορείας,</span> <span class='ocrx_word' id='word_1_636' title='bbox 3571 4166 3634 4218; x_wconf 87' lang='grc' dir='ltr'><strong>ού</strong></span> <span class='ocrx_word' id='word_1_637' title='bbox 3670 4167 3778 4238; x_wconf 79' lang='grc' dir='ltr'>τῆς</span> 
     </span>
    </p>
   </div>
   <div class='ocr_carea' id='block_1_86' title="bbox 2186 4254 3783 4331">
    <p class='ocr_par' dir='ltr' id='par_1_86' title="bbox 2186 4254 3783 4331">
     <span class='ocr_line' id='line_1_86' title="bbox 2186 4254 3783 4331; baseline -0.003 -18"><span class='ocrx_word' id='word_1_638' title='bbox 2186 4259 2372 4331; x_wconf 82' lang='grc' dir='ltr'>κοινῆς</span> <span class='ocrx_word' id='word_1_639' title='bbox 2402 4257 2605 4330; x_wconf 83' lang='grc' dir='ltr'>ταύτης</span> <span class='ocrx_word' id='word_1_640' title='bbox 2639 4257 2744 4312; x_wconf 84' lang='grc' dir='ltr'><strong>ὑπὸ</strong></span> <span class='ocrx_word' id='word_1_641' title='bbox 2775 4256 2993 4312; x_wconf 86' lang='grc' dir='ltr'>πάντων</span> <span class='ocrx_word' id='word_1_642' title='bbox 3024 4254 3146 4310; x_wconf 77' lang='grc' dir='ltr'>καθ’</span> <span class='ocrx_word' id='word_1_643' title='bbox 3172 4255 3413 4326; x_wconf 78' lang='grc' dir='ltr'>ἑκάστην</span> <span class='ocrx_word' id='word_1_644' title='bbox 3442 4255 3783 4326; x_wconf 82' lang='grc' dir='ltr'>δδευομένης</span> 
     </span>
    </p>
   </div>
   <div class='ocr_carea' id='block_1_87' title="bbox 2182 4344 3783 4419">
    <p class='ocr_par' dir='ltr' id='par_1_87' title="bbox 2182 4344 3783 4419">
     <span class='ocr_line' id='line_1_87' title="bbox 2182 4344 3783 4419; baseline 0 -19"><span class='ocrx_word' id='word_1_645' title='bbox 2182 4347 2416 4419; x_wconf 84' lang='grc' dir='ltr'>ἡμέραν,</span> <span class='ocrx_word' id='word_1_646' title='bbox 2448 4346 2584 4401; x_wconf 82' lang='grc' dir='ltr'>ἀλλὰ</span> <span class='ocrx_word' id='word_1_647' title='bbox 2637 4346 2738 4417; x_wconf 78' lang='grc' dir='ltr'>τῆς</span> <span class='ocrx_word' id='word_1_648' title='bbox 2787 4345 3163 4416; x_wconf 86' lang='grc' dir='ltr'>μακροτάτης,</span> <span class='ocrx_word' id='word_1_649' title='bbox 3208 4344 3305 4399; x_wconf 70' lang='grc' dir='ltr'>καὶ</span> <span class='ocrx_word' id='word_1_650' title='bbox 3360 4344 3621 4408; x_wconf 86' lang='grc' dir='ltr'>πολλάκις</span> <span class='ocrx_word' id='word_1_651' title='bbox 3675 4347 3783 4414; x_wconf 83' lang='grc' dir='ltr'>μὲν</span> 
     </span>
    </p>
   </div>
   <div class='ocr_carea' id='block_1_88' title="bbox 483 4435 2076 4536">
    <p class='ocr_par' dir='ltr' id='par_1_88' title="bbox 483 4439 2075 4512">
     <span class='ocr_line' id='line_1_88' title="bbox 483 4439 2075 4512; baseline 0.003 -20"><span class='ocrx_word' id='word_1_652' title='bbox 483 4454 703 4509; x_wconf 88' lang='lat' dir='ltr'><strong>quoque</strong></span> <span class='ocrx_word' id='word_1_653' title='bbox 736 4439 950 4497; x_wconf 89' lang='lat' dir='ltr'><strong>dierum</strong></span> <span class='ocrx_word' id='word_1_654' title='bbox 1001 4443 1105 4497; x_wconf 88' lang='lat' dir='ltr'><strong>iter</strong></span> <span class='ocrx_word' id='word_1_655' title='bbox 1154 4444 1588 4512; x_wconf 83' lang='lat' dir='ltr'><strong>producebatur.</strong></span> <span class='ocrx_word' id='word_1_656' title='bbox 1632 4441 1683 4497; x_wconf 89' lang='lat' dir='ltr'><strong>Is</strong></span> <span class='ocrx_word' id='word_1_657' title='bbox 1730 4450 1914 4498; x_wconf 88' lang='lat' dir='ltr'><strong>autem</strong></span> <span class='ocrx_word' id='word_1_658' title='bbox 1955 4451 2075 4498; x_wconf 90' lang='lat' dir='ltr'><strong>erat</strong></span> 
     </span>
    </p>
   </div>
   <div class='ocr_carea' id='block_1_89' title="bbox 2182 4435 3786 4536">
    <p class='ocr_par' dir='ltr' id='par_1_89' title="bbox 2182 4435 3786 4511">
     <span class='ocr_line' id='line_1_89' title="bbox 2182 4435 3786 4511; baseline -0.002 -18"><span class='ocrx_word' id='word_1_659' title='bbox 2182 4439 2389 4511; x_wconf 81' lang='grc' dir='ltr'>ἡμέρας</span> <span class='ocrx_word' id='word_1_660' title='bbox 2426 4439 2587 4503; x_wconf 73' lang='grc' dir='ltr'>ἑπτὰ,</span> <span class='ocrx_word' id='word_1_661' title='bbox 2614 4438 2876 4500; x_wconf 84' lang='grc' dir='ltr'>πολλάκις</span> <span class='ocrx_word' id='word_1_662' title='bbox 2906 4436 2962 4492; x_wconf 82' lang='grc' dir='ltr'><strong>δὲ</strong></span> <span class='ocrx_word' id='word_1_663' title='bbox 2991 4439 3085 4493; x_wconf 81' lang='grc' dir='ltr'>καὶ</span> <span class='ocrx_word' id='word_1_664' title='bbox 3114 4436 3248 4492; x_wconf 81' lang='grc' dir='ltr'>δέκα</span> <span class='ocrx_word' id='word_1_665' title='bbox 3281 4435 3623 4507; x_wconf 81' lang='grc' dir='ltr'>κατεχούσης</span> <span class='ocrx_word' id='word_1_666' title='bbox 3646 4438 3786 4489; x_wconf 83' lang='grc' dir='ltr'>ἀπο-</span> 
     </span>
    </p>
   </div>
   <div class='ocr_carea' id='block_1_90' title="bbox 485 4521 2076 4603">
    <p class='ocr_par' dir='ltr' id='par_1_90' title="bbox 485 4529 2076 4596">
     <span class='ocr_line' id='line_1_90' title="bbox 485 4529 2076 4596; baseline 0.005 -15"><span class='ocrx_word' id='word_1_667' title='bbox 485 4529 893 4587; x_wconf 87' lang='lat' dir='ltr'><strong>ccleberrimus</strong></span> <span class='ocrx_word' id='word_1_668' title='bbox 943 4531 1222 4588; x_wconf 85' lang='lat' dir='ltr'><strong>Asterius.</strong></span> <span class='ocrx_word' id='word_1_669' title='bbox 1254 4531 1427 4596; x_wconf 85' lang='lat' dir='ltr'><strong>Quem</strong></span> <span class='ocrx_word' id='word_1_670' title='bbox 1458 4546 1584 4586; x_wconf 90' lang='lat' dir='ltr'><strong>cum</strong></span> <span class='ocrx_word' id='word_1_671' title='bbox 1639 4531 1863 4589; x_wconf 89' lang='lat' dir='ltr'><strong>divinus</strong></span> <span class='ocrx_word' id='word_1_672' title='bbox 1909 4548 2076 4589; x_wconf 73' lang='lat' dir='ltr'><strong>senex</strong></span> 
     </span>
    </p>
   </div>
   <div class='ocr_carea' id='block_1_91' title="bbox 2182 4521 3781 4603">
    <p class='ocr_par' dir='ltr' id='par_1_91' title="bbox 2182 4521 3781 4603">
     <span class='ocr_line' id='line_1_91' title="bbox 2182 4521 3781 4603; baseline -0.001 -19"><span class='ocrx_word' id='word_1_673' title='bbox 2182 4531 2399 4603; x_wconf 79' lang='grc' dir='ltr'>δημίας.</span> <span class='ocrx_word' id='word_1_674' title='bbox 2439 4529 2716 4601; x_wconf 84' lang='grc' dir='ltr'>Ἀστέριος</span> <span class='ocrx_word' id='word_1_675' title='bbox 2748 4528 2804 4583; x_wconf 81' lang='grc' dir='ltr'>δὲ</span> <span class='ocrx_word' id='word_1_676' title='bbox 2826 4526 2894 4600; x_wconf 77' lang='grc' dir='ltr'>ἢν</span> <span class='ocrx_word' id='word_1_677' title='bbox 2923 4521 3080 4592; x_wconf 73' lang='grc' dir='ltr'>οὗτος</span> <span class='ocrx_word' id='word_1_678' title='bbox 3108 4530 3138 4583; x_wconf 84' lang='grc' dir='ltr'>ὁ</span> <span class='ocrx_word' id='word_1_679' title='bbox 3168 4527 3631 4598; x_wconf 77' lang='grc' dir='ltr'>πολυθρύλλητος.</span> <span class='ocrx_word' id='word_1_680' title='bbox 3666 4527 3781 4584; x_wconf 87' lang='grc' dir='ltr'><strong>Τοῦ</strong></span> 
     </span>
    </p>
   </div>
   <div class='ocr_carea' id='block_1_92' title="bbox 481 4622 2067 4693">
    <p class='ocr_par' dir='ltr' id='par_1_92' title="bbox 481 4622 2067 4693">
     <span class='ocr_line' id='line_1_92' title="bbox 481 4622 2067 4693; baseline 0.004 -19"><span class='ocrx_word' id='word_1_681' title='bbox 481 4622 886 4693; x_wconf 85' lang='lat' dir='ltr'><strong>probiberet,et</strong></span> <span class='ocrx_word' id='word_1_682' title='bbox 915 4624 1074 4693; x_wconf 86' lang='lat' dir='ltr'><strong>aquis</strong></span> <span class='ocrx_word' id='word_1_683' title='bbox 1090 4638 1281 4678; x_wconf 83' lang='lat' dir='ltr'><strong>carere</strong></span> <span class='ocrx_word' id='word_1_684' title='bbox 1295 4624 1650 4678; x_wconf 85' lang='lat' dir='ltr'><strong>solitudinem</strong></span> <span class='ocrx_word' id='word_1_685' title='bbox 1686 4632 1960 4690; x_wconf 85' lang='lat' dir='ltr'><strong>moneret,</strong></span> <span class='ocrx_word' id='word_1_686' title='bbox 1990 4626 2067 4680; x_wconf 88' lang='lat' dir='ltr'><strong>in-</strong></span> 
     </span>
    </p>
   </div>
   <div class='ocr_carea' id='block_1_93' title="bbox 482 4712 2080 4778">
    <p class='ocr_par' dir='ltr' id='par_1_93' title="bbox 482 4712 2080 4778">
     <span class='ocr_line' id='line_1_93' title="bbox 482 4712 2080 4778; baseline 0.001 -10"><span class='ocrx_word' id='word_1_687' title='bbox 482 4713 663 4768; x_wconf 85' lang='lat' dir='ltr'><strong>stabat</strong></span> <span class='ocrx_word' id='word_1_688' title='bbox 706 4712 1049 4778; x_wconf 85' lang='lat' dir='ltr'><strong>adolescens,</strong></span> <span class='ocrx_word' id='word_1_689' title='bbox 1080 4713 1383 4768; x_wconf 89' lang='lat' dir='ltr'><strong>obsecrans</strong></span> <span class='ocrx_word' id='word_1_690' title='bbox 1416 4721 1475 4767; x_wconf 91' lang='lat' dir='ltr'><strong>ut</strong></span> <span class='ocrx_word' id='word_1_691' title='bbox 1507 4713 1610 4769; x_wconf 89' lang='lat' dir='ltr'><strong>hoc</strong></span> <span class='ocrx_word' id='word_1_692' title='bbox 1642 4713 1690 4769; x_wconf 90' lang='lat' dir='ltr'><strong>ei</strong></span> <span class='ocrx_word' id='word_1_693' title='bbox 1718 4713 1923 4769; x_wconf 89' lang='lat' dir='ltr'><strong>donum</strong></span> <span class='ocrx_word' id='word_1_694' title='bbox 1948 4731 2080 4769; x_wconf 86' lang='lat' dir='ltr'><strong>cou-</strong></span> 
     </span>
    </p>
   </div>
   <div class='ocr_carea' id='block_1_94' title="bbox 2178 4614 3784 4691">
    <p class='ocr_par' dir='ltr' id='par_1_94' title="bbox 2178 4614 3784 4691">
     <span class='ocr_line' id='line_1_94' title="bbox 2178 4614 3784 4691; baseline -0.003 -13"><span class='ocrx_word' id='word_1_695' title='bbox 2178 4623 2235 4679; x_wconf 80' lang='grc' dir='ltr'>δὲ</span> <span class='ocrx_word' id='word_1_696' title='bbox 2265 4614 2555 4676; x_wconf 82' lang='grc' dir='ltr'>θεσπεσίου</span> <span class='ocrx_word' id='word_1_697' title='bbox 2614 4621 2923 4691; x_wconf 83' lang='grc' dir='ltr'>πρεσϐύτου</span> <span class='ocrx_word' id='word_1_698' title='bbox 2954 4621 3048 4674; x_wconf 74' lang='grc' dir='ltr'>τὸν</span> <span class='ocrx_word' id='word_1_699' title='bbox 3080 4620 3201 4675; x_wconf 83' lang='grc' dir='ltr'>νέον</span> <span class='ocrx_word' id='word_1_700' title='bbox 3231 4619 3648 4682; x_wconf 84' lang='grc' dir='ltr'>διακωλύοντος,</span> <span class='ocrx_word' id='word_1_701' title='bbox 3680 4621 3784 4673; x_wconf 80' lang='grc' dir='ltr'>καὶ</span> 
     </span>
    </p>
   </div>
   <div class='ocr_carea' id='block_1_95' title="bbox 2178 4712 3782 4787">
    <p class='ocr_par' dir='ltr' id='par_1_95' title="bbox 2178 4712 3782 4787">
     <span class='ocr_line' id='line_1_95' title="bbox 2178 4712 3782 4787; baseline 0 -21"><span class='ocrx_word' id='word_1_702' title='bbox 2178 4717 2277 4785; x_wconf 79' lang='grc' dir='ltr'>τῆς</span> <span class='ocrx_word' id='word_1_703' title='bbox 2311 4714 2522 4787; x_wconf 79' lang='grc' dir='ltr'>ἐρήμου</span> <span class='ocrx_word' id='word_1_704' title='bbox 2556 4713 2618 4766; x_wconf 81' lang='grc' dir='ltr'>τὸ</span> <span class='ocrx_word' id='word_1_705' title='bbox 2659 4713 2886 4783; x_wconf 84' lang='grc' dir='ltr'>ἄνυδρον</span> <span class='ocrx_word' id='word_1_706' title='bbox 2914 4712 3187 4781; x_wconf 86' lang='grc' dir='ltr'>λέγοντος,</span> <span class='ocrx_word' id='word_1_707' title='bbox 3225 4713 3476 4765; x_wconf 85' lang='grc' dir='ltr'>ἐπέκειτο</span> <span class='ocrx_word' id='word_1_708' title='bbox 3524 4712 3782 4783; x_wconf 78' lang='grc' dir='ltr'>λιπαρῶν</span> 
     </span>
    </p>
   </div>
   <div class='ocr_carea' id='block_1_96' title="bbox 480 4803 2076 4877">
    <p class='ocr_par' dir='ltr' id='par_1_96' title="bbox 480 4803 2076 4874">
     <span class='ocr_line' id='line_1_96' title="bbox 480 4803 2076 4874; baseline 0.004 -18"><span class='ocrx_word' id='word_1_709' title='bbox 480 4805 720 4859; x_wconf 85' lang='lat' dir='ltr'><strong>cederet.</strong></span> <span class='ocrx_word' id='word_1_710' title='bbox 755 4803 943 4859; x_wconf 85' lang='lat' dir='ltr'><strong>Victus</strong></span> <span class='ocrx_word' id='word_1_711' title='bbox 974 4820 1105 4874; x_wconf 84' lang='lat' dir='ltr'><strong>ergo</strong></span> <span class='ocrx_word' id='word_1_712' title='bbox 1143 4804 1397 4873; x_wconf 85' lang='lat' dir='ltr'><strong>precibus</strong></span> <span class='ocrx_word' id='word_1_713' title='bbox 1419 4806 1586 4861; x_wconf 85' lang='lat' dir='ltr'><strong>cessit</strong></span> <span class='ocrx_word' id='word_1_714' title='bbox 1633 4822 1800 4871; x_wconf 81' lang='lat' dir='ltr'><strong>senex</strong></span> <span class='ocrx_word' id='word_1_715' title='bbox 1834 4825 1846 4861; x_wconf 95' lang='lat'>:</span> <span class='ocrx_word' id='word_1_716' title='bbox 1883 4816 1937 4862; x_wconf 88' lang='lat' dir='ltr'><strong>et</strong></span> <span class='ocrx_word' id='word_1_717' title='bbox 1986 4807 2076 4862; x_wconf 87' lang='lat' dir='ltr'><strong>ille</strong></span> 
     </span>
    </p>
   </div>
   <div class='ocr_carea' id='block_1_97' title="bbox 2182 4803 3780 4877">
    <p class='ocr_par' dir='ltr' id='par_1_97' title="bbox 2182 4803 3780 4877">
     <span class='ocr_line' id='line_1_97' title="bbox 2182 4803 3780 4877; baseline -0.002 -17"><span class='ocrx_word' id='word_1_718' title='bbox 2182 4807 2353 4870; x_wconf 80' lang='grc' dir='ltr'>ΰνέος</span> <span class='ocrx_word' id='word_1_719' title='bbox 2387 4807 2593 4877; x_wconf 74' lang='grc' dir='ltr'>ταύτης</span> <span class='ocrx_word' id='word_1_720' title='bbox 2646 4805 2949 4859; x_wconf 88' lang='grc' dir='ltr'>ἀπολαῦσαι</span> <span class='ocrx_word' id='word_1_721' title='bbox 2976 4805 3077 4875; x_wconf 81' lang='grc' dir='ltr'>τῆς</span> <span class='ocrx_word' id='word_1_722' title='bbox 3129 4805 3360 4876; x_wconf 80' lang='grc' dir='ltr'>δωρεᾶς.</span> <span class='ocrx_word' id='word_1_723' title='bbox 3400 4803 3684 4873; x_wconf 77' lang='grc' dir='ltr'>’Πττηθεὶς</span> <span class='ocrx_word' id='word_1_724' title='bbox 3721 4803 3780 4857; x_wconf 75' lang='grc' dir='ltr'>δὲ</span> 
     </span>
    </p>
   </div>
   <div class='ocr_carea' id='block_1_98' title="bbox 486 4895 2078 4973">
    <p class='ocr_par' dir='ltr' id='par_1_98' title="bbox 486 4895 2078 4973">
     <span class='ocr_line' id='line_1_98' title="bbox 486 4895 2078 4973; baseline 0.001 -22"><span class='ocrx_word' id='word_1_725' title='bbox 486 4895 847 4965; x_wconf 81' lang='lat' dir='ltr'><strong>sequebatur,</strong></span> <span class='ocrx_word' id='word_1_726' title='bbox 881 4895 1062 4965; x_wconf 86' lang='lat' dir='ltr'><strong>primo</strong></span> <span class='ocrx_word' id='word_1_727' title='bbox 1096 4895 1319 4966; x_wconf 88' lang='lat' dir='ltr'><strong>quidem</strong></span> <span class='ocrx_word' id='word_1_728' title='bbox 1353 4896 1649 4953; x_wconf 84' lang='lat' dir='ltr'><strong>alacriter:</strong></span> <span class='ocrx_word' id='word_1_729' title='bbox 1684 4897 1781 4953; x_wconf 91' lang='lat' dir='ltr'><strong>sed</strong></span> <span class='ocrx_word' id='word_1_730' title='bbox 1816 4905 1940 4973; x_wconf 86' lang='lat' dir='ltr'><strong>post</strong></span> <span class='ocrx_word' id='word_1_731' title='bbox 1966 4901 2078 4968; x_wconf 86' lang='lat' dir='ltr'><strong>pri-</strong></span> 
     </span>
    </p>
   </div>
   <div class='ocr_carea' id='block_1_99' title="bbox 484 4986 2077 5061">
    <p class='ocr_par' dir='ltr' id='par_1_99' title="bbox 484 4986 2077 5061">
     <span class='ocr_line' id='line_1_99' title="bbox 484 4986 2077 5061; baseline 0.006 -23"><span class='ocrx_word' id='word_1_732' title='bbox 484 5002 633 5041; x_wconf 89' lang='lat' dir='ltr'><strong>mum</strong></span> <span class='ocrx_word' id='word_1_733' title='bbox 665 4997 717 5041; x_wconf 92' lang='lat' dir='ltr'><strong>et</strong></span> <span class='ocrx_word' id='word_1_734' title='bbox 749 4986 984 5042; x_wconf 87' lang='lat' dir='ltr'><strong>alterum</strong></span> <span class='ocrx_word' id='word_1_735' title='bbox 1015 5003 1079 5043; x_wconf 87' lang='lat' dir='ltr'><strong>ac</strong></span> <span class='ocrx_word' id='word_1_736' title='bbox 1113 4989 1339 5044; x_wconf 89' lang='lat' dir='ltr'><strong>tertium</strong></span> <span class='ocrx_word' id='word_1_737' title='bbox 1393 4991 1541 5047; x_wconf 81' lang='lat' dir='ltr'><strong>diem</strong></span> <span class='ocrx_word' id='word_1_738' title='bbox 1597 4991 1872 5061; x_wconf 88' lang='lat' dir='ltr'><strong>elapsum,</strong></span> <span class='ocrx_word' id='word_1_739' title='bbox 1906 4993 2077 5048; x_wconf 88' lang='lat' dir='ltr'><strong>radiis</strong></span> 
     </span>
    </p>
   </div>
   <div class='ocr_carea' id='block_1_100' title="bbox 483 5077 2071 5156">
    <p class='ocr_par' dir='ltr' id='par_1_100' title="bbox 483 5077 2071 5156">
     <span class='ocr_line' id='line_1_100' title="bbox 483 5077 2071 5156; baseline 0.004 -26"><span class='ocrx_word' id='word_1_740' title='bbox 483 5078 616 5133; x_wconf 87' lang='lat' dir='ltr'><strong>solis</strong></span> <span class='ocrx_word' id='word_1_741' title='bbox 654 5077 856 5135; x_wconf 90' lang='lat' dir='ltr'><strong>ardens</strong></span> <span class='ocrx_word' id='word_1_742' title='bbox 906 5079 1114 5151; x_wconf 68' lang='lat' dir='ltr'><strong>(testas</strong></span> <span class='ocrx_word' id='word_1_743' title='bbox 1148 5081 1298 5137; x_wconf 90' lang='lat' dir='ltr'><strong>enim</strong></span> <span class='ocrx_word' id='word_1_744' title='bbox 1338 5093 1481 5149; x_wconf 85' lang='lat' dir='ltr'><strong>erat,</strong></span> <span class='ocrx_word' id='word_1_745' title='bbox 1522 5091 1577 5139; x_wconf 92' lang='lat' dir='ltr'><strong>et</strong></span> <span class='ocrx_word' id='word_1_746' title='bbox 1624 5084 1842 5156; x_wconf 79' lang='lat' dir='ltr'><strong>vigente</strong></span> <span class='ocrx_word' id='word_1_747' title='bbox 1876 5090 2071 5143; x_wconf 66' lang='lat' dir='ltr'><strong>aestate</strong></span> 
     </span>
    </p>
   </div>
   <div class='ocr_carea' id='block_1_101' title="bbox 483 5170 2073 5247">
    <p class='ocr_par' dir='ltr' id='par_1_101' title="bbox 483 5170 2073 5247">
     <span class='ocr_line' id='line_1_101' title="bbox 483 5170 2073 5247; baseline 0.006 -26"><span class='ocrx_word' id='word_1_748' title='bbox 483 5170 701 5224; x_wconf 85' lang='lat' dir='ltr'><strong>ﬂamma</strong></span> <span class='ocrx_word' id='word_1_749' title='bbox 729 5171 862 5227; x_wconf 89' lang='lat' dir='ltr'><strong>solis</strong></span> <span class='ocrx_word' id='word_1_750' title='bbox 878 5181 961 5227; x_wconf 91' lang='lat' dir='ltr'><strong>est</strong></span> <span class='ocrx_word' id='word_1_751' title='bbox 984 5173 1317 5245; x_wconf 87' lang='lat' dir='ltr'><strong>ardentior),</strong></span> <span class='ocrx_word' id='word_1_752' title='bbox 1354 5177 1445 5232; x_wconf 91' lang='lat' dir='ltr'><strong>siti</strong></span> <span class='ocrx_word' id='word_1_753' title='bbox 1472 5185 1741 5247; x_wconf 84' lang='lat' dir='ltr'><strong>perpetuo</strong></span> <span class='ocrx_word' id='word_1_754' title='bbox 1764 5177 2073 5232; x_wconf 89' lang='lat' dir='ltr'><strong>laborabat.</strong></span> 
     </span>
    </p>
   </div>
   <div class='ocr_carea' id='block_1_102' title="bbox 483 5257 2071 5338">
    <p class='ocr_par' dir='ltr' id='par_1_102' title="bbox 483 5257 2071 5338">
     <span class='ocr_line' id='line_1_102' title="bbox 483 5257 2071 5338; baseline 0.009 -28"><span class='ocrx_word' id='word_1_755' title='bbox 483 5257 587 5312; x_wconf 64' lang='lat' dir='ltr'><strong>i*Et</strong></span> <span class='ocrx_word' id='word_1_756' title='bbox 613 5262 881 5333; x_wconf 89' lang='lat' dir='ltr'><strong>principio</strong></span> <span class='ocrx_word' id='word_1_757' title='bbox 910 5264 1157 5333; x_wconf 85' lang='lat' dir='ltr'><strong>quidem,</strong></span> <span class='ocrx_word' id='word_1_758' title='bbox 1191 5282 1403 5322; x_wconf 89' lang='lat' dir='ltr'><strong>memor</strong></span> <span class='ocrx_word' id='word_1_759' title='bbox 1429 5284 1620 5322; x_wconf 89' lang='lat' dir='ltr'><strong>eorum</strong></span> <span class='ocrx_word' id='word_1_760' title='bbox 1647 5283 1771 5338; x_wconf 61' lang='lat' dir='ltr'><strong>quae</strong></span> <span class='ocrx_word' id='word_1_761' title='bbox 1804 5269 2071 5338; x_wconf 76' lang='lat' dir='ltr'><strong>magister</strong></span> 
     </span>
    </p>
   </div>
   <div class='ocr_carea' id='block_1_103' title="bbox 486 5347 2071 5426">
    <p class='ocr_par' dir='ltr' id='par_1_103' title="bbox 486 5347 2071 5426">
     <span class='ocr_line' id='line_1_103' title="bbox 486 5347 2071 5426; baseline 0.008 -24"><span class='ocrx_word' id='word_1_762' title='bbox 486 5347 836 5417; x_wconf 82' lang='lat' dir='ltr'><strong>praedixerat,</strong></span> <span class='ocrx_word' id='word_1_763' title='bbox 872 5356 1128 5409; x_wconf 89' lang='lat' dir='ltr'><strong>morbum</strong></span> <span class='ocrx_word' id='word_1_764' title='bbox 1157 5356 1373 5426; x_wconf 91' lang='lat' dir='ltr'><strong>aperire</strong></span> <span class='ocrx_word' id='word_1_765' title='bbox 1403 5372 1512 5411; x_wconf 88' lang='lat' dir='ltr'><strong>non</strong></span> <span class='ocrx_word' id='word_1_766' title='bbox 1543 5358 1800 5412; x_wconf 86' lang='lat' dir='ltr'><strong>audebat.</strong></span> <span class='ocrx_word' id='word_1_767' title='bbox 1832 5356 2071 5414; x_wconf 89' lang='lat' dir='ltr'><strong>Tandem</strong></span> 
     </span>
    </p>
   </div>
   <div class='ocr_carea' id='block_1_104' title="bbox 488 5439 2070 5516">
    <p class='ocr_par' dir='ltr' id='par_1_104' title="bbox 488 5439 2070 5516">
     <span class='ocr_line' id='line_1_104' title="bbox 488 5439 2070 5516; baseline 0.011 -28"><span class='ocrx_word' id='word_1_768' title='bbox 488 5452 619 5491; x_wconf 88' lang='lat' dir='ltr'><strong>vero</strong></span> <span class='ocrx_word' id='word_1_769' title='bbox 645 5439 845 5509; x_wconf 90' lang='lat' dir='ltr'><strong>victus,</strong></span> <span class='ocrx_word' id='word_1_770' title='bbox 870 5459 934 5498; x_wconf 91' lang='lat' dir='ltr'><strong>ac</strong></span> <span class='ocrx_word' id='word_1_771' title='bbox 968 5447 1128 5515; x_wconf 88' lang='lat' dir='ltr'><strong>plane</strong></span> <span class='ocrx_word' id='word_1_772' title='bbox 1148 5446 1430 5516; x_wconf 82' lang='lat' dir='ltr'><strong>deﬁciens,</strong></span> <span class='ocrx_word' id='word_1_773' title='bbox 1466 5465 1654 5505; x_wconf 89' lang='lat' dir='ltr'><strong>senem</strong></span> <span class='ocrx_word' id='word_1_774' title='bbox 1686 5450 1866 5505; x_wconf 90' lang='lat' dir='ltr'><strong>oravit</strong></span> <span class='ocrx_word' id='word_1_775' title='bbox 1892 5459 1953 5507; x_wconf 89' lang='lat' dir='ltr'><strong>ut</strong></span> <span class='ocrx_word' id='word_1_776' title='bbox 1983 5452 2070 5507; x_wconf 92' lang='lat' dir='ltr'><strong>sui</strong></span> 
     </span>
    </p>
   </div>
   <div class='ocr_carea' id='block_1_105' title="bbox 491 5527 2053 5615">
    <p class='ocr_par' dir='ltr' id='par_1_105' title="bbox 491 5527 2053 5615">
     <span class='ocr_line' id='line_1_105' title="bbox 491 5527 2053 5615; baseline 0.012 -36"><span class='ocrx_word' id='word_1_777' title='bbox 491 5527 861 5588; x_wconf 89' lang='lat' dir='ltr'><strong>misereretur.</strong></span> <span class='ocrx_word' id='word_1_778' title='bbox 900 5535 1037 5590; x_wconf 88' lang='lat' dir='ltr'><strong>Tum</strong></span> <span class='ocrx_word' id='word_1_779' title='bbox 1067 5537 1179 5603; x_wconf 87' lang='lat' dir='ltr'><strong>ille,</strong></span> <span class='ocrx_word' id='word_1_780' title='bbox 1203 5553 1471 5597; x_wconf 90' lang='lat' dir='ltr'><strong>revocans</strong></span> <span class='ocrx_word' id='word_1_781' title='bbox 1499 5541 1558 5595; x_wconf 91' lang='lat' dir='ltr'><strong>in</strong></span> <span class='ocrx_word' id='word_1_782' title='bbox 1586 5541 1904 5597; x_wconf 89' lang='lat' dir='ltr'><strong>memoriam</strong></span> <span class='ocrx_word' id='word_1_783' title='bbox 1931 5560 2053 5615; x_wconf 65' lang='lat' dir='ltr'><strong>quae</strong></span> 
     </span>
    </p>
   </div>
   <div class='ocr_carea' id='block_1_106' title="bbox 490 5627 2058 5706">
    <p class='ocr_par' dir='ltr' id='par_1_106' title="bbox 490 5627 2058 5706">
     <span class='ocr_line' id='line_1_106' title="bbox 490 5627 2058 5706; baseline 0.013 -35"><span class='ocrx_word' id='word_1_784' title='bbox 490 5635 908 5692; x_wconf 68' lang='lat' dir='ltr'><strong>lil&#39;lBﬂlOﬂllCl&#39;al,</strong></span> <span class='ocrx_word' id='word_1_785' title='bbox 935 5627 1102 5696; x_wconf 80' lang='lat' dir='ltr'><strong>iussit</strong></span> <span class='ocrx_word' id='word_1_786' title='bbox 1126 5646 1252 5688; x_wconf 92' lang='lat' dir='ltr'><strong>eum</strong></span> <span class='ocrx_word' id='word_1_787' title='bbox 1300 5634 1515 5706; x_wconf 72' lang='lat'><strong>1126</strong></span> <span class='ocrx_word' id='word_1_788' title='bbox 1539 5636 1737 5690; x_wconf 89' lang='lat' dir='ltr'><strong>reverti</strong></span> <span class='ocrx_word' id='word_1_789' title='bbox 1766 5652 1779 5690; x_wconf 89' lang='lat'><strong>:</strong></span> <span class='ocrx_word' id='word_1_790' title='bbox 1816 5636 1909 5692; x_wconf 90' lang='lat' dir='ltr'><strong>sed</strong></span> <span class='ocrx_word' id='word_1_791' title='bbox 1932 5653 2058 5693; x_wconf 88' lang='lat' dir='ltr'><strong>cum</strong></span> 
     </span>
    </p>
   </div>
   <div class='ocr_carea' id='block_1_107' title="bbox 488 5713 2054 5795">
    <p class='ocr_par' dir='ltr' id='par_1_107' title="bbox 488 5713 2054 5795">
     <span class='ocr_line' id='line_1_107' title="bbox 488 5713 2054 5795; baseline 0.013 -32"><span class='ocrx_word' id='word_1_792' title='bbox 488 5713 697 5769; x_wconf 86' lang='lat' dir='ltr'><strong>diceret</strong></span> <span class='ocrx_word' id='word_1_793' title='bbox 723 5718 1071 5785; x_wconf 87' lang='lat' dir='ltr'><strong>adolescens,</strong></span> <span class='ocrx_word' id='word_1_794' title='bbox 1122 5737 1184 5778; x_wconf 90' lang='lat' dir='ltr'><strong>se</strong></span> <span class='ocrx_word' id='word_1_795' title='bbox 1219 5739 1318 5779; x_wconf 92' lang='lat' dir='ltr'><strong>nec</strong></span> <span class='ocrx_word' id='word_1_796' title='bbox 1341 5725 1484 5779; x_wconf 85' lang='lat' dir='ltr'><strong>viam</strong></span> <span class='ocrx_word' id='word_1_797' title='bbox 1519 5728 1665 5779; x_wconf 86' lang='lat' dir='ltr'><strong>scire</strong></span> <span class='ocrx_word' id='word_1_798' title='bbox 1697 5741 1818 5795; x_wconf 70' lang='lat' dir='ltr'><strong>qua:</strong></span> <span class='ocrx_word' id='word_1_799' title='bbox 1849 5728 1915 5782; x_wconf 88' lang='lat' dir='ltr'><strong>ad</strong></span> <span class='ocrx_word' id='word_1_800' title='bbox 1953 5744 2054 5783; x_wconf 82' lang='lat' dir='ltr'><strong>an-</strong></span> 
     </span>
    </p>
   </div>
   <div class='ocr_carea' id='block_1_108' title="bbox 489 5802 2056 5884">
    <p class='ocr_par' dir='ltr' id='par_1_108' title="bbox 489 5802 2056 5884">
     <span class='ocr_line' id='line_1_108' title="bbox 489 5802 2056 5884; baseline 0.011 -30"><span class='ocrx_word' id='word_1_801' title='bbox 489 5808 633 5856; x_wconf 88' lang='lat' dir='ltr'><strong>trum</strong></span> <span class='ocrx_word' id='word_1_802' title='bbox 671 5802 854 5868; x_wconf 85' lang='lat' dir='ltr'><strong>ducat,</strong></span> <span class='ocrx_word' id='word_1_803' title='bbox 905 5821 1028 5875; x_wconf 87' lang='lat' dir='ltr'><strong>nec,</strong></span> <span class='ocrx_word' id='word_1_804' title='bbox 1070 5810 1116 5866; x_wconf 86' lang='lat' dir='ltr'><strong>si</strong></span> <span class='ocrx_word' id='word_1_805' title='bbox 1172 5811 1358 5879; x_wconf 87' lang='lat' dir='ltr'><strong>sciret,</strong></span> <span class='ocrx_word' id='word_1_806' title='bbox 1397 5814 1478 5869; x_wconf 90' lang='lat' dir='ltr'><strong>ire</strong></span> <span class='ocrx_word' id='word_1_807' title='bbox 1513 5829 1678 5884; x_wconf 88' lang='lat' dir='ltr'><strong>posse</strong></span> <span class='ocrx_word' id='word_1_808' title='bbox 1714 5816 1921 5873; x_wconf 84' lang='lat' dir='ltr'><strong>viribus</strong></span> <span class='ocrx_word' id='word_1_809' title='bbox 1965 5818 2056 5873; x_wconf 91' lang='lat' dir='ltr'><strong>siti</strong></span> 
     </span>
    </p>
   </div>
   <div class='ocr_carea' id='block_1_109' title="bbox 2176 4893 3775 4967">
    <p class='ocr_par' dir='ltr' id='par_1_109' title="bbox 2176 4893 3775 4967">
     <span class='ocr_line' id='line_1_109' title="bbox 2176 4893 3775 4967; baseline -0.001 -17"><span class='ocrx_word' id='word_1_810' title='bbox 2176 4900 2297 4961; x_wconf 86' lang='grc' dir='ltr'>ταῖς</span> <span class='ocrx_word' id='word_1_811' title='bbox 2323 4899 2557 4961; x_wconf 79' lang='grc' dir='ltr'>ἱκεσίαις</span> <span class='ocrx_word' id='word_1_812' title='bbox 2591 4896 2855 4950; x_wconf 74' lang='grc' dir='ltr'>ἐνέδωκεν</span> <span class='ocrx_word' id='word_1_813' title='bbox 2890 4898 2918 4949; x_wconf 90' lang='lat'><strong>6</strong></span> <span class='ocrx_word' id='word_1_814' title='bbox 2949 4896 3287 4967; x_wconf 86' lang='grc' dir='ltr'>πρεσϐύτης·</span> <span class='ocrx_word' id='word_1_815' title='bbox 3336 4897 3364 4948; x_wconf 89' lang='lat'><strong>6</strong></span> <span class='ocrx_word' id='word_1_816' title='bbox 3396 4894 3451 4946; x_wconf 85' lang='grc' dir='ltr'>δὲ</span> <span class='ocrx_word' id='word_1_817' title='bbox 3475 4893 3775 4964; x_wconf 70' lang='grc' dir='ltr'>ἠκολούθει</span> 
     </span>
    </p>
   </div>
   <div class='ocr_carea' id='block_1_110' title="bbox 2177 4985 3771 5063">
    <p class='ocr_par' dir='ltr' id='par_1_110' title="bbox 2177 4985 3771 5063">
     <span class='ocr_line' id='line_1_110' title="bbox 2177 4985 3771 5063; baseline -0.003 -18"><span class='ocrx_word' id='word_1_818' title='bbox 2177 4990 2247 5045; x_wconf 84' lang='grc' dir='ltr'><strong>τὰ</strong></span> <span class='ocrx_word' id='word_1_819' title='bbox 2275 4991 2373 5061; x_wconf 80' lang='grc' dir='ltr'>μὲν</span> <span class='ocrx_word' id='word_1_820' title='bbox 2407 4990 2601 5063; x_wconf 85' lang='grc' dir='ltr'>πρῶτα</span> <span class='ocrx_word' id='word_1_821' title='bbox 2631 4988 2929 5060; x_wconf 80' lang='grc' dir='ltr'>προθύμως</span> <span class='ocrx_word' id='word_1_822' title='bbox 2962 5005 2973 5017; x_wconf 93' lang='grc'><strong>·</strong></span> <span class='ocrx_word' id='word_1_823' title='bbox 3001 4987 3227 5059; x_wconf 82' lang='grc' dir='ltr'>πρώτης</span> <span class='ocrx_word' id='word_1_824' title='bbox 3252 4986 3309 5038; x_wconf 85' lang='grc' dir='ltr'><strong>δὲ</strong></span> <span class='ocrx_word' id='word_1_825' title='bbox 3358 4987 3451 5040; x_wconf 74' lang='grc' dir='ltr'>καὶ</span> <span class='ocrx_word' id='word_1_826' title='bbox 3502 4985 3771 5057; x_wconf 82' lang='grc' dir='ltr'>δευτέρας</span> 
     </span>
    </p>
   </div>
   <div class='ocr_carea' id='block_1_111' title="bbox 2178 5078 3780 5152">
    <p class='ocr_par' dir='ltr' id='par_1_111' title="bbox 2178 5078 3780 5152">
     <span class='ocr_line' id='line_1_111' title="bbox 2178 5078 3780 5152; baseline -0.001 -19"><span class='ocrx_word' id='word_1_827' title='bbox 2178 5081 2274 5134; x_wconf 70' lang='grc' dir='ltr'>καὶ</span> <span class='ocrx_word' id='word_1_828' title='bbox 2338 5079 2531 5152; x_wconf 80' lang='grc' dir='ltr'>τρίτης</span> <span class='ocrx_word' id='word_1_829' title='bbox 2587 5078 2902 5150; x_wconf 78' lang='grc' dir='ltr'>διελθούσης</span> <span class='ocrx_word' id='word_1_830' title='bbox 2956 5079 3189 5150; x_wconf 80' lang='grc' dir='ltr'>ἡμέρας,</span> <span class='ocrx_word' id='word_1_831' title='bbox 3239 5078 3344 5131; x_wconf 71' lang='grc' dir='ltr'><strong>ὑπὸ</strong></span> <span class='ocrx_word' id='word_1_832' title='bbox 3394 5079 3492 5148; x_wconf 85' lang='grc' dir='ltr'>τῆς</span> <span class='ocrx_word' id='word_1_833' title='bbox 3536 5078 3780 5149; x_wconf 74' lang='grc' dir='ltr'>ἡλιακῆς</span> 
     </span>
    </p>
   </div>
   <div class='ocr_carea' id='block_1_112' title="bbox 2176 5168 3775 5243">
    <p class='ocr_par' dir='ltr' id='par_1_112' title="bbox 2176 5168 3775 5243">
     <span class='ocr_line' id='line_1_112' title="bbox 2176 5168 3775 5243; baseline -0.002 -16"><span class='ocrx_word' id='word_1_834' title='bbox 2176 5173 2392 5235; x_wconf 84' lang='grc' dir='ltr'>ἀκτῖνος</span> <span class='ocrx_word' id='word_1_835' title='bbox 2414 5170 2767 5242; x_wconf 83' lang='grc' dir='ltr'>φλεγόμενος·</span> <span class='ocrx_word' id='word_1_836' title='bbox 2798 5170 2954 5243; x_wconf 81' lang='grc' dir='ltr'>θέρος</span> <span class='ocrx_word' id='word_1_837' title='bbox 2986 5171 3092 5242; x_wconf 80' lang='grc' dir='ltr'>γὰρ</span> <span class='ocrx_word' id='word_1_838' title='bbox 3108 5168 3196 5242; x_wconf 82' lang='grc' dir='ltr'>ἦν,</span> <span class='ocrx_word' id='word_1_839' title='bbox 3215 5170 3558 5240; x_wconf 79' lang='grc' dir='ltr'>ἀκμάζοντος</span> <span class='ocrx_word' id='word_1_840' title='bbox 3588 5170 3649 5224; x_wconf 80' lang='grc' dir='ltr'><strong>δὲ</strong></span> <span class='ocrx_word' id='word_1_841' title='bbox 3673 5170 3775 5224; x_wconf 78' lang='grc' dir='ltr'><strong>τοῦ</strong></span> 
     </span>
    </p>
   </div>
   <div class='ocr_carea' id='block_1_113' title="bbox 2176 5259 3772 5334">
    <p class='ocr_par' dir='ltr' id='par_1_113' title="bbox 2176 5259 3772 5334">
     <span class='ocr_line' id='line_1_113' title="bbox 2176 5259 3772 5334; baseline 0 -19"><span class='ocrx_word' id='word_1_842' title='bbox 2176 5261 2367 5334; x_wconf 84' lang='grc' dir='ltr'>θέρους</span> <span class='ocrx_word' id='word_1_843' title='bbox 2415 5261 2779 5334; x_wconf 66' lang='grc' dir='ltr'>σφοδροτέραν</span> <span class='ocrx_word' id='word_1_844' title='bbox 2813 5260 3088 5332; x_wconf 81' lang='grc' dir='ltr'>δήπουθεν</span> <span class='ocrx_word' id='word_1_845' title='bbox 3121 5261 3372 5332; x_wconf 65' lang='grc' dir='ltr'>ἐπιφέρει</span> <span class='ocrx_word' id='word_1_846' title='bbox 3418 5259 3517 5331; x_wconf 83' lang='grc' dir='ltr'>τὴν</span> <span class='ocrx_word' id='word_1_847' title='bbox 3565 5260 3772 5330; x_wconf 79' lang='grc' dir='ltr'>φλόγα·</span> 
     </span>
    </p>
   </div>
   <div class='ocr_carea' id='block_1_114' title="bbox 2173 5352 3775 5426">
    <p class='ocr_par' dir='ltr' id='par_1_114' title="bbox 2173 5352 3775 5426">
     <span class='ocr_line' id='line_1_114' title="bbox 2173 5352 3775 5426; baseline -0.001 -20"><span class='ocrx_word' id='word_1_848' title='bbox 2173 5355 2314 5424; x_wconf 69' lang='grc' dir='ltr'>δίψει</span> <span class='ocrx_word' id='word_1_849' title='bbox 2342 5355 2567 5408; x_wconf 84' lang='grc' dir='ltr'>διετέλει</span> <span class='ocrx_word' id='word_1_850' title='bbox 2598 5355 2947 5426; x_wconf 82' lang='grc' dir='ltr'>τρυχόμενος.</span> <span class='ocrx_word' id='word_1_851' title='bbox 2977 5353 3086 5406; x_wconf 70' lang='grc' dir='ltr'><strong>Καὶ</strong></span> <span class='ocrx_word' id='word_1_852' title='bbox 3116 5352 3178 5405; x_wconf 82' lang='grc' dir='ltr'>τὸ</span> <span class='ocrx_word' id='word_1_853' title='bbox 3203 5353 3301 5423; x_wconf 75' lang='grc' dir='ltr'>μὲν</span> <span class='ocrx_word' id='word_1_854' title='bbox 3334 5353 3551 5424; x_wconf 84' lang='grc' dir='ltr'>πρῶτον</span> <span class='ocrx_word' id='word_1_855' title='bbox 3584 5355 3775 5423; x_wconf 84' lang='grc' dir='ltr'>ἀπαγ-</span> 
     </span>
    </p>
   </div>
   <div class='ocr_carea' id='block_1_115' title="bbox 2174 5442 3774 5518">
    <p class='ocr_par' dir='ltr' id='par_1_115' title="bbox 2174 5442 3774 5518">
     <span class='ocr_line' id='line_1_115' title="bbox 2174 5442 3774 5518; baseline -0.001 -17"><span class='ocrx_word' id='word_1_856' title='bbox 2174 5447 2384 5516; x_wconf 83' lang='grc' dir='ltr'>γέλλειν</span> <span class='ocrx_word' id='word_1_857' title='bbox 2415 5445 2476 5500; x_wconf 76' lang='grc' dir='ltr'>τὸ</span> <span class='ocrx_word' id='word_1_858' title='bbox 2509 5446 2681 5510; x_wconf 89' lang='grc' dir='ltr'>πάθος</span> <span class='ocrx_word' id='word_1_859' title='bbox 2703 5448 2989 5518; x_wconf 68' lang='grc' dir='ltr'>ᾐσχύνετο,</span> <span class='ocrx_word' id='word_1_860' title='bbox 3024 5443 3135 5496; x_wconf 84' lang='grc' dir='ltr'>τῶν</span> <span class='ocrx_word' id='word_1_861' title='bbox 3179 5445 3283 5498; x_wconf 81' lang='grc' dir='ltr'><strong>ὑπὸ</strong></span> <span class='ocrx_word' id='word_1_862' title='bbox 3314 5446 3407 5498; x_wconf 82' lang='grc' dir='ltr'><strong>τοῦ</strong></span> <span class='ocrx_word' id='word_1_863' title='bbox 3438 5442 3774 5501; x_wconf 80' lang='grc' dir='ltr'>διδασκάλου</span> 
     </span>
    </p>
   </div>
   <div class='ocr_carea' id='block_1_116' title="bbox 2174 5534 3769 5609">
    <p class='ocr_par' dir='ltr' id='par_1_116' title="bbox 2174 5534 3769 5609">
     <span class='ocr_line' id='line_1_116' title="bbox 2174 5534 3769 5609; baseline -0.001 -20"><span class='ocrx_word' id='word_1_864' title='bbox 2174 5535 2596 5609; x_wconf 76' lang='grc' dir='ltr'>προρρηθέντων</span> <span class='ocrx_word' id='word_1_865' title='bbox 2622 5536 2702 5600; x_wconf 78' lang='grc' dir='ltr'>εἰς</span> <span class='ocrx_word' id='word_1_866' title='bbox 2737 5536 2959 5606; x_wconf 84' lang='grc' dir='ltr'>μνήμην</span> <span class='ocrx_word' id='word_1_867' title='bbox 2986 5534 3304 5606; x_wconf 78' lang='grc' dir='ltr'>ἐρχόμενος·</span> <span class='ocrx_word' id='word_1_868' title='bbox 3332 5534 3645 5607; x_wconf 78' lang='grc' dir='ltr'>ἡττώμενος</span> <span class='ocrx_word' id='word_1_869' title='bbox 3683 5534 3769 5600; x_wconf 77' lang='grc' dir='ltr'>δὲ,</span> 
     </span>
    </p>
   </div>
   <div class='ocr_carea' id='block_1_117' title="bbox 2174 5626 3772 5699">
    <p class='ocr_par' dir='ltr' id='par_1_117' title="bbox 2174 5626 3772 5699">
     <span class='ocr_line' id='line_1_117' title="bbox 2174 5626 3772 5699; baseline -0.001 -17"><span class='ocrx_word' id='word_1_870' title='bbox 2174 5631 2268 5682; x_wconf 63' lang='grc' dir='ltr'><strong>καλ⁵</strong></span> <span class='ocrx_word' id='word_1_871' title='bbox 2318 5626 2650 5699; x_wconf 81' lang='grc' dir='ltr'>λειποθυμίᾳ</span> <span class='ocrx_word' id='word_1_872' title='bbox 2697 5628 3087 5697; x_wconf 80' lang='grc' dir='ltr'>κατεχόμενος,</span> <span class='ocrx_word' id='word_1_873' title='bbox 3125 5628 3391 5698; x_wconf 84' lang='grc' dir='ltr'>οἰκτεῖραι</span> <span class='ocrx_word' id='word_1_874' title='bbox 3450 5626 3615 5680; x_wconf 79' lang='grc' dir='ltr'>αὐτὸν</span> <span class='ocrx_word' id='word_1_875' title='bbox 3674 5627 3772 5681; x_wconf 69' lang='grc' dir='ltr'><strong>τον</strong></span> 
     </span>
    </p>
   </div>
   <div class='ocr_carea' id='block_1_118' title="bbox 2173 5720 3770 5794">
    <p class='ocr_par' dir='ltr' id='par_1_118' title="bbox 2173 5720 3770 5794">
     <span class='ocr_line' id='line_1_118' title="bbox 2173 5720 3770 5794; baseline -0.002 -19"><span class='ocrx_word' id='word_1_876' title='bbox 2173 5722 2488 5794; x_wconf 87' lang='grc' dir='ltr'>πρεσϐύτην</span> <span class='ocrx_word' id='word_1_877' title='bbox 2536 5722 2795 5774; x_wconf 78' lang='grc' dir='ltr'>ἱκέτευεν·</span> <span class='ocrx_word' id='word_1_878' title='bbox 2822 5722 2850 5773; x_wconf 93' lang='grc' dir='ltr'><strong>ό</strong></span> <span class='ocrx_word' id='word_1_879' title='bbox 2875 5720 2951 5785; x_wconf 80' lang='grc' dir='ltr'>δὲ,</span> <span class='ocrx_word' id='word_1_880' title='bbox 2998 5720 3106 5773; x_wconf 79' lang='grc' dir='ltr'>τῶν</span> <span class='ocrx_word' id='word_1_881' title='bbox 3131 5721 3488 5793; x_wconf 71' lang='grc' dir='ltr'>προρρήσεων</span> <span class='ocrx_word' id='word_1_882' title='bbox 3518 5720 3770 5791; x_wconf 67' lang='grc' dir='ltr'>ἀναμνήο</span> 
     </span>
    </p>
   </div>
   <div class='ocr_carea' id='block_1_119' title="bbox 2173 5812 3767 5883">
    <p class='ocr_par' dir='ltr' id='par_1_119' title="bbox 2173 5812 3767 5883">
     <span class='ocr_line' id='line_1_119' title="bbox 2173 5812 3767 5883; baseline -0.005 -12"><span class='ocrx_word' id='word_1_883' title='bbox 2173 5834 2293 5881; x_wconf 85' lang='grc' dir='ltr'>σας,</span> <span class='ocrx_word' id='word_1_884' title='bbox 2333 5813 2552 5870; x_wconf 81' lang='grc' dir='ltr'>ἀπιέναι</span> <span class='ocrx_word' id='word_1_885' title='bbox 2582 5813 2743 5869; x_wconf 76' lang='grc' dir='ltr'>πάλιν</span> <span class='ocrx_word' id='word_1_886' title='bbox 2783 5812 3022 5870; x_wconf 81' lang='grc' dir='ltr'>ἐκέλευε.</span> <span class='ocrx_word' id='word_1_887' title='bbox 3081 5813 3187 5867; x_wconf 81' lang='grc' dir='ltr'>Τοῦ</span> <span class='ocrx_word' id='word_1_888' title='bbox 3246 5813 3303 5866; x_wconf 82' lang='grc' dir='ltr'>δὲ</span> <span class='ocrx_word' id='word_1_889' title='bbox 3330 5813 3450 5866; x_wconf 78' lang='grc' dir='ltr'>νέου</span> <span class='ocrx_word' id='word_1_890' title='bbox 3485 5813 3621 5883; x_wconf 85' lang='grc' dir='ltr'>μήτε</span> <span class='ocrx_word' id='word_1_891' title='bbox 3658 5812 3767 5882; x_wconf 78' lang='grc' dir='ltr'>τὴν</span> 
     </span>
    </p>
   </div>
  </div>
