4030 6410
484 431 635 502 I315
1439 425 1933 488 THEODORETI
1957 424 2301 486 EPISCOPI
2333 428 2703 491 CYR‘ENSIS
3635 430 3778 495 1316

486 550 708 604 πιὶιιιιιη
739 544 983 604 ostendit
1012 563 1027 600 :
1058 548 1253 615 postea
1281 553 1420 596 vero
1473 536 1607 595 fecit
1636 539 1931 610 imperata,
1960 552 2074 595 non

2203 539 2385 596 ιπόθου
2413 543 2506 595 τὸν
2527 542 2764 597 θύλακον
2791 543 2875 597 ὅτι
2896 544 3146 614 τάχιστα.
3172 563 3195 595 ι
3228 544 3516 617 Ἐμιμεῖτο
3533 543 3643 617 γὰρ
3669 547 3780 600 κᾶν

496 647 752 707 proterve
781 636 1069 702 resistens,
1097 631 1197 689 sed
1239 630 1552 701 obsequens
1582 627 1842 685 Domino.
1875 627 1955 683 Ita
1987 629 2078 684 hic

2203 632 2357 703 τούτῳ
2405 633 2516 690 τῶν
2558 634 2872 690 ἀποστόλων
2910 636 3003 688 τὸν
3044 636 3263 707 πρῶτον
3286 654 3304 667 υ
3337 636 3398 701 ὃς
3421 636 3517 690 τοῦ
3561 637 3775 708 Κυρίου

494 729 665 783 etiam
698 729 781 783 vir
810 728 1031 783 divinus
1060 743 1077 792 ;
1111 723 1449 796 gravabatur
1508 722 1731 793 quidem
1764 721 1875 776 alio
1921 721 2079 776 labo-

2203 724 2447 795 ίπονίψαι
2498 727 2665 781 αύτοῦ
2713 728 2839 790 τοὺς
2891 727 3058 790 πόδας
3100 726 3451 798 θελήσαντος,
3507 727 3781 799 πρότερον

494 830 654 878 rante
676 822 857 876 cibum
878 834 1123 885 sumere,
1162 817 1258 874 sed
1287 816 1732 872 ardentissimam
1761 813 2082 871 famulantis

2203 818 2288 870 ιέν
2313 817 2548 889 ἠρνήθη,
2576 819 2836 890 ἄντικρυς
2883 819 3308 890 ίσχυρισάμενος
3355 818 3432 882 ώς
3454 818 3515 871 ού
3542 820 3779 889 γενήσε-

496 914 839 969 alacritatem
867 912 1254 977 considerans,
1273 906 1549 965 voluntati
1577 922 1693 964 suae
1729 906 1881 962 illius
1910 905 2075 961 mini-

2203 925 2275 963 ιαι
2303 909 2463 963 τοῦτο
2488 924 2503 940 ⁸
2539 912 2663 964 ἐπεὶ
2692 911 2747 964 δὲ
2771 912 3002 980 ἤκουσεν
3018 910 3095 975 ώς
3116 911 3215 982 τῆς
3237 908 3574 980 Δεσποτικῆς
3597 912 3780 982 ἀποῤ⁴

490 1006 722 1061 sterium
759 1004 1093 1074 anteposuit.

2203 1002 2489 1073 όαγήσεται
2544 1004 2854 1069 κοινωνίας,
2913 1004 2964 1056 εἰ
3021 1004 3095 1075 μὴ
3140 1003 3298 1057 τοῦτο
3343 1004 3780 1081 συγχωρήσειεν,

498 1096 710 1150 ἱκέτευε
764 1096 861 1151 καὶ
909 1094 989 1149 τὼ
1020 1095 1173 1167 χεῖρε
1210 1093 1348 1167 πρὸς
1390 1094 1504 1156 τοῖς
1538 1090 1686 1156 ποσὶ,
1726 1090 1822 1144 καὶ
1851 1088 1951 1159 τὴν
1988 1090 2233 1162 κεφαλὴν
2266 1094 2660 1164 ἀπονίψασθαι.
2688 1094 2845 1149 Οῦτω
2893 1096 2989 1149 καὶ
3029 1095 3279 1165 Ἰωάννης
3323 1096 3351 1148 ὁ
3387 1096 3530 1147 πάνυ
3574 1094 3781 1165 βαπτί-

496 1202 590 1239 σαι
632 1185 946 1250 κελευσθεὶς
979 1186 1071 1239 τὸν
1121 1186 1373 1256 Σωτῆρα,
1419 1182 1687 1255 πρότερον
1736 1179 1834 1250 μὲν
1873 1180 1969 1234 καὶ
2009 1181 2110 1252 τὴν
2143 1183 2354 1239 οἰκείαν
2397 1186 2722 1258 ὡμολόγησε
2763 1185 3047 1252 δουλείαν,
3083 1187 3180 1240 καὶ
3217 1186 3311 1238 τὸν
3340 1185 3621 1255 Δεσπότην
3662 1187 3772 1239 ὑπο

492 1279 698 1345 έδειξεν
728 1297 740 1310 ·
778 1278 1005 1351 ὕστερον
1038 1278 1183 1333 δὲτὸ
1209 1276 1502 1332 κελευσθὲν
1545 1275 1888 1340 ἐπετέλεσεν,
1934 1275 1996 1328 ού
2028 1275 2331 1350 θρασύτητι
2388 1281 2692 1353 χρώμενος,
2738 1282 2876 1337 ἀλλά
2926 1282 3175 1353 Δεσπότῃ
3220 1280 3561 1351 πειθόμενος.
3614 1278 3778 1335 Οὕτω

495 1371 552 1425 δὲ
581 1372 678 1425 καὶ
702 1375 730 1426 ὁ
764 1372 905 1435 θεῖος
935 1368 1089 1434 οὗτος
1121 1368 1256 1440 ἀνὴρ
1294 1367 1592 1440 ἐϐαρύνετο
1637 1366 1736 1436 μὲν
1774 1365 1964 1435 ἐτέρου
2017 1365 2305 1433 πονοῦντος
2356 1372 2519 1437 αὐτὸς
2567 1372 2865 1427 ἀπολαύειν
2917 1373 3156 1443 τροφῆς’
3189 1373 3379 1443 ἐπειδὴ
3407 1374 3465 1426 δὲ
3497 1370 3604 1427 εἶδε
3641 1371 3774 1441 θερ-

492 1468 743 1538 μοτάτην
792 1465 888 1519 τοῦ
941 1461 1282 1536 θεραπευτοῦ
1322 1460 1421 1532 τὴν
1482 1458 1815 1531 προθυμίαν,
1860 1458 1957 1527 τῆς
1999 1457 2209 1524 οίκείας
2229 1462 2495 1533 αἱρέσεως
2524 1466 2625 1537 τὴν
2657 1466 2868 1520 ἐκείνου
2895 1464 3194 1537 θεραπείαν
3227 1466 3527 1537 προείλετο.

571 1556 692 1633 Er].
745 1554 985 1609 fortasse
1038 1553 1339 1623 quispiam,
1367 1566 1434 1605 ex
1468 1550 1537 1606 iis
1572 1551 1666 1619 qui
1696 1548 2087 1618 reprehensio-

2266 1555 2377 1609 Καὶ
2439 1555 2569 1620 ἴσως
2601 1574 2689 1620 τις
2739 1557 2848 1611 τῶν
2879 1557 3207 1627 φιλοψὸγων,
3236 1558 3332 1610 καὶ
3387 1556 3662 1610 σκώπτειν
3710 1558 3784 1612 τὰ

496 1652 666 1706 nilms
741 1650 1091 1704 delectantur
1152 1655 1208 1702 et
1267 1646 1502 1700 honesta
1578 1652 1794 1697 tantum
1859 1656 2086 1712 carpere

2203 1642 2333 1698 καλά
2376 1648 2537 1717 μόνον
2587 1647 3013 1718 δεδιδαγμένων,
3047 1648 3180 1719 φαίη
3211 1648 3277 1701 ἂν
3330 1647 3403 1719 μὴ
3441 1647 3786 1720 ἀξιομνημό-

497 1742 851 1810 didicerunt,
911 1742 1001 1796 cui
1068 1740 1185 1795 lucc
1244 1738 1501 1793 narratio
1559 1735 2084 1791 commemoratione

2203 1752 2380 1791 νευτον
2413 1733 2553 1792 εἶναι
2590 1741 2743 1794 τουτὶ
2788 1742 2850 1794 τὸ
2897 1741 3169 1813 διήγημα.
3218 1741 3360 1811 Ἐγὼ
3405 1743 3463 1796 δὲ
3495 1744 3632 1815 πρὸς
3657 1747 3784 1811 ταῖς

498 1834 662 1905 digna
696 1848 806 1887 non
840 1831 1109 1886 videatur.
1136 1828 1248 1900 Ego
1273 1842 1405 1883 vero
1439 1826 1566 1882 aliis
1596 1826 1762 1895 hujus
1790 1824 1894 1880 viri
1918 1824 2085 1880 mira-

2203 1826 2383 1891 Ξλλαις
2433 1828 2529 1883 τοῦ
2574 1831 2770 1902 ἀνδρὸς
2800 1832 3275 1903 θαυματουργίαις
3306 1833 3583 1888 καὶτοῦτο
3604 1852 3781 1907 προσ-

501 1926 645 1981 culis
685 1924 788 1979 hoc
836 1923 1001 1979 etiam
1036 1921 1237 1991 adieci,
1264 1936 1378 1975 non
1408 1920 1585 1975 solum
1645 1927 1705 1972 ut
1758 1931 2087 1989 magnorum

2203 1918 2437 1987 τέθεικα,
2460 1923 2522 1976 ού
2553 1923 2712 1994 μόνον
2740 1923 2848 1977 τῶν
2903 1924 3154 1994 μεγάλων
3188 1924 3397 1996 ἀνδρῶν
3428 1926 3489 1978 τὸ
3523 1929 3654 1998 περὶ
3684 1929 3785 1982 αύ-

498 2016 745 2071 virorum
777 2030 907 2085 erg-a
954 2030 1079 2070 eum
1128 2013 1541 2069 observantiam
1578 2009 1953 2077 ostenderem,
1993 2008 2090 2065 sed

2203 2012 2281 2068 τὸν
2309 2013 2471 2077 σέϐας
2504 2016 2766 2083 ἐπιδεῖξαι
2820 2016 3159 2087 βουλόμενος,
3191 2016 3328 2071 ἀλλά
3358 2019 3450 2071 καὶ
3482 2018 3577 2072 τοῦ
3616 2021 3783 2092 ἤθους

500 2108 646 2180 quod
671 2122 884 2164 morum
920 2104 1039 2176 ejus
1069 2105 1401 2161 suavitatem
1432 2113 1489 2159 et
1512 2102 1952 2158 moderationem
1988 2100 2089 2157 deo

2203 2105 2355 2160 ιύτοῦ
2382 2107 2443 2160 τὸ
2472 2106 2641 2176 γλυκὺ
2662 2110 2758 2163 καὶ
2788 2109 3010 2181 μέτριον
3037 2109 3277 2181 δηλῶσαι
3304 2110 3597 2183 κερδαλέον
3614 2114 3784 2184 ἠγούο

498 2200 702 2256 clarari
749 2214 931 2269 opera:
998 2197 1239 2269 pretium
1300 2194 1688 2252 existimarint.
1754 2193 1892 2249 Nam
1963 2209 2089 2249 cum

2203 2217 2374 2270 μενος..
2410 2199 2677 2265 Τοσοῦτος
2728 2202 2838 2273 γάρ
2890 2200 2967 2255 ὢν
3017 2203 3114 2256 καὶ
3143 2201 3387 2268 τοιοῦτος
3418 2204 3518 2275 τὴν
3549 2205 3780 2278 ἀρετὴν,

501 2298 657 2345 tanta
708 2299 859 2346 esset
889 2297 944 2346 et
981 2289 1075 2343 tali
1136 2288 1363 2353 virtute,
1418 2303 1487 2342 ne
1530 2286 1818 2343 levissimo
1864 2286 2089 2357 quidem

2203 2293 2313 2347 >ύδὲ
2339 2298 2439 2367 τῆς
2485 2294 2755 2366 τυχούσης
2794 2295 2963 2365 τιμῆς
2987 2294 3138 2361 ἄξιον
3175 2296 3369 2350 ἐαυτὸν
3402 2298 3780 2368 ὑπελάμϐανε,

497 2382 711 2437 honore
739 2383 964 2454 dignum
995 2397 1057 2437 se
1075 2396 1200 2437 esse
1227 2379 1509 2443 censebat,
1537 2378 1636 2434 sed
1667 2380 1815 2434 hunc
1848 2387 1908 2433 ut
1933 2379 2002 2433 ad
2032 2393 2092 2435 se

2203 2384 2284 2438 tat
2317 2384 2591 2437 ἀπωθεῖτο
2640 2385 2738 2456 μὲν
2772 2384 2942 2456 αὐτὴν
2965 2384 3041 2449 ὡς
3088 2385 3387 2456 οὐδαμόθεν
3416 2388 3569 2458 αὐτῷ
3608 2405 3783 2459 προσ-

499 2474 638 2528 nihil
656 2474 978 2529 attinentem
1002 2472 1302 2544 repellebat
1327 2490 1342 2527 :
1372 2486 1569 2526 rursus
1594 2478 1775 2525 autem
1795 2470 2088 2535 tolerabat,

2203 2471 2455 2542 ἡκουσαν,
2492 2473 2739 2544 ἠνείχετο
2773 2473 2830 2527 δὲ
2861 2474 3045 2537 πάλιν,
3079 2474 3156 2539 ὡς
3188 2476 3316 2541 τοὺς
3344 2476 3586 2549 δρῶντας
3622 2479 3785 2551 εὐερ-

500 2564 650 2635 quod
698 2580 795 2620 eos
824 2568 920 2634 qui
967 2563 1295 2619 deferebant
1344 2561 1582 2617 alliceret
1608 2561 1896 2617 beneflcio.
1935 2560 2092 2616 Hunc

2203 2562 2479 2629 γετοῦσαν.
2512 2563 2731 2634 Ταύτην
2787 2564 3203 2636 ἀποδιδράσκων
3222 2604 3237 2630 ,
3263 2566 3420 2637 δῆλος
3452 2568 3559 2641 γὰρ
3607 2570 3784 2625 ἅπασι

505 2672 633 2727 ergo
691 2658 907 2728 fugiens
962 2655 1256 2728 (omnibus
1306 2656 1455 2711 enim
1489 2658 1660 2710 ‘cum
1727 2655 2087 2720 innotuisset,

2203 2652 2460 2721 γεγονὼς,
2490 2647 2640 2707 εἷλκε
2670 2654 2808 2725 πρὸς
2835 2654 2998 2708 αὐτὸν
3030 2654 3120 2708 διά
3156 2653 3256 2723 τῆς
3288 2656 3477 2726 φήμης
3517 2657 3644 2719 τοὺς
3671 2656 3785 2709 τῶν

500 2746 775 2802 honorum
814 2754 1094 2801 amatores
1135 2761 1231 2816 per
1257 2743 1458 2799 famam
1490 2744 1557 2799 ad
1594 2759 1654 2800 se
1682 2744 1990 2815 trahebat),
2034 2744 2088 2798 in

2203 2743 2414 2811 ὶγαθῶν
2447 2745 2705 2815 ἐραστὰς,
2740 2744 2801 2799 τὸ
2843 2746 2997 2810 τέλος
3016 2742 3120 2799 ’ἐπὶ
3160 2747 3223 2800 τὸ
3262 2746 3476 2800 Σίναιον
3504 2746 3631 2817 ὅρος
3664 2749 3784 2817 μετ’

501 2848 747 2896 montem
785 2839 1033 2895 Simeum
1064 2839 1283 2894 tandem
1309 2852 1435 2892 cum
1460 2838 1654 2908 paucis
1672 2854 1702 2894 e
1721 2837 2087 2893 familiaribus

2203 2835 2391 2903 ὗλίγων
2440 2836 2550 2889 τῶν
2603 2836 3012 2907 συνηθεστέρων
3074 2836 3436 2908 ἐξώρμησεν,
3465 2837 3528 2890 οὐ
3574 2837 3787 2901 πόλεως

501 2933 792 3005 profectus
824 2941 930 2995 est,
969 2948 1075 2988 non
1114 2931 1376 3002 oppidum
1413 2931 1732 3001 ingrediens
1760 2930 1956 2998 ullum,
1989 2946 2095 2985 nec

2203 2925 2516 2988 ἐπιϐαίνων,
2547 2928 2609 2980 ού
2645 2925 2862 2998 κώμης,
2897 2926 3037 2981 ἁλλά
3068 2927 3165 2998 τὴν
3214 2927 3416 2982 ἄϐατον
3446 2927 3653 2999 ἔρημον
3682 2928 3786 2998 βα-

504 3026 713 3090 vicum,
738 3026 832 3082 sed
863 3042 960 3096 per
991 3025 1192 3080 inviam
1222 3025 1329 3078 iter
1375 3038 1548 3093 agens
1576 3023 1955 3078 solitudinem.
1989 3021 2094 3077 Fe-

2203 3020 2292 3090 εὴν
2337 3020 2723 3090 ἐργαζόμενος.
2773 3022 3010 3092 Ἔφερον
3064 3021 3121 3074 δὲ
3167 3022 3262 3075 ἐπὶ
3306 3021 3415 3075 τῶν
3470 3020 3639 3092 ὤμων
3682 3022 3785 3074 καὶ⁸

501 3119 696 3174 rebaut
746 3126 928 3172 autem
962 3116 1211 3172 humeris
1260 3130 1485 3186 quoque
1517 3114 1848 3170 alimentum
1897 3129 2091 3171 neces-

2192 3109 2293 3178 τὴν
2339 3109 2648 3177 ἀναγκαίαν
2693 3109 2925 3181 τροφὴν,
2954 3110 3046 3165 τὸν
3091 3112 3275 3181 ἄρτον,
3316 3110 3480 3182 φημὶ,
3516 3111 3611 3166 καὶ
3653 3110 3788 3176 τοὺς

503 3212 735 3276 sarium,
790 3225 1013 3282 panem,
1049 3209 1314 3278 inquam,
1363 3214 1419 3262 et
1468 3207 1680 3274 salem,
1726 3217 1780 3261 et
1830 3207 2089 3277 poculum

2228 3202 2385 3266 ἃλας,
2411 3202 2505 3254 καὶ
2538 3199 2768 3255 κώθωνα
2793 3202 2857 3255 ἐκ
2888 3202 3044 3267 ξύλου
3078 3202 3465 3274 πεποιημένον,
3486 3202 3581 3256 καὶ
3615 3219 3790 3272 σπογ-

502 3304 771 3375 ligneum,
793 3311 847 3356 et
862 3302 1146 3371 spongiam
1177 3300 1304 3357 fune
1331 3300 1610 3372 alligatam
1637 3317 1652 3366 ;
1675 3307 1736 3353 ut
1783 3300 1830 3354 si
1874 3298 2097 3368 quando

504 3393 924 3465 profundiorem
946 3407 1143 3462 aquam
1167 3392 1528 3456 invenissent,
1547 3390 1779 3460 spongia
1814 3388 2099 3445 haurirent

505 3498 936 3553 expressamque
956 3482 1009 3537 in
1032 3482 1287 3552 poculum
1309 3483 1581 3537 biberent.
1603 3479 1894 3533 Multorum
1914 3478 2099 3548 itaque

511 3574 732 3645 1129
753 3574 968 3630 dierum
1009 3576 1117 3630 iter
1164 3574 1397 3639 emensi,
1433 3573 1503 3628 ad
1549 3580 1791 3625 montem
1844 3578 2096 3641 Optatum

509 3665 877 3736 perveniunt,
921 3672 1135 3720 etcum
1186 3662 1484 3718 Dominum
1526 3675 1689 3716 suum
1743 3660 2095 3727 adorassent,

510 3756 735 3827 longum
770 3755 846 3810 ibi
872 3764 1098 3826 tempus
1129 3760 1548 3825 lransegcrunt,
1596 3750 1703 3807 loci
1735 3751 2096 3808 solitudinem

509 3856 568 3903 et
593 3845 791 3902 anima:
824 3847 1068 3918 quietem
1104 3846 1401 3901 maximam
1432 3844 1700 3900 ducentes
1730 3844 2094 3915 voluptatem.

509 3939 760 4008 Cumque
787 3937 841 3992 in
881 3947 1036 4009 petra
1062 3938 1179 4004 illa,
1221 3935 1327 3991 sub
1351 3951 1457 4006 qua
1486 3936 1744 4006 princeps
1791 3936 2096 4007 propheta-

513 4047 635 4088 rum
673 4030 853 4086 Moses
885 4032 1085 4094 latens,
1122 4029 1293 4084 Deum
1329 4044 1440 4099 quo
1479 4037 1645 4100 pacto
1675 4028 1852 4083 videri
1882 4035 2099 4098 poterat

511 4121 719 4178 meruit
749 4121 935 4176 videre
954 4160 970 4186 ,
999 4119 1292 4176 ecclesiam
1326 4121 1714 4185 exstruxisset,
1743 4119 2099 4190 divinamque

517 4229 687 4277 ararit,
716 4229 838 4284 qua:
866 4227 1041 4284 usque
1082 4211 1136 4266 in
1170 4211 1502 4267 hodiernum
1540 4211 1685 4266 diem
1730 4219 1938 4275 manet,
1965 4226 2098 4266 con-

515 4314 811 4369 secrasset,
868 4306 923 4359 in
975 4305 1284 4376 palmstram
1342 4319 1499 4361 suam
1562 4319 1823 4359 reversus
1861 4312 1970 4361 est.
2023 4305 2100 4360 De

515 4396 685 4452 minis
716 4411 882 4467 porro
913 4395 1163 4465 ejusdem
1191 4410 1319 4450 cum
1356 4395 1477 4466 ipso
1515 4394 1785 4459 nominis,
1819 4394 1913 4449 sed
1941 4393 2098 4465 impii

516 4491 870 4562 imperatoris
899 4492 1105 4547 certior
1133 4489 1335 4556 factus,
1364 4491 1457 4560 qui
1489 4489 1612 4558 pios
1654 4502 1848 4543 omnes
1877 4503 1936 4544 se
1967 4487 2099 4543 fun-

2200 3292 2330 3362 γιὰν
2366 3293 2615 3365 μηρίνθῳ
2640 3294 3078 3365 προσδεδεμένην
3097 3311 3110 3323 ·
3144 3296 3294 3359 ὅπως
3312 3294 3517 3347 εἴποτε
3558 3294 3791 3365 βαθύτε-

2203 3400 2296 3454 ρον
2322 3382 2536 3454 εὕροιεν
2568 3383 2713 3454 ῦδωρ
2735 3384 3102 3455 ἀνιμήσαιντο
3132 3384 3232 3456 μὲν
3251 3387 3319 3457 τῇ
3352 3387 3612 3456 σπογγιᾷ.
3649 3386 3788 3440 ἀπο-

2201 3474 2489 3545 θλίψαντες
2512 3475 2570 3529 δὲ
2602 3478 2683 3540 είς
2707 3477 2799 3530 τὸν
2848 3476 3083 3532 κώθωνα
3131 3477 3440 3531 ἀποπίοιεν.
3490 3477 3790 3548 Τοιγάρτοι

2200 3568 2413 3624 πολλῶν
2466 3568 2691 3640 ἡμερῶν
2729 3569 2848 3623 ὁδὸν
2886 3568 3252 3634 ἐξανύσαντες
3305 3569 3790 3641 καταλαμϐάνουσι

2199 3658 2260 3711 τὸ
2283 3656 2619 3726 ποθούμενον
2648 3658 2796 3731 δρος,
2825 3662 2922 3713 καί
2949 3661 3039 3714 τὸν
3079 3662 3282 3714 οἰκεῖον
3310 3663 3783 3733 προσκυνήσαντες

2198 3750 2481 3821 Δεσπότην
2503 3749 2672 3805 πολὺν
2706 3753 2824 3804 ἐκεῖ
2851 3751 3161 3808 διετέλεσαν
3186 3754 3401 3825 χρόνον,
3432 3752 3529 3807 τοῦ
3580 3753 3771 3826 χωρίου

2199 3841 2298 3913 τὴν
2319 3843 2557 3914 ἐρημίαν
2579 3843 2675 3897 καὶ
2710 3843 2811 3914 τὴν
2847 3845 2950 3916 τῆς
2970 3844 3150 3917 ψυχῆς
3172 3846 3408 3916 ἡσυχίαν
3439 3848 3656 3918 τρυφὴν
3693 3862 3789 3917 με-

2200 3935 2394 4005 γίστην
2430 3935 2747 4007 ἡγούμενοι.
2796 3937 2885 3991 Ἐν
2926 3938 3108 4011 ἐκείνῃ
3158 3938 3216 3993 δὲ
3250 3943 3317 4011 τῇ
3367 3941 3588 4013 πέτρᾳ»
3630 3941 3722 4009 ὑφ’

2201 4027 2575 4098 κρυπτόμενος
2626 4029 2868 4100 Μωῡσῆς
2919 4030 3029 4085 τῶν
3075 4031 3374 4103 προφητῶν
3423 4035 3451 4086 ὁ
3496 4034 3796 4104 κορυφαῖος

2200 4115 2406 4188 ἠξιώθη
2438 4117 2532 4171 τὸν
2563 4117 2697 4173 Θεὸν
2724 4120 2871 4186 ίδεῑν,
2893 4120 2968 4186 ὡς
3006 4121 3232 4177 δυνατὸν
3279 4118 3348 4195 ἦν
3392 4123 3520 4177 ίδείν
3542 4163 3557 4186 ,
3586 4125 3797 4194 ἐκκλη-

2204 4208 2324 4262 σίαν
2353 4209 2703 4281 δειμάμενος,
2736 4214 2832 4268 καὶ
2876 4213 3019 4268 θεῖον
3060 4215 3298 4285 ἁγιάσας
3326 4215 3741 4286 θυσιαστήριον,
3770 4217 3801 4270 δ

2202 4301 2297 4355 καὶ
2332 4302 2412 4365 είς
2431 4302 2590 4373 δεῦρο
2608 4303 2897 4376 διέμεινεν,
2926 4308 3007 4370 είς
3031 4307 3130 4378 τὴν
3161 4309 3372 4363 οἰκείαν
3401 4310 3647 4381 ἐπανῆκε
3686 4328 3800 4366 πα-

2206 4390 2491 4461 λαίστραν.
2515 4393 2720 4463 Μαθὼν
2741 4395 2798 4447 δὲ
2832 4395 2926 4450 τοῦ
2951 4398 3243 4469 ὁμωνύμου
3278 4400 3396 4471 μὲν,
3413 4400 3709 4465 δυσσεϐοῦς
3733 4403 3796 4456 δὲ

2204 4484 2466 4555 βασιλέως
2499 4486 2600 4550 τάς
2627 4487 2857 4552 ἀπειλάς
2884 4504 2899 4521 ο
2930 4489 3307 4561 πανωλεθρίαν
3338 4490 3447 4564 γάρ
3481 4494 3596 4555 τοῖς
3634 4492 3804 4569 ¹εύσεο

515 4583 662 4640 ditus
689 4582 998 4638 deleturum
1028 4582 1279 4653 jactans,
1312 4579 1598 4652 profectus
1620 4588 1740 4635 erat
1778 4580 1833 4634 in
1872 4579 2096 4648 Persas,

2203 4576 2353 4631 ϐέσιν
2383 4578 2705 4649 ἀπειλήσας,
2731 4579 2829 4650 τὴν
2851 4581 2944 4634 ἐπὶ
2974 4580 3190 4653 Πέρσας
3224 4584 3449 4654 πορείαν
3481 4584 3796 4641 ἐστείλατο*

514 4691 640 4733 cum
693 4675 1131 4733 abominandum
1184 4675 1339 4728 illum
1384 4672 1619 4728 reditum
1672 4672 1954 4729 inhiantes
1998 4689 2097 4729 ex-

516 4778 830 4844 SpeCIareut
882 4772 976 4839 qui
1011 4767 1203 4823 eadem
1235 4767 1570 4833 sentiebant,
1638 4767 1757 4837 ipse
1798 4776 1933 4824 tunc
1989 4767 2101 4824 Deo

514 4863 710 4920 enixas
749 4876 944 4932 preces
983 4858 1259 4923 offerens,
1296 4874 1503 4930 easque
1552 4857 1625 4914 ad
1673 4858 1862 4916 decem
1923 4873 2103 4931 usque

514 4954 635 5010 dies
668 4952 1020 5023 producens,
1055 4949 1267 5005 audivit
1302 4965 1492 5006 vocem
1527 4966 1651 5021 quae
1683 4951 1909 5008 dicebat
1944 4965 2103 5007 exse-

517 5046 786 5100 crandum
825 5043 978 5097 illum
1020 5049 1075 5099 et
1114 5040 1373 5099 fetentem
1407 5057 1636 5113 porcum
1674 5043 1743 5099 de
1767 5044 1952 5100 medio
1977 5058 2105 5099 esse

520 5126 825 5193 sublatum.
866 5133 973 5191 Sed
1004 5151 1182 5206 neque
1212 5137 1384 5191 tluitis
1418 5137 1678 5209 precibus
1723 5137 1914 5193 statim
1960 5135 2106 5191 ﬁniit

520 5226 849 5293 orationem,
893 5226 991 5282 sed
1017 5227 1338 5298 petitionem
1390 5228 1443 5283 in
1477 5226 1675 5283 laudes
1699 5228 1953 5293 mutavit,
1978 5241 2105 5297 gra-

521 5319 629 5374 tias
651 5332 823 5388 agens
860 5319 1131 5374 servatori
1190 5334 1447 5382 suorum,
1489 5318 1864 5388 clementique
1900 5327 1956 5374 et
2002 5332 2104 5386 po-

524 5407 663 5464 tenti
712 5406 857 5463 hosti
916 5409 1244 5465 alienorum.
1302 5409 1536 5480 lmpium
1590 5408 1737 5464 enim
1784 5407 2106 5479 longissimo

527 5508 775 5569 tempore
813 5500 1069 5557 toleravit
1100 5521 1114 5557 :
1145 5500 1243 5558 sed
1277 5517 1402 5556 cum
1453 5501 1577 5573 ejus
1612 5501 1878 5572 patientia
1932 5500 2108 5571 majo-

528 5604 641 5645 rem
679 5588 735 5644 in
764 5589 972 5645 rabiem
1010 5592 1350 5648 si-eleratum
1389 5592 1752 5659 concitasset,
1794 5598 2110 5662 opportune

526 5681 713 5737 intulit
768 5683 1124 5755 supplicium.
1186 5682 1471 5756 Compteta
1536 5683 1829 5752 oratione,
1862 5686 1932 5742 ad
1974 5701 2111 5743 suos

528 5785 855 5837 conversus,
885 5775 1068 5829 laetum
1110 5775 1295 5843 palam
1341 5783 1396 5831 et
1447 5775 1809 5847 tranquillum
1861 5778 2107 5833 animum

533 5875 645 5931 prae
674 5877 735 5918 se
764 5863 888 5917 tulit
919 5881 932 5916 :
964 5862 1132 5916 animi
1174 5863 1323 5918 enim
1373 5864 1566 5921 laetitia
1607 5865 1840 5925 hilarem
1893 5869 2109 5927 vultum

2203 4668 2297 4722 καὶ
2323 4669 2657 4739 ἐκεχήνεσαν
2683 4671 2733 4723 οί
2765 4670 2835 4724 τὰ
2866 4671 3007 4725 αύτά
3032 4672 3359 4743 φρονοῦντες
3381 4673 3478 4746 τὴν
3509 4675 3801 4745 ἀπευκτὴν

2204 4760 2423 4831 ἐκείνην
2479 4761 2738 4816 ἐπάνοδον
2776 4780 2791 4794 ·
2831 4763 3136 4832 τηνικαῦτα
3200 4765 3499 4827 σπουδαίαν
3543 4768 3624 4839 τῷ
3676 4768 3803 4841 Θεῷ

2203 4851 2586 4922 προσενεγκὼν
2623 4853 2934 4926 προσευχὴν
2953 4894 2969 4919 ,
3002 4856 3098 4909 καὶ
3124 4857 3332 4929 ταύτην
3375 4859 3536 4931 μέχρι
3560 4859 3805 4934 δεκάτης

2204 4942 2417 5014 ἡμέρας
2438 4943 2684 5007 ἐκτείνας
2710 4985 2727 5010 ,
2754 4944 2957 5016 ἢκουσε
3008 4947 3196 5018 φωνῆς
3236 4942 3642 5021 φθεγγομένης,
3667 4952 3747 5015 ώς
3772 4955 3804 5006 ό

2208 5035 2452 5104 μυσαρὸς
2485 5034 2584 5088 καὶ
2619 5034 2862 5107 δυσώδης
2902 5036 3172 5109 ἀνῄρηται
3229 5039 3431 5110 χοῖρος.
3494 5039 3636 5093 Ἀλλ’
3671 5041 3805 5095 οὐδὲ

2204 5126 2304 5197 τῆς
2334 5127 2647 5199 προσευχῆς
2671 5128 2734 5182 τὸ
2774 5129 2949 5200 πέρας
2994 5129 3331 5203 δεξαμένης,
3364 5132 3528 5197 εὐθὺς
3562 5134 3801 5188 συνεπέ-

2210 5232 2339 5287 ρανε
2361 5218 2460 5288 τὴν
2484 5218 2670 5290 εὐχὴν,
2689 5218 2829 5274 ἀλλά
2863 5220 2963 5291 τὴν
2990 5221 3207 5292 αίτησιν
3233 5223 3315 5287 είς
3343 5222 3619 5294 ὑμνῳδίαν
3660 5241 3801 5299 μετ-

2207 5308 2421 5376 έϐαλεν,
2453 5312 2873 5385 εύχαριστήριον
2900 5313 3243 5382 ἀναπέμπων
3272 5312 3443 5386 ῦμνον
3468 5316 3545 5387 τῷ
3578 5316 3802 5388 Σωτῆρι

2206 5402 2318 5456 τῶν
2358 5403 2597 5470 οίκείων,
2629 5406 2726 5460 καὶ
2757 5404 2871 5459 τῶν
2902 5405 3203 5478 ἀλλοτρίων
3243 5405 3555 5478 ἀνεξικάκῳ
3596 5424 3658 5462 τε
3699 5408 3806 5463 καὶ

2207 5494 2420 5567 δυνατῷ
2445 5495 2709 5567 πολεμίῳ.
2749 5495 3211 5569 Ἐμακροθύμησε
3249 5498 3364 5572 γὰρ
3387 5500 3480 5553 ἐπὶ
3508 5498 3693 5553 πλεῖον
3715 5499 3801 5573 τῷ

2207 5585 2488 5641 δυσσεϐεῖ·
2510 5585 2701 5657 ἐπειδὴ
2724 5587 2782 5641 δὲ
2798 5591 2831 5657 ή
2858 5588 3212 5661 μακροθυμία
3233 5591 3315 5654 είς
3345 5588 3566 5659 μείζονα
3594 5589 3802 5645 λύτταν

2208 5678 2627 5752 ἐπαιδοτρίϐησε
2685 5679 2778 5733 τὸν
2816 5679 3131 5752 ἀλάστορα,
3161 5682 3242 5747 εἰς
3281 5682 3473 5754 καιρὸν
3521 5684 3799 5755 τιμωρίαν

2211 5771 2477 5844 ἐπήγαγε.
2510 5770 2899 5844 Πεπληρωκὼς
2925 5771 2985 5825 δέ
3021 5772 3124 5845 τὴν
3149 5773 3337 5846 εὐχὴν,
3375 5775 3470 5829 καὶ
3505 5773 3644 5846 πρὸς
3676 5778 3797 5838 τους

2211 5865 2444 5931 οἰκείους
2478 5868 2856 5939 ἐπιστραφεὶς,
2885 5866 3045 5939 δῆλος
3068 5864 3137 5939 ἦν
3160 5866 3398 5940 εύθυμον
3427 5867 3526 5937 τὴν
3556 5869 3797 5924 διάνοιαν
