4030 6412
306 431 448 496 1317

1532 435 1940 498 BELIGIOSA
1977 431 2361 495 HISTORlA.

3434 433 3570 496 1318

296 545 440 611 ἔχων
463 557 476 571 ·
513 537 750 610 θυμηδία
790 540 898 612 γὰρ
933 541 1320 614 γεγανωμένον
1367 542 1580 598 ἐδείκνυ
1626 544 1688 597 τὸ
1721 543 1874 616 πρόσε

1995 540 2312 596 exhibebat.
2378 537 2799 594 Admirantibus
2859 549 3035 596 autem
3093 541 3164 597 iis
3197 541 3293 613 qui
3345 542 3576 598 aderant

291 648 464 686 ωπον.
495 629 906 700 Θαυμασάντων
938 632 991 685 δὲ
1025 633 1132 686 τῶν
1181 635 1446 688 συνόντων
1479 634 1541 688 τὸ
1571 635 1755 689 καινὸν
1781 635 1878 689 τοῦ

291 723 569 791 θεάματος
590 740 603 754 ·
630 723 953 794 σκυθρωπὸς
976 724 1046 792 γά
1055 743 1086 794 ρ
1104 725 1190 778 ἀεὶ
1211 726 1557 797 φαινόμενος,
1578 727 1884 798 τηνικαῦτα

287 812 523 883 μειδιῶν
571 815 817 885 ἑωρᾶτο·
872 817 966 868 καὶ
1021 817 1120 887 τὴν
1179 817 1360 870 αἰτίαν
1413 818 1833 888 πυνθανομένων
1865 835 1881 850 ο

297 923 319 954 ε
363 904 475 974 Τῆς
518 904 881 973 εὐφροσύνης,
925 905 1053 975 ἔφη,
1083 901 1128 959 ὦ
1177 907 1390 978 ἄνδρες,
1421 909 1517 962 καὶ
1558 909 1826 980 θυμηδίας
1857 912 1884 964 ό

209 1028 212 1030 ~
296 996 487 1066 παρὼν
519 997 711 1067 καιρός
754 1015 766 1028 ⁸
802 998 1079 1051 πέπαυται
1114 1003 1224 1068 γὰρ
1275 1003 1302 1053 ό
1345 1001 1545 1071 ἀσεϐὴς
1587 1002 1729 1055 κατὰ
1785 1001 1882 1072 τὴν

299 1088 532 1142 Ἡσαΐου
570 1089 777 1160 φωνὴν,
813 1090 907 1143 καὶ
942 1090 1111 1144 ἔδωκε
1145 1093 1298 1155 δίκας
1352 1093 1460 1145 τῶν
1515 1093 1882 1163 τολμημάτων

288 1179 490 1244 ἀξίαςο
520 1180 615 1232 καὶ
667 1180 811 1233 κατὰ
863 1181 958 1234 τοῦ
1020 1183 1384 1252 πεποιηκότος
1438 1186 1533 1238 καὶ
1580 1185 1882 1250 σεσωκότος

285 1272 642 1341 τυραννήσας
670 1271 828 1336 Θεοῦ,
855 1273 959 1326 ὐπὸ
988 1273 1171 1340 δεξιᾶς
1217 1276 1460 1346 ὑπηκόου
1505 1277 1754 1330 δέδεκται
1781 1277 1881 1348 τὴν

284 1361 511 1416 δικαίαν
562 1365 782 1434 σφαγήν
806 1380 818 1392 ·
850 1364 938 1417 διὰ
965 1365 1124 1420 τοῦτο
1160 1368 1451 1439 γάννυμαι,
1483 1369 1584 1432 τὰς
1609 1371 1698 1423 ὐπ’
1735 1373 1881 1424 ἐκεί-

285 1472 381 1506 νου
407 1455 814 1525 πολεμηθείσας
866 1457 1199 1528 Ἑκκλησίας
1230 1459 1550 1530 γαυριῶσας
1583 1460 1876 1531 θεώμενος,

282 1548 383 1599 καὶ
421 1547 634 1618 βλέπων
657 1548 748 1601 τὸν
795 1550 1073 1620 ἀλιτήριον
1103 1552 1208 1604 ὑπὸ
1237 1551 1343 1605 τῶν
1368 1553 1459 1606 ὑπ’
1499 1553 1664 1608 αὐτοῦ
1700 1573 1878 1624 τιμω-

284 1640 469 1710 μένων
495 1640 766 1710 δαιμόνων
803 1643 1059 1712 οὐδεμιᾶς
1103 1644 1426 1715 ἐπικουρίας
1474 1646 1818 1717 ἐπιτυχόντα.
1853 1665 1871 1696 ι

294 1733 425 1785 Ἐπὶ
455 1733 555 1803 μὲν
577 1729 669 1786 οὖν
699 1735 797 1804 τῆς
824 1734 916 1787 τοῦ
968 1735 1262 1799 δυσσεϐοῦς
1289 1736 1482 1790 τούτου
1520 1739 1736 1807 σφαγῆς
1761 1756 1875 1792 τοι·

281 1824 459 1896 αὐτης
487 1826 768 1879 ἀπέλαυσε
796 1827 892 1896 τῆς
923 1827 1308 1898 προγνώσεως.
1338 1829 1494 1882 Ἐπεὶ
1528 1829 1586 1883 δὲ
1614 1831 1706 1882 καὶ
1731 1830 1876 1884 Οὐά-

1987 649 2188 689 novum
2222 635 2622 704 spectaculum,
2658 635 2806 705 quod
2853 635 2945 705 qui
2973 635 3119 690 tristi
3155 650 3372 704 semper
3409 651 3570 706 aspe-

1987 732 2078 780 ctu
2115 725 2424 791 videbatur,
2460 737 2593 779 tunc
2624 726 2911 782 subridere
2941 736 3286 789 cerneretur,
3315 741 3577 780 causam-

1985 832 2094 888 que
2130 819 2458 888 rogantibus
2487 837 2499 873 :
2527 838 2544 869 ι
2567 818 2810 880 Laetitiae,
2847 819 3051 886 inquit,
3091 834 3124 873 ο
3157 820 3284 880 viri,
3329 835 3576 888 praesens

1985 916 2206 978 tempus
2243 917 2349 973 est,
2390 916 2445 964 ct
2495 911 2703 980 gaudii.
2757 911 3010 964 Cessavit
3055 910 3202 963 enim
3255 910 3477 978 impius,
3515 919 3577 964 ut

1986 1002 2063 1054 ait
2099 1002 2296 1068 Isaias,
2329 1013 2381 1056 et
2415 1004 2708 1056 audacium
2743 1003 2958 1072 1130
3006 1005 3348 1073 inceptorum
3403 1005 3575 1057 meri-

1985 1103 2069 1148 tas
2100 1109 2292 1164 pmnas
2324 1095 2476 1149 dedit
2508 1103 2597 1149 :et
2629 1095 2722 1164 qui
2778 1095 3124 1164 tyrannidem
3179 1095 3232 1147 in
3267 1093 3438 1148 Deum
3483 1094 3572 1148 fa-

1982 1189 2224 1240 ctorem‘
2255 1195 2312 1240 et
2366 1185 2718 1242 Servatorem
2774 1189 3062 1253 excreuit,
3106 1187 3174 1242 ab
3227 1187 3574 1254 obsequente

1984 1278 2207 1333 dextera
2237 1279 2362 1346 jure
2389 1294 2565 1333 caesus
2595 1287 2696 1332 est.
2734 1278 2863 1332 ldeo
2889 1279 3066 1342 laetor,
3099 1275 3396 1338 Eeclesias,
3430 1291 3570 1345 quas

1985 1371 2076 1426 ille
2101 1371 2473 1440 oppugnabat,
2516 1371 2859 1425 exsultantes
2897 1371 3111 1430 videns,
3144 1377 3199 1424 et
3233 1370 3568 1423 sceleratum

1983 1475 2225 1516 cernens
2264 1477 2291 1513 a
2324 1460 2693 1528 daemonibus,
2722 1477 2860 1531 quos
2919 1461 3162 1525 colebat,
3193 1460 3327 1514 nihil
3375 1460 3568 1514 auxilii

1983 1563 2416 1610 consecutum.»
2480 1555 2552 1609 De
2604 1556 2771 1625 hujus
2825 1571 2958 1624 ergo
3007 1555 3160 1623 impii
3209 1555 3356 1608 etc-de
3407 1554 3568 1607 talem

1983 1646 2178 1701 habuit
2207 1647 2638 1716 praescientiam.
2674 1647 2810 1701 Cum
2850 1647 3048 1700 Valens
3081 1653 3290 1709 autem,
3320 1645 3410 1714 qni
3445 1652 3570 1713 post

1981 1739 2133 1792 illum
2196 1739 2438 1793 habenas
2491 1737 2724 1792 Romani
2790 1739 2967 1790 tenuit
3031 1736 3287 1806 imperii,
3355 1735 3566 1804 ahjecta

1979 1830 2428 1900 evangelicorum
2471 1829 2788 1899 dogmatum
2834 1829 3092 1892 veritate,
3129 1828 3320 1881 Ariani
3356 1826 3566 1882 erroris

280 1917 407 1987 λης,
434 1921 462 1971 ὀ
488 1920 605 1989 μετ’
653 1921 862 1972 ἐκεῖνον
902 1919 1002 1982 τάς
1051 1919 1206 1990 ἡνίας
1251 1921 1352 1990 τῆς
1390 1921 1708 1992 Ῥωμαῖκῆς
1743 1924 1874 1990 ήγε-

1983 1923 2351 1992 imposturam
2421 1923 2800 1992 suscepisset,
2857 1929 2990 1975 tunc
3051 1919 3235 1988 major
3292 1919 3567 1973 adversus

285 2009 484 2072 μονίας
521 2009 836 2082 δεξάμενος,
867 2011 979 2062 τῶν
1025 2010 1400 2078 εὐαγγελικῶν
1425 2011 1712 2082 δογμάτων
1745 2029 1880 2082 προ-

277 2103 308 2155 έ
317 2119 480 2172 μενος
503 2102 604 2174 τὴν
628 2101 911 2172 ἀλήθειαν,
930 2103 1032 2171 τῆς
1058 2103 1273 2175 Ἀρείου
1298 2102 1510 2173 πλάνης
1540 2103 1637 2174 τὴν
1660 2104 1878 2176 ἀπάτην

280 2192 524 2258 ἐδέξατο,
549 2193 856 2264 τηνικαῦτα
897 2194 1099 2264 μείζων
1127 2196 1160 2264 ἡ
1185 2193 1320 2265 ζάλη
1353 2194 1498 2248 κατὰ
1525 2196 1622 2264 τῆς
1650 2194 1879 2265 Ἐκκλη-

282 2285 408 2348 σίας
463 2284 749 2355 ἠγείρετο,
795 2285 902 2338 τῶν
968 2285 1065 2356 μὲν
1123 2285 1482 2356 κυϐερνητῶν
1538 2287 1878 2357 πανταχόθεν

279 2376 662 2446 ἐλαυνομένων
685 2419 700 2441 ,
730 2379 1178 2431 καταποντιστῶν
1199 2378 1254 2431 δέ
1280 2396 1442 2432 τινων
1472 2379 1566 2432 καὶ
1593 2379 1868 2448 πολεμίων

274 2465 780 2538 άντεισαγομένων.
813 2467 921 2520 Καὶ
955 2468 1042 2522 ίνα
1069 2469 1144 2540 μὴ
1193 2470 1373 2522 πᾶσαν
1414 2469 1628 2540 ἐκείνην
1672 2469 1872 2540 διηγῶο

277 2577 383 2630 μαι
425 2559 518 2612 ἐπὶ
570 2558 662 2613 τοῦ
707 2560 977 2633 παρόντος
1034 2562 1132 2633 τὴν
1185 2560 1521 2632 τραγῳδίαν,
1571 2562 1738 2616 τᾶλλα
1779 2564 1874 2618 νῦν

1979 2015 2284 2071 Ecclesiam
2322 2028 2511 2070 coorta
2543 2023 2628 2070 est
2659 2015 2903 2084 procella
2925 2053 2940 2078 ,
2985 2028 3113 2066 cum
3166 2011 3567 2082 gubernatores

1983 2108 2338 2178 undiquaque
2375 2107 2744 2176 riellerentur,
2776 2115 2824 2162 el
2864 2106 3154 2176 praedones
3183 2111 3349 2172 atque
3381 2102 3566 2157 hostes

1981 2201 2034 2255 in
2063 2216 2252 2256 eorum
2292 2200 2474 2254 locum
2521 2198 2924 2256 sutiicerentur.
2960 2199 3038 2253 Ac
3081 2214 3150 2252 ne
3198 2205 3369 2251 totam
3418 2196 3566 2248 illam

1980 2293 2036 2346 in
2086 2291 2378 2360 praesentia
2431 2290 2752 2359 tragmdiam
2813 2302 3138 2360 persequar,
3181 2287 3303 2339 aliis
3343 2292 3569 2355 praeter-

1977 2383 2186 2446 missis,
2212 2398 2379 2436 unum
2415 2390 2626 2437 tantum
2653 2381 3126 2445 commemorabo,
3169 2379 3314 2448 quod
3363 2376 3562 2430 limen;-

1979 2483 2088 2530 tem
2149 2477 2201 2528 in
2256 2475 2361 2529 hoc
2412 2491 2542 2531 sene
2599 2476 2772 2530 divini
2828 2473 3340 2546 Spiritus-gratiam
3381 2481 3571 2540 aperte

1982 2567 2410 2621 demonstravit.

278 2655 615 2725 καταλείψω,
662 2657 782 2720 ἐνὸς
819 2656 875 2710 δὲ
925 2657 1088 2727 μόνου
1141 2657 1613 2730 μνησθήσομαι,ὃ
1643 2657 1742 2729 τὴν
1799 2661 2142 2716 ἐπανθοῦσαν
2179 2662 2316 2733 τῷδε
2367 2661 2447 2733 τῷ
2513 2661 2797 2735 πρεσϐύτῃ
2863 2661 2957 2716 τοῦ
3033 2661 3180 2714 θείου
3255 2658 3573 2730 Πνεύματος

273 2747 441 2820 χάριν
468 2747 714 2818 ἐναργῶς
753 2748 1044 2816 ὑπέδειξεν.

366 2845 690 2914 Ἐξελήλατο
727 2845 825 2917 μὲν
873 2848 982 2900 ἀπὸ
1028 2849 1129 2918 τῆς
1155 2849 1475 2919 Ἀντιοχέων
1509 2851 1536 2903 ό
1568 2851 1738 2921 μέγας
1765 2851 1876 2903 Με-

279 2933 482 2998 λέτιος,
511 2935 538 2986 ὁ
570 2935 774 3007 ταύτην
804 2937 909 2990 ὐπὸ
952 2937 1046 2991 τοῦ
1082 2938 1190 2992 τῶν
1219 2941 1356 2994 ὅλων
1395 2940 1530 2993 Θεοῦ
1562 2941 1873 3011 ποιμαίνειν

283 3028 719 3098 πεπιστευμένος
745 3045 759 3060 ο
786 3028 1108 3099 ἐξελήλαντο
1137 3031 1195 3083 δὲ
1228 3030 1336 3084 τῶν
1359 3031 1517 3086 θείων
1545 3033 1682 3086 νεῶν
1719 3032 1768 3084 οἱ
1797 3031 1874 3094 εἰς

278 3118 374 3172 τὸν
404 3119 549 3190 ἱερὸν
577 3119 784 3189 κλῆρον
810 3120 1094 3186 τελοῦντες
1119 3121 1359 3186 ἅπαντες
1396 3124 1494 3177 σὺν
1521 3123 1601 3194 τῷ
1629 3123 1876 3194 ὁμογνώ-

2052 2845 2278 2915 Ejectus
2312 2861 2376 2901 ex
2431 2845 2780 2899 Antiochena
2806 2843 3054 2898 Ecclesia
3104 2844 3280 2898 fuerat
3339 2858 3570 2913 magnus

1978 2935 2252 3000 Meletius,
2285 2937 2372 2990 cui
2400 2937 2544 2990 Dens
2588 2937 2976 2991 [universorum
3026 2935 3358 3004 pascendam
3419 2934 3568 2987 illam

1977 3030 2369 3091 commiserat,
2409 3029 2683 3098 ejectique
2724 3043 2788 3082 ex
2835 3027 3044 3080 divinis
3083 3025 3304 3094 templis
3351 3024 3567 3078 fuerant

1975 3135 2102 3176 cum
2145 3122 2348 3192 pepulo
2391 3122 2504 3176 illis
2533 3122 2918 3175 consentiente
2968 3118 3158 3174 clerici
3190 3132 3421 3182 omnes,
3471 3116 3566 3186 qui

279 3227 408 3280 μονι
457 3209 591 3281 λαῷ,
642 3213 691 3264 οἱ
726 3211 824 3282 τὴν
879 3213 1009 3282 μίαν
1039 3215 1140 3284 τῆς
1192 3216 1420 3286 Τριάδος
1473 3217 1624 3280 θείας
1680 3217 1869 3270 οὐσίαν

1979 3211 2271 3268 Trinitatis
2323 3213 2565 3267 divinam
2623 3226 2789 3266 uuam
2848 3209 3104 3263 colebant
3143 3207 3469 3262 essentiam.
3502 3205 3568 3261 Et

281 3301 696 3372 πρεσϐεύοντες.
734 3305 842 3356 Καὶ
877 3304 974 3359 νῦν
1019 3306 1119 3374 μὲν
1150 3307 1249 3376 τὴν
1280 3307 1558 3378 ὑπώρειαν
1583 3308 1867 3379 καταλαμ-

279 3393 560 3454 ϐάνοντες,
611 3396 728 3447 ἐκεῖ
772 3396 872 3459 τὰς
919 3397 1074 3468 ἱερὰς
1116 3399 1332 3452 ἐποίουν
1372 3399 1624 3463 συνόδους
1650 3416 1664 3430 ο
1693 3400 1788 3453 νῦν
1811 3400 1869 3453 δὲ

278 3487 374 3540 τοῦ
406 3487 656 3558 ποταμοῦ
684 3489 782 3558 τὴν
799 3489 971 3560 ὄχθην
1007 3492 1296 3562 εὐκτήριον
1327 3491 1609 3545 ἐποιοῦντο
1631 3493 1832 3562 χωρίον
1852 3507 1865 3521 ο

280 3578 472 3633 ἄλλοτε
493 3579 551 3631 δέ
604 3579 666 3632 τὸ
721 3580 1018 3652 πολεμικὸν
1051 3582 1374 3652 γυμνάσιον,
1408 3582 1468 3635 τὸ
1503 3583 1610 3654 πρὸ
1639 3584 1738 3652 τῆς
1776 3581 1867 3652 βο-

275 3672 433 3744 ρείου
468 3672 818 3742 διακείμενον
850 3671 1044 3746 πύλης.
1076 3674 1151 3727 Οὐ
1183 3673 1292 3746 γάρ
1328 3672 1455 3746 εἴων
1482 3676 1530 3727 oi
1565 3673 1868 3744 πολεμοῦν-

279 3781 372 3828 τες
403 3765 490 3833 ἐφ’
513 3764 632 3828 ἐνὸς
664 3764 910 3831 ἱδρῦσθαι
937 3765 1137 3838 χωρίου
1170 3766 1298 3828 τούς
1330 3765 1594 3828 εὐσεϐεῖς.
1641 3763 1868 3836 Ἐθρύλ-

277 3852 456 3926 λησαν
517 3854 574 3908 δὲ
636 3854 732 3909 τοῦ
789 3854 1020 3924 ψεύδους
1072 3857 1124 3908 oi
1183 3854 1482 3927 τρόφιμοι,
1534 3853 1630 3907 καὶ
1680 3854 1869 3924 φήμην

276 3944 339 3997 ἐν
377 3944 563 4015 ἐκείνῃ
595 3947 662 4016 τῇ
715 3945 868 3998 πόὶαι
931 3946 1302 4016 κατέσπειραν
1325 3986 1340 4010 ,
1371 3945 1446 4007 ὡς
1485 3944 1580 3998 τοῦ
1629 3944 1868 4016 μεγάλου

279 4033 598 4102 Ἰουλιανοῦ,
634 4036 790 4089 τοῦδε
821 4036 916 4091 τοῦ
963 4037 1291 4108 πρεσϐύτου,
1328 4037 1492 4109 φημὶ,
1516 4036 1623 4089 τῶν
1651 4035 1744 4090 ὑπ’
1771 4036 1865 4089 αὐ-

283 4126 392 4180 τῶν
432 4125 894 4198 θρησκευομένων
938 4129 1229 4199 δογμάτων
1256 4130 1354 4201 τὴν
1378 4129 1663 4184 κοινωνίαν
1693 4129 1871 4182 ἀσπα-

290 4211 538 4284 ζομένου.
556 4214 730 4268 Τοῦτο
765 4218 1004 4286 μάλιστα
1043 4221 1169 4289 ἡνία
1195 4220 1323 4282 τοὺς
1349 4220 1614 4282 εὐσεϐεῖς,
1651 4218 1724 4291 μὴ
1746 4219 1872 4282 τοὺς

287 4304 682 4378 εὐηθεστέρους
711 4308 804 4362 καὶ
826 4309 1264 4382 άπλοῖκωτέρους
1287 4311 1626 4380 φενακίσασα
1647 4313 1680 4382 ἡ
1715 4313 1869 4383 φήμη

280 4394 395 4457 τοῖς
423 4393 536 4447 τῶν
565 4397 860 4466 αίρετικῶν
917 4399 1185 4470 περιϐάλῃ
1227 4400 1485 4465 δικτύοις.
1535 4401 1674 4454 Ἀλλ’
1700 4403 1748 4454 οἱ
1782 4402 1869 4454 θε⁹

281 4483 500 4541 σπέσιοι
541 4486 634 4540 καὶ
665 4489 928 4559 μακάριοι
973 4489 1185 4562 ἄνδρες,
1228 4491 1524 4555 Φλαϐιανὸς
1553 4493 1647 4546 καὶ
1675 4493 1870 4546 Διόδω-

1973 3319 2122 3361 nunc
2144 3303 2371 3374 quidem
2411 3303 2479 3358 ad
2513 3303 2717 3357 montis
2752 3301 2860 3355 ima
2902 3301 3210 3364 venientes,
3250 3314 3446 3355 sacros
3487 3300 3564 3353 ibi

1973 3405 2277 3454 conventus
2305 3395 2670 3452 celebrabant
2703 3411 2716 3447 :
2746 3407 2896 3447 nunc
2931 3402 3114 3447 autem
3142 3392 3196 3446 in
3225 3392 3344 3461 ripa
3379 3391 3566 3445 flumi-

1971 3494 2058 3548 nis
2097 3491 2412 3547 statuebant
2458 3488 2800 3543 oratorium:
2831 3501 3222 3556 nonnunquam
3280 3485 3445 3539 etiam
3507 3486 3566 3540 in

1969 3583 2170 3637 bellico
2223 3581 2514 3652 gymnasio
2578 3579 2725 3649 quod
2789 3579 2956 3632 situm
3015 3589 3099 3632 est
3155 3584 3283 3631 ante
3345 3586 3563 3645 portam

1970 3671 2479 3744 septentrionalem.
2536 3669 2656 3724 Non
2711 3669 2857 3723 enim
2921 3667 3313 3738 permittebant
3368 3666 3560 3719 hostes

1971 3780 2079 3818 uno
2131 3763 2184 3816 in
2231 3762 2356 3816 loco
2433 3761 2554 3830 pios
2614 3758 2950 3813 consistere.
3024 3755 3313 3811 Jactarant
3379 3762 3560 3807 autem

1970 3852 2180 3908 alumni
2209 3850 2506 3913 mendacii,
2537 3856 2593 3903 et
2621 3863 2899 3902 rumorem
2937 3847 2992 3901 in
3025 3847 3119 3900 illa
3151 3845 3371 3900 civitate
3403 3859 3563 3914 spar-

1970 3950 2191 3999 serant:
2220 3943 2378 4011 qnasi
2411 3955 2644 4010 magnus
2665 3937 3070 4003 Jnlianus,hic,
3096 3938 3340 4007 inquam,
3370 3951 3558 3998 senex,

1974 4031 2183 4102 1131
2219 4031 2537 4099 dogmatnm
2565 4044 2689 4099 qua:
2727 4027 2830 4097 ipsi
2861 4027 3234 4096 sequebantur
3265 4026 3562 4093 amplecte-

1971 4133 2126 4180 retur
2155 4122 2622 4179 communionem.
2645 4121 2776 4187 Qnae
2795 4136 2879 4176 res
2895 4121 3014 4191 pios
3040 4120 3274 4173 maxime
3297 4118 3554 4188 angebat,

1972 4234 2042 4272 ne
2072 4217 2220 4271 fama
2249 4217 2365 4270 haec
2420 4213 2675 4269 rudiores
2711 4213 2853 4268 forte
2903 4227 2967 4267 ac
3001 4211 3373 4283 simpliciores
3410 4211 3560 4264 decie

1973 4310 2131 4378 piens
2184 4306 2571 4364 haereticorum
2611 4306 2735 4359 illos
2792 4305 3005 4374 laqueis
3068 4304 3400 4372 implicaret.
3451 4300 3561 4356 Sed

1973 4401 2145 4455 divini
2166 4399 2422 4467 beatique
2446 4398 2568 4463 viri,
2593 4398 2895 4452 Flavianus
2915 4406 2971 4452 et
3003 4394 3304 4460 Diodorus,
3339 4397 3564 4466 presby-

1975 4498 2155 4544 teratu
2209 4489 2389 4544 ornati
2446 4488 2629 4553 ambo,
2682 4487 3065 4558 religiosoque
3114 4488 3317 4556 p0pulo
3367 4488 3576 4553 praesi-.

284 4591 403 4649 ρος,
435 4577 751 4648 ίερουργίας
771 4579 1090 4650 ἠξιωμένοι,
1117 4583 1209 4634 καὶ
1239 4583 1334 4635 τοῦ
1367 4582 1514 4654 ἱεροῦ
1547 4582 1678 4635 λαοῦ
1710 4600 1874 4653 προσ-

1979 4583 2199 4645 dentes,
2224 4591 2277 4637 et
2312 4581 2643 4651 Aphraatcs,
2687 4580 2846 4649 cujus
2897 4580 3062 4633 vitam
3115 4578 3268 4633 vobis
3325 4578 3559 4633 scorsim

280 4665 626 4735 τατεύοντες,
661 4671 754 4723 καὶ
800 4671 1136 4744 Ἀφραάτης,
1171 4669 1230 4729 οὐ
1271 4675 1362 4727 τὸν
1407 4674 1518 4745 βίον
1564 4675 1727 4729 αὐτὸν
1757 4676 1882 4730 καθ’

283 4759 482 4815 ἑαυτὸν
522 4762 650 4832 ὑμῖν
697 4765 794 4817 σὺν
843 4763 962 4835 Θεῷ
997 4765 1163 4835 φάναι
1223 4767 1538 4838 προσθήσω,
1568 4767 1658 4820 τὸν
1709 4767 1882 4838 μέγαν

282 4854 495 4906 ἐκεῖνον
515 4853 772 4908 Ἀκάκιον
793 4855 1093 4922 πείθουσιν,
1110 4853 1169 4910 οῦ
1192 4859 1294 4930 ’ήδη
1324 4857 1422 4931 τὴν
1455 4859 1678 4930 μνήμην
1695 4861 1881 4929 ἐποιη-

285 4941 538 5013 σάμεθα,
582 4942 768 4998 λαϐεῖν
818 4946 917 5016 μὲν
959 4947 1058 5016 τῆς
1087 4947 1206 5000 ὁδοῦ
1243 4948 1497 5003 κοινωνὸν
1543 4949 1634 5002 τὸν
1682 4947 1878 5003 ἑαυτοῦ

287 5033 392 5102 μὲν
423 5033 765 5103 διδάσκαλον,
800 5037 956 5091 τοῦδε
986 5039 1043 5092 δὲ
1074 5039 1168 5093 τοῦ
1199 5040 1356 5109 ἁγίου
1393 5041 1646 5112 γέροντος
1679 5059 1870 5112 φοιτη-

281 5121 410 5194 τὴν,
428 5125 708 5197 Ἀστέριον
743 5129 950 5182 ἐκεῖνον
983 5130 1073 5183 τὸν
1101 5132 1264 5198 πάνυ,
1290 5133 1519 5204 δραμεῖν
1554 5133 1610 5186 δὲ
1655 5133 1790 5204 πρὸς
1817 5133 1875 5186 τὸ

285 5214 470 5268 κοινὸν
502 5216 600 5284 τῆς
632 5217 961 5290 Ἐκκλησίας
1012 5221 1293 5293 ἀγλάϊσμα
1313 5265 1327 5289 ,
1357 5223 1459 5290 τῆς
1512 5224 1876 5294 εὐαγγελικῆς

284 5302 639 5370 διδασκαλίας
670 5309 730 5363 τὸ
759 5309 1011 5382 ἔρεισμα,
1044 5314 1137 5367 καὶ
1191 5316 1378 5368 πεῖσαι
1417 5315 1734 5368 καταλιπεῖν
1778 5315 1875 5386 μὲν

287 5394 392 5466 τὴν
418 5397 476 5448 ἐν
505 5401 571 5468 τῇ
605 5399 796 5470 ἐρήμῳ
839 5400 1154 5476 διατριϐὴν,
1185 5405 1478 5474 ἀφικέσθαι
1527 5407 1583 5460 δὲ
1629 5407 1710 5470 είς
1757 5409 1878 5461 ἐπι-

289 5487 519 5562 κουρίαν
573 5491 853 5561 μυριάδων
882 5492 1152 5548 τοσούτων
1185 5495 1276 5548 ὐπ’
1308 5495 1584 5566 ἐξαπάτης
1638 5497 1876 5552 ἀπολλυ-

365 5675 394 5720 γ
426 5665 530 5722 Isa.
568 5685 658 5723 xlv
716 5669 772 5724 5.

1985 4673 2096 4727 Ι)ι·ο
2155 4675 2322 4728 dante
2383 4673 2661 4743 adjiciam,
2729 4686 2928 4740 magno
2987 4670 3065 4724 illi
3116 4670 3348 4731 Acacio,
3403 4669 3561 4738 cujus

1981 4765 2313 4822 mentionem
2343 4763 2456 4832 jam
2488 4763 2752 4824 fecimus.
2790 4761 3122 4831 persuadent
3161 4769 3221 4813 ut
3261 4760 3360 4814 vite
3389 4760 3562 4814 comi-

1981 4864 2091 4912 tem
2123 4856 2381 4925 accipiat,
2415 4870 2576 4910 suum
2609 4854 2832 4922 quidem
2867 4853 3212 4923 magistrum,
3248 4851 3340 4906 sed
3381 4851 3558 4906 sancti

1977 4949 2132 5004 senis
2163 4948 2524 5018 discipulum,
2564 4947 2836 5015 insignem
2866 4945 3169 5009 Asterium,
3225 4942 3562 5012 festinetque

1975 5038 2043 5092 ad
2098 5051 2446 5092 communem
2510 5035 2732 5106 pietatis
2783 5033 3177 5104 splendorem,
3231 5034 3560 5102 evangelica:

1973 5129 2244 5184 doctrinae
2283 5129 2751 5191 sustentaculum,
2773 5127 2936 5196 eique
2975 5124 3326 5196 persuadeat,
3358 5132 3436 5186 ut,
3468 5140 3560 5178 so-

1973 5220 2228 5276 litudinis
2252 5221 2593 5275 habitatione
2620 5219 2838 5284 relicta,
2873 5217 3091 5283 veniat,
3125 5214 3370 5285 feratque
3399 5215 3560 5269 auxi-

1975 5312 2110 5366 lium
2151 5319 2233 5367 tot
2286 5312 2533 5367 millibus
2585 5308 2809 5364 fraude'
2856 5309 3137 5374 euntibus,
3187 5317 3242 5362 et
3291 5307 3559 5365 adventus

1975 5406 2062 5461 sui
2091 5420 2215 5460 rore
2263 5404 2539 5459 ﬂammam
2589 5404 2910 5474 exstinguat
2964 5401 3247 5455 Arianam.
3301 5399 3561 5454 Accurrit

1976 5497 2200 5554 divinus
2232 5495 2494 5562 Acacius,
2528 5501 2582 5551 et
2609 5503 2850 5565 sumpto,
2879 5503 2941 5549 ut
2977 5493 3170 5564 jussus
3189 5499 3330 5558 erat,
3359 5505 3563 5562 magno

1608 5756 1847 5815 VAIHIE
1887 5757 2288 5816 LECTIONES.

364 5850 386 5884 ³
415 5849 641 5905 Brevius
674 5851 789 5906 haec
817 5857 1004 5906 narrat
1026 5847 1222 5906 Noster
1246 5849 1392 5905 Hist.
1420 5850 1544 5906 ea“.
1571 5865 1644 5921 iv,
1683 5849 1774 5906 ει.

1999 5975 2083 6028 »οεή

1955 6033 1997 6049 ρ’
