4030 6420
331 3130 343 3164 1

481 437 629 507 ⁸1319

1457 432 1960 499 ’ἸἩΕΟΟΟΒΕΤΙ
1996 430 2332 498 EPISCOPI
2364 436 2729 499 CYRENSIS

3606 446 3755 509 1323

486 552 728 618 Asterie,
760 549 829 613 ad
865 549 1166 605 maximum
1196 547 1455 603 Ecclesiae
1496 548 1681 603 lumen
1715 563 1774 603 se
1800 545 2059 613 contulit,

2170 549 2383 617 μένων,
2416 550 2508 603 καὶ
2564 550 2662 621 τὴν
2690 549 2905 620 ’Λρείου
2951 552 3286 606 κατασϐέσαι
3333 554 3508 623 φλόγα
3553 557 3619 627 τῇ
3650 554 3755 623 τῆς

487 652 544 699 et
570 658 694 699 cum
722 653 847 699 etrm
871 643 1200 697 salutasset:
1230 659 1249 692 ι
1276 639 1371 695 Die
1403 641 1556 708 mihi,
1590 638 1793 710 inquit,
1820 653 1854 693 ο
1883 646 2059 709 pater,

486 749 728 805 quanam
762 734 830 787 de
868 746 1033 788 causa
1066 739 1240 786 totum
1272 732 1419 785 hunc
1442 732 1685 786 laborem
1727 738 1839 784 tam
1889 729 2062 785 liben-

487 833 572 879 ter
598 825 844 880 tuleras'!
872 842 890 875 ι
919 824 1016 878 lllo
1039 832 1221 877 autem
1247 823 1301 876 in
1330 822 1445 877 haec
1470 822 1633 877 verba
1655 821 2021 892 respondente
2045 838 2059 874 :

491 918 667 972 rMilti
702 925 756 973 et
806 932 1061 987 corpore,
1125 924 1181 971 et
1230 917 1447 981 anima,
1489 916 1729 985 vitaque,
1774 921 1829 970 et
1896 914 2063 969 rebus

484 1010 745 1065 omnibus
786 1009 1085 1079 pretiosior
1122 1020 1206 1063 est
1236 1006 1331 1062 Dei
1374 1008 1558 1061 cultus
1585 1027 1598 1061 :
1625 1020 1798 1061 conor
1852 1014 2060 1071 autem,
2096 998 2101 1004 ’

483 1101 663 1171 quoad
706 1100 826 1170 ejus
858 1114 887 1152 a
922 1114 1009 1154 me
1036 1099 1153 1154 ﬁeri
1182 1106 1385 1169 potest,
1414 1098 1681 1152 mundum
1740 1097 1817 1151 illi
1863 1096 2063 1152 ol‘l‘erre

483 1190 877 1257 ministerium,
907 1190 1068 1260 eique
1109 1198 1388 1261 perpetuo
1427 1190 1664 1259 placere.
1696 1207 1715 1242 ι
1735 1220 1804 1230 -
1827 1207 1846 1240 ι
1874 1188 2062 1244 Ratio-

482 1296 607 1336 nem
640 1282 760 1345 tibi,
800 1283 876 1335 ait
904 1282 1164 1346 Aeacius,
1197 1297 1490 1351 exponam,
1520 1296 1629 1351 qua
1660 1281 1739 1335 illi
1769 1281 2061 1351 plusquam

482 1388 633 1426 nunc
683 1371 919 1427 servias.
961 1370 1129 1442 quue
1170 1387 1270 1441 ego
1312 1387 1421 1427 non
1467 1373 1583 1427 sola
1642 1373 2064 1428 ratiocinatione

481 1464 706 1530 ductus,
748 1465 846 1520 sed
908 1466 1085 1535 ipsius
1122 1465 1415 1535 disciplina
1468 1466 1699 1520 edoctus
1750 1465 2057 1520 ostendam.

484 1555 619 1609 Nam
674 1572 798 1611 cum
859 1555 1079 1611 Petrum
1138 1556 1441 1626 aliquando
1501 1557 1927 1626 interrogasset.
1992 1571 2061 1611 an

481 1662 606 1701 eum
644 1647 765 1715 plus
796 1648 1009 1702 caeteris
1042 1656 1273 1711 amaret,
1314 1648 1692 1717 audiissetque
1722 1649 1773 1701 id
1808 1646 1952 1717 quod
1977 1649 2062 1702 vel

482 1747 611 1791 ante
640 1737 783 1792 Petri
816 1753 1002 1794 vocem
1036 1739 1247 1809 1132
1281 1739 1505 1801 sciebat,
1536 1758 1554 1790 t
1586 1738 1834 1803 Domine,
1864 1747 1921 1793 tu
1953 1740 2063 1795 sris

476 1844 509 1878 ιε
544 1828 691 1897 quod
733 1844 909 1882 amem
947 1838 1032 1895 te;
1062 1849 1079 1880 ι
1111 1829 1351 1883 ostendit
1378 1831 1426 1885 ei
1450 1829 1712 1899 quidnam
1738 1844 1906 1900 agens
1934 1844 2061 1885 eum

2170 637 2407 707 ἀφίξεως
2435 640 2631 711 δρόσῳ.
2669 628 2949 711 Ἐδραμεν
2979 646 3007 695 ό
3037 641 3179 705 θεῖος
3217 642 3495 706 ’Λκάκιος,
3522 644 3617 697 καὶ
3659 642 3757 695 τὸν

2174 727 2347 796 μέγαν
2364 728 2639 800 ’Δστέριον
2668 731 2744 793 ὡς
2769 732 3113 804 προσετάχθη
3144 733 3346 798 λαϐὼν,
3366 734 3594 803 ἀφίκετο
3614 732 3757 803 πρὸς

2168 817 2260 871 τὸν
2294 818 2550 888 μέγιστον
2596 820 2696 891 τῆς
2724 822 3057 893 Ἐκκλησίας
3115 825 3403 895 φωστῆρα,
3433 827 3529 880 καὶ
3572 826 3757 879 ἀσπα-

2170 912 2426 983 σάμενος,
2466 934 2485 965 ι
2522 914 2658 970 Εἰπέ
2713 933 2823 986 μοι,
2876 916 3003 989 ἐφη,
3059 911 3103 972 ὦ
3156 919 3364 988 Πάτερ,
3396 920 3541 981 τίνος
3586 918 3757 971 ἕνεκα

2169 1004 2356 1058 τοῦτον
2378 1004 2590 1059 ἅπαντα
2636 1007 2728 1061 τὸν
2759 1008 2919 1062 πόνον
2973 1008 3092 1080 μεθ’
3130 1011 3324 1081 ἡδονῆς
3363 1011 3687 1081 ύπομένειςς
3729 1030 3751 1063 ι

2172 1097 2277 1149 Τοῦ
2308 1098 2365 1151 δὲ
2402 1099 2862 1169 ἀποκριναμένου,
2892 1102 2967 1165 ὡς
3001 1121 3019 1154 ι
3058 1103 3169 1156 Καὶ
3213 1103 3488 1172 σώματος,
3526 1104 3622 1156 καὶ
3648 1102 3759 1172 ψυ-

2168 1187 2289 1257 χῆς,
2313 1188 2406 1241 καὶ
2437 1187 2602 1257 ζωῆς,
2627 1189 2723 1242 καὶ
2772 1190 2865 1243 τοῦ
2904 1190 3018 1260 βίου
3064 1191 3261 1256 παντὸς
3290 1193 3329 1264 νὴ
3359 1195 3453 1245 τοῦ
3497 1193 3633 1245 Θεοῦ
3661 1209 3753 1261 μοι

2169 1277 2435 1348 θεραπεία
2475 1281 2819 1351 τιμιωτέρα,
2863 1285 2957 1336 καὶ
3008 1284 3287 1354 πειρῶμαι
3341 1285 3463 1337 ὅσον
3513 1283 3756 1351 δύναμαι

2164 1366 2416 1437 καθαράν
2447 1368 2597 1441 αὐτῷ
2649 1370 2822 1440 ῥύπου
2861 1371 2961 1443 τὴν
3001 1372 3342 1444 λειτουργίαν
3396 1372 3752 1441 προσφέρειν,

2168 1460 2263 1513 καὶ
2331 1459 2418 1514 διὰ
2490 1463 2706 1517 πάντων
2757 1464 3032 1535 ἀρέσκειν.
3080 1494 3153 1505 —
3197 1463 3583 1533 ’Υποδείκνυμί
3645 1479 3753 1526 σοι,

2166 1552 2196 1603 ὁ
2238 1552 2489 1615 Ἀκάκιος
2543 1555 2681 1623 ἐφη,
2715 1556 2934 1626 τρόπον,
2962 1555 3028 1610 δι’
3076 1550 3136 1610 οὗ
3176 1556 3339 1609 πλέον
3372 1555 3403 1625 ἢ
3457 1557 3553 1607 νῦν
3583 1554 3754 1608 αὐτὸν

2169 1642 2546 1714 θεραπεύσεις,
2579 1645 2673 1697 καὶ
2694 1644 2854 1699 τοῦτο
2881 1647 3010 1715 ἐρῶ,
3041 1647 3101 1699 οὐ
3135 1645 3381 1716 λογισμῷ
3418 1645 3565 1716 μόνῳ
3600 1644 3753 1715 χρώ·

2171 1750 2371 1803 μενος,
2404 1734 2542 1787 ἀλλά
2602 1735 2701 1803 τῆς
2757 1735 2924 1789 αὑτοῦ
2981 1735 3330 1798 διδασκαλίας
3389 1733 3751 1806 μεμαθηκώς.

2176 1826 2470 1895 Ἐρόμενος
2500 1827 2610 1897 γάρ
2640 1843 2766 1879 ποτε
2792 1826 2884 1880 τὸν
2913 1828 3142 1897 Πέτρον,
3176 1829 3225 1880 εί
3264 1826 3425 1880 πλέον
3453 1825 3617 1880 αὐτὸν
3639 1824 3753 1878 τῶν

470 1921 688 1975 coleret
741 1921 1045 1990 impensius
1078 1920 1223 1976 :«Si
1271 1935 1426 1978 amas
1480 1936 1587 1988 me,
1643 1922 1864 1991 inquit,
1896 1936 2061 1992 pasce

2164 1891 2340 1971 ἄλλων
2387 1891 2550 1984 φιλεί,
2581 1891 2681 1969 καὶ
2735 1915 2919 1987 μαθὼν
2968 1917 2995 1970 ὃ
3030 1891 3303 1987 ηπίστατο
3353 1915 3448 1971 καὶ
3496 1914 3604 1986 πρὸ
3647 1917 3755 1987 τῆς

488 2030 507 2062 ι
542 2026 674 2066 oves
705 2027 873 2077 meas,
913 2021 968 2067 et
1001 2026 1167 2083 pasce
1193 2027 1364 2082 agnos
1402 2028 1556 2069 meos
1576 2023 1627 2068 ι.
1655 2033 1675 2067 ι
1707 2014 1822 2070 Hoc
1842 2030 2061 2086 quoque

2164 2005 2372 2075 Πέτρου
2420 2003 2640 2073 φωνῆς’
2674 2023 2693 2055 ι
2735 2006 2808 2058 Σὺ
2840 2006 2949 2076 γὰρ
3001 2001 3165 2069 οἶδας,
3214 2004 3371 2075 φησὶ,
3425 2005 3597 2074 Κύριε
3624 2005 3751 2070 ,ὅτι

482 2103 604 2167 tibi,
633 2118 665 2155 ο
698 2113 869 2171 pater,
901 2103 1212 2160 l‘aeiendum
1253 2114 1359 2161 est.
1402 2106 1712 2161 Periculum
1744 2109 1890 2163 enim
1940 2116 2060 2175 est,

482 2207 551 2247 ne
573 2208 701 2248 oves
721 2210 750 2247 a
777 2194 919 2262 lupis
940 2194 1276 2250 (levarentur
1312 2214 1324 2253 :
1361 2196 1462 2252 bas
1493 2207 1672 2253 autem
1705 2198 1860 2254 valde
1891 2208 2059 2263 amat.

479 2285 573 2353 qui
610 2299 639 2337 a
662 2294 724 2340 te
755 2285 911 2340 valde
944 2297 1178 2353 amatur,
1211 2296 1265 2341 et
1298 2290 1600 2343 amantium
1637 2292 1923 2360 proprium
1977 2300 2059 2348 est

478 2377 570 2430 illa
603 2376 806 2443 facere,
836 2393 962 2448 quae
995 2394 1121 2434 cum
1167 2380 1300 2436 ﬁunt
1328 2420 1342 2445 ,
1371 2382 1455 2437 eis
1485 2383 1580 2452 qui
1624 2392 1879 2437 amantur
1908 2392 2061 2455 grata

479 2477 628 2523 sunt.
667 2468 732 2522 Et
770 2470 980 2542 alioqui
1018 2472 1322 2541 periculum
1365 2482 1447 2528 est
1481 2489 1588 2528 non
1627 2489 1883 2544 parvum,
1919 2478 2060 2530 mul-

468 2567 773 2630 torumque
809 2571 863 2617 et
901 2580 1223 2632 magnorum
1281 2567 1511 2621 istorum
1563 2568 1825 2623 sudorum
1900 2569 2063 2624 detri-

481 2663 752 2719 mentum,
792 2655 838 2709 si
870 2655 1155 2711 veritatem
1183 2657 1425 2727 graviter
1449 2669 1816 2730 oppugnatam
1842 2663 2063 2717 silentio

478 2745 637 2813 prodi
680 2745 912 2814 patiare,
966 2746 1197 2817 ejusque
1260 2756 1565 2805 sectatores
1599 2752 1744 2822 capi,
1786 2762 1948 2823 atque
1994 2756 2063 2811 ad

476 2850 576 2891 eos
599 2837 894 2905 capiendos
927 2838 1005 2891 tui
1046 2838 1289 2893 nominis
1320 2854 1497 2895 esram
1537 2845 1757 2912 appOni.
1794 2844 1871 2899 Te
1892 2846 2063 2916 siqui-

476 2926 602 2981 dem
651 2927 951 2997 impietatis
1012 2944 1126 2983 sua:
1188 2932 1398 2986 socium
1456 2933 1656 2990 habere
1714 2951 1774 2992 se
1825 2938 2063 2994 inaniter

472 3017 690 3088 iactant
726 3018 991 3088 praesides
1021 3021 1240 3075 Ariame
1274 3023 1721 3082 abominationis.
1755 3044 1774 3079 ι
1812 3028 1912 3086 His
1960 3045 2061 3085 au-

476 3109 629 3173 ditis,
668 3125 836 3165 senex
893 3112 1138 3181 quietem
1181 3115 1369 3169 statim
1400 3115 1470 3169 ad
1515 3124 1734 3188 tempus
1762 3122 2064 3191 valcrcju-

2165 2097 2304 2168 φιλῶ
2334 2114 2417 2162 σε,
2450 2114 2469 2148 ι
2521 2095 2798 2162 ὑπέδειξεν
2841 2097 2989 2169 αὐτῷ
3024 2099 3077 2151 τί
3122 2098 3327 2169 δράσας
3383 2097 3548 2150 πλέον
3583 2095 3752 2149 αὐτὸν

2166 2188 2559 2260 θεραπεύσειεν
2587 2206 2603 2223 ο
2647 2208 2666 2241 ι
2704 2191 2766 2243 Εἰ
2802 2189 2911 2260 γάρ
2945 2190 3119 2259 φιλεῖς
3152 2207 3240 2262 με,
3284 2190 3418 2259 φησὶ
3441 2231 3453 2251 ,
3489 2189 3752 2256 ποίμαινε

2165 2281 2233 2337 τά
2260 2282 2508 2353 πρόϐατά
2552 2299 2680 2353 μου,
2728 2283 2822 2335 καὶ
2857 2281 3018 2351 βόσκε
3059 2300 3161 2352 μου
3195 2283 3266 2335 τά
3317 2281 3498 2353 ἀρνία.
3526 2300 3544 2334 ι
3578 2280 3752 2336 Τοῦτο

2165 2376 2261 2430 καὶ
2283 2375 2388 2441 σοι,
2407 2369 2452 2429 ὦ
2478 2376 2682 2447 Πάτερ,
2706 2376 2961 2446 ποιητέον
2990 2375 3125 2429 ἐστί.
3157 2374 3467 2429 Κινδυνεύει
3499 2376 3609 2447 γὰρ
3642 2375 3752 2429 ὑπο

2166 2464 2348 2519 λύκων
2374 2465 2740 2536 διαφθαρῆναι
2765 2465 2834 2519 τὰ
2867 2466 3111 2536 ποίμνια,
3153 2466 3378 2536 φιλεῖδέ
3408 2463 3549 2519 αὐτὰ
3576 2466 3693 2519 λίαν
3722 2466 3753 2519 ό

2168 2557 2272 2611 ὑπὸ
2295 2556 2389 2610 σοῦ
2416 2557 2570 2627 φιλού
2579 2574 2738 2627 μενος
2766 2556 2887 2611 λίαν
2912 2557 3072 2612 ’ἴδιον
3090 2558 3145 2611 δέ
3163 2557 3267 2611 τῶν
3292 2557 3540 2629 ἐρώντων
3563 2558 3751 2612 ἐκεῖνα

2166 2650 2358 2713 ποιεῖν,
2391 2646 2428 2702 ἀ
2454 2649 2581 2711 τοὺς
2625 2648 2939 2719 ἐρωμένους
2982 2649 3267 2718 ἐπιτέρπει
3318 2648 3754 2717 γινόμενα.¹Ἀλ-

2165 2740 2273 2804 λως
2301 2757 2360 2793 τε
2385 2739 2442 2792 δέ
2472 2742 2566 2794 καὶ
2596 2736 2840 2804 κίνδυνος
2867 2741 2929 2793 οὐ
2970 2740 3223 2811 σμικρὸς,
3263 2741 3357 2794 καὶ
3387 2741 3497 2793 τῶν
3534 2740 3753 2793 πολλῶν

2166 2832 2262 2886 καὶ
2321 2832 2574 2902 μεγάλων
2620 2832 2843 2887 ἐκείνων
2874 2831 3114 2903 ίδρώτων
3164 2832 3356 2902 ζημία,
3393 2834 3439 2885 εί
3491 2833 3753 2905 ἀνάσχοιο

2167 2926 2292 2995 σιγῇ
2318 2924 2581 2995 προέσθαι
2609 2924 2709 2995 τὴν
2744 2923 3004 2994 ἀλήθειαν
3034 2923 3288 2994 χαλεπῶς
3310 2924 3749 2997 πολεμουμένην,

2162 3016 2291 3078 τοὺς
2343 3015 2400 3069 δέ
2446 3016 2619 3086 ταύτῃ
2656 3015 3085 3085 προσκειμένους
3113 3015 3536 3085 ἀγρευομένους,
3555 3015 3753 3086 δέλεαρ

2163 3105 2220 3159 δέ
2250 3105 2358 3159 τῶν
2387 3106 2771 3176 θηρευομένων
2800 3107 2898 3177 τὴν
2930 3107 3028 3175 σὴν
3055 3104 3313 3173 γενέσθαι
3332 3106 3707 3176 προσηγορίαν
3732 3120 3748 3134 ·

478 3203 637 3265 beus,
670 3217 773 3255 nec
821 3202 1065 3259 civitatis
1116 3207 1386 3273 strepitus
1416 3206 1523 3261 sibi
1564 3209 1861 3266 inusitatos
1914 3211 2061 3267 refu-

2168 3199 2425 3253 κοινωνὸν
2468 3200 2577 3270 γὰρ
2606 3198 2754 3267 ἔχειν
2803 3215 2863 3251 σε
2912 3199 3016 3268 τῆς
3056 3198 3326 3267 σφετέρας
3354 3198 3678 3263 δυσσεϐείας
3701 3200 3753 3253 oi

388 3345 397 3353 _
481 3292 662 3361 giens,
698 3291 1050 3347 Antiochiam
1098 3294 1383 3364 prolectus
1422 3305 1530 3351 est.
1585 3299 1829 3355 Duorum
1880 3308 2062 3358 autem

480 3387 561 3440 Vel
598 3386 765 3438 trium
804 3385 1020 3440 dierum
1052 3386 1250 3442 itinere
1274 3402 1608 3458 progressus
1642 3391 1693 3444 in
1744 3393 2063 3463 solitudine,

478 3478 648 3526 noctu
679 3474 828 3528 venit
860 3473 917 3528 in
943 3475 1265 3545 oppidulum
1298 3479 1598 3547 quoddam.
1635 3479 1712 3536 lbi
1750 3482 1905 3539 dives
1941 3501 2065 3540 mu-

478 3563 735 3629 liereula,
772 3580 989 3621 sacrum
1029 3567 1181 3621 illum
1218 3577 1423 3624 emtum
1458 3570 1645 3626 venire
1678 3572 1932 3639 audiens,
1962 3578 2063 3631 ob-

477 3654 623 3707 viam
661 3658 905 3711 occurrit
951 3671 1147 3714 eorum
1201 3669 1527 3731 perceptura
1577 3663 2059 3723 benedictionem:

476 3746 824 3818 genibusque
864 3750 1188 3818 provoluta,
1225 3754 1441 3822 rogavit
1478 3764 1536 3809 ut
1577 3756 1775 3811 domus
1825 3774 1938 3814 sure
1981 3760 2064 3814 di-

2165 3292 2268 3362 τῆς
2318 3292 2532 3363 Ἀρείου
2587 3290 2869 3362 βδελυρίας
2928 3292 3232 3361 προστάται
3288 3291 3679 3344 νεανιεύονται.
3728 3310 3746 3341 ι

2167 3384 2345 3448 Εὐθὺς
2373 3383 2614 3446 ἀκούσας
2647 3385 2675 3437 ό
2708 3382 3043 3453 πρεσϐύτης,
3074 3385 3140 3454 τῇ
3176 3383 3273 3452 μὲν
3306 3382 3507 3452 ἡσυχία
3537 3382 3754 3454 χαίρειν

2166 3476 2337 3528 είπὼν
2381 3477 2462 3539 εἰς
2518 3475 2729 3546 καιρὸν,
2763 3474 2874 3530 τῶν
2923 3474 2981 3527 δέ
3029 3473 3322 3528 πολιτικῶν
3369 3473 3616 3545 θορύϐων
3650 3475 3755 3528 οὐκ

2164 3567 2478 3637 ἀγωνιάσας
2533 3567 2594 3620 τὸ
2648 3565 2834 3636 ἄηθες,
2882 3565 2977 3619 ἐπὶ
3022 3566 3121 3637 τὴν
3156 3565 3495 3638 Ἀντιόχειαν
3535 3566 3747 3637 ἔτρεχε.

2165 3660 2270 3713 Δύο
2288 3660 2346 3713 δέ
2376 3660 2470 3712 καὶ
2498 3660 2646 3729 τρεῖς
2678 3656 2945 3723 ἐξανύσας
2965 3656 3054 3710 διὰ
3083 3656 3183 3725 τῆς
3207 3657 3419 3726 ἐρήμου
3450 3656 3745 3726 σταθμοὺς.

2165 3752 2245 3816 είς
2277 3768 2332 3804 τι
2378 3749 2576 3820 χωρίον
2615 3750 2854 3820 ἑσπέρας
2914 3748 3330 3819 καταλαϐούσης
3370 3749 3618 3817 ἀφίκετο.
3650 3749 3739 3801 Γύ-

476 3839 722 3897 versorio
784 3846 1096 3895 uterentur.
1158 3841 1339 3899 Cessit
1378 3858 1583 3911 senex,
1642 3849 1861 3904 tametsi
1903 3851 2061 3908 annis

2165 3857 2315 3893 ναιον
2333 3841 2391 3894 δέ
2419 3857 2472 3893 τι
2493 3841 2602 3894 τῶν
2635 3840 2883 3911 εὐπόρων
2911 3838 3004 3893 τὸν
3045 3836 3189 3911 ἱερὸν
3218 3838 3426 3892 ἐκεῖνον
3448 3839 3610 3910 ἥκειν
3643 3856 3745 3892 πυ-

477 3930 717 4000 amplius
749 3930 1118 4002 quadraginta
1162 3933 1263 3988 tali
1310 3937 1630 4005 spectaculo
1670 3939 2059 3997 abstinuisset.

2164 3933 2369 4004 θομένη
2396 3934 2574 4005 χορὸν,
2606 3932 2839 4002 ἔδραμεν
2861 3929 3027 3985 αὑτοῦ
3058 3931 3328 4001 τρυγῆσαι
3351 3930 3448 3999 τὴν
3471 3929 3747 3998 εὐλογίαν·

477 4017 614 4074 Dum
647 4019 706 4075 in
728 4029 1047 4077 sanctorum
1078 4023 1328 4079 virorum
1364 4026 1677 4083 ministerio
1716 4029 2061 4091 admirabilis

2166 4026 2262 4079 καὶ
2294 4025 2402 4093 πρὸ
2430 4025 2539 4077 τῶν
2573 4024 2748 4077 ποδῶν
2796 4020 3192 4092 καλινδουμένη
3229 4020 3329 4093 τὴν
3370 4021 3550 4075 οἰκίαν
3581 4020 3754 4091 αὐτῆς

475 4106 570 4165 illa
596 4110 794 4166 mulier
837 4120 987 4168 esset
1032 4123 1320 4184 occupata,
1356 4117 1528 4185 puer‘
1582 4119 1866 4188 septennis
1916 4123 2061 4179 ﬁlius

2164 4116 2421 4185 γενέσθαι
2453 4113 2800 4184 καταγώγιον
2823 4113 3111 4185 ἠντιϐόλει.
3141 4107 3298 4179 Εῐξεν
3329 4114 3360 4165 ό
3398 4112 3748 4183 πρεσϐύτης·

474 4201 676 4258 unicus
710 4202 907 4268 matri,
935 4219 1058 4273 quae
1093 4204 1523 4276 hospitalitatem
1561 4206 1741 4264 Sarra:
1772 4219 1858 4265 est
1891 4228 2061 4268 aemu-

2166 4210 2259 4262 καὶ
2284 4208 2456 4261 ταῦτα
2482 4207 2757 4277 πλείοναῆ
2788 4207 3197 4279 τεσσαράκοντα
3231 4206 3325 4276 ἐτη
3356 4204 3458 4275 τῆς
3490 4206 3756 4275 τοιαύτης

475 4291 611 4358 lata,
640 4292 744 4348 sub
770 4308 1056 4364 vesperam
1091 4306 1148 4349 et
1178 4298 1433 4354 tenebras
1477 4298 1683 4356 cecidit
1714 4300 1773 4355 in
1810 4309 2060 4371 puteum.

474 4381 557 4437 Ex
596 4398 705 4454 quo
757 4399 881 4440 cum
919 4387 1189 4445 tumultus
1212 4427 1229 4453 ,
1283 4396 1343 4444 ut
1393 4405 1493 4461 par
1531 4398 1673 4457 erat,
1709 4400 1937 4449 exortus
1972 4394 2062 4450 in-

474 4489 615 4544 gens
635 4484 803 4539 esset,
833 4484 1029 4541 mater,
1059 4492 1119 4533 re
1141 4480 1384 4548 cognita,
1415 4480 1705 4549 quiescere
1727 4495 1924 4538 omnes
1941 4482 2061 4552 jus-

475 4566 573 4633 sit,
606 4566 817 4638 1133
853 4574 1130 4639 puteoque
1181 4571 1502 4639 operculum
1552 4571 1829 4642 quoddam
1877 4574 2058 4645 impo~

475 4670 637 4718 nens,
671 4656 834 4711 rediit
854 4656 922 4711 ad
953 4658 1345 4713 ministerium.
1395 4657 1587 4715 Mensa
1623 4670 1807 4716 autem
1847 4665 2060 4722 sanctis

475 4746 615 4803 viris
662 4748 941 4817 apposita,
977 4748 1198 4804 divinus
1235 4764 1406 4805 senex
1455 4751 1704 4807 mulieris
1742 4752 1913 4809 tilium
1960 4771 2062 4811 vo-

474 4837 592 4891 cari
620 4837 811 4906 jussit,
852 4844 913 4894 ut
969 4836 1412 4893 benedictionem
1460 4840 1761 4911 acciperet.
1809 4842 2059 4915 Cumque

476 4927 824 4985 admirabilis
880 4928 1077 4983 mulier
1130 4930 1275 4986 male
1322 4930 1474 4986 illum
1544 4932 1747 4991 habere
1825 4936 2060 5004 diceret,

475 5020 719 5089 perstitit
739 5019 936 5091 jubere
971 5028 1033 5075 ut
1057 5020 1377 5078 duceretur.
1410 5024 1517 5081 Ubi
1544 5035 1732 5084 autem
1778 5028 2060 5098 signiﬁca-

476 5108 557 5165 vit
591 5112 790 5166 mulier
809 5111 958 5181 quod
988 5111 1293 5178 acciderat,
1324 5115 1591 5184 accurrit,
1622 5132 1815 5176 mensa
1845 5121 2058 5187 relicta,

473 5215 647 5256 senex
679 5203 746 5259 ad
769 5214 1021 5274 puteum,
1065 5215 1141 5273 et,
1178 5207 1362 5264 ablato
1387 5208 1563 5279 ipsius
1598 5210 1765 5281 jussu
1796 5216 2061 5283 operculo

476 5294 798 5368 lumineque
850 5300 1054 5368 allato,
1109 5314 1342 5372 puerum
1399 5303 1549 5358 videt
1610 5316 1840 5361 summa
1903 5322 2060 5377 aqua:

479 5382 832 5451 insidentem,
856 5402 1168 5460 aquamque
1196 5405 1361 5465 manu
1386 5392 1677 5461 pueriliter
1716 5394 2054 5464 pulsantem,

2164 4299 2294 4362 θέας
2327 4299 2753 4371 κεχωρισμένος.
2800 4299 2911 4369 Τῆς
2953 4298 3011 4351 δὲ
3058 4297 3371 4367 θαυμασίας
3406 4296 3621 4367 ἐκείνης
3654 4312 3753 4365 γυο

2163 4389 2350 4452 ναικὸς
2373 4389 2500 4460 περὶ
2524 4389 2620 4460 τὴν
2645 4388 2755 4443 τῶν
2777 4386 2936 4457 ίερῶν
2966 4388 3191 4443 ἐκείνων
3211 4388 3424 4458 ἀνδρῶν
3450 4387 3756 4458 θεραπείαν

2164 4481 2551 4552 διατριϐούσης
2579 4523 2593 4547 ,
2630 4482 2895 4544 ἑπτάετες
2951 4480 3199 4546 παιδίον,
3241 4475 3302 4534 οὗ
3355 4480 3518 4550 μόνου
3564 4480 3755 4551 μήτηρ

2089 4555 2140 4617 D
2163 4568 2298 4627 οὖσα
2335 4572 2651 4643 ἐτύγχανεν,
2678 4574 2710 4641 ὴ
2738 4571 2839 4642 τῆς
2871 4571 3090 4643 Σάρρας
3118 4570 3215 4641 τὴν
3242 4569 3545 4639 φιλοξενίαν
3573 4566 3757 4640 ζηλώ-

2165 4679 2328 4728 σασα,
2373 4663 2613 4734 ἑσπέρας
2669 4660 2836 4734 οὔσης
2910 4662 3007 4715 καὶ
3047 4662 3311 4725 σκότους,
3346 4661 3427 4725 είς
3457 4660 3517 4714 τὸ
3572 4661 3757 4734 φρέαρ

2162 4756 2456 4810 κατέπεσε.
2501 4755 2747 4828 Θορύϐου
2780 4754 2837 4808 δέ
2870 4755 3002 4825 περὶ
3039 4754 3256 4819 τούτου,
3282 4753 3359 4817 ὡς
3390 4746 3562 4819 είκδς,
3603 4769 3757 4822 γενο-

2167 4849 2366 4918 μένου,
2426 4848 2725 4918 αἰσθομένη
2780 4850 2813 4919 ἡ
2874 4848 3097 4918 μήτηρ,
3148 4846 3379 4917 ἡσυχίαν
3431 4848 3531 4917 μὲν
3593 4845 3757 4915 ἀγειν

2163 4949 2339 5003 ἀπασι
2384 4943 2842 5017 παρακελεύεται,
2875 4942 3142 5013 κάλυμμα
3214 4941 3272 4995 δέ
3318 4958 3371 4995 τι
3426 4941 3506 5012 τῷ
3547 4940 3756 5012 φρέατι

2165 5040 2437 5103 ἐπιθεῖσα,
2471 5038 2570 5108 τῆς
2596 5036 2867 5100 διακονίας
2904 5035 3100 5106 εἴχετο.
3121 5034 3233 5105 Τῆς
3258 5034 3316 5087 δέ
3335 5032 3615 5104 τραπέζης
3635 5033 3755 5095 τοῖς

2161 5130 2330 5195 θείοις
2353 5130 2579 5201 ἀνδράσι
2603 5127 3031 5199 παρατεθείσης,
3057 5129 3086 5180 ὁ
3114 5125 3255 5188 θεῖος
3285 5123 3595 5197 πρεσϐύτης
3620 5122 3752 5176 ἐκέ-

2158 5220 2317 5275 λευσε
2345 5220 2405 5275 τὸ
2433 5220 2534 5288 τῆς
2575 5218 2831 5287 γυναικὸς
2871 5215 3227 5287 είσκληθῆναι
3255 5213 3487 5280 παιδίον,
3519 5210 3615 5265 καὶ
3646 5211 3752 5279 τῆς

2159 5308 2412 5379 εὐλογίας
2457 5311 2802 5381 μεταλαχεῖν.
2858 5307 2975 5377 Τῆς
3027 5306 3089 5361 δέ
3143 5303 3451 5375 θαυμασίας
3478 5301 3749 5372 γυναικὸς

2160 5400 2446 5473 ἀρρωστία
2481 5400 2808 5472 κατέχεσθαι
2835 5398 3122 5469 λεγούσης,
3156 5395 3425 5468 ἐπέμενεν
3458 5393 3745 5464 ἐνεχθῆναι

478 5488 545 5529 ac
596 5491 697 5545 pro
729 5477 860 5534 ludo
904 5494 970 5536 ac
1016 5480 1144 5549 joco
1207 5481 1502 5539 habentem
1556 5500 1718 5554 quem
1773 5484 2056 5543 interitum

2164 5492 2318 5548 τοῦτο
2346 5494 2693 5565 παρεγγυῶν.
2725 5493 2885 5557 Ὠςδέ
2911 5492 2971 5545 τὸ
2993 5490 3210 5560 πάθοςή
3234 5489 3420 5561 μήτηρ
3452 5484 3745 5557 ἐγνώρισε,

479 5573 798 5634 putaram:
859 5570 1196 5643 funibusque
1272 5574 1505 5630 astricto
1565 5575 1807 5645 quodam
1872 5587 1922 5633 et
1998 5579 2055 5635 in

2164 5586 2567 5657 καταλιμπάνει
2591 5586 2691 5658 μὲν
2732 5585 2833 5656 τὴν
2877 5582 3157 5657 τράπεζαν
3182 5585 3211 5636 ὁ
3236 5579 3569 5653 πρεσϐύτης,
3595 5578 3749 5649 παρὰ

480 5663 705 5727 puteum
761 5659 1045 5729 demisso,
1108 5679 1342 5734 puerum
1396 5674 1758 5725 extraxerunt
1789 5684 1804 5724 :
1835 5670 1929 5741 qui
1984 5672 2053 5732 ad

2164 5678 2218 5736 at
2242 5677 2304 5734 τὸ
2330 5676 2507 5752 φρέαρ
2535 5674 2779 5749 δραμὼν,
2811 5676 2906 5735 καὶ
2933 5675 2995 5731 τὸ
3032 5674 3134 5747 μὲν
3173 5671 3438 5746 κάλυμμα
3462 5685 3746 5743 περιαιρε-

552 5869 573 5896 ²
604 5856 762 5913 Joau.
800 5876 910 5927 xxI,
938 5861 1023 5917 15.
1104 5864 1149 5900 ι’
1177 5861 1308 5917 ibid.
1341 5863 1427 5932 16,
1459 5864 1549 5925 Π.
