4030 6448
352 446 484 512 1321

1582 444 1810 511 RELIG
1822 445 1991 506 IOSA
2025 444 2413 506 HlSl‘ORIA.

3494 447 3633 511 1323;!

343 559 526 630 θῆναι,
558 558 716 630 φῶτα
741 556 798 612 δὲ
831 558 1158 631 κομισθῆναι
1190 560 1474 627 κελεύσας,
1497 563 1602 633 δρᾷ.
1628 563 1687 614 τὸ
1726 559 1924 614 παιδίον

2041 558 2192 613 senis
2230 558 2396 628 pedes
2443 571 2564 611 mox
2628 557 2970 626 properavit.
3013 557 3216 612 vidisse
3246 574 3305 613 sc
3359 559 3509 614 illum
3570 567 3624 617 in

342 652 409 720 τῇ
437 648 730 720 ἐπιφανείᾳ
756 647 865 703 τῶν
902 648 1109 704 ὑδάτων
1132 650 1559 724 ἐπικαθήμενον,
1585 652 1680 707 καὶ
1699 653 1766 724 τῇ
1788 651 1936 725 χειρὶ

340 736 611 800 παιδικῶς
642 737 711 791 τά
742 736 911 792 ὕδατα
930 740 1110 805 παῖον,
1133 739 1336 793 καὶτὸν
1361 740 1686 811 νομισθέντα
1716 740 1835 794 δλεθ
1845 756 1935 810 ρον

338 828 566 883 παιδιάν
584 842 706 881 τινα
741 830 838 882 καὶ
869 828 1162 902 ἀθύρματα
1196 832 1499 904 ἡγούμενον
1521 847 1534 862 ·
1572 834 1668 887 καὶ
1702 832 1935 904 σχοίνοις

334 920 463 973 τινὰ
504 921 915 991 προσδήσαντες
959 923 1053 975 καὶ
1103 923 1470 994 χαλάσαντες,
1502 925 1842 995 ἀνιμήσαντο
1871 924 1933 978 τὸ

336 1011 578 1076 παιδίον,
601 1011 695 1065 καλ⁸
716 1014 1032 1082 παραυτίκα
1063 1015 1411 1087 προσέδραμε
1435 1016 1547 1080 τοῖς
1576 1016 1670 1070 τοῦ
1693 1015 1935 1085 πρεσϐύ-

333 1117 434 1156 του
463 1106 640 1170 ποσὶν,
674 1104 837 1158 αὐτὸν
872 1105 1156 1161 τεθεᾶσθαι
1186 1108 1342 1177 λέγον
1389 1112 1447 1162 ἐν
1480 1100 1591 1172 τοῖς
1635 1106 1792 1162 ὕδασι
1841 1109 1932 1178 φέ-

336 1211 509 1266 ροντα
530 1238 546 1260 ,
572 1199 672 1250 καὶ
704 1196 1039 1269 ὑποϐρύχιον
1074 1201 1327 1269 γενέσθαι
1379 1202 1678 1256 κωλύοντα.
1730 1203 1933 1256 Τοῦτον

332 1287 495 1359 παρὰ
556 1288 648 1343 τοῦ
694 1290 966 1360 μακαρίου
1016 1292 1322 1364 πρεσϐύτου
1383 1294 1482 1365 τῆς
1538 1292 1843 1364 φιλοξενίας
1899 1295 1931 1366 ή

333 1379 621 1452 θαυμασία
648 1382 787 1452 γυνὴ
834 1383 924 1436 τὸν
980 1384 1170 1454 μισθὸν
1221 1386 1536 1456 ἐκομίσατο,
1590 1385 1701 1439 Καὶ
1744 1386 1831 1439 ἴνα
1863 1385 1932 1439 τὰ

329 1472 474 1528 ἄλλα
502 1472 570 1527 τὰ
612 1476 753 1528 κατὰ
778 1475 879 1546 τὴν
920 1476 1038 1529 ὁδὸν
1079 1478 1423 1549 γεγενημένα
1457 1478 1762 1542 καταλίπω,
1793 1475 1929 1551 ἧκον

332 1565 441 1633 μὲν
466 1567 544 1628 είς
574 1564 675 1637 τὴν
710 1567 1066 1638 Ἀντιόχειαν,
1095 1570 1296 1633 πάντες
1326 1570 1382 1623 δὲ
1426 1570 1762 1641 πανταχόθεν
1804 1587 1930 1624 aov-

329 1651 528 1719 ἄθεον,
570 1657 697 1712 ἰδεῖν
730 1668 791 1712 τε
834 1660 1128 1725 ποθοῦντες
1164 1661 1256 1715 τὸν
1304 1661 1398 1715 τοῦ
1442 1661 1576 1716 Θεοῦ
1618 1662 1925 1735 ἄνθρωπον,

327 1746 431 1814 καὶ
463 1748 705 1818 ἰατρείαν
734 1748 854 1802 τινὰ
880 1748 977 1803 τοῦ
1010 1749 1217 1814 πάθους
1241 1751 1425 1805 λαϐεῖν
1453 1751 1683 1815 ἕκαστος
1702 1752 1818 1821 ἐφιέ
1828 1770 1926 1823 με-

328 1854 447 1904 νος.
486 1840 749 1912 Κατήχθη
771 1840 828 1895 δὲ
853 1844 910 1895 ἐν
942 1844 1055 1905 τοῖς
1086 1845 1238 1915 παρὰ
1257 1847 1323 1916 τῇ
1346 1844 1592 1917 ὑπωρείᾳ
1618 1844 1924 1915 σπηλαίοις,

2039 649 2200 719 aquis
2249 648 2442 703 dicens
2481 648 2874 709 sustinentem,
2911 653 2966 700 et
3008 660 3080 702 ne
3116 658 3460 719 mergeretur
3498 666 3624 721 pro-

2040 734 2348 789 hibentem.
2385 733 2543 788 Hanc
2574 730 2970 803 hospitalitatis
3003 746 3120 788 sua
3171 734 3481 789 mercedem
3533 753 3620 792 re-

2038 826 2185 895 cepit
2213 825 2411 880 mulier
2442 840 2471 879 a
2504 824 2664 880 beato
2696 837 2848 879 sene.
2886 820 2958 878 Ut
3003 823 3112 877 alia
3164 832 3347 879 autem
3397 831 3622 895 praeter-

2043 918 2281 982 mittam,
2318 932 2442 987 qua;
2474 916 2531 972 in
2564 916 2765 972 itinere
2797 914 2944 970 facta
2986 925 3137 980 sunt,
3176 928 3449 974 venerunt
3500 928 3627 974 tan-

2037 1011 2161 1065 dem
2193 1010 2541 1063 Antiochiam
2574 1026 2603 1063 ιη
2629 1006 3092 1078 conﬂuebanlque
3126 1024 3318 1064 omnes
3349 1009 3618 1081 undique,

2040 1101 2131 1158 Dei
2180 1102 2461 1157 hominem
2492 1100 2682 1156 videre
2710 1101 3034 1179 gestientes,
3070 1107 3124 1155 et
3166 1102 3341 1157 morbi
3376 1103 3620 1174 quisque

2035 1194 2122 1250 sui
2180 1193 2511 1249 medicinam
2570 1201 2913 1264 espetentcs.
2978 1192 3271 1249 Habitabat
3323 1205 3506 1251 autem
3562 1197 3651 1251 in'

2035 1287 2323 1358 speluncis
2361 1302 2483 1357 qum
2534 1288 2588 1341 in
2637 1287 2750 1341 imo
2787 1295 2920 1340 sunt
2973 1294 3182 1355 monte,
3233 1287 3326 1342 ubi
3369 1286 3620 1342 divinum

2033 1394 2256 1450 quoque
2279 1380 2592 1449 apostolum
2646 1378 2868 1433 beatum
2925 1376 3158 1432 Paulum
3223 1378 3509 1435 habitasse
3565 1389 3622 1436 ct

2034 1471 2267 1528 latuisse
2294 1471 2437 1527 fama
2476 1482 2579 1527 est.
2628 1470 2733 1526 Sed
2783 1480 2839 1526 ut
2881 1488 3074 1527 omnes
3124 1472 3410 1527 hominem
3461 1472 3617 1527 illum

2032 1577 2158 1617 esse
2187 1567 2581 1630 agnoscerent,
2620 1559 2831 1614 invadit
2859 1575 2986 1616 eum
3022 1562 3208 1615 statim
3240 1559 3417 1615 febris
3448 1560 3617 1616 velte-

2033 1653 2682 1725 mentissima.Cuntqtte
2722 1653 3138 1708 multitudinem
3174 1668 3370 1708 eorum
3413 1652 3509 1724 qui
3554 1670 3621 1710 eo

2031 1751 2410 1799 convenerant
2431 1742 2880 1797 animadvertens
2907 1757 3140 1813 magnus
3174 1742 3434 1807 Aeacius,
3463 1743 3623 1815 aegri-

2031 1835 2281 1891 tudinem
2324 1837 2554 1891 moleste
2593 1835 2783 1898 ferret,
2821 1834 3031 1890 veritus
3062 1850 3130 1888 ne
3161 1834 3621 1904 perturbarentur

328 1931 465 1985 ἔνθα
493 1932 588 1986 καὶ
616 1932 708 1986 τὸν
754 1928 898 1988 θεῖον
943 1934 1239 1990 ἀπόστολον
1272 1936 1364 1990 τὸν
1420 1937 1689 2009 μακάριον
1718 1938 1924 1991 Παῦλον

2033 1930 2127 2001 qui
2151 1928 2404 1993 aderant,
2442 1929 2487 1983 si
2511 1928 2613 1982 viri
2654 1927 2912 1982 morbum
2964 1924 3257 1991 rescirent,
3297 1925 3513 2000 ιι,θᾷ
3552 1926 3620 1983 de

329 2023 676 2094 καταχθῆναί
723 2041 784 2078 τε
822 2023 919 2080 καὶ
955 2014 1224 2100 κρυϐῆναι
1262 2043 1462 2097 φασινο
1492 2027 1607 2081 ἀλλ’
1630 2029 1812 2096 εὐθὺς,
1841 2030 1927 2085 ἵνα

333 2110 584 2181 μάθωσιν
631 2111 873 2178 ἅπαντες
922 2113 996 2179 ὡς
1053 2113 1340 2188 ἄνθρωπος
1387 2117 1507 2187 εἴη,
1538 2118 1813 2190 καταϐολὴ
1844 2119 1928 2189 γί-

326 2203 483 2257 νεταί
512 2221 598 2268 τις
617 2198 768 2277 αὐτῷ
789 2205 1027 2279 πυρετοῦ
1060 2207 1419 2281 σφοδροτάτη.
1459 2211 1717 2265 ’Δκακίου
1752 2212 1807 2266 δέ
1829 2211 1925 2266 τοῦ

329 2295 574 2364 μεγάλου
602 2295 666 2348 τὸ
693 2296 791 2367 μὲν
816 2296 1018 2369 πλῆθος
1046 2298 1156 2353 τῶν
1201 2300 1629 2372 συνειλεγμένων
1666 2302 1924 2375 ὁρῶντος,

327 2391 429 2442 καὶ
460 2389 560 2460 τὴν
605 2390 890 2461 συμϐᾶσαν
933 2390 1366 2463 δυσχεράναντος
1413 2395 1761 2466 ἀρρωστίαν·
1789 2395 1926 2467 πλη-

325 2480 599 2550 γήσεσθαι
643 2481 751 2552 γὰρ
812 2482 940 2545 τοὺς
982 2482 1412 2555 συνεληλυθότας
1462 2486 1734 2558 ἐνόμιζεν,
1767 2490 1817 2541 εί
1865 2487 1926 2541 τὸ

326 2574 551 2644 νόσημα
581 2573 827 2645 μάθοιεν,
851 2573 1045 2647 ἄνδρες
1081 2576 1169 2631 διὰ
1193 2576 1295 2649 τῆς
1315 2577 1527 2632 ἐκείνου
1552 2579 1733 2651 χειρὸς
1760 2578 1925 2651 θερα-

329 2663 497 2718 πείαν
528 2662 796 2732 εὕρασθαι
823 2665 1231 2737 προσδοκῶντες
1252 2684 1265 2698 ’
1299 2688 1318 2723 t
1363 2670 1455 2741 Μὴ
1486 2668 1708 2741 ἀθύμει,
1741 2668 1925 2741 ἔλεγεν

326 2756 360 2809 ὁ
398 2755 713 2828 πρεσϐύτης
730 2773 744 2788 ’
763 2758 812 2811 εί
834 2758 946 2831 γὰρ
972 2759 1271 2830 ἀναγκαῖον
1299 2762 1397 2833 τῆς
1415 2763 1603 2831 ὑγείας
1629 2763 1689 2817 τὸ
1709 2764 1924 2835 χρῆμα,

331 2849 649 2921 παραυτίκα
698 2851 795 2905 καὶ
843 2850 1003 2905 τοῦτο
1060 2851 1223 2907 δώσει
1267 2853 1418 2919 Θεός.
1462 2874 1481 2906 ι
1517 2854 1696 2919 Εὐθὺς
1745 2856 1926 2911 τοίνυν

335 2940 477 3011 μετά
508 2940 732 3005 τούτους
773 2942 903 3005 τοὺς
934 2941 1129 3012 λόγους
1158 2945 1238 3007 είς
1280 2945 1516 3000 ἱκετείαν
1557 2948 1922 3020 τραπόμενος,

331 3034 430 3086 καὶ
460 3033 709 3105 συνήθως
749 3034 820 3089 τὰ
851 3035 1054 3104 γόνατα
1095 3038 1192 3091 καλ⁵
1225 3038 1287 3091 τὸ
1337 3039 1587 3111 μέτωπον
1611 3041 1691 3113 τῷ
1738 3042 1923 3111 ἐδάφει

335 3125 600 3191 πελάσας,
647 3128 922 3198 ἠντιϐόλει
958 3130 1066 3200 τῆς
1124 3131 1314 3201 ὑγείας
1372 3136 1591 3205 τυχεῖν,
1642 3138 1803 3209 εἴπερ
1840 3155 1926 3202 τις

333 3219 520 3291 δνησις
543 3220 795 3275 ἐντεῦθεν
819 3223 935 3286 τοῖς
988 3224 1371 3296 συνεληλυθόσι
1416 3229 1727 3302 γενήσεται.
1760 3230 1928 3287 Οὔπω

330 3311 433 3383 τήν
464 3313 777 3384 προσευχὴν
808 3316 1166 3389 συνεπέρανε,
1197 3315 1292 3370 καὶ
1338 3318 1505 3383 πολὺς
1538 3320 1698 3393 ἱδρὼς
1739 3322 1927 3387 ἐξαπι-

332 3403 498 3465 ναίως
529 3404 820 3475 γενόμενος
850 3403 944 3458 τοῦ
969 3406 1207 3479 πυρετοῦ
1233 3408 1334 3478 τήν
1368 3409 1543 3480 φλόγα
1566 3414 1922 3471 κατέσϐεσεν.

339 3491 592 3548 Ἐκεῖθεν
630 3494 859 3558 πολλοὺς
883 3494 1244 3550 παντοδαπῶν
1272 3498 1598 3569 νοσημάτων
1628 3502 1927 3575 ἐλευθερώ-

332 3603 454 3652 σας,
486 3589 581 3640 ἐπὶ
604 3588 698 3641 τὸν
723 3589 980 3657 σύλλογον
1004 3589 1094 3661 ᾔει
1144 3590 1257 3643 τῶν
1297 3591 1558 3649 εὐσεϐῶν.
1595 3595 1833 3658 Διιόντος
1866 3597 1926 3651 δὲ

330 3680 498 3733 αὐτοῦ
524 3680 634 3733 τῶν
663 3680 953 3751 βασιλείων
981 3682 1081 3744 τάς
1114 3680 1305 3755 θύρας.
1339 3685 1640 3755 προσαίτης
1676 3700 1783 3750 τις,
1805 3688 1925 3743 ἀντὶ

330 3772 442 3826 τῶν
489 3772 670 3827 ποδῶν
713 3777 827 3839 τοῖς
858 3775 1107 3843 γλουτοῖς
1153 3776 1515 3848 κεχρημένος.
1551 3780 1648 3833 καὶ
1689 3780 1782 3833 ἐπὶ
1828 3781 1923 3835 τοῦ

333 3862 568 3930 ἐδάφους
608 3865 907 3935 συρόμενος
928 3907 946 3932 ,
978 3866 1227 3931 ἐκτείνας
1259 3868 1358 3939 τὴν
1401 3872 1556 3941 χεῖρα
1583 3911 1597 3935 ,
1626 3870 1719 3925 καὶ
1748 3875 1813 3944 τῇ
1844 3890 1925 3928 σι·

334 3955 475 4027 οὐρα
501 3956 595 4010 τοῦ
622 3957 929 4029 πρεσϐύτου
962 3957 1222 4023 πελάσας,
1254 3959 1483 4031 ἐξήλασε
1518 3961 1619 4034 μὲν
1642 3965 1709 4035 τῇ
1742 3965 1923 4020 πίστει

330 4048 394 4100 τὸ
442 4046 646 4112 πάθος,
687 4049 1041 4121 ἀναπηδήσας
1086 4049 1141 4104 δὲ
1194 4051 1286 4105 τὸν
1336 4052 1442 4125 πρὸ
1477 4054 1576 4124 τῆς
1609 4055 1924 4128 ἀρρωστίας

332 4139 680 4194 ἐπεδείκνυτο
711 4140 932 4213 δρόμον,
958 4142 1027 4196 τὰ
1047 4142 1187 4198 αύτᾶ
1209 4144 1380 4199 ποιῶν
1404 4144 1483 4217 τῷ
1516 4147 1695 4219 χωλῷ,
1722 4148 1781 4204 δν
1819 4149 1924 4202 Πέ-

336 4244 458 4300 τρος
488 4230 583 4284 καὶ
628 4231 659 4283 ό
697 4231 950 4304 Ἰωάννης
978 4233 1305 4304 ἀνέστησαν.
1351 4235 1553 4290 Τούτου
1600 4239 1921 4311 γενομένου,

334 4316 527 4397 συρρεῖ
557 4324 707 4380 άπαν
739 4325 802 4379 τὸ
834 4326 929 4380 τοῦ
964 4326 1157 4392 ἄστεος
1196 4329 1401 4399 πλῆθος
1427 4372 1440 4392 ,
1474 4332 1571 4385 καὶ
1598 4331 1660 4386 τὸ
1696 4332 1924 4404 πολεμι-

330 4417 426 4470 κὸν
459 4418 757 4489 γυμνάσιον
787 4418 994 4490 πλῆρες
1047 4420 1155 4474 τῶν
1189 4421 1520 4477 συνθεόντων
1566 4424 1800 4493 ἐγένετο.
1837 4428 1926 4480 Ἐν

327 4510 564 4584 αίσχύνη
592 4511 647 4565 δὲ
675 4507 815 4585 ἦσαν
846 4513 895 4565 ot
944 4511 1281 4583 συκοφάνται
1317 4515 1413 4569 καλ⁵
1450 4515 1545 4570 τοῦ
1579 4516 1809 4587 ψεύδους
1833 4536 1924 4573 τε-

2033 2022 2195 2091 cujus
2242 2036 2411 2075 manu
2457 2019 2786 2074 medicinam
2841 2034 2901 2074 se
2955 2020 3255 2089 atlcpturos
3299 2020 3620 2089 sperabant,

2040 2112 2203 2169 «Noli
2243 2111 2373 2182 angi
2423 2110 2636 2176 animo,
2679 2110 2865 2180 inquit
2914 2124 3115 2174 senex,
3160 2110 3291 2180 quia
3331 2109 3378 2163 si
3426 2124 3616 2165 neces-

2031 2207 2181 2263 saria
2207 2214 2290 2260 est
2322 2185 2564 2271 sanitas,
2578 2218 2699 2257 eam
2728 2202 2880 2258 illico
2912 2202 3066 2257 dabit
3109 2201 3400 2258 Dominus.
3430 2218 3448 2254 ι
3495 2200 3621 2253 Sta-

2029 2301 2129 2354 tim
2164 2314 2297 2370 ergo
2330 2308 2455 2369 post
2486 2298 2601 2352 haec
2636 2296 2803 2351 verba
2846 2296 2913 2349 ad
2958 2310 3154 2366 preces
3198 2310 3528 2362 conversus,
3565 2306 3618 2349 et

2028 2409 2229 2466 genua,
2298 2399 2359 2445 ut
2399 2390 2636 2454 solebat,
2691 2387 3041 2457 frontemque
3097 2386 3218 2443 Solo
3290 2385 3616 2448 admovens,

2029 2484 2248 2556 rogavit
2279 2490 2340 2537 ut
2369 2483 2663 2538 sanitatem
2712 2480 3015 2550 reciperet,
3057 2478 3105 2535 si
3137 2493 3206 2533 ex
3243 2478 3334 2532 illa
3370 2476 3617 2532 reditura

2028 2586 2180 2632 esset
2206 2576 2389 2647 aliqua
2419 2574 2630 2628 utilitas
2653 2570 2722 2627 ad
2755 2587 2855 2627 eos
2893 2572 2989 2642 qui
3019 2577 3423 2625 convenerant.
3461 2568 3615 2623 Non-

2027 2669 2160 2724 dum
2203 2683 2399 2740 preces
2428 2666 2669 2723 tlnierat.
2707 2671 2764 2719 et
2791 2670 3017 2734 repente
3043 2657 3325 2733 proﬂuens
3351 2661 3616 2732 copiosus

2029 2765 2202 2821 sudor
2228 2760 2505 2816 ﬂammant
2546 2759 2723 2813 febris
2777 2756 3066 2812 exstinxit.
3120 2755 3374 2826 Cumque
3415 2754 3619 2810 multos

2031 2857 2144 2912 illic
2208 2856 2279 2911 ab
2326 2855 2478 2910 omni
2532 2851 2856 2908 morborum
2916 2864 3115 2921 genere
3166 2849 3490 2915 liberasset,
3547 2848 3616 2901 atl

2030 2950 2294 3021 piorum'
2336 2956 2672 3002 conventum
2747 2944 3040 3016 profectus
3089 2951 3196 2998 est.
3262 2942 3397 2998 Dum
3457 2942 3620 3013 regia:

2032 3040 2232 3095 domus
2256 3045 2447 3108 portas
2474 3034 2739 3105 praeterit,
2771 3033 3062 3089 mendicus
3091 3032 3338 3105 quidam,
3378 3031 3473 3103 qui
3520 3047 3619 3102 pe-

2029 3130 2161 3185 dum
2192 3129 2312 3184 vice
2360 3126 2618 3183 clunibus
2658 3126 2776 3181 suis
2808 3133 2973 3180 utens
3016 3139 3119 3195 per
3166 3124 3400 3178 humum
3430 3122 3622 3179 trahe-

2032 3220 2214 3286 batur,
2254 3219 2483 3291 pallium
2533 3218 2653 3286 ejus
2709 3228 2941 3273 extensa
3010 3233 3174 3272 manu
3223 3224 3456 3289 tangens
3511 3217 3620 3272 fide

2032 3306 2282 3367 morbum
2342 3304 2545 3375 exegit,
2608 3303 2984 3372 exsiliensque
3039 3302 3312 3369 cucurrit,
3373 3308 3435 3356 ut
3491 3312 3622 3356 ante

2029 3396 2285 3451 morbum
2316 3395 2548 3460 solebat,
2581 3394 2786 3449 claudo
2826 3393 2909 3448 illi
2962 3391 3187 3458 similis,
3219 3407 3385 3462 quem
3419 3390 3619 3446 Petrus

2027 3499 2082 3543 et
2116 3486 2359 3543 Joannes
2383 3496 2706 3543 erexerunt.
2748 3484 2870 3552 Quo
2912 3486 3081 3549 facto,
3130 3484 3402 3540 conﬂuxit
3450 3484 3620 3539 totius

2030 3580 2184 3634 urbis
2218 3580 2545 3645 multitudo,
2578 3578 2655 3632 ita
2695 3587 2755 3634 ut
2795 3579 3059 3634 bellicum
3111 3577 3465 3648 gymnasium
3519 3576 3621 3631 ho-

2027 3669 2274 3725 rninibus
2311 3669 2641 3739 repleretur.
2672 3666 2828 3723 Unde
2869 3666 3085 3737 pudore
3133 3665 3346 3721 allectis
3403 3665 3619 3719 calum-

2026 3760 2315 3816 niantibus
2372 3758 2795 3827 artiﬁcibusqne
2853 3755 3156 3817 mendacii,
3231 3756 3358 3809 hmo
3422 3762 3616 3810 contra

2026 3864 2082 3911 et
2136 3852 2298 3906 hilari
2358 3851 2545 3906 animo
2601 3856 2761 3904 crant
2814 3847 3029 3901 alumni
3094 3845 3474 3903 veritatiszet
3520 3845 3616 3913 qui

2027 3946 2209 4015 aliqua
2262 3958 2367 4013 ope
2398 3942 2741 4011 indigebant,
2788 3941 2841 3994 in
2893 3939 3089 3994 domos
3134 3953 3271 3994 suos
3325 3937 3617 3991 trahebant

2025 4034 2380 4108 splendidum
2437 4035 2620 4089 lumen
2664 4033 2912 4104 pietatis.
2966 4030 3064 4085 Vir
3097 4031 3348 4101 quidam,
3396 4046 3617 4086 summa

2028 4150 2293 4222 praeditus
2365 4148 2733 4218 magistratu,
2792 4147 2888 4219 qui
2960 4147 3344 4218 praefecturam
3391 4145 3615 4216 gerebat

2024 4242 2289 4306 Orientis,
2327 4239 2394 4295 ad
2427 4256 2552 4295 cum
2593 4239 2778 4303 misit,
2814 4254 3018 4310 rogans
3047 4248 3110 4293 ut
3158 4237 3224 4290 ad
3280 4252 3341 4293 se
3381 4237 3616 4300 veniret,

2029 4339 2320 4410 ipsumque
2376 4335 2448 4389 ab
2492 4341 2727 4404 urgente
2787 4333 2984 4387 morbo
3034 4332 3314 4387 liberaret.
3364 4330 3617 4386 Accessit

2030 4433 2120 4486 illc
2146 4430 2279 4485 nihil
2313 4435 2582 4492 tuor-atus,
2611 4438 3075 4496 communemque
3105 4424 3397 4479 Dominum
3421 4420 3617 4493 deprc-

2028 4521 2403 4586 catus,rerbo
2441 4520 2654 4590 depulit
2704 4518 3091 4588 mgritutlincm
3141 4527 3197 4573 ct
3241 4505 3455 4589 gratias
3504 4515 3617 4569 Deo

326 4605 528 4675 χνῖται,
553 4604 613 4657 ἐν
637 4602 874 4675 εὐθυμία
908 4602 965 4659 δὲ
1011 4605 1161 4675 πάσῃ
1211 4605 1308 4659 καὶ
1349 4606 1660 4681 εὐφροσύνῃ
1688 4613 1787 4680 τῆς
1827 4613 1919 4666 εὐ-

2034 4632 2195 4688 agere
2215 4615 2403 4686 jussit.

328 4694 547 4760 σεϐείας
577 4698 626 4750 ot
656 4695 935 4768 τρόφιμοι.
981 4694 1221 4750 Ἐκεῖθεν
1252 4699 1333 4761 είς
1375 4698 1476 4764 τὰς
1506 4699 1681 4763 οίκίας
1730 4695 1913 4757 εἷλκον
1949 4705 2041 4761 τὸν
2070 4706 2173 4777 τῆς
2218 4703 2500 4767 εὐσεϐείας
2542 4702 2807 4775 φωστῆρα
2879 4702 2929 4756 οἱ
3001 4699 3302 4770 θεραπείας
3345 4698 3612 4768 δεόμενοι.

323 4784 437 4841 Καί
470 4804 553 4851 τις
583 4788 743 4860 ἀνὴρ,
776 4789 1040 4861 μεγίστην
1074 4788 1249 4861 ἀρχὴν
1288 4792 1790 4863 ἐγκεχειρισμένος,
1854 4796 1951 4849 καὶ
1983 4800 2085 4868 τῆς
2117 4797 2233 4849 Ἕω
2276 4795 2342 4849 τά
2410 4795 2649 4865 πηδάλια
2702 4792 2956 4864 κατέχειν
2990 4792 3442 4863 πεπιστευμένος,
3468 4791 3615 4861 πέμ-

322 4882 433 4951 ψας
468 4883 742 4935 ἱκέτευσεν
774 4880 937 4937 αὐτὸν
967 4882 1280 4953 ἀφικέσθαι,
1314 4887 1533 4957 καὶτῆς
1559 4887 1917 4961 ἐπικειμένης
1954 4888 2268 4963 ἀρρωστίας
2296 4887 2685 4960 ἐλευθερῶσαι.
2720 4888 2781 4941 ’0
2826 4888 2882 4941 δὲ
2915 4886 3070 4940 οὐδὲν
3134 4886 3409 4957 μελλήσας
3470 4903 3614 4956 παρ-

326 4975 578 5043 εγένετο,
606 4976 703 5030 καὶ
736 4977 827 5030 τὸν
878 4976 1055 5031 κοινδν
1100 4977 1391 5041 ἱκετεύσας
1422 4980 1724 5051 Δεσπότην,
1752 4978 1911 5035 ἔλυσε
1945 4975 2089 5053 λόγῳ
2122 4981 2183 5034 τὸ
2215 4980 2410 5044 πάθος,
2484 4981 2579 5034 καί
2620 4981 2781 5052 χάριν
2832 4980 3118 5052 ὁμολογεῖν
3168 4978 3469 5050 παρηγγύα
3533 4978 3614 5048 τῷ

320 5069 470 5140 θεῷ.

398 5161 586 5214 Ταῦτα
638 5162 735 5216 καὶ
764 5160 834 5215 τὰ
878 5159 1105 5216 τοιαῦτα
1162 5159 1604 5235 διαπραξάμενος
1664 5164 1759 5217 ἐπὶ
1811 5163 1912 5237 τὴν

325 5252 636 5325 ἀσκητικὴν
687 5251 875 5307 λοιπὸν
925 5252 1222 5322 ἐδοκίμασε
1284 5253 1529 5326 καλύϐην
1568 5254 1908 5309 ἐπανελθεῖν.

323 5345 429 5399 Διὰ
449 5344 507 5398 δέ
533 5344 635 5416 τῆς
663 5343 851 5417 Κύρου
884 5344 984 5415 τὴν
1026 5343 1254 5415 πορείαν
1286 5343 1630 5416 ποιούμενος,
1666 5344 1822 5409 πόλις
1855 5345 1913 5399 δέ

324 5435 468 5509 αὕτη
497 5435 619 5490 δυσὶ
655 5436 920 5508 σταθμοῖς
959 5436 1290 5507 Ἀντιοχείας
1326 5437 1628 5508 ἀπέχουσα,
1661 5436 1912 5511 κατήχθη

329 5530 429 5603 μὲν
458 5531 539 5594 είς
554 5530 647 5584 τὸν
667 5528 762 5584 τοῦ
785 5528 1082 5601 νικηφόρου
1113 5527 1390 5602 μάρτυρος
1412 5529 1690 5582 Διονυσίου
1720 5529 1908 5600 σηκόν.

326 5625 391 5678 Ol
449 5622 508 5678 δὲ
540 5621 642 5693 τῆς
676 5619 965 5684 εὐσεϐείας
1022 5621 1143 5673 ἐκεῖ
1198 5620 1662 5691 προστατεύοντες
1721 5618 1910 5673 συνελ-

325 5713 511 5779 θόντες
546 5714 793 5771 ίκέτευον
831 5713 1115 5782 ἐπαμῦναι
1169 5712 1321 5782 σφίσι
1367 5712 1645 5783 προῦπτον
1692 5709 1914 5783 ὄλεθρον

326 5803 727 5883 προσδοκῶσιν.
770 5803 1055 5873 Ἀστέριον
1093 5803 1205 5874 γάρ
1239 5802 1478 5871 ἔφασκον
1518 5805 1576 5856 ἐν
1624 5806 1912 5876 σοφιστικῇ

326 5896 654 5969 φευδολογίᾳ
679 5897 982 5966 τραφέντα,
1030 5896 1125 5950 καὶ
1162 5896 1354 5951 ἑαυτὸν
1381 5898 1459 5961 είς
1490 5897 1590 5968 τήν
1628 5898 1736 5951 τῶν
1761 5898 1914 5969 αἱρε-

649 5989 920 6052 PsTnoL.
969 5987 1083 6051 Gtt.
1137 5989 1235 6048 LX
1252 5987 1438 6051 ΧΧΠ.

2082 5158 2220 5216 Cum
2248 5158 2363 5215 haec
2386 5159 2605 5230 aliaque
2624 5158 2678 5214 id
2700 5174 2882 5230 genus
2903 5160 3228 5232 peregisset,
3243 5171 3437 5218 statuit
3460 5163 3612 5218 dein-

2024 5267 2155 5324 ceps
2190 5253 2622 5309 exercitationis
2670 5253 3003 5308 monasticae
3059 5252 3274 5325 1135
3321 5256 3608 5326 tugurium

2022 5354 2293 5417 repetere.
2316 5344 2462 5417 Cyro
2480 5354 2666 5400 autem
2687 5345 2796 5401 iter
2814 5344 3050 5410 faciens,
3070 5362 3193 5417 quac
3212 5348 3344 5403 urbs
3366 5347 3606 5404 duorum

2022 5439 2242 5496 dierum
2285 5437 2493 5494 itinere
2524 5437 2699 5493 distat
2732 5439 3053 5504 Antiochia,
3088 5440 3316 5496 divertit
3343 5442 3400 5495 itt
3432 5441 3604 5498 adem

2014 5529 2270 5603 praeclari
2307 5531 2569 5603 martyris
2600 5528 2871 5603 Dionysii.
2923 5530 3033 5599 Qui
3062 5532 3352 5604 religionis
3400 5534 3474 5590 ibi
3506 5547 3604 5589 att-

2017 5623 2223 5681 tistites
2248 5632 2433 5687 erant,
2476 5639 2585 5677 una
2615 5640 2811 5681 omnes
2857 5634 3128 5695 rogarunt
3158 5633 3220 5680 ut
3248 5625 3355 5682 sibi
3387 5634 3604 5682 certum

2017 5716 2247 5773 exitium
2266 5718 2719 5787 exspectantibus
2743 5733 2902 5791 Opem
2950 5718 3144 5774 ferret.
3167 5717 3439 5774 Dicebant
3455 5718 3604 5773 enim

2020 5808 2331 5872 Asterium,
2363 5808 2549 5863 virum
2614 5809 2668 5864 in
2718 5819 2840 5866 arte
2869 5810 3177 5881 sophistica
3210 5807 3601 5870 exercitatum,

2021 5900 2118 5971 qui
2148 5900 2219 5954 ad
2242 5900 2627 5955 haereticorum
2655 5902 2946 5958 ccclcsiatn
2982 5900 3280 5960 defecerat.
3308 5907 3359 5953 et
3389 5899 3597 5969 rpEsctr

3162 5991 3237 6050 £2
