  <div class='ocr_page' id='page_1' title='image "/cluster/home/n/w/nwhite01/storage/ocr_20150623/82:no.3/coo.31924054869833/669.png"; bbox 0 0 4030 6420; ppageno 0'>
   <div class='ocr_carea' id='block_1_1' title="bbox 418 398 562 468">
    <p class='ocr_par' dir='ltr' id='par_1_1' title="bbox 418 398 562 468">
     <span class='ocr_line' id='line_1_1' title="bbox 418 398 562 468; baseline -0.014 0"><span class='ocrx_word' id='word_1_1' title='bbox 418 398 562 468; x_wconf 66' lang='grc'>’1323</span> 
     </span>
    </p>
   </div>
   <div class='ocr_carea' id='block_1_2' title="bbox 1382 396 2659 461">
    <p class='ocr_par' dir='ltr' id='par_1_2' title="bbox 1382 396 2659 461">
     <span class='ocr_line' id='line_1_2' title="bbox 1382 396 2659 461; baseline -0.005 -1"><span class='ocrx_word' id='word_1_2' title='bbox 1382 401 1872 461; x_wconf 77' lang='lat' dir='ltr'>&#39;l‘llEODUllETl</span> <span class='ocrx_word' id='word_1_3' title='bbox 1911 400 2251 460; x_wconf 78' lang='lat' dir='ltr'>El’lSCOPI</span> <span class='ocrx_word' id='word_1_4' title='bbox 2290 396 2659 460; x_wconf 77' lang='lat' dir='ltr'>CYRENSIS</span> 
     </span>
    </p>
   </div>
   <div class='ocr_carea' id='block_1_3' title="bbox 3585 392 3721 455">
    <p class='ocr_par' dir='ltr' id='par_1_3' title="bbox 3585 392 3721 455">
     <span class='ocr_line' id='line_1_3' title="bbox 3585 392 3721 455; baseline 0.007 -1"><span class='ocrx_word' id='word_1_5' title='bbox 3585 392 3721 455; x_wconf 61' lang='lat' dir='ltr'><strong>lilii</strong></span> 
     </span>
    </p>
   </div>
   <div class='ocr_carea' id='block_1_4' title="bbox 428 491 2034 581">
    <p class='ocr_par' dir='ltr' id='par_1_4' title="bbox 428 491 2012 581">
     <span class='ocr_line' id='line_1_4' title="bbox 428 491 2012 581; baseline -0.003 -15"><span class='ocrx_word' id='word_1_6' title='bbox 428 516 543 581; x_wconf 70' lang='lat' dir='ltr'><strong>pale</strong></span> <span class='ocrx_word' id='word_1_7' title='bbox 570 528 774 568; x_wconf 86' lang='lat' dir='ltr'><strong>munus</strong></span> <span class='ocrx_word' id='word_1_8' title='bbox 820 520 943 569; x_wconf 83' lang='lat' dir='ltr'><strong>erat</strong></span> <span class='ocrx_word' id='word_1_9' title='bbox 973 491 1292 575; x_wconf 75' lang='lat' dir='ltr'><strong>assecutus,</strong></span> <span class='ocrx_word' id='word_1_10' title='bbox 1323 508 1626 565; x_wconf 82' lang='lat' dir='ltr'><strong>falsitatem</strong></span> <span class='ocrx_word' id='word_1_11' title='bbox 1662 510 1872 564; x_wconf 85' lang='lat' dir='ltr'><strong>acriter</strong></span> <span class='ocrx_word' id='word_1_12' title='bbox 1918 513 2012 561; x_wconf 85' lang='lat' dir='ltr'><strong>dc-</strong></span> 
     </span>
    </p>
   </div>
   <div class='ocr_carea' id='block_1_5' title="bbox 2139 491 3720 581">
    <p class='ocr_par' dir='ltr' id='par_1_5' title="bbox 2139 503 3720 575">
     <span class='ocr_line' id='line_1_5' title="bbox 2139 503 3720 575; baseline -0.003 -14"><span class='ocrx_word' id='word_1_13' title='bbox 2139 507 2287 561; x_wconf 72' lang='lat' dir='ltr'><strong>:txt&#39;bv</strong></span> <span class='ocrx_word' id='word_1_14' title='bbox 2354 506 2655 575; x_wconf 75' lang='grc' dir='ltr'>ἐκκλησίαν</span> <span class='ocrx_word' id='word_1_15' title='bbox 2720 505 3119 574; x_wconf 76' lang='grc' dir='ltr'>εἰσφρήσαντα,</span> <span class='ocrx_word' id='word_1_16' title='bbox 3187 503 3282 555; x_wconf 75' lang='grc' dir='ltr'>καὶ</span> <span class='ocrx_word' id='word_1_17' title='bbox 3346 505 3720 575; x_wconf 71' lang='grc' dir='ltr'>ἑκισκοπικῇς</span> 
     </span>
    </p>
   </div>
   <div class='ocr_carea' id='block_1_6' title="bbox 425 602 2011 675">
    <p class='ocr_par' dir='ltr' id='par_1_6' title="bbox 425 602 2011 675">
     <span class='ocr_line' id='line_1_6' title="bbox 425 602 2011 675; baseline -0.006 -14"><span class='ocrx_word' id='word_1_18' title='bbox 425 606 673 670; x_wconf 75' lang='lat' dir='ltr'><strong>tendere,</strong></span> <span class='ocrx_word' id='word_1_19' title='bbox 698 613 753 661; x_wconf 90' lang='lat' dir='ltr'>et</span> <span class='ocrx_word' id='word_1_20' title='bbox 787 602 1038 675; x_wconf 84' lang='lat' dir='ltr'><strong>improbo</strong></span> <span class='ocrx_word' id='word_1_21' title='bbox 1068 602 1306 660; x_wconf 80' lang='lat' dir='ltr'><strong>artiﬁcio</strong></span> <span class='ocrx_word' id='word_1_22' title='bbox 1330 602 1620 658; x_wconf 86' lang='lat' dir='ltr'><strong>veritatem</strong></span> <span class='ocrx_word' id='word_1_23' title='bbox 1663 615 2011 673; x_wconf 80' lang='lat' dir='ltr'><strong>oppugnare.</strong></span> 
     </span>
    </p>
   </div>
   <div class='ocr_carea' id='block_1_7' title="bbox 427 694 2018 770">
    <p class='ocr_par' dir='ltr' id='par_1_7' title="bbox 427 694 2018 770">
     <span class='ocr_line' id='line_1_7' title="bbox 427 694 2018 770; baseline -0.004 -18"><span class='ocrx_word' id='word_1_24' title='bbox 427 721 445 752; x_wconf 74' lang='grc' dir='ltr'>ι</span> <span class='ocrx_word' id='word_1_25' title='bbox 488 699 907 770; x_wconf 73' lang='lat' dir='ltr'><strong>Ven-emurque,</strong></span> <span class='ocrx_word' id='word_1_26' title='bbox 956 698 1204 761; x_wconf 86' lang='lat' dir='ltr'><strong>aiebant,</strong></span> <span class='ocrx_word' id='word_1_27' title='bbox 1253 713 1323 751; x_wconf 91' lang='lat' dir='ltr'>ne</span> <span class='ocrx_word' id='word_1_28' title='bbox 1360 694 1619 749; x_wconf 79' lang='lat' dir='ltr'>facundia</span> <span class='ocrx_word' id='word_1_29' title='bbox 1668 694 1825 749; x_wconf 84' lang='lat' dir='ltr'><strong>velut</strong></span> <span class='ocrx_word' id='word_1_30' title='bbox 1888 708 2018 748; x_wconf 84' lang='lat' dir='ltr'><strong>esca</strong></span> 
     </span>
    </p>
   </div>
   <div class='ocr_carea' id='block_1_8' title="bbox 433 788 2021 863">
    <p class='ocr_par' dir='ltr' id='par_1_8' title="bbox 433 788 2021 863">
     <span class='ocr_line' id='line_1_8' title="bbox 433 788 2021 863; baseline -0.004 -14"><span class='ocrx_word' id='word_1_31' title='bbox 433 792 675 863; x_wconf 86' lang='lat' dir='ltr'><strong>quadam</strong></span> <span class='ocrx_word' id='word_1_32' title='bbox 720 792 922 847; x_wconf 89' lang='lat' dir='ltr'><strong>falsum</strong></span> <span class='ocrx_word' id='word_1_33' title='bbox 976 799 1190 862; x_wconf 79' lang='lat' dir='ltr'><strong>tegens,</strong></span> <span class='ocrx_word' id='word_1_34' title='bbox 1239 799 1296 844; x_wconf 87' lang='lat' dir='ltr'><strong>et</strong></span> <span class='ocrx_word' id='word_1_35' title='bbox 1343 788 1792 860; x_wconf 77' lang='lat' dir='ltr'><strong>syllogismorum</strong></span> <span class='ocrx_word' id='word_1_36' title='bbox 1841 802 2021 842; x_wconf 75' lang='lat' dir='ltr'><strong>nexus</strong></span> 
     </span>
    </p>
   </div>
   <div class='ocr_carea' id='block_1_9' title="bbox 430 881 2021 956">
    <p class='ocr_par' dir='ltr' id='par_1_9' title="bbox 430 881 2021 956">
     <span class='ocr_line' id='line_1_9' title="bbox 430 881 2021 956; baseline -0.008 -16"><span class='ocrx_word' id='word_1_37' title='bbox 430 898 697 956; x_wconf 83' lang='lat' dir='ltr'><strong>tanquam</strong></span> <span class='ocrx_word' id='word_1_38' title='bbox 762 884 903 939; x_wconf 86' lang='lat' dir='ltr'><strong>retia</strong></span> <span class='ocrx_word' id='word_1_39' title='bbox 965 883 1288 953; x_wconf 82' lang='lat' dir='ltr'><strong>expandens</strong></span> <span class='ocrx_word' id='word_1_40' title='bbox 1322 924 1337 947; x_wconf 94' lang='lat'>,</span> <span class='ocrx_word' id='word_1_41' title='bbox 1390 881 1760 951; x_wconf 74' lang='lat' dir='ltr'>simpliciores</span> <span class='ocrx_word' id='word_1_42' title='bbox 1814 882 2021 937; x_wconf 72' lang='lat' dir='ltr'><strong>tttltltns</strong></span> 
     </span>
    </p>
   </div>
   <div class='ocr_carea' id='block_1_10' title="bbox 410 974 2023 1049">
    <p class='ocr_par' dir='ltr' id='par_1_10' title="bbox 410 974 2023 1049">
     <span class='ocr_line' id='line_1_10' title="bbox 410 974 2023 1049; baseline -0.003 -17"><span class='ocrx_word' id='word_1_43' title='bbox 410 979 693 1049; x_wconf 76' lang='lat' dir='ltr'><strong>implicet.</strong></span> <span class='ocrx_word' id='word_1_44' title='bbox 720 996 738 1029; x_wconf 75' lang='grc' dir='ltr'>ι</span> <span class='ocrx_word' id='word_1_45' title='bbox 782 974 897 1031; x_wconf 86' lang='lat' dir='ltr'><strong>Hac</strong></span> <span class='ocrx_word' id='word_1_46' title='bbox 951 976 1103 1031; x_wconf 90' lang='lat' dir='ltr'><strong>enim</strong></span> <span class='ocrx_word' id='word_1_47' title='bbox 1136 975 1206 1031; x_wconf 90' lang='lat' dir='ltr'>de</span> <span class='ocrx_word' id='word_1_48' title='bbox 1237 990 1405 1029; x_wconf 84' lang='lat' dir='ltr'><strong>causa</strong></span> <span class='ocrx_word' id='word_1_49' title='bbox 1456 974 1527 1028; x_wconf 90' lang='lat' dir='ltr'>ab</span> <span class='ocrx_word' id='word_1_50' title='bbox 1556 974 1895 1029; x_wconf 85' lang='lat' dir='ltr'><strong>adversariis</strong></span> <span class='ocrx_word' id='word_1_51' title='bbox 1928 989 2023 1027; x_wconf 86' lang='lat' dir='ltr'>ac-</span> 
     </span>
    </p>
   </div>
   <div class='ocr_carea' id='block_1_11' title="bbox 425 1063 2021 1138">
    <p class='ocr_par' dir='ltr' id='par_1_11' title="bbox 425 1063 2021 1138">
     <span class='ocr_line' id='line_1_11' title="bbox 425 1063 2021 1138; baseline -0.003 -15"><span class='ocrx_word' id='word_1_52' title='bbox 425 1071 573 1123; x_wconf 86' lang='lat' dir='ltr'><strong>citus</strong></span> <span class='ocrx_word' id='word_1_53' title='bbox 627 1076 729 1124; x_wconf 87' lang='lat' dir='ltr'><strong>est.</strong></span> <span class='ocrx_word' id='word_1_54' title='bbox 769 1068 849 1121; x_wconf 80' lang='lat' dir='ltr'><strong>Ad</strong></span> <span class='ocrx_word' id='word_1_55' title='bbox 881 1081 1022 1138; x_wconf 92' lang='lat' dir='ltr'><strong>quos</strong></span> <span class='ocrx_word' id='word_1_56' title='bbox 1057 1081 1223 1121; x_wconf 77' lang='lat' dir='ltr'><strong>senex</strong></span> <span class='ocrx_word' id='word_1_57' title='bbox 1262 1084 1276 1121; x_wconf 92' lang='lat'><strong>:</strong></span> <span class='ocrx_word' id='word_1_58' title='bbox 1315 1084 1334 1118; x_wconf 79' lang='grc' dir='ltr'>ι</span> <span class='ocrx_word' id='word_1_59' title='bbox 1358 1064 1532 1131; x_wconf 86' lang='lat' dir='ltr'><strong>Bono,</strong></span> <span class='ocrx_word' id='word_1_60' title='bbox 1590 1065 1789 1134; x_wconf 87' lang='lat' dir='ltr'><strong>inquit,</strong></span> <span class='ocrx_word' id='word_1_61' title='bbox 1834 1063 2021 1118; x_wconf 87' lang='lat' dir='ltr'><strong>animo</strong></span> 
     </span>
    </p>
   </div>
   <div class='ocr_carea' id='block_1_12' title="bbox 426 1155 2022 1229">
    <p class='ocr_par' dir='ltr' id='par_1_12' title="bbox 426 1155 2022 1229">
     <span class='ocr_line' id='line_1_12' title="bbox 426 1155 2022 1229; baseline -0.005 -12"><span class='ocrx_word' id='word_1_62' title='bbox 426 1168 629 1223; x_wconf 77' lang='lat' dir='ltr'><strong>estote,</strong></span> <span class='ocrx_word' id='word_1_63' title='bbox 680 1169 738 1215; x_wconf 81' lang='lat' dir='ltr'>et</span> <span class='ocrx_word' id='word_1_64' title='bbox 773 1157 884 1214; x_wconf 85' lang='lat' dir='ltr'>Deo</span> <span class='ocrx_word' id='word_1_65' title='bbox 934 1159 1229 1214; x_wconf 87' lang='lat' dir='ltr'><strong>nobiscum</strong></span> <span class='ocrx_word' id='word_1_66' title='bbox 1279 1158 1615 1229; x_wconf 89' lang='lat' dir='ltr'><strong>supplicate,</strong></span> <span class='ocrx_word' id='word_1_67' title='bbox 1657 1155 1933 1225; x_wconf 75' lang='lat' dir='ltr'><strong>jejunium</strong></span> <span class='ocrx_word' id='word_1_68' title='bbox 1965 1162 2022 1209; x_wconf 88' lang='lat' dir='ltr'><strong>et</strong></span> 
     </span>
    </p>
   </div>
   <div class='ocr_carea' id='block_1_13' title="bbox 426 1247 2019 1322">
    <p class='ocr_par' dir='ltr' id='par_1_13' title="bbox 426 1247 2019 1322">
     <span class='ocr_line' id='line_1_13' title="bbox 426 1247 2019 1322; baseline -0.005 -15"><span class='ocrx_word' id='word_1_69' title='bbox 426 1254 786 1308; x_wconf 79' lang='lat' dir='ltr'><strong>amictionent</strong></span> <span class='ocrx_word' id='word_1_70' title='bbox 843 1251 1101 1322; x_wconf 93' lang='lat' dir='ltr'><strong>precibus</strong></span> <span class='ocrx_word' id='word_1_71' title='bbox 1136 1250 1520 1321; x_wconf 78' lang='lat' dir='ltr'><strong>adjungentes.</strong></span> <span class='ocrx_word' id='word_1_72' title='bbox 1550 1247 1744 1303; x_wconf 59' lang='lat' dir='ltr'><strong>rDutn</strong></span> <span class='ocrx_word' id='word_1_73' title='bbox 1775 1255 1939 1301; x_wconf 83' lang='lat' dir='ltr'><strong>orant</strong></span> <span class='ocrx_word' id='word_1_74' title='bbox 1965 1249 2019 1300; x_wconf 90' lang='lat' dir='ltr'>in</span> 
     </span>
    </p>
   </div>
   <div class='ocr_carea' id='block_1_14' title="bbox 429 1341 2020 1414">
    <p class='ocr_par' dir='ltr' id='par_1_14' title="bbox 429 1341 2020 1414">
     <span class='ocr_line' id='line_1_14' title="bbox 429 1341 2020 1414; baseline -0.003 -15"><span class='ocrx_word' id='word_1_75' title='bbox 429 1348 576 1400; x_wconf 68' lang='lat' dir='ltr'><strong>linnc</strong></span> <span class='ocrx_word' id='word_1_76' title='bbox 629 1343 878 1408; x_wconf 76' lang='lat' dir='ltr'><strong>modum,</strong></span> <span class='ocrx_word' id='word_1_77' title='bbox 912 1343 1091 1414; x_wconf 91' lang='lat' dir='ltr'><strong>pridie</strong></span> <span class='ocrx_word' id='word_1_78' title='bbox 1145 1343 1272 1399; x_wconf 87' lang='lat' dir='ltr'><strong>festi</strong></span> <span class='ocrx_word' id='word_1_79' title='bbox 1325 1344 1477 1400; x_wconf 89' lang='lat' dir='ltr'><strong>illius</strong></span> <span class='ocrx_word' id='word_1_80' title='bbox 1530 1341 1662 1405; x_wconf 87' lang='lat' dir='ltr'><strong>diei,</strong></span> <span class='ocrx_word' id='word_1_81' title='bbox 1712 1355 1824 1411; x_wconf 87' lang='lat' dir='ltr'>quo</span> <span class='ocrx_word' id='word_1_82' title='bbox 1855 1341 2020 1394; x_wconf 85' lang='lat' dir='ltr'><strong>verba</strong></span> 
     </span>
    </p>
   </div>
   <div class='ocr_carea' id='block_1_15' title="bbox 430 1431 2021 1497">
    <p class='ocr_par' dir='ltr' id='par_1_15' title="bbox 430 1431 2021 1497">
     <span class='ocr_line' id='line_1_15' title="bbox 430 1431 2021 1497; baseline -0.001 -9"><span class='ocrx_word' id='word_1_83' title='bbox 430 1443 683 1491; x_wconf 60' lang='lat' dir='ltr'><strong>tacturus</strong></span> <span class='ocrx_word' id='word_1_84' title='bbox 719 1442 842 1489; x_wconf 85' lang='lat' dir='ltr'><strong>erat</strong></span> <span class='ocrx_word' id='word_1_85' title='bbox 890 1433 1157 1490; x_wconf 82' lang='lat' dir='ltr'><strong>defensor</strong></span> <span class='ocrx_word' id='word_1_86' title='bbox 1187 1443 1244 1488; x_wconf 90' lang='lat' dir='ltr'>et</span> <span class='ocrx_word' id='word_1_87' title='bbox 1281 1434 1460 1490; x_wconf 86' lang='lat' dir='ltr'><strong>hostis</strong></span> <span class='ocrx_word' id='word_1_88' title='bbox 1496 1434 1770 1497; x_wconf 81' lang='lat' dir='ltr'><strong>veritatis,</strong></span> <span class='ocrx_word' id='word_1_89' title='bbox 1829 1431 2021 1487; x_wconf 87' lang='lat' dir='ltr'><strong>divina</strong></span> 
     </span>
    </p>
   </div>
   <div class='ocr_carea' id='block_1_16' title="bbox 429 1522 2020 1599">
    <p class='ocr_par' dir='ltr' id='par_1_16' title="bbox 429 1522 2020 1599">
     <span class='ocr_line' id='line_1_16' title="bbox 429 1522 2020 1599; baseline -0.004 -18"><span class='ocrx_word' id='word_1_90' title='bbox 429 1530 589 1599; x_wconf 78' lang='lat' dir='ltr'><strong>plaga</strong></span> <span class='ocrx_word' id='word_1_91' title='bbox 643 1541 944 1598; x_wconf 80' lang='lat' dir='ltr'><strong>percussas</strong></span> <span class='ocrx_word' id='word_1_92' title='bbox 988 1535 1092 1591; x_wconf 85' lang='lat' dir='ltr'><strong>est,</strong></span> <span class='ocrx_word' id='word_1_93' title='bbox 1125 1536 1179 1580; x_wconf 85' lang='lat' dir='ltr'>et</span> <span class='ocrx_word' id='word_1_94' title='bbox 1222 1540 1347 1580; x_wconf 85' lang='lat' dir='ltr'><strong>cum</strong></span> <span class='ocrx_word' id='word_1_95' title='bbox 1402 1541 1571 1579; x_wconf 89' lang='lat' dir='ltr'><strong>unum</strong></span> <span class='ocrx_word' id='word_1_96' title='bbox 1609 1532 1823 1578; x_wconf 88' lang='lat' dir='ltr'><strong>tantum</strong></span> <span class='ocrx_word' id='word_1_97' title='bbox 1875 1522 2020 1577; x_wconf 80' lang='lat' dir='ltr'><strong>diem</strong></span> 
     </span>
    </p>
   </div>
   <div class='ocr_carea' id='block_1_17' title="bbox 431 1613 2024 1691">
    <p class='ocr_par' dir='ltr' id='par_1_17' title="bbox 431 1613 2024 1691">
     <span class='ocr_line' id='line_1_17' title="bbox 431 1613 2024 1691; baseline -0.004 -18"><span class='ocrx_word' id='word_1_98' title='bbox 431 1628 785 1691; x_wconf 63' lang='lat' dir='ltr'><strong>mgrotasset,</strong></span> <span class='ocrx_word' id='word_1_99' title='bbox 819 1634 849 1672; x_wconf 88' lang='lat' dir='ltr'>e</span> <span class='ocrx_word' id='word_1_100' title='bbox 885 1618 1026 1673; x_wconf 81' lang='lat' dir='ltr'><strong>vivis</strong></span> <span class='ocrx_word' id='word_1_101' title='bbox 1070 1616 1345 1683; x_wconf 80' lang='lat' dir='ltr'><strong>excessit,</strong></span> <span class='ocrx_word' id='word_1_102' title='bbox 1383 1630 1574 1671; x_wconf 87' lang='lat' dir='ltr'><strong>vocem</strong></span> <span class='ocrx_word' id='word_1_103' title='bbox 1617 1615 1767 1669; x_wconf 83' lang='lat' dir='ltr'><strong>illam</strong></span> <span class='ocrx_word' id='word_1_104' title='bbox 1811 1613 2024 1668; x_wconf 84' lang='lat' dir='ltr'><strong>scilicet</strong></span> 
     </span>
    </p>
   </div>
   <div class='ocr_carea' id='block_1_18' title="bbox 432 1708 2021 1779">
    <p class='ocr_par' dir='ltr' id='par_1_18' title="bbox 432 1708 2021 1779">
     <span class='ocr_line' id='line_1_18' title="bbox 432 1708 2021 1779; baseline -0.006 -11"><span class='ocrx_word' id='word_1_105' title='bbox 432 1714 705 1769; x_wconf 84' lang='lat' dir='ltr'><strong>audiens:</strong></span> <span class='ocrx_word' id='word_1_106' title='bbox 737 1730 757 1764; x_wconf 73' lang='grc' dir='ltr'>ι</span> <span class='ocrx_word' id='word_1_107' title='bbox 782 1712 982 1776; x_wconf 89' lang='lat' dir='ltr'><strong>Stulte,</strong></span> <span class='ocrx_word' id='word_1_108' title='bbox 1016 1710 1121 1764; x_wconf 86' lang='lat' dir='ltr'>hac</span> <span class='ocrx_word' id='word_1_109' title='bbox 1149 1717 1317 1764; x_wconf 89' lang='lat' dir='ltr'><strong>nocte</strong></span> <span class='ocrx_word' id='word_1_110' title='bbox 1351 1718 1610 1779; x_wconf 90' lang='lat' dir='ltr'><strong>repetunt</strong></span> <span class='ocrx_word' id='word_1_111' title='bbox 1633 1723 1664 1762; x_wconf 92' lang='lat' dir='ltr'>a</span> <span class='ocrx_word' id='word_1_112' title='bbox 1687 1716 1741 1763; x_wconf 92' lang='lat' dir='ltr'>te</span> <span class='ocrx_word' id='word_1_113' title='bbox 1775 1708 2021 1761; x_wconf 85' lang='lat' dir='ltr'><strong>animam</strong></span> 
     </span>
    </p>
   </div>
   <div class='ocr_carea' id='block_1_19' title="bbox 437 1801 2023 1875">
    <p class='ocr_par' dir='ltr' id='par_1_19' title="bbox 437 1801 2023 1875">
     <span class='ocr_line' id='line_1_19' title="bbox 437 1801 2023 1875; baseline -0.004 -14"><span class='ocrx_word' id='word_1_114' title='bbox 437 1817 590 1861; x_wconf 88' lang='lat' dir='ltr'><strong>tuam</strong></span> <span class='ocrx_word' id='word_1_115' title='bbox 621 1822 634 1857; x_wconf 91' lang='lat'><strong>:</strong></span> <span class='ocrx_word' id='word_1_116' title='bbox 663 1819 789 1875; x_wconf 70' lang='lat' dir='ltr'><strong>quae</strong></span> <span class='ocrx_word' id='word_1_117' title='bbox 818 1809 1000 1857; x_wconf 89' lang='lat' dir='ltr'><strong>autem</strong></span> <span class='ocrx_word' id='word_1_118' title='bbox 1059 1802 1206 1856; x_wconf 87' lang='lat' dir='ltr'><strong>mala</strong></span> <span class='ocrx_word' id='word_1_119' title='bbox 1242 1802 1471 1872; x_wconf 84' lang='lat' dir='ltr'><strong>parasti,</strong></span> <span class='ocrx_word' id='word_1_120' title='bbox 1508 1801 1646 1857; x_wconf 89' lang='lat' dir='ltr'><strong>retia</strong></span> <span class='ocrx_word' id='word_1_121' title='bbox 1686 1808 1743 1855; x_wconf 89' lang='lat' dir='ltr'><strong>et</strong></span> <span class='ocrx_word' id='word_1_122' title='bbox 1795 1801 2023 1869; x_wconf 83' lang='lat' dir='ltr'><strong>laqueos</strong></span> 
     </span>
    </p>
   </div>
   <div class='ocr_carea' id='block_1_20' title="bbox 2121 591 3719 671">
    <p class='ocr_par' dir='ltr' id='par_1_20' title="bbox 2121 591 3719 671">
     <span class='ocr_line' id='line_1_20' title="bbox 2121 591 3719 671; baseline -0.003 -18"><span class='ocrx_word' id='word_1_123' title='bbox 2121 597 2467 671; x_wconf 86' lang='grc' dir='ltr'>λειτουργίας</span> <span class='ocrx_word' id='word_1_124' title='bbox 2495 595 2820 662; x_wconf 80' lang='grc' dir='ltr'>ἀξιωθέντα,</span> <span class='ocrx_word' id='word_1_125' title='bbox 2842 593 3031 659; x_wconf 82' lang='grc' dir='ltr'>δεινῶς</span> <span class='ocrx_word' id='word_1_126' title='bbox 3060 593 3136 666; x_wconf 83' lang='grc' dir='ltr'>τῷ</span> <span class='ocrx_word' id='word_1_127' title='bbox 3156 591 3343 663; x_wconf 78' lang='grc' dir='ltr'>ψεύδει</span> <span class='ocrx_word' id='word_1_128' title='bbox 3374 600 3719 668; x_wconf 76' lang='grc' dir='ltr'>συνηγορεῖν,</span> 
     </span>
    </p>
   </div>
   <div class='ocr_carea' id='block_1_21' title="bbox 2123 685 3724 759">
    <p class='ocr_par' dir='ltr' id='par_1_21' title="bbox 2123 685 3724 759">
     <span class='ocr_line' id='line_1_21' title="bbox 2123 685 3724 759; baseline -0.001 -15"><span class='ocrx_word' id='word_1_129' title='bbox 2123 692 2217 744; x_wconf 76' lang='grc' dir='ltr'>καὶ</span> <span class='ocrx_word' id='word_1_130' title='bbox 2252 687 2580 759; x_wconf 72' lang='grc' dir='ltr'>κακοτεχνία</span> <span class='ocrx_word' id='word_1_131' title='bbox 2613 686 2755 739; x_wconf 83' lang='grc' dir='ltr'>κατά</span> <span class='ocrx_word' id='word_1_132' title='bbox 2784 685 2883 756; x_wconf 80' lang='grc' dir='ltr'>τῆς</span> <span class='ocrx_word' id='word_1_133' title='bbox 2913 685 3174 757; x_wconf 75' lang='grc' dir='ltr'>ἀληθείας</span> <span class='ocrx_word' id='word_1_134' title='bbox 3195 685 3500 757; x_wconf 76' lang='grc' dir='ltr'>κεχρῆσθαι</span> <span class='ocrx_word' id='word_1_135' title='bbox 3520 704 3533 717; x_wconf 90' lang='grc'><strong>·</strong></span> <span class='ocrx_word' id='word_1_136' title='bbox 3559 708 3578 740; x_wconf 72' lang='grc' dir='ltr'>ι</span> <span class='ocrx_word' id='word_1_137' title='bbox 3607 690 3724 743; x_wconf 74' lang='grc' dir='ltr'>Καὶ</span> 
     </span>
    </p>
   </div>
   <div class='ocr_carea' id='block_1_22' title="bbox 2119 775 3718 853">
    <p class='ocr_par' dir='ltr' id='par_1_22' title="bbox 2119 775 3718 853">
     <span class='ocr_line' id='line_1_22' title="bbox 2119 775 3718 853; baseline -0.001 -17"><span class='ocrx_word' id='word_1_138' title='bbox 2119 783 2463 853; x_wconf 82' lang='grc' dir='ltr'>δεδοίκαμεν,</span> <span class='ocrx_word' id='word_1_139' title='bbox 2520 780 2726 849; x_wconf 76' lang='grc' dir='ltr'>ἔλεγον,</span> <span class='ocrx_word' id='word_1_140' title='bbox 2795 779 2872 850; x_wconf 82' lang='grc' dir='ltr'>μὴ</span> <span class='ocrx_word' id='word_1_141' title='bbox 2919 775 3032 832; x_wconf 76' lang='grc' dir='ltr'>οἶόν</span> <span class='ocrx_word' id='word_1_142' title='bbox 3096 797 3204 833; x_wconf 86' lang='grc' dir='ltr'>τινι</span> <span class='ocrx_word' id='word_1_143' title='bbox 3252 778 3587 850; x_wconf 85' lang='grc' dir='ltr'>δελεάσματι</span> <span class='ocrx_word' id='word_1_144' title='bbox 3647 782 3718 849; x_wconf 75' lang='grc' dir='ltr'>τῇ</span> 
     </span>
    </p>
   </div>
   <div class='ocr_carea' id='block_1_23' title="bbox 2123 868 3726 944">
    <p class='ocr_par' dir='ltr' id='par_1_23' title="bbox 2123 868 3726 944">
     <span class='ocr_line' id='line_1_23' title="bbox 2123 868 3726 944; baseline -0.001 -18"><span class='ocrx_word' id='word_1_145' title='bbox 2123 872 2427 944; x_wconf 70' lang='grc' dir='ltr'>εύγλωττίᾳ</span> <span class='ocrx_word' id='word_1_146' title='bbox 2457 872 2514 925; x_wconf 78' lang='grc' dir='ltr'>τὸ</span> <span class='ocrx_word' id='word_1_147' title='bbox 2544 870 2742 940; x_wconf 67' lang='grc' dir='ltr'>ψεῦδος</span> <span class='ocrx_word' id='word_1_148' title='bbox 2768 868 3147 940; x_wconf 77' lang='grc' dir='ltr'>συγκαλύψας,</span> <span class='ocrx_word' id='word_1_149' title='bbox 3185 871 3278 925; x_wconf 68' lang='grc' dir='ltr'>καὶ</span> <span class='ocrx_word' id='word_1_150' title='bbox 3304 872 3402 935; x_wconf 74' lang='grc' dir='ltr'>τὰς</span> <span class='ocrx_word' id='word_1_151' title='bbox 3432 871 3542 925; x_wconf 86' lang='grc' dir='ltr'>τῶν</span> <span class='ocrx_word' id='word_1_152' title='bbox 3571 872 3726 940; x_wconf 79' lang='grc' dir='ltr'>λογι-</span> 
     </span>
    </p>
   </div>
   <div class='ocr_carea' id='block_1_24' title="bbox 2127 960 3726 1037">
    <p class='ocr_par' dir='ltr' id='par_1_24' title="bbox 2127 960 3726 1037">
     <span class='ocr_line' id='line_1_24' title="bbox 2127 960 3726 1037; baseline -0.001 -18"><span class='ocrx_word' id='word_1_153' title='bbox 2127 966 2281 1037; x_wconf 84' lang='grc' dir='ltr'>σμῶν</span> <span class='ocrx_word' id='word_1_154' title='bbox 2309 966 2517 1030; x_wconf 74' lang='grc' dir='ltr'>πλοκὰς</span> <span class='ocrx_word' id='word_1_155' title='bbox 2541 960 2655 1019; x_wconf 77' lang='grc' dir='ltr'>οἷόν</span> <span class='ocrx_word' id='word_1_156' title='bbox 2677 982 2800 1018; x_wconf 91' lang='grc' dir='ltr'>τινα</span> <span class='ocrx_word' id='word_1_157' title='bbox 2834 963 3029 1017; x_wconf 77' lang='grc' dir='ltr'>δίκτυα</span> <span class='ocrx_word' id='word_1_158' title='bbox 3057 964 3325 1029; x_wconf 81' lang='grc' dir='ltr'>πετάσας,</span> <span class='ocrx_word' id='word_1_159' title='bbox 3355 964 3586 1031; x_wconf 78' lang='grc' dir='ltr'>πολλοὺς</span> <span class='ocrx_word' id='word_1_160' title='bbox 3610 966 3726 1020; x_wconf 84' lang='grc' dir='ltr'>τῶν</span> 
     </span>
    </p>
   </div>
   <div class='ocr_carea' id='block_1_25' title="bbox 2125 1055 3725 1129">
    <p class='ocr_par' dir='ltr' id='par_1_25' title="bbox 2125 1055 3725 1129">
     <span class='ocr_line' id='line_1_25' title="bbox 2125 1055 3725 1129; baseline 0.001 -18"><span class='ocrx_word' id='word_1_161' title='bbox 2125 1058 2394 1128; x_wconf 75' lang='grc' dir='ltr'>ἁπλότητι</span> <span class='ocrx_word' id='word_1_162' title='bbox 2427 1056 2811 1128; x_wconf 74' lang='grc' dir='ltr'>συνεξηκότων</span> <span class='ocrx_word' id='word_1_163' title='bbox 2842 1056 3112 1129; x_wconf 76' lang='grc' dir='ltr'>άγρεύσῃ.</span> <span class='ocrx_word' id='word_1_164' title='bbox 3135 1074 3155 1109; x_wconf 85' lang='grc'><strong>›</strong></span> <span class='ocrx_word' id='word_1_165' title='bbox 3189 1055 3396 1109; x_wconf 84' lang='grc' dir='ltr'>Τούτου</span> <span class='ocrx_word' id='word_1_166' title='bbox 3415 1057 3524 1127; x_wconf 84' lang='grc' dir='ltr'>γάρ</span> <span class='ocrx_word' id='word_1_167' title='bbox 3555 1059 3725 1128; x_wconf 83' lang='grc' dir='ltr'>χάριν</span> 
     </span>
    </p>
   </div>
   <div class='ocr_carea' id='block_1_26' title="bbox 2128 1147 3729 1221">
    <p class='ocr_par' dir='ltr' id='par_1_26' title="bbox 2128 1147 3729 1221">
     <span class='ocr_line' id='line_1_26' title="bbox 2128 1147 3729 1221; baseline 0.002 -20"><span class='ocrx_word' id='word_1_168' title='bbox 2128 1149 2524 1221; x_wconf 80' lang='grc' dir='ltr'>μετάπεμπτος</span> <span class='ocrx_word' id='word_1_169' title='bbox 2587 1147 2692 1202; x_wconf 79' lang='grc' dir='ltr'>ὑπὸ</span> <span class='ocrx_word' id='word_1_170' title='bbox 2726 1148 2835 1201; x_wconf 85' lang='grc' dir='ltr'>τῶν</span> <span class='ocrx_word' id='word_1_171' title='bbox 2869 1148 3130 1202; x_wconf 74' lang='grc' dir='ltr'>ἐναντίων</span> <span class='ocrx_word' id='word_1_172' title='bbox 3174 1148 3492 1220; x_wconf 81' lang='grc' dir='ltr'>γεγένηται.</span> <span class='ocrx_word' id='word_1_173' title='bbox 3555 1150 3613 1204; x_wconf 88' lang='lat'><strong>&#39;0</strong></span> <span class='ocrx_word' id='word_1_174' title='bbox 3663 1149 3729 1204; x_wconf 78' lang='grc' dir='ltr'>δὲ</span> 
     </span>
    </p>
   </div>
   <div class='ocr_carea' id='block_1_27' title="bbox 2124 1238 3732 1314">
    <p class='ocr_par' dir='ltr' id='par_1_27' title="bbox 2124 1238 3732 1314">
     <span class='ocr_line' id='line_1_27' title="bbox 2124 1238 3732 1314; baseline 0.002 -21"><span class='ocrx_word' id='word_1_175' title='bbox 2124 1238 2478 1310; x_wconf 76' lang='grc' dir='ltr'>πρεσϐύτηςο</span> <span class='ocrx_word' id='word_1_176' title='bbox 2550 1241 2875 1311; x_wconf 70' lang='grc' dir='ltr'>«Θαρσεῖτε,</span> <span class='ocrx_word' id='word_1_177' title='bbox 2926 1239 3054 1310; x_wconf 78' lang='grc' dir='ltr'>ἔφη,</span> <span class='ocrx_word' id='word_1_178' title='bbox 3109 1240 3205 1301; x_wconf 75' lang='grc' dir='ltr'>καὶ</span> <span class='ocrx_word' id='word_1_179' title='bbox 3268 1241 3387 1312; x_wconf 87' lang='grc' dir='ltr'>μεθ’</span> <span class='ocrx_word' id='word_1_180' title='bbox 3428 1242 3586 1314; x_wconf 81' lang='grc' dir='ltr'>ήμῶν</span> <span class='ocrx_word' id='word_1_181' title='bbox 3632 1243 3732 1296; x_wconf 82' lang='grc' dir='ltr'>τὸν</span> 
     </span>
    </p>
   </div>
   <div class='ocr_carea' id='block_1_28' title="bbox 2124 1333 3723 1407">
    <p class='ocr_par' dir='ltr' id='par_1_28' title="bbox 2124 1333 3723 1407">
     <span class='ocr_line' id='line_1_28' title="bbox 2124 1333 3723 1407; baseline 0.002 -19"><span class='ocrx_word' id='word_1_182' title='bbox 2124 1335 2256 1388; x_wconf 71' lang='grc' dir='ltr'>Θεὸν</span> <span class='ocrx_word' id='word_1_183' title='bbox 2297 1333 2639 1399; x_wconf 75' lang='grc' dir='ltr'>ἱκετεύσατε,</span> <span class='ocrx_word' id='word_1_184' title='bbox 2678 1334 2936 1404; x_wconf 78' lang='grc' dir='ltr'>νηστείαν</span> <span class='ocrx_word' id='word_1_185' title='bbox 2975 1335 3071 1388; x_wconf 79' lang='grc' dir='ltr'>καὶ</span> <span class='ocrx_word' id='word_1_186' title='bbox 3104 1334 3407 1405; x_wconf 87' lang='grc' dir='ltr'>κακουχίαν</span> <span class='ocrx_word' id='word_1_187' title='bbox 3435 1338 3502 1407; x_wconf 82' lang='grc' dir='ltr'>τῇ</span> <span class='ocrx_word' id='word_1_188' title='bbox 3540 1355 3723 1407; x_wconf 78' lang='grc' dir='ltr'>προσ-</span> 
     </span>
    </p>
   </div>
   <div class='ocr_carea' id='block_1_29' title="bbox 2124 1424 3732 1498">
    <p class='ocr_par' dir='ltr' id='par_1_29' title="bbox 2124 1424 3732 1498">
     <span class='ocr_line' id='line_1_29' title="bbox 2124 1424 3732 1498; baseline 0.003 -19"><span class='ocrx_word' id='word_1_189' title='bbox 2124 1429 2258 1498; x_wconf 83' lang='grc' dir='ltr'>ευχῇ</span> <span class='ocrx_word' id='word_1_190' title='bbox 2310 1424 2718 1497; x_wconf 81' lang='grc' dir='ltr'>προστιθέντες.</span> <span class='ocrx_word' id='word_1_191' title='bbox 2762 1446 2781 1478; x_wconf 75' lang='grc' dir='ltr'>ι</span> <span class='ocrx_word' id='word_1_192' title='bbox 2820 1425 2980 1480; x_wconf 74' lang='grc' dir='ltr'>Οὕτω</span> <span class='ocrx_word' id='word_1_193' title='bbox 3009 1427 3217 1482; x_wconf 86' lang='grc' dir='ltr'>τούτων</span> <span class='ocrx_word' id='word_1_194' title='bbox 3262 1428 3354 1482; x_wconf 86' lang='grc' dir='ltr'>τὸν</span> <span class='ocrx_word' id='word_1_195' title='bbox 3391 1428 3526 1483; x_wconf 83' lang='grc' dir='ltr'>Θεὸν</span> <span class='ocrx_word' id='word_1_196' title='bbox 3571 1431 3732 1485; x_wconf 86' lang='grc' dir='ltr'>ἀντι-</span> 
     </span>
    </p>
   </div>
   <div class='ocr_carea' id='block_1_30' title="bbox 2125 1515 3731 1592">
    <p class='ocr_par' dir='ltr' id='par_1_30' title="bbox 2125 1515 3731 1592">
     <span class='ocr_line' id='line_1_30' title="bbox 2125 1515 3731 1592; baseline 0.005 -24"><span class='ocrx_word' id='word_1_197' title='bbox 2125 1515 2449 1579; x_wconf 80' lang='grc' dir='ltr'>ϐολούντων,</span> <span class='ocrx_word' id='word_1_198' title='bbox 2493 1516 2599 1587; x_wconf 83' lang='grc' dir='ltr'>πρὸ</span> <span class='ocrx_word' id='word_1_199' title='bbox 2638 1517 2767 1587; x_wconf 80' lang='grc' dir='ltr'>μιᾶς</span> <span class='ocrx_word' id='word_1_200' title='bbox 2796 1516 2896 1587; x_wconf 79' lang='grc' dir='ltr'>τῆς</span> <span class='ocrx_word' id='word_1_201' title='bbox 2930 1517 3292 1590; x_wconf 81' lang='grc' dir='ltr'>πανηγύρεως</span> <span class='ocrx_word' id='word_1_202' title='bbox 3330 1519 3570 1592; x_wconf 76' lang='grc' dir='ltr'>ἡμέρας,</span> <span class='ocrx_word' id='word_1_203' title='bbox 3601 1522 3731 1576; x_wconf 78' lang='grc' dir='ltr'>καθ’</span> 
     </span>
    </p>
   </div>
   <div class='ocr_carea' id='block_1_31' title="bbox 2126 1607 3785 1693">
    <p class='ocr_par' dir='ltr' id='par_1_31' title="bbox 2126 1607 3785 1693">
     <span class='ocr_line' id='line_1_31' title="bbox 2126 1607 3785 1693; baseline 0.006 -34"><span class='ocrx_word' id='word_1_204' title='bbox 2126 1607 2191 1679; x_wconf 82' lang='grc' dir='ltr'>ήν</span> <span class='ocrx_word' id='word_1_205' title='bbox 2225 1608 2417 1680; x_wconf 80' lang='grc' dir='ltr'>ἔμελλε</span> <span class='ocrx_word' id='word_1_206' title='bbox 2464 1609 2590 1672; x_wconf 83' lang='grc' dir='ltr'>τοὺς</span> <span class='ocrx_word' id='word_1_207' title='bbox 2640 1608 2833 1678; x_wconf 92' lang='grc' dir='ltr'>λόγους</span> <span class='ocrx_word' id='word_1_208' title='bbox 2886 1611 3211 1681; x_wconf 77' lang='grc' dir='ltr'>ποιήσεσθαι</span> <span class='ocrx_word' id='word_1_209' title='bbox 3256 1613 3286 1666; x_wconf 85' lang='grc' dir='ltr'>ό</span> <span class='ocrx_word' id='word_1_210' title='bbox 3336 1612 3433 1666; x_wconf 83' lang='grc' dir='ltr'>τοῦ</span> <span class='ocrx_word' id='word_1_211' title='bbox 3491 1614 3735 1685; x_wconf 74' lang='grc' dir='ltr'>ψεύδους</span> <span class='ocrx_word' id='word_1_212' title='bbox 3776 1672 3785 1693; x_wconf 44' lang='grc' dir='ltr'><em>ε</em></span> 
     </span>
    </p>
   </div>
   <div class='ocr_carea' id='block_1_32' title="bbox 2128 1701 3730 1780">
    <p class='ocr_par' dir='ltr' id='par_1_32' title="bbox 2128 1701 3730 1780">
     <span class='ocr_line' id='line_1_32' title="bbox 2128 1701 3730 1780; baseline 0.004 -25"><span class='ocrx_word' id='word_1_213' title='bbox 2128 1706 2450 1773; x_wconf 77' lang='grc' dir='ltr'>συνήγορος,</span> <span class='ocrx_word' id='word_1_214' title='bbox 2517 1702 2612 1755; x_wconf 79' lang='grc' dir='ltr'>καὶ</span> <span class='ocrx_word' id='word_1_215' title='bbox 2667 1701 2768 1770; x_wconf 81' lang='grc' dir='ltr'>τῆς</span> <span class='ocrx_word' id='word_1_216' title='bbox 2823 1701 3084 1773; x_wconf 78' lang='grc' dir='ltr'>ἀληθείας</span> <span class='ocrx_word' id='word_1_217' title='bbox 3121 1703 3405 1775; x_wconf 83' lang='grc' dir='ltr'>πολέμιος,</span> <span class='ocrx_word' id='word_1_218' title='bbox 3458 1706 3730 1780; x_wconf 81' lang='grc' dir='ltr'>θεήλατον</span> 
     </span>
    </p>
   </div>
   <div class='ocr_carea' id='block_1_33' title="bbox 2126 1790 3736 1869">
    <p class='ocr_par' dir='ltr' id='par_1_33' title="bbox 2126 1790 3736 1869">
     <span class='ocr_line' id='line_1_33' title="bbox 2126 1790 3736 1869; baseline 0.002 -23"><span class='ocrx_word' id='word_1_219' title='bbox 2126 1792 2343 1858; x_wconf 80' lang='grc' dir='ltr'>ἐδέξατο</span> <span class='ocrx_word' id='word_1_220' title='bbox 2394 1790 2493 1863; x_wconf 80' lang='grc' dir='ltr'>τὴν</span> <span class='ocrx_word' id='word_1_221' title='bbox 2550 1791 2785 1864; x_wconf 79' lang='grc' dir='ltr'>πληγήν,</span> <span class='ocrx_word' id='word_1_222' title='bbox 2841 1793 2936 1846; x_wconf 79' lang='grc' dir='ltr'>καὶ</span> <span class='ocrx_word' id='word_1_223' title='bbox 2978 1793 3110 1863; x_wconf 89' lang='grc' dir='ltr'>μίαν</span> <span class='ocrx_word' id='word_1_224' title='bbox 3147 1794 3318 1865; x_wconf 87' lang='grc' dir='ltr'>μόνην</span> <span class='ocrx_word' id='word_1_225' title='bbox 3360 1792 3736 1869; x_wconf 72' lang='grc' dir='ltr'>ἀρρωστήσας</span> 
     </span>
    </p>
   </div>
   <div class='ocr_carea' id='block_1_34' title="bbox 423 1876 2034 1962">
    <p class='ocr_par' dir='ltr' id='par_1_34' title="bbox 423 1892 2022 1962">
     <span class='ocr_line' id='line_1_34' title="bbox 423 1892 2022 1962; baseline -0.004 -10"><span class='ocrx_word' id='word_1_226' title='bbox 423 1897 533 1952; x_wconf 67' lang='lat' dir='ltr'><strong>tibi</strong></span> <span class='ocrx_word' id='word_1_227' title='bbox 581 1902 773 1960; x_wconf 87' lang='lat' dir='ltr'><strong>erunt,</strong></span> <span class='ocrx_word' id='word_1_228' title='bbox 806 1902 862 1950; x_wconf 91' lang='lat' dir='ltr'>et</span> <span class='ocrx_word' id='word_1_229' title='bbox 896 1909 1008 1949; x_wconf 90' lang='lat' dir='ltr'>non</span> <span class='ocrx_word' id='word_1_230' title='bbox 1056 1894 1152 1948; x_wconf 91' lang='lat' dir='ltr'><strong>alii</strong></span> <span class='ocrx_word' id='word_1_231' title='bbox 1173 1905 1222 1949; x_wconf 77' lang='grc' dir='ltr'>ι.</span> <span class='ocrx_word' id='word_1_232' title='bbox 1250 1912 1269 1946; x_wconf 72' lang='grc' dir='ltr'>ι</span> <span class='ocrx_word' id='word_1_233' title='bbox 1316 1892 1519 1947; x_wconf 80' lang='lat' dir='ltr'><strong>Eadem</strong></span> <span class='ocrx_word' id='word_1_234' title='bbox 1553 1896 1570 1914; x_wconf 82' lang='lat'><strong>&#39;</strong></span> <span class='ocrx_word' id='word_1_235' title='bbox 1604 1893 1790 1962; x_wconf 81' lang='lat' dir='ltr'><strong>itaque</strong></span> <span class='ocrx_word' id='word_1_236' title='bbox 1824 1906 2022 1961; x_wconf 89' lang='lat' dir='ltr'><strong>passus</strong></span> 
     </span>
    </p>
   </div>
   <div class='ocr_carea' id='block_1_35' title="bbox 2139 1876 3732 1962">
    <p class='ocr_par' dir='ltr' id='par_1_35' title="bbox 2139 1883 3732 1959">
     <span class='ocr_line' id='line_1_35' title="bbox 2139 1883 3732 1959; baseline 0.003 -20"><span class='ocrx_word' id='word_1_237' title='bbox 2139 1887 2358 1959; x_wconf 67' lang='grc' dir='ltr'>ήμὲραν,</span> <span class='ocrx_word' id='word_1_238' title='bbox 2431 1883 2535 1948; x_wconf 74' lang='grc' dir='ltr'>ἔξω</span> <span class='ocrx_word' id='word_1_239' title='bbox 2578 1883 2674 1937; x_wconf 81' lang='grc' dir='ltr'>τοῦ</span> <span class='ocrx_word' id='word_1_240' title='bbox 2727 1884 3029 1955; x_wconf 77' lang='grc' dir='ltr'>καταλόγου</span> <span class='ocrx_word' id='word_1_241' title='bbox 3064 1887 3172 1940; x_wconf 84' lang='grc' dir='ltr'>τών</span> <span class='ocrx_word' id='word_1_242' title='bbox 3214 1886 3436 1951; x_wconf 80' lang='grc' dir='ltr'>ζώντων</span> <span class='ocrx_word' id='word_1_243' title='bbox 3480 1890 3732 1958; x_wconf 68' lang='grc' dir='ltr'>ἐγένετο,</span> 
     </span>
    </p>
   </div>
   <div class='ocr_carea' id='block_1_36' title="bbox 431 1983 2021 2058">
    <p class='ocr_par' dir='ltr' id='par_1_36' title="bbox 431 1983 2021 2058">
     <span class='ocr_line' id='line_1_36' title="bbox 431 1983 2021 2058; baseline -0.006 -14"><span class='ocrx_word' id='word_1_244' title='bbox 431 1998 514 2046; x_wconf 89' lang='lat' dir='ltr'>est</span> <span class='ocrx_word' id='word_1_245' title='bbox 540 1995 664 2058; x_wconf 68' lang='lat' dir='ltr'><strong>qua:</strong></span> <span class='ocrx_word' id='word_1_246' title='bbox 688 1987 930 2052; x_wconf 88' lang='lat' dir='ltr'><strong>Balaam,</strong></span> <span class='ocrx_word' id='word_1_247' title='bbox 967 1986 1064 2058; x_wconf 90' lang='lat' dir='ltr'><strong>qui</strong></span> <span class='ocrx_word' id='word_1_248' title='bbox 1095 1993 1152 2041; x_wconf 91' lang='lat' dir='ltr'>et</span> <span class='ocrx_word' id='word_1_249' title='bbox 1186 1985 1307 2057; x_wconf 89' lang='lat' dir='ltr'><strong>ipse</strong></span> <span class='ocrx_word' id='word_1_250' title='bbox 1332 1984 1605 2040; x_wconf 85' lang='lat' dir='ltr'><strong>adversus</strong></span> <span class='ocrx_word' id='word_1_251' title='bbox 1634 1983 1730 2039; x_wconf 86' lang='lat' dir='ltr'>Dei</span> <span class='ocrx_word' id='word_1_252' title='bbox 1759 1988 2021 2055; x_wconf 86' lang='lat' dir='ltr'><strong>populum</strong></span> 
     </span>
    </p>
   </div>
   <div class='ocr_carea' id='block_1_37' title="bbox 431 2076 2026 2147">
    <p class='ocr_par' dir='ltr' id='par_1_37' title="bbox 431 2076 2026 2147">
     <span class='ocr_line' id='line_1_37' title="bbox 431 2076 2026 2147; baseline -0.003 -13"><span class='ocrx_word' id='word_1_253' title='bbox 431 2082 762 2146; x_wconf 89' lang='lat' dir='ltr'><strong>accersitus,</strong></span> <span class='ocrx_word' id='word_1_254' title='bbox 810 2088 1008 2135; x_wconf 84' lang='lat' dir='ltr'><strong>contra</strong></span> <span class='ocrx_word' id='word_1_255' title='bbox 1056 2078 1213 2134; x_wconf 89' lang='lat' dir='ltr'><strong>illum</strong></span> <span class='ocrx_word' id='word_1_256' title='bbox 1262 2078 1429 2147; x_wconf 84' lang='lat' dir='ltr'><strong>impia</strong></span> <span class='ocrx_word' id='word_1_257' title='bbox 1480 2076 1731 2147; x_wconf 75' lang='lat' dir='ltr'><strong>quaedam</strong></span> <span class='ocrx_word' id='word_1_258' title='bbox 1789 2078 2026 2132; x_wconf 89' lang='lat' dir='ltr'><strong>consilia</strong></span> 
     </span>
    </p>
   </div>
   <div class='ocr_carea' id='block_1_38' title="bbox 428 2169 2028 2239">
    <p class='ocr_par' dir='ltr' id='par_1_38' title="bbox 428 2169 2028 2239">
     <span class='ocr_line' id='line_1_38' title="bbox 428 2169 2028 2239; baseline -0.003 -11"><span class='ocrx_word' id='word_1_259' title='bbox 428 2173 632 2229; x_wconf 78' lang='lat' dir='ltr'><strong>Balaco</strong></span> <span class='ocrx_word' id='word_1_260' title='bbox 659 2187 784 2227; x_wconf 91' lang='lat' dir='ltr'>cum</span> <span class='ocrx_word' id='word_1_261' title='bbox 816 2171 1086 2236; x_wconf 85' lang='lat' dir='ltr'>dedisset,</span> <span class='ocrx_word' id='word_1_262' title='bbox 1115 2169 1421 2226; x_wconf 87' lang='lat' dir='ltr'><strong>Israelitica</strong></span> <span class='ocrx_word' id='word_1_263' title='bbox 1452 2169 1646 2225; x_wconf 80' lang='lat' dir='ltr'><strong>dextra</strong></span> <span class='ocrx_word' id='word_1_264' title='bbox 1697 2184 1877 2224; x_wconf 81' lang='lat' dir='ltr'><strong>caesus</strong></span> <span class='ocrx_word' id='word_1_265' title='bbox 1910 2183 2028 2239; x_wconf 72' lang='lat' dir='ltr'>pm-</span> 
     </span>
    </p>
   </div>
   <div class='ocr_carea' id='block_1_39' title="bbox 434 2260 2031 2336">
    <p class='ocr_par' dir='ltr' id='par_1_39' title="bbox 434 2260 2031 2336">
     <span class='ocr_line' id='line_1_39' title="bbox 434 2260 2031 2336; baseline -0.004 -15"><span class='ocrx_word' id='word_1_266' title='bbox 434 2284 535 2323; x_wconf 88' lang='lat' dir='ltr'>nas</span> <span class='ocrx_word' id='word_1_267' title='bbox 561 2265 735 2322; x_wconf 80' lang='lat' dir='ltr'><strong>dedit.</strong></span> <span class='ocrx_word' id='word_1_268' title='bbox 762 2263 859 2320; x_wconf 89' lang='lat' dir='ltr'><strong>Sic</strong></span> <span class='ocrx_word' id='word_1_269' title='bbox 888 2277 1020 2336; x_wconf 78' lang='lat' dir='ltr'><strong>ergo</strong></span> <span class='ocrx_word' id='word_1_270' title='bbox 1052 2264 1160 2319; x_wconf 89' lang='lat' dir='ltr'><strong>iste</strong></span> <span class='ocrx_word' id='word_1_271' title='bbox 1189 2263 1247 2317; x_wconf 91' lang='lat' dir='ltr'>in</span> <span class='ocrx_word' id='word_1_272' title='bbox 1288 2260 1385 2317; x_wconf 87' lang='lat' dir='ltr'>Dei</span> <span class='ocrx_word' id='word_1_273' title='bbox 1416 2261 1878 2332; x_wconf 76' lang='lat' dir='ltr'><strong>populnm&#39;prava</strong></span> <span class='ocrx_word' id='word_1_274' title='bbox 1913 2277 2031 2314; x_wconf 86' lang='lat' dir='ltr'><strong>me-</strong></span> 
     </span>
    </p>
   </div>
   <div class='ocr_carea' id='block_1_40' title="bbox 433 2352 2033 2427">
    <p class='ocr_par' dir='ltr' id='par_1_40' title="bbox 433 2352 2033 2427">
     <span class='ocr_line' id='line_1_40' title="bbox 433 2352 2033 2427; baseline -0.005 -12"><span class='ocrx_word' id='word_1_275' title='bbox 433 2361 671 2422; x_wconf 89' lang='lat' dir='ltr'><strong>ditatus,</strong></span> <span class='ocrx_word' id='word_1_276' title='bbox 725 2358 838 2412; x_wconf 76' lang='lat' dir='ltr'><strong>vita</strong></span> <span class='ocrx_word' id='word_1_277' title='bbox 887 2370 985 2427; x_wconf 86' lang='lat' dir='ltr'>per</span> <span class='ocrx_word' id='word_1_278' title='bbox 1014 2354 1111 2411; x_wconf 85' lang='lat' dir='ltr'>Dei</span> <span class='ocrx_word' id='word_1_279' title='bbox 1143 2356 1414 2426; x_wconf 88' lang='lat' dir='ltr'><strong>populum</strong></span> <span class='ocrx_word' id='word_1_280' title='bbox 1457 2355 1708 2425; x_wconf 89' lang='lat' dir='ltr'><strong>privatus</strong></span> <span class='ocrx_word' id='word_1_281' title='bbox 1758 2362 1866 2409; x_wconf 91' lang='lat' dir='ltr'><strong>est.</strong></span> <span class='ocrx_word' id='word_1_282' title='bbox 1918 2352 2033 2407; x_wconf 91' lang='lat' dir='ltr'><strong>lloc</strong></span> 
     </span>
    </p>
   </div>
   <div class='ocr_carea' id='block_1_41' title="bbox 439 2444 2031 2521">
    <p class='ocr_par' dir='ltr' id='par_1_41' title="bbox 439 2444 2031 2521">
     <span class='ocr_line' id='line_1_41' title="bbox 439 2444 2031 2521; baseline -0.005 -16"><span class='ocrx_word' id='word_1_283' title='bbox 439 2461 622 2505; x_wconf 83' lang='lat' dir='ltr'><strong>autem</strong></span> <span class='ocrx_word' id='word_1_284' title='bbox 653 2449 872 2521; x_wconf 73' lang='lat'>1136</span> <span class='ocrx_word' id='word_1_285' title='bbox 910 2446 1242 2504; x_wconf 76' lang='lat' dir='ltr'><strong>beneﬁcium</strong></span> <span class='ocrx_word' id='word_1_286' title='bbox 1268 2462 1365 2518; x_wconf 90' lang='lat' dir='ltr'>per</span> <span class='ocrx_word' id='word_1_287' title='bbox 1390 2446 1555 2515; x_wconf 83' lang='lat' dir='ltr'><strong>hujus</strong></span> <span class='ocrx_word' id='word_1_288' title='bbox 1579 2444 2031 2501; x_wconf 81' lang='lat' dir='ltr'><strong>intercessionem</strong></span> 
     </span>
    </p>
   </div>
   <div class='ocr_carea' id='block_1_42' title="bbox 434 2537 2035 2616">
    <p class='ocr_par' dir='ltr' id='par_1_42' title="bbox 434 2537 2035 2616">
     <span class='ocr_line' id='line_1_42' title="bbox 434 2537 2035 2616; baseline -0.004 -19"><span class='ocrx_word' id='word_1_289' title='bbox 434 2545 615 2616; x_wconf 79' lang='lat' dir='ltr'><strong>Cyrus</strong></span> <span class='ocrx_word' id='word_1_290' title='bbox 645 2542 885 2611; x_wconf 88' lang='lat' dir='ltr'><strong>accepit.</strong></span> <span class='ocrx_word' id='word_1_291' title='bbox 918 2538 1052 2595; x_wconf 73' lang='lat' dir='ltr'><strong>Milli</strong></span> <span class='ocrx_word' id='word_1_292' title='bbox 1096 2553 1232 2595; x_wconf 90' lang='lat' dir='ltr'><strong>vero</strong></span> <span class='ocrx_word' id='word_1_293' title='bbox 1278 2539 1387 2593; x_wconf 84' lang='lat' dir='ltr'><strong>ista</strong></span> <span class='ocrx_word' id='word_1_294' title='bbox 1431 2554 1557 2609; x_wconf 73' lang='lat' dir='ltr'><strong>qua:</strong></span> <span class='ocrx_word' id='word_1_295' title='bbox 1607 2539 1854 2600; x_wconf 84' lang='lat' dir='ltr'><strong>narravi,</strong></span> <span class='ocrx_word' id='word_1_296' title='bbox 1889 2537 2035 2591; x_wconf 87' lang='lat' dir='ltr'><strong>divi-</strong></span> 
     </span>
    </p>
   </div>
   <div class='ocr_carea' id='block_1_43' title="bbox 438 2630 2035 2705">
    <p class='ocr_par' dir='ltr' id='par_1_43' title="bbox 438 2630 2035 2705">
     <span class='ocr_line' id='line_1_43' title="bbox 438 2630 2035 2705; baseline -0.002 -16"><span class='ocrx_word' id='word_1_297' title='bbox 438 2653 569 2690; x_wconf 90' lang='lat' dir='ltr'><strong>num</strong></span> <span class='ocrx_word' id='word_1_298' title='bbox 604 2635 740 2690; x_wconf 92' lang='lat' dir='ltr'><strong>illud</strong></span> <span class='ocrx_word' id='word_1_299' title='bbox 765 2641 963 2705; x_wconf 77' lang='lat' dir='ltr'><strong>caput,</strong></span> <span class='ocrx_word' id='word_1_300' title='bbox 990 2647 1225 2704; x_wconf 82' lang='lat' dir='ltr'><strong>magnus</strong></span> <span class='ocrx_word' id='word_1_301' title='bbox 1272 2632 1505 2687; x_wconf 81' lang='lat' dir='ltr'><strong>tradidit</strong></span> <span class='ocrx_word' id='word_1_302' title='bbox 1529 2630 1797 2692; x_wconf 81' lang='lat' dir='ltr'><strong>Acacius.</strong></span> <span class='ocrx_word' id='word_1_303' title='bbox 1827 2631 1922 2701; x_wconf 91' lang='lat' dir='ltr'>qni</span> <span class='ocrx_word' id='word_1_304' title='bbox 1948 2645 2035 2686; x_wconf 88' lang='lat' dir='ltr'>res</span> 
     </span>
    </p>
   </div>
   <div class='ocr_carea' id='block_1_44' title="bbox 435 2724 2034 2799">
    <p class='ocr_par' dir='ltr' id='par_1_44' title="bbox 435 2724 2034 2799">
     <span class='ocr_line' id='line_1_44' title="bbox 435 2724 2034 2799; baseline -0.004 -15"><span class='ocrx_word' id='word_1_305' title='bbox 435 2730 562 2799; x_wconf 85' lang='lat' dir='ltr'><strong>ejus</strong></span> <span class='ocrx_word' id='word_1_306' title='bbox 586 2743 782 2783; x_wconf 89' lang='lat' dir='ltr'><strong>omnes</strong></span> <span class='ocrx_word' id='word_1_307' title='bbox 814 2734 1076 2782; x_wconf 82' lang='lat' dir='ltr'><strong>accurate</strong></span> <span class='ocrx_word' id='word_1_308' title='bbox 1105 2734 1362 2780; x_wconf 87' lang='lat' dir='ltr'><strong>noverat.</strong></span> <span class='ocrx_word' id='word_1_309' title='bbox 1394 2724 1549 2778; x_wconf 90' lang='lat' dir='ltr'><strong>Illinc</strong></span> <span class='ocrx_word' id='word_1_310' title='bbox 1568 2740 1701 2795; x_wconf 73' lang='lat' dir='ltr'><strong>ergo</strong></span> <span class='ocrx_word' id='word_1_311' title='bbox 1725 2725 2034 2794; x_wconf 73' lang='lat' dir='ltr'><strong>digressus,</strong></span> 
     </span>
    </p>
   </div>
   <div class='ocr_carea' id='block_1_45' title="bbox 439 2816 2037 2888">
    <p class='ocr_par' dir='ltr' id='par_1_45' title="bbox 439 2816 2037 2888">
     <span class='ocr_line' id='line_1_45' title="bbox 439 2816 2037 2888; baseline -0.004 -12"><span class='ocrx_word' id='word_1_312' title='bbox 439 2823 506 2876; x_wconf 88' lang='lat' dir='ltr'>ad</span> <span class='ocrx_word' id='word_1_313' title='bbox 526 2820 748 2877; x_wconf 83' lang='lat' dir='ltr'><strong>sodales</strong></span> <span class='ocrx_word' id='word_1_314' title='bbox 772 2834 907 2875; x_wconf 87' lang='lat' dir='ltr'><strong>suos</strong></span> <span class='ocrx_word' id='word_1_315' title='bbox 938 2833 1065 2874; x_wconf 89' lang='lat' dir='ltr'>cum</span> <span class='ocrx_word' id='word_1_316' title='bbox 1090 2819 1458 2888; x_wconf 81' lang='lat' dir='ltr'><strong>pervenisset,</strong></span> <span class='ocrx_word' id='word_1_317' title='bbox 1492 2825 1658 2887; x_wconf 85' lang='lat' dir='ltr'><strong>atque</strong></span> <span class='ocrx_word' id='word_1_318' title='bbox 1680 2831 1789 2871; x_wconf 87' lang='lat' dir='ltr'>una</span> <span class='ocrx_word' id='word_1_319' title='bbox 1812 2830 1938 2870; x_wconf 89' lang='lat' dir='ltr'>cum</span> <span class='ocrx_word' id='word_1_320' title='bbox 1954 2816 2037 2870; x_wconf 87' lang='lat' dir='ltr'><strong>eis</strong></span> 
     </span>
    </p>
   </div>
   <div class='ocr_carea' id='block_1_46' title="bbox 441 2908 2035 2984">
    <p class='ocr_par' dir='ltr' id='par_1_46' title="bbox 441 2908 2035 2984">
     <span class='ocr_line' id='line_1_46' title="bbox 441 2908 2035 2984; baseline -0.003 -19"><span class='ocrx_word' id='word_1_321' title='bbox 441 2928 551 2968; x_wconf 92' lang='lat' dir='ltr'><strong>non</strong></span> <span class='ocrx_word' id='word_1_322' title='bbox 582 2914 786 2983; x_wconf 75' lang='lat' dir='ltr'><strong>exiguo</strong></span> <span class='ocrx_word' id='word_1_323' title='bbox 818 2920 1070 2984; x_wconf 88' lang='lat' dir='ltr'><strong>tempore</strong></span> <span class='ocrx_word' id='word_1_324' title='bbox 1101 2916 1359 2965; x_wconf 85' lang='lat' dir='ltr'><strong>versatus</strong></span> <span class='ocrx_word' id='word_1_325' title='bbox 1394 2919 1561 2973; x_wconf 80' lang='lat' dir='ltr'><strong>esset,</strong></span> <span class='ocrx_word' id='word_1_326' title='bbox 1592 2908 1660 2962; x_wconf 86' lang='lat' dir='ltr'>ad</span> <span class='ocrx_word' id='word_1_327' title='bbox 1689 2909 1855 2963; x_wconf 88' lang='lat' dir='ltr'><strong>vitam</strong></span> <span class='ocrx_word' id='word_1_328' title='bbox 1890 2909 2035 2965; x_wconf 86' lang='lat' dir='ltr'><strong>senii</strong></span> 
     </span>
    </p>
   </div>
   <div class='ocr_carea' id='block_1_47' title="bbox 441 2985 2037 3073">
    <p class='ocr_par' dir='ltr' id='par_1_47' title="bbox 441 2985 2037 3073">
     <span class='ocr_line' id='line_1_47' title="bbox 441 2985 2037 3073; baseline -0.002 -16"><span class='ocrx_word' id='word_1_329' title='bbox 441 3018 508 3057; x_wconf 87' lang='lat' dir='ltr'>ac</span> <span class='ocrx_word' id='word_1_330' title='bbox 537 3003 806 3060; x_wconf 79' lang='lat' dir='ltr'><strong>molestia:</strong></span> <span class='ocrx_word' id='word_1_331' title='bbox 835 3009 1119 3073; x_wconf 82' lang='lat' dir='ltr'><strong>expertem</strong></span> <span class='ocrx_word' id='word_1_332' title='bbox 1171 2985 1432 3056; x_wconf 79' lang='lat' dir='ltr'><strong>alacriter</strong></span> <span class='ocrx_word' id='word_1_333' title='bbox 1465 3000 1741 3071; x_wconf 73' lang='lat' dir='ltr'><strong>migravit,</strong></span> <span class='ocrx_word' id='word_1_334' title='bbox 1773 3000 2037 3072; x_wconf 80' lang='lat' dir='ltr'><strong>impassi-</strong></span> 
     </span>
    </p>
   </div>
   <div class='ocr_carea' id='block_1_48' title="bbox 442 3092 2038 3161">
    <p class='ocr_par' dir='ltr' id='par_1_48' title="bbox 442 3092 2038 3161">
     <span class='ocr_line' id='line_1_48' title="bbox 442 3092 2038 3161; baseline -0.001 -14"><span class='ocrx_word' id='word_1_335' title='bbox 442 3093 714 3151; x_wconf 87' lang='lat' dir='ltr'><strong>bilitatem</strong></span> <span class='ocrx_word' id='word_1_336' title='bbox 750 3093 805 3148; x_wconf 88' lang='lat' dir='ltr'>in</span> <span class='ocrx_word' id='word_1_337' title='bbox 840 3092 1062 3147; x_wconf 87' lang='lat' dir='ltr'><strong>mortali</strong></span> <span class='ocrx_word' id='word_1_338' title='bbox 1090 3100 1291 3146; x_wconf 85' lang='lat' dir='ltr'><strong>natura</strong></span> <span class='ocrx_word' id='word_1_339' title='bbox 1333 3097 1719 3156; x_wconf 86' lang='lat' dir='ltr'><strong>consectatus,</strong></span> <span class='ocrx_word' id='word_1_340' title='bbox 1750 3093 2038 3161; x_wconf 85' lang='lat' dir='ltr'><strong>corporis-</strong></span> 
     </span>
    </p>
   </div>
   <div class='ocr_carea' id='block_1_49' title="bbox 439 3184 2037 3257">
    <p class='ocr_par' dir='ltr' id='par_1_49' title="bbox 439 3184 2037 3257">
     <span class='ocr_line' id='line_1_49' title="bbox 439 3184 2037 3257; baseline -0.001 -19"><span class='ocrx_word' id='word_1_341' title='bbox 439 3202 549 3257; x_wconf 83' lang='lat' dir='ltr'>que</span> <span class='ocrx_word' id='word_1_342' title='bbox 576 3186 1049 3241; x_wconf 81' lang='lat' dir='ltr'><strong>immortalitatem</strong></span> <span class='ocrx_word' id='word_1_343' title='bbox 1076 3192 1432 3253; x_wconf 80' lang='lat' dir='ltr'><strong>exspectans.</strong></span> <span class='ocrx_word' id='word_1_344' title='bbox 1464 3185 1533 3237; x_wconf 78' lang='lat' dir='ltr'><strong>At</strong></span> <span class='ocrx_word' id='word_1_345' title='bbox 1560 3197 1662 3253; x_wconf 81' lang='lat' dir='ltr'>ego</span> <span class='ocrx_word' id='word_1_346' title='bbox 1687 3198 1821 3239; x_wconf 85' lang='lat' dir='ltr'><strong>meae</strong></span> <span class='ocrx_word' id='word_1_347' title='bbox 1852 3184 1921 3238; x_wconf 91' lang='lat' dir='ltr'>de</span> <span class='ocrx_word' id='word_1_348' title='bbox 1946 3184 2037 3237; x_wconf 91' lang='lat' dir='ltr'><strong>illo</strong></span> 
     </span>
    </p>
   </div>
   <div class='ocr_carea' id='block_1_50' title="bbox 442 3269 2033 3342">
    <p class='ocr_par' dir='ltr' id='par_1_50' title="bbox 442 3269 2033 3342">
     <span class='ocr_line' id='line_1_50' title="bbox 442 3269 2033 3342; baseline -0.001 -13"><span class='ocrx_word' id='word_1_349' title='bbox 442 3274 794 3329; x_wconf 85' lang='lat' dir='ltr'><strong>narrationis</strong></span> <span class='ocrx_word' id='word_1_350' title='bbox 848 3273 1014 3328; x_wconf 83' lang='lat' dir='ltr'><strong>finem</strong></span> <span class='ocrx_word' id='word_1_351' title='bbox 1046 3273 1138 3327; x_wconf 85' lang='lat' dir='ltr'><strong>hic</strong></span> <span class='ocrx_word' id='word_1_352' title='bbox 1170 3273 1406 3335; x_wconf 87' lang='lat' dir='ltr'><strong>faciens,</strong></span> <span class='ocrx_word' id='word_1_353' title='bbox 1441 3269 1509 3325; x_wconf 87' lang='lat' dir='ltr'>ad</span> <span class='ocrx_word' id='word_1_354' title='bbox 1564 3273 1735 3326; x_wconf 89' lang='lat' dir='ltr'><strong>alium</strong></span> <span class='ocrx_word' id='word_1_355' title='bbox 1791 3288 2033 3342; x_wconf 79' lang='lat' dir='ltr'><strong>pergam,</strong></span> 
     </span>
    </p>
   </div>
   <div class='ocr_carea' id='block_1_51' title="bbox 441 3363 2038 3436">
    <p class='ocr_par' dir='ltr' id='par_1_51' title="bbox 441 3363 2038 3436">
     <span class='ocr_line' id='line_1_51' title="bbox 441 3363 2038 3436; baseline 0.001 -17"><span class='ocrx_word' id='word_1_356' title='bbox 441 3383 459 3418; x_wconf 64' lang='grc' dir='ltr'>ε</span> <span class='ocrx_word' id='word_1_357' title='bbox 476 3376 672 3420; x_wconf 89' lang='lat' dir='ltr'><strong>anctos</strong></span> <span class='ocrx_word' id='word_1_358' title='bbox 687 3379 857 3421; x_wconf 84' lang='lat' dir='ltr'><strong>orans</strong></span> <span class='ocrx_word' id='word_1_359' title='bbox 879 3378 1021 3436; x_wconf 88' lang='lat' dir='ltr'><strong>quos</strong></span> <span class='ocrx_word' id='word_1_360' title='bbox 1047 3364 1504 3426; x_wconf 83' lang='lat' dir='ltr'><strong>commemoravi,</strong></span> <span class='ocrx_word' id='word_1_361' title='bbox 1532 3363 1664 3418; x_wconf 82' lang='lat' dir='ltr'><strong>milii</strong></span> <span class='ocrx_word' id='word_1_362' title='bbox 1686 3371 1745 3418; x_wconf 94' lang='lat' dir='ltr'>ut</span> <span class='ocrx_word' id='word_1_363' title='bbox 1770 3380 1864 3434; x_wconf 86' lang='lat' dir='ltr'>per</span> <span class='ocrx_word' id='word_1_364' title='bbox 1881 3381 2038 3421; x_wconf 90' lang='lat' dir='ltr'><strong>suam</strong></span> 
     </span>
    </p>
   </div>
   <div class='ocr_carea' id='block_1_52' title="bbox 445 3455 2039 3527">
    <p class='ocr_par' dir='ltr' id='par_1_52' title="bbox 445 3455 2039 3527">
     <span class='ocr_line' id='line_1_52' title="bbox 445 3455 2039 3527; baseline 0 -16"><span class='ocrx_word' id='word_1_365' title='bbox 445 3457 906 3513; x_wconf 87' lang='lat' dir='ltr'><strong>intercessionem</strong></span> <span class='ocrx_word' id='word_1_366' title='bbox 927 3470 1226 3527; x_wconf 84' lang='lat' dir='ltr'><strong>supernam</strong></span> <span class='ocrx_word' id='word_1_367' title='bbox 1249 3455 1693 3511; x_wconf 84' lang='lat' dir='ltr'><strong>benevolentiam</strong></span> <span class='ocrx_word' id='word_1_368' title='bbox 1718 3457 2039 3517; x_wconf 88' lang='lat' dir='ltr'><strong>concilient.</strong></span> 
     </span>
    </p>
   </div>
   <div class='ocr_carea' id='block_1_53' title="bbox 2128 1977 3735 2052">
    <p class='ocr_par' dir='ltr' id='par_1_53' title="bbox 2128 1977 3735 2052">
     <span class='ocr_line' id='line_1_53' title="bbox 2128 1977 3735 2052; baseline -0.002 -15"><span class='ocrx_word' id='word_1_369' title='bbox 2128 1981 2342 2051; x_wconf 69' lang='grc' dir='ltr'>ἐκείνης</span> <span class='ocrx_word' id='word_1_370' title='bbox 2381 1978 2618 2044; x_wconf 88' lang='grc' dir='ltr'>ἀκούων,</span> <span class='ocrx_word' id='word_1_371' title='bbox 2671 1978 2749 2043; x_wconf 83' lang='grc' dir='ltr'>ὡς</span> <span class='ocrx_word' id='word_1_372' title='bbox 2805 1978 2975 2042; x_wconf 82' lang='grc' dir='ltr'>είκδς,</span> <span class='ocrx_word' id='word_1_373' title='bbox 3021 1977 3123 2049; x_wconf 82' lang='grc' dir='ltr'>τῆς</span> <span class='ocrx_word' id='word_1_374' title='bbox 3174 1980 3395 2049; x_wconf 81' lang='grc' dir='ltr'>φωνῆς·</span> <span class='ocrx_word' id='word_1_375' title='bbox 3456 1981 3735 2052; x_wconf 68' lang='grc' dir='ltr'>ε’Δφρον,</span> 
     </span>
    </p>
   </div>
   <div class='ocr_carea' id='block_1_54' title="bbox 2127 2069 3735 2144">
    <p class='ocr_par' dir='ltr' id='par_1_54' title="bbox 2127 2069 3735 2144">
     <span class='ocr_line' id='line_1_54' title="bbox 2127 2069 3735 2144; baseline 0 -18"><span class='ocrx_word' id='word_1_376' title='bbox 2127 2073 2303 2144; x_wconf 73' lang='grc' dir='ltr'>ταύτῃ</span> <span class='ocrx_word' id='word_1_377' title='bbox 2334 2074 2399 2143; x_wconf 84' lang='grc' dir='ltr'>τῇ</span> <span class='ocrx_word' id='word_1_378' title='bbox 2428 2072 2585 2124; x_wconf 78' lang='grc' dir='ltr'>νυκτὶ</span> <span class='ocrx_word' id='word_1_379' title='bbox 2626 2069 2919 2125; x_wconf 81' lang='grc' dir='ltr'>ἀπαιτοῦσι</span> <span class='ocrx_word' id='word_1_380' title='bbox 2950 2070 3049 2141; x_wconf 85' lang='grc' dir='ltr'>τὴν</span> <span class='ocrx_word' id='word_1_381' title='bbox 3080 2069 3260 2142; x_wconf 82' lang='grc' dir='ltr'>ψυχήν</span> <span class='ocrx_word' id='word_1_382' title='bbox 3308 2087 3402 2124; x_wconf 90' lang='grc' dir='ltr'>σου</span> <span class='ocrx_word' id='word_1_383' title='bbox 3447 2071 3558 2125; x_wconf 80' lang='grc' dir='ltr'>ἀπὸ</span> <span class='ocrx_word' id='word_1_384' title='bbox 3592 2071 3688 2126; x_wconf 79' lang='grc' dir='ltr'>σοῦ</span> <span class='ocrx_word' id='word_1_385' title='bbox 3715 2087 3735 2104; x_wconf 72' lang='grc'>⁸</span> 
     </span>
    </p>
   </div>
   <div class='ocr_carea' id='block_1_55' title="bbox 2129 2163 3731 2235">
    <p class='ocr_par' dir='ltr' id='par_1_55' title="bbox 2129 2163 3731 2235">
     <span class='ocr_line' id='line_1_55' title="bbox 2129 2163 3731 2235; baseline -0.001 -15"><span class='ocrx_word' id='word_1_386' title='bbox 2129 2165 2168 2220; x_wconf 81' lang='grc' dir='ltr'>ἃ.</span> <span class='ocrx_word' id='word_1_387' title='bbox 2195 2165 2252 2218; x_wconf 75' lang='grc' dir='ltr'>δὲ</span> <span class='ocrx_word' id='word_1_388' title='bbox 2285 2163 2591 2235; x_wconf 82' lang='grc' dir='ltr'>ἡτοίμασας</span> <span class='ocrx_word' id='word_1_389' title='bbox 2617 2163 2785 2229; x_wconf 86' lang='grc' dir='ltr'>κακά,</span> <span class='ocrx_word' id='word_1_390' title='bbox 2833 2163 3029 2217; x_wconf 80' lang='grc' dir='ltr'>δίκτυά</span> <span class='ocrx_word' id='word_1_391' title='bbox 3070 2180 3128 2217; x_wconf 86' lang='grc' dir='ltr'>τε</span> <span class='ocrx_word' id='word_1_392' title='bbox 3164 2164 3260 2217; x_wconf 72' lang='grc' dir='ltr'>καὶ</span> <span class='ocrx_word' id='word_1_393' title='bbox 3290 2165 3606 2235; x_wconf 86' lang='grc' dir='ltr'>πανάγρας,</span> <span class='ocrx_word' id='word_1_394' title='bbox 3641 2165 3731 2220; x_wconf 66' lang='grc' dir='ltr'>σοι</span> 
     </span>
    </p>
   </div>
   <div class='ocr_carea' id='block_1_56' title="bbox 2132 2255 3734 2329">
    <p class='ocr_par' dir='ltr' id='par_1_56' title="bbox 2132 2255 3734 2329">
     <span class='ocr_line' id='line_1_56' title="bbox 2132 2255 3734 2329; baseline -0.001 -17"><span class='ocrx_word' id='word_1_395' title='bbox 2132 2258 2285 2312; x_wconf 80' lang='grc' dir='ltr'>ἔσται</span> <span class='ocrx_word' id='word_1_396' title='bbox 2316 2259 2412 2311; x_wconf 74' lang='grc' dir='ltr'>καὶ</span> <span class='ocrx_word' id='word_1_397' title='bbox 2461 2257 2560 2328; x_wconf 84' lang='grc' dir='ltr'>ούχ</span> <span class='ocrx_word' id='word_1_398' title='bbox 2612 2255 2808 2328; x_wconf 78' lang='grc' dir='ltr'>ἑτέρῳ.</span> <span class='ocrx_word' id='word_1_399' title='bbox 2836 2275 2855 2308; x_wconf 70' lang='grc' dir='ltr'>ι</span> <span class='ocrx_word' id='word_1_400' title='bbox 2902 2255 3088 2310; x_wconf 84' lang='grc' dir='ltr'>Ταύτά</span> <span class='ocrx_word' id='word_1_401' title='bbox 3130 2256 3188 2310; x_wconf 83' lang='grc' dir='ltr'>δὲ</span> <span class='ocrx_word' id='word_1_402' title='bbox 3242 2256 3483 2327; x_wconf 77' lang='grc' dir='ltr'>πέπονθε</span> <span class='ocrx_word' id='word_1_403' title='bbox 3527 2258 3623 2312; x_wconf 77' lang='grc' dir='ltr'>καὶ</span> <span class='ocrx_word' id='word_1_404' title='bbox 3650 2257 3734 2329; x_wconf 82' lang='grc' dir='ltr'>τῷ</span> 
     </span>
    </p>
   </div>
   <div class='ocr_carea' id='block_1_57' title="bbox 2132 2346 3738 2422">
    <p class='ocr_par' dir='ltr' id='par_1_57' title="bbox 2132 2346 3738 2422">
     <span class='ocr_line' id='line_1_57' title="bbox 2132 2346 3738 2422; baseline -0.002 -17"><span class='ocrx_word' id='word_1_405' title='bbox 2132 2351 2387 2422; x_wconf 82' lang='grc' dir='ltr'>Βαλαὰμ,</span> <span class='ocrx_word' id='word_1_406' title='bbox 2420 2351 2480 2414; x_wconf 83' lang='grc' dir='ltr'>ὃς</span> <span class='ocrx_word' id='word_1_407' title='bbox 2518 2348 2880 2420; x_wconf 80' lang='grc' dir='ltr'>μετεπέμφθη</span> <span class='ocrx_word' id='word_1_408' title='bbox 2919 2349 3019 2418; x_wconf 82' lang='grc' dir='ltr'>μὲν</span> <span class='ocrx_word' id='word_1_409' title='bbox 3071 2348 3165 2402; x_wconf 73' lang='grc' dir='ltr'>καὶ</span> <span class='ocrx_word' id='word_1_410' title='bbox 3220 2348 3385 2411; x_wconf 82' lang='grc' dir='ltr'>αὐτὸς</span> <span class='ocrx_word' id='word_1_411' title='bbox 3442 2347 3585 2402; x_wconf 85' lang='grc' dir='ltr'>κατά</span> <span class='ocrx_word' id='word_1_412' title='bbox 3636 2346 3738 2402; x_wconf 82' lang='grc' dir='ltr'>τοῦ</span> 
     </span>
    </p>
   </div>
   <div class='ocr_carea' id='block_1_58' title="bbox 2135 2439 3738 2511">
    <p class='ocr_par' dir='ltr' id='par_1_58' title="bbox 2135 2439 3738 2511">
     <span class='ocr_line' id='line_1_58' title="bbox 2135 2439 3738 2511; baseline -0.002 -13"><span class='ocrx_word' id='word_1_413' title='bbox 2135 2444 2283 2498; x_wconf 84' lang='grc' dir='ltr'>θείου</span> <span class='ocrx_word' id='word_1_414' title='bbox 2312 2442 2474 2498; x_wconf 83' lang='grc' dir='ltr'>λαοῦ·</span> <span class='ocrx_word' id='word_1_415' title='bbox 2523 2442 2711 2496; x_wconf 79' lang='grc' dir='ltr'>ἀνόσια</span> <span class='ocrx_word' id='word_1_416' title='bbox 2765 2440 2823 2495; x_wconf 80' lang='grc' dir='ltr'>δὲ</span> <span class='ocrx_word' id='word_1_417' title='bbox 2860 2441 2985 2494; x_wconf 82' lang='grc' dir='ltr'>κατ’</span> <span class='ocrx_word' id='word_1_418' title='bbox 3025 2440 3191 2494; x_wconf 85' lang='grc' dir='ltr'>αὺτοῦ</span> <span class='ocrx_word' id='word_1_419' title='bbox 3224 2439 3305 2511; x_wconf 80' lang='grc' dir='ltr'>τῷ</span> <span class='ocrx_word' id='word_1_420' title='bbox 3344 2439 3534 2495; x_wconf 86' lang='grc' dir='ltr'>Βαλάκ</span> <span class='ocrx_word' id='word_1_421' title='bbox 3589 2457 3738 2511; x_wconf 86' lang='grc' dir='ltr'>συμ-</span> 
     </span>
    </p>
   </div>
   <div class='ocr_carea' id='block_1_59' title="bbox 2136 2532 3741 2606">
    <p class='ocr_par' dir='ltr' id='par_1_59' title="bbox 2136 2532 3741 2606">
     <span class='ocr_line' id='line_1_59' title="bbox 2136 2532 3741 2606; baseline -0.007 -14"><span class='ocrx_word' id='word_1_422' title='bbox 2136 2538 2459 2601; x_wconf 76' lang='grc' dir='ltr'>ϐουλεύσας,</span> <span class='ocrx_word' id='word_1_423' title='bbox 2490 2533 2655 2590; x_wconf 76' lang='grc' dir='ltr'>αὑτοῦ</span> <span class='ocrx_word' id='word_1_424' title='bbox 2686 2534 2888 2588; x_wconf 86' lang='grc' dir='ltr'>δέδωκε</span> <span class='ocrx_word' id='word_1_425' title='bbox 2918 2534 3096 2605; x_wconf 82' lang='grc' dir='ltr'>δίκην,</span> <span class='ocrx_word' id='word_1_426' title='bbox 3145 2534 3250 2587; x_wconf 77' lang='grc' dir='ltr'>ὑπὸ</span> <span class='ocrx_word' id='word_1_427' title='bbox 3295 2532 3479 2599; x_wconf 77' lang='grc' dir='ltr'>δεξιᾶς</span> <span class='ocrx_word' id='word_1_428' title='bbox 3517 2534 3741 2606; x_wconf 79' lang='grc' dir='ltr'>Ἰσραη..</span> 
     </span>
    </p>
   </div>
   <div class='ocr_carea' id='block_1_60' title="bbox 2136 2620 3735 2699">
    <p class='ocr_par' dir='ltr' id='par_1_60' title="bbox 2136 2620 3735 2699">
     <span class='ocr_line' id='line_1_60' title="bbox 2136 2620 3735 2699; baseline -0.002 -16"><span class='ocrx_word' id='word_1_429' title='bbox 2136 2629 2349 2699; x_wconf 78' lang='grc' dir='ltr'>λιτικῆς</span> <span class='ocrx_word' id='word_1_430' title='bbox 2378 2627 2674 2697; x_wconf 79' lang='grc' dir='ltr'>δεξάμενος</span> <span class='ocrx_word' id='word_1_431' title='bbox 2731 2624 2830 2698; x_wconf 73' lang='grc' dir='ltr'>τὴν</span> <span class='ocrx_word' id='word_1_432' title='bbox 2884 2627 3122 2696; x_wconf 84' lang='grc' dir='ltr'>σφαγήν.</span> <span class='ocrx_word' id='word_1_433' title='bbox 3180 2625 3291 2679; x_wconf 78' lang='grc' dir='ltr'>Καὶ</span> <span class='ocrx_word' id='word_1_434' title='bbox 3322 2620 3497 2695; x_wconf 53' lang='grc' dir='ltr'>,οὗτος</span> <span class='ocrx_word' id='word_1_435' title='bbox 3527 2630 3735 2692; x_wconf 82' lang='grc' dir='ltr'>τοίνυν,</span> 
     </span>
    </p>
   </div>
   <div class='ocr_carea' id='block_1_61' title="bbox 2138 2716 3742 2790">
    <p class='ocr_par' dir='ltr' id='par_1_61' title="bbox 2138 2716 3742 2790">
     <span class='ocr_line' id='line_1_61' title="bbox 2138 2716 3742 2790; baseline -0.001 -16"><span class='ocrx_word' id='word_1_436' title='bbox 2138 2722 2328 2790; x_wconf 76' lang='grc' dir='ltr'>ἐπειδὴ</span> <span class='ocrx_word' id='word_1_437' title='bbox 2383 2721 2477 2774; x_wconf 74' lang='grc' dir='ltr'>ἐπὶ</span> <span class='ocrx_word' id='word_1_438' title='bbox 2510 2720 2602 2773; x_wconf 82' lang='grc' dir='ltr'>τὸν</span> <span class='ocrx_word' id='word_1_439' title='bbox 2645 2718 2774 2772; x_wconf 64' lang='grc' dir='ltr'>λαὸν</span> <span class='ocrx_word' id='word_1_440' title='bbox 2824 2717 2920 2770; x_wconf 82' lang='grc' dir='ltr'>τοῦ</span> <span class='ocrx_word' id='word_1_441' title='bbox 2962 2716 3099 2771; x_wconf 85' lang='grc' dir='ltr'>Θεοῦ</span> <span class='ocrx_word' id='word_1_442' title='bbox 3145 2717 3742 2790; x_wconf 83' lang='grc' dir='ltr'>κατεπανουργεύσατο</span> 
     </span>
    </p>
   </div>
   <div class='ocr_carea' id='block_1_62' title="bbox 2137 2808 3736 2884">
    <p class='ocr_par' dir='ltr' id='par_1_62' title="bbox 2137 2808 3736 2884">
     <span class='ocr_line' id='line_1_62' title="bbox 2137 2808 3736 2884; baseline -0.002 -16"><span class='ocrx_word' id='word_1_443' title='bbox 2137 2812 2387 2884; x_wconf 82' lang='grc' dir='ltr'>γνώμην,</span> <span class='ocrx_word' id='word_1_444' title='bbox 2429 2812 2518 2866; x_wconf 79' lang='grc' dir='ltr'>διὰ</span> <span class='ocrx_word' id='word_1_445' title='bbox 2567 2809 2663 2864; x_wconf 80' lang='grc' dir='ltr'>τοῦ</span> <span class='ocrx_word' id='word_1_446' title='bbox 2698 2809 2829 2863; x_wconf 86' lang='grc' dir='ltr'>λαοῦ</span> <span class='ocrx_word' id='word_1_447' title='bbox 2864 2808 2959 2862; x_wconf 80' lang='grc' dir='ltr'>τοῦ</span> <span class='ocrx_word' id='word_1_448' title='bbox 2991 2808 3127 2863; x_wconf 85' lang='grc' dir='ltr'>Θεοῦ</span> <span class='ocrx_word' id='word_1_449' title='bbox 3159 2809 3257 2881; x_wconf 77' lang='grc' dir='ltr'>τὴν</span> <span class='ocrx_word' id='word_1_450' title='bbox 3287 2809 3433 2883; x_wconf 76' lang='grc' dir='ltr'>ζωὴν</span> <span class='ocrx_word' id='word_1_451' title='bbox 3455 2810 3736 2883; x_wconf 73' lang='grc' dir='ltr'>ἀφῃρέθη.</span> 
     </span>
    </p>
   </div>
   <div class='ocr_carea' id='block_1_63' title="bbox 2138 2901 3731 2976">
    <p class='ocr_par' dir='ltr' id='par_1_63' title="bbox 2138 2901 3731 2976">
     <span class='ocr_line' id='line_1_63' title="bbox 2138 2901 3731 2976; baseline -0.005 -16"><span class='ocrx_word' id='word_1_452' title='bbox 2138 2906 2357 2976; x_wconf 85' lang='grc' dir='ltr'>Ταύτης</span> <span class='ocrx_word' id='word_1_453' title='bbox 2392 2904 2449 2957; x_wconf 78' lang='grc' dir='ltr'>δὲ</span> <span class='ocrx_word' id='word_1_454' title='bbox 2474 2903 2575 2969; x_wconf 77' lang='grc' dir='ltr'>τῆς</span> <span class='ocrx_word' id='word_1_455' title='bbox 2612 2902 2887 2974; x_wconf 85' lang='grc' dir='ltr'>σωτηρίας</span> <span class='ocrx_word' id='word_1_456' title='bbox 2916 2901 3007 2954; x_wconf 82' lang='grc' dir='ltr'>διὰ</span> <span class='ocrx_word' id='word_1_457' title='bbox 3044 2901 3144 2970; x_wconf 75' lang='grc' dir='ltr'>τῆς</span> <span class='ocrx_word' id='word_1_458' title='bbox 3174 2902 3369 2955; x_wconf 88' lang='grc' dir='ltr'>τούτου</span> <span class='ocrx_word' id='word_1_459' title='bbox 3392 2901 3731 2973; x_wconf 78' lang='grc' dir='ltr'>,προσευχῆς</span> 
     </span>
    </p>
   </div>
   <div class='ocr_carea' id='block_1_64' title="bbox 2137 2980 3741 3068">
    <p class='ocr_par' dir='ltr' id='par_1_64' title="bbox 2137 2980 3741 3068">
     <span class='ocr_line' id='line_1_64' title="bbox 2137 2980 3741 3068; baseline -0.001 -18"><span class='ocrx_word' id='word_1_460' title='bbox 2137 3000 2172 3068; x_wconf 85' lang='grc' dir='ltr'>ή</span> <span class='ocrx_word' id='word_1_461' title='bbox 2200 2980 2383 3068; x_wconf 82' lang='grc' dir='ltr'>Κῦρος</span> <span class='ocrx_word' id='word_1_462' title='bbox 2420 2996 2747 3049; x_wconf 79' lang='grc' dir='ltr'>ἀπέλαυσεν.</span> <span class='ocrx_word' id='word_1_463' title='bbox 2798 2994 2957 3065; x_wconf 77' lang='grc' dir='ltr'>Ἐμοὶ</span> <span class='ocrx_word' id='word_1_464' title='bbox 3007 2993 3063 3047; x_wconf 86' lang='grc' dir='ltr'>δὲ</span> <span class='ocrx_word' id='word_1_465' title='bbox 3106 2992 3176 3047; x_wconf 71' lang='grc' dir='ltr'>τὰ</span> <span class='ocrx_word' id='word_1_466' title='bbox 3205 2993 3522 3065; x_wconf 79' lang='grc' dir='ltr'>διηγήματα</span> <span class='ocrx_word' id='word_1_467' title='bbox 3550 2996 3584 3060; x_wconf 80' lang='grc' dir='ltr'><strong>ἠ</strong></span> <span class='ocrx_word' id='word_1_468' title='bbox 3616 2993 3741 3048; x_wconf 84' lang='grc' dir='ltr'>θεία</span> 
     </span>
    </p>
   </div>
   <div class='ocr_carea' id='block_1_65' title="bbox 2140 3086 3742 3160">
    <p class='ocr_par' dir='ltr' id='par_1_65' title="bbox 2140 3086 3742 3160">
     <span class='ocr_line' id='line_1_65' title="bbox 2140 3086 3742 3160; baseline -0.004 -15"><span class='ocrx_word' id='word_1_469' title='bbox 2140 3090 2352 3160; x_wconf 84' lang='grc' dir='ltr'>κεφαλὴ</span> <span class='ocrx_word' id='word_1_470' title='bbox 2409 3090 2438 3142; x_wconf 84' lang='grc' dir='ltr'>ό</span> <span class='ocrx_word' id='word_1_471' title='bbox 2494 3089 2667 3160; x_wconf 80' lang='grc' dir='ltr'>μέγας</span> <span class='ocrx_word' id='word_1_472' title='bbox 2735 3086 2986 3151; x_wconf 83' lang='grc' dir='ltr'>Ἀκάκιος</span> <span class='ocrx_word' id='word_1_473' title='bbox 3053 3087 3414 3159; x_wconf 75' lang='grc' dir='ltr'>παρέδωκεν,</span> <span class='ocrx_word' id='word_1_474' title='bbox 3491 3086 3742 3158; x_wconf 76' lang='grc' dir='ltr'>ἀκριϐῶς</span> 
     </span>
    </p>
   </div>
   <div class='ocr_carea' id='block_1_66' title="bbox 2144 3180 3745 3252">
    <p class='ocr_par' dir='ltr' id='par_1_66' title="bbox 2144 3180 3745 3252">
     <span class='ocr_line' id='line_1_66' title="bbox 2144 3180 3745 3252; baseline -0.001 -14"><span class='ocrx_word' id='word_1_475' title='bbox 2144 3182 2361 3238; x_wconf 79' lang='grc' dir='ltr'>ἅπαντα</span> <span class='ocrx_word' id='word_1_476' title='bbox 2398 3181 2465 3234; x_wconf 88' lang='grc' dir='ltr'>τά</span> <span class='ocrx_word' id='word_1_477' title='bbox 2495 3183 2616 3235; x_wconf 85' lang='grc' dir='ltr'>κατ’</span> <span class='ocrx_word' id='word_1_478' title='bbox 2666 3181 2831 3235; x_wconf 80' lang='grc' dir='ltr'>αὐτὸν</span> <span class='ocrx_word' id='word_1_479' title='bbox 2882 3180 3265 3252; x_wconf 78' lang='grc' dir='ltr'>ἐπιστάμενος.</span> <span class='ocrx_word' id='word_1_480' title='bbox 3317 3181 3510 3235; x_wconf 84' lang='grc' dir='ltr'>Ἔνθεν</span> <span class='ocrx_word' id='word_1_481' title='bbox 3554 3181 3745 3236; x_wconf 83' lang='grc' dir='ltr'>τοίνυν</span> 
     </span>
    </p>
   </div>
   <div class='ocr_carea' id='block_1_67' title="bbox 2146 3272 3745 3345">
    <p class='ocr_par' dir='ltr' id='par_1_67' title="bbox 2146 3272 3745 3345">
     <span class='ocr_line' id='line_1_67' title="bbox 2146 3272 3745 3345; baseline 0.001 -17"><span class='ocrx_word' id='word_1_482' title='bbox 2146 3275 2541 3345; x_wconf 87' lang='grc' dir='ltr'>ἀποδημήσας,</span> <span class='ocrx_word' id='word_1_483' title='bbox 2600 3274 2693 3327; x_wconf 71' lang='grc' dir='ltr'>καὶ</span> <span class='ocrx_word' id='word_1_484' title='bbox 2751 3274 2879 3336; x_wconf 83' lang='grc' dir='ltr'>τοὺς</span> <span class='ocrx_word' id='word_1_485' title='bbox 2930 3272 3205 3337; x_wconf 84' lang='grc' dir='ltr'>θιασώτας</span> <span class='ocrx_word' id='word_1_486' title='bbox 3235 3273 3583 3335; x_wconf 73' lang='grc' dir='ltr'>καταλαϐὼν,</span> <span class='ocrx_word' id='word_1_487' title='bbox 3644 3276 3745 3329; x_wconf 83' lang='grc' dir='ltr'>καὶ</span> 
     </span>
    </p>
   </div>
   <div class='ocr_carea' id='block_1_68' title="bbox 2146 3362 3746 3438">
    <p class='ocr_par' dir='ltr' id='par_1_68' title="bbox 2146 3362 3746 3438">
     <span class='ocr_line' id='line_1_68' title="bbox 2146 3362 3746 3438; baseline -0.001 -18"><span class='ocrx_word' id='word_1_488' title='bbox 2146 3368 2336 3438; x_wconf 88' lang='grc' dir='ltr'>χρόνον</span> <span class='ocrx_word' id='word_1_489' title='bbox 2364 3366 2546 3421; x_wconf 77' lang='grc' dir='ltr'>αὐτοῖς</span> <span class='ocrx_word' id='word_1_490' title='bbox 2568 3366 2668 3419; x_wconf 83' lang='grc' dir='ltr'>οὐκ</span> <span class='ocrx_word' id='word_1_491' title='bbox 2697 3364 2877 3435; x_wconf 87' lang='grc' dir='ltr'>ὀλίγον</span> <span class='ocrx_word' id='word_1_492' title='bbox 2900 3362 3309 3436; x_wconf 79' lang='grc' dir='ltr'>συνδιατρίψας,</span> <span class='ocrx_word' id='word_1_493' title='bbox 3334 3365 3412 3427; x_wconf 83' lang='grc' dir='ltr'>είς</span> <span class='ocrx_word' id='word_1_494' title='bbox 3431 3363 3523 3418; x_wconf 78' lang='grc' dir='ltr'>τὸν</span> <span class='ocrx_word' id='word_1_495' title='bbox 3544 3364 3746 3436; x_wconf 80' lang='grc' dir='ltr'>ἀγήρω</span> 
     </span>
    </p>
   </div>
   <div class='ocr_carea' id='block_1_69' title="bbox 2149 3455 3745 3530">
    <p class='ocr_par' dir='ltr' id='par_1_69' title="bbox 2149 3455 3745 3530">
     <span class='ocr_line' id='line_1_69' title="bbox 2149 3455 3745 3530; baseline -0.003 -15"><span class='ocrx_word' id='word_1_496' title='bbox 2149 3462 2244 3515; x_wconf 74' lang='grc' dir='ltr'>καὶ</span> <span class='ocrx_word' id='word_1_497' title='bbox 2275 3460 2477 3515; x_wconf 80' lang='grc' dir='ltr'>ἄλυπον</span> <span class='ocrx_word' id='word_1_498' title='bbox 2515 3458 2629 3529; x_wconf 87' lang='grc' dir='ltr'>βίον</span> <span class='ocrx_word' id='word_1_499' title='bbox 2663 3456 2963 3529; x_wconf 84' lang='grc' dir='ltr'>προθύμως</span> <span class='ocrx_word' id='word_1_500' title='bbox 2993 3455 3114 3512; x_wconf 85' lang='grc' dir='ltr'>λίαν</span> <span class='ocrx_word' id='word_1_501' title='bbox 3147 3456 3405 3528; x_wconf 76' lang='grc' dir='ltr'>μετέστη,</span> <span class='ocrx_word' id='word_1_502' title='bbox 3433 3457 3745 3530; x_wconf 82' lang='grc' dir='ltr'>μελετήσας</span> 
     </span>
    </p>
   </div>
   <div class='ocr_carea' id='block_1_70' title="bbox 448 3549 3743 3627">
    <p class='ocr_par' dir='ltr' id='par_1_70' title="bbox 448 3549 3743 3627">
     <span class='ocr_line' id='line_1_70' title="bbox 448 3549 3743 3627; baseline 0.002 -23"><span class='ocrx_word' id='word_1_503' title='bbox 448 3552 548 3623; x_wconf 71' lang='grc' dir='ltr'>μὲν</span> <span class='ocrx_word' id='word_1_504' title='bbox 567 3553 625 3607; x_wconf 81' lang='grc' dir='ltr'>ὲν</span> <span class='ocrx_word' id='word_1_505' title='bbox 650 3550 818 3623; x_wconf 80' lang='grc' dir='ltr'>θνητῇ</span> <span class='ocrx_word' id='word_1_506' title='bbox 838 3552 997 3622; x_wconf 78' lang='grc' dir='ltr'>φύσει</span> <span class='ocrx_word' id='word_1_507' title='bbox 1022 3551 1119 3623; x_wconf 74' lang='grc' dir='ltr'>τὴν</span> <span class='ocrx_word' id='word_1_508' title='bbox 1142 3549 1435 3620; x_wconf 83' lang='grc' dir='ltr'>ἀπάθειαν,</span> <span class='ocrx_word' id='word_1_509' title='bbox 1464 3552 1564 3623; x_wconf 77' lang='grc' dir='ltr'>τήν</span> <span class='ocrx_word' id='word_1_510' title='bbox 1586 3552 1645 3606; x_wconf 78' lang='grc' dir='ltr'>δὲ</span> <span class='ocrx_word' id='word_1_511' title='bbox 1694 3552 1792 3606; x_wconf 78' lang='grc' dir='ltr'>τοῦ</span> <span class='ocrx_word' id='word_1_512' title='bbox 1853 3552 2107 3627; x_wconf 82' lang='grc' dir='ltr'>σώματος</span> <span class='ocrx_word' id='word_1_513' title='bbox 2142 3556 2449 3613; x_wconf 85' lang='grc' dir='ltr'>ἀθανασίαν</span> <span class='ocrx_word' id='word_1_514' title='bbox 2493 3554 2804 3627; x_wconf 81' lang='grc' dir='ltr'>ἀναμένων.</span> <span class='ocrx_word' id='word_1_515' title='bbox 2861 3552 3006 3623; x_wconf 85' lang='grc' dir='ltr'>Ἐγὼ</span> <span class='ocrx_word' id='word_1_516' title='bbox 3058 3553 3116 3606; x_wconf 83' lang='grc' dir='ltr'>δὲ</span> <span class='ocrx_word' id='word_1_517' title='bbox 3183 3552 3424 3607; x_wconf 76' lang='grc' dir='ltr'>ἐνταῦθα</span> <span class='ocrx_word' id='word_1_518' title='bbox 3468 3554 3566 3606; x_wconf 80' lang='grc' dir='ltr'>τὸν</span> <span class='ocrx_word' id='word_1_519' title='bbox 3611 3556 3743 3626; x_wconf 76' lang='grc' dir='ltr'>περὶ</span> 
     </span>
    </p>
   </div>
   <div class='ocr_carea' id='block_1_71' title="bbox 443 3642 3741 3723">
    <p class='ocr_par' dir='ltr' id='par_1_71' title="bbox 443 3642 3741 3723">
     <span class='ocr_line' id='line_1_71' title="bbox 443 3642 3741 3723; baseline -0.002 -17"><span class='ocrx_word' id='word_1_520' title='bbox 443 3642 600 3697; x_wconf 68' lang='grc' dir='ltr'>τοῦδε</span> <span class='ocrx_word' id='word_1_521' title='bbox 652 3644 747 3698; x_wconf 75' lang='grc' dir='ltr'>τοῦ</span> <span class='ocrx_word' id='word_1_522' title='bbox 800 3645 1140 3717; x_wconf 81' lang='grc' dir='ltr'>διηγήματος</span> <span class='ocrx_word' id='word_1_523' title='bbox 1192 3645 1396 3716; x_wconf 83' lang='grc' dir='ltr'>στήσας</span> <span class='ocrx_word' id='word_1_524' title='bbox 1453 3644 1646 3713; x_wconf 68' lang='grc' dir='ltr'>λόγον,</span> <span class='ocrx_word' id='word_1_525' title='bbox 1708 3647 1794 3716; x_wconf 79' lang='grc' dir='ltr'>ἐφ’</span> <span class='ocrx_word' id='word_1_526' title='bbox 1847 3647 2035 3719; x_wconf 75' lang='grc' dir='ltr'>ἕτερον</span> <span class='ocrx_word' id='word_1_527' title='bbox 2077 3650 2394 3723; x_wconf 77' lang='grc' dir='ltr'>βαδιοῦμαι.</span> <span class='ocrx_word' id='word_1_528' title='bbox 2450 3650 2577 3714; x_wconf 74' lang='grc' dir='ltr'>τοὺς</span> <span class='ocrx_word' id='word_1_529' title='bbox 2628 3649 3041 3722; x_wconf 71' lang='grc' dir='ltr'>ὲμφερομένους</span> <span class='ocrx_word' id='word_1_530' title='bbox 3069 3645 3144 3718; x_wconf 79' lang='grc' dir='ltr'>τῷ</span> <span class='ocrx_word' id='word_1_531' title='bbox 3181 3647 3490 3720; x_wconf 81' lang='grc' dir='ltr'>διηγήματι</span> <span class='ocrx_word' id='word_1_532' title='bbox 3551 3647 3741 3717; x_wconf 84' lang='grc' dir='ltr'>ἁγίους</span> 
     </span>
    </p>
   </div>
   <div class='ocr_carea' id='block_1_72' title="bbox 447 3735 2473 3819">
    <p class='ocr_par' dir='ltr' id='par_1_72' title="bbox 447 3735 2473 3819">
     <span class='ocr_line' id='line_1_72' title="bbox 447 3735 2473 3819; baseline 0.007 -30"><span class='ocrx_word' id='word_1_533' title='bbox 447 3735 768 3804; x_wconf 74' lang='grc' dir='ltr'>ἀντιϐολῶν,</span> <span class='ocrx_word' id='word_1_534' title='bbox 797 3736 1132 3810; x_wconf 76' lang='grc' dir='ltr'>προξενῆσαί</span> <span class='ocrx_word' id='word_1_535' title='bbox 1179 3753 1269 3808; x_wconf 85' lang='grc' dir='ltr'>μοι</span> <span class='ocrx_word' id='word_1_536' title='bbox 1308 3739 1410 3809; x_wconf 76' lang='grc' dir='ltr'>τὴν</span> <span class='ocrx_word' id='word_1_537' title='bbox 1444 3738 1652 3793; x_wconf 85' lang='grc' dir='ltr'>ἀνωθεν</span> <span class='ocrx_word' id='word_1_538' title='bbox 1687 3740 1775 3795; x_wconf 84' lang='grc' dir='ltr'>διά</span> <span class='ocrx_word' id='word_1_539' title='bbox 1827 3742 2125 3814; x_wconf 70' lang='grc' dir='ltr'>πρεσϐείας</span> <span class='ocrx_word' id='word_1_540' title='bbox 2161 3746 2473 3819; x_wconf 80' lang='grc' dir='ltr'>εὐμένειαν.</span> 
     </span>
    </p>
   </div>
   <div class='ocr_carea' id='block_1_73' title="bbox 874 3876 1609 3936">
    <p class='ocr_par' dir='ltr' id='par_1_73' title="bbox 874 3876 1609 3936">
     <span class='ocr_line' id='line_1_73' title="bbox 874 3876 1609 3936; baseline 0.005 -4"><span class='ocrx_word' id='word_1_541' title='bbox 874 3876 1026 3932; x_wconf 79' lang='lat' dir='ltr'>CAP.</span> <span class='ocrx_word' id='word_1_542' title='bbox 1062 3877 1147 3931; x_wconf 93' lang='grc'><strong>111.</strong></span> <span class='ocrx_word' id='word_1_543' title='bbox 1181 3877 1609 3936; x_wconf 79' lang='lat' dir='ltr'>MARCIANUS.</span> 
     </span>
    </p>
   </div>
   <div class='ocr_carea' id='block_1_74' title="bbox 525 3993 2042 4069">
    <p class='ocr_par' dir='ltr' id='par_1_74' title="bbox 525 3993 2042 4069">
     <span class='ocr_line' id='line_1_74' title="bbox 525 3993 2042 4069; baseline 0.004 -21"><span class='ocrx_word' id='word_1_544' title='bbox 525 3993 865 4048; x_wconf 73' lang='lat' dir='ltr'><strong>Marcianum</strong></span> <span class='ocrx_word' id='word_1_545' title='bbox 894 4008 1033 4049; x_wconf 78' lang='lat' dir='ltr'><strong>vero</strong></span> <span class='ocrx_word' id='word_1_546' title='bbox 1058 3994 1488 4051; x_wconf 87' lang='lat' dir='ltr'><strong>celeberrimum</strong></span> <span class='ocrx_word' id='word_1_547' title='bbox 1517 3995 1800 4066; x_wconf 88' lang='lat' dir='ltr'><strong>quomodo</strong></span> <span class='ocrx_word' id='word_1_548' title='bbox 1832 4013 1933 4069; x_wconf 90' lang='lat' dir='ltr'>pro</span> <span class='ocrx_word' id='word_1_549' title='bbox 1957 3999 2042 4055; x_wconf 88' lang='lat' dir='ltr'><strong>di-</strong></span> 
     </span>
    </p>
   </div>
   <div class='ocr_carea' id='block_1_75' title="bbox 451 4084 2040 4158">
    <p class='ocr_par' dir='ltr' id='par_1_75' title="bbox 451 4084 2040 4158">
     <span class='ocr_line' id='line_1_75' title="bbox 451 4084 2040 4158; baseline 0.003 -17"><span class='ocrx_word' id='word_1_550' title='bbox 451 4086 669 4158; x_wconf 71' lang='lat' dir='ltr'><strong>gnitate</strong></span> <span class='ocrx_word' id='word_1_551' title='bbox 699 4084 1057 4141; x_wconf 85' lang='lat' dir='ltr'><strong>laudabimus</strong></span> <span class='ocrx_word' id='word_1_552' title='bbox 1085 4084 1108 4138; x_wconf 85' lang='lat'><strong>?</strong></span> <span class='ocrx_word' id='word_1_553' title='bbox 1139 4100 1209 4139; x_wconf 89' lang='lat' dir='ltr'>an</span> <span class='ocrx_word' id='word_1_554' title='bbox 1257 4084 1411 4141; x_wconf 87' lang='lat' dir='ltr'><strong>illum</strong></span> <span class='ocrx_word' id='word_1_555' title='bbox 1453 4086 1713 4143; x_wconf 84' lang='lat' dir='ltr'><strong>videlicet</strong></span> <span class='ocrx_word' id='word_1_556' title='bbox 1740 4104 1865 4144; x_wconf 85' lang='lat' dir='ltr'>cum</span> <span class='ocrx_word' id='word_1_557' title='bbox 1898 4088 2040 4157; x_wconf 89' lang='lat' dir='ltr'><strong>Elia,</strong></span> 
     </span>
    </p>
   </div>
   <div class='ocr_carea' id='block_1_76' title="bbox 448 4175 2049 4259">
    <p class='ocr_par' dir='ltr' id='par_1_76' title="bbox 448 4175 2049 4259">
     <span class='ocr_line' id='line_1_76' title="bbox 448 4175 2049 4259; baseline 0 -25"><span class='ocrx_word' id='word_1_558' title='bbox 448 4188 504 4234; x_wconf 86' lang='lat' dir='ltr'><strong>et</strong></span> <span class='ocrx_word' id='word_1_559' title='bbox 528 4193 653 4234; x_wconf 90' lang='lat' dir='ltr'><strong>cum</strong></span> <span class='ocrx_word' id='word_1_560' title='bbox 679 4175 912 4243; x_wconf 82' lang='lat' dir='ltr'><strong>Joanne,</strong></span> <span class='ocrx_word' id='word_1_561' title='bbox 931 4192 996 4231; x_wconf 91' lang='lat' dir='ltr'><strong>ac</strong></span> <span class='ocrx_word' id='word_1_562' title='bbox 1016 4176 1294 4233; x_wconf 88' lang='lat' dir='ltr'><strong>similibus</strong></span> <span class='ocrx_word' id='word_1_563' title='bbox 1321 4188 1715 4249; x_wconf 85' lang='lat' dir='ltr'><strong>comparantes</strong></span> <span class='ocrx_word' id='word_1_564' title='bbox 1735 4180 1786 4259; x_wconf 61' lang='grc' dir='ltr'>ξ,</span> <span class='ocrx_word' id='word_1_565' title='bbox 1812 4180 1905 4249; x_wconf 89' lang='lat' dir='ltr'>qui</span> <span class='ocrx_word' id='word_1_566' title='bbox 1937 4181 2049 4234; x_wconf 86' lang='lat' dir='ltr'><strong>cir-</strong></span> 
     </span>
    </p>
   </div>
   <div class='ocr_carea' id='block_1_77' title="bbox 451 4269 2045 4342">
    <p class='ocr_par' dir='ltr' id='par_1_77' title="bbox 451 4269 2045 4342">
     <span class='ocr_line' id='line_1_77' title="bbox 451 4269 2045 4342; baseline 0.003 -19"><span class='ocrx_word' id='word_1_567' title='bbox 451 4271 684 4325; x_wconf 86' lang='lat' dir='ltr'><strong>cnibant</strong></span> <span class='ocrx_word' id='word_1_568' title='bbox 719 4270 776 4324; x_wconf 93' lang='lat' dir='ltr'>in</span> <span class='ocrx_word' id='word_1_569' title='bbox 831 4269 1076 4336; x_wconf 88' lang='lat' dir='ltr'><strong>melotis,</strong></span> <span class='ocrx_word' id='word_1_570' title='bbox 1099 4277 1154 4323; x_wconf 90' lang='lat' dir='ltr'>et</span> <span class='ocrx_word' id='word_1_571' title='bbox 1182 4270 1420 4340; x_wconf 87' lang='lat' dir='ltr'><strong>pellibus</strong></span> <span class='ocrx_word' id='word_1_572' title='bbox 1470 4272 1743 4342; x_wconf 89' lang='lat' dir='ltr'><strong>caprinis,</strong></span> <span class='ocrx_word' id='word_1_573' title='bbox 1795 4282 2045 4342; x_wconf 78' lang='lat' dir='ltr'><strong>egentes,</strong></span> 
     </span>
    </p>
   </div>
   <div class='ocr_carea' id='block_1_78' title="bbox 451 4358 2045 4431">
    <p class='ocr_par' dir='ltr' id='par_1_78' title="bbox 451 4358 2045 4431">
     <span class='ocr_line' id='line_1_78' title="bbox 451 4358 2045 4431; baseline 0.004 -18"><span class='ocrx_word' id='word_1_574' title='bbox 451 4360 660 4423; x_wconf 79' lang='lat' dir='ltr'><strong>amicti,</strong></span> <span class='ocrx_word' id='word_1_575' title='bbox 684 4359 889 4425; x_wconf 78' lang='lat' dir='ltr'><strong>vexati,</strong></span> <span class='ocrx_word' id='word_1_576' title='bbox 909 4358 1114 4429; x_wconf 89' lang='lat' dir='ltr'><strong>quibus</strong></span> <span class='ocrx_word' id='word_1_577' title='bbox 1140 4360 1339 4431; x_wconf 77' lang='lat' dir='ltr'><strong>dignus</strong></span> <span class='ocrx_word' id='word_1_578' title='bbox 1366 4372 1615 4417; x_wconf 80' lang='lat' dir='ltr'><strong>nouerat</strong></span> <span class='ocrx_word' id='word_1_579' title='bbox 1645 4362 1735 4416; x_wconf 89' lang='lat' dir='ltr'><strong>hic</strong></span> <span class='ocrx_word' id='word_1_580' title='bbox 1762 4362 2003 4418; x_wconf 83' lang='lat' dir='ltr'><strong>nmndus</strong></span> <span class='ocrx_word' id='word_1_581' title='bbox 2030 4381 2045 4419; x_wconf 91' lang='lat'><strong>:</strong></span> 
     </span>
    </p>
   </div>
   <div class='ocr_carea' id='block_1_79' title="bbox 450 4452 2041 4524">
    <p class='ocr_par' dir='ltr' id='par_1_79' title="bbox 450 4452 2041 4524">
     <span class='ocr_line' id='line_1_79' title="bbox 450 4452 2041 4524; baseline 0 -15"><span class='ocrx_word' id='word_1_582' title='bbox 450 4462 703 4510; x_wconf 86' lang='lat' dir='ltr'><strong>errantes</strong></span> <span class='ocrx_word' id='word_1_583' title='bbox 739 4454 792 4507; x_wconf 91' lang='lat' dir='ltr'>in</span> <span class='ocrx_word' id='word_1_584' title='bbox 824 4452 1242 4519; x_wconf 87' lang='lat' dir='ltr'><strong>solitudinibus,</strong></span> <span class='ocrx_word' id='word_1_585' title='bbox 1278 4461 1335 4509; x_wconf 91' lang='lat' dir='ltr'>et</span> <span class='ocrx_word' id='word_1_586' title='bbox 1381 4454 1692 4519; x_wconf 87' lang='lat' dir='ltr'><strong>montibus,</strong></span> <span class='ocrx_word' id='word_1_587' title='bbox 1727 4464 1781 4507; x_wconf 90' lang='lat' dir='ltr'><strong>ct</strong></span> <span class='ocrx_word' id='word_1_588' title='bbox 1813 4455 2041 4524; x_wconf 77' lang='lat' dir='ltr'><strong>Spelun-</strong></span> 
     </span>
    </p>
   </div>
   <div class='ocr_carea' id='block_1_80' title="bbox 2634 3879 3237 3937">
    <p class='ocr_par' dir='ltr' id='par_1_80' title="bbox 2634 3879 3237 3937">
     <span class='ocr_line' id='line_1_80' title="bbox 2634 3879 3237 3937; baseline -0.008 0"><span class='ocrx_word' id='word_1_589' title='bbox 2634 3884 2688 3937; x_wconf 78' lang='lat' dir='ltr'>I&quot;</span> <span class='ocrx_word' id='word_1_590' title='bbox 2708 3913 2781 3922; x_wconf 94' lang='lat'><strong><em>—</em></strong></span> <span class='ocrx_word' id='word_1_591' title='bbox 2799 3879 3237 3937; x_wconf 76' lang='grc' dir='ltr'>ΜΑΡΚῙΑΝΟΣ.</span> 
     </span>
    </p>
   </div>
   <div class='ocr_carea' id='block_1_81' title="bbox 2212 3986 3747 4072">
    <p class='ocr_par' dir='ltr' id='par_1_81' title="bbox 2212 3986 3747 4072">
     <span class='ocr_line' id='line_1_81' title="bbox 2212 3986 3747 4072; baseline -0.007 -16"><span class='ocrx_word' id='word_1_592' title='bbox 2212 3996 2535 4072; x_wconf 77' lang='grc' dir='ltr'>Μαρκιανόν</span> <span class='ocrx_word' id='word_1_593' title='bbox 2564 3997 2621 4051; x_wconf 86' lang='grc' dir='ltr'>δὲ</span> <span class='ocrx_word' id='word_1_594' title='bbox 2656 3996 2748 4050; x_wconf 80' lang='grc' dir='ltr'>τὸν</span> <span class='ocrx_word' id='word_1_595' title='bbox 2785 3995 2929 4050; x_wconf 86' lang='grc' dir='ltr'>πάνυ</span> <span class='ocrx_word' id='word_1_596' title='bbox 2962 3991 3081 4057; x_wconf 84' lang='grc' dir='ltr'>πῶς</span> <span class='ocrx_word' id='word_1_597' title='bbox 3114 3991 3181 4047; x_wconf 84' lang='grc' dir='ltr'>ἂν</span> <span class='ocrx_word' id='word_1_598' title='bbox 3208 3989 3377 4058; x_wconf 84' lang='grc' dir='ltr'>ἀξίως</span> <span class='ocrx_word' id='word_1_599' title='bbox 3426 3986 3747 4062; x_wconf 81' lang='grc' dir='ltr'>θαυμάσαι-</span> 
     </span>
    </p>
   </div>
   <div class='ocr_carea' id='block_1_82' title="bbox 2148 4081 3747 4165">
    <p class='ocr_par' dir='ltr' id='par_1_82' title="bbox 2148 4081 3747 4165">
     <span class='ocr_line' id='line_1_82' title="bbox 2148 4081 3747 4165; baseline -0.007 -19"><span class='ocrx_word' id='word_1_600' title='bbox 2148 4110 2248 4165; x_wconf 86' lang='grc' dir='ltr'>μεν</span> <span class='ocrx_word' id='word_1_601' title='bbox 2276 4111 2291 4159; x_wconf 88' lang='lat'><strong>;</strong></span> <span class='ocrx_word' id='word_1_602' title='bbox 2323 4092 2357 4165; x_wconf 80' lang='grc' dir='ltr'>ἢ</span> <span class='ocrx_word' id='word_1_603' title='bbox 2388 4090 2547 4163; x_wconf 77' lang='grc' dir='ltr'>δῆλον</span> <span class='ocrx_word' id='word_1_604' title='bbox 2580 4091 2664 4145; x_wconf 81' lang='grc' dir='ltr'>ὅτι</span> <span class='ocrx_word' id='word_1_605' title='bbox 2708 4087 2867 4162; x_wconf 78' lang='grc' dir='ltr'>Ἠλίᾳ</span> <span class='ocrx_word' id='word_1_606' title='bbox 2896 4087 2992 4141; x_wconf 72' lang='grc' dir='ltr'>καὶ</span> <span class='ocrx_word' id='word_1_607' title='bbox 3035 4085 3279 4154; x_wconf 83' lang='grc' dir='ltr'>Ἰωάννῃ,</span> <span class='ocrx_word' id='word_1_608' title='bbox 3334 4081 3430 4135; x_wconf 77' lang='grc' dir='ltr'>καὶ</span> <span class='ocrx_word' id='word_1_609' title='bbox 3469 4083 3588 4146; x_wconf 85' lang='grc' dir='ltr'>τοῖς</span> <span class='ocrx_word' id='word_1_610' title='bbox 3620 4084 3747 4137; x_wconf 82' lang='grc' dir='ltr'>κατ’</span> 
     </span>
    </p>
   </div>
   <div class='ocr_carea' id='block_1_83' title="bbox 2147 4174 3858 4251">
    <p class='ocr_par' dir='ltr' id='par_1_83' title="bbox 2147 4174 3858 4251">
     <span class='ocr_line' id='line_1_83' title="bbox 2147 4174 3858 4251; baseline -0.006 -12"><span class='ocrx_word' id='word_1_611' title='bbox 2147 4186 2391 4249; x_wconf 72' lang='grc' dir='ltr'>ἐκείνους</span> <span class='ocrx_word' id='word_1_612' title='bbox 2424 4183 2832 4248; x_wconf 86' lang='grc' dir='ltr'>συντάττοντες,</span> <span class='ocrx_word' id='word_1_613' title='bbox 2852 4180 2903 4234; x_wconf 84' lang='grc' dir='ltr'>οἳ</span> <span class='ocrx_word' id='word_1_614' title='bbox 2938 4176 3234 4251; x_wconf 81' lang='grc' dir='ltr'>περιῆλθον</span> <span class='ocrx_word' id='word_1_615' title='bbox 3262 4177 3320 4232; x_wconf 84' lang='grc' dir='ltr'>ὲν</span> <span class='ocrx_word' id='word_1_616' title='bbox 3358 4174 3659 4248; x_wconf 82' lang='grc' dir='ltr'>μηλωταῖς,</span> <span class='ocrx_word' id='word_1_617' title='bbox 3688 4177 3753 4231; x_wconf 77' lang='grc' dir='ltr'>ὲν</span> <span class='ocrx_word' id='word_1_618' title='bbox 3848 4193 3858 4203; x_wconf 95' lang='grc'><strong>·</strong></span> 
     </span>
    </p>
   </div>
   <div class='ocr_carea' id='block_1_84' title="bbox 2148 4269 3750 4349">
    <p class='ocr_par' dir='ltr' id='par_1_84' title="bbox 2148 4269 3750 4349">
     <span class='ocr_line' id='line_1_84' title="bbox 2148 4269 3750 4349; baseline -0.007 -15"><span class='ocrx_word' id='word_1_619' title='bbox 2148 4278 2378 4346; x_wconf 79' lang='grc' dir='ltr'>αἰγείοις</span> <span class='ocrx_word' id='word_1_620' title='bbox 2399 4277 2690 4349; x_wconf 83' lang='grc' dir='ltr'>δέρμασιν,</span> <span class='ocrx_word' id='word_1_621' title='bbox 2727 4273 3142 4345; x_wconf 83' lang='grc' dir='ltr'>ὑστερούμενοι,</span> <span class='ocrx_word' id='word_1_622' title='bbox 3170 4269 3503 4338; x_wconf 77' lang='grc' dir='ltr'>θλιϐόμενοι,</span> <span class='ocrx_word' id='word_1_623' title='bbox 3535 4286 3750 4324; x_wconf 81' lang='grc' dir='ltr'>κακου-</span> 
     </span>
    </p>
   </div>
   <div class='ocr_carea' id='block_1_85' title="bbox 2150 4356 3753 4441">
    <p class='ocr_par' dir='ltr' id='par_1_85' title="bbox 2150 4356 3753 4441">
     <span class='ocr_line' id='line_1_85' title="bbox 2150 4356 3753 4441; baseline 0.004 -19"><span class='ocrx_word' id='word_1_624' title='bbox 2150 4368 2431 4441; x_wconf 89' lang='grc' dir='ltr'>χούμενοι,</span> <span class='ocrx_word' id='word_1_625' title='bbox 2468 4363 2543 4423; x_wconf 84' lang='grc' dir='ltr'>ὧν</span> <span class='ocrx_word' id='word_1_626' title='bbox 2581 4368 2680 4423; x_wconf 77' lang='grc' dir='ltr'>οὐκ</span> <span class='ocrx_word' id='word_1_627' title='bbox 2717 4364 2785 4440; x_wconf 78' lang='grc' dir='ltr'>ἦν</span> <span class='ocrx_word' id='word_1_628' title='bbox 2818 4366 2971 4433; x_wconf 84' lang='grc' dir='ltr'>ἄξιος</span> <span class='ocrx_word' id='word_1_629' title='bbox 2999 4366 3028 4418; x_wconf 84' lang='grc' dir='ltr'><strong>ὁ</strong></span> <span class='ocrx_word' id='word_1_630' title='bbox 3055 4364 3261 4435; x_wconf 84' lang='grc' dir='ltr'>κόσμος</span> <span class='ocrx_word' id='word_1_631' title='bbox 3290 4356 3468 4430; x_wconf 74' lang='grc' dir='ltr'>οὗτος,</span> <span class='ocrx_word' id='word_1_632' title='bbox 3524 4363 3583 4415; x_wconf 69' lang='grc' dir='ltr'>έν</span> <span class='ocrx_word' id='word_1_633' title='bbox 3612 4364 3753 4434; x_wconf 77' lang='grc' dir='ltr'>ἐρη-</span> 
     </span>
    </p>
   </div>
   <div class='ocr_carea' id='block_1_86' title="bbox 2119 4450 3752 4534">
    <p class='ocr_par' dir='ltr' id='par_1_86' title="bbox 2119 4450 3752 4534">
     <span class='ocr_line' id='line_1_86' title="bbox 2119 4450 3752 4534; baseline -0.003 -21"><span class='ocrx_word' id='word_1_634' title='bbox 2119 4459 2306 4534; x_wconf 26' lang='grc' dir='ltr'>ιμίαις</span> <span class='ocrx_word' id='word_1_635' title='bbox 2350 4458 2721 4531; x_wconf 86' lang='grc' dir='ltr'>πλανώμενοι,</span> <span class='ocrx_word' id='word_1_636' title='bbox 2790 4457 2886 4512; x_wconf 73' lang='grc' dir='ltr'>καὶ</span> <span class='ocrx_word' id='word_1_637' title='bbox 2929 4456 3102 4528; x_wconf 72' lang='grc' dir='ltr'>ὄρεσι,</span> <span class='ocrx_word' id='word_1_638' title='bbox 3148 4454 3243 4509; x_wconf 71' lang='grc' dir='ltr'>καὶ</span> <span class='ocrx_word' id='word_1_639' title='bbox 3303 4450 3616 4523; x_wconf 76' lang='grc' dir='ltr'>σπηλαίοις,</span> <span class='ocrx_word' id='word_1_640' title='bbox 3651 4453 3752 4508; x_wconf 75' lang='grc' dir='ltr'>καὶ</span> 
     </span>
    </p>
   </div>
   <div class='ocr_carea' id='block_1_87' title="bbox 451 4544 2034 4639">
    <p class='ocr_par' dir='ltr' id='par_1_87' title="bbox 451 4545 2034 4618">
     <span class='ocr_line' id='line_1_87' title="bbox 451 4545 2034 4618; baseline 0 -16"><span class='ocrx_word' id='word_1_641' title='bbox 451 4549 557 4615; x_wconf 88' lang='lat' dir='ltr'><strong>cis,</strong></span> <span class='ocrx_word' id='word_1_642' title='bbox 589 4554 646 4603; x_wconf 86' lang='lat' dir='ltr'>et</span> <span class='ocrx_word' id='word_1_643' title='bbox 698 4545 1076 4600; x_wconf 83' lang='lat' dir='ltr'><strong>foraminibus</strong></span> <span class='ocrx_word' id='word_1_644' title='bbox 1136 4555 1299 4601; x_wconf 74' lang='lat' dir='ltr'><strong>terrre</strong></span> <span class='ocrx_word' id='word_1_645' title='bbox 1328 4547 1351 4600; x_wconf 84' lang='lat'><strong>?</strong></span> <span class='ocrx_word' id='word_1_646' title='bbox 1376 4545 1423 4599; x_wconf 85' lang='lat' dir='ltr'><strong>Is</strong></span> <span class='ocrx_word' id='word_1_647' title='bbox 1456 4546 1604 4602; x_wconf 89' lang='lat' dir='ltr'><strong>enim</strong></span> <span class='ocrx_word' id='word_1_648' title='bbox 1645 4548 1880 4618; x_wconf 87' lang='lat' dir='ltr'><strong>patriam</strong></span> <span class='ocrx_word' id='word_1_649' title='bbox 1913 4550 2034 4603; x_wconf 78' lang='lat' dir='ltr'><strong>olin:</strong></span> 
     </span>
    </p>
   </div>
   <div class='ocr_carea' id='block_1_88' title="bbox 2139 4544 3754 4639">
    <p class='ocr_par' dir='ltr' id='par_1_88' title="bbox 2152 4544 3754 4639">
     <span class='ocr_line' id='line_1_88' title="bbox 2152 4544 3754 4639; baseline -0.004 -32"><span class='ocrx_word' id='word_1_650' title='bbox 2152 4555 2275 4618; x_wconf 81' lang='grc' dir='ltr'>ταῖς</span> <span class='ocrx_word' id='word_1_651' title='bbox 2308 4554 2471 4639; x_wconf 70' lang='grc' dir='ltr'>ὀπαῖς</span> <span class='ocrx_word' id='word_1_652' title='bbox 2501 4553 2599 4623; x_wconf 81' lang='grc' dir='ltr'>τῆς</span> <span class='ocrx_word' id='word_1_653' title='bbox 2624 4554 2759 4623; x_wconf 76' lang='grc' dir='ltr'>γῆςς</span> <span class='ocrx_word' id='word_1_654' title='bbox 2788 4544 2958 4615; x_wconf 74' lang='grc' dir='ltr'>Οὗτος</span> <span class='ocrx_word' id='word_1_655' title='bbox 2990 4549 3101 4620; x_wconf 86' lang='grc' dir='ltr'>γὰρ</span> <span class='ocrx_word' id='word_1_656' title='bbox 3141 4544 3385 4618; x_wconf 86' lang='grc' dir='ltr'>πατρίδα</span> <span class='ocrx_word' id='word_1_657' title='bbox 3433 4544 3604 4599; x_wconf 85' lang='grc' dir='ltr'>πάλαι</span> <span class='ocrx_word' id='word_1_658' title='bbox 3646 4547 3754 4616; x_wconf 76' lang='grc' dir='ltr'>μὲν</span> 
     </span>
    </p>
   </div>
   <div class='ocr_carea' id='block_1_89' title="bbox 450 4637 2050 4712">
    <p class='ocr_par' dir='ltr' id='par_1_89' title="bbox 450 4637 2050 4712">
     <span class='ocr_line' id='line_1_89' title="bbox 450 4637 2050 4712; baseline 0 -16"><span class='ocrx_word' id='word_1_659' title='bbox 450 4641 674 4712; x_wconf 86' lang='lat' dir='ltr'><strong>quidem</strong></span> <span class='ocrx_word' id='word_1_660' title='bbox 732 4638 928 4694; x_wconf 86' lang='lat' dir='ltr'><strong>habuit</strong></span> <span class='ocrx_word' id='word_1_661' title='bbox 984 4638 1220 4709; x_wconf 84' lang='lat' dir='ltr'><strong>Cyrum,</strong></span> <span class='ocrx_word' id='word_1_662' title='bbox 1273 4637 1440 4708; x_wconf 87' lang='lat' dir='ltr'><strong>cujus</strong></span> <span class='ocrx_word' id='word_1_663' title='bbox 1481 4648 1642 4695; x_wconf 86' lang='lat' dir='ltr'><strong>antea</strong></span> <span class='ocrx_word' id='word_1_664' title='bbox 1673 4640 2050 4708; x_wconf 87' lang='lat' dir='ltr'><strong>meminimus,</strong></span> 
     </span>
    </p>
   </div>
   <div class='ocr_carea' id='block_1_90' title="bbox 454 4731 2050 4807">
    <p class='ocr_par' dir='ltr' id='par_1_90' title="bbox 454 4731 2050 4807">
     <span class='ocr_line' id='line_1_90' title="bbox 454 4731 2050 4807; baseline -0.001 -18"><span class='ocrx_word' id='word_1_665' title='bbox 454 4744 644 4807; x_wconf 87' lang='lat' dir='ltr'><strong>postea</strong></span> <span class='ocrx_word' id='word_1_666' title='bbox 674 4748 804 4789; x_wconf 81' lang='lat' dir='ltr'><strong>vero</strong></span> <span class='ocrx_word' id='word_1_667' title='bbox 833 4732 1192 4787; x_wconf 88' lang='lat' dir='ltr'><strong>solitudinem</strong></span> <span class='ocrx_word' id='word_1_668' title='bbox 1225 4751 1239 4787; x_wconf 91' lang='lat'><strong>:</strong></span> <span class='ocrx_word' id='word_1_669' title='bbox 1275 4731 1378 4785; x_wconf 88' lang='lat' dir='ltr'>bac</span> <span class='ocrx_word' id='word_1_670' title='bbox 1406 4739 1593 4789; x_wconf 89' lang='lat' dir='ltr'><strong>autem</strong></span> <span class='ocrx_word' id='word_1_671' title='bbox 1624 4742 1681 4787; x_wconf 90' lang='lat' dir='ltr'>et</span> <span class='ocrx_word' id='word_1_672' title='bbox 1708 4733 1800 4785; x_wconf 90' lang='lat' dir='ltr'><strong>illa</strong></span> <span class='ocrx_word' id='word_1_673' title='bbox 1837 4733 2050 4799; x_wconf 90' lang='lat' dir='ltr'><strong>relicta,</strong></span> 
     </span>
    </p>
   </div>
   <div class='ocr_carea' id='block_1_91' title="bbox 2152 4637 3754 4719">
    <p class='ocr_par' dir='ltr' id='par_1_91' title="bbox 2152 4637 3754 4719">
     <span class='ocr_line' id='line_1_91' title="bbox 2152 4637 3754 4719; baseline -0.005 -21"><span class='ocrx_word' id='word_1_674' title='bbox 2152 4644 2278 4719; x_wconf 77' lang='grc' dir='ltr'>ἔσχε</span> <span class='ocrx_word' id='word_1_675' title='bbox 2307 4637 2408 4719; x_wconf 77' lang='grc' dir='ltr'>τὴν</span> <span class='ocrx_word' id='word_1_676' title='bbox 2432 4645 2636 4717; x_wconf 82' lang='grc' dir='ltr'>Κῦρον,</span> <span class='ocrx_word' id='word_1_677' title='bbox 2670 4639 2740 4717; x_wconf 75' lang='grc' dir='ltr'>ἧς</span> <span class='ocrx_word' id='word_1_678' title='bbox 2769 4643 2864 4697; x_wconf 76' lang='grc' dir='ltr'>καὶ</span> <span class='ocrx_word' id='word_1_679' title='bbox 2891 4640 3129 4715; x_wconf 83' lang='grc' dir='ltr'>πρόσθεν</span> <span class='ocrx_word' id='word_1_680' title='bbox 3157 4639 3460 4712; x_wconf 78' lang='grc' dir='ltr'>ἐμνήσθην,</span> <span class='ocrx_word' id='word_1_681' title='bbox 3519 4637 3663 4710; x_wconf 86' lang='grc' dir='ltr'>μετά</span> <span class='ocrx_word' id='word_1_682' title='bbox 3691 4638 3754 4691; x_wconf 66' lang='grc' dir='ltr'>δὲ</span> 
     </span>
    </p>
   </div>
   <div class='ocr_carea' id='block_1_92' title="bbox 2149 4730 3753 4812">
    <p class='ocr_par' dir='ltr' id='par_1_92' title="bbox 2149 4730 3753 4812">
     <span class='ocr_line' id='line_1_92' title="bbox 2149 4730 3753 4812; baseline -0.007 -17"><span class='ocrx_word' id='word_1_683' title='bbox 2149 4741 2328 4796; x_wconf 75' lang='grc' dir='ltr'>ταῦτα</span> <span class='ocrx_word' id='word_1_684' title='bbox 2360 4738 2460 4812; x_wconf 82' lang='grc' dir='ltr'>τήν</span> <span class='ocrx_word' id='word_1_685' title='bbox 2494 4739 2723 4811; x_wconf 80' lang='grc' dir='ltr'>ἔρημον,</span> <span class='ocrx_word' id='word_1_686' title='bbox 2765 4736 2859 4789; x_wconf 75' lang='grc' dir='ltr'>καὶ</span> <span class='ocrx_word' id='word_1_687' title='bbox 2886 4731 3095 4804; x_wconf 90' lang='grc' dir='ltr'>ταύτην</span> <span class='ocrx_word' id='word_1_688' title='bbox 3125 4731 3183 4786; x_wconf 79' lang='grc' dir='ltr'>δὲ</span> <span class='ocrx_word' id='word_1_689' title='bbox 3219 4732 3483 4802; x_wconf 86' lang='grc' dir='ltr'>κάκείνην</span> <span class='ocrx_word' id='word_1_690' title='bbox 3515 4730 3753 4785; x_wconf 78' lang='grc' dir='ltr'>καταλι-</span> 
     </span>
    </p>
   </div>
   <div class='ocr_carea' id='block_1_93' title="bbox 451 4820 2034 4900">
    <p class='ocr_par' dir='ltr' id='par_1_93' title="bbox 451 4820 2034 4893">
     <span class='ocr_line' id='line_1_93' title="bbox 451 4820 2034 4893; baseline -0.001 -12"><span class='ocrx_word' id='word_1_691' title='bbox 451 4828 656 4883; x_wconf 74' lang='grc' dir='ltr'>οωιυιη</span> <span class='ocrx_word' id='word_1_692' title='bbox 685 4839 831 4879; x_wconf 92' lang='lat' dir='ltr'><strong>nunc</strong></span> <span class='ocrx_word' id='word_1_693' title='bbox 864 4823 1050 4877; x_wconf 79' lang='lat' dir='ltr'><strong>liabet.</strong></span> <span class='ocrx_word' id='word_1_694' title='bbox 1076 4820 1145 4875; x_wconf 91' lang='lat' dir='ltr'>Et</span> <span class='ocrx_word' id='word_1_695' title='bbox 1169 4821 1261 4875; x_wconf 88' lang='lat' dir='ltr'><strong>illa</strong></span> <span class='ocrx_word' id='word_1_696' title='bbox 1284 4822 1507 4893; x_wconf 80' lang='lat' dir='ltr'><strong>quidem</strong></span> <span class='ocrx_word' id='word_1_697' title='bbox 1535 4838 1662 4879; x_wconf 87' lang='lat' dir='ltr'><strong>cum</strong></span> <span class='ocrx_word' id='word_1_698' title='bbox 1700 4824 1912 4893; x_wconf 75' lang='lat' dir='ltr'><strong>genuit,</strong></span> <span class='ocrx_word' id='word_1_699' title='bbox 1938 4824 2034 4880; x_wconf 62' lang='lat' dir='ltr'><strong>haec</strong></span> 
     </span>
    </p>
   </div>
   <div class='ocr_carea' id='block_1_94' title="bbox 2139 4820 3754 4900">
    <p class='ocr_par' dir='ltr' id='par_1_94' title="bbox 2152 4821 3754 4900">
     <span class='ocr_line' id='line_1_94' title="bbox 2152 4821 3754 4900; baseline -0.007 -13"><span class='ocrx_word' id='word_1_700' title='bbox 2152 4832 2292 4897; x_wconf 87' lang='grc' dir='ltr'>πὼν,</span> <span class='ocrx_word' id='word_1_701' title='bbox 2323 4830 2418 4884; x_wconf 80' lang='grc' dir='ltr'>νῦν</span> <span class='ocrx_word' id='word_1_702' title='bbox 2446 4830 2561 4900; x_wconf 78' lang='grc' dir='ltr'>ἔχει</span> <span class='ocrx_word' id='word_1_703' title='bbox 2594 4829 2687 4882; x_wconf 67' lang='grc' dir='ltr'>τὸν</span> <span class='ocrx_word' id='word_1_704' title='bbox 2712 4827 2960 4899; x_wconf 72' lang='grc' dir='ltr'>οὐρανόν.</span> <span class='ocrx_word' id='word_1_705' title='bbox 3008 4823 3125 4879; x_wconf 72' lang='grc' dir='ltr'>Καὶ</span> <span class='ocrx_word' id='word_1_706' title='bbox 3168 4824 3202 4896; x_wconf 84' lang='grc' dir='ltr'>ή</span> <span class='ocrx_word' id='word_1_707' title='bbox 3237 4822 3338 4895; x_wconf 77' lang='grc' dir='ltr'>μὲν</span> <span class='ocrx_word' id='word_1_708' title='bbox 3378 4821 3541 4876; x_wconf 70' lang='grc' dir='ltr'>αὐτόν</span> <span class='ocrx_word' id='word_1_709' title='bbox 3596 4822 3754 4891; x_wconf 74' lang='grc' dir='ltr'>ἐγέν-</span> 
     </span>
    </p>
   </div>
   <div class='ocr_carea' id='block_1_95' title="bbox 452 4913 2034 4999">
    <p class='ocr_par' dir='ltr' id='par_1_95' title="bbox 452 4913 2034 4985">
     <span class='ocr_line' id='line_1_95' title="bbox 452 4913 2034 4985; baseline -0.001 -10"><span class='ocrx_word' id='word_1_710' title='bbox 452 4936 582 4975; x_wconf 80' lang='lat' dir='ltr'><strong>vero</strong></span> <span class='ocrx_word' id='word_1_711' title='bbox 618 4918 778 4981; x_wconf 89' lang='lat' dir='ltr'><strong>aluit,</strong></span> <span class='ocrx_word' id='word_1_712' title='bbox 805 4917 1189 4985; x_wconf 85' lang='lat' dir='ltr'><strong>victoremque</strong></span> <span class='ocrx_word' id='word_1_713' title='bbox 1209 4913 1412 4982; x_wconf 74' lang='lat' dir='ltr'><strong>effecit,</strong></span> <span class='ocrx_word' id='word_1_714' title='bbox 1442 4917 1642 4973; x_wconf 62' lang='lat' dir='ltr'><strong>calum</strong></span> <span class='ocrx_word' id='word_1_715' title='bbox 1677 4925 1864 4971; x_wconf 86' lang='lat' dir='ltr'><strong>autem</strong></span> <span class='ocrx_word' id='word_1_716' title='bbox 1900 4933 2034 4974; x_wconf 91' lang='lat' dir='ltr'><strong>coro</strong></span> 
     </span>
    </p>
   </div>
   <div class='ocr_carea' id='block_1_96' title="bbox 2139 4913 3755 4999">
    <p class='ocr_par' dir='ltr' id='par_1_96' title="bbox 2160 4913 3755 4999">
     <span class='ocr_line' id='line_1_96' title="bbox 2160 4913 3755 4999; baseline -0.009 -18"><span class='ocrx_word' id='word_1_717' title='bbox 2160 4942 2347 4999; x_wconf 87' lang='grc' dir='ltr'>νησεν,</span> <span class='ocrx_word' id='word_1_718' title='bbox 2394 4925 2428 4995; x_wconf 80' lang='grc' dir='ltr'>ὴ</span> <span class='ocrx_word' id='word_1_719' title='bbox 2460 4922 2517 4976; x_wconf 84' lang='grc' dir='ltr'>δὲ</span> <span class='ocrx_word' id='word_1_720' title='bbox 2549 4920 2748 4993; x_wconf 80' lang='grc' dir='ltr'>ἔθρεψε</span> <span class='ocrx_word' id='word_1_721' title='bbox 2802 4918 2896 4973; x_wconf 72' lang='grc' dir='ltr'>καὶ</span> <span class='ocrx_word' id='word_1_722' title='bbox 2936 4917 3236 4989; x_wconf 76' lang='grc' dir='ltr'>νικηφόρον</span> <span class='ocrx_word' id='word_1_723' title='bbox 3277 4914 3551 4985; x_wconf 83' lang='grc' dir='ltr'>ἀπέφηνε,</span> <span class='ocrx_word' id='word_1_724' title='bbox 3610 4915 3642 4967; x_wconf 84' lang='grc' dir='ltr'><strong>ὁ</strong></span> <span class='ocrx_word' id='word_1_725' title='bbox 3693 4913 3755 4967; x_wconf 74' lang='grc' dir='ltr'>δὲ</span> 
     </span>
    </p>
   </div>
   <div class='ocr_carea' id='block_1_97' title="bbox 453 5007 2050 5082">
    <p class='ocr_par' dir='ltr' id='par_1_97' title="bbox 453 5007 2050 5082">
     <span class='ocr_line' id='line_1_97' title="bbox 453 5007 2050 5082; baseline 0.002 -15"><span class='ocrx_word' id='word_1_726' title='bbox 453 5024 645 5069; x_wconf 79' lang='lat' dir='ltr'><strong>natum</strong></span> <span class='ocrx_word' id='word_1_727' title='bbox 678 5011 918 5080; x_wconf 82' lang='lat' dir='ltr'><strong>excepit.</strong></span> <span class='ocrx_word' id='word_1_728' title='bbox 951 5007 1283 5079; x_wconf 85' lang='lat' dir='ltr'><strong>Contempla</strong></span> <span class='ocrx_word' id='word_1_729' title='bbox 1323 5009 1470 5065; x_wconf 88' lang='lat' dir='ltr'><strong>enim</strong></span> <span class='ocrx_word' id='word_1_730' title='bbox 1517 5011 1774 5067; x_wconf 89' lang='lat' dir='ltr'><strong>claritate</strong></span> <span class='ocrx_word' id='word_1_731' title='bbox 1800 5013 2050 5082; x_wconf 75' lang='lat' dir='ltr'><strong>generis,</strong></span> 
     </span>
    </p>
   </div>
   <div class='ocr_carea' id='block_1_98' title="bbox 454 5097 2052 5174">
    <p class='ocr_par' dir='ltr' id='par_1_98' title="bbox 454 5097 2052 5174">
     <span class='ocr_line' id='line_1_98' title="bbox 454 5097 2052 5174; baseline 0.001 -18"><span class='ocrx_word' id='word_1_732' title='bbox 454 5104 599 5174; x_wconf 79' lang='lat' dir='ltr'><strong>quod</strong></span> <span class='ocrx_word' id='word_1_733' title='bbox 631 5118 662 5156; x_wconf 88' lang='lat' dir='ltr'>a</span> <span class='ocrx_word' id='word_1_734' title='bbox 689 5099 942 5173; x_wconf 82' lang='lat' dir='ltr'><strong>patriciis</strong></span> <span class='ocrx_word' id='word_1_735' title='bbox 991 5097 1255 5167; x_wconf 87' lang='lat' dir='ltr'><strong>ducebat,</strong></span> <span class='ocrx_word' id='word_1_736' title='bbox 1299 5110 1354 5156; x_wconf 89' lang='lat' dir='ltr'>et</span> <span class='ocrx_word' id='word_1_737' title='bbox 1385 5101 1681 5172; x_wconf 86' lang='lat' dir='ltr'><strong>splendore</strong></span> <span class='ocrx_word' id='word_1_738' title='bbox 1741 5103 1958 5173; x_wconf 80' lang='lat' dir='ltr'><strong>palatii,</strong></span> <span class='ocrx_word' id='word_1_739' title='bbox 1996 5103 2052 5158; x_wconf 92' lang='lat' dir='ltr'>in</span> 
     </span>
    </p>
   </div>
   <div class='ocr_carea' id='block_1_99' title="bbox 456 5191 2051 5267">
    <p class='ocr_par' dir='ltr' id='par_1_99' title="bbox 456 5191 2051 5267">
     <span class='ocr_line' id='line_1_99' title="bbox 456 5191 2051 5267; baseline 0 -17"><span class='ocrx_word' id='word_1_740' title='bbox 456 5212 567 5267; x_wconf 87' lang='lat' dir='ltr'>quo</span> <span class='ocrx_word' id='word_1_741' title='bbox 597 5196 936 5266; x_wconf 83' lang='lat' dir='ltr'><strong>proceritate</strong></span> <span class='ocrx_word' id='word_1_742' title='bbox 963 5191 1221 5262; x_wconf 88' lang='lat' dir='ltr'><strong>corporis</strong></span> <span class='ocrx_word' id='word_1_743' title='bbox 1252 5200 1308 5247; x_wconf 90' lang='lat' dir='ltr'>et</span> <span class='ocrx_word' id='word_1_744' title='bbox 1339 5192 1517 5248; x_wconf 87' lang='lat' dir='ltr'><strong>forma</strong></span> <span class='ocrx_word' id='word_1_745' title='bbox 1564 5194 1811 5251; x_wconf 88' lang='lat' dir='ltr'><strong>donatus</strong></span> <span class='ocrx_word' id='word_1_746' title='bbox 1847 5197 1918 5250; x_wconf 85' lang='lat' dir='ltr'>ab</span> <span class='ocrx_word' id='word_1_747' title='bbox 1950 5211 2051 5250; x_wconf 88' lang='lat' dir='ltr'><strong>au-</strong></span> 
     </span>
    </p>
   </div>
   <div class='ocr_carea' id='block_1_100' title="bbox 463 5284 2054 5358">
    <p class='ocr_par' dir='ltr' id='par_1_100' title="bbox 463 5284 2054 5358">
     <span class='ocr_line' id='line_1_100' title="bbox 463 5284 2054 5358; baseline 0.001 -17"><span class='ocrx_word' id='word_1_748' title='bbox 463 5299 620 5343; x_wconf 86' lang='lat' dir='ltr'><strong>ctore</strong></span> <span class='ocrx_word' id='word_1_749' title='bbox 650 5294 887 5350; x_wconf 65' lang='lat' dir='ltr'><strong>naturae,</strong></span> <span class='ocrx_word' id='word_1_750' title='bbox 933 5284 1217 5355; x_wconf 81' lang='lat' dir='ltr'><strong>animique</strong></span> <span class='ocrx_word' id='word_1_751' title='bbox 1264 5285 1559 5356; x_wconf 88' lang='lat' dir='ltr'><strong>prudentia</strong></span> <span class='ocrx_word' id='word_1_752' title='bbox 1619 5288 1834 5358; x_wconf 89' lang='lat' dir='ltr'><strong>pollens</strong></span> <span class='ocrx_word' id='word_1_753' title='bbox 1889 5285 2054 5343; x_wconf 85' lang='lat' dir='ltr'><strong>flore-</strong></span> 
     </span>
    </p>
   </div>
   <div class='ocr_carea' id='block_1_101' title="bbox 410 5376 2054 5444">
    <p class='ocr_par' dir='ltr' id='par_1_101' title="bbox 410 5376 2054 5444">
     <span class='ocr_line' id='line_1_101' title="bbox 410 5376 2054 5444; baseline 0.004 -15"><span class='ocrx_word' id='word_1_754' title='bbox 410 5420 415 5429; x_wconf 91' lang='lat'><em>.</em></span> <span class='ocrx_word' id='word_1_755' title='bbox 459 5381 571 5444; x_wconf 80' lang='lat' dir='ltr'><strong>bat,</strong></span> <span class='ocrx_word' id='word_1_756' title='bbox 596 5379 651 5433; x_wconf 92' lang='lat' dir='ltr'><strong>in</strong></span> <span class='ocrx_word' id='word_1_757' title='bbox 675 5376 845 5432; x_wconf 90' lang='lat' dir='ltr'><strong>Deum</strong></span> <span class='ocrx_word' id='word_1_758' title='bbox 863 5383 919 5431; x_wconf 83' lang='lat' dir='ltr'>et</span> <span class='ocrx_word' id='word_1_759' title='bbox 935 5377 1256 5433; x_wconf 84' lang='lat' dir='ltr'><strong>resdivinas</strong></span> <span class='ocrx_word' id='word_1_760' title='bbox 1276 5385 1451 5433; x_wconf 91' lang='lat' dir='ltr'><strong>totum</strong></span> <span class='ocrx_word' id='word_1_761' title='bbox 1478 5392 1725 5433; x_wconf 85' lang='lat' dir='ltr'><strong>amorem</strong></span> <span class='ocrx_word' id='word_1_762' title='bbox 1767 5380 2054 5435; x_wconf 90' lang='lat' dir='ltr'><strong>transtulit</strong></span> 
     </span>
    </p>
   </div>
   <div class='ocr_carea' id='block_1_102' title="bbox 460 5469 2051 5541">
    <p class='ocr_par' dir='ltr' id='par_1_102' title="bbox 460 5469 2051 5541">
     <span class='ocr_line' id='line_1_102' title="bbox 460 5469 2051 5541; baseline -0.003 -12"><span class='ocrx_word' id='word_1_763' title='bbox 460 5483 536 5538; x_wconf 85' lang='lat' dir='ltr'>et,</span> <span class='ocrx_word' id='word_1_764' title='bbox 567 5469 832 5527; x_wconf 87' lang='lat' dir='ltr'><strong>omnibus</strong></span> <span class='ocrx_word' id='word_1_765' title='bbox 862 5470 1047 5526; x_wconf 88' lang='lat' dir='ltr'><strong>valere</strong></span> <span class='ocrx_word' id='word_1_766' title='bbox 1068 5470 1270 5539; x_wconf 87' lang='lat' dir='ltr'><strong>jussis,</strong></span> <span class='ocrx_word' id='word_1_767' title='bbox 1296 5470 1505 5525; x_wconf 89' lang='lat' dir='ltr'><strong>medias</strong></span> <span class='ocrx_word' id='word_1_768' title='bbox 1540 5469 1755 5541; x_wconf 80' lang='lat'>1137</span> <span class='ocrx_word' id='word_1_769' title='bbox 1792 5471 2051 5526; x_wconf 83' lang='lat' dir='ltr'><strong>solitudi-</strong></span> 
     </span>
    </p>
   </div>
   <div class='ocr_carea' id='block_1_103' title="bbox 463 5562 2050 5633">
    <p class='ocr_par' dir='ltr' id='par_1_103' title="bbox 463 5562 2050 5633">
     <span class='ocr_line' id='line_1_103' title="bbox 463 5562 2050 5633; baseline 0.004 -19"><span class='ocrx_word' id='word_1_770' title='bbox 463 5579 564 5621; x_wconf 81' lang='lat' dir='ltr'>nes</span> <span class='ocrx_word' id='word_1_771' title='bbox 625 5562 783 5627; x_wconf 86' lang='lat' dir='ltr'><strong>adiit,</strong></span> <span class='ocrx_word' id='word_1_772' title='bbox 844 5578 1123 5633; x_wconf 85' lang='lat' dir='ltr'><strong>parvaque</strong></span> <span class='ocrx_word' id='word_1_773' title='bbox 1187 5569 1473 5617; x_wconf 77' lang='lat' dir='ltr'><strong>exstructa</strong></span> <span class='ocrx_word' id='word_1_774' title='bbox 1530 5564 1870 5617; x_wconf 87' lang='lat' dir='ltr'><strong>domuncula</strong></span> <span class='ocrx_word' id='word_1_775' title='bbox 1929 5581 2050 5633; x_wconf 76' lang='lat' dir='ltr'><strong>qua:</strong></span> 
     </span>
    </p>
   </div>
   <div class='ocr_carea' id='block_1_104' title="bbox 408 5655 2045 5726">
    <p class='ocr_par' dir='ltr' id='par_1_104' title="bbox 408 5655 2045 5726">
     <span class='ocr_line' id='line_1_104' title="bbox 408 5655 2045 5726; baseline 0.002 -19"><span class='ocrx_word' id='word_1_776' title='bbox 408 5698 415 5707; x_wconf 86' lang='lat'><em>.</em></span> <span class='ocrx_word' id='word_1_777' title='bbox 460 5672 664 5726; x_wconf 81' lang='lat' dir='ltr'><strong>corpus</strong></span> <span class='ocrx_word' id='word_1_778' title='bbox 685 5655 808 5725; x_wconf 81' lang='lat' dir='ltr'><strong>ejus</strong></span> <span class='ocrx_word' id='word_1_779' title='bbox 832 5655 920 5708; x_wconf 78' lang='lat' dir='ltr'>vix</span> <span class='ocrx_word' id='word_1_780' title='bbox 942 5664 1207 5725; x_wconf 58' lang='grc' dir='ltr'>πίεσαι-ει,</span> <span class='ocrx_word' id='word_1_781' title='bbox 1237 5655 1547 5724; x_wconf 82' lang='lat' dir='ltr'><strong>eademque</strong></span> <span class='ocrx_word' id='word_1_782' title='bbox 1576 5669 1748 5723; x_wconf 78' lang='lat' dir='ltr'><strong>parvo</strong></span> <span class='ocrx_word' id='word_1_783' title='bbox 1805 5658 2045 5724; x_wconf 63' lang='lat' dir='ltr'><strong>quodam</strong></span> 
     </span>
    </p>
   </div>
   <div class='ocr_carea' id='block_1_105' title="bbox 552 5828 1642 5898">
    <p class='ocr_par' dir='ltr' id='par_1_105' title="bbox 552 5828 1642 5898">
     <span class='ocr_line' id='line_1_105' title="bbox 552 5828 1642 5898; baseline 0.004 -18"><span class='ocrx_word' id='word_1_784' title='bbox 552 5842 573 5866; x_wconf 74' lang='grc' dir='ltr'>ι</span> <span class='ocrx_word' id='word_1_785' title='bbox 608 5829 734 5888; x_wconf 85' lang='lat' dir='ltr'><strong>an.</strong></span> <span class='ocrx_word' id='word_1_786' title='bbox 772 5847 870 5898; x_wconf 71' lang='lat' dir='ltr'><strong>xu,</strong></span> <span class='ocrx_word' id='word_1_787' title='bbox 899 5831 990 5885; x_wconf 73' lang='lat'>20.</span> <span class='ocrx_word' id='word_1_788' title='bbox 1069 5831 1098 5869; x_wconf 65' lang='grc' dir='ltr'>δ</span> <span class='ocrx_word' id='word_1_789' title='bbox 1131 5828 1295 5883; x_wconf 82' lang='lat' dir='ltr'><strong>llebr.</strong></span> <span class='ocrx_word' id='word_1_790' title='bbox 1335 5828 1521 5897; x_wconf 68' lang='lat'><strong>11,37,</strong></span> <span class='ocrx_word' id='word_1_791' title='bbox 1550 5828 1642 5884; x_wconf 71' lang='lat'>33.</span> 
     </span>
    </p>
   </div>
   <div class='ocr_carea' id='block_1_106' title="bbox 2153 5005 3754 5087">
    <p class='ocr_par' dir='ltr' id='par_1_106' title="bbox 2153 5005 3754 5087">
     <span class='ocr_line' id='line_1_106' title="bbox 2153 5005 3754 5087; baseline 0 -17"><span class='ocrx_word' id='word_1_792' title='bbox 2153 5016 2481 5087; x_wconf 87' lang='grc' dir='ltr'>στεφανίτην</span> <span class='ocrx_word' id='word_1_793' title='bbox 2520 5011 2758 5078; x_wconf 76' lang='grc' dir='ltr'>ἐδέξατο.</span> <span class='ocrx_word' id='word_1_794' title='bbox 2800 5010 2913 5081; x_wconf 85' lang='grc' dir='ltr'>Τῆς</span> <span class='ocrx_word' id='word_1_795' title='bbox 2951 5009 3062 5081; x_wconf 91' lang='grc' dir='ltr'>γάρ</span> <span class='ocrx_word' id='word_1_796' title='bbox 3104 5005 3199 5062; x_wconf 80' lang='grc' dir='ltr'>τοῦ</span> <span class='ocrx_word' id='word_1_797' title='bbox 3238 5007 3429 5075; x_wconf 78' lang='grc' dir='ltr'>γένους</span> <span class='ocrx_word' id='word_1_798' title='bbox 3465 5021 3754 5075; x_wconf 61' lang='grc' dir='ltr'>καταφροα</span> 
     </span>
    </p>
   </div>
   <div class='ocr_carea' id='block_1_107' title="bbox 2150 5096 3751 5178">
    <p class='ocr_par' dir='ltr' id='par_1_107' title="bbox 2150 5096 3751 5178">
     <span class='ocr_line' id='line_1_107' title="bbox 2150 5096 3751 5178; baseline -0.006 -19"><span class='ocrx_word' id='word_1_799' title='bbox 2150 5106 2323 5178; x_wconf 86' lang='grc' dir='ltr'>νήσας</span> <span class='ocrx_word' id='word_1_800' title='bbox 2362 5103 2762 5178; x_wconf 81' lang='grc' dir='ltr'>περιφανείας,</span> <span class='ocrx_word' id='word_1_801' title='bbox 2802 5100 2862 5169; x_wconf 73' lang='grc' dir='ltr'>ἐξ</span> <span class='ocrx_word' id='word_1_802' title='bbox 2908 5099 3252 5171; x_wconf 84' lang='grc' dir='ltr'>εὐπατριδῶν</span> <span class='ocrx_word' id='word_1_803' title='bbox 3295 5096 3406 5169; x_wconf 87' lang='grc' dir='ltr'>γὰρ</span> <span class='ocrx_word' id='word_1_804' title='bbox 3450 5098 3751 5168; x_wconf 84' lang='grc' dir='ltr'>κατήγετο,</span> 
     </span>
    </p>
   </div>
   <div class='ocr_carea' id='block_1_108' title="bbox 2152 5188 3748 5268">
    <p class='ocr_par' dir='ltr' id='par_1_108' title="bbox 2152 5188 3748 5268">
     <span class='ocr_line' id='line_1_108' title="bbox 2152 5188 3748 5268; baseline -0.009 -15"><span class='ocrx_word' id='word_1_805' title='bbox 2152 5200 2248 5253; x_wconf 78' lang='grc' dir='ltr'>καὶ</span> <span class='ocrx_word' id='word_1_806' title='bbox 2275 5198 2377 5268; x_wconf 83' lang='grc' dir='ltr'>τῆς</span> <span class='ocrx_word' id='word_1_807' title='bbox 2407 5199 2465 5252; x_wconf 78' lang='grc' dir='ltr'>ὲν</span> <span class='ocrx_word' id='word_1_808' title='bbox 2502 5194 2796 5267; x_wconf 82' lang='grc' dir='ltr'>βασιλείοις</span> <span class='ocrx_word' id='word_1_809' title='bbox 2838 5191 3249 5264; x_wconf 85' lang='grc' dir='ltr'>λαμπρότητος,</span> <span class='ocrx_word' id='word_1_810' title='bbox 3285 5192 3345 5243; x_wconf 77' lang='grc' dir='ltr'>ἐν</span> <span class='ocrx_word' id='word_1_811' title='bbox 3378 5188 3611 5251; x_wconf 77' lang='grc' dir='ltr'>ἐκείνοις</span> <span class='ocrx_word' id='word_1_812' title='bbox 3640 5189 3748 5257; x_wconf 58' lang='grc' dir='ltr'>γὰρ</span> 
     </span>
    </p>
   </div>
   <div class='ocr_carea' id='block_1_109' title="bbox 2152 5279 3753 5363">
    <p class='ocr_par' dir='ltr' id='par_1_109' title="bbox 2152 5279 3753 5363">
     <span class='ocr_line' id='line_1_109' title="bbox 2152 5279 3753 5363; baseline -0.008 -18"><span class='ocrx_word' id='word_1_813' title='bbox 2152 5291 2327 5363; x_wconf 57' lang='lat' dir='ltr'><strong>mea,</strong></span> <span class='ocrx_word' id='word_1_814' title='bbox 2362 5289 2594 5361; x_wconf 82' lang='grc' dir='ltr'>μέγεθος</span> <span class='ocrx_word' id='word_1_815' title='bbox 2644 5286 2897 5359; x_wconf 85' lang='grc' dir='ltr'>σώματος</span> <span class='ocrx_word' id='word_1_816' title='bbox 2925 5285 3021 5341; x_wconf 76' lang='grc' dir='ltr'>καὶ</span> <span class='ocrx_word' id='word_1_817' title='bbox 3051 5282 3250 5349; x_wconf 87' lang='grc' dir='ltr'>κάλλος</span> <span class='ocrx_word' id='word_1_818' title='bbox 3292 5281 3446 5356; x_wconf 89' lang='grc' dir='ltr'>παρά</span> <span class='ocrx_word' id='word_1_819' title='bbox 3492 5279 3588 5335; x_wconf 82' lang='grc' dir='ltr'>τοῦ</span> <span class='ocrx_word' id='word_1_820' title='bbox 3640 5284 3753 5348; x_wconf 82' lang='grc' dir='ltr'>Δη-</span> 
     </span>
    </p>
   </div>
   <div class='ocr_carea' id='block_1_110' title="bbox 2163 5372 3757 5454">
    <p class='ocr_par' dir='ltr' id='par_1_110' title="bbox 2163 5372 3757 5454">
     <span class='ocr_line' id='line_1_110' title="bbox 2163 5372 3757 5454; baseline -0.008 -18"><span class='ocrx_word' id='word_1_821' title='bbox 2163 5380 2427 5454; x_wconf 83' lang='grc' dir='ltr'>μιουργοῦ</span> <span class='ocrx_word' id='word_1_822' title='bbox 2482 5380 2779 5453; x_wconf 80' lang='grc' dir='ltr'>δεξάμενος</span> <span class='ocrx_word' id='word_1_823' title='bbox 2828 5378 2930 5449; x_wconf 76' lang='grc' dir='ltr'>τῆς</span> <span class='ocrx_word' id='word_1_824' title='bbox 2958 5376 3197 5449; x_wconf 87' lang='grc' dir='ltr'>φύσεως,</span> <span class='ocrx_word' id='word_1_825' title='bbox 3248 5374 3345 5430; x_wconf 72' lang='grc' dir='ltr'>καὶ</span> <span class='ocrx_word' id='word_1_826' title='bbox 3386 5374 3567 5445; x_wconf 70' lang='grc' dir='ltr'>ψυχήν</span> <span class='ocrx_word' id='word_1_827' title='bbox 3612 5372 3757 5442; x_wconf 74' lang='grc' dir='ltr'>ἔχων</span> 
     </span>
    </p>
   </div>
   <div class='ocr_carea' id='block_1_111' title="bbox 2159 5462 3756 5543">
    <p class='ocr_par' dir='ltr' id='par_1_111' title="bbox 2159 5462 3756 5543">
     <span class='ocr_line' id='line_1_111' title="bbox 2159 5462 3756 5543; baseline -0.008 -18"><span class='ocrx_word' id='word_1_828' title='bbox 2159 5470 2413 5543; x_wconf 66' lang='grc' dir='ltr'>ἀγχινοίᾳ⁵</span> <span class='ocrx_word' id='word_1_829' title='bbox 2442 5468 2917 5541; x_wconf 79' lang='grc' dir='ltr'>κεκοσμημένην,’</span> <span class='ocrx_word' id='word_1_830' title='bbox 2949 5470 3031 5532; x_wconf 85' lang='grc' dir='ltr'>είς</span> <span class='ocrx_word' id='word_1_831' title='bbox 3071 5465 3206 5521; x_wconf 80' lang='grc' dir='ltr'>Θεὸν</span> <span class='ocrx_word' id='word_1_832' title='bbox 3246 5464 3343 5519; x_wconf 82' lang='grc' dir='ltr'>καὶ</span> <span class='ocrx_word' id='word_1_833' title='bbox 3390 5463 3461 5517; x_wconf 77' lang='grc' dir='ltr'>τά</span> <span class='ocrx_word' id='word_1_834' title='bbox 3507 5462 3643 5516; x_wconf 73' lang='grc' dir='ltr'>θεοῦ</span> <span class='ocrx_word' id='word_1_835' title='bbox 3692 5462 3756 5513; x_wconf 68' lang='grc' dir='ltr'>τὸ</span> 
     </span>
    </p>
   </div>
   <div class='ocr_carea' id='block_1_112' title="bbox 2160 5555 3754 5635">
    <p class='ocr_par' dir='ltr' id='par_1_112' title="bbox 2160 5555 3754 5635">
     <span class='ocr_line' id='line_1_112' title="bbox 2160 5555 3754 5635; baseline -0.005 -20"><span class='ocrx_word' id='word_1_836' title='bbox 2160 5563 2380 5633; x_wconf 65' lang='grc' dir='ltr'>φίλτρον</span> <span class='ocrx_word' id='word_1_837' title='bbox 2438 5561 2729 5635; x_wconf 79' lang='grc' dir='ltr'>μετέθηκε,</span> <span class='ocrx_word' id='word_1_838' title='bbox 2785 5562 2882 5616; x_wconf 77' lang='grc' dir='ltr'>καὶ</span> <span class='ocrx_word' id='word_1_839' title='bbox 2940 5562 3106 5614; x_wconf 79' lang='grc' dir='ltr'>πᾶσιν</span> <span class='ocrx_word' id='word_1_840' title='bbox 3167 5556 3443 5632; x_wconf 71' lang='grc' dir='ltr'>ἐρρῶσθαι</span> <span class='ocrx_word' id='word_1_841' title='bbox 3512 5555 3754 5627; x_wconf 82' lang='grc' dir='ltr'>φράσας,</span> 
     </span>
    </p>
   </div>
   <div class='ocr_carea' id='block_1_113' title="bbox 2160 5650 3759 5728">
    <p class='ocr_par' dir='ltr' id='par_1_113' title="bbox 2160 5650 3759 5728">
     <span class='ocr_line' id='line_1_113' title="bbox 2160 5650 3759 5728; baseline -0.007 -18"><span class='ocrx_word' id='word_1_842' title='bbox 2160 5657 2570 5728; x_wconf 78' lang='grc' dir='ltr'>καταλαμϐάνει</span> <span class='ocrx_word' id='word_1_843' title='bbox 2602 5656 2700 5725; x_wconf 73' lang='grc' dir='ltr'>τῆς</span> <span class='ocrx_word' id='word_1_844' title='bbox 2734 5657 2942 5727; x_wconf 79' lang='grc' dir='ltr'>ἐρήμου</span> <span class='ocrx_word' id='word_1_845' title='bbox 2978 5653 3067 5709; x_wconf 76' lang='grc' dir='ltr'>τὸν</span> <span class='ocrx_word' id='word_1_846' title='bbox 3096 5652 3362 5726; x_wconf 70' lang='grc' dir='ltr'>όμφαὶδν,</span> <span class='ocrx_word' id='word_1_847' title='bbox 3395 5650 3489 5704; x_wconf 66' lang='grc' dir='ltr'>καὶ</span> <span class='ocrx_word' id='word_1_848' title='bbox 3524 5650 3759 5721; x_wconf 49' lang='grc' dir='ltr'>τμικᾴμνδ</span> 
     </span>
    </p>
   </div>
  </div>
