4030 6412
317 460 460 529 1325
1395 480 1405 509 ι

1554 461 1962 527 RELIGIOSA
1989 466 2381 533 HISTORIA.

3456 479 3594 545 Γιἓοῖ

310 579 562 633 οἰκίσκον
595 571 949 648 δειμάμενος,
1018 574 1137 631 οὑδὲ
1178 577 1255 649 τῷ
1302 578 1514 649 σώματι
1560 581 1876 652 σύμμετρον

2008 581 2122 633 alio
2147 593 2300 650 septo
2328 581 2694 647 circumdata,
2720 582 2796 637 ibi
2824 584 3050 639 clausus
3071 584 3256 640 lliCl‘t'li
3279 596 3313 639 .t
3350 595 3590 658 ηςςίιίιιοι,

307 672 407 726 καὶ
436 670 580 741 ἄλλῳ
608 686 667 722 τε
703 667 923 741 σμικρῷ
948 686 1054 723 τινι
1076 670 1310 743 θριγκίῳ
1338 670 1667 743 περιϐαλὼν,
1687 672 1901 744 καθεῖρο

2008 672 2076 724 ah
2110 673 2260 725 omni
2293 673 2518 741 quidem
2556 671 2790 728 liatnana
2835 680 3241 735 consuetudine
3278 683 3590 752 St‘jtlllClllS,

305 781 408 819 κτο
460 762 747 834 διηνεκῶς,
812 760 996 834 πάσης
1053 762 1152 832 μὲν
1205 764 1491 828 συνουσίας
1547 764 1878 837 ἀνθρωπίνης

2005 760 2104 816 sed
2128 777 2256 816 cum
2278 761 2510 819 Domino
2543 765 2557 785 ‘
2586 765 2973 822 universorum
3008 771 3359 842 colloquens,
3396 787 3450 830 et
3473 778 3597 832 dul-

299 855 736 928 κεχωρισμένος,
767 853 844 924 τῷ
861 854 917 907 δὲ
938 852 1048 911 τῶν
1068 854 1206 909 ὅλων
1228 855 1475 930 Δεσπότῃ
1494 856 1894 925 διαλεγόμενος,

298 951 403 1013 καὶ
432 951 529 1022 τῆς
556 950 813 1019 γλυκείας
846 949 1062 1020 ἐκείνης
1112 951 1317 1004 ἐπαΐων
1364 950 1571 1021 φωνῆς.
1618 951 1743 1015 Τοῖς
1796 948 1897 1022 μὲν

297 1044 417 1116 γάρ
470 1041 634 1106 θείοις
690 1041 1034 1112 ἐντυγχάνων
1084 1040 1307 1109 λογίοις,
1358 1041 1458 1114 τῆς
1513 1042 1664 1106 θείας
1708 1042 1896 1114 φωνῆς

220 1129 233 1140 ’
294 1133 600 1189 ἀπολαύειν
630 1136 841 1207 ἠγεῖτο·
874 1134 1312 1206 προσευχόμενος
1340 1133 1512 1191 δὲκαὶ
1544 1137 1639 1200 τὰς
1659 1134 1895 1201 ίκετείας

295 1225 656 1298 προσφέρων,
688 1225 849 1290 αὐτὸς
879 1226 979 1303 τῂν
1011 1227 1151 1298 πρὸς
1194 1227 1285 1281 τὸν
1331 1227 1611 1298 Δεσπότην
1659 1229 1895 1281 ἐποιεῖτο

290 1312 560 1383 διάλεξιν.
597 1316 709 1370 Καὶ⁵
734 1316 1006 1389 τοσαύτης
1047 1318 1134 1371 ἀεὶ
1166 1320 1376 1391 τρυφῆς
1411 1320 1704 1374 ἀπολαύων
1733 1323 1892 1391 κόρον

291 1408 488 1463 λαϐεῖν
518 1410 618 1463 οὐκ
653 1402 925 1466 ἐϐούλετο.
962 1406 1202 1466 Ἤκουσε
1235 1414 1344 1483 γὰρ
1377 1412 1474 1466 τοῦ
1528 1414 1676 1468 θείου
1720 1415 1891 1468 Πνεύ-

292 1512 475 1572 ματος
504 1501 593 1555 διὰ
621 1500 715 1555 τοῦ
744 1503 986 1572 μεγάλου
1013 1504 1179 1558 Δαϐὶδ
1212 1490 1639 1576 ύποψάλλοντος,
1672 1527 1692 1562 t
1737 1509 1826 1574 Ὠς
1862 1512 1889 1564 ὁ

291 1592 542 1664 μελετῶν
568 1595 625 1645 ὲν
655 1592 806 1666 νόμῳ
848 1591 1058 1666 Κυρίου
1095 1595 1312 1669 ἡμέρας
1356 1599 1453 1652 καί
1480 1600 1697 1666 νυκτὸς,
1730 1601 1887 1656 ἔσται

284 1680 367 1749 ὡς
409 1684 469 1737 τὸ
503 1685 660 1751 ξύλον
700 1682 761 1739 τὸ
810 1687 1219 1757 πεφυτευμένον
1269 1691 1422 1761 παρὰ
1468 1690 1569 1755 τὰς
1619 1691 1889 1757 διεξόδους

292 1778 413 1830 τῶν
458 1777 686 1842 ὑδάτων,
731 1775 760 1831 ὃ
795 1778 887 1833 τὸν
929 1780 1141 1851 καρπὸν
1188 1779 1355 1835 αὐτοῦ
1407 1781 1568 1837 δώσει
1614 1784 1673 1837 ὲν
1713 1784 1888 1857 καιρῷ

289 1867 487 1933 αὐτοῦ,
511 1869 605 1923 καὶ
628 1869 688 1922 τὸ
710 1868 905 1938 φύλλον
924 1869 1088 1925 αὐτοῦ
1115 1869 1660 1946 ούκάπορρυήσεται.
1705 1894 1723 1926 ι
1745 1876 1909 1929 Τού-“

285 1972 404 2011 των
431 1956 541 2012 τῶν
572 1958 803 2029 καρπῶν
828 1959 1115 2030 ἐφιέμενος
1135 1961 1226 2015 τὸν
1248 1962 1463 2034 ἥδιστον
1488 1963 1678 2017 τοῦτον
1704 1967 1885 2035 ἠσπά-

286 2048 418 2112 ζετο
476 2048 662 2116 πόνον,
711 2050 807 2104 καὶ
850 2050 950 2123 τὴν
1002 2053 1100 2123 μὲν
1135 2054 1447 2127 προσευχὴν
1484 2058 1519 2125 ἡ
1570 2057 1882 2129 ψαλμῳδία,

282 2141 392 2209 τὴν
421 2140 476 2193 δὲ
502 2140 824 2212 ψαλμῳδίαν
858 2144 892 2213 ἡ
936 2144 1218 2216 προσευχὴ
1250 2145 1538 2216 διεδέχετο,
1573 2148 1672 2202 καὶ
1704 2150 1885 2220 ἀμφό-

283 2247 425 2302 τερα
456 2232 619 2287 πάλιν
646 2234 679 2304 ἠ
708 2233 819 2286 τῶν
848 2233 1012 2288 θείων
1065 2235 1263 2304 λογίων
1314 2238 1625 2307 ἀνάγνωσις
1644 2258 1658 2271 ο
1702 2241 1882 2296 Σιτίον

284 2323 345 2376 δὲ
369 2319 439 2395 ἦν
462 2324 613 2395 αὐτῷ
638 2324 801 2394 μόνος
840 2326 1027 2397 ἄρτος,
1056 2327 1150 2381 καὶ
1175 2321 1333 2394 οὗτος
1359 2330 1585 2404 σταθμῷ
1639 2349 1881 2406 προσφε-

288 2415 556 2487 ρόμενος·
596 2416 853 2482 τοσοῦτος
882 2408 1046 2490 δὲἧν·
1070 2420 1099 2471 ὁ
1150 2421 1412 2493 σταθμὸς,
1451 2423 1527 2488 ὡς
1574 2424 1650 2496 μὴ
1679 2425 1880 2498 παιδίῳ

282 2507 411 2579 ᾶρτι
444 2508 618 2579 θηλῆς
659 2507 1033 2579 ἀπαλλαγέντι
1085 2512 1185 2584 τὴν
1229 2513 1414 2585 χρείαν
1442 2515 1713 2588 πληροῦν·
1746 2519 1880 2587 φασὶ

281 2601 394 2670 γὰρ
448 2600 545 2654 τοῦ
604 2602 779 2673 ἄρτου
820 2604 922 2674 τὴν
952 2603 1143 2675 λίτραν
1196 2606 1436 2677 τετραχῆ
1491 2606 1878 2681 διαιρουμένην

282 2694 522 2763 ἡμέραις
554 2694 814 2766 τέτταρσι
854 2694 1231 2767 διανέμεσθαι,
1285 2698 1384 2751 καὶ
1433 2699 1618 2770 ἡμέρᾳ
1669 2701 1876 2775 ἑκάστῃ

286 2786 418 2855 μίαν
464 2785 844 2857 ἀπονέμεσθαι
887 2788 1105 2858 μοῖραν.
1158 2787 1472 2860 Ἐκεκρίκει
1496 2790 1604 2861 γὰρ
1636 2793 1878 2864 ἑσπέρας

287 2876 431 2931 κατά
465 2877 596 2948 μίαν
622 2877 826 2932 ἐσθίειν
847 2879 952 2951 ήμέ
964 2896 1083 2950 ραν,
1102 2879 1265 2951 κόρον
1280 2879 1336 2933 δὲ
1370 2881 1638 2953 μηδέποτε
1668 2870 1873 2939 λαϐεῖν·

282 2968 401 3022 ἀλλ’
430 2968 520 3023 ἀεὶ
554 2968 658 3040 μὲν
681 2973 899 3042 πεινῇν,
935 2971 1022 3024 ἀεὶ
1047 2971 1104 3024 δὲ
1132 2972 1312 3043 διψῇν,
1356 2974 1687 3045 προσφέρειν
1718 2975 1774 3029 δὲ
1796 2975 1876 3047 τῷ

285 3060 503 3131 σώματι
533 3062 603 3115 τὰ
639 3063 720 3125 είς
751 3063 813 3115 τὸ
846 3060 948 3133 ζῇν
971 3064 1322 3136 ἀποχρῶντα.
1359 3065 1558 3134 Ἔλεγε
1588 3067 1698 3138 γὰρ
1731 3068 1807 3130 ὡς
1845 3070 1875 3122 ὁ

280 3153 369 3209 διὰ
399 3155 666 3208 πλειόνων
696 3152 920 3227 ἡμερῶν
972 3157 1164 3211 σιτίων
1211 3158 1662 3230 μεταλαγχάνων,
1711 3161 1874 3215 ἀσθε-

2003 868 2124 909 cem
2157 853 2302 909 illam
2339 871 2528 911 vocem
2582 858 2910 917 exaudiens.
2947 860 3145 917 Divina
3186 866 3333 920 enim
3364 882 3593 925 versans

2004 948 2253 1019 eloquia,
2286 949 2534 1005 divinam
2569 966 2627 1008 se
2657 966 2850 1009 vocem
2878 956 3075 1012 audire
3101 960 3367 1015 censebat
3388 980 3402 1014 :
3422 979 3592 1019 orans

2003 1048 2185 1095 autem
2218 1050 2272 1096 et
2303 1056 2494 1113 preces
2525 1042 2788 1110 oll‘erens,
2826 1045 2943 1115 ipse
2972 1062 3098 1103 cum
3131 1049 3365 1108 Domino
3393 1054 3585 1123 loque-

2002 1133 2189 1189 batur.
2214 1133 2426 1189 Etcum
2449 1134 2619 1190 tantis
2641 1151 2859 1206 semper
2879 1138 3163 1199 frueretur
3183 1143 3419 1204 deliciis.
3442 1162 3590 1200 nun.

1956 1235 1981 1251 θ
1998 1240 2167 1295 quam
2185 1232 2368 1280 tamen
2394 1226 2549 1280 illum
2569 1226 2798 1283 satietas
2823 1229 3093 1299 capiebat.
3112 1232 3413 1289 Audiverat
3435 1237 3586 1292 enim

1999 1314 2249 1370 divinum
2277 1315 2550 1386 Spiritum
2578 1332 2753 1386 peros
2779 1317 3003 1376 Davidis
3029 1322 3358 1391 psallentem
3385 1344 3399 1380 :
3436 1343 3455 1378 ι
3480 1327 3589 1393 Qui

1998 1409 2301 1466 meditatur
2331 1411 2386 1464 in
2408 1410 2527 1482 lege
2551 1408 2772 1465 Domini
2794 1410 2887 1467 die
2905 1427 2969 1468 ac
2993 1423 3174 1481 nocte,
3190 1417 3295 1471 erit
3319 1425 3585 1487 tanquam

1998 1498 2207 1570 lignum
2228 1501 2373 1571 quod
2398 1501 2701 1571 plantatum
2722 1509 2812 1557 est
2832 1519 2993 1561 secus
3009 1505 3276 1564 decursus
3291 1520 3583 1580 aquarum,

1998 1596 2142 1664 quod
2173 1591 2417 1649 fructum
2449 1609 2609 1651 suum
2640 1595 2866 1650 dabitin
2893 1606 3140 1671 tempore
3169 1616 3291 1669 suo,
3313 1610 3368 1657 et
3389 1604 3584 1659 folium

1997 1687 2121 1758 ejus
2159 1702 2269 1742 non
2320 1688 2591 1744 doﬂuetc.
2622 1706 2640 1740 ι
2672 1686 2782 1744 Hos
2832 1689 2924 1746 ille
2970 1691 3187 1751 fructus
3227 1694 3582 1758 desiderans.

1991 1779 2461 1850 jucundissimum
2495 1781 2647 1838 hunc
2696 1782 2942 1838 laborem
2995 1787 3435 1856 amplectebatur
3476 1809 3489 1844 :
3529 1799 3587 1846 et

1995 1872 2302 1930 orationem
2344 1874 2567 1944 quidem
2609 1877 2935 1949 psalmodia,
2981 1878 3343 1948 psalmodiam
3393 1890 3580 1937 autem

1994 1963 2303 2033 excipiebat
2319 1964 2518 2032 oratio,
2538 1976 2592 2023 et
2611 1976 2848 2040 utraque
2868 1985 3065 2025 rursus
3083 1971 3245 2027 lectio
3263 1974 3578 2028 divinorum

1989 2054 2357 2124 eloquiorum.
2377 2055 2549 2112 Cibus
2570 2067 2756 2114 autem
2781 2059 2860 2113 illi
2899 2071 3018 2114 erat
3042 2061 3193 2115 solus
3218 2062 3395 2131 panis,
3423 2063 3581 2133 isque

1988 2147 2054 2200 ad
2078 2162 2393 2203 mensuram
2414 2147 2577 2205 datus
2613 2166 2627 2204 :
2659 2165 2920 2205 mensura
2939 2166 3146 2205 veruea
3166 2160 3303 2219 erat,
3326 2134 3578 2225 quartiec

1993 2236 2200 2293 infanti
2248 2253 2278 2293 a
2316 2239 2456 2295 lacte
2492 2256 2669 2310 nuper
2716 2240 2938 2296 divulso
3001 2243 3139 2297 satis
3176 2254 3346 2298 esset.
3405 2243 3579 2299 Aiunt

1984 2330 2129 2385 enim
2166 2332 2327 2401 panis
2359 2333 2557 2387 libram
2583 2345 2823 2404 quatuor
2852 2334 2907 2387 in
2938 2344 3128 2405 partes
3148 2336 3408 2400 divisam,
3435 2354 3567 2408 qua-

1984 2429 2112 2478 tuor
2144 2424 2341 2481 diebus
2372 2424 2543 2481 fuisse
2600 2426 2984 2493 distributam,
3014 2436 3068 2483 et
3115 2427 3352 2500 singulis
3380 2431 3579 2486 diebus

1985 2522 2195 2585 partem
2222 2531 2390 2570 unam
2442 2517 2806 2587 assignatam.
2839 2516 3124 2575 Statuerat
3150 2520 3296 2573 enim
3348 2536 3575 2591 vespere

1980 2605 2276 2686 comedere
2320 2606 2589 2677 quotidie,
2657 2618 2942 2677 nunquam
3003 2618 3188 2663 autem
3219 2610 3437 2676 satiati,
3469 2613 3569 2666 sed

1982 2712 2201 2768 semper
2242 2699 2479 2762 esurire,
2515 2713 2846 2768 semperque
2895 2698 3074 2763 sitire,
3112 2701 3337 2769 corpori
3375 2708 3563 2757 autem

1980 2805 2044 2843 ca
2095 2789 2381 2854 exhibere,
2414 2806 2538 2861 quae
2582 2791 2649 2844 ad
2678 2790 2849 2844 vitam
2908 2791 3325 2845 sustentandam
3355 2791 3575 2846 sullice-

1981 2886 2127 2934 rent.
2163 2878 2391 2935 Dicebat
2414 2881 2563 2936 enim
2601 2895 2727 2936 eum
2759 2881 2854 2951 qui
2878 2888 3005 2951 post
3029 2884 3328 2937 multorum
3354 2883 3572 2937 dierum

1979 2971 2220 3025 inediam
2256 2973 2439 3027 cibum
2471 2973 2638 3043 capit,
2673 2980 2728 3027 et
2774 2973 2971 3027 diebus
3004 2974 3200 3029 inedia:
3233 2972 3412 3029 cilicia
3466 2974 3576 3028 Do-

1981 3061 2185 3116 minica
2220 3062 2439 3133 1138
2467 3062 2783 3133 languidius
2804 3064 3054 3133 exsequi,
3082 3074 3138 3119 et
3171 3080 3283 3134 quo
3317 3063 3407 3119 die
3439 3080 3569 3120 rur-

1980 3168 2076 3209 sus
2109 3153 2292 3208 cibum
2345 3155 2526 3225 capit.
2562 3155 2742 3224 plura,
2771 3162 2834 3207 ut
2873 3149 2989 3208 lieii
3024 3155 3187 3222 solet,
3240 3154 3570 3225 ingerendo.

280 3249 434 3301 νέστε
446 3264 537 3320 ρον
570 3247 675 3319 μὲν.
695 3248 753 3300 ὲν
781 3250 903 3312 ταῖς
932 3248 1032 3319 τῆς
1059 3250 1529 3321 ἀωτίαςὴμέραις
1556 3251 1655 3315 τὰς
1679 3253 1873 3307 δεσπο-

1983 3256 2232 3301 rentrem
2268 3261 2527 3314 onerare,
2563 3255 2622 3301 et
2647 3247 2752 3300 hoc
2792 3255 3025 3317 gravato
3076 3246 3378 3302 tardiorem
3415 3246 3574 3302 reddi

277 3342 438 3404 τικάς
452 3340 800 3412 λειτουργίας
830 3342 1104 3396 ἐπιτελεῖ*
1133 3344 1191 3395 έν
1218 3337 1252 3417 ᾖ
1281 3342 1336 3396 δὲ
1363 3343 1525 3396 πάλιν
1548 3345 1737 3416 ἡμέρα
1764 3348 1873 3400 τῶν

1982 3339 2223 3393 animam
2241 3338 2308 3391 ad
2330 3338 2689 3409 vigilandum.
2705 3338 2969 3395 Prwstare
2989 3340 3176 3409 itaque
3198 3339 3398 3403 aiebat,
3424 3339 3573 3395 vesci

280 3432 470 3487 σιτίων
506 3432 939 3503 μεταλαμϐάνει,
974 3433 1218 3497 πλείονα,
1251 3433 1328 3498 ὡς
1356 3435 1524 3500 εἰκὸς,
1561 3438 1871 3508 προσφερό-

281 3538 446 3594 μενος
487 3522 587 3594 τὴν
634 3524 880 3596 γαστέρα
929 3522 1195 3598 φορτίζει,
1234 3523 1580 3595 βαρυνομένη
1622 3527 1677 3580 δὲ
1730 3527 1869 3600 αὕτη

276 3614 654 3685 ὀκνηροτέραν
705 3614 836 3686 περὶ
893 3614 993 3686 τὴν
1057 3615 1367 3687 ἀγρυπνίαν
1425 3615 1715 3687 καθίστησι
1771 3617 1871 3688 τὴν

274 3706 479 3777 ψυχήν.
517 3707 776 3778 Ἄμεινον
805 3708 985 3760 τοίνυν
1019 3707 1174 3775 ἔλεγε
1199 3707 1555 3778 καθ’ὴμέραν
1584 3709 1864 3780 μεταλαμ-

275 3797 466 3850 ϐάνειν
486 3798 719 3869 τροφῆς,
756 3798 918 3870 κόρον
946 3798 1003 3852 δὲ
1036 3799 1329 3869 ὑπομεῖναι
1375 3799 1671 3870 μηδέποτε.
1712 3800 1871 3872 Ἄλης

275 3890 380 3960 θὴς
421 3892 530 3963 γὰρ
580 3891 809 3962 νηστεία
841 3892 873 3962 ή
900 3890 1154 3963 διηνεκὴς
1180 3891 1381 3945 ἔνδεια.
1411 3890 1599 3945 Ταῦτα
1644 3892 1871 3963 νομοθεο

272 3981 388 4034 τῶν
417 3981 646 4035 διετέλει
678 3983 707 4036 ὁ
745 3981 893 4046 θεῖος
924 3978 1082 4047 οὗτος
1109 3982 1269 4056 ἀνὴρ,
1297 3985 1390 4038 καὶ
1420 3985 1580 4056 σῶμα
1615 3986 1870 4056 μέγιστον

276 4072 438 4144 ἔχων,
474 4075 570 4127 καὶ
596 4073 707 4127 τῶν
730 4074 818 4127 ἐπ’
840 4074 1006 4128 αὑτοῦ
1029 4075 1251 4129 πάντων
1275 4074 1374 4129 ἀνθ
1384 4074 1583 4147 ρώπων
1615 4075 1871 4148 μέγιστος

281 4163 355 4218 ὢν
402 4164 499 4218 καὶ
558 4164 866 4227 κάλλιστος,
928 4165 1113 4236 μικρῷ
1163 4164 1322 4219 τοῦτο
1382 4166 1536 4237 σιτίῳ
1595 4167 1865 4237 διέτρεφε.

285 4256 490 4327 Χρόνου
529 4256 589 4310 δέ
642 4274 790 4320 τινος
831 4257 1133 4322 διελθόντος
1168 4258 1262 4312 δύο
1297 4259 1580 4327 συνοίκους
1629 4257 1867 4325 ἐδέξατο,

278 4347 561 4414 Ιίύσέὸιον,
590 4347 651 4412 ὃς
676 4349 776 4418 τῆς
804 4349 958 4420 ἱερᾶς
988 4348 1204 4420 ἐκείνης
1248 4348 1491 4420 καλύϐης
1535 4349 1872 4422 κληρονόμος

276 4439 519 4507 ἐγένετο,
578 4441 674 4493 καὶ
724 4441 1056 4511 Ἀγαπητον,
1102 4441 1163 4505 ὃς
1203 4441 1304 4513 τὴν
1336 4442 1638 4513 ἀγγελικὴν
1667 4442 1871 4513 ταύτην

1974 3432 2198 3502 quidem
2229 3431 2499 3501 quotidie,
2528 3432 2621 3487 sed
2650 3447 2935 3503 nunquam
2968 3446 3291 3501 exspectare
3340 3432 3573 3487 satieta-

1974 3531 2108 3578 tem.
2170 3520 2367 3577 Verum
2414 3524 2562 3577 enim
2593 3522 2863 3592 jejunium
2903 3531 2988 3577 est
3028 3532 3291 3592 perpetua
3331 3524 3570 3577 esuries.

1976 3615 2133 3671 Hanc
2167 3617 2342 3687 legem
2399 3630 2709 3685 proponere
2759 3631 2868 3668 non
2906 3614 3196 3668 desinebat
3225 3615 3309 3668 vir
3344 3615 3437 3668 ille
3474 3612 3564 3668 di-

1974 3708 2160 3770 vinus,
2193 3715 2247 3760 et
2278 3721 2408 3760 cum
2471 3720 2681 3774 corpus
2737 3704 2969 3758 haberet
3020 3704 3345 3770 maximum,
3401 3712 3570 3774 atque

1973 3796 2219 3850 omnium
2250 3796 2340 3850 sui
2368 3796 2636 3863 temporis
2696 3793 2988 3847 hominum
3023 3791 3303 3847 maximus
3336 3802 3390 3846 et
3446 3795 3568 3862 pul-

1973 3888 2284 3942 cherrimus
2314 3896 2483 3948 esset,
2539 3886 2740 3956 exiguo
2767 3885 2823 3940 id
2858 3885 2986 3941 cibo
3032 3886 3399 3941 sustentabat.
3438 3885 3569 3941 Post

1973 3978 2196 4049 aliquod
2228 3979 2494 4048 temporis
2522 3978 2785 4049 spatium.
2819 3980 2960 4033 duos
2994 3978 3222 4034 admisit
3264 3979 3567 4033 contuber-

1972 4072 2151 4133 nales,
2184 4069 2622 4142 Eusebium,qui
2650 4071 2797 4127 sacri
2834 4070 2985 4125 illius
3011 4070 3212 4140 tugurii
3242 4070 3343 4124 luit
3365 4071 3563 4137 haeres,

1972 4173 2028 4218 et
2079 4163 2407 4234 Agapetum,
2444 4164 2541 4234 qui
2594 4163 2694 4218 has
2739 4162 3018 4233 angelicas
3077 4164 3224 4233 leges
3276 4163 3565 4217 transtulit

1973 4254 2296 4322 Apameam.
2347 4252 2426 4308 Ibi
2458 4254 2609 4308 enim
2635 4254 2796 4309 vicus
2822 4259 2906 4308 est
2942 4253 3220 4309 maximus
3246 4261 3301 4307 et
3331 4254 3565 4321 populo-

1976 4360 2097 4409 sus.
2125 4344 2362 4401 Nicerta:
2398 4346 2640 4409 nomine,
2674 4344 2729 4400 in
2766 4359 2879 4427 quo
2912 4343 3026 4399 duo
3055 4346 3295 4399 maxima
3320 4344 3568 4415 philusoc

1974 4440 2118 4511 phiae
2141 4438 2431 4512 gymnasia
2471 4424 2826 4497 construxit,—
2871 4453 3107 4507 quorum
3157 4453 3328 4492 unum
3373 4438 3443 4493 ab
3500 4424 3589 4492 eo.

275 4531 605 4601 νομοθεσίαν
641 4533 721 4595 εὶς
755 4532 856 4603 τὴν
905 4532 1199 4603 ’Λπαμέων
1244 4532 1637 4605 μετεφύτευσε.
1690 4531 1869 4603 Κώμη

1982 4545 2173 4586 nomen
2197 4531 2452 4600 sumpsit,
2470 4530 2704 4585 alterum
2725 4543 2852 4582 vero
2866 4529 2934 4582 ab
2947 4529 3010 4583 ad
3021 4528 3261 4583 mirabili
3280 4528 3562 4592 Simeone,

273 4624 386 4694 γάρ
423 4622 509 4687 τίς
546 4624 663 4676 ἐστι
698 4623 935 4695 μεγίστη
967 4624 1062 4677 καὶ
1096 4620 1541 4697 πολυάνθρωπος,
1595 4625 1863 4695 Νικέρται

1982 4622 2069 4691 qui
2102 4637 2377 4677 annorum
2413 4622 2813 4692 quinquaginta
2835 4620 3019 4688 spatio
3052 4621 3106 4673 in
3139 4619 3240 4673 hac
3270 4618 3565 4687 disciplina

273 4712 334 4767 δὲ
364 4713 539 4785 ὄνομα
579 4714 791 4789 ταύτῃ·
839 4714 934 4769 δύο
988 4715 1173 4768 τοίνυν
1225 4715 1548 4785 φιλοσοφίας
1587 4717 1646 4768 ὲν
1692 4713 1864 4785 ταύτῃ

1982 4713 2210 4769 refulsit.
2249 4713 2306 4768 ln
2328 4714 2414 4769 his
2444 4714 2713 4782 hodieque
2737 4712 2838 4766 viri
2862 4712 3069 4782 degunt
3099 4725 3266 4781 supra
3305 4711 3566 4781 quadrin-

274 4808 675 4878 φροντιστήρια
725 4796 1097 4861 κατεσκεύασε
1160 4807 1432 4878 μέγιστα*
1498 4806 1560 4859 τὸ
1611 4805 1713 4877 μὲν
1764 4805 1864 4875 τῆς

1982 4806 2417 4878 gentos,virtutis
2442 4807 2679 4872 athletae,
2699 4821 2753 4861 et
2774 4805 2991 4875 pietatis
3010 4811 3306 4869 amatores,
3329 4804 3563 4859 coelum-

218 4947 227 4954 .
268 4897 447 4972 αὐτοῦ
482 4898 857 4970 προσηγορίας
887 4898 1200 4971 ἐπώνυμον,
1234 4900 1297 4953 τὸ
1325 4898 1385 4952 δὲ
1416 4898 1512 4953 τοῦ
1547 4895 1863 4969 θαυμαποῦ

1982 4915 2081 4970 que
2111 4898 2394 4954 laboribus
2422 4900 2541 4954 suis
2575 4898 2931 4954 redimentes.
2954 4896 3127 4966 Cujus
3152 4911 3288 4952 sane
3322 4897 3561 4953 instituti

274 4988 591 5062 Συμεώνου,
624 4991 685 5055 ὃς
717 4992 1055 5064 πεντήκοντα
1086 4991 1224 5047 ὲτῶν
1249 4990 1484 5064 ἀριθμὸν
1519 4992 1579 5046 ὲν
1603 4990 1778 5063 ταύτῃ
1795 4992 1863 5062 τῇ

1982 4992 2316 5064 legislatores
2333 4992 2487 5046 fuere
2507 4991 2781 5063 Agapetus
2797 4997 2852 5045 et
2874 4989 3182 5052 Simeones,
3197 4990 3291 5059 qui
3314 5004 3346 5044 a
3363 5006 3481 5061 mag
3491 5006 3562 5046 no

276 5082 572 5155 φιλοσοφίᾳ
595 5082 914 5155 διέλαμψεν.
952 5084 1042 5137 Ἐν
1076 5085 1290 5147 τούτοις
1318 5082 1480 5155 μέχρι
1506 5084 1601 5136 καὶ
1622 5082 1865 5153 τήμερον

276 5174 503 5238 πλείους
580 5174 615 5246 ἦ
667 5176 1013 5247 τετρακόσιοι
1077 5176 1356 5244 διάγουσιν
1404 5175 1616 5247 ἄνδρες,
1665 5173 1869 5245 ἀρετῆς

277 5266 533 5338 ἀθληταὶ,
559 5267 657 5321 καὶ
680 5267 961 5334 εὐσεϐείας
989 5269 1237 5342 ἐρασταὶ,
1272 5266 1483 5322 καὶτὸν
1501 5266 1728 5339 οὐρανὸν
1756 5268 1867 5329 τοῖς

278 5362 467 5424 πόνοις
492 5359 793 5431 ὠνούμενοι
822 5378 835 5393 ·
870 5359 1195 5432 θεσμοθέται
1224 5361 1282 5415 δὲ
1318 5360 1526 5430 ταύτης
1569 5360 1672 5433 τῆς
1706 5360 1865 5412 πολι·-

278 5452 432 5517 τείας
468 5452 783 5523 Ἀγαπητδς
822 5454 917 5506 καὶ
956 5452 1276 5524 Συμεώνης,
1318 5453 1469 5524 παρά
1500 5451 1597 5507 τοῦ
1632 5451 1869 5523 μεγάλου

276 5541 623 5615 Μαρκιανοῦ,
651 5544 781 5608 τοὺς
823 5545 1024 5615 νόμους
1068 5544 1373 5615 δεξάμενοι.
1413 5541 1509 5597 Ἕκ
1555 5544 1613 5597 δὲ
1664 5542 1869 5596 τούτων

282 5634 457 5705 μυρία
478 5633 749 5706 ἐφυτεύθη
786 5635 873 5688 ἒτε
884 5653 951 5706 ρα
971 5637 1227 5707 ἀσκητῶν
1254 5636 1602 5706 καταγώγια,
1629 5635 1868 5691 τουτοισὶ

272 5731 391 5791 τοῖς
419 5728 608 5797 νόμοις
649 5727 1020 5799 κοσμούμενα,
1054 5728 1087 5783 ἀ
1115 5731 1172 5783 ού
1201 5731 1383 5801 ῥᾴδιον
1406 5730 1683 5801 ἀριθμεῖν.
1704 5729 1864 5783 Ἀλλά

350 5914 374 5941 ε
401 5903 544 5959 i‘sai.
582 5921 621 5968 i,
653 5905 744 5961 ‘23.

1976 5082 2256 5136 Marciano
2278 5082 2426 5152 leges
2445 5093 2789 5151 acceperant.
2817 5081 2883 5135 Et
2903 5080 2972 5134 ab
3016 5080 3100 5133 his
3123 5094 3286 5149 porro
3314 5080 3421 5135 alia
3442 5082 3563 5152 plu-

1976 5174 2112 5227 rima
2142 5180 2440 5243 propagata
2462 5183 2593 5228 sunt
2634 5178 2941 5226 ascetarum
2986 5171 3322 5234 habitacula,
3360 5170 3560 5228 iisdem

1974 5265 2185 5336 legibus
2207 5265 2436 5331 utentia,
2459 5280 2581 5337 qua:
2597 5266 2817 5323 dilIicilc
2838 5269 2907 5322 sit
2922 5280 3269 5336 percensere.
3286 5265 3559 5322 Caeterum

1976 5360 2172 5415 horum
2198 5359 2445 5414 omnium
2473 5369 2626 5413 sator
2648 5368 2701 5413 et
2726 5359 3004 5429 plantator
3034 5358 3136 5413 l'uit
3187 5357 3270 5412 vir
3295 5358 3389 5414 ille
3420 5357 3562 5414 divi-

1968 5468 2099 5507 nus.
2145 5451 2251 5518 Qui
2278 5453 2425 5506 enim
2453 5440 2889 5521 pulcherrimum
2909 5464 3093 5505 semen
3115 5449 3370 5519 praebuit,
3387 5450 3436 5504 is
3460 5450 3560 5505 bo-

1968 5559 2164 5600 norum
2210 5560 2331 5614 quas
2346 5559 2414 5598 ex
2449 5557 2516 5598 eo
2546 5550 2855 5598 nascuntur
2894 5542 3017 5612 jure
3046 5551 3241 5597 auctor
3283 5542 3559 5605 vocandus

1964 5648 2073 5694 est.
2100 5635 2347 5691 Primum
2386 5649 2544 5705 ergo,
2572 5643 2632 5688 ut
2661 5634 2799 5698 dixi,
2826 5635 2979 5689 solus
2999 5634 3369 5689 voluntarium
3403 5633 3555 5685 illum

1965 5742 2248 5784 carcerem
2278 5727 2517 5781 tenebat.
2550 5723 2755 5779 Deinde
2781 5740 2904 5779 cum
2931 5723 3033 5807 hos
3056 5723 3196 5777 duos
3222 5723 3555 5785 admisisset,
