4030 6436
444 443 575 506 1327

1436 441 1924 502 THEODORETI
1951 443 2289 507 EPISCOPI
2323 448 2690 510 CYRENSIS

3585 447 3725 512 1328

439 573 552 611 non
581 554 911 611 habitabant
955 562 1138 608 tamen
1177 553 1255 605 illi
1311 551 1414 606 sub
1446 553 1638 606 eodem
1690 561 1857 605 tecto.
1891 550 2026 606 Nam

2137 559 2438 628 φυτουργὸς
2487 559 2694 613 τούτων
2749 559 3005 614 ἁπάντων
3056 559 3085 614 6
3156 559 3443 622 θεσπέσιος
3513 559 3720 621 ἐκεῖνος

442 667 514 704 ne
542 650 645 719 ipsi
680 649 896 720 quidem
934 645 1148 717 1139
1177 644 1282 700 soli
1331 643 1668 698 domuncula
1701 642 2029 707 sufﬁciebat,

440 749 502 796 ut
530 740 828 796 admodum
866 753 1054 810 parva,
1091 747 1146 794 et
1169 753 1294 808 qua:
1329 745 1442 791 tum
1479 737 1646 792 stanti
1682 745 1799 791 tum
1821 736 2030 806 jacenti

442 835 678 888 multum
706 833 915 888 laboris
947 829 1198 886 aﬂ‘erret.
1219 830 1435 900 Quippe
1457 830 1554 898 qui
1589 844 1689 883 nec
1712 841 1868 884 stans
1895 829 2028 900 erigi

440 932 678 997 poterat,
710 940 835 979 cum
859 932 1068 979 tectum.
1087 933 1256 993 caput
1277 931 1332 978 et
1362 923 1571 977 collum
1599 931 1895 992 premeret,
1929 937 2032 976 nec

441 1020 715 1074 recubans
744 1018 910 1089 pedes
931 1017 1252 1083 extendere,
1291 1031 1418 1070 cum
1445 1015 1700 1084 corporis
1727 1013 2032 1084 longitudi-

440 1129 566 1168 nem
606 1111 942 1168 domuncula
977 1127 1087 1166 non
1128 1118 1404 1179 mquaret.
1451 1109 1627 1162 Aliam
1661 1122 1796 1178 ergo
1845 1115 1906 1160 ut
1935 1123 2033 1162 ex—

439 1213 717 1261 struerent
751 1204 1100 1275 permittens,
1133 1203 1302 1272 jussit
1354 1210 1414 1257 ut
1449 1201 1506 1256 in
1535 1215 1600 1254 ea
1644 1199 1935 1267 degerent,
1968 1215 2032 1253 ac

436 1311 537 1367 per
579 1311 638 1353 se
661 1297 764 1367 ipsi
800 1297 1038 1367 hymnos
1085 1296 1356 1356 dicerent,
1386 1300 1442 1348 et
1487 1299 1736 1355 orarent,
1767 1298 1823 1344 et
1845 1289 2031 1344 divina

438 1388 658 1457 eloquia
682 1389 1022 1443 lectitarent.
1065 1389 1202 1443 Cum
1236 1402 1366 1442 vero
1398 1387 1587 1457 plures
1623 1385 1792 1453 hujus
1819 1385 2030 1439 utilita-

439 1481 516 1536 tis
545 1480 848 1550 participes
885 1477 1004 1532 ﬁeri
1059 1484 1361 1548 Oper-teret,
1417 1477 1528 1531 alio
1561 1475 1880 1530 habitacula
1909 1475 2032 1543 ejus

436 1573 602 1638 jussu
678 1571 873 1641 procul
931 1579 1241 1633 exstructo,
1281 1569 1452 1638 jussit
1491 1583 1587 1623 eos
1620 1569 1673 1621 in
1706 1567 1800 1622 illo
1834 1567 2033 1635 degere

438 1666 532 1736 qui
572 1664 791 1719 vellent.
834 1661 934 1718 His
986 1662 1282 1733 praefectus
1315 1660 1424 1716 fuit
1450 1661 1745 1724 Eusebius,
1775 1660 1874 1730 qui
1911 1676 2031 1713 ma-

438 1761 530 1828 gni
561 1757 827 1812 Marciani
853 1755 1166 1811 doctrinam
1216 1756 1298 1810 eis
1334 1752 1610 1808 tradebat.
1641 1752 1874 1808 Divinus
1929 1769 2032 1806 au—

437 1863 548 1905 tem
577 1850 878 1922 Agapetus,
934 1847 1188 1904 eruditus
1241 1858 1406 1916 atque
1433 1847 1796 1910 exercitatus,
1845 1854 2031 1915 utpar

2133 648 2306 720 ἀνήρ’
2351 652 2378 702 6
2409 649 2518 720 γὰρ
2552 651 2612 704 τὸ
2659 651 2884 721 σπέρμα
2939 651 3001 704 τὸ
3052 649 3338 704 κάλλιστον
3400 652 3718 720 παρασχὼν,

2131 733 2288 804 οὗτος
2313 741 2536 794 καὶτῶν
2565 741 2780 810 φύντων
2805 741 3032 811 ἀγαθῶν
3055 743 3228 806 αἴτιος
3246 742 3311 796 ἂν
3334 744 3561 806 εἰκότως
3589 743 3730 812 κληι-

2134 830 2278 902 θείη.
2317 833 2390 886 Τὸ
2420 834 2518 895 μὲν
2558 831 2654 888 οὖν
2701 835 2942 904 πρῶτον,
2981 836 3057 899 ὡς
3086 835 3246 907 ἔφην,
3289 836 3450 906 μόνος
3475 836 3574 906 τὴν
3603 835 3722 888 ἐθε-

2142 923 2356 979 λούσιον
2381 921 2526 996 εἶχεν
2551 927 2778 999 εἱρκτὴν
2809 928 3048 998 ἐκείνην
3090 928 3280 982 ἔπειτα
3310 928 3436 992 τοὺς
3473 917 3565 981 δύο
3593 926 3722 980 τού-

2132 1033 2258 1078 τους
2297 1017 2718 1089 ὑποδεξάμενος,
2755 1019 2817 1073 ού
2868 1020 3152 1084 συνοίκους
3205 1016 3380 1090 εἶχεν·
3440 1021 3562 1074 οὐδὲ
3608 1023 3722 1088 γάρ

2133 1110 2284 1180 αὐτῷ
2313 1111 2460 1182 μόνῳ
2489 1113 2518 1164 6
2551 1114 2798 1177 οἱκίσκος
2833 1114 3076 1185 ἀπέχρη,
3125 1114 3357 1184 σμικρὸς
3387 1113 3463 1166 ὢν
3497 1113 3722 1184 κομιδῇ,
3815 1149 3828 1157 .

2132 1201 2228 1254 καὶ
2261 1201 2428 1254 πολὺν
2463 1201 2612 1274 αὐτῷ
2650 1205 2744 1256 καὶ
2794 1205 2992 1258 ἑστῶτι
3023 1206 3118 1258 καὶ
3157 1204 3539 1275 κατακειμένῳ
3581 1221 3725 1276 παρ-

2133 1291 2271 1362 έχων
2295 1292 2477 1348 πόνον.
2508 1295 2648 1350 υῦτε
2684 1296 2794 1368 γὰρ
2820 1295 2992 1361 ἑστὼς
3022 1297 3378 1368 ἀνορθοῦσθαι
3405 1290 3515 1360 οἷός
3543 1314 3600 1348 τε
3629 1291 3733 1366 ἦν,

2131 1384 2230 1453 τῆς
2259 1385 2463 1456 ὀροφῆς
2494 1387 2588 1439 καὶ
2632 1388 2731 1458 τὴν
2763 1388 3007 1459 κεφαλὴν
3049 1391 3142 1442 καὶ
3186 1389 3276 1443 τὸν
3327 1389 3533 1458 αὐχένα
3576 1406 3728 1460 καμ-

2133 1478 2407 1546 πτούσηςο
2453 1477 2578 1532 οὗτε
2611 1480 3070 1551 κατακλινόμενος
3105 1482 3366 1535 ἐκτείνειν
3398 1483 3523 1546 τοὺς
3558 1481 3734 1545 πόδας

2132 1568 2385 1638 ἠδύνατο,
2419 1571 2705 1643 ἰσόμετρον
2738 1572 2815 1643 τῷ
2855 1573 3068 1643 σώματι
3113 1573 3208 1626 τοῦ
3264 1577 3413 1626 οῖκου
3447 1573 3507 1626 τδ
3549 1574 3727 1644 μῆκος

2133 1661 2234 1711 οὐκ
2290 1659 2525 1730 ἔχοντος.
2580 1662 2810 1733 Ἕτερον
2861 1659 2954 1718 οῦν
2989 1665 3175 1729 αὐτοῖς
3209 1665 3514 1736 ἐπιτρέψας
3556 1683 3729 1718 κατα-

2137 1752 2425 1812 σκευάσαι,
2483 1754 2540 1806 ἐν
2598 1755 2792 1827 ἐκείνῳ
2843 1756 3052 1824 διάγειν
3111 1758 3388 1824 ἐκέλευσε,
3452 1761 3545 1813 καὶ
3601 1759 3738 1815 καθ’

2135 1845 2365 1908 ἑαυτοὺς
2390 1845 2457 1912 δὲ,
2479 1847 2691 1915 ὑμνεῖν,
2721 1847 2816 1902 καὶ
2844 1849 3274 1921 προσεύχεσθαι,
3299 1853 3394 1905 καὶ
3419 1852 3532 1916 τοῖς
3560 1850 3731 1915 θείοις

436 1952 578 2005 erat,
612 1915 931 2013 optimeque
964 1941 1022 1994 in
1053 1940 1158 1994 hac
1188 1939 1442 2011 palaestra
1476 1938 1792 2004 institutus,
1823 1937 2032 1993 disces-

2138 1937 2490 2006 ὲντυγχάνειν
2537 1937 2756 2007 λογίοις.
2807 1915 3028 2013 Ἐπειδὴ
3055 1915 3138 1996 δὲ
3168 1915 3275 1998 ἔδει
3326 1915 3580 2009 πλείονας
3623 1943 3729 2016 τῆς

438 2035 535 2098 sit,
565 2043 625 2088 ut
652 2035 792 2101 dixi,
827 2042 882 2090 et
908 2034 1118 2090 semina
1159 2035 1360 2104 sparsit
1387 2047 1508 2102 quae
1531 2047 1562 2084 a
1582 2031 1766 2086 divina
1801 2030 1892 2084 illa
1922 2029 2040 2083 ani-

435 2142 524 2180 ma
545 2134 834 2197 acceperat
867 2125 1418 2196 :adeoque,illustris
1449 2131 1503 2178 et
1526 2123 1720 2178 clarus
1744 2122 1941 2185 evasit,
1973 2129 2035 2174 ut

441 2217 745 2291 pontiﬁcali
784 2217 915 2274 sede
946 2217 1150 2288 dignus
1201 2217 1422 2272 habitus
1450 2217 1545 2282 sit,
1576 2217 1739 2286 eique
1769 2217 2036 2270 commis-

437 2327 558 2367 sum
591 2313 664 2367 sit
685 2326 891 2366 munus
916 2309 1214 2382 pastorale,
1251 2325 1316 2366 ac
1341 2326 1456 2366 sua
1480 2309 1661 2381 ipsius
1684 2310 1878 2379 patriae
1904 2321 2043 2361 cura

435 2406 782 2462 concredita.

2137 2026 2403 2094 ὠφελείας
2434 2028 2634 2098 ταύτης
2663 2032 3010 2102 μεταλαχεῖν,
3053 2035 3240 2106 ἕτερον
3275 2037 3557 2107 πόρρωθεν
3583 2037 3736 2090 οἰκο-

2136 2119 2441 2190 δομηθῆναι
2515 2122 2860 2191 καταγώγιον
2921 2128 3356 2198 παρεγγυήσας,
3414 2131 3471 2181 ὲν
3531 2130 3729 2199 ἐκείνῳ

2137 2210 2348 2280 διάγειν
2383 2213 2509 2275 τοὺς
2547 2211 2904 2285 βουλομένους
2945 2216 3220 2274 ἐκέλευεν.
3265 2219 3632 2289 Ἡγεμόνευσε
3670 2221 3730 2275 δὲ

2137 2306 2318 2359 αὐτῶν
2374 2306 2408 2358 ὁ.
2456 2306 2737 2371 Εὐσέϐιος,
2801 2308 2900 2380 τὴν
2953 2310 3048 2363 τοῦ
3113 2312 3352 2381 μεγάλου
3404 2314 3738 2384 Μαρκιανοῦη

2136 2397 2487 2451 διδασκαλίαν
2553 2398 2994 2471 διαπορθμεύων.
3065 2402 3124 2456 '0
3183 2405 3239 2457 δὲ
3316 2404 3459 2468 θεῖος
3519 2407 3732 2468 ἐκεῖνος

448 2498 761 2571 Ἀγαπητδς
789 2496 1259 2572 παιδοτριϐηθεὶς,
1281 2495 1357 2560 ὡς
1388 2495 1516 2561 ἔδει,
1547 2496 1642 2548 καὶ
1670 2491 2040 2564 γυμνασθεὶςῬ
2072 2491 2166 2543 καὶ
2196 2491 2291 2560 τὴν
2322 2490 2620 2562 ἀθλητικὴν
2668 2493 2874 2565 ταύτην
2915 2496 3113 2568 ἄριστα
3181 2497 3521 2564 παιδευθεὶς,
3594 2502 3745 2554 ἐπα-

435 2602 624 2671 νῆκεν,
651 2599 726 2663 ὡς
752 2599 916 2670 ἔφην,
935 2598 1029 2653 καὶ
1061 2596 1097 2652 ἃ
1129 2597 1282 2668 παρὰ
1308 2597 1409 2668 τῆς
1435 2597 1588 2660 θείας
1618 2594 1835 2664 ἐκείνης
1886 2587 2069 2661 ψυχῆς
2115 2584 2358 2650 ἐδέξατο.
2425 2589 2757 2661 κατέσπειρε
2793 2593 3083 2664 σπέρματα
3103 2611 3116 2624 “
3164 2596 3308 2651 οὕτω
3333 2594 3391 2651 δὲ
3421 2597 3742 2668 περιφανὴς.

436 2693 657 2760 ἐγένετο
709 2693 805 2746 καὶ
852 2691 1238 2764 περίϐλεπτος,
1291 2689 1366 2750 ὡς
1396 2690 1493 2742 καὶ
1520 2689 1618 2758 τῆς
1651 2679 2046 2757 ἀρχιερατικῆς
2088 2679 2383 2749 προεδρίας
2425 2680 2758 2752 ἀξιωθῆναι,
2799 2687 2894 2740 καὶ
2932 2691 3260 2763 ποιμενικὴν
3310 2691 3740 2764 ἐγχειρισθῆναι

435 2783 784 2855 κηδεμονίαν,
820 2784 916 2836 καὶ
932 2782 1030 2852 τῆς
1053 2780 1264 2842 οἰκείας
1293 2780 1555 2852 πατρίδος
1587 2775 2020 2849 ὲμπιστευθῆναι
2058 2769 2159 2840 τὴν
2185 2772 2527 2841 ἐπιμέλειαν.

507 2875 870 2931 Admirabilis
921 2887 1089 2944 porro
1117 2871 1420 2936 Eusebius,
1485 2881 1820 2939 congregato
1878 2861 2027 2935 gregi

434 2972 749 3045 praesidens
787 2967 1043 3038 magistri
1073 2966 1242 3022 etiam
1301 2981 1488 3020 curam
1517 2964 1764 3036 gerebat,
1793 2969 1847 3018 et
1875 2959 2028 3015 solus

435 3081 540 3123 suo
592 3064 745 3117 illum
803 3068 1052 3128 tempore
1097 3058 1358 3121 adeundi,
1405 3066 1460 3110 et
1497 3071 1626 3110 num
1675 3055 1806 3124 quid
1862 3052 2025 3106 vellet

435 3153 671 3226 rogandi
729 3157 1063 3222 potestatem
1129 3147 1390 3201 habebat.
1420 3143 1600 3199 Noctu
1652 3157 1783 3211 ergo
1835 3139 2028 3195 videre

437 3251 672 3320 cupiens
702 3244 837 3316 quid
888 3249 1095 3313 ageret,
1148 3255 1246 3309 per
1298 3239 1617 3303 fenestram,
1657 3251 1779 3306 quae
1841 3236 2032 3289 admo-

438 3342 570 3397 dum
629 3351 796 3408 parva
859 3341 999 3399 erat,
1061 3347 1232 3387 ausus
1279 3329 1578 3399 inspicere,
1622 3326 1768 3382 videt
1819 3326 2026 3388 lumen,

440 3449 552 3490 non
623 3432 895 3491 lucernae,
981 3441 1162 3495 neque
1235 3420 1646 3482 manufactum,
1710 3416 1806 3473 sed
1887 3395 2097 3472 divi-C

439 3541 596 3588 num,
623 3532 681 3578 et
703 3537 733 3575 a
759 3533 997 3590 superna
1030 3517 1202 3588 gratia
1233 3515 1564 3585 profectum,
1589 3528 1756 3583 supra
1780 3509 2028 3580 magistri

439 3615 642 3685 caput'
667 3613 958 3682 refulgere,
985 3620 1040 3664 et
1080 3609 1136 3664 in
1171 3607 1379 3662 divinis
1428 3606 1666 3675 Scriptis
1717 3604 2029 3658 litterarum

441 3713 785 3762 structuram
817 3702 1130 3758 ostendere.
1161 3699 1388 3754 Librum
1421 3698 1565 3753 enim
1605 3711 1716 3767 pra:
1771 3694 2033 3748 manibus

441 3798 702 3861 habebat,
731 3793 948 3866 115.0
974 3802 1028 3849 et
1054 3792 1256 3846 divinae
1283 3790 1590 3845 voluntatis
1650 3787 2028 3842 inviolabilem

443 3893 769 3946 thesaurum
807 3887 1136 3957 quarebah
1156 3883 1282 3939 Hace
1311 3884 1546 3938 intuitus
1573 3897 1696 3936 cum
1727 3887 1875 3936 esset
1921 3880 2033 3934 Eu-

442 3983 649 4048 sebius,
687 3995 888 4050 magno
915 3980 1114 4034 timore
1150 3994 1214 4033 ac
1268 3987 1494 4047 stupore
1523 3989 1836 4046 percussus,
1868 3981 1924 4026 et
1950 3973 2034 4027 in-

442 4075 623 4132 fusam
663 4073 867 4127 famqu
897 4069 991 4126 Dei
1022 4071 1284 4141 gratiam,
1306 4078 1360 4123 et
1381 4085 1488 4140 qua
1519 4067 1664 4122 Deus
1687 4080 1878 4122 servos
1900 4081 2038 4120 suos

440 4163 826 4222 benevolentia
851 4171 1221 4232 prosequatur
1245 4160 1496 4215 edidicit.
1552 4159 1701 4213 Alias
1731 4171 1948 4222 rursus,
1979 4157 2034 4212 in

442 4255 718 4312 vestibulo
746 4253 947 4307 domus
994 4253 1239 4306 orationi
1269 4266 1492 4321 operam
1537 4248 2032 4312 danteMarciano,

443 4344 891 4414 dracoquidam,
919 4344 1014 4412 qui
1049 4341 1196 4418 muri
1240 4349 1453 4412 partem
1487 4340 1690 4394 orienti
1742 4338 2033 4392 obversam

443 4435 717 4508 reptando
771 4434 1120 4498 ascenderat,
1180 4433 1310 4488 inde
1375 4433 1444 4487 ab
1482 4432 1592 4485 alto
1649 4437 2033 4501 prospectans,

445 4528 622 4584 hianti
647 4543 741 4582 ore
799 4537 1072 4597 torvoque
1125 4535 1354 4594 aspectu
1411 4524 1648 4579 insidias
1699 4522 2032 4577 minabatur.

444 4620 645 4675 Procul
707 4629 886 4673 autem
959 4627 1114 4673 stans
1175 4616 1467 4679 Eusebius,
1498 4624 1554 4669 et
1609 4615 1889 4669 horrendo
1941 4615 2036 4670 illo

446 4712 771 4782 spectaculo
828 4711 1180 4774 terreractus,
1214 4710 1541 4778 magistrum
1572 4709 1623 4763 id
1653 4710 1910 4779 ignorare
1935 4726 2030 4764 ar-

444 4806 701 4868 bitratus,
735 4804 844 4857 alta
898 4819 1032 4858 voce
1055 4802 1304 4856 clamans
1329 4801 1404 4855 illi
1443 4801 1794 4867 ostendebat,
1830 4817 2034 4872 rogans

445 4905 508 4953 ut
555 4896 788 4969 fugeret.
841 4894 1016 4961 Quem
1054 4895 1349 4964 increpans
1404 4894 1520 4961 ille,
1569 4905 1886 4966 metumque
1915 4902 2036 4950 tan.

445 5005 613 5062 quam
646 4988 1021 5061 pemiciosum
1071 4985 1329 5042 aﬁ'ectum
1384 4988 1659 5059 expellere
1693 4988 1923 5058 jubens,
1952 4989 2035 5044 di—

449 5087 560 5158 gito
594 5085 782 5140 cru-cis
815 5084 1042 5154 llguram
1068 5083 1362 5152 expressit,
1390 5091 1446 5137 et
1477 5098 1574 5138 ore
1625 5083 1909 5138 insumuus
1943 5098 2038 5137 ve-

447 5183 594 5232 teres
624 5175 953 5231 inimicitias
968 5175 1252 5245 patefecit.
1285 5175 1408 5230 Mox
1436 5175 1584 5229 enim
1613 5174 1802 5238 draco,
1837 5174 2036 5244 spiritu

448 5268 562 5321 oris
616 5266 785 5321 veluti
821 5265 1040 5321 ﬂamma
1065 5265 1300 5336 quadam
1349 5272 1724 5335 correptuset
1752 5265 2035 5328 incensus,

450 5369 657 5414 exustae
690 5358 871 5413 instar;
890 5358 1179 5413 arundinis
1213 5357 1269 5411 in
1307 5357 1508 5412 multas
1543 5365 1728 5427 partes
1763 5356 2036 5411 dissectus

453 5458 556 5504 est.
618 5448 758 5504 Vide
817 5465 970 5520 ergo,
1000 5466 1069 5505 an
1129 5465 1238 5504 non
1272 5450 1558 5505 dominum
1630 5456 1689 5501 ut
1739 5447 2042 5502 benevolus

453 5553 652 5596 servus
708 5539 956 5596 imitatus
1011 5542 1107 5600 sit.
1145 5540 1414 5595 Dominus
1447 5540 1621 5607 enim,
1664 5553 1790 5592 cum
1828 5537 2037 5594 [ureret

451 5628 751 5699 aliquando
781 5642 934 5684 mare
970 5629 1026 5684 in
1075 5631 1388 5685 naviculam
1449 5628 1877 5700 discipulorum,
1909 5640 2033 5681 eos-

451 5738 556 5795 que
587 5722 902 5776 laborantes
926 5720 1164 5784 videret,
1197 5737 1306 5775 non
1331 5721 1487 5791 prius
1512 5729 1695 5775 tamen
1729 5717 1900 5774 maris
1928 5732 2032 5772 tes-

452 5826 569 5870 tum
622 5813 857 5880 sedavit,
916 5829 1082 5886 quam
1148 5812 1592 5867 incredulitatem
1632 5810 2031 5878 discipulorum

397 5959 399 5961 ,
457 5906 793 5966 increpando
823 5904 1383 5976 compesceret..llinc
1420 5906 1649 5962 edoctus
1683 5902 1767 5959 vir
1798 5901 2034 5959 admira-

2212 2860 2472 2928 Εὐσέϐιος
2524 2866 2579 2919 δὲ
2631 2869 2658 2919 ό
2721 2869 3044 2940 θαυμάσιος,
3091 2872 3186 2940 τῆς
3247 2875 3744 2952 συναθροισθείσης

2135 2958 2523 3026 προστατεύων
2560 2960 2783 3031 ἀγέλης,
2817 2963 2908 3015 καὶ
2954 2965 3050 3016 τοῦ
3098 2965 3420 3020 διδασκάλου
3469 2968 3570 3040 τὴν
3603 2973 3733 3025 ἑπι-

2139 3049 2361 3120 μέλειαν
2390 3052 2719 3117 ἀνεδέδεκτο,
2749 3055 2841 3108 καλ.
2875 3056 3036 3125 μόνος
3057 3059 3136 3120 είς
3164 3059 3358 3130 καιρὸν
3405 3060 3557 3132 αὐτῷ
3606 3081 3734 3133 φοι-

2136 3145 2234 3215 τᾷν
2280 3145 2373 3197 καὶ
2431 3145 2796 3200 πυνθάνεσθαι
2832 3151 2904 3218 μή
2937 3167 2988 3200 τι
3025 3149 3265 3219 βούλοιτο
3299 3153 3532 3222 ἠξιοῦτο.
3576 3157 3734 3210 Ἐθε-

2137 3234 2307 3303 λήσας
2335 3237 2393 3290 δέ
2420 3255 2551 3290 ποτε
2594 3237 2808 3312 νύκτωρ
2841 3241 2968 3294 ἰδεῖν
3012 3242 3040 3294 ὃ
3070 3259 3124 3294 τι
3175 3245 3427 3313 πράττει,
3463 3247 3738 3320 ἐτόλμησε

2137 3331 2203 3400 τῇ
2257 3330 2600 3400 φωταγωγῴ,
2635 3331 2868 3403 βραχεῖα
2911 3334 2967 3386 δὲ
3025 3329 3093 3406 ἦν
3148 3335 3311 3406 αὕτη,
3339 3339 3602 3392 πελάσαιο
3639 3342 3740 3394 καὶ

2132 3420 2464 3491 παρακύψας
2488 3424 2590 3494 ὁρᾷ
2621 3425 2736 3492 φῶς
2767 3426 2828 3478 ού
2849 3425 3141 3496 λυχνιαῖον,
3175 3427 3300 3481 οὐδὲ
3333 3431 3742 3500 χειροποίητον,

2134 3512 2270 3566 ἀλλὰ
2298 3513 2596 3578 θεόσδοτον,
2626 3517 2838 3586 καὶτῆς
2873 3519 3080 3572 ἄνωθεν
3119 3519 3363 3590 χάριτος,
3399 3522 3500 3591 τῆς
3534 3520 3629 3572 τοῦ
3654 3521 3732 3574 διή-

2133 3603 2404 3657 δασκάλου
2437 3605 2683 3676 κορυφῆς
2737 3607 3149 3677 ἀπαστράπτον,
3179 3609 3271 3661 καὶ
3301 3609 3409 3661 τῶν
3440 3610 3602 3663 θείων
3640 3610 3728 3663 λοι

2134 3695 2270 3763 γίων
2331 3697 2682 3751 ύποδεικνύον
2736 3697 2968 3769 τὴντῶν
3033 3701 3384 3770 γραμμάτων
3455 3701 3726 3755 σύνθεσιν-

2136 3785 2246 3837 Καὶ
2292 3785 2404 3856 γὰρ
2435 3786 2638 3856 βιϐλίον
2665 3788 2918 3858 κατέχων·
2944 3789 3228 3860 ἐτύγχανε,
3259 3792 3354 3844 καὶ
3392 3791 3485 3844 τὸν
3532 3792 3720 3846 ἄσυλον

2136 3877 2411 3950 θησαυρὸν
2443 3878 2698 3948 ἐπεζήτει
2729 3879 2824 3932 τοῦ
2864 3880 3008 3933 θείου
3039 3881 3364 3952 θελήματος.
3405 3883 3582 3938 Τοῦτο
3605 3886 3732 3938 θεα-

2138 3972 2374 4043 σάμενος
2427 3971 2686 4035 Εὐσέῦιος
2722 3974 2749 4025 6
2806 3971 3128 4042 θαυμάσιος,
3178 3974 3332 4038 δέους
3385 3991 3446 4028 τε
3506 3976 3732 4046 ἐνεπίμ-

2137 4066 2328 4130 πλατο,
2387 4065 2481 4119 καὶ
2512 4065 2714 4137 φρίκης
2750 4065 2945 4136 μεστὸς
2971 4065 3197 4133 ἐγίνετο,
3235 4066 3330 4119 καὶ
3365 4067 3462 4138 τὴν
3492 4084 3736 4121 κατακε-

2137 4157 2380 4228 χυμένην
2404 4155 2497 4212 τοῦ
2532 4157 2675 4210 θείου
2701 4157 3036 4227 θεράποντος
3075 4157 3385 4210 ἐδιδάσκετο
3414 4159 3599 4230 χάριν,
3637 4164 3736 4215 καὶ

2138 4245 2231 4300 τοῦ
2268 4246 2401 4300 Θεοῦ
2426 4247 2525 4319 τὴν
2561 4247 2690 4317 περὶ
2716 4249 2842 4310 τοὺς
2876 4247 3099 4309 δούλους
3135 4248 3440 4315 ἐμάνθανεν
3489 4249 3730 4306 εὖνοιαν.

2140 4339 2362 4393 Ἀλλοτε
2393 4339 2471 4404 δὲ,
2503 4341 2559 4391 ἐν
2591 4340 2668 4409 τῷ
2707 4339 2987 4410 προαυλίῳ
3027 4338 3124 4392 τοῦ
3159 4340 3395 4411 μεγάλου
3426 4359 3736 4413 προσευχο-

2141 4431 2307 4502 μένου
2357 4433 2699 4503 Μαρκιανοιλ
2754 4432 2968 4502 δράκων
3008 4450 3089 4496 τις
3143 4434 3457 4502 ἀνερπύσας
3509 4438 3591 4498 είς
3641 4437 3736 4489 τὸν

2139 4525 2276 4597 πρὸς
2300 4525 2375 4578 ἕω
2407 4526 2782 4596 τετραμμένον
2816 4528 3018 4594 τοῖχον,
3051 4525 3259 4578 ἄνωθεν
3290 4526 3382 4578 τοῦ
3427 4527 3612 4597 τοίχου
3646 4529 3732 4583 δι-

2137 4616 2305 4687 έκυψε
2353 4615 2598 4687 κεχηνώς
2647 4632 2707 4668 τε
2748 4616 2876 4685 ’ἅμα
2927 4617 3022 4669 καὶ
3060 4615 3318 4688 βλοσυρὸν
3365 4617 3599 4688 βλέπων,
3634 4623 3733 4674 καὶ

2137 4712 2237 4784 τὴν
2267 4708 2560 4779 ἐπιϐουλὴν
2606 4707 2908 4778 σημαίνων.
2956 4709 3152 4780 Πόρρω
3192 4710 3249 4763 δὲ
3283 4708 3457 4776 ἑστὼς
3483 4713 3512 4766 ό
3555 4712 3735 4767 Εὐσέ-

2139 4805 2275 4868 ϐιος,
2311 4801 2406 4856 καίι
2435 4800 2496 4853 τὸ
2518 4799 2789 4870 φρικῶδες
2819 4800 2997 4854 ἐκεῖνο
3028 4798 3209 4871 θέαμα
3258 4801 3460 4868 δείσας,
3515 4803 3608 4856 καὶ
3637 4804 3750 4858 τὸν

2137 4894 2458 4952 διδάσκαλον
2520 4893 2737 4960 ἀγνοεῖν
2796 4891 3169 4957 ὑποτοπάσας,
3225 4893 3514 4948 ὑπεδείκνυ
3564 4894 3734 4966 βοῶν,

2138 4991 2232 5045 καὶ
2289 4989 2483 5057 φυγεῖν
2537 4983 2855 5040 ἀντιϐολῶν.
2898 4984 2956 5037 Ὀ
2989 4984 3044 5038 δὲ
3078 4985 3426 5056 ἐπιτιμήσας,
3483 4987 3576 5040 καὶ
3630 4988 3753 5056 τὴν·

2138 5081 2342 5133 δειλίαν
2366 5076 2618 5131 ἐκϐαλεῖν
2648 5075 2932 5142 κελεύσας,
2964 5075 3134 5140 πάθος
3168 5079 3274 5148 γάρ
3306 5071 3447 5130 εἶναι
3479 5078 3576 5132 καὶ
3602 5077 3747 5131 ταύσ

2137 5189 2237 5242 την
2272 5171 2534 5241 ὀλέθριον,
2563 5168 2625 5222 τὺ
2672 5168 2769 5238 μὲν
2797 5170 3024 5240 σημεῖον
3073 5168 3321 5238 δακτύλῳ
3369 5166 3464 5221 τοῦ
3495 5169 3740 5242 σταυροῦ

2141 5262 2520 5333 προετύπωσε,
2553 5259 2856 5332 ἐνεφύσησε
2899 5260 2955 5314 δὲ
2981 5259 3060 5331 τῷ
3093 5259 3356 5330 στόματι,
3375 5259 3468 5314 καὶ
3493 5259 3592 5332 τὴν
3622 5278 3742 5313 πα-

2139 5352 2296 5407 λαιάν
2326 5353 2708 5425 παρεδήλωσεν
2731 5351 2952 5424 ἔχθραν.
2989 5353 3046 5407 '0
3071 5351 3164 5419 δὲ,
3189 5351 3441 5423 καθάπερ
3475 5351 3607 5424 πυρί
3625 5370 3747 5406 τινι.

2138 5444 2216 5517 τῷ
2249 5445 2359 5500 τοῦ-
2376 5445 2642 5516 στόματος
2679 5443 2954 5516 πνεύματι
2985 5443 3268 5515 άναφθεὶς,
3305 5444 3408 5498 καὶ
3431 5444 3597 5498 οἱονεὶ
3626 5447 3737 5514 ὲμοο

2139 5537 2426 5608 πρησθεὶς,
2455 5537 2711 5609 καλάμης
2740 5537 2896 5610 δίκην
2927 5535 3404 5608 καταφλεχθείσης
3451 5537 3531 5600 είς
3560 5534 3733 5588 πολλὰ

2137 5627 2379 5700 διελύθη.
2419 5629 2564 5700 Ὅρα
2589 5646 2678 5699 μοι
2709 5628 2891 5683 τοίνυν
2919 5630 2969 5682 εί
3006 5629 3082 5700 μὴ
3105 5629 3198 5684 τὸν
3225 5628 3507 5698 Δεσπότην
3526 5627 3601 5692 ὡς
3637 5627 3739 5681 εῦ-

2138 5736 2264 5784 νους
2292 5720 2510 5790 οἰκέτης
2547 5719 2874 5791 μεμίμηται.
2910 5717 3018 5772 Καὶ
3047 5719 3156 5790 γάρ
3202 5720 3230 5772 ὁ
3275 5717 3575 5788 Δεσπότης,
3631 5719 3736 5784 τῆς

2141 5812 2418 5882 θαλάσσης
2461 5812 2825 5882 ὲπιμανείσης
2867 5813 2994 5864 ποτὲ
3023 5809 3103 5882 τῷ
3149 5808 3348 5880 σκάφει
3380 5809 3457 5880 τῷ
3485 5807 3594 5860 τῶν
3627 5825 3704 5878 μα

2142 5903 2342 5974 θητῶν,
2367 5903 2716 5972 ἀγωνιῶντας
2743 5904 2967 5966 τούτους
3001 5903 3355 5974 θεασάμενος,
3381 5903 3441 5955 οὐ
3467 5901 3747 5971 πρότερον·
