4030 6408
304 407 448 478 1329

1538 412 1948 476 RELIGIOSA
1983 413 2368 474 HISTORIA.

3444 415 3582 481 1330

299 529 403 599 τῆς
446 522 725 595 θαλάσσης
757 525 855 598 τὴν
884 525 1056 597 ζάλην
1087 526 1365 598 ἐστόρεσε,
1401 526 1529 596 πρὶν
1569 525 1602 597 ἢ
1650 524 1762 580 τῶν
1795 542 1903 596 μα·-

2026 526 2158 589 )ilis,
2187 524 2426 595 primum
2450 537 2481 577 a
2506 522 2788 595 discipulo
2807 525 3064 581 timorem
3095 525 3369 592 excussit,
3388 526 3591 584 deinde

298 615 484 682 θητῶν
517 618 837 689 ἐπιτιμήσει
862 617 1201 674 καταπαύσοι
1226 617 1327 690 τὴν
1354 618 1637 672 ἀπιστίαν.
1674 617 1892 671 Ἐντεῦ-

1997 615 2240 673 belluam
2270 615 2548 685 supplicio
2576 615 2753 672 dedit.

301 709 398 763 θεν
425 712 455 764 ὁ
482 707 790 781 Θαυμάσιος
808 700 967 775 οὗτος
992 710 1169 765 ταῦτα
1196 708 1651 781 πεπαιδευμένος,
1683 709 1901 780 πρῶτον
1938 706 2035 761 τοῦ
2064 705 2313 778 μαθητοῦ
2341 706 2439 779 τὴν
2471 705 2674 762 δειλίαν
2711 706 2990 777 ἐξέλαϐεν,
3025 705 3128 766 εἶθ’
3152 709 3327 777 οὕτως
3378 709 3441 767 τδ
3496 709 3610 781 θηος

307 805 425 876 ρίον
449 804 691 877 τιμωρία
714 804 1020 876 παρέδωκε.

299 914 302 917 ν
377 892 621 965 Τοιαύτη
663 893 762 948 τοῦ
790 894 1028 967 μεγάλου
1057 893 1382 968 Μαρκιανοῢ
1409 895 1506 949 καὶ
1533 896 1567 967 ή
1594 894 1777 964 σοφία,
1807 893 1902 947 καὶ

306 987 343 1057 ή
391 985 830 1059 θαυματουργία,
864 990 960 1043 zeal
989 989 1024 1061 ἡ
1053 988 1192 1060 πρὸς
1224 987 1360 1042 Θεὸν
1410 987 1714 1060 παρρησία.
1759 986 1901 1040 Ἀλλ’

306 1080 461 1149 ὅμως
508 1080 605 1132 καὶ
631 1080 890 1151 τοιαύτης
921 1080 1148 1153 χάριτος
1179 1080 1502 1154 ἠξιωμένος,
1530 1080 1629 1135 καὶ⁵
1683 1079 1899 1151 θαυμα-

307 1174 562 1242 τουργεῖν
586 1172 799 1243 μεγάλα
825 1173 1140 1245 δυνάμενος,
1175 1173 1440 1247 κρύπτειν
1472 1171 1773 1238 ἐσπούδαζε
1798 1171 1900 1243 τὴν

313 1268 491 1337 ἰσχὺν,
524 1265 621 1320 τοῦ
660 1266 969 1321 λωποδύτω
991 1269 1091 1340 τῆς
1119 1269 1321 1341 ἀρετῆς
1349 1267 1450 1332 τὰς
1499 1267 1750 1339 μηχανάς
1793 1267 1898 1337 ὑφ-

311 1358 614 1428 ορώμενος.
641 1358 717 1421 Τὸ
739 1359 847 1430 γάρ
869 1359 967 1430 τῆς
986 1360 1305 1425 ἀλαζονείας
1327 1358 1678 1432 ὑποσπείρων
1704 1357 1898 1422 πάθος,

310 1451 441 1514 τοὺς
472 1451 621 1521 πόνῳ
650 1450 1005 1520 συλλεγέντας
1031 1452 1277 1521 καρποὺς
1296 1449 1581 1524 λῃστεύειν
1612 1449 1898 1520 ἐπιχειρεῖ.

311 1542 427 1597 Καὶ
455 1541 721 1612 κρύπτειν
750 1542 809 1597 δὲ
853 1543 951 1615 τήν
997 1543 1291 1616 δεδομένην
1324 1541 1774 1615 προθυμούμενος
1800 1540 1903 1611 χά-

312 1651 425 1704 ριν,
461 1633 614 1689 ἄκων
663 1634 1118 1708 ἐθαυματούργει,
1171 1636 1270 1708 τῆς
1302 1635 1412 1689 τῶν
1459 1634 1907 1706 κατορθωμάτων

314 1726 513 1799 αἴγλης
564 1728 1088 1803 ἀπαστραπτούσης,
1121 1730 1217 1785 καὶ
1240 1729 1339 1801 τὴν
1369 1728 1760 1804 κεκρυμμένην
1811 1725 1908 1781 δύ-

2073 882 2228 939 Talis
2260 884 2446 955 magni
2486 883 2752 941 Marciani
2782 887 3055 958 sapientia
3087 888 3226 957 fuit,
3260 900 3316 946 et
3348 894 3590 950 miracu-

2000 975 2186 1030 lorum
2224 983 2507 1047 potestas,
2555 985 2611 1033 et
2646 978 2851 1035 ﬁducia
2906 980 2963 1036 in
3001 982 3195 1038 Deum.
3228 983 3335 1041 Sed
3366 994 3551 1043 tamen
3575 1030 3591 1050 .
3633 1034 3637 1038 .

2002 1075 2157 1122 tanta
2191 1068 2369 1138 gratia
2394 1069 2664 1133 praeditus
2688 1086 2816 1127 cum
2853 1084 3047 1141 esset,
3086 1086 3141 1131 et
3177 1091 3374 1149 magna
3402 1089 3594 1150 posset

2002 1162 2186 1218 facere
2217 1162 2523 1230 miracula,
2557 1166 2818 1221 studebat
2851 1168 2996 1225 banc
3028 1172 3215 1227 celare
3241 1181 3592 1243 potestatem,

2004 1252 2219 1326 1141,
2251 1254 2533 1325 praedonis
2564 1257 2832 1314 virtutum
2878 1261 3109 1319 technas
3151 1264 3365 1322 habens
3397 1281 3598 1338 suspe-

2007 1354 2163 1411 ctas,
2205 1348 2299 1417 qui
2341 1351 2675 1423 arrogantiae
2718 1352 2918 1408 vitium
2951 1356 3379 1424 subseminans,
3410 1360 3628 1417 labore.

2008 1439 2274 1496 collectos
2316 1439 2537 1498 fructus
2586 1444 2805 1515 eripere
2854 1459 3110 1503 conatur.
3169 1448 3353 1517 Quare
3410 1453 3627 1506 datam»

2010 1533 2119 1588 sibi
2166 1535 2405 1605 gratiam
2453 1537 2639 1594 celare
2671 1538 2941 1606 studens,
2987 1541 3199 1599 invitus
3230 1544 3481 1600 veniebat
3531 1545 3630 1600 ad;

2012 1623 2275 1682 facienda
2313 1626 2628 1697 miracula,
2664 1645 2795 1686 eum
2842 1633 3171 1689 eximiorum
3203 1634 3325 1705 ejus
3370 1650 3600 1706 operum

2004 1717 2172 1789 jubar
2200 1720 2612 1791 resplenderet,
2666 1733 2722 1781 et
2765 1742 2931 1798 quam
2970 1728 3288 1785 occultabat
3336 1731 3603 1787 virtutem

314 1838 484 1892 ναμιν
526 1822 1028 1897 παραγυμνούσης*
1067 1823 1165 1879 καὶ
1212 1823 1414 1897 δήποτε
1467 1821 1670 1877 τοιόνδε
1706 1821 1905 1892 συνέϐη

2026 1811 2422 1869 manifestaret.
2458 1812 2712 1881 Quodam
2753 1819 2927 1892 igitur
2961 1829 3213 1894 tempore
3254 1838 3343 1880 res
3399 1824 3603 1881 accidit

317 1893 620 1985 γενέσθαι(
657 1916 823 1989 Ἀνήρ
874 1893 963 1981 τις*
1007 1915 1118 1971 τῶν
1166 1893 1533 1989 εὐπατριδῶν,
1588 1916 1686 1969 καὶ
1736 1913 1912 1986 ἀρχὰς

2026 1902 2381 1973 hujusmodi.‘
2420 1904 2519 1961 Vir
2567 1908 2794 1978 quidam
2822 1953 2838 1979 ,
2891 1914 3065 1970 nobili
3121 1914 3245 1971 loco
3290 1923 3488 1981 natus,
3548 1925 3604 1973 et

321 2007 725 2078 στρατιωτικάς
778 2006 1038 2072 πολλάκις
1084 2006 1476 2079 ἐγχειρισθεὶς,
1526 2005 1636 2060 ἀπὸ
1686 2006 1915 2077 Βεροίας

318 2100 420 2170 τῆς
470 2098 674 2171 Συρίας
722 2097 1069 2170 ὁρμώμενος,
1112 2100 1213 2170 τῆς
1268 2098 1538 2171 θυγατρδς
1585 2090 1680 2152 ἐπὶ
1734 2097 1913 2170 χρόνῳ

320 2191 505 2262 πολλῷ
547 2190 1014 2263 κορυϐαπιώσης,
1068 2193 1165 2246 zeal
1220 2191 1327 2246 ύπὺ
1377 2191 1615 2263 πονηροῦ
1659 2191 1915 2262 δαίμονος

316 2283 739 2355 ἐνοχλουμένης,
770 2286 868 2338 καὶ
887 2283 1189 2356 λυττώσης,
1227 2283 1639 2355 καταλαμϐάνει
1662 2284 1762 2355 τὴν
1787 2282 1915 2356 ἔρη-

324 2392 447 2446 μον,
481 2375 722 2447 συνήθης
767 2375 864 2446 μὲν
911 2375 987 2430 ὣν
1012 2376 1107 2431 τοῦ
1147 2377 1384 2447 μεγάλου
1415 2375 1760 2448 Μαρκιανοῦ,
1786 2393 1913 2430 συν-

319 2466 612 2532 τεύξεσθαι
644 2467 702 2521 δὲ
727 2467 878 2540 αύτῷ
905 2468 1001 2522 καὶ
1031 2468 1383 2540 ἀντιϐολῆσαι
1403 2468 1491 2522 διὰ
1512 2469 1610 2540 τὴν
1637 2468 1914 2541 προτέραν

325 2560 620 2631 συνήθειαν
652 2560 987 2632 προσδοκῶν.
1028 2561 1300 2626 Ψευσθεὶς
1326 2561 1381 2614 δὲ
1411 2561 1513 2632 τῆς
1557 2561 1789 2625 ἐλπίδος,
1819 2562 1916 2615 καὶ

322 2651 426 2722 τῆς
458 2650 587 2715 θέας
616 2652 931 2722 διαμαρτὼν
958 2650 1053 2706 τοῦ
1101 2652 1246 2706 θείου
1279 2651 1633 2725 θεράποντος,
1679 2653 1915 2707 ἱκετεύει

324 2742 448 2795 τινὰ
473 2742 808 2814 πρεσϐύτην,
858 2743 918 2808 δς
946 2743 1070 2798 κατ’
1090 2746 1270 2798 ἐκεῖνο
1297 2745 1492 2816 καιροῦ
1521 2746 1620 2816 τὴν
1647 2744 1740 2798 τοῦ
1768 2744 1913 2799 θείου

326 2833 520 2904 ἀνδρὸς
596 2834 874 2889 διακονίαν
943 2837 1337 2908 ἐγκεχείριστο,
1406 2837 1602 2908 μικρὸν
1660 2837 1916 2909 ληκύθιον

329 2926 514 2980 ἐλαίου
543 2927 750 2998 πλῆρες
792 2928 1156 2996 ὑποδέξασθαί
1182 2947 1241 2983 τε
1271 2931 1364 2984 καὶ
1391 2932 1521 3002 παρ’
1543 2931 1715 3003 αὐτὴν
1746 2932 1917 2986 θεῖναι

327 3017 426 3071 τοῦ
465 3019 689 3073 οξκιδίου
735 3019 832 3093 τὴν
864 3019 1057 3091 θύραν.
1100 3022 1158 3077 '0
1187 3022 1243 3076 δὲ
1278 3022 1612 3096 πρεσϐύτης,
1658 3024 1918 3088 πολλάκις

334 3108 437 3178 μὲν
487 3112 588 3182 τήν
635 3110 955 3185 ἐγχείρησιν
1003 3112 1287 3185 ἀρνηθεὶς,
1339 3115 1602 3181 πολλάκις
1652 3116 1709 3171 δὲ
1756 3118 1918 3172 πάλιν

330 3202 742 3307 παρακληθεὶς,
779 3204 962 3277 ήττων
1000 3206 1100 3277 τῆς
1147 3208 1362 3273 ἱκεσίας
1406 3208 1645 3278 ἐγένετο.
1701 3209 1810 3263 Τοῦ
1861 3213 1918 3264 δὲ
1944 3248 1988 3307 c

329 3292 543 3349 κτύπου
568 3295 894 3367 αίσθόμενος
921 3299 949 3350 6
978 3298 1156 3368 μέγας
1195 3299 1537 3371 Μαρκιανὸς,
1588 3300 1920 3355 ἐπυνθάνετο

329 3384 419 3448 τίς
446 3402 504 3438 τε
529 3387 635 3457 εἴη,
664 3387 756 3440 ταὶ
776 3387 830 3441 τί
856 3387 1109 3459 δεόμενος
1132 3389 1278 3460 ἥκοι.
1316 3389 1374 3444 '0
1404 3389 1461 3444 δὲ
1492 3390 1592 3463 τὴν
1619 3392 1721 3463 μὲν
1745 3390 1923 3462 ἀληθῆ

332 3478 612 3549 πρόφασιν
641 3477 931 3550 ἔκρυπτεν,
964 3480 1271 3552 ἐσκήπτετο
1305 3481 1363 3536 δὲ
1388 3482 1637 3554 ἀφῖχθαι,
1668 3483 1742 3548 ὡς
1816 3483 1934 3554 μα-’

334 3570 639 3642 θησόμενος
656 3573 731 3642 μή
751 3587 805 3625 τι
822 3570 1053 3626 κελεύοι·
1076 3574 1172 3629 zeal
1184 3573 1341 3627 τοῦτο
1351 3574 1524 3643 λέγων
1541 3575 1920 3647 ἀπεπέμπετο.

345 3662 487 3716 Ὑπὸ
531 3663 588 3716 δὲ
632 3662 732 3735 τὴν
780 3662 858 3718 ἔω
888 3664 1051 3719 πάλιν
1078 3666 1180 3736 τῆς
1223 3665 1393 3737 κόρης
1417 3666 1445 3719 6
1472 3665 1656 3738 πατὴρ
1682 3667 1926 3723 ἱκέτευεν

333 3753 669 3825 ἀποδοθῆναι
692 3753 839 3826 αὐτῷ
858 3755 921 3810 τδ
950 3755 1229 3828 ληκύθιον,
1257 3756 1286 3808 6
1312 3756 1369 3810 δὲ
1397 3755 1583 3819 δεδιὼς
1609 3757 1729 3828 μὲν,
1757 3757 1926 3829 ἀπῄει

332 3846 381 3899 δ’
404 3846 554 3917 ὅμως
590 3848 767 3919 ήσυχῇ
818 3840 853 3923 ᾗ
898 3847 1153 3920 ἠδύνατο,
1179 3848 1273 3903 zeal
1299 3848 1399 3921 τὴν
1427 3849 1584 3921 χεῖρα
1612 3848 1925 3920 προτείνας,

338 3939 437 3992 καὶ
486 3937 548 3991 τὸ
580 3939 841 4011 ληκύθιον
891 3938 1092 4006 λαϐὼν,
1151 3942 1414 4012 ἐπειρᾶτο
1461 3940 1745 3996 λανθάνειν
1766 3957 1782 3971 ⁸
1813 3943 1843 3997 6
1870 3942 1929 3996 δὲ

338 4028 506 4083 πάλιν
534 4028 768 4084 ἐπύθετο
799 4030 854 4085 τί
893 4030 1218 4103 βουλόμενος
1250 4032 1396 4104 ήκοι.
1430 4033 1519 4095 Ὠς
1540 4033 1597 4087 δὲ
1628 4031 1729 4105 τὴν
1753 4032 1931 4105 αὐτὴν

338 4123 443 4193 ἔφη
475 4121 773 4194 πρόφασιν,
802 4123 869 4194 ἢν
898 4121 994 4177 καὶ
1031 4122 1273 4192 ἑσπέρας
1307 4111 1566 4195 ἐδήλωσε,
1589 4123 1932 4198 δυσχεράνας

342 4214 374 4266 6
411 4215 555 4279 θεῖος
604 4215 767 4286 ἀνὴρ,
799 4214 897 4270 άτε
928 4213 993 4287 δὴ
1034 4216 1187 4286 παρά
1229 4214 1291 4268 τὸ
1311 4214 1503 4280 εἰωθὸς
1530 4216 1928 4289 γεγενημένην.

343 4302 438 4358 τοῦ
465 4302 774 4376 πρεσϐύτου
795 4303 897 4375 τὴν
938 4303 1146 4376 ἄφιξιν,
1174 4303 1386 4375 τάληθῆ
1417 4303 1787 4375 ἀπαγγέλλειν
1809 4306 1935 4361 ἐκέ-

342 4396 522 4451 λευεν.
565 4396 627 4451 Ὀ
671 4395 731 4451 δὲ
796 4395 1089 4468 δειμαίνων
1126 4397 1222 4450 καὶ
1247 4396 1490 4471 τρέμων,
1536 4399 1634 4454 καὶ
1667 4398 1934 4471 κρύπτειν

343 4488 439 4542 τὸν
488 4488 590 4559 τῆς
642 4487 793 4553 θείας
824 4488 1048 4560 χάριτος
1099 4488 1383 4543 ἀνάπλεων
1411 4489 1473 4543 ού
1500 4488 1818 4562 δυνάμενος,
1849 4490 1936 4556 τίς

2013 1995 2347 2051 militaribus
2387 2014 2532 2070 saepe
2590 2000 2822 2059 functus
2855 2004 3200 2071 honoribus,
3239 2022 3306 2063 ex
3342 2006 3636 2069 Βειτιιωι

2014 2085 2195 2158 Syria:
2223 2090 2358 2145 urbe
2400 2093 2676 2150 oriundus
2701 2137 2717 2160 ,
2755 2110 2883 2151 eum
2926 2095 3047 2167 ejus
3079 2097 3188 2152 lilia
3233 2096 3442 2153 dudum
3475 2099 3633 2154 bac-e.

2011 2180 2299 2247 charetur,
2353 2191 2409 2239 et
2457 2199 2488 2239 a
2538 2188 2688 2243 malo
2741 2188 2990 2245 daemone
3034 2198 3232 2245 vexata
3282 2191 3338 2246 in
3392 2191 3635 2247 rabient

2014 2282 2295 2343 ageretur,
2323 2277 2537 2333 “venit.
2577 2278 2633 2336 in
2693 2280 3055 2337 solitudinem
3082 2323 3095 2348 ,
3124 2289 3181 2338 et
3226 2283 3357 2354 quia
3403 2298 3639 2356 magno.

2013 2364 2302 2422 Marciano
2337 2367 2627 2427 familiaris
2658 2371 2838 2428 fuerat
2863 2412 2879 2438 ,
2916 2357 3175 2444 sperabat
3202 2380 3427 2445 propter
3458 2373 3608 2443 prio-

2014 2472 2133 2514 rem
2174 2461 2658 2519 consuetudinem:
2700 2464 2818 2521 fore
2860 2473 3088 2521 utaeum
3143 2466 3505 2533 conveniret,
3551 2475 3609 2522 et

2013 2565 2202 2605 coram
2254 2563 2502 2625 rogaret.
2539 2552 2652 2626 Spe
2703 2565 2889 2610 autem
2943 2556 3287 2621 frustratus,
3341 2571 3470 2612 cum
3511 2554 3623 2613 Dei.

2015 2657 2238 2697 servum
2276 2645 2466 2702 videre
2510 2646 2616 2717 ipsi
2671 2661 2781 2703 non
2824 2647 3057 2715 liceret,
3083 2663 3273 2705 senem
3311 2646 3627 2719 quemdam.

2018 2733 2268 2804 rogavit,
2306 2735 2395 2789 cui
2446 2736 2543 2790 illo
2583 2744 2833 2808 tempore
2865 2737 3042 2794 divini
3088 2738 3196 2794 viri
3240 2738 3615 2795 commissum

2019 2833 2140 2878 erat
2176 2826 2553 2883 ministerium
2575 2869 2592 2894 ,
2650 2837 2712 2884 ut
2762 2845 2990 2900 parvum
3030 2831 3309 2904 lecythum
3343 2831 3467 2887 oleo
3499 2831 3613 2903 ple—

2020 2931 2151 2970 num
2185 2919 2509 2988 acciperet,
2540 2929 2597 2975 et
2631 2921 2696 2976 ad
2730 2922 2934 2977 ostium
2967 2923 3321 2979 domunculae
3366 2923 3615 2994 depone-

2019 3016 2126 3063 ret.
2158 3009 2317 3076 Quod
2354 3026 2524 3069 senex
2566 3029 2692 3069 cum
2727 3030 2872 3084 sa'pe
2914 3014 3190 3070 facturum
3221 3030 3280 3071 se
3316 3006 3573 3086 negasset
3596 3054 3615 3079 ,

2019 3115 2085 3183 ac
2113 3118 2261 3174 srepe
2294 3120 2519 3160 rursum
2545 3117 2857 3179 rogaretur,
2890 3108 3071 3164 victus
3100 3107 3321 3163 tandem
3355 3108 3626 3179 precibus

2020 3194 2212 3255 cessit.
2240 3195 2486 3267 Strepitu
2518 3197 2735 3266 audito,
2773 3215 3007 3271 magnus
3031 3199 3348 3256 Marcianus
3386 3198 3619 3255 interro.

2026 3287 2175 3356 gavit
2202 3288 2332 3358 quis
2370 3299 2561 3356 esset,
2614 3297 2670 3346 et
2703 3305 2814 3362 qua
2845 3291 2915 3347 de
2948 3305 3118 3346 causa
3150 3290 3386 3347 veniret.
3420 3290 3472 3346 Is
3515 3304 3625 3346 sua

2026 3387 2139 3436 tem
2193 3397 2381 3437 veram
2440 3383 2627 3440 celans
2681 3398 2948 3447 causam,
3005 3384 3167 3441 liitxit
3198 3399 3259 3442 se
3308 3383 3526 3441 venisse
3560 3391 3620 3439 ut

2025 3482 2453 3541 percontaretur
2487 3491 2619 3531 num
2655 3476 3108 3548 aliquidjuberet
3142 3494 3156 3533 :
3191 3485 3267 3543 et,
3293 3476 3399 3533 hoc
3425 3476 3576 3532 dicto
3600 3516 3621 3544 ,

2026 3562 2299 3623 dimissus
2319 3575 2426 3624 est.
2459 3567 2598 3623 Cum
2624 3578 2808 3624 autem
2827 3570 2933 3624 sub
2952 3580 3212 3624 auroram
3244 3584 3444 3625 rursus
3463 3576 3624 3641 pater

2028 3659 2229 3728 puella:
2252 3659 2477 3720 restitui
2498 3661 2606 3715 sibi
2627 3661 2918 3716 vasculum
2949 3661 3278 3731 postularet,
3307 3677 3474 3717 senex
3509 3676 3622 3737 n’on

2030 3746 2151 3801 sine
2183 3755 2356 3812 metu,
2404 3748 2503 3802 ivit
2535 3756 2719 3803 tamen
2750 3763 2916 3819 quam
2958 3749 3201 3805 maximo
3234 3751 3413 3821 potuit
3455 3750 3623 3805 silen—

2030 3837 2106 3892 tio
2127 3876 2143 3899 ,
2170 3846 2222 3892 ct
2248 3847 2504 3909 porrecta
2534 3854 2698 3894 manu
2729 3850 2960 3910 accepto
2991 3840 3231 3913 Ierytho,
3258 3842 3429 3897 latere
3454 3857 3617 3897 cona-

2030 3928 2220 3985 batur.
2280 3930 2389 3987 Sed
2439 3931 2533 3987 ille
2578 3946 2779 3988 rursus
2832 3932 3140 4004 interrogat
3190 3947 3358 4005 quam
3389 3933 3461 3989 ob
3503 3949 3621 3990 rem

2031 4028 2271 4084 veniret.
2313 4020 2383 4079 Et
2422 4038 2549 4079 cum
2588 4037 2817 4080 causam
2845 4021 3130 4090 eamdem,
3174 4039 3340 4096 quam
3373 4039 3623 4095 vespere,

2036 4127 2405 4191 praetexeret,
2463 4116 2698 4176 moleste
2754 4114 2940 4172 ferens
2996 4113 3163 4172 homo
3218 4116 3432 4190 1142
3491 4114 3622 4184 Dei,

2033 4214 2242 4285 quippe
2293 4225 2421 4268 cum
2462 4217 2663 4283 praeter
2721 4207 3186 4266 consuetudinem
3250 4209 3623 4275 accessisset,

2033 4321 2170 4363 vera
2196 4302 2535 4376 respondere
2571 4301 2766 4373 jussit.
2801 4298 2940 4357 Tum
2986 4301 3078 4358 illo
3107 4302 3320 4358 timens
3342 4310 3397 4358 et
3428 4309 3629 4358 trem»

2035 4399 2302 4463 bundus,
2347 4408 2408 4453 ut
2445 4395 2539 4468 qui
2585 4410 2713 4451 eum
2768 4395 2864 4467 qui
2919 4393 3014 4451 Dei
3065 4395 3244 4467 gratia
3280 4396 3633 4466 plenuserat

2034 4494 2211 4551 latere
2249 4508 2362 4549 non
2392 4497 2607 4564 posset,
2647 4496 2702 4547 et
2742 4489 2870 4561 quis
2904 4487 3119 4545 venerit
3144 4487 3318 4553 dixit,
3364 4494 3420 4545 et
3451 4495 3624 4543 totam

343 4597 406 4635 τε
435 4580 564 4651 ’ήκοι
594 4580 772 4651 ἔλεγε,
808 4581 903 4634 καὶ
930 4579 1025 4634 τοῦ
1059 4579 1267 4645 πάθους
1294 4581 1395 4653 τὴν
1417 4581 1724 4653 τραγῳδίαν
1755 4581 1922 4635 ἐδίδα-

2041 4586 2221 4643 morbi
2263 4584 2592 4656 tragoediam
2625 4581 2930 4654 exposuit,
2970 4588 3027 4638 et
3051 4579 3330 4663 lecytbum
3357 4580 3624 4636 ostendit.

349 4689 470 4736 czes,
498 4673 592 4727 zeal
609 4673 673 4729 τὸ
699 4672 957 4744 ληκύθιον
985 4673 1288 4731 ἐπεδείκνυ.
1320 4673 1379 4727 Ὀ
1396 4673 1456 4727 δὲ
1482 4673 1786 4744 ἠγανάκτει
1811 4672 1933 4746 μὲν,

345 4766 427 4828 ὡς
472 4766 620 4832 εἰκὸς
649 4762 741 4839 ἧν,
788 4764 1070 4822 δεικνύναι
1121 4764 1221 4837 τὴν
1248 4764 1454 4836 ἀρετὴν
1477 4767 1541 4820 ού
1587 4766 1934 4838 βουλόμενος,

349 4860 656 4933 ἀπειλήσας
682 4860 744 4915 δὲ
780 4860 950 4932 ὅμως,
991 4858 1068 4922 ὡς
1090 4858 1140 4912 εί
1173 4854 1332 4921 αὖθις
1362 4858 1589 4913 τοιαῦτα
1619 4859 1936 4933 τολμήσειε,

351 4952 448 5007 καὶ
491 4952 593 5023 τῆς
642 4952 930 5016 συνουσίας
981 4949 1199 5022 ἐκείνης
1245 4948 1664 5022 στερηθήσεται,
1694 4953 1791 5005 καὶ
1838 4952 1940 5023 τὴν

350 5046 629 5102 διακονίαν
672 5045 1104 5117 ἀφαιρεθήσεται
1136 5058 1153 5074 ’
1196 5044 1427 5116 μεγίστη
1460 5043 1517 5098 δὲ
1566 5038 1636 5116 ἦν
1685 5045 1720 5116 ή
1765 5041 1942 5117 ζημία

352 5144 468 5206 τοῖς
499 5142 561 5195 τὸ
590 5142 782 5211 κέρδος
811 5140 1200 5212 ἐπισταμένοις
1224 5156 1240 5172 ·
1289 5138 1621 5210 ἀπέπεμψεν
1646 5138 1943 5194 ἀποδοῦναι

353 5233 437 5304 τῷ
482 5234 741 5288 δεδωκότι
795 5233 1083 5296 κελεύσας.
1131 5233 1244 5288 Καὶ
1285 5233 1316 5285 6
1348 5218 1447 5303 μὲν
1490 5230 1666 5286 ταῦτα
1699 5229 1941 5297 ἐκέλευε,

355 5330 622 5401 τέτταρας
647 5328 706 5382 δὲ
733 5326 1009 5398 σταθμοὺς
1056 5327 1084 5381 ὁ
1114 5326 1326 5398 δαίμων
1356 5323 1682 5396 ἀφεστηκὼς
1730 5323 1825 5378 τοῦ
1859 5323 1945 5390 ἐξ·

357 5422 672 5485 ελαύνοντος
707 5421 840 5476 ἐϐόα
868 5419 969 5493 τήν
1000 5418 1250 5492 δύναμιν·
1280 5421 1375 5473 καὶ
1402 5416 1722 5490 Μαρκιανὸς
1750 5418 1810 5472 ἐν
1841 5417 1944 5472 Βε-

362 5516 487 5589 ροίᾳ
513 5516 581 5570 τά
613 5512 887 5569 δικαστῶν
930 5512 1217 5585 εἰργάζετο
1257 5511 1476 5583 δημίοις
1514 5511 1625 5565 τισὶ⁵
1676 5510 1816 5566 κατά
1850 5510 1942 5567 τοῦ

355 5607 613 5678 δαίμονος
664 5606 969 5678 χρώμενος,
1005 5605 1103 5660 καὶ
1152 5604 1248 5660 τδν
1284 5604 1567 5675 ἀλιτήριον
1610 5604 1818 5657 ἐκεῖνον
1855 5603 1945 5668 ἐξ·

358 5699 624 5762 ελαύνων,
655 5701 750 5754 καὶ
769 5698 868 5770 τήν
899 5697 1071 5770 κόρην
1097 5697 1348 5771 καθαρὰν
1378 5697 1476 5769 τῆς
1495 5696 1783 5775 ⁹ἐνεργείας
1812 5697 1946 5752 ἀπο-

363 5793 570 5863 φαίνων
616 5792 851 5863 ἐκείνης.
904 5791 1013 5847 Καὶ
1068 5789 1239 5845 τοῦτον
1284 5788 1605 5862 μεμάθηκεν
1650 5788 1891 5859 ἀκριϐῶς
1920 5791 1948 5843 6

364 5887 463 5958 τῆς
496 5885 663 5959 κόρης
696 5886 876 5956 πατὴρ
906 5902 919 5915 ·
954 5881 1229 5938 ἐπανιόντι
1264 5881 1372 5953 γὰρ
1399 5880 1566 5953 αὐτῷ,
1591 5881 1687 5936 καὶ
1734 5880 1951 5953 ὀλίγους

2039 4679 2207 4751 Egre
2252 4693 2366 4734 rem
2413 4675 2541 4731 tulit
2574 4676 2659 4731 vir
2690 4683 2919 4732 sanctus
2948 4711 2964 4740 ,
3007 4678 3068 4728 ut
3096 4660 3235 4727 eum
3255 4671 3485 4728 decebat
3531 4673 3624 4742 qui

2039 4771 2300 4827 virtutem
2358 4769 2537 4826 nollet
2589 4767 2927 4841 ostendere;
2978 4764 3373 4836 minatusque,
3411 4765 3458 4820 si
3497 4765 3626 4819 talia

2040 4880 2239 4921 rursus
2287 4863 2557 4929 auderet,
2612 4859 3025 4918 consuetudine
3081 4859 3180 4915 illa
3226 4868 3282 4916 et
3320 4859 3630 4915 ministerio

2041 4957 2318 5029 privatum
2340 4956 2409 5010 iri
2431 4995 2448 5019 ,
2480 4969 2604 5026 quae
2626 4953 2968 5010 maximaiis
2994 4966 3160 5023 poena
3205 4959 3327 5008 erat
3354 4951 3449 5022 qui
3480 4965 3629 5022 quia:-

2042 5058 2190 5106 stum
2223 5050 2375 5105 hunc
2404 5052 2694 5114 noverant,
2729 5046 2884 5102 abire
2915 5045 3074 5100 illum
3099 5043 3308 5114 jussit,
3338 5043 3498 5114 eique
3529 5057 3630 5099 vas

2042 5141 2283 5198 reddere
2309 5140 2405 5212 qui
2436 5138 2688 5196 dederat.
2717 5137 2788 5192 Et
2818 5137 2934 5193 haec
2967 5135 3194 5208 quidem
3226 5135 3342 5206 ipse
3374 5133 3628 5204 jubebat.

2045 5235 2268 5291 Daemon
2298 5241 2481 5291 autem
2527 5241 2768 5304 quatuor
2803 5231 3018 5286 dierum
3053 5228 3250 5285 itinere
3278 5226 3491 5283 distans
3528 5227 3634 5299 eji-

2044 5328 2245 5385 cicntis
2279 5342 2341 5384 se
2384 5326 2647 5382 virtutem
2675 5325 2991 5382 testabatur
3047 5339 3062 5376 :
3100 5327 3154 5377 et
3196 5320 3403 5390 judicia
3444 5329 3632 5391 partes

2047 5420 2323 5477 Berrheete
2339 5419 2537 5491 agebat
2559 5416 2901 5483 Marcianus,
2919 5412 3280 5472 carnificibus
3297 5411 3633 5483 quibusdam

2046 5519 2212 5568 utens
2264 5512 2535 5568 adversus
2582 5510 2931 5574 daemonem,
2971 5513 3029 5562 et
3084 5505 3418 5562 seeleratum
3477 5504 3627 5560 illum

2046 5605 2336 5677 expellens
2355 5645 2370 5669 ,
2408 5604 2765 5675 puellamque
2794 5601 2864 5658 ab
2890 5599 3048 5657 illius
3074 5598 3371 5656 vexatione
3397 5595 3624 5653 liberam

2050 5697 2310 5753 reddens.
2369 5690 2528 5759 Quod
2602 5690 2827 5762 quidem
2891 5688 3089 5760 puellae
3139 5694 3352 5758 patrem
3408 5682 3628 5740 minime

2048 5787 2233 5842 latuit.
2269 5781 2541 5839 Redeunti
2570 5780 2718 5838 enim
2742 5820 2758 5847 ,
2793 5793 2919 5835 cum
2953 5778 3022 5834 ab
3047 5777 3184 5833 urbe
3220 5774 3412 5848 paucis
3438 5773 3635 5829 stadiis

2053 5879 2307 5946 abesset,
2340 5867 2590 5931 famulus
2641 5872 2717 5927 illi
2752 5871 2997 5928 occurrit
3033 5884 3063 5925 a
3094 5867 3318 5924 domina
3354 5866 3407 5920 in
3443 5879 3637 5933 agrum
