4030 6420
444 391 567 457 if‘fii

1432 390 1920 450 TUEODORETI
1958 392 2298 452 EPISCOPI
2336 393 2707 455 CYRENSIS

3588 387 3729 451 19.522

436 503 669 566 missus,
707 502 799 571 qui
836 511 895 557 ut
922 500 1204 556 dominum
1258 494 1433 562 vluit,
1464 500 1791 556 miraculum
1834 517 2021 557 narra-

2129 501 2225 556 τοῦ
2270 504 2464 568 ἄστεος
2512 505 2762 568 σταδίους
2813 503 3094 575 ἀπέχοντι,
3119 504 3338 574 οἰκέτης
3362 520 3444 566 τις
3478 504 3727 571 ἀπήντη-

436 595 550 659 vit,
586 604 829 664 quatuor
855 602 984 649 ante
1016 592 1135 647 dies
1168 591 1372 647 factum
1426 592 1769 662 signiﬁcans.
1818 591 2020 649 Diebus

433 699 566 754 ergo
594 683 958 747 enumeratis,
988 690 1042 737 et
1067 689 1313 751 tempore
1345 679 1666 735 accuratius
1680 679 2020 744 examinato,

434 774 570 828 illud
601 777 617 794 ⁴
651 774 836 846 ipsum
861 773 1035 829 fuisse
1065 773 1337 843 comperit
1363 815 1377 839 ,
1409 786 1522 843 quo
1546 786 1712 827 senex
1742 771 2020 843 lecythuin

435 868 715 923 attulerat.

2129 610 2243 657 σεν,
2275 595 2355 656 είς
2384 595 2552 666 ἀγρὸν
2584 595 2689 648 ὑπὸ
2717 597 2817 665 τῆς
2837 595 3128 666 δεσποίνης
3166 595 3515 657 ἀποσταλείς.
3551 589 3726 655 οὗτος

2128 683 2220 737 τὸν
2248 685 2515 757 δεσπότην
2540 687 2874 758 θεασάμενος
2891 689 3199 763 προσέφερε
3224 690 3326 759 τῆς
3348 686 3726 757 γεγενημένης

2131 776 2579 850 θαυματουργίας
2610 781 2675 834 τά
2702 782 3034 851 Εύαγγέλια,
3059 783 3167 852 πρὸ
3193 783 3471 853 τεττάρων
3497 779 3727 853 ἡμερῶν

2132 868 2306 938 λέγων
2337 872 2665 941 γεγενῆσθαι
2699 873 2761 927 τὸ
2792 872 3001 944 θαῦμα.
3043 875 3383 948 ’Δριθμήσας
3412 872 3591 928 τοίνυν
3621 872 3727 936 τὰς

435 959 669 1031 ἡμέρας,
704 960 797 1015 καὶ
828 958 918 1013 τον
971 958 1165 1029 καιρὸν
1204 956 1449 1029 ἀκριόῶς
1498 955 1783 1026 ἐξετάσας,
1814 956 2019 1009 ἐκεῖνον
2057 951 2196 1013 εἶναι
2248 961 2595 1032 μεμάθηκεν,
2620 962 2677 1016 ἐν
2698 955 2827 1032 ᾧτὺ
2853 962 3113 1035 ληκύθιον
3165 964 3484 1034 ἐξεκόμισεν
3519 964 3549 1016 6
3586 975 3727 1033 πρε-

435 1051 692 1121 σϐύτης.-

511 1141 640 1195 Mihi
698 1149 881 1196 autem
925 1138 1075 1196 subit
1129 1138 1317 1195 animo
1366 1146 1657 1210 reputare,
1722 1138 1857 1208 quid
1917 1152 2026 1191 non

433 1236 663 1294 fet-isset
701 1248 936 1305 magnus
971 1232 1064 1288 ille
1095 1231 1199 1295 vir,
1226 1231 1272 1289 si
1304 1231 1573 1287 miracula
1608 1231 1789 1286 facere
1819 1229 2028 1285 voluis—

435 1339 543 1387 set.
582 1327 642 1381 Si
675 1326 822 1381 enim
874 1324 1042 1380 etiam
1084 1339 1210 1379 cum
1255 1322 1504 1380 studeret
1538 1324 1795 1377 virtutem
1837 1320 2026 1376 occul-

434 1434 556 1476 tare
603 1433 772 1490 quam
811 1426 1144 1488 acceperat,
1198 1426 1353 1471 tanto
1398 1416 1651 1471 radiabat
1688 1413 2025 1486 splendore,

432 1512 569 1582 quid
609 1511 705 1566 ille
742 1509 1072 1565 miraculum
1111 1524 1225 1564 non
1275 1516 1524 1579 patraret
1573 1510 1618 1564 si
1655 1506 1895 1565 liberet?
1934 1505 2028 1563 Sic

435 1613 620 1661 autem
683 1603 990 1670 Spiritalem
1050 1618 1274 1673 quoque
1331 1602 1659 1672 sapientiam
1714 1616 1871 1657 suam
1916 1616 2025 1655 non

433 1693 695 1748 munibus
743 1692 1071 1748 ostendebat
1128 1712 1141 1749 :
1192 1703 1308 1751 tum
1364 1694 1563 1760 etiam,
1616 1708 1744 1748 cum
1805 1692 2025 1748 tandem

437 1781 650 1860 1143
685 1783 1037 1856 permisisset
1074 1793 1132 1837 ut
1170 1793 1295 1856 post
1322 1784 1469 1840 diem
1514 1782 1718 1839 festum
1760 1784 2025 1839 salutaris

2209 1137 2351 1206 Ἐγὼ
2379 1139 2435 1193 δὲ
2465 1142 2542 1205 είς
2566 1141 2776 1196 ἔννοιαν
2802 1141 3087 1215 λαμϐάνω,
3122 1143 3175 1199 τί
3204 1145 3305 1199 ούκ
3335 1143 3401 1200 ἂν
3440 1142 3662 1217 ἔδρασεν
3691 1143 3725 1195 6

2128 1228 2301 1297 μέγας
2325 1226 2478 1295 οὗτος
2501 1233 2659 1306 ἀνὴρ.
2681 1234 2728 1287 εί
2758 1233 3196 1306 θαυματουργείν
3224 1236 3496 1293 ἐϐούλετο.
3516 1238 3579 1291 Ei
3607 1236 3723 1309 γάρ

2126 1319 2222 1371 καὶ
2248 1320 2516 1392 κρύπτειν
2554 1323 2910 1389 ἐσπουδακὼς
2934 1325 3002 1397 ἢν
3032 1324 3252 1390 ἐδέξατο
3280 1326 3463 1398 χάριν,
3502 1326 3707 1381 τοσαύ-

2124 1428 2225 1482 την
2253 1413 2448 1485 αἴγλην
2481 1415 2652 1485 ἠφίει,
2686 1417 2848 1470 ποίαν
2876 1418 2977 1471 οὐκ
3008 1418 3073 1470 ἂν
3100 1417 3499 1490 τερατουργίαν
3525 1417 3720 1488 ἐθελή-

2128 1522 2227 1568 σας
2263 1507 2558 1577 εἰργάσατο
2581 1526 2595 1575 ;
2630 1508 2786 1563 Οὕτω
2811 1510 2868 1569 δὲ
2897 1510 2993 1564 καὶ
3020 1511 3119 1581 τὴν
3143 1510 3525 1582 πνευματικὴν
3551 1509 3720 1573 αὐτοῦ

2126 1597 2320 1667 σοφίαν
2352 1599 2451 1670 οὐχ
2480 1600 2686 1654 ἅπασιν
2725 1601 2937 1673 ἐδήλου.
2970 1603 3066 1656 καὶ
3101 1602 3278 1658 ταῦτα
3299 1602 3360 1655 τὸ
3383 1602 3719 1665 τελευταῖον,

2128 1689 2269 1759 μετά
2313 1690 2413 1759 τὴν
2446 1691 2540 1745 τοῦ
2575 1693 2846 1764 σωτηρίου
2875 1694 3085 1758 πάθους
3116 1694 3211 1748 καὶ
3259 1694 3359 1763 τῆς
3392 1694 3726 1765 δεσποτικῆς

2124 1782 2474 1848 ἀναστάσεως
2520 1785 2737 1858 ἑορτὴν,
2785 1787 3016 1845 εἰσιέναι
3059 1789 3185 1851 τοὺς
3230 1786 3588 1860 βουλομένους
3636 1790 3724 1851 είς

435 1876 716 1945 passionis
749 1886 805 1930 et
836 1874 1138 1934 Dominicze
1170 1876 1636 1943 resurrectionis,
1669 1878 1926 1934 venirent
1951 1878 2017 1934 ad

2128 1871 2292 1926 αὐτὸν
2330 1874 2648 1945 ἐπιτρέψας·
2672 1875 2865 1947 ἀμέλει
2913 1879 3035 1933 κατ’
3062 1878 3272 1934 ἐκεῖνον
3305 1877 3546 1942 ἅπαντες
3584 1878 3724 1950 ὀρᾷν

434 1968 615 2038 ipsum
643 1968 737 2040 qni
770 1968 992 2024 vellent.
1025 1968 1148 2039 Quo
1183 1984 1317 2026 sane
1357 1980 1603 2041 tempore
1635 1986 1829 2026 omnes
1865 1971 2017 2027 illum

433 2062 618 2117 videre
639 2061 1078 2121 contendebant.
1115 2064 1306 2135 itaque
1329 2073 1597 2120 venerunt
1625 2067 1695 2121 ad
1728 2067 1882 2124 illum
1916 2068 2020 2122 ali-

429 2156 655 2225 quando
696 2170 806 2211 una
834 2157 1160 2230 congregati
1192 2157 1352 2228 primi
1389 2158 1713 2229 pontificum
1742 2199 1758 2224 ,
1790 2175 2021 2233 magnus

430 2245 522 2301 ille
571 2245 906 2311 Flavianus,
959 2246 1224 2304 Ecclesia!
1274 2257 1466 2320 pastor
1511 2250 1913 2315 Antiochenaa,
1966 2259 2021 2306 et

428 2338 654 2392 divinus
696 2339 977 2401 Aeacius,
1025 2339 1188 2406 cujus
1236 2355 1405 2410 supra
1447 2342 1669 2396 memini
1696 2383 1711 2405 ,
1764 2352 1820 2399 et
1851 2344 2023 2400 Ense-

430 2428 556 2484 liius
584 2426 974 2484 Chalcidensis
1008 2431 1305 2503 episcopus
1328 2471 1343 2495 ,
1384 2438 1439 2487 et
1471 2433 1716 2490 Isidorus
1761 2434 1855 2507 qui
1892 2435 2019 2508 Cyri

426 2520 803 2592 gubernacula
828 2529 966 2575 tunc
994 2522 1243 2593 regebat,
1277 2521 1548 2594 singulari
1574 2538 1765 2580 omnes
1793 2524 2017 2579 virtute.

426 2613 564 2666 Cum
598 2612 710 2667 illis
737 2612 904 2668 etiam
957 2620 1077 2671 erat
1107 2611 1435 2671 Theodorus
1480 2614 2020 2687 Hierapolitauorutn

321 2710 325 2721 '
428 2705 667 2761 antistes
690 2745 706 2769 ,
740 2705 1051 2761 monastica
1079 2705 1485 2764 exercitatione
1513 2716 1569 2765 el.
1597 2711 2023 2768 mansuetudine

431 2796 799 2868 conspicuus.
835 2795 1084 2852 Aderant
1135 2812 1360 2869 quoque
1406 2802 1659 2859 nonnulli
1691 2818 1757 2857 ex
1792 2804 2026 2874 Optima-

430 2889 583 2946 tibus
617 2895 673 2945 et
726 2889 1057 2973 honoratis,
1116 2906 1261 2959 quos
1304 2890 1431 2947 ﬁdei
1476 2893 1644 2948 ardor
1678 2894 2019 2952 incenderat.

429 2981 706 3039 Omnibus
740 2995 874 3054 ergo
907 2995 1032 3037 cum
1073 2981 1303 3043 silentio
1333 2983 1684 3051 sedentibus,
1717 2998 1772 3044 et
1802 3003 2020 3047 sacram

432 3074 582 3130 illius
642 3089 837 3133 vocem
905 3077 1404 3150 exspectantibus,
1469 3077 1587 3150 ipse
1645 3096 1868 3153 quoque
1926 3083 2023 3141 diu

430 3175 621 3222 tacens
658 3166 929 3236 sedebat,
970 3168 1158 3240 lingua
1207 3169 1433 3241 quidem
1489 3169 1738 3239 otiosus,
1793 3173 2023 3231 auribus

431 3265 615 3314 autem
654 3257 924 3316 intentus.
963 3258 1122 3320 Tunc
1162 3262 1530 3323 assidentium
1568 3278 1745 3328 unus,
1787 3263 2026 3320 familia-

431 3350 511 3408 ris
550 3347 629 3403 illi
666 3357 897 3422 propter
941 3365 1133 3413 curam
1194 3353 1393 3413 anima:
1419 3395 1435 3421 ,
1476 3364 1528 3410 et
1558 3355 1748 3413 clarus
1798 3357 2028 3428 insuper

429 3440 723 3510 dignitate.
756 3459 776 3493 ι
820 3439 1063 3509 Omnes,
1099 3444 1314 3516 inquit,
1348 3461 1382 3501 o
1412 3455 1592 3518 pater,
1631 3448 1797 3503 etiam
1850 3448 2024 3504 divini

431 3532 486 3591 lii
519 3530 749 3599 Patres,
806 3528 1080 3593 doctrinae
1132 3545 1240 3593 tum
1314 3539 1611 3604 sitientes,
1692 3539 2025 3596 suavissima

433 3626 636 3680 ﬂuenta
670 3633 763 3681 tua
802 3635 1154 3698 exspectant.
1187 3627 1462 3687 Omnibus
1509 3646 1641 3703 ergo
1679 3631 1774 3702 qui
1819 3633 2026 3689 adsunt

434 3720 731 3774 utilitatem
784 3721 1104 3791 impertire,
1159 3738 1261 3781 nec
1305 3723 1682 3781 beneﬁcentia»
1737 3726 1886 3781 rivos
1932 3741 2024 3782 oc-

431 3812 618 3869 clude.
644 3831 677 3881 ¹ι
713 3813 806 3869 Ille
826 3824 1036 3878 autem,
1068 3830 1196 3874 cum
1226 3817 1614 3875 vehementius
1637 3820 1979 3890 suspirassct
2006 3840 2021 3876 :

437 3924 456 3958 ι
498 3904 644 3961 Deus
666 3945 680 3971 ,
715 3906 930 3976 inquit,
970 3907 1362 3969 universorum
1394 3910 1640 3981 quotidie
1674 3919 1729 3966 et
1748 3928 1845 3983 per
1873 3929 2028 3970 creao

431 4006 592 4055 tui-as
656 4000 925 4071 loquitur,
981 4010 1038 4058 et
1067 4018 1167 4074 per
1209 4003 1432 4060 divinas
1484 4003 1803 4078 Scripturas
1856 4008 2026 4064 verba

435 4089 601 4156 facit,
641 4099 844 4163 etquae
885 4103 1265 4157 consentanea
1311 4108 1443 4152 sunt
1483 4097 1778 4165 admonet,
1819 4108 1874 4154 et
1904 4115 2028 4170 quae

435 4182 592 4236 utilia
622 4182 818 4247 docet,
874 4193 928 4240 et
968 4184 1134 4242 minis
1178 4185 1456 4254 deterret,
1489 4197 1544 4243 et
1574 4189 1866 4259 promissis
1897 4190 2028 4245 lior—

433 4282 607 4340 tatur,
669 4288 772 4329 nec
829 4276 1126 4337 utilitatem
1178 4279 1345 4335 ullam
1405 4280 1682 4349 capimus.
1734 4280 2026 4346 Quomodo

435 4381 570 4435 ergo
594 4367 826 4435 loquens
859 4368 1126 4437 prodesse
1163 4379 1330 4441 queat
1367 4370 1713 4436 Marcianus,
1754 4374 1849 4444 qui
1897 4381 2022 4428 tan-

435 4467 547 4517 taiu
584 4458 879 4520 utilitatem
905 4475 1030 4514 cum
1061 4460 1186 4517 aliis
1219 4472 1579 4534 aspernatur,
1605 4473 1660 4518 et
1689 4463 1932 4520 fructum
1955 4482 2020 4520 ex

2125 1964 2288 2019 αὐτὸν
2326 1966 2657 2033 ἐσπούδαζον
2685 1968 2778 2021 τὸν
2809 1969 3020 2040 καιρόν.
3052 1969 3163 2024 Καὶ
3193 1969 3256 2040 δή
3286 1986 3420 2028 ποτε
3460 1968 3727 2037 ἀφίκοντο

2124 2060 2262 2132 πρὸς
2310 2059 2473 2114 αὑτὸν
2508 2060 2868 2132 συναχθέντες
2902 2061 3010 2115 τῶν
3041 2060 3344 2133 ἀρχιερέων
3376 2062 3447 2121 οἱ,
3486 2060 3721 2133 πρῶτοι,

2122 2152 2418 2218 Φλαόιανὸς
2447 2154 2475 2205 6
2515 2152 2689 2225 μέγας
2706 2153 2809 2224 τὴν
2843 2153 3165 2225 Ἀντιοχέων
3196 2153 3509 2223 ποιμαίνειν
3548 2169 3722 2207 πεπι-

2126 2246 2444 2317 στευμένος,
2493 2246 2587 2298 καὶ
2634 2247 2662 2299 ὁ
2718 2245 2860 2309 θεῖος
2898 2246 3176 2308 Ἀκάκιος,
3225 2239 3286 2299 οὗ
3337 2245 3431 2298 καὶ
3480 2244 3724 2315 πρόσθεν

2123 2336 2422 2407 ἐμνήσθην,
2457 2335 2715 2399 Εὖσέϐιός
2744 2352 2803 2387 τε
2830 2337 2857 2388 6
2886 2336 2985 2406 τῆς
3011 2333 3344 2400 Χαλκιδέων,
3382 2335 3477 2388 καὶ
3513 2335 3722 2388 Ἰσῖδω-

2124 2444 2218 2496 ρος
2246 2431 2272 2481 6
2306 2428 2426 2480 τότε
2461 2426 2557 2498 τὴν
2592 2425 2768 2494 Κῦρον
2800 2425 3070 2497 κυϐερνᾷν
3096 2425 3552 2495 πεπιστευμένος,
3582 2425 3723 2498 ἀρε-

2122 2525 2189 2593 τῇ
2231 2521 2647 2592 διαπρέποντες.
2680 2518 2855 2588 Συνῆν
2902 2517 2959 2571 δὲ
3006 2518 3189 2580 αὐτοῖς
3213 2516 3309 2575 καὶ
3336 2517 3589 2580 Θεόδοτος
3616 2517 3722 2587 τῆς

2136 2612 2521 2685 Ἰεραπολιτῶν
2555 2611 2801 2681 κατέχων
2834 2609 2932 2674 τὰς
2965 2610 3144 2682 ἡνίας.
3180 2610 3414 2681 ἀσκήσει
3441 2610 3539 2663 καὶ
3573 2626 3723 2680 πρα-

2124 2709 2275 2777 ότητι
2300 2704 2835 2779 ).άμπων.ι]αρῆσαν
2852 2704 2909 2759 δέ
2932 2722 3079 2768 τινες
3108 2704 3332 2758 καὶτῶν
3363 2705 3421 2756 ἐν
3451 2702 3593 2756 τέλει
3625 2703 3725 2758 καὶ

2125 2797 2420 2869 ἀξιώμασι,
2452 2796 2552 2868 τῆς
2586 2796 2821 2860 πίστεως
2844 2797 2906 2849 τὸ
2930 2794 3184 2867 ζὼπυρον
3214 2795 3451 2867 ἔχοντες.
3487 2794 3722 2851 Πάντων

2123 2890 2304 2945 τοίνυν
2336 2891 2461 2960 σιγῇ
2494 2887 2959 2960 καθημένων,καὶ
2989 2886 3089 2960 τὴν
3123 2888 3276 2960 ίεράν
3310 2887 3519 2942 ἐκείνου
3551 2904 3724 2959 προσ-

2123 2981 2429 3054 δεχομένων
2456 2979 2660 3051 φωνὴν,
2683 2978 2853 3048 σιγῶν
2878 2980 2971 3034 καὶ
2987 2978 3150 3043 αὐτὸς
3175 2979 3270 3032 ἐπὶ
3294 2978 3431 3034 πολὺ
3452 2978 3720 3050 καθῆστο,

2124 3072 2311 3145 ἀργῶν
2346 3072 2445 3145 μὲν
2470 3071 2569 3144 τὴν
2599 3070 2869 3141 γλῶτταν,
2894 3071 3118 3143 ἐνεργὸν
3140 3070 3196 3125 δὲ
3224 3070 3368 3142 ἔχων
3395 3072 3496 3141 τὴν
3525 3070 3719 3142 ἀκοήν.

2126 3168 2263 3223 Τότε
2292 3185 2375 3232 τις
2414 3164 2522 3223 τῶν
2552 3164 2899 3236 καθημένων.
2938 3164 3178 3235 συνήθης
3202 3161 3280 3217 ὣν
3308 3162 3456 3234 αὐτῷ
3485 3163 3574 3218 διὰ
3622 3164 3726 3234 τὴν

2129 3260 2229 3332 τῆς
2264 3258 2439 3329 ψυχῆς
2471 3256 2819 3327 ἐπιμέλειαν,
2853 3253 2950 3314 καὶ
2985 3253 3161 3316 ἄλλως
3187 3253 3246 3316 δέ
3272 3252 3547 3329 ἀξιώματι
3576 3253 3727 3331 λάμ-

2130 3369 2280 3407 πωνο
2318 3371 2337 3404 ι
2381 3353 2679 3414 Ἅπαντες,
2712 3350 2837 3421 ἔφη,
2863 3341 2909 3402 ὧ
2944 3348 3141 3418 πάτερ,
3174 3347 3269 3403 καὶ
3296 3349 3345 3401 oi
3380 3346 3514 3407 θεῖοι
3542 3348 3730 3402 Πατέ-

2132 3463 2223 3518 ρες
2266 3447 2363 3515 τῆς
2410 3444 2508 3515 σῆς
2542 3441 2809 3513 διψῶντες
2837 3440 3212 3504 διδασκαλίας,
3262 3440 3331 3494 τὰ
3378 3440 3576 3510 ἥδιστά
3627 3457 3727 3494 σου

2129 3535 2502 3609 προσμένουσι
2531 3537 2772 3604 νάματα.
2809 3533 3054 3597 Μετάδος
3087 3533 3268 3587 τοίνυν
3314 3536 3428 3596 τοῖς
3454 3533 3728 3605 παροῦσιν

2129 3631 2306 3685 ἅπασι
2328 3630 2425 3699 τῆς
2446 3626 2736 3698 ὠφελείας,
2771 3627 2865 3681 καὶ
2896 3627 2971 3698 μὴ
2998 3625 3251 3697 κωλύσῃς
3284 3626 3411 3690 τοὺς
3437 3627 3538 3698 τῆς
3577 3627 3729 3699 εὐερο

2128 3722 2320 3793 γεσίας
2343 3721 2658 3795 κρουνούς.»
2691 3722 2751 3775 ὐ
2780 3721 2836 3776 δὲ
2870 3721 3012 3792 μέγα
3043 3719 3329 3783 στενάξας,
3364 3719 3393 3771 6
3420 3720 3531 3773 τῶν
3564 3720 3713 3784 ὅλων,

2129 3817 2255 3892 ἐτη·
2295 3837 2313 3869 ι
2349 3816 2484 3879 Θεὸς
2520 3814 2644 3869 καθ’
2677 3814 2916 3887 ἐκάστην
2948 3812 3186 3885 ἡμέραν,
3217 3812 3314 3867 καὶ
3341 3811 3429 3866 διά
3465 3812 3570 3883 τῆς
3605 3815 3721 3866 κτί-

2131 3927 2269 3973 σεως
2300 3909 2618 3980 φθέγγεται,
2643 3908 2737 3962 καὶ
2758 3906 2847 3960 διὰ
2884 3906 2992 3961 τῶν
3021 3906 3183 3965 θείων
3214 3905 3448 3979 Γραφῶν
3478 3906 3727 3975 διαλέγε-

2129 4022 2243 4071 ται,
2272 4003 2369 4058 καὶ
2403 4003 2660 4072 παραινεῖ
2679 4002 2747 4061 τά
2776 4000 2988 4064 δέοντα,
3021 3999 3119 4055 καὶ
3143 4001 3449 4069 εἰσηγεῖται
3482 3999 3551 4053 τά
3583 4017 3729 4069 συμ-

2132 4097 2389 4171 φέροντα,
2415 4097 2512 4151 καὶ
2538 4095 2788 4159 ἀπειλαῖς
2818 4093 3134 4160 δεδίττεται,
3164 4093 3257 4147 καὶ
3279 4093 3583 4164 προτρέπει
3602 4097 3731 4157 ταῖς

2132 4190 2496 4261 ὑποσχέσεσι,
2543 4189 2637 4245 καὶ
2668 4188 2855 4259 δνησιν
2890 4186 3149 4256 οὐδεμίαν
3183 4185 3564 4258 καρπούμεθα.
3598 4186 3732 4252 Πῶς

2130 4287 2308 4341 τοίνυν
2337 4286 2655 4359 Μαρκιανὸς
2681 4284 3053 4356 φθεγγόμενος
3092 4282 3420 4354 ὠφελήσειε,
3452 4282 3731 4355 τοσαύτην

2130 4380 2400 4449 ὠφέλειαν
2440 4379 2578 4451 μετὰ
2605 4379 2714 4432 τῶν
2740 4378 2918 4433 ἄλλων
2951 4377 3436 4448 ἀποπεμπόμενος,
3473 4378 3569 4430 καὶ
3594 4375 3729 4447 6w;-

2132 4492 2217 4527 σιν
2266 4473 2475 4528 ἐκεῖθεν
2514 4472 2781 4544 εῢρασθαι
2826 4469 2900 4542 μὴ
2946 4469 3315 4541 βουλόμενοςς
3357 4488 3377 4523 ι
3442 4468 3729 4523 Ἐντεῦθεν

437 4551 548 4609 illis
582 4567 781 4623 capere
821 4568 932 4609 non
990 4554 1144 4609 vult?
1204 4574 1224 4608 ι
1273 4556 1488 4612 Exinde
1546 4556 1706 4613 multi
1737 4573 2022 4615 sermones

2133 4567 2320 4622 πολλοὶ
2353 4568 2452 4637 μὲν
2504 4565 2659 4637 παρά
2702 4563 2812 4619 τῶν
2854 4563 3116 4635 Πατέρων
3166 4563 3499 4636 ἐκινήθησαν
3548 4562 3726 4631 λόγοι,

435 4643 605 4700 habiti
636 4652 768 4701 sunt
798 4660 828 4700 a
856 4644 1157 4715 Patribus,
1189 4662 1328 4719 quos
1363 4648 1580 4723 1144
1619 4651 1865 4708 inserere
1897 4669 2025 4708 uar-

434 4738 638 4793 rationi
693 4755 1177 4810 supervacaneum
1237 4742 1389 4802 duxi.
1449 4744 1589 4800 Cum
1650 4753 1834 4801 autem
1894 4763 2021 4803 sur—

438 4834 714 4889 rexissent
747 4843 803 4890 et
836 4844 1129 4904 orassent,
1187 4852 1425 4909 eumque
1472 4839 1823 4898 sacerdotem
1875 4843 2023 4899 ordi-

436 4939 567 4986 nare
618 4926 849 4991 vellent,
884 4942 1082 4985 manus
1116 4937 1299 4989 tamen
1346 4930 1645 4991 admovere
1698 4949 1807 4990 non
1858 4935 2014 4991 ande-

435 5017 608 5071 hant:
663 5028 832 5087 atque
860 5021 876 5038 ‘
932 5018 1036 5079 hoc
1094 5019 1285 5088 illum,
1321 5024 1417 5079 illo
1453 5041 1586 5083 vero
1635 5025 1783 5084 hunc
1821 5028 2022 5083 adhor-

432 5117 584 5165 tante
610 5148 624 5170 ,
662 5125 789 5164 cuni
834 5122 1192 5175 recusassent
1222 5129 1449 5184 omnes,
1483 5133 1540 5174 rc
1574 5117 1778 5175 infecti
1810 5121 2025 5174 disces-

433 5208 646 5257 serunt.

504 5291 613 5347 Sed
654 5294 799 5351 enim
840 5294 1003 5352 aliam
1039 5313 1265 5369 quoque
1294 5300 1381 5356 liis
1426 5301 1629 5357 addere
1673 5302 1798 5356 volo
1832 5319 2024 5357 narra-

435 5382 643 5437 tionem
668 5426 683 5452 ,
722 5402 790 5442 ex
829 5401 939 5456 qua
984 5389 1232 5450 divinam
1270 5391 1391 5462 ejus
1429 5394 1782 5463 prudentiain
1813 5409 2023 5463 cogno-

436 5488 597 5530 scere
637 5473 826 5534 liceat.
867 5477 1065 5540 Avitus
1109 5482 1333 5553 quidam
1386 5486 1563 5541 altera
1615 5485 1669 5540 in
1717 5484 2025 5542 solitudine

436 5564 760 5623 monasticae
784 5571 1203 5631 exercitationis
1232 5574 1445 5646 primus
1481 5573 1678 5628 ﬁxerat
1711 5575 2017 5643 tugurium.

440 5656 537 5709 Fst
577 5666 760 5713 autem
806 5659 898 5716 illa
931 5666 1095 5732 paulo
1130 5681 1295 5734 quam
1352 5667 1456 5722 ista
1513 5667 2020 5737 septentrionalior,

439 5749 693 5807 nonnihil
719 5767 948 5822 vergens
978 5758 1042 5810 ad
1073 5758 1369 5824 orientem,
1401 5767 1739 5830 ventumque
1767 5768 2022 5828 spectans

438 5840 752 5911 Attitl‘t'iiaitt
780 5888 793 5911 ,
830 5850 918 5919 qui
951 5850 1243 5921 proximus
1266 5861 1349 5907 est
1384 5851 1715 5911 Subsolauo.
1746 5852 1795 5913 Is
1821 5870 2022 5925 magno

2127 4660 2223 4726 οὒς
2244 4661 2480 4717 ἐνθεῖναι
2523 4658 2603 4731 τῷ
2626 4659 2927 4728 διηγήματι
2958 4656 3232 4728 παρέλκον
3272 4657 3519 4727 ἐνόμισα.
3569 4657 3728 4710 Ἀνα-

2130 4756 2360 4819 στάντες
2392 4753 2449 4808 δέ
2501 4754 2594 4808 καὶ
2651 4749 3106 4824 προσευξάμενοι,
3160 4750 3255 4803 καὶ
3288 4749 3385 4820 τῆς
3419 4749 3729 4820 ἱερωσύνης

2125 4848 2278 4919 αὐτῷ
2308 4848 2411 4919 τὴν
2444 4846 2785 4919 χειροτονίαν
2813 4844 3086 4898 ἐπιθεῖναι
3126 4842 3480 4912 θελήσαντες,
3507 4842 3728 4896 ἔδεισαν

2128 4944 2293 4997 πάλιν
2316 4941 2418 5014 τὴν
2447 4940 2811 5011 ἐπιχείρησιν.
2835 4939 2948 4993 Καὶ
2973 4930 3129 5001 οὗτος
3154 4936 3370 5008 ἐκείνῳ,
3423 4938 3630 4999 ἐκεῖνος
3667 4935 3729 4989 δὲ

2124 5035 2301 5107 τούτῳ
2354 5034 2783 5106 παρεκελεύετο·
2826 5032 3027 5095 πάντες
3052 5031 3111 5085 δὲ
3131 5030 3334 5102 ὁμοίως
3367 5029 3726 5100 παραιτησά-

2130 5120 2283 5200 μενοι
2314 5129 2416 5201 τὴν
2435 5128 2701 5182 ἐπάνοδον
2727 5126 3076 5197 ἐποιήσαντο.

2210 5308 2375 5363 Ἀλλὰ
2410 5308 2518 5379 γὰρ
2571 5306 2831 5378 βούλομαι
2882 5306 2974 5360 καί
3013 5305 3141 5358 ἄλλο
3168 5303 3377 5366 τούτοις
3403 5303 3720 5374 προσθεῖναι

2125 5401 2392 5473 διήγημα,
2422 5400 2521 5471 τῆς
2545 5399 2696 5463 θείας
2720 5398 2966 5470 ὑπάρχον
3001 5394 3166 5451 αὑτοῦ
3212 5395 3481 5459 συνέσεως
3514 5394 3719 5467 γνώρι-

2130 5510 2263 5562 σμα.
2300 5489 2520 5554 Ἀϐιτός
2552 5506 2635 5553 τις
2657 5490 2737 5551 είς
2767 5486 2866 5559 τὴν
2896 5486 3090 5561 ἑτέραν
3114 5484 3322 5559 ἔρημον
3354 5485 3454 5556 τὴν
3490 5485 3721 5555 ἀσκητι-

2128 5584 2228 5654 κὴν
2256 5582 2498 5653 καλύϐην
2531 5579 2749 5650 πρῶτος
2780 5579 3040 5650 ἐπήξατο.
3082 5576 3407 5647 Βορειοτέρα
3430 5576 3488 5631 δὲ
3512 5576 3717 5645 ταύτης

2126 5674 2265 5743 ἐστὶι
2304 5673 2397 5727 καὶ
2434 5672 2626 5744 μικρὸν
2678 5671 2814 5742 πρὸς
2857 5670 2932 5723 ἐω
2951 5669 3200 5741 κειμένη,
3236 5668 3377 5720 κατὰ
3420 5666 3508 5720 τὸν
3540 5667 3718 5737 ἀπαρ-

2127 5766 2284 5820 κτίαν
2321 5764 2521 5834 ἄνεμον
2579 5763 2669 5817 τὸν
2715 5762 2793 5832 τῷ
2835 5761 3120 5833 ἀφηλιὼτῃ
3184 5760 3506 5825 πελάζοντα.
3542 5754 3713 5822 (οὗτος

2126 5857 2219 5911 τοῦ
2258 5855 2495 5927 μεγάλου
2527 5853 2844 5926 Μαρκιανοῦ
2871 5856 2962 5908 καὶ
2980 5854 3157 5926 χρόνῳ
3185 5854 3278 5907 καὶ
3304 5852 3446 5924 πόνῳ
3473 5852 3714 5925 πρεσῧύ-
