4030 6406
271 431 416 498 1333

1513 438 1870 504 RELIGIOS

1993 433 2341 496 narratu.
3413 439 3431 495 ι
3447 439 3559 500 κη

271 563 435 614 τερος
465 539 555 615 ἦν,
591 543 880 615 φιλόσοφος
925 545 980 598 δὲ
1012 547 1040 598 ό
1072 545 1232 617 ἀνὴρ,
1278 544 1372 599 καὶ
1405 543 1482 616 τῷ
1513 544 1734 619 σκληρῷ
1771 543 1870 614 βίῳ

1982 539 2257 592 Marciano
2287 548 2338 592 et
2383 549 2628 607 tempore
2663 545 2716 592 et
2753 538 2944 593 labore
2978 539 3259 608 antiquior
3296 549 3433 603 erat,
3476 545 3562 594 vi'r.

273 637 780 708 συντεθραμμένος.
814 631 984 703 Οὗτος
1027 638 1362 709 πανταχόθεν
1406 637 1870 709 περιθρυλλουμέ-

273 750 376 802 νην
406 732 508 802 τὴν
534 729 631 784 τοῦ
681 731 876 800 ἀνδρὸς
899 731 1234 802 καταμαθὼν
1277 731 1502 804 ἀρετὴν,
1533 731 1633 800 τῆς
1666 731 1868 801 μικρᾶς

269 824 509 894 ἡσυχίας
539 823 983 895 κερδαλεωτέραν
1019 821 1157 878 εἶναι
1200 825 1300 895 τὴν
1342 823 1599 894 τοιαύτην
1626 823 1754 876 θέαν
1786 840 1870 875 νε-

271 915 540 986 νομικὼς.
587 917 791 987 έδραμε
851 916 1100 970 σπεύδων
1177 917 1304 971 ίδεῖν
1345 917 1438 970 τὸν
1511 916 1866 985 ποθούμενον.

274 1004 490 1059 Μαθὼν
523 1007 578 1060 δὲ
605 1006 770 1061 αὑτοῦ
798 1007 896 1078 τὴν
938 1006 1123 1076 ἄφιξιν
1148 1011 1175 1061 ό
1209 1006 1400 1078 péyag’
1403 1007 1742 1080 Μαρκιανὸς,
1770 1005 1870 1076 τὴν

273 1099 452 1169 θύραν
508 1100 726 1165 ἀνοίξας
749 1101 1070 1168 εἰσεδέξατο,
1103 1101 1348 1171 Εὐσεσίῳ
1375 1102 1431 1155 δὲ
1466 1102 1542 1170 τῷ
1582 1100 1870 1170 θαυμασίῳ

274 1191 673 1264 παρηγγύησε,
695 1194 789 1245 καὶ
808 1191 1035 1263 ὄσπριον
1064 1193 1287 1264 ἑψῆσαι,
1319 1192 1414 1247 καὶ
1451 1194 1684 1263 λάχανον
1712 1191 1884 1260 εἴπερ

275 1285 416 1355 ἔχοι.
458 1285 675 1355 Ἐπειδὴ
696 1285 752 1339 δὲ
785 1285 883 1355 τῆς
919 1286 1162 1356 ἀλλήλων
1207 1286 1497 1353 διαλέξεως
1540 1284 1872 1354 ἐνεπλήσθη-

278 1394 405 1438 σαν,
427 1377 523 1428 καὶ
550 1366 647 1446 τὴν
675 1376 924 1445 ἀλλήλων
978 1377 1289 1448 κατέμαθον
1321 1379 1541 1448 ἀρετὴν,
1577 1379 1732 1448 κοινῇ
1771 1377 1869 1446 τὴν

274 1468 380 1535 τῆς
427 1468 1404 1541 Ἐννάτηςέπετέλεσανλειτουργίαν.
1437 1464 1580 1523 Ἧκε
1611 1470 1666 1522 δὲ
1708 1469 1870 1523 Εὐσέ-

277 1560 400 1623 ϐιος
433 1560 714 1630 τράπεζαν
741 1561 943 1630 φέρων,
985 1563 1078 1615 καὶ
1109 1562 1305 1639 ἄρτους
1338 1561 1684 1633 προσφέρων.
1725 1561 1781 1614 Ὀ
1811 1560 1868 1613 δὲ

281 1652 464 1722 μέγας
494 1653 815 1722 Μαρκιανὸς
838 1653 914 1725 τῷ
933 1655 1204 1727 θεσπεσίῳ
1245 1656 1504 1726 Ἀϐίτῳ·-ι
1538 1655 1868 1726 Δεῦρο,έφη,

279 1747 505 1800 πάντων
531 1765 623 1818 μοι
653 1744 1109 1818 προσφιλέστατε,
1145 1750 1240 1803 καὶ
1269 1749 1472 1820 ταύτης
1523 1749 1870 1819 κοινωνήσω-

281 1857 386 1910 μεν
418 1841 516 1910 τῆς
544 1841 848 1912 τραπέζης.
885 1860 903 1893 ι
954 1841 1012 1896 '0
1058 1843 1144 1896 δέ·
1179 1862 1195 1894 ι
1233 1843 1348 1896 Οὐκ
1398 1838 1536 1907 οἶδα,
1595 1843 1720 1912 ἔφη,
1755 1841 1870 1894 πώ-

1972 631 2133 701 plane
2167 630 2533 700 philosOphus
2558 671 2572 695 ,
2605 645 2658 685 et
2689 631 2745 685 in
2775 632 2917 685 duro
2950 635 3076 686 vita:
3111 647 3315 702 genere
3349 633 3562 688 exerci-

1975 727 2145 778 tatus.
2164 723 2271 789 Qui
2297 723 2364 778 de
2380 724 2738 780 celeberrima
2761 725 2864 778 viri
2892 725 3094 780 virtute
3118 740 3245 779 cum
3268 725 3558 792 audiisset,

1970 815 2236 869 diuturna
2281 817 2466 886 quiete
2500 818 2694 873 utilius
2723 819 2825 872 sibi
2872 818 2989 872 fore
3019 828 3172 872 ratus
3214 818 3320 873 hoe
3349 828 3563 888 specta,-

1970 909 2194 972 culum,
2252 910 2488 965 festinus
2539 911 2829 974 accurrit,
2877 921 2932 964 ut
2982 926 3108 964 eum
3141 910 3355 965 videret
3393 926 3557 978 quem

1971 1001 2214 1070 optabat.
2282 1002 2518 1072 Cognito
2571 1009 2752 1056 autem
2807 1003 2930 1072 ejus
2990 1002 3259 1067 adventu,
3328 1018 3562 1071 magnus

1971 1092 2283 1153 Marcianus
2311 1095 2455 1147 ostio
2486 1103 2677 1163 aperto
2713 1094 2867 1147 illum
2903 1094 3236 1156 intromisit,
3273 1095 3561 1162 praecpit-

1987 1201 2075 1245 lue
2100 1185 2412 1239 admirabili
2443 1184 2702 1250 Eusvbio,
2740 1167 2808 1243 ut.‘
2830 1195 2883 1240 et
2917 1187 3174 1255 legumen.
3220 1194 3482 1252 coqueret
3504 1192 3561 1238 et

1969 1278 2095 1330 olus
2121 1319 2133 1342 ,
2173 1279 2217 1332 si
2275 1278 2530 1332 haberet.
2564 1278 2864 1346 Postquam
2896 1292 3026 1330 vero
3079 1276 3286 1330 muluis
3329 1275 3469 1333 inter
3499 1287 3560 1326 se

1971 1371 2266 1440 colloquiis
2312 1371 2531 1434 satiati,
2585 1372 2724 1425 alter
2769 1370 3004 1424 alterius
3055 1369 3312 1421 virtutem
3353 1381 3560 1434 Cligllﬁs

1974 1480 2132 1526 vere,
2185 1480 2344 1518 nonre
2368 1465 2538 1518 simul
2584 1463 2821 1518 oﬂicium
2866 1470 3197 1534 peregerunt
3238 1479 3252 1514 :
3301 1462 3562 1528 venitque

1972 1556 2248 1612 Eusebius
2289 1554 2534 1611 mens'am
2577 1555 2799 1620 ferens,
2840 1565 2894 1610 et
2935 1569 3128 1622 panes.
3162 1551 3300 1606 Tum
3335 1566 3565 1620 magnus

1975 1650 2291 1704 Marcianus
2324 1649 2512 1702 divino
2549 1649 2710 1703 Avito
2745 1666 2757 1700 :
2798 1666 2816 1698 ι
2855 1645 3136 1700 Adesdum
3177 1646 3275 1708 ait,
3313 1641 3564 1696 omnium

1976 1744 2106 1797 mihi
2154 1741 2599 1811 jucundissime,
2649 1748 2706 1794 et
2743 1738 2911 1808 hujus
2963 1751 3168 1791 mensm
3221 1735 3400 1790 simus
3454 1748 3578 1790 una.

1975 1836 2296 1906 participes.
2341 1852 2358 1884 ι
2405 1832 2502 1887 llle
2552 1847 2684 1887 vero
2726 1850 2738 1886 :
2803 1849 2821 1882 ι
2860 1828 2980 1884 Non
3039 1827 3296 1891 memini,
3349 1825 3573 1895 inquit,

280 1947 415 1982 ποτε
457 1931 563 2000 πρὸ
591 1933 692 2001 τῆς
723 1932 962 2004 ἑσπέρας
995 1933 1181 1986 σιτίων
1222 1933 1563 2002 μεταλαδὼν,
1609 1935 1868 1997 πολλάκις

1982 1931 2156 1985 cibum
2186 1944 2274 1982 me
2308 1942 2553 1997 unquam
2584 1926 2896 1996 sumpsisse
2923 1930 3054 1977 ante
3074 1935 3384 1989 vesperam:
3419 1932 3566 1988 saepe

276 2021 336 2073 δὲ
370 2022 464 2074 καὶ
492 2021 584 2074 δύο
615 2024 708 2076 καὶ
737 2026 886 2093 τρεῖς
916 2023 1057 2077 κατά
1088 2025 1283 2078 ταύτὸν
1309 2025 1493 2088 ἄσιτος
1515 2025 1729 2096 ἡμέρας
1757 2025 1872 2078 δια-

277 2113 441 2167 τελῶ.
477 2133 496 2165 ι
529 2115 588 2167 '0
602 2115 658 2168 δὲ
686 2115 858 2185 μέγας
876 2117 1221 2187 Μαρκιανός·
1250 2137 1267 2169 ι
1305 2117 1470 2188 Ἐμοῧ
1503 2119 1634 2186 γοῦν
1664 2117 1868 2184 εἵνεκα,

278 2208 411 2276 ἔτη,
456 2209 699 2279 σήμερον
749 2208 1068 2279 ἁμειὸέσθω
1106 2210 1166 2263 τὸ
1215 2209 1332 2274 ἔθος
1363 2229 1375 2241 ·
1410 2211 1652 2274 ἀσθενῶς
1673 2211 1783 2279 γὰρ
1813 2210 1873 2264 τὸ

279 2300 446 2370 σῶμα
481 2300 825 2371 διακείμενος
859 2301 1191 2373 προσμένειν
1229 2303 1327 2373 τὴν
1355 2303 1594 2373 ἑσπέραν
1621 2306 1682 2356 οὐ
1711 2302 1873 2357 δύνα-

281 2412 402 2463 μαι.
446 2413 465 2444 ι
486 2393 575 2457 Ὠς
605 2392 664 2446 δὲ
697 2392 794 2446 καὶ
820 2393 992 2446 ταῦτα
1004 2393 1178 2462 λέγων
1196 2394 1286 2448 τὸν
1308 2394 1619 2458 θαυμαστὸν
1654 2395 1874 2449 Ἀϐιτον

277 2489 384 2539 ούκ
415 2485 622 2549 ἔπειθε,
658 2485 913 2552 στενάξαι
959 2503 1018 2538 τε
1053 2487 1269 2554 λέγεται
1299 2487 1395 2542 καὶ
1424 2489 1620 2556 φάναι·
1660 2507 1678 2539 ‹
1730 2487 1872 2541 Ἀλλ’

278 2577 396 2646 ἐγώ
449 2595 508 2631 τε
560 2577 759 2650 ἀθυμῶ
809 2577 929 2633 λίαν
978 2580 1073 2633 καὶ
1120 2579 1388 2650 δάκνομαι
1431 2579 1529 2651 τήν
1568 2581 1873 2651 ψυχὴν,δτι

277 2666 538 2721 τοσοῦτον
608 2668 908 2739 ὑπέμεινας
935 2668 1118 2733 πόνον,
1168 2669 1256 2723 ἵνα
1306 2670 1430 2723 τινὰ
1467 2670 1751 2739 φιλόπονον
1782 2672 1875 2724 καὶ

281 2760 579 2829 φιλόσοφον
609 2760 748 2832 ἴδῃς,
801 2762 896 2814 καὶ
943 2761 1043 2832 τῆς
1085 2761 1297 2826 ἐλπίδος
1326 2762 1606 2832 ψευσθεὶς,
1632 2763 1876 2834 κάπηλόν

277 2869 408 2906 τινα
449 2853 544 2906 καὶ
583 2853 794 2908 ἄσωτον
834 2854 956 2908 ἀντὶ
1001 2854 1292 2925 φιλοσόφου
1338 2856 1610 2910 τεθέασαι.
1636 2875 1654 2908 ι
1701 2858 1880 2910 Ἀνια-

283 2945 475 3010 θέντος
524 2946 583 3000 δὲ
644 2946 785 3018 πρὸς
832 2946 1004 3001 ταῦτα
1033 2949 1127 3002 τοῦ
1182 2948 1467 3002 θειοτάτου
1513 2948 1750 3011 Ἀδίτου,
1785 2951 1876 3003 καὶ

279 3039 578 3105 φήσαντος,
622 3038 698 3102 ὡς
751 3038 932 3109 κρεῶν
965 3040 1260 3110 μεταλάϐοι
1291 3040 1357 3093 ἂν
1409 3040 1556 3110 ἥδιον
1588 3040 1808 3112 μᾶλλον,
1842 3042 1874 3112 ἦ

279 3127 490 3182 τούτων
551 3129 762 3193 ἀκούοι,
808 3132 836 3183 ὁ
894 3129 1071 3200 μέγας
1125 3131 1229 3203 ἔφη
1288 3132 1644 3203 Μαρκιανός·
1693 3153 1711 3184 ι
1767 3131 1878 3186 Καὶ

282 3223 467 3290 ἡμεῖς,
494 3215 540 3274 ὦ
572 3222 919 3293 φιλότης,τὺν
943 3225 1105 3277 αὐτόν
1133 3243 1214 3278 σοι
1244 3225 1472 3296 μέτιμεν
1507 3225 1640 3295 βίον,
1673 3226 1764 3285 καὶ
1781 3225 1879 3296 τὴν

279 3314 454 3384 αὐτὴν
502 3315 866 3386 ἀσπαζόμεθα
923 3316 1218 3381 πολιτείαν,
1274 3319 1370 3371 καὶ
1424 3318 1519 3389 τῆς
1559 3316 1883 3387 ἀναπαύλης

282 3406 646 3482 προτιμῶμεν
676 3408 802 3472 τοὺς
831 3409 1046 3472 πόνους,
1089 3410 1184 3463 καὶ
1217 3409 1316 3478 τὴν
1347 3410 1601 3478 νηστείαν
1631 3411 1876 3481 τῆς-τρο-

282 3500 390 3567 φῆς
413 3497 848 3571 προαιρούμεθα,
909 3503 1003 3554 καὶ
1063 3501 1256 3565 νυκτὸς
1310 3502 1716 3572 ἐπιγινομένης,
1757 3503 1874 3555 τότε

282 3591 491 3661 ταύτης
523 3593 1007 3664 μεταλαγχάνομεν
1027 3611 1039 3624 ·
1087 3595 1205 3648 ἀλλ’
1240 3593 1397 3665 ἴσμεν
1425 3595 1506 3647 ὅτι
1529 3595 1628 3664 τῆς
1657 3595 1878 3665 ἀγάπης

283 3683 345 3736 τδ
377 3685 569 3754 χρῆμα
604 3684 704 3754 τῆς
734 3686 988 3756 νηστείας
1019 3686 1138 3740 ἐστὶ
1164 3686 1512 3757 τιμιώτερον.
1538 3685 1611 3738 Τὸ
1642 3686 1742 3756 μὲν
1770 3687 1877 3756 γὰρ

283 3776 384 3846 τῆς
410 3775 562 3840 θείας
602 3777 763 3848 ἔργον
810 3778 1153 3848 νομοθεσίας,
1184 3779 1245 3832 τὸ
1287 3778 1343 3832 δὲ
1377 3777 1479 3848 τῆς
1511 3777 1667 3850 ήμῶν
1697 3778 1878 3831 αὐτῶν

283 3864 538 3932 ἐξουσίας
559 3883 574 3899 ο
607 3869 877 3938 προσήκει
929 3868 986 3921 δὲ
1038 3869 1162 3932 τοὺς
1196 3868 1373 3932 θείους
1396 3867 1593 3938 νόμους
1614 3867 1721 3921 τῶν
1744 3870 1880 3938 ήμε-

283 3957 462 4027 τέρων
487 3958 668 4015 πόνων
692 3959 871 4030 πολλῷ
900 3957 1143 4030 νομίζειν
1175 3960 1552 4032 τιμιωτέρους.
1595 3980 1612 4012 ›
1642 3958 1878 4014 Τοιαῦτα

287 4047 427 4119 πρὸς
481 4048 748 4120 ἀλλήλους
800 4050 1194 4121 διαλεχθέντες,
1230 4053 1326 4104 καὶ
1349 4051 1612 4122 βραχείας
1646 4049 1879 4121 μεταλα-

289 4141 474 4210 χόντες
499 4142 727 4214 τροφῆς,
764 4144 858 4196 καὶ
898 4143 987 4196 τὸν
1021 4143 1154 4196 Θεὸν
1195 4144 1558 4215 ὑμνήσαντες,
1598 4142 1694 4196 καὶ
1728 4144 1880 4214 τρεῖς

281 4233 544 4305 ἀλλήλοις
607 4235 1091 4306 συνδιατρίψαντες
1150 4236 1401 4307 ἡμέρας,
1461 4234 1876 4306 ἐχωρίσθησαν,

290 4325 452 4382 πάλιν
482 4327 750 4398 ἀλλήλους
803 4327 1040 4400 ὁρῶντες
1070 4328 1147 4399 τῷ
1206 4327 1502 4397 πνεύματι.
1551 4328 1648 4391 Τίς
1699 4327 1885 4381 τοίνυν,

287 4422 389 4472 οὐκ
416 4421 482 4474 ἂν
527 4420 829 4492 θαυμάσειε
868 4421 1022 4474 τοῦδε
1061 4421 1156 4475 τοῦ
1188 4422 1381 4492 ἀνδρὸς
1409 4421 1508 4491 τὴν
1540 4420 1753 4490 σοφίαν,
1791 4420 1896 4489 ὑφ’-

292 4507 317 4524 τ

287 4508 357 4582 ἧς
409 4510 822 4583 κυὸερνὼμενος
850 4511 965 4582 ᾔδει
1000 4511 1100 4581 μὲν
1130 4511 1406 4582 νηστείας,
1435 4510 1552 4580 ᾔδει
1579 4510 1636 4562 δὲ
1668 4508 1884 4577 φιλοσο-

289 4604 422 4670 φίας
457 4604 550 4657 καὶ
605 4602 958 4674 φιλαδελφίας
1011 4603 1221 4672 καιρὸν,
1263 4603 1381 4674 ᾔδει
1423 4603 1479 4655 δὲ
1517 4602 1611 4656 καὶ
1648 4601 1757 4654 τῶν
1784 4601 1882 4670 τῆς
1921 4641 1960 4694 D
1991 4615 2281 4668 ριηηοίωιίς

290 4697 497 4768 ἀρετῆς
529 4698 734 4769 μορίων
776 4696 837 4750 τὺ
881 4696 1158 4768 διάφορον,
1208 4698 1302 4750 καὶ
1342 4698 1493 4748 ποῖον
1531 4695 1670 4765 ποίῳ
1715 4712 1882 4767 προσ-

289 4795 417 4860 ήκει
476 4792 850 4863 παραχωρεῖν,
886 4791 1006 4844 καὶ
1064 4788 1169 4841 τίνι
1205 4788 1346 4842 κατά
1378 4787 1571 4859 καιρὸν
1600 4787 1884 4841 διδόναιτά

291 4882 608 4960 νικητήρια.

372 4974 520 5044 ’Ἐχω
576 4973 635 5026 δὲ
685 4973 783 5028 καὶ
829 4973 958 5028 ἄλλο
995 4972 1239 5043 διήγημα
1292 4971 1392 5039 τῆς
1443 4972 1500 5023 ὲν
1551 4972 1663 5032 τοῖς
1719 4968 1883 5032 θείοις

293 5065 464 5128 αὐτοῦ
503 5066 845 5138 τελειότητος
903 5065 1215 5136 γνώρισμα.
1286 5064 1538 5132 Ἀφίκετο
1592 5063 1700 5134 γὰρ
1749 5063 1885 5134 πρὸς

295 5159 460 5214 αὑτὸν
485 5161 517 5230 ἠ
543 5158 744 5230 ἀδελφὴ
773 5158 884 5212 ἀπὸ
909 5158 1008 5228 τῆς
1048 5157 1310 5228 πατρίδος
1341 5157 1436 5209 σὺν
1468 5154 1544 5224 τῷ
1580 5154 1704 5225 υἱῷ,
1734 5155 1886 5223 ἀνδρί

296 5271 357 5306 τε
391 5252 527 5320 ὄντι,
555 5252 651 5307 καὶ
682 5251 782 5320 τῆς
822 5249 1014 5321 Κύρου
1049 5248 1410 5320 πρωτεύοντι,
1447 5247 1542 5310 τὰς
1581 5246 1886 5314 ἀναγκαίας

297 5345 449 5416 αὐτῷ
498 5347 688 5416 χρείας
737 5341 1006 5407 πλουσίως
1050 5331 1373 5414 κομίζουσα.
1440 5341 1497 5393 '0
1550 5341 1604 5394 δὲ
1650 5341 1748 5410 τὴν
1789 5341 1886 5410 μὲν

297 5437 540 5508 ἀδελφὴν
575 5437 702 5492 ἰδεῖν
740 5437 843 5492 οὐκ
871 5436 1148 5505 ἠνέσχετο,
1200 5435 1290 5490 τὸν
1331 5435 1388 5488 δὲ
1417 5434 1735 5503 ἀδελφιδοῦν
1778 5437 1886 5486 εἰσ-

299 5530 520 5594 εδέξατο
545 5531 684 5600 ο-τῆς
722 5529 833 5600 γὰρ
860 5527 1172 5600 ὡρισμένης
1205 5528 1493 5598 συντυχίας
1525 5523 1591 5598 ἦν
1617 5528 1644 5579 ὁ
1675 5527 1885 5596 καιρός.

311 5624 400 5686 Ὠς
433 5624 491 5676 δὲ
534 5622 776 5677 ἱκέτευον
815 5620 1179 5691 ὑποδεχθῆναι
1210 5621 1281 5675 τά
1317 5621 1646 5691 κομισθέντα
1675 5637 1688 5649 ι
1733 5637 1750 5669 ι
1791 5621 1888 5673 Διά

301 5715 487 5766 πόσων
509 5757 521 5777 ,
554 5712 657 5782 ἔφη
676 5752 690 5776 ,
744 5710 1121 5782 μοναστηρίων
1153 5709 1398 5781 διήλθετε
1425 5727 1439 5774 ;
1492 5709 1635 5762 τίσιν
1666 5712 1889 5765 ἐκείνων

301 5813 368 5862 ὲκ
395 5807 601 5862 τούτων
640 5805 820 5858 αὐτῶν
862 5803 1239 5874 μετεδώκατε;
1289 5821 1307 5854 ι
1352 5802 1457 5855 Τοῦ
1505 5803 1561 5855 δὲ
1607 5803 1888 5874 εἰρηκότος

309 5909 380 5964 ὼς
424 5898 598 5953 οὐδενὶ
633 5899 924 5961 δεδωκότες
965 5893 1094 5951 εἷεν*
1135 5915 1152 5947 ι
1213 5897 1408 5948 "Amce
1432 5937 1444 5961 ,
1483 5896 1583 5967 ἔφη
1609 5940 1621 5958 ,
1660 5896 1778 5967 μεθ’
1817 5891 1889 5951 ὧν

1974 2030 2160 2076 autem
2207 2022 2367 2076 binos
2396 2034 2461 2074 ac
2491 2030 2684 2074 ternos
2734 2016 2898 2071 simul
2931 2015 3052 2070 dies
3087 2013 3313 2082 jejunus
3346 2024 3566 2080 perma-

1976 2133 2098 2172 neo.
2124 2137 2142 2169 ›
2174 2115 2238 2170 Et
2269 2130 2503 2186 magnus
2531 2113 2847 2168 Marcianus
2887 2129 2898 2164 :
2941 2130 2958 2162 ι
2994 2110 3114 2163 Mea
3148 2123 3280 2178 ergo
3303 2147 3316 2170 ,
3352 2103 3534 2174 inquit
3561 2149 3567 2161 ,

1975 2226 2146 2266 causa
2177 2217 2423 2264 mutetur
2461 2207 2626 2262 hodie
2652 2203 3026 2261 consuetudo.
3067 2200 3202 2254 Nam
3232 2215 3357 2254 cum
3393 2196 3544 2256 imbe

1975 2302 2109 2357 eillo
2165 2301 2268 2356 sim
2331 2313 2598 2372 corpore,
2683 2311 2977 2366 vesperam
3041 2302 3367 2362 exspectare
3450 2301 3565 2346 non

1979 2395 2192 2468 1145
2237 2409 2485 2465 possum.
2532 2412 2550 2445 ι
2606 2391 2823 2458 Quibus
2861 2389 3045 2446 verbis
3084 2403 3211 2441 cum
3248 2383 3566 2446 admirabili

1975 2489 2140 2542 Avito
2202 2502 2312 2542 non
2373 2485 2792 2557 persuasisset,
2855 2480 3196 2552 ingemuisse
3254 2477 3476 2543 fertur,‘
3513 2483 3569 2528 et

1976 2581 2236 2636 dixisse:
2295 2599 2313 2630 ‹
2361 2585 2436 2633 At
2489 2593 2594 2648 ego
2651 2575 3060 2645 animoangor
3118 2579 3173 2626 et
3231 2569 3565 2630 discrucior,

1976 2671 2126 2744 quod
2169 2681 2384 2726 tantum
2434 2671 2681 2725 laborem
2714 2668 2965 2739 ceperis,
3023 2676 3083 2721 ut
3132 2665 3343 2720 laboris
3375 2677 3569 2724 aman-

1978 2772 2090 2818 tem
2125 2764 2406 2818 hominem
2445 2763 2700 2826 videres,
2755 2769 2810 2815 et
2852 2758 3286 2830 philosophum,
3323 2771 3420 2824 spe
3467 2769 3569 2817 au-

1979 2868 2090 2913 tem
2139 2857 2476 2922 frustratus,
2533 2871 2841 2925 cauponem
2883 2853 3181 2925 quemdam
3216 2858 3271 2905 et
3299 2853 3568 2916 iuzcmpe.

1981 2956 2194 3006 rautem
2222 2948 2408 3004 vidisti
2441 2962 2540 3017 pro
2561 2945 2916 3017 pbiLosopho.
2951 2964 2968 2996 ι
3002 2943 3216 2997 Etcum
3244 2941 3462 2994 tristior
3486 2938 3571 2990 bis

1980 3029 2187 3096 auditis
2238 3041 2421 3096 factus
2471 3040 2862 3094 divinissimus
2917 3036 3144 3098 Avitus,
3202 3033 3415 3103 gratius
3464 3029 3570 3083 sibi

1981 3136 2228 3188 futurum
2263 3135 2471 3188 diceret
2502 3133 2766 3186 carnibus
2789 3130 2968 3191 vesci,
2994 3142 3159 3197 quam
3187 3125 3318 3179 talia
3351 3122 3568 3182 audire,

1985 3243 2218 3296 magnus
2269 3228 2468 3280 iterum
2517 3225 2870 3287 Marcianus,
2925 3243 2943 3274 ‹
2982 3221 3048 3276 Ει
3089 3236 3232 3285 nos,
3276 3215 3494 3288 inquit,
3539 3230 3573 3266 ο

1983 3306 2196 3381 amice,
2230 3318 2479 3372 eamdem
2510 3331 2674 3386 quam
2707 3325 2762 3369 tu
2799 3315 2966 3370 vitam
3007 3311 3306 3374 ducimus,
3339 3316 3394 3363 et
3426 3323 3577 3362 eam-

1985 3413 2108 3468 dem
2139 3413 2360 3467 virendi
2389 3412 2660 3466 rationem
2697 3408 3107 3480 amplectimur,
3143 3413 3199 3459 et
3223 3402 3396 3474 quieti
3431 3399 3577 3454 labo-

1985 3521 2074 3558 res
2107 3505 2541 3574 anteponimus,
2613 3510 2665 3556 et
2742 3501 3017 3570 jejunium
3102 3497 3278 3568 pluris
3341 3492 3578 3549 facimus

1984 3611 2146 3665 quam
2169 3597 2380 3659 cibum,
2415 3609 2652 3664 eumque
2692 3593 2797 3648 sub
2823 3603 3039 3647 noctem
3061 3604 3260 3660 capere
3293 3589 3573 3644 solemus:

1983 3689 2078 3744 sed
2115 3688 2325 3743 scimus
2355 3691 2373 3710 ⁶
2419 3686 2749 3742 charitatem
2785 3682 3005 3752 jejunio
3044 3696 3170 3737 esse
3217 3677 3576 3749 praestantio-

1983 3797 2122 3834 rem.
2167 3782 2292 3835 llaec
2331 3780 2479 3834 enim
2515 3778 2712 3834 divina:
2753 3778 2891 3846 legis
2938 3784 3025 3830 est
3073 3789 3250 3843 opus,
3297 3770 3572 3841 jejunium

1984 3888 2116 3926 vero
2149 3871 2441 3941 potestatis
2477 3878 2680 3924 nostrae
2726 3875 2780 3922 et
2821 3863 3039 3920 arbitrii
3079 3883 3091 3918 :
3136 3861 3356 3917 divinas
3389 3867 3574 3914 autem

1986 3968 2138 4037 leges
2173 3966 2350 4038 pluris
2383 3979 2549 4034 quam
2585 3963 2807 4034 labores
2836 3967 3061 4015 nostros
3101 3957 3284 4013 facere
3308 3941 3410 4009 nos
3438 3969 3574 4008 con—

1985 4060 2158 4114 venit.
2203 4078 2221 4110 ι
2257 4056 2384 4113 Hzec
2427 4057 2502 4110 illi
2538 4071 2664 4111 cum
2713 4056 2860 4109 inter
2893 4068 2953 4122 se
2993 4051 3229 4107 invicem
3267 4047 3574 4111 disseruis-

1985 4161 2128 4216 sent,
2161 4151 2470 4222 exiguoque
2504 4156 2728 4220 sumpto
2755 4147 2907 4213 cibo,
2933 4145 3102 4201 Deum
3129 4142 3473 4202 laudassent,
3511 4155 3576 4204 ac

1984 4253 2098 4302 tres
2127 4245 2248 4300 dies
2277 4260 2386 4299 una
2412 4242 2848 4313 transegissent,
2881 4237 3147 4308 disjuncti
3180 4243 3311 4293 sunt
3331 4274 3344 4295 ,
3374 4233 3573 4304 spiritu

1986 4353 2044 4392 se
2073 4351 2269 4391 rursus
2307 4344 2498 4390 mutuo
2533 4330 2914 4402 conspecturi.
2943 4329 3080 4396 Quis
3112 4341 3242 4398 ergo
3272 4326 3439 4392 hujus
3469 4323 3571 4386 viri

1987 4428 2316 4496 sapientiam
2357 4444 2463 4482 non
2511 4426 2837 4488 admiretur,
2883 4437 2991 4492 qua
3033 4421 3175 4476 duce
3201 4418 3402 4490 jejunii
3440 4426 3577 4471 lem-

1988 4536 2093 4589 pus
2132 4529 2400 4584 noverat,
2445 4525 2678 4574 noverat
2717 4525 2772 4572 ct
2824 4512 3189 4586 philosophia:
3226 4528 3288 4565 ac
3325 4510 3592 4573 fraterna:

2347 4631 2360 4666 :
2423 4613 2643 4667 virtutis
2699 4625 2922 4680 quoque
2958 4606 3200 4678 partium
3237 4602 3578 4663 diﬂ'crentias

1991 4706 2243 4769 videbat,
2292 4716 2345 4760 et
2384 4721 2550 4775 quam
2583 4704 2669 4758 cui
2703 4703 2900 4757 cedere
2929 4708 3216 4770 oporteat,
3264 4707 3317 4751 et
3351 4695 3575 4758 cuinam

1989 4797 2043 4853 in
2076 4805 2320 4867 tempore
2353 4797 2583 4853 victoria
2622 4793 2918 4850 tribuenda
2943 4793 3036 4854 sit.

2059 4975 2294 5030 Possum
2325 4983 2380 5031 et
2409 4974 2558 5030 aliud
2593 4987 3070 5037 commemorare,
3117 4987 3183 5026 ex
3212 4987 3323 5040 quo
3362 4967 3490 5040 ejus
3522 4974 3572 5022 iu

1987 5067 2193 5123 divinis
2218 5067 2485 5138 perfectio
2515 5072 2912 5136 cognoscatur.
2944 5061 3184 5118 Vienerat
3220 5061 3287 5116 ad
3321 5060 3474 5113 illum
3510 5077 3572 5112 ex

1988 5159 2167 5227 patria
2200 5172 2361 5213 soror
2393 5157 2516 5227 ejus
2568 5173 2692 5212 cum
2751 5154 2896 5218 tilio,
2945 5155 3040 5224 qui
3081 5162 3136 5208 et
3184 5157 3267 5206 vir
3317 5157 3468 5214 erat,
3523 5160 3579 5201 «ει

1991 5253 2146 5307 urbis
2187 5251 2316 5323 Cyri
2344 5251 2635 5306 obtinebat
2674 5249 3048 5321 principatum
3072 5288 3086 5309 ,
3121 5261 3243 5317 qua:
3269 5245 3334 5300 ad
3371 5245 3578 5299 victum

1993 5344 2069 5397 illi
2102 5346 2416 5399 necessaria
2441 5350 2604 5398 erant
2631 5341 2870 5398 aﬂ'erens
2899 5338 3145 5395 abunde.
3181 5341 3234 5394 ls
3269 5353 3400 5392 vero
3425 5354 3582 5393 soru-

1994 5437 2334 5508 rem_videre
2363 5453 2472 5492 non
2511 5436 2727 5509 1146
2753 5447 2838 5490 est
2869 5449 3066 5502 passus
3103 5453 3115 5487 τ
3152 5434 3368 5488 sororis
3397 5445 3579 5487 autem

1995 5529 2166 5582 lilium
2190 5569 2205 5594 ,
2257 5530 2519 5600 quoniam
2556 5544 2680 5583 eum
2713 5526 3032 5598 alloquendi
3067 5534 3287 5596 tempus
3323 5536 3473 5588 erat,
3528 5525 3578 5577 in

1993 5634 2350 5694 conspectum
2390 5622 2636 5677 admisit.
2665 5622 2804 5677 Cum
2845 5628 3028 5674 autem
3058 5631 3320 5691 rogarent
3350 5628 3406 5671 ut
3431 5617 3578 5670 acci—

1994 5725 2146 5786 peret
2185 5730 2307 5786 quae
2335 5715 2495 5769 allata
2527 5713 2748 5770 fuerant
2789 5732 2801 5769 :
2847 5733 2865 5765 ι
2890 5715 2998 5769 Per
3028 5722 3191 5782 quot,
3218 5712 3422 5779 inquit.
3459 5725 3580 5759 mo—

1993 5809 2237 5864 nasteria
2284 5808 2621 5870 transiistis,
2656 5815 2707 5861 et
2746 5809 3080 5878 quibusnam
3118 5805 3337 5859 illorum
3374 5818 3436 5854 rx
3492 5800 3575 5853 his

1995 5899 2202 5969 aliquid
2244 5899 2664 5970 impertiislis?»
2703 5901 2952 5972 Cumque
2983 5899 3030 5954 is
3061 5898 3197 5952 nulli
3233 5897 3418 5948 datum
3466 5909 3584 5951 esse
