4030 6406
468 439 603 506 ms
1434 434 1923 497 TIIEODORETI
1982 433 2319 495 EPISCOPI
2374 435 2743 497 CYRENSIS
3207 500 3215 507 ,
3589 417 3740 480 1336

469 559 846 629 uapuudisset
895 576 909 611 :
954 575 971 608 ι
1014 555 1210 618 Abite,
1243 551 1445 621 inquit,
1479 568 1604 605 cum
1644 549 1713 603 iis
1749 563 1870 618 qua:
1908 554 2049 599 attn-

2156 547 2447 617 ἐκομίσατε
2475 564 2489 583 α
2531 548 2693 618 ἡμεῖς
2722 545 2834 617 γὰρ
2854 544 3062 598 τούτων
3089 541 3299 605 υυδενδς
3333 541 3457 595 οῦτε
3485 541 3741 611 δεόμεθα,

465 652 640 707 Iistis.
685 649 799 705 Nos
848 648 993 704 cnim
1030 645 1187 701 nullo
1228 644 1428 699 horum
1473 640 1821 713 indigemus,
1868 652 1971 693 nec
2002 638 2049 692 si

2156 638 2277 695 οὔτε
2328 642 2378 693 εί
2418 638 2706 710 δεοίμεθα,
2738 636 3067 708 δεξαίμεθα’
3119 634 3360 706 φυσικῆς
3390 634 3499 706 γάρ
3543 649 3745 702 συγγε-

463 757 755 814 egeremus
793 743 1174 811 acciperemus
1199 778 1214 802 ,
1248 736 1379 807 quia
1425 750 1525 790 vos
1558 731 1831 788 naturalis
1864 730 2053 801 potius

2156 732 2327 799 νείας,
2366 729 2482 784 ἀλλ’
2510 731 2574 785 οὐ
2608 729 2759 793 θείας
2807 728 3107 799 θεραπείας
3152 724 3578 798 πεφροντικότες
3617 723 3745 777 τού-

464 834 849 907 eognationis,
909 848 1078 905 quam
1130 829 1301 885 divini
1347 826 1599 898 obsequii
1635 824 1862 888 studio,
1913 822 2053 878 hanc

2156 839 2265 886 τοις
2296 823 2448 894 ἡμᾶς
2501 820 2944 892 φιλοφρονεῖσθαι
2997 818 3347 890 βεϐούλησθε.
3402 818 3467 871 Ei
3516 817 3626 888 γὰρ
3662 816 3743 887 μὴ

465 930 517 981 in
569 944 674 983 nos
721 926 1144 983 beneﬁcentiam
1177 921 1477 979 exercetis.
1519 916 1638 973 Nisi
1673 916 1823 971 enim
1873 915 2051 969 solam

464 1020 682 1092 generis
742 1019 1215 1076 necessitudinem
1274 1014 1646 1087 spcctaretis,
1711 1025 1824 1064 non
1890 1007 2053 1062 nobis

465 1111 598 1166 solis
630 1109 897 1181 impertiti
934 1109 1051 1163 haec
1088 1107 1309 1163 essetis.
1368 1122 1387 1158 ι
1430 1102 1557 1158 llaec
1598 1102 1821 1162 dicens,
1878 1097 2061 1172 lilium!

466 1188 675 1257 sdroris
709 1216 835 1256 cum
881 1215 1072 1257 sorore
1100 1198 1346 1264 dimisit,
1394 1201 1596 1250 vetans
1631 1206 1699 1246 ne
1733 1187 1867 1262 quid
1900 1186 2052 1241 acci-

468 1301 692 1362 peretur
717 1309 787 1348 ex
818 1293 887 1349 iis
914 1309 1040 1364 qua!
1074 1293 1399 1347 attulerant.
1449 1288 1544 1343 Sic
1567 1287 1660 1342 ille
1686 1294 1847 1341 extra
1879 1291 2052 1338 natu-

467 1385 639 1440 ralem
672 1385 896 1455 positus
946 1385 1003 1439 in
1054 1385 1338 1439 emlestem
1377 1382 1643 1452 migrarat
1685 1376 2055 1433 conversatio-

466 1491 614 1531 nem.
664 1476 957 1544 Quodnam
1005 1478 1199 1540 enim,
1249 1474 1399 1545 quod
1456 1473 1570 1555 Deo
1621 1472 1820 1543 dignus
1868 1478 2050 1534 esset.

471 1571 824 1629 manifestius
869 1572 1057 1628 afferri
1094 1573 1273 1645 possit
1328 1570 1627 1635 indicium,
1669 1569 1829 1639 juxta
1878 1566 2054 1636 ipsius

469 1661 562 1717 Dei
600 1664 835 1719 vocem?
869 1682 886 1715 ι
913 1663 1019 1732 Qui
1050 1664 1200 1720 enim
1223 1704 1237 1727 ,
1269 1662 1369 1727 ait,
1402 1678 1515 1717 non
1543 1659 1808 1731 relinquit
1839 1665 2053 1730 patrem

469 1767 522 1811 et
546 1765 782 1813 matrem
807 1800 823 1826 ,
861 1757 1066 1813 fratres
1092 1762 1148 1811 et
1180 1771 1433 1821 sorores,
1464 1762 1518 1811 et
1545 1767 1772 1809 uxorem
1801 1758 1856 1807 et
1887 1749 2052 1816 ﬁlios,

468 1863 576 1902 non
608 1855 693 1903 est
734 1863 821 1902 me
860 1847 1063 1918 dignus
1086 1843 1135 1902 δ.
1175 1867 1194 1899 ι
1228 1844 1385 1913 Quod
1436 1846 1484 1901 si
1521 1843 1615 1915 qui
1649 1858 1757 1897 non
1788 1840 2054 1909 relinquit

2156 916 2326 986 μόνην
2350 913 2445 971 τοῦ
2471 915 2662 983 γένους
2701 913 2929 983 ἐτιμᾶτε
2965 912 3066 985 τὴν
3100 911 3441 983 ἀγχιστείαν,
3475 911 3574 981 οὐχ
3606 910 3746 979 ἡμῖν

2158 1010 2340 1080 μόνοις
2366 1006 2710 1079 μετεδώκατε
2754 1007 2820 1063 ἀν
2844 1000 2922 1061 ὧν
2949 1006 3239 1077 ἠνέγκατε.
3279 1023 3299 1057 ι
3337 1002 3524 1057 Ταῦτα
3563 1001 3746 1070 λέγων

2151 1102 2244 1154 τὸν
2278 1099 2592 1171 ἀδελφιδοῦν
2626 1099 2764 1170 μετὰ
2802 1097 2904 1169 τῆς
2934 1096 3170 1166 ἀδελφῆς
3200 1093 3587 1165 ἀπεπέμψατο.
3616 1091 3747 1145 οὐδὲ

2156 1175 2331 1265 βραχύ
2376 1209 2429 1246 τι
2463 1192 2572 1246 τῶν
2624 1193 2756 1263 παρ’
2801 1190 2983 1245 αὐτῶν
3027 1188 3504 1261 προσενεχθέντων
3546 1186 3747 1240 ὑποδει-

2154 1284 2349 1357 χθῆναι
2398 1283 2683 1348 κελεύσας.
2730 1281 2920 1346 Οῦτως
2966 1279 3072 1346 ἔξω
3114 1281 3209 1350 τῆς
3243 1279 3459 1349 φύσεως
3499 1272 3601 1349 ἦν,
3643 1276 3745 1331 καὶ

2154 1377 2237 1440 είς
2265 1374 2363 1447 τὴν
2405 1375 2513 1430 τῶν
2540 1374 2789 1447 οὐρανῶν
2827 1372 3191 1444 μεταδεϐήκει
3231 1370 3528 1424 πολιτείαν.
3583 1370 3746 1422 Ποῖον

2154 1470 2265 1542 γὰρ
2296 1470 2360 1523 ἀν
2386 1486 2469 1533 τις
2491 1468 2681 1522 τούτου
2710 1466 3044 1537 σαφέστερον
3067 1465 3339 1535 παράσχοι
3364 1463 3740 1532 παράδειγμα.

2151 1562 2236 1617 ὅτι
2285 1561 2378 1615 τοῦ
2407 1560 2544 1614 Θεοῦ
2596 1560 2744 1625 ἄξιος
2791 1553 2891 1630 ἦν,
2926 1555 3070 1610 κατά
3107 1556 3206 1629 τὴν
3257 1553 3422 1608 αὐτοῦ
3459 1553 3554 1607 τοῦ
3601 1553 3744 1606 θεοῦ

2155 1656 2383 1724 φωνήν;
2427 1672 2446 1705 ι
2487 1653 2546 1708 '0
2602 1651 2677 1724 μὴ
2722 1650 3153 1721 καταλιμπάνων
3217 1648 3370 1719 γὰρ,
3406 1648 3579 1719 φησὶ,
3629 1663 3744 1699 πα-

2153 1750 2310 1821 τέρα,
2360 1738 2465 1801 καὶ
2495 1746 2731 1818 μητέρα,
2762 1745 2857 1798 καὶ
2898 1729 3180 1813 ἁδελφοέθς,
3229 1743 3325 1795 καὶ
3355 1739 3611 1811 ἀδελφὰς,
3643 1740 3748 1795 καὶ

2154 1844 2388 1912 γυναῖκα
2411 1879 2426 1902 ,
2474 1839 2568 1893 καὶ
2592 1838 2777 1902 τέκνα,
2818 1837 2917 1892 οὐκ
2951 1834 3069 1888 ἔστι
3108 1852 3211 1905 μου
3249 1831 3417 1900 ἀξιος.
3461 1851 3479 1885 ι
3514 1834 3581 1889 Et
3622 1832 3679 1886 δὲ
3712 1835 3752 1888 ὁ

466 1939 728 2010 indignus
758 1948 879 2004 est,
933 1938 1029 2012 qui
1066 1939 1336 2010 reiinquit
1362 1979 1378 2005 ,
1415 1947 1469 1993 et
1508 1901 1618 1991 tam
1669 1942 1863 1990 exacte
1911 1934 2053 1987 hanc

2156 1901 2235 2005 μὴ
2280 1931 2709 2002 καταλιμπάνων
2751 1928 2973 1995 ἀνάξιος
2998 1967 3014 1987 .
3054 1929 3084 1981 6
3110 1901 3547 1998 -καταλιμπάνων
3571 1968 3585 1992 ,
3647 1924 3748 1978 καὶ

465 2034 728 2090 observat
787 2033 1230 2105 perfectionem,
1286 2035 1501 2088 clarum
1560 2039 1646 2087 est
1691 2045 1820 2086 eum
1882 2025 2053 2084 fuisse

2156 2021 2393 2090 τοσαύτῃ
2450 2018 2732 2092 χρώμενος
2783 2016 3005 2090 ἀκριϐεῖ
3066 2016 3400 2087 τελειότητι,
3455 2015 3614 2086 δῆλον
3664 2014 3747 2079 ὡς

464 2101 877 2198 dignissimum.
904 2126 1017 2200 Ego
1052 2142 1189 2183 vero
1229 2136 1428 2199 praeter
1464 2126 1580 2181 hare
1607 2124 1856 2179 admiror
1884 2122 2053 2177 etiam

2156 2111 2452 2178 ἀξιώτατος
2478 2105 2568 2182 ἦν.
2613 2106 2755 2176 Ἐγὼ
2795 2106 2854 2160 δὲ
2906 2105 3044 2177 πρὸς
3089 2106 3300 2171 τούτοις
3344 2101 3614 2176 θαυμάζω
3645 2104 3749 2157 καὶ

464 2194 639 2288 ipsius
668 2218 935 2274 eximiam
954 2194 1015 2273 in
1043 2194 1252 2276 divinis
1278 2217 1523 2275 decretis
1549 2216 1915 2287 diligentiam.
1951 2213 2053 2269 De-

2156 2206 2254 2276 τὴν
2298 2204 2409 2258 τῶν
2451 2202 2612 2256 θείων
2655 2200 2825 2256 αὑτοῦ
2870 2196 3160 2269 δογμάτων
3203 2195 3510 2269 ἀκρίϐειαν.
3555 2194 3744 2248 Ἐσδε..

463 2312 773 2367 testabatur
810 2314 960 2368 enim
1012 2314 1127 2368 Arii
1163 2313 1447 2370 vesaniam
1472 2355 1487 2379 ,
1535 2324 1659 2381 quae
1697 2308 2053 2378 imperatoris

2156 2298 2377 2351 λύττετο
2408 2295 2508 2367 μὲν
2536 2295 2646 2366 γὰρ
2677 2294 2777 2365 τὴν
2823 2292 3037 2364 ’Δρείου
3069 2288 3267 2361 μανίαν
3293 2288 3400 2344 ὑπὸ
3438 2288 3542 2357 τῆς
3583 2286 3745 2358 βασι-

464 2405 709 2476 potentia
731 2407 752 2427 ⁶
799 2406 896 2461 illo
925 2413 1179 2478 tempore
1209 2379 1642 2461 accendebatur.
1678 2400 2053 2457 Abominaba-

2156 2390 2310 2460 λικῆς
2347 2387 2665 2450 δυναστείας
2702 2386 2821 2439 κατ’
2864 2380 3071 2438 ἐκεῖνον
3098 2381 3191 2435 τὸν
3218 2380 3410 2452 καιρὸν
3434 2379 3744 2448 ἐξαπτομέ-

462 2511 555 2555 ιιιι-
594 2501 804 2572 pariter
847 2471 1145 2557 amenti-am
1193 2498 1556 2569 Apollinaris.
1598 2494 1835 2550 Fortiter
1887 2494 2052 2548 etiam

2156 2500 2253 2554 νην
2277 2499 2291 2514 ·
2321 2482 2660 2552 ἐμυσάττετο
2685 2479 2742 2533 δὲ
2768 2479 2864 2533 καὶ
2892 2476 2991 2548 τὴν
3024 2474 3415 2546 Ἀπολιναρίου
3445 2471 3748 2544 φρενοϐλά-

462 2564 734 2650 adversus
757 2609 856 2650 eos
879 2592 1204 2649 decertabat
1228 2564 1323 2662 qui
1347 2606 1472 2646 cum
1508 2588 1753 2643 Sabellio
1780 2587 2051 2648 sentiunt,

2156 2577 2329 2628 δειαν.
2361 2575 2665 2645 Διεμάχετο
2690 2572 2748 2625 δι
2786 2569 3050 2641 γενναίως
3081 2568 3180 2622 καὶ
3209 2569 3322 2631 τοῖς
3350 2564 3420 2619 τά
3443 2564 3742 2619 Σαϐελλίου

462 2693 519 2741 et
567 2692 684 2740 tres
743 2685 1072 2755 hypostases
1115 2684 1171 2737 in
1204 2657 1370 2736 unam
1422 2687 1651 2750 cogunt.
1698 2675 1870 2731 Valde
1918 2689 2053 2745 pra:-

2156 2666 2434 2739 φρονοῦσι,
2481 2666 2577 2720 καὶ
2621 2664 2721 2729 τὰς
2770 2665 2921 2735 τρεῖς
2956 2661 3288 2722 ὑποστάσεις
3319 2662 3402 2722 είς
3457 2657 3586 2729 μίαν
3614 2674 3747 2710 συν-

463 2788 613 2832 terea
644 2775 1007 2830 aversabatur
1046 2773 1314 2830 Euchitas
1347 2786 1490 2842 quos
1536 2777 1775 2833 vocant,
1806 2768 1901 2838 qui
1950 2766 2053 2822 sub

2156 2762 2400 2830 άγουσιν.
2423 2756 2826 2829 Ἀπεστρέφετο
2854 2757 2913 2810 δὲ
2943 2753 3140 2826 κομιδῇ
3176 2754 3270 2806 καὶ
3308 2752 3438 2815 τοὺς
3482 2750 3748 2820 ὀνομαζο-

464 2870 783 2925 monastico
833 2869 1024 2924 habitu
1082 2867 1277 2922 morbo
1310 2866 1569 2920 laborant
1601 2860 2052 2916 Manichaeorum.

467 2961 635 3019 Zelus
663 2974 846 3019 autem
881 2977 983 3033 pro
1011 2959 1224 3034 1147
1251 2958 1491 3016 decretis
1518 2954 1915 3014 ecclesiasticis
1944 2965 2052 3007 tam

384 3074 390 3078 ·
465 3057 668 3113 ardens
726 3056 781 3111 in
835 3055 933 3111 illo
988 3054 1124 3119 fuit,
1159 3066 1217 3109 ut
1261 3054 1426 3109 etiam
1472 3052 1742 3107 adversus
1775 3049 2055 3103 admiran-

464 3149 595 3202 dum
636 3155 691 3203 et
723 3147 971 3202 divinum
1008 3148 1190 3202 virum
1241 3146 1448 3217 justam
1476 3128 1891 3198 dimicationem
1927 3155 2054 3197 sus-

2158 2853 2354 2923 μένους
2393 2850 2650 2921 Εὐχίτας,
2684 2849 2743 2901 ὲν
2778 2844 3058 2918 μοναχικῴ
3096 2844 3449 2916 προσχήματι
3472 2843 3540 2895 τά
3568 2843 3750 2895 Μανι-

2155 2943 2323 3016 χαίων
2352 2941 2664 3005 νοσοῦντας.
2693 2938 2852 2994 Οὕτω
2876 2938 2932 2991 δὲ
2955 2934 3158 3008 θερμὸν
3189 2928 3305 3006 εἶχε
3340 2932 3433 2987 τὸν
3455 2930 3595 3002 ὑπὲρ
3629 2929 3746 2983 τῶν

2156 3034 2628 3108 ὲκκλησιαστικῶν
2660 3033 2947 3102 δογμάτων
2981 3030 3164 3100 ζῆλον,
3214 3027 3297 3081 ὅτι
3335 3026 3430 3079 καὶ
3462 3023 3598 3095 πρὸς
3650 3022 3750 3076 ἀνω

2155 3132 2259 3201 δρα
2292 3127 2597 3199 θαυμάσιόν
2626 3143 2685 3182 τε
2706 3126 2801 3180 καὶ
2826 3125 2969 3181 θεῖον
2990 3122 3204 3178 δικαίαν
3228 3117 3513 3184 ἀνεδέξατο
3538 3115 3747 3187 μάχην.

464 3241 695 3309 ceperit.
742 3240 1047 3295 Abraames
1099 3239 1246 3293 enim
1295 3236 1524 3308 quidam
1579 3250 1750 3291 senex
1793 3242 1913 3290 erat
1961 3232 2053 3287 illa

2159 3220 2483 3292 Ἀϐραάμης
2504 3235 2586 3281 τις
2609 3213 2678 3289 ἦν
2710 3215 2855 3270 κατά
2870 3215 2971 3287 τὴν
3007 3213 3215 3285 ἔρημον
3239 3210 3474 3281 ἐκείνην,
3502 3207 3751 3291 πρεσϐύ-

468 3331 802 3397 solitudine,
835 3332 924 3386 vir
966 3345 1108 3387 cano
1146 3330 1331 3400 capite
1357 3371 1372 3396 ,
1425 3328 1521 3385 sed
1563 3327 1739 3398 magis
1760 3340 1899 3381 cana
1923 3340 2059 3395 pru-

466 3423 683 3486 dentia,
738 3421 888 3477 omni
946 3421 1155 3475 virtute
1205 3420 1426 3483 clarus,
1470 3426 1528 3474 et
1577 3419 1776 3474 uberes
1831 3416 2057 3472 assidue

472 3513 713 3569 fundens
779 3514 1057 3586 lacrymas
1112 3511 1581 3583 compunctionis.
1631 3512 1684 3566 Is
1735 3511 2055 3581 principio,

467 3603 707 3677 quadam
734 3607 999 3663 inductus
1025 3606 1382 3677 simplicitate
1400 3647 1416 3673 ,
1445 3605 1683 3676 primum
1702 3604 1906 3675 pascha
1932 3618 2055 3673 per-

469 3715 634 3772 agere
683 3715 793 3755 non
829 3699 1150 3755 dubitarat:
1191 3700 1459 3766 ignorans
1483 3737 1498 3763 ,
1532 3705 1592 3752 ut
1621 3705 1886 3769 apparet,
1933 3712 2057 3768 qua:

468 3793 572 3849 hac
610 3793 681 3849 de
710 3809 772 3850 re
799 3791 997 3849 Nicaea:
1036 3807 1066 3847 a
1092 3792 1347 3849 Patribus
1376 3791 1595 3847 fuerant
1626 3792 1926 3846 constituta
1946 3832 1962 3859 ,
2002 3799 2057 3844 et

467 3887 711 3957 antiquae
743 3887 978 3958 cupiens
1011 3886 1223 3942 servire
1246 3885 1659 3941 consuetudini.
1696 3884 1850 3939 Multi
1886 3899 2056 3954 porro

467 3978 657 4035 itidem
686 3979 780 4033 alii
816 3979 1011 4035 eadem
1048 3978 1103 4034 id
1138 3979 1405 4049 temporis
1442 3977 1789 4048 ignoratione
1832 3976 2056 4033 labora-

466 4070 620 4130 bant.
662 4071 768 4128 Sed
803 4088 1036 4145 magnns
1059 4071 1376 4127 Marcianus
1401 4112 1416 4135 ,
1447 4072 1637 4128 multis
1682 4086 1827 4142 saepe.
1873 4072 2055 4128 verbis

361 4149 371 4158 ’
465 4174 701 4221 conatus
719 4180 905 4221 senem
929 4165 1258 4221 Abraamem
1292 4166 1397 4238 (sic
1420 4165 1576 4243 illum
1598 4164 1952 4236 appellabant
1974 4167 2055 4219 in-

464 4258 702 4329 digenae)
731 4269 788 4312 ut
816 4273 939 4312 cum
957 4255 1207 4314 Ecclesia
1230 4261 1569 4315 consentiret
1588 4259 1901 4321 traducere,
1928 4273 2053 4314 cum

465 4350 836 4405 reluctantem
872 4349 1124 4414 videret,
1159 4361 1350 4421 aperte
1380 4366 1505 4406 cum
1536 4366 1603 4406 eo
1636 4349 2056 4405 communicare

465 4441 699 4497 destitit.
733 4439 1025 4513 Temporis
1053 4450 1239 4498 tamen
1264 4457 1556 4508 successu,
1586 4441 1811 4496 divinus
1833 4440 1923 4496 ille
1946 4441 2051 4509 vir,

464 4538 714 4592 abstersa
733 4536 970 4600 macula,
983 4545 1038 4592 et
1058 4537 1111 4591 in
1128 4535 1271 4593 festo
1282 4534 1616 4593 celebrando
1631 4534 1894 4590 Ecclesiae
1911 4549 2047 4587 con.

465 4645 688 4685 scnsmn
713 4630 1023 4698 amplexus,
1048 4646 1178 4687 vere
1204 4626 1430 4693 cecinit,
1466 4649 1484 4682 ι
1513 4628 1666 4683 Beati
1707 4629 2046 4684 immaculati

465 4720 522 4776 in
565 4721 690 4784 via,
731 4725 828 4783 oui
881 4723 1167 4778 ambulant
1211 4723 1265 4777 in
1309 4723 1429 4793 lege
1466 4720 1782 4777 Dominid'.
1811 4741 1830 4775 ι
1869 4722 2048 4792 Atque

464 4811 634 4883 hujus
667 4813 914 4883 praeclari
945 4813 1216 4870 facinoris
1256 4822 1454 4869 auctor
1498 4814 1605 4869 fuit
1640 4829 1875 4885 magnus
1902 4813 2049 4871 Mar-

464 4919 683 4962 cranus.

534 5062 677 5120 Huic
717 5079 853 5119 sane
887 5064 1043 5120 multi
1076 5065 1318 5121 oratoria
1364 5066 1553 5123 multis
1589 5067 1644 5122 in
1693 5067 1831 5125 locis
1880 5066 2053 5123 rediti-

465 5163 664 5209 carunt
700 5172 714 5209 :
750 5154 805 5211 in
822 5157 971 5229 Cyro
994 5156 1215 5227 quidem
1238 5158 1448 5219 sororis
1463 5160 1586 5229 ejus
1613 5158 1760 5216 ﬁlius
1786 5159 2046 5232 Alypius:

468 5241 521 5295 in
562 5242 826 5301 Chalcide
854 5260 986 5301 vero
1038 5245 1357 5304 Zenobiana
1391 5250 1642 5319 quaedam
1672 5291 1686 5314 ,
1741 5259 1795 5306 et
1853 5265 2055 5320 genere

468 5334 616 5387 clara
640 5375 655 5397 ,
693 5343 748 5390 et
777 5336 1021 5408 insignis
1054 5341 1297 5407 virtute,
1334 5350 1389 5397 et
1422 5343 1641 5413 magnis
1672 5342 1887 5411 pollens
1910 5341 2052 5396 divi-

472 5426 590 5480 tiis.
630 5425 777 5481 Idem
809 5437 865 5483 et
911 5432 1005 5485 alii
1034 5449 1255 5504 quoque
1286 5435 1561 5495 faciebant
1603 5449 1716 5491 non
1747 5437 1940 5503 pauci,
1966 5437 2052 5490 vi-

471 5526 684 5570 ctorem
723 5516 875 5573 illum
915 5522 1179 5578 athletam
1214 5525 1279 5580 ad
1323 5541 1384 5581 se
1413 5541 1608 5596 rapere
1634 5527 2050 5582 contendentrs.

468 5604 627 5670 Quod
669 5606 835 5661 homo
878 5610 972 5666 Dei
1012 5629 1137 5667 cum
1169 5616 1489 5682 didicisset,
1531 5615 1910 5675 admirabilem
1942 5620 2052 5674 Eu-

469 5695 687 5751 sebium
744 5711 938 5770 rogat,
1019 5708 1248 5763 terroris
1310 5709 1474 5777 pleno
1531 5707 1687 5763 illum
1739 5708 2050 5781 astringcns

545 5870 566 5905 .:
602 5871 786 5937 Matth.
827 5892 879 5939 ιι,
919 5877 1004 5930 57.
1085 5877 1114 5918 ἀ
1148 5884 1163 5897 ⁸
1198 5881 1340 5935 Psal.
1374 5898 1566 5952 csvrtt,
1610 5886 1655 5940 ί.
1696 5946 1701 5951 _

2133 3331 2258 3382 ’της
2291 3313 2452 3385 ἀνὴρ,
2486 3310 2681 3364 πολιάν
2710 3309 2808 3381 μὲν
2839 3307 2979 3378 ἔχων
3018 3306 3118 3375 τὴν
3175 3303 3361 3376 τρίχα,
3414 3298 3750 3368 πολιώτερον

2157 3407 2215 3460 δὲ
2241 3406 2301 3460 τὸ
2326 3405 2604 3476 φρόνημα,
2639 3404 2809 3475 ἀρετῇ
2843 3401 2992 3472 πάσῃ
3013 3399 3272 3470 λάμπων,
3311 3396 3408 3451 καὶ
3426 3390 3750 3457 ἀναϐλύζων

2158 3499 2247 3554 ἀεὶ
2298 3498 2361 3552 τδ
2402 3498 2501 3569 τῆς
2543 3495 2889 3560 κατανύξεως
2934 3493 3194 3564 δάκρυον.
3238 3484 3410 3554 Οὗτος
3457 3486 3748 3557 καταρχὰς

2159 3593 2265 3648 ὑπό
2287 3608 2431 3656 τινος
2454 3591 2764 3661 ἁπλότητος
2800 3586 3065 3658 ὑπαχθεὶς
3086 3625 3102 3650 ,
3133 3584 3195 3638 τὸ
3226 3582 3443 3655 πρῶτον
3472 3578 3746 3634 ἐπιτελεῖν

2156 3686 2406 3757 ἠνείχετο
2455 3684 2651 3755 Πάσχα
2680 3699 2698 3715 ο
2758 3680 2973 3751 ἀγνοῶν
3028 3679 3149 3750 μὲν,
3211 3677 3287 3742 ὡς
3326 3675 3497 3737 είκδς,
3523 3672 3591 3727 τά
3614 3672 3739 3742 περὶ

2156 3775 2348 3832 τούτου
2406 3777 2520 3839 τοῖς
2573 3774 2856 3845 Πατράσιν
2898 3772 2958 3825 ἐν
2990 3770 3196 3841 Νικαίᾳ
3249 3764 3730 3836 νενομοθετημένα.

2157 3867 2269 3926 ἔθει
2300 3866 2360 3922 δὲ
2388 3866 2606 3939 ἀρχαίῳ
2638 3863 2912 3919 δουλεύειν
2939 3863 3284 3933 αἱρούμενος.
3313 3857 3504 3912 Πολλοὶ
3547 3857 3605 3910 δὲ
3647 3856 3744 3908 καὶ

2154 3962 2305 4019 ἄλλοι
2349 3961 2470 4016 κατ’
2522 3959 2702 4013 ἐκεῖνο
2754 3955 2850 4012 τοῦ
2898 3954 3095 4026 καιροῦ
3144 3954 3352 4024 ταύτην
3395 3950 3614 4005 ἐνόσουν
3638 3950 3741 4018 τὴν

2155 4054 2399 4123 ἄγνοιαν.
2442 4051 2580 4104 Ἀλλ’
2604 4051 2633 4105 ὁ
2660 4049 2835 4121 μέγας
2865 4049 3205 4122 Μαρκιανὸς,
3238 4045 3452 4123 πολλοῖς
3484 4044 3581 4115 μὲν
3606 4042 3744 4094 πολ-

2155 4146 2315 4209 λάκις
2346 4145 2694 4216 χρησάμενος
2718 4142 2922 4211 λόγοις,
2951 4139 3216 4213 ἐπειράθη
3271 4122 3362 4194 τδν
3424 4135 3746 4209 πρεσϐύτην

2167 4224 2514 4310 Ἀϐραάμηνλ
2553 4234 2698 4289 οὕτω
2744 4233 2855 4304 γὰρ
2894 4231 3057 4287 αὐτὸν
3085 4232 3135 4285 οἱ
3172 4228 3432 4302 ἐγχώριοι
3467 4225 3748 4299 προσηγό-

2158 4350 2336 4406 ρευον,
2362 4333 2443 4396 είς
2467 4332 2567 4403 τὴν
2613 4330 2716 4402 τῆς
2762 4329 3092 4400 Ἐκκλησίας
3131 4328 3466 4399 μεταγαγεῖν
3509 4340 3744 4395 συμφω-

2154 4428 2296 4481 νίαν.
2344 4421 2703 4478 Ἀπειθοῦντα
2736 4421 2792 4475 δὲ
2835 4421 3205 4490 θεασάμενος,
3246 4418 3345 4487 τῆς
3403 4416 3541 4488 πρὸς
3574 4415 3746 4469 αὐτὸν

2156 4516 2453 4590 προφανῶς
2465 4514 2755 4577 κοινωνίας
2776 4513 2991 4582 ἀπέστη
3009 4528 3023 4541 ο
3057 4511 3195 4572 ἀλλά
3212 4510 3403 4582 χρόνου
3418 4506 3744 4574 διελθόντος,

2151 4612 2180 4664 ὁ
2201 4610 2489 4674 θεσπέσιος
2516 4608 2723 4669 ἐκεῖνος
2755 4605 2915 4677 ἀνὴρ,
2945 4603 3256 4676 ἀπορρίψας
3274 4602 3366 4655 τὸν
3387 4601 3599 4673 μῶμον,
3645 4601 3747 4653 καὶ

2152 4704 2256 4775 τῆς
2286 4701 2439 4765 θείας
2466 4699 2666 4773 ἑορτῆς
2684 4699 2979 4768 ἀγαπήσας
3003 4696 3101 4767 τὴν
3135 4694 3475 4766 συμφωνίαν,
3510 4691 3748 4763 ἔψαλλεν

2154 4793 2436 4869 ἀληθεύων
2470 4810 2485 4824 ·
2549 4811 2568 4844 ι
2600 4792 2880 4863 Μακάριοι
2934 4789 2984 4843 οί
3047 4789 3270 4859 ἄμωμοι
3305 4788 3363 4841 ἐν
3390 4786 3530 4858 ὀδῷ,
3559 4787 3609 4840 οἱ
3643 4802 3746 4839 αιιο⁸

2158 4889 2447 4965 ρευὸμενοι
2496 4886 2555 4940 ἐν
2591 4884 2744 4956 νόμῳ
2794 4882 3024 4953 Κυρίου.
3057 4900 3076 4933 ι
3122 4882 3233 4935 Καὶ
3261 4878 3421 4933 τοῦτο
3444 4879 3504 4932 δὲ
3521 4878 3621 4949 τῆς
3640 4876 3744 4936 τοῦ

2159 4981 2399 5055 μεγάλου
2422 4975 2748 5051 Μαρκιανοῦ
2781 4973 3135 5039 διδασκαλίας
3162 4971 3514 5044 κατόρθωμα.

2226 5072 2415 5144 Τούτῳ
2457 5069 2644 5128 πολλοὶ
2696 5067 2796 5138 μὲν
2852 5066 3120 5138 πολλαχοῦ
3176 5065 3378 5136 σηκοὺς
3414 5063 3745 5135 εύκτηρίους

2153 5165 2468 5235 ὲδείμαντω
2521 5161 2580 5214 ὲν
2624 5159 2792 5231 Κύρῳ
2855 5159 2955 5229 μὲν
2998 5159 3028 5212 ὁ
3079 5155 3390 5226 ἀδελφιδοῦς
3442 5153 3737 5217 Ἀλύπιοςο

2154 5254 2460 5326 Ζηνοσιανὴ
2498 5252 2556 5307 δέ
2582 5269 2665 5316 τις
2705 5254 2763 5305 ἐν
2806 5248 3055 5315 Χαλκίδι,
3101 5247 3198 5302 καὶ
3227 5247 3375 5315 γένει
3420 5245 3737 5317 λάμπουσα,

2160 5351 2256 5408 καὶ
2277 5351 2447 5419 ἀρετῇ
2478 5345 2879 5416 διαπρέπουσα,
2907 5342 3002 5395 καὶ
3051 5339 3283 5394 πλούτου
3324 5339 3612 5409 περιουσίᾳ
3649 5355 3741 5391 κου

2164 5441 2343 5511 μῶσα.
2373 5438 2481 5491 Καὶ
2510 5436 2689 5506 ἕτεροι
2725 5434 2779 5487 δὲ
2818 5434 2919 5486 οὐκ
2950 5431 3119 5499 ὀλίγοι
3160 5429 3293 5482 αὐτὸ
3337 5427 3496 5482 τοῦτο
3542 5426 3736 5497 ἔδρων,

2157 5531 2246 5584 τὸν
2268 5529 2563 5599 νικηφόρον
2597 5529 2804 5580 ἐκεῖνον
2828 5522 3069 5595 ἀθλητὴν
3090 5520 3339 5591 ἁρπάσαι
3371 5516 3737 5588 φιλονεικοῦν-

2154 5640 2264 5687 τες.
2294 5621 2467 5675 Τοῦτο
2490 5621 2652 5690 γνοὺς
2687 5619 2716 5673 ὁ
2750 5616 2845 5671 τοῦ
2893 5613 3030 5669 Θεοῦ
3073 5613 3379 5682 ἄνθρωπος,
3436 5608 3737 5681 παρεκάλει

2156 5716 2245 5770 τὸν
2271 5714 2577 5783 θαυμάσιον
2603 5714 2811 5766 ἐκεῖνον
2842 5707 3122 5770 Εὐσέϐιον,
3156 5706 3352 5783 ὅρκους
3380 5701 3529 5779 αὐτῷ
3572 5716 3734 5772 προσ-τ
