4030 6424
204 429 226 488 1
239 430 356 495 337

1457 426 1856 488 RELIGIOSA
1895 427 2286 488 HISTORIA.

3357 427 3512 491 1338

209 539 459 608 σνεγκῶν
475 538 530 591 δε
541 537 556 590 ί
563 553 730 608 ματος
746 537 948 601 παντὸς
964 537 1255 608 γέμοντας,
1269 538 1326 590 ὲν
1339 537 1533 608 ἐκείνῳ
1546 538 1624 608 τῷ
1636 538 1782 608 χωρίι

1888 583 1891 593 ,
1920 535 2316 606 jurejurando,
2355 545 2414 591 ut
2442 551 2646 606 corpus
2677 550 2838 590 suum
2866 536 2962 590 illo
2993 536 3048 591 in
3077 538 3198 594 loco
3231 531 3471 610 deponat
3496 588 3510 606 .

205 631 534 702 καταθεῖναι
561 631 625 684 τὸ
642 629 822 700 σῶμα,
842 633 939 684 καὶ
955 630 1158 703 μηδένα
1172 630 1465 699 διαγνῶναι
1497 631 1590 685 τὸν
1609 633 1802 699 τάφον,

203 725 355 794 πλὴν
372 724 472 777 δύο
487 723 599 778 τῶν
621 723 1032 797 συνηθεστέρων
1057 723 1343 786 συνοίκων,
1375 723 1572 796 μέχρις
1611 725 1678 778 ἂν
1718 724 1804 776 δι-

180 826 182 828 ’
201 819 342 891 ἑλθῃ
358 816 527 882 πολὺς
541 817 680 869 ἐτῶν
697 815 823 884 ἀριθ
832 817 1069 886 μός.Καὶ
1083 816 1268 871 τοῦτον
1281 816 1370 870 τὸν
1385 817 1548 888 ὅρκον
1559 819 1586 870 6
1598 815 1696 869 θαυ
1704 817 1807 887 μά-

201 928 323 973 σιος
337 911 548 972 ἐκεῖνος
567 909 704 980 ὲπλή
714 926 888 978 ρωσεν
903 909 1211 980 ἄνθρωπος.
1231 908 1450 978 Ἐπειδὴ
1464 909 1574 980 γὰρ
1585 903 1688 980 ἦκε
1708 908 1804 960 τοῦ

196 1001 509 1071 νικηφόρου
526 1000 589 1053 τὸ
603 999 780 1066 τέλος,
797 999 894 1053 καὶ
905 1000 1064 1071 χορὸς
1083 999 1334 1068 ἀγγέλων
1350 999 1450 1067 τὴν
1482 998 1634 1069 ἱερὰν
1661 997 1806 1051 ὲκεί-

194 1109 299 1158 νην
319 1092 417 1144 καὶ
433 1090 583 1143 θείαν
595 1089 773 1161 ψυχὴν
788 1092 868 1154 είς
879 1090 975 1155 τὰς
992 1094 1048 1143 ἐν
1069 1091 1128 1143 ού
1138 1089 1282 1162 ρανῷ
1297 1088 1464 1159 μονάς
1484 1087 1801 1158 μετέθηκεν,

191 1184 254 1236 οὐ
281 1185 554 1252 πρότερον
590 1183 758 1236 αὐτοῦ
797 1182 897 1254 τὴν
941 1183 1196 1254 τελευτὴν
1257 1182 1658 1252 κατεμήνυσεν,
1697 1181 1802 1244 ἓως

193 1275 348 1344 μετὰ
371 1274 483 1328 τῶν
502 1273 598 1327 δύο
619 1274 730 1327 τῶν
763 1275 1208 1346 γνωριμωτέρων
1239 1275 1332 1329 τὸν
1361 1276 1532 1344 τάφον
1576 1274 1798 1344 ὀρύξας,

189 1366 292 1419 καὶ
329 1367 388 1419 τὸ
415 1366 578 1436 σῶμα
617 1367 899 1431 καταθεὶς,
931 1368 1028 1437 τῆς
1050 1370 1154 1438 γῆς
1183 1367 1282 1438 τὴν
1312 1367 1636 1436 ἐπιφάνειαν
1667 1367 1801 1434 ἐξωο

193 1461 422 1531 μάλισε.
477 1462 588 1516 Καὶ
645 1463 988 1532 πεντήκοντα
1036 1461 1358 1515 διελθόντων
1409 1463 1695 1528 ἐνιαυτῶν,
1761 1463 1794 1532 ἢ

195 1554 489 1618 πλειόνων,
527 1554 736 1625 μυρίων
762 1554 1305 1626 συνδεδραμηκότων,
1370 1555 1464 1608 καὶ
1506 1555 1797 1626 διηρευνη-

195 1645 375 1698 κότων
397 1647 459 1699 τὸ
488 1646 670 1716 σῶμα,
704 1646 902 1717 ἄδηλος
932 1649 958 1699 6
990 1647 1160 1714 τάφος
1196 1647 1526 1718 μεμένηκεν.
1574 1647 1794 1719 Ἐπειδὴ

187 1737 242 1790 δὲ
272 1738 513 1800 ἕκαστος
561 1738 671 1791 τῶν
719 1739 1136 1810 προειρημένων
1175 1739 1383 1811 σηκῶν,
1429 1742 1458 1794 6
1505 1739 1606 1811 μὲν
1655 1743 1792 1794 ἁπο-

189 1829 426 1896 στόλων,
459 1832 486 1883 6
509 1828 568 1882 δὲ
601 1829 899 1901 μαρτύρων
951 1830 1248 1895 ὑπεδέξατο
1295 1830 1547 1900 λείψανα,
1588 1832 1794 1905 θοιρῤή-

186 1937 394 1984 σιαντες
435 1920 623 1974 λοιπὸν
675 1923 728 1974 οἱ
763 1922 876 1988 ’τῆς
915 1922 1130 1976 ἐκείνου
1181 1923 1389 1993 σκηνῆς
1437 1926 1529 1978 καὶ
1572 1924 1793 1996 διδαχῆς

182 2015 547 2086 κληρονόμοι,
583 2018 690 2088 πρὸ
721 2017 815 2071 δύο
859 2018 1064 2072 τούτων
1111 2019 1250 2072 ἐτῶν
1291 2019 1540 2092 λάρνακα
1583 2021 1794 2092 λιθίνην

182 2109 738 2174 κατασκευάσαντες,
765 2111 824 2163 ὲν
851 2110 1023 2182 ταύτῃ
1051 2110 1145 2164 τοῦ
1167 2111 1353 2182 τιμίου
1404 2111 1658 2182 σώματος
1691 2130 1790 2185 με-

178 2197 434 2263 ⁴τέθηκαν
467 2199 536 2253 τά
566 2198 817 2270 λείψανα,
851 2202 970 2267 ἐνὸς
1014 2202 1106 2256 τὸν
1147 2203 1316 2272 τάφον
1369 2204 1744 2270 ὑποδείξαντος
1773 2223 1788 2236 ·

177 2285 477 2363 οὗτοξγὰρ
514 2292 674 2362 μόνος
700 2296 765 2348 ὲκ
782 2294 891 2348 τῶν
910 2295 1078 2362 τριῶν
1102 2298 1319 2367 περιῆν.

250 2383 520 2456 Ζηλωτὴς
555 2385 612 2437 δὲ
653 2386 944 2456 γενόμενος
986 2388 1086 2456 τῆς
1116 2389 1324 2443 ἐκείνου
1373 2394 1574 2464 ἀρετῆς
1611 2392 1783 2446 Εὐσέ-

180 2473 302 2538 ϐιος
334 2476 363 2527 6
384 2475 712 2544 θαυμάσιος,
742 2477 950 2531 πλείοσι
975 2477 1240 2533 διετέλεσε
1288 2481 1472 2546 πόνοις
1514 2483 1810 2560 κατατρύο-

180 2584 296 2638 χων
323 2567 387 2619 τὸ
418 2566 598 2646 σῶμα.
635 2569 821 2622 Εἴκοσι
851 2570 961 2641 γὰρ
999 2573 1094 2626 καὶ
1123 2574 1318 2627 έκατδν
1360 2575 1581 2646 σιδήρου
1621 2594 1782 2646 περι-

177 2662 444 2730 κείμενος
501 2661 725 2738 λίτρας,
767 2663 1006 2731 ἐπέθηκε
1055 2665 1156 2735 μὲν
1207 2667 1386 2737 ἑαυτῷ
1437 2667 1658 2732 καὶτὰς
1691 2670 1784 2723 τοῦ

177 2752 467 2808 θειοτάτου
536 2753 850 2823 Ἀγαπητοῦ
875 2754 1042 2819 ἄλλας
1077 2759 1442 2829 πεντήκοντα,
1473 2760 1785 2831 προσέθηκε

176 2844 234 2896 δὲ
305 2844 401 2897 καὶ
450 2842 554 2908 τὰς
616 2843 710 2898 τοῦ
754 2846 991 2915 μεγάλου
1055 2851 1376 2920 Μαρκιανοῦ
1429 2851 1780 2922 ὀγδοήκοντα.

179 2934 355 3004 Ἐτχε
381 2933 438 2986 δὲ
471 2935 787 3006 οἰκητήριον
811 2935 1012 2991 λάκκον
1034 2939 1155 2992 τινὰ
1185 2941 1393 2994 ὑδάτων
1432 2943 1786 3013 ἀπηλλαγμέ-

174 3043 293 3088 νον,
314 3024 411 3078 καὶ
443 3025 612 3095 τριῶν
641 3026 780 3079 ἐτῶν
809 3028 1045 3099 ἀριθμὸν
1068 3029 1258 3084 τοῦτον
1283 3031 1484 3101 διάγων
1517 3033 1783 3087 διετέλεσε

172 3119 268 3172 τον
299 3116 522 3188 τρόπον.
562 3120 657 3182 El;
691 3119 914 3185 τούτους
957 3122 1013 3175 δὲ
1047 3121 1242 3194 ἐξέϐην
1274 3126 1401 3188 τοὺς
1433 3125 1646 3194 λόγους,
1678 3125 1785 3178 δεῖ-

1910 631 1966 677 et
1993 626 2314 694 sepulcrum
2355 625 2591 698 1148,
2645 625 2756 680 nisi
2807 633 2932 696 post
2976 627 3196 699 longam
3242 645 3514 689 annorum

1908 716 2145 780 seriem,
2195 731 2356 772 nemo
2387 719 2562 781 sciat,
2596 727 2795 788 praeter
2821 718 3160 776 domesticos
3189 720 3328 777 duos
3356 735 3518 779 caete-

1906 807 1986 861 ris
2018 805 2430 863 familiariores.
2481 807 2887 879 Jusjurandum
2921 818 3104 866 autem
3140 828 3376 882 prorsus
3407 817 3510 869 im-

1906 901 2074 970 plevit
2113 902 2278 956 homo
2305 902 2398 957 ille
2437 902 2808 959 admirabilis.
2846 903 2982 958 Nam
3023 905 3192 960 simul
3222 922 3286 959 ac
3321 907 3504 962 victor

1907 994 2160 1064 egregius
2189 995 2299 1047 vita
2343 993 2567 1051 functus
2638 1005 2763 1061 est,
2826 1003 2881 1052 et
2937 998 3260 1066 angelorum
3301 1001 3512 1056 chorus

1905 1099 2120 1138 sarram
2173 1085 2320 1138 illam
2381 1085 2740 1157 divinamque
2800 1087 3038 1142 animam
3089 1089 3145 1143 in
3198 1091 3507 1146 cmlestium

1903 1177 2130 1232 sedibus
2163 1179 2489 1246 collocavit,
2518 1195 2626 1234 non
2661 1181 2820 1250 prius
2849 1181 2975 1250 ejus
3003 1181 3212 1236 obitum
3242 1185 3258 1205 '
3290 1184 3508 1242 indica-

1903 1268 2011 1330 vit,
2064 1285 2231 1338 quam
2272 1286 2398 1326 eum
2429 1271 2646 1328 duobus
2688 1273 2798 1328 illis
2845 1273 3223 1331 familiaritate
3272 1276 3508 1344 conjun-

1903 1361 2182 1417 ctiorihus
2213 1362 2356 1417 facta
2400 1363 2573 1429 fossa,
2619 1377 2677 1434 et
2727 1381 2962 1435 corpore
3009 1366 3300 1437 deposito,
3335 1378 3502 1424 terra;

1901 1455 2250 1521 superﬁciem
2280 1455 2724 1536 complanasset.
2753 1453 2907 1510 Unde
2932 1456 3340 1528 quinquaginta
3373 1467 3500 1529 post

1899 1558 2077 1599 annos
2111 1546 2195 1600 vel
2237 1546 2424 1616 plures
2453 1548 2709 1618 elapsos,
2748 1565 2872 1606 cum
2898 1550 3236 1621 eo-prol'ecti
3269 1551 3501 1620 plurimi

1899 1651 2109 1707 corpus
2141 1638 2437 1708 diligenter
2469 1644 2932 1711 investigassent,
2993 1644 3240 1712 ignotum
3288 1644 3498 1698 mansit

1896 1731 2236 1797 sepulcrum.
2257 1729 2560 1803 Postquam
2583 1741 2767 1788 autem
2795 1734 3236 1804 unumquodque
3264 1749 3332 1789 ex
3359 1748 3500 1804 prae-

1897 1821 2067 1879 dictis
2113 1826 2416 1892 oratoriis,
2474 1825 2582 1881 hoc
2633 1827 2855 1898 quidem
2903 1828 3282 1897 apostolorum
3310 1871 3324 1892 ,
3359 1827 3499 1882 illud

1899 1930 2031 1969 vero
2063 1925 2370 1985 martyrum
2405 1915 2623 1986 accepit
2671 1917 2968 1986 reliquias,
3005 1933 3202 1974 secure
3230 1917 3498 1989 deinceps

1893 2005 2015 2073 ejus
2046 2006 2264 2062 cellulae
2301 2007 2688 2078 doctrinarque
2741 2009 2992 2065 haeredes
3029 2009 3082 2064 in
3135 2024 3320 2064 arcam
3357 2011 3500 2082 lapi-

1892 2099 2050 2154 deam
2072 2141 2086 2165 ,
2115 2100 2342 2156 biennio
2367 2109 2498 2156 ante
2541 2110 2923 2158 constructam
2942 2143 2957 2167 ,
2990 2103 3215 2172 pretiosi
3243 2106 3497 2174 corporis

1892 2193 2159 2262 reliquias
2196 2194 2646 2258 transtulerunt,
2709 2211 2859 2260 uno,
2897 2195 2993 2265 qui
3038 2211 3105 2251 ex
3157 2197 3340 2254 tribus
3381 2197 3496 2255 illis

1890 2285 2048 2341 solus
2080 2293 2367 2356 superstes
2397 2295 2521 2340 erat
2543 2327 2558 2352 ,
2596 2287 2920 2358 sepulcrum
2954 2288 3309 2344 ostendente.

1969 2379 2107 2445 Ejus
2149 2394 2314 2448 porro
2339 2379 2567 2435 virtutis
2614 2380 2904 2436 aemulator
2941 2379 3285 2438 admirabilis
3316 2383 3493 2439 Euse-

1894 2472 2018 2526 bius
2057 2485 2262 2541 corpus
2312 2471 2572 2541 plurimis
2613 2472 2904 2529 laboribus
2949 2472 3193 2543 amigere
3238 2490 3347 2529 non
3394 2475 3494 2532 de-

1889 2563 2049 2620 stitit.
2076 2563 2208 2618 Nam
2243 2580 2369 2618 eum
2406 2565 2538 2620 ferri
2577 2574 2804 2621 centum
2838 2573 2893 2621 et
2930 2566 3122 2637 viginti
3158 2568 3328 2625 libras
3363 2585 3492 2624 cor-

1889 2656 2007 2725 pori
2042 2655 2270 2709 haberet
2315 2657 2603 2726 impositas
2631 2702 2647 2724 ,
2679 2657 2786 2712 sibi
2833 2657 2972 2712 alias
3017 2657 3285 2729 imposuit
3317 2661 3491 2716 divini

1887 2748 2111 2818 Agapeti
2146 2750 2553 2819 quinquaginta
2589 2767 2603 2804 :
2630 2751 2763 2819 quin
2794 2755 2848 2804 et
2877 2749 3064 2819 magni
3097 2767 3322 2822 quoque
3348 2751 3493 2806 Mar-

1889 2841 2030 2894 ciani
2087 2840 2225 2896 alias
2276 2842 2480 2910 adjecit
2533 2843 2840 2914 octoginta.
2888 2843 3129 2913 Eratque
3161 2845 3209 2898 ei
3259 2844 3493 2899 domici-

1890 2935 2020 2987 lium
2076 2935 2228 2992 lacus
2293 2935 2518 3004 quidam
2576 2936 2739 3006 aquis
2784 2951 3038 2999 vacuus,
3104 2937 3157 2990 in
3209 2951 3321 3006 quo
3378 2945 3490 2992 tres

1887 3043 2065 3084 annos
2121 3028 2446 3097 hujusmodi
2509 3029 2681 3082 vitam
2736 3029 2916 3084 duxit.
2979 3029 3059 3085 Ad
3124 3031 3240 3086 haec
3297 3040 3484 3088 autem

1885 3121 2218 3191 explicanda
2249 3136 2315 3174 eo
2335 3136 2459 3175 sum
2485 3121 2776 3188 digressus
2798 3160 2814 3187 ,
2851 3129 2910 3176 ut
2941 3123 3291 3178 ostenderem
3320 3139 3486 3194 quam

175 3207 269 3273 ξαι
301 3208 634 3277 βουλόμενος
687 3209 832 3274 ὅσοις
858 3212 951 3264 καὶ
985 3211 1167 3277 ἄλλοις
1210 3214 1461 3284 μεγάλων
1502 3217 1778 3286 κατορθωο

1888 3214 2075 3267 multis
2111 3213 2233 3268 aliis
2264 3212 2596 3267 eximiarum
2643 3213 2907 3267 virtutum
2943 3222 3144 3269 auctor
3173 3213 3341 3270 fuerit
3366 3231 3487 3269 ma-

181 3301 370 3370 μάτων
417 3301 446 3352 6
496 3302 673 3370 μέγας
711 3304 1034 3374 Μαρκιανὸς
1089 3305 1308 3372 ἐγένετο
1360 3309 1638 3378 πρόξενος.
1665 3311 1778 3379 Τῆς

175 3388 369 3442 τούτου
406 3388 731 3459 φιλοσοφίας
762 3391 1021 3446 ἀπώνατο
1053 3395 1149 3448 καὶ
1188 3396 1471 3462 Βασίλειος
1504 3401 1532 3452 6
1565 3399 1782 3471 θαυμά-

179 3498 312 3546 σιος,
333 3485 360 3536 ὁ
387 3483 603 3545 πολλοῖς
636 3483 862 3555 ὕστερον
890 3487 1105 3555 χρόνοις
1125 3489 1276 3558 παρά
1304 3489 1404 3560 τὴν
1438 3492 1772 3563 Σελευκόὸη-

174 3574 264 3627 λον
296 3589 316 3608 ο
353 3574 512 3639 πῶιις
541 3575 598 3628 δὲ
634 3575 774 3648 αὕτη
813 3578 910 3648 τῆς
937 3578 1138 3647 Συρίας
1164 3597 1176 3609 ’
1227 3580 1288 3633 τὸ
1327 3583 1622 3654 μοναχικὺν
1667 3585 1776 3637 δει-

179 3668 426 3737 μάμενος
458 3668 830 3737 καταγώγιον,
868 3671 964 3722 καὶ
1002 3670 1222 3741 λάμψας
1245 3673 1343 3743 μὲν
1361 3677 1417 3727 ὲν
1452 3675 1666 3739 πολλοῖς
1697 3676 1766 3729 εἵ-

174 3759 321 3811 δεσιν
355 3759 584 3830 ἀρετῆς,
612 3759 832 3830 λάμψας
865 3761 922 3814 δὲ
945 3762 1313 3835 διαφερόντως
1349 3767 1408 3820 ὲν
1425 3765 1502 3838 τῷ
1541 3767 1780 3836 θεοφιλεῖ

173 3852 272 3921 τῆς
303 3853 532 3924 ἀγάπης
567 3854 828 3923 κτήματι,
880 3857 976 3909 καὶ
1018 3857 1095 3928 τῷ
1121 3857 1267 3929 ’θείῳ
1320 3862 1422 3930 τῆς
1469 3859 1775 3929 φιλοξενίας

175 3949 591 4020 κατορθώματι.
665 3950 867 4014 Ὅσους
906 3952 962 4006 δὲ
1006 3954 1100 4006 καὶ
1131 3946 1288 4018 οὗτος
1343 3958 1656 4029 παρέστησε
1696 3957 1774 4029 τῷ

175 4041 294 4112 Θεῷ
349 4061 367 4091 ι
405 4043 666 4112 ἐργάτας,
711 4043 1088 4108 άποστολικῶς
1143 4047 1336 4111 εἰπεῖν,
1400 4049 1769 4120 ἁνεπαισχύν-

178 4151 325 4198 τους,
387 4133 820 4205 ὁρθοτομοῦντας
856 4137 946 4206 τδν
977 4138 1135 4206 λόγον
1170 4140 1267 4208 τῆς
1290 4140 1568 4211 ἀληθείας,
1611 4161 1629 4194 ι
1687 4144 1772 4208 τίς

182 4226 247 4279 ἄν
307 4227 507 4298 ῥᾳδίως
549 4227 940 4300 ἁριθμήσειεν;
1005 4233 1124 4285 ’Ἰνα
1156 4231 1262 4304 γάρ
1284 4235 1412 4297 τοὺς
1439 4235 1634 4300 ἄλλους
1679 4237 1772 4290 ἐπὶ

175 4318 270 4372 τοῦ
301 4320 573 4391 παρόντος
593 4321 918 4390 παραλίπω,
939 4324 1081 4392 εύφη
1091 4325 1219 4393 μίας
1255 4325 1356 4395 μὲν
1377 4327 1537 4390 ὄντας
1563 4329 1768 4395 ἀξίους,

176 4412 357 4483 μῆκος
394 4413 453 4466 δὲ
499 4413 867 4483 ἐμποιοῦντας
913 4414 993 4485 τῷ
1036 4417 1358 4489 διηγήματι,
1405 4419 1524 4485 ἑνὸς
1563 4421 1770 4475 τούτων

173 4503 273 4559 καὶ
309 4505 473 4574 μόνου
505 4505 906 4575 μνησθήσομαι.
954 4507 1205 4577 Ἐγένετό
1244 4528 1330 4573 τις
1361 4512 1552 4566 τούτου
1581 4530 1770 4584 φοιτη-

1883 3302 2374 3373 gnusMarcianus.
2394 3303 2574 3372 Hujus
2598 3303 2966 3374 philosophia:
2991 3303 3233 3358 fructum
3264 3321 3490 3376 quoque

1894 3395 2147 3464 percepit
2179 3393 2545 3449 admirandus
2586 3393 2681 3449 ille
2719 3395 2998 3462 Basilius,
3032 3397 3125 3468 qui
3157 3397 3323 3468 longo
3365 3406 3490 3468 post

1882 3493 2138 3556 tempore
2190 3486 2337 3556 apud
2375 3485 2800 3544 Seleucobelum
2847 3488 3022 3561 Syriae
3075 3491 3266 3546 urbem
3299 3507 3490 3546 mona-

1879 3579 2080 3633 sticum
2120 3579 2338 3650 1149
2377 3579 2656 3634 exstruxit
2701 3581 3113 3649 habitaculum,
3166 3591 3220 3638 et
3266 3599 3389 3637 cum
3429 3583 3486 3638 in

1879 3670 2070 3724 multis
2113 3671 2414 3740 generibus
2449 3672 2718 3724 virtutum
2763 3673 3028 3726 enituerit
3052 3716 3065 3738 ,
3102 3682 3213 3726 ttttn
3247 3675 3487 3730 maxime

1876 3761 1933 3815 in
1966 3759 2077 3814 Deo
2113 3762 2279 3831 longe
2311 3762 2632 3831 gratissima
2666 3765 3027 3832 possessione
3060 3765 3355 3820 charitatis
3379 3806 3393 3828 ,
3428 3777 3484 3820 et

1875 3852 1930 3906 in
1957 3851 2145 3908 divino
2181 3867 2345 3920 opere
2378 3853 2805 3921 hospitalitatis.
2832 3854 3009 3921 Quam
3047 3856 3251 3910 multos
3287 3866 3475 3912 autem

1877 3944 1968 3998 hic
2003 3959 2228 4014 quoque
2259 3943 2372 3999 Deo
2413 3945 2727 4000 exhibuerit
2770 3964 2789 3998 ι
2826 3947 3118 4016 operarios
3159 3949 3466 4004 inconfusi-

1873 4039 2040 4104 biles,
2088 4046 2149 4092 ut
2194 4053 2318 4093 cum
2371 4037 2639 4109 Apostolo
2692 4039 2874 4093 dicam
2901 4051 2947 4107 ο,
2984 4049 3136 4096 recte
3168 4049 3477 4098 tractantes

1874 4132 2107 4186 verbum
2149 4131 2447 4190 veritatis,
2507 4149 2525 4182 ι
2565 4131 2693 4200 quis
2741 4129 2905 4186 facile
2952 4133 3286 4186 enunieret?
3337 4131 3474 4187 Nam

1874 4236 1928 4280 ut
1965 4225 2106 4278 alios
2142 4223 2194 4278 in
2225 4224 2522 4295 praesentia
2555 4223 2979 4294 praetermittam
3009 4265 3024 4287 ,
3061 4225 3222 4279 laude
3254 4226 3477 4296 quidem

1875 4319 2075 4390 dignos
2104 4359 2119 4382 ,
2153 4319 2248 4373 sed
2284 4318 2378 4388 qui
2414 4317 2685 4387 prolixam
2730 4315 3027 4373 redderent
3054 4320 3431 4373 narrationem
3457 4346 3473 4370 ο

1874 4428 2044 4466 unum
2110 4412 2381 4466 duntaxat
2432 4410 2910 4466 commemorabo.
2966 4409 3094 4466 Fuit
3161 4411 3306 4466 inter
3355 4411 3477 4479 ejus

1874 4504 2178 4574 discipulos
2225 4503 2453 4572 quidam
2503 4501 2747 4557 Sabinus
2799 4505 3064 4568 nomine,
3125 4502 3219 4573 qui
3267 4517 3476 4572 corpus

175 4595 297 4667 τὴς,
330 4594 559 4647 Σαὸἶνον
592 4594 650 4647 δὲ
672 4594 834 4648 αὑτὸν
857 4599 1298 4668 προσηγόρευον,
1337 4599 1396 4662 ὃς
1429 4599 1612 4663 πόνοις
1669 4619 1772 4671 μυ-

1888 4598 2166 4652 ξιιιιιιριιδίε
2203 4597 2485 4651 laboribus
2518 4595 2860 4651 macerabat.
2892 4595 3030 4650 Nam
3059 4610 3240 4665 neque
3273 4597 3434 4666 panis
3457 4637 3472 4662 ,

178 4691 318 4756 ρίοις
365 4688 426 4741 τὸ
472 4687 633 4759 σῶμα
690 4688 1158 4759 κατεδαπάνησεν.
1218 4690 1355 4745 Ούτε
1410 4693 1519 4764 γὰρ
1581 4693 1767 4765 ἄρτου,

171 4781 298 4834 ιῦτε
335 4780 468 4848 ὄψου
491 4779 634 4843 τινὸς
692 4780 1070 4851 μετελάμϐανε
1099 4798 1114 4811 ·
1162 4783 1335 4854 τροφὴ
1394 4783 1453 4836 δὲ
1506 4780 1577 4855 ἦν
1622 4786 1770 4857 αύτῷ

170 4875 407 4943 ἄλευρον
437 4869 591 4924 ὕδατι
627 4870 941 4942 δευόμενον,
971 4870 1245 4940 Μιγνύναι
1275 4871 1332 4924 δὲ
1369 4871 1544 4936 οὕτως
1587 4873 1769 4927 εἰώθει

169 4967 362 5018 πᾶσαν
412 4961 505 5015 τοῦ
562 4961 731 5034 μηνὸς
780 4962 880 5032 τὴν
927 4962 1157 5033 τροφὴν,
1207 4963 1284 5025 ὡς
1339 4963 1640 5038 εὑρωτιᾷν,
1674 4969 1768 5021 καὶ

169 5054 382 5124 πολλὴν
410 5053 719 5123 ἐκπέμπειν
750 5052 848 5122 τὴν
875 5051 1156 5107 δυσωδίαν.
1197 5052 1481 5107 Ἐϐούλετο
1517 5055 1575 5108 δὲ
1616 5055 1768 5128 αὐτῷ

169 5147 334 5201 τοῦτο
368 5145 468 5216 τῆς
513 5145 726 5199 τοιᾶσδε
777 5144 983 5215 τροφῆς
1021 5145 1082 5198 τὸ
1137 5141 1278 5208 εἶδος
1323 5146 1621 5218 ἀμϐλύνειν
1673 5148 1768 5202 τοῦ

173 5238 434 5308 σώματος
459 5237 556 5300 τὰς
595 5238 825 5308 ὀρέξεις,
859 5237 954 5289 καὶ
990 5239 1056 5308 τῇ
1117 5236 1352 5309 δυσωδία
1406 5239 1506 5309 τῆς
1559 5241 1771 5312 τροφῆς

177 5326 470 5398 μαραίνειν
490 5326 591 5398 τὴν
615 5325 831 5396 ἡδονήν.
869 5325 1025 5378 Οὕτω
1060 5325 1265 5380 δὲκαθ’
1307 5326 1498 5380 ἑαυτὸν
1543 5328 1766 5398 διάγων,

175 5419 379 5473 εἴποτέ
406 5431 491 5481 τις
514 5419 622 5471 τῶν
676 5416 969 5489 γνωρίμων
1007 5418 1254 5488 ἀφίκετο,
1308 5418 1416 5472 τῶν
1471 5420 1769 5491 παρατιθε-

180 5513 361 5583 μένων
402 5509 658 5564 ἁπάντων
702 5509 982 5573 ἁπλοϊκῶς
1037 5511 1434 5583 μετελάμϐανε.
1483 5514 1766 5585 Τοσαύτην

177 5603 232 5654 δὲ
261 5603 423 5674 χάριν
455 5599 640 5653 θεόθεν
665 5599 904 5666 ἐδέξατο,
929 5601 1005 5665 ὡς
1033 5604 1268 5670 γυναῖκά
1311 5621 1435 5657 τινα
1493 5604 1600 5658 τῶν
1642 5607 1764 5658 ἐπι-

186 5696 396 5763 σήμων,
462 5691 556 5744 καὶ
606 5692 697 5745 ἐπὶ
759 5691 904 5758 γένει
943 5692 1034 5744 καὶ
1077 5692 1289 5764 πλούτῳ
1325 5695 1759 5766 σεμνυνομένων,

271 5866 358 5923 'il
400 5869 640 5922 'l‘ttnotlt.
683 5885 735 5930 tt,
780 5869 856 5922 l2).

1878 4703 2060 4760 neque
2086 4691 2303 4744 obsonii
2339 4689 2454 4743 ullo
2479 4704 2678 4760 genere
2702 4689 3052 4744 vescebatur:
3089 4689 3183 4744 sed
3212 4689 3370 4744 cibus
3395 4688 3471 4742 illi

1874 4793 1992 4838 erat
2015 4780 2190 4836 farina
2219 4797 2360 4851 aqua
2387 4781 2444 4836 in
2477 4782 2624 4836 hunc
2648 4782 2869 4836 modum
2895 4781 3224 4836 madefacta.
3250 4781 3474 4836 Solebat

1877 4881 2052 4926 totum
2092 4871 2259 4926 unius
2309 4873 2520 4927 mensis
2547 4873 2732 4927 cibum
2773 4872 2844 4928 de
2878 4873 3152 4928 industria
3200 4873 3471 4933 miscere.

1877 4970 1936 5015 ut
1986 4963 2154 5017 situm
2199 4961 2591 5026 contraheret,
2650 4971 2704 5017 et
2756 4963 2901 5017 male
2954 4963 3148 5018 oleret.
3197 4963 3473 5032 Cupiebat

1879 5052 2026 5107 enim
2058 5052 2161 5105 hoc
2193 5065 2396 5120 genere
2439 5051 2693 5106 alimenti
2727 5051 2978 5106 hebetari
3019 5052 3273 5120 corporis
3303 5066 3472 5121 appe-

1873 5144 2042 5205 titus,
2086 5147 2105 5164 ⁰
2139 5151 2194 5197 et
2228 5141 2379 5196 illius
2431 5141 2608 5198 fetore
2654 5143 2886 5198 obtundi
2922 5146 3285 5213 voluptatem.
3330 5143 3468 5198 Cum

1875 5245 2058 5289 autent
2097 5235 2216 5304 ipse
2249 5234 2332 5289 sic
2370 5236 2621 5300 viveret,
2663 5236 2707 5290 si
2751 5235 2880 5306 quis
2923 5245 3104 5289 tamen
3148 5251 3212 5288 ex
3271 5234 3466 5290 amicis

1874 5324 1940 5378 ad
1972 5340 2095 5379 eum
2128 5325 2427 5395 aliquando
2458 5327 2721 5392 veniret,
2753 5327 2822 5382 iis
2851 5341 2974 5397 qua:
3003 5326 3254 5396 apposita
3285 5333 3471 5387 erant,

1878 5419 1998 5473 sine
2027 5417 2243 5474 delectu
2274 5419 2629 5475 vescebatur.
2692 5419 2925 5474 Tantam
2966 5419 3132 5490 igitur
3163 5434 3192 5472 a
3223 5418 3332 5474 Deo
3369 5419 3471 5474 ad~

1873 5523 2032 5582 eptus
2059 5519 2145 5566 est
2175 5512 2408 5582 gratiam
2431 5553 2447 5578 ,
2484 5521 2543 5566 ut
2571 5513 2771 5568 mulier
2793 5515 3042 5584 quaedam
3073 5512 3420 5567 Antiochena
3450 5553 3464 5576 ,

1873 5617 2073 5671 genere
2105 5602 2309 5657 nobilis
2331 5641 2345 5665 ,
2383 5609 2436 5658 et
2465 5604 2664 5673 opibus
2695 5603 2902 5658 ﬂorens
2927 5644 2941 5668 ,
2992 5605 3058 5658 ad
3105 5621 3230 5660 eum
3263 5602 3456 5658 coulo-

1874 5693 2046 5760 gerit,
2082 5695 2404 5764 rogaritquc
2446 5705 2504 5750 ut
2534 5695 2660 5749 tiliae
2709 5710 2736 5747 a
2780 5697 3029 5751 daemone
3062 5705 3270 5752 vexatae
3305 5709 3463 5766 opem
