4030 6420
558 420 702 487 1339
1595 418 2085 480 THEODORETI
2130 419 2152 476 Ε

2259 416 2465 477 SCOPI
2508 416 2591 476 Cl‘
2608 416 2876 475 RENSIS
3681 408 3850 472 ’1346

558 538 753 591 terret.
791 531 985 587 Visum
1031 530 1178 585 cnim
1212 529 1317 584 sibi
1348 529 1531 584 aiebat
1571 528 1862 598 quemdam
1896 527 1953 579 in
2002 536 2145 579 som-

2259 522 2364 576 ἀπὸ
2388 523 2486 594 τῆς
2535 523 2853 592 Ἀντιοχέων
2883 521 3032 592 αὐτῷ
3063 522 3433 592 προσδραμεῖν
3453 559 3466 584 ,
3498 520 3594 574 καὶ
3628 519 3853 573 licetsi-

559 644 650 683 ms
675 667 691 691 ,
726 627 819 697 qui
852 633 910 679 ut
942 639 1008 680 eo
1039 639 1099 679 se
1129 621 1407 677 conferret
1431 621 1780 684 hortabatur,
1814 626 1869 674 et
1892 616 2147 687 praesidis

561 713 884 779 monasterii
922 712 1182 782 precibus
1223 710 1459 766 salutem
1507 711 1631 765 tiliae
1670 715 2010 779 procuraret.
2058 706 2149 761 Di-

560 813 724 859 ccnte
771 814 952 857 autem
989 801 1087 856 illo
1138 802 1234 871 qui
1286 814 1551 870 responsa
1599 799 1802 853 dabat.
1852 797 2144 867 praesidem

562 894 711 964 loqui
750 908 877 948 cum
925 891 1255 947 mulieribus
1289 906 1405 947 non
1454 891 1675 955 solere,
1738 906 1860 945 cum
1914 890 2150 945 instaret

563 986 766 1042 mulier
813 1000 941 1038 cum
989 984 1252 1055 lacrymis
1306 993 1357 1039 et
1393 984 1600 1053 eiulatu
1630 1024 1644 1044 ,
1687 983 2150 1051 vehementerque

562 1081 962 1143 obtestaretur,
1019 1095 1223 1149 praeses
1279 1080 1448 1135 venit.
1497 1078 1713 1149 1150
1759 1078 1863 1131 Sed
1917 1079 2150 1147 iiegabat

562 1172 765 1226 mulier
797 1170 945 1224 hunc
978 1186 1103 1226 esse
1133 1189 1147 1225 :
1187 1170 1356 1225 alium
1388 1171 1534 1226 enim
1571 1170 1675 1225 sibi
1723 1170 1942 1225 dicebat
1968 1178 2152 1222 osten-

566 1278 689 1318 sum
716 1262 889 1318 fuisse
908 1303 922 1328 ,
955 1262 1327 1316 rubicundum
1355 1303 1369 1328 ,
1393 1270 1450 1317 et
1479 1262 1574 1332 qui
1601 1262 1854 1334 pustulas
1881 1260 2149 1331 quasdam

564 1354 796 1410 haberet
825 1354 880 1408 in
916 1354 1091 1424 genis.
1120 1352 1222 1409 Ubi
1247 1370 1379 1426 ergo
1408 1364 1786 1427 cognoverunt
1814 1354 1975 1425 quem
2005 1372 2152 1424 qua»

568 1446 726 1500 rebat
756 1445 898 1515 (erat
935 1456 1118 1501 autem
1166 1447 1214 1501 is
1248 1448 1445 1521 tertius
1481 1447 1802 1503 monasterii
1831 1488 1845 1513 ,
1897 1462 2006 1500 non
2037 1449 2151 1517 pri-

571 1536 718 1609 mus)
742 1577 758 1600 ,
796 1538 1148 1592 adduxerunt
1178 1554 1303 1593 eum
1335 1539 1401 1593 ad
1434 1540 1717 1595 mulierem
1746 1580 1760 1604 ,
1811 1539 1972 1609 cujus
2000 1541 2149 1592 vultu

572 1631 642 1683 ah
665 1645 730 1683 ca
761 1630 945 1685 statim
976 1631 1184 1700 agnito,
1211 1632 1390 1686 malus
1416 1631 1630 1686 daemon
1668 1633 1976 1686 vocifcrans
2002 1632 2154 1699 puel-

573 1722 679 1775 lam
727 1722 973 1792 reliquit.
1009 1722 1339 1792 llnjnsmodi
1374 1724 1526 1778 fuere
1552 1726 1734 1793 magni
1766 1708 2032 1778 Marciani
2070 1725 2153 1777 di-

568 1812 911 1879 scipulorum
950 1811 1201 1867 facinora
1233 1830 1247 1867 :
1281 1813 1419 1868 tales
1455 1814 1675 1883 plantas
1714 1816 1956 1884 optimus
2000 1815 2148 1881 agri-

566 1904 691 1957 cola
747 1904 954 1974 ubique
989 1904 1235 1974 gentium
1292 1906 1636 1976 propagavit.
1694 1906 1807 1975 Ego
1848 1922 1980 1960 vero
2027 1906 2155 1961 huic

571 2012 765 2050 rursus
798 1996 1105 2052 narrationi
1138 1996 1314 2053 ﬁnem.
1343 1998 1670 2068 imponens,
1695 2012 1794 2052 oro
1813 2006 1866 2052 ct
1894 1999 2152 2063 obsecro,

571 2095 626 2141 ut
664 2089 858 2141 horum
888 2089 1134 2145 omnium
1177 2089 1576 2148 intercessione
1607 2091 1855 2147 divinum
1889 2092 2155 2147 auxilium

567 2178 866 2249 adipiscar.

1051 2473 1141 2528 IV.
1180 2505 1245 2515 —
1300 2474 1661 2533 EUSEBIUS.

640 2584 845 2650 Quales
892 2584 1003 2641 Deo
1050 2586 1265 2641 fructus
1316 2589 1508 2645 sterile
1538 2590 1827 2644 desertum
1866 2591 2155 2655 attulerit,

571 2678 935 2745 tempestivos
962 2685 1019 2734 et
1063 2686 1313 2735 maturos
1333 2720 1348 2745 ,
1382 2688 1437 2736 et
1479 2682 1775 2752 plantatori
1805 2700 1906 2740 suo
1930 2695 2119 2757 gratos
2141 2728 2154 2749 .

572 2769 1049 2841 prudentibusque
1099 2772 1235 2827 viris
1268 2774 1532 2832 amabiles
1579 2785 1634 2832 et
1689 2778 2059 2848 expetendos,
2099 2780 2156 2835 in

570 2861 970 2932 suprascriptis
1008 2865 1428 2923 narrationibus
1483 2869 1846 2926 ostendimus.
1903 2870 1982 2927 Ne
2034 2873 2161 2942 quis

568 2963 753 3009 autem
802 2952 924 3009 loco
966 2955 1453 3028 circumscriptam
1493 2975 1617 3016 esse
1661 2962 1918 3017 virtutem
1963 2964 2160 3019 existi-

567 3055 711 3113 met,
772 3048 1059 3120 solamque
1110 3051 1464 3108 solitudinem
1535 3053 1603 3108 ad
1656 3057 1794 3112 tales
1856 3066 2156 3127 proventus

567 3136 864 3205 idoneam,
924 3155 1025 3211 age
1074 3142 1382 3198 orationem
1435 3144 1699 3217 deinceps
1749 3150 1814 3202 ad
1877 3149 2157 3205 habitatas

2256 630 2347 667 σαι
2377 613 2654 683 ἐπαμῦναι
2686 616 2754 684 τῇ
2807 613 3045 685 θυγατρὶ
3104 613 3209 667 ὑπὸ
3254 613 3508 683 δαίμονος
3567 611 3856 683 πολεμου-

2255 705 2413 775 μένῃ.
2447 706 2619 775 Ὄναρ
2661 704 2789 774 γὰρ,
2834 705 3021 776 φησὶν,
3060 703 3390 775 ,ἐθεασάμην
3429 703 3553 758 τινὰ
3604 702 3855 757 ἐνταῦθα

2249 797 2475 867 δραμεῖν
2500 798 2919 868 παρεγγυῶντα,
2952 799 3047 850 καὶ
3068 798 3190 855 ταῖς
3223 797 3407 867 εὐχαῖς
3427 794 3520 849 τοῦ
3544 796 3643 867 τῆς
3654 794 3854 866 ,μονῆς

2251 893 2680 965 ἡγεμονεύοντος
2712 897 2779 965 τῇ
2825 894 3055 964 θυγατρὶ
3099 892 3322 965 πορίσαι
3382 892 3482 963 τὴν
3541 890 3852 962 σωτηρίαν.

2255 987 2449 1054 Ἔλεγε
2477 987 2654 1040 τοίνυν
2682 988 2711 1040 ό
2738 988 2838 1049 τὰς
2865 985 3190 1058 ἀποκρίσεις
3220 985 3548 1055 ποιούμενος
3568 1027 3583 1049 ,
3616 984 3693 1047 ὡς
3744 985 3845 1037 οὑκ

2251 1079 2336 1149 εἴη
2366 1078 2487 1141 ἔθος
2517 1078 2608 1130 τὸν
2638 1077 3079 1149 προστατεύοντα
3102 1077 3319 1146 γυναιξὶ
3346 1076 3694 1145 διαλέγεσθαι
3715 1093 3730 1107 ’
3768 1076 3853 1141 ὡς

2251 1167 2306 1220 δὲ
2333 1167 2587 1221 ἐπέκειτο
2621 1168 2934 1238 δακρύουσα
2979 1170 3012 1240 ή
3071 1168 3232 1239 γυνὴ,
3293 1167 3392 1221 καὶ
3443 1167 3849 1238 ὀλοφυρομένη,

2253 1260 2349 1314 καὶ
2384 1260 2600 1332 πικρῶς
2643 1260 3011 1330 ποτνιωμένη,
3042 1259 3333 1332 ἐξελήλυθε
3364 1261 3464 1331 μὲν
3490 1262 3521 1314 ὁ
3551 1261 3650 1332 τῆς
3675 1261 3855 1330 μονῆς

2255 1350 2844 1421 ἡγούμενοςοἜφασκε
2865 1353 2922 1406 δὲ
2951 1354 2986 1424 ἡ
3013 1351 3150 1424 γυνὴ
3176 1353 3251 1425 μὴ
3280 1352 3443 1407 αὑτὸν
3471 1348 3633 1416 εἶναι,
3656 1353 3855 1423 ἕτερον

2251 1443 2308 1496 δὲ
2336 1444 2471 1513 αὐτῇ
2506 1443 2886 1516 ὑποδειχθῆναι
2935 1444 3264 1517 ὑπέρυθρον,
3310 1445 3663 1517 ἐξανθήματά
3723 1463 3857 1500 τινα

2254 1537 2396 1590 κατὰ
2421 1537 2528 1590 τῶν
2559 1537 2803 1606 παρειῶν
2827 1537 3040 1608 ἔχοντα.
3078 1538 3165 1601 Ὧς
3204 1538 3261 1592 δέ
3306 1538 3550 1607 ἔγνωσαν
3597 1542 3686 1594 τὸν
3747 1542 3860 1611 ζη-

2253 1627 2538 1697 τούμενον,
2569 1628 2751 1697 τρίτος
2775 1624 2920 1699 δὲῆν
2950 1628 3052 1698 τῆς
3099 1627 3288 1698 μονῆς,
3332 1627 3446 1681 ἀλλ’
3493 1630 3555 1682 οὑ
3604 1629 3858 1701 πρῶτος,

2254 1718 2544 1783 πείσαντες
2576 1718 2740 1772 αὑτὸν
2768 1718 2977 1789 ἤγαγον
3007 1718 3143 1790 πιρδς
3162 1718 3260 1789 τὴν
3286 1722 3543 1789 γυναῖκα,
3571 1722 3668 1775 καὶ
3702 1739 3855 1790 παρ-

2255 1808 2455 1862 αυτίκα
2506 1809 2539 1879 ή
2579 1808 2677 1878 μὲν
2714 1809 2930 1878 ἐπέγνω
2966 1809 3029 1862 τὸ
3060 1809 3373 1881 πρόσωπον,
3430 1813 3459 1864 ὁ
3508 1811 3566 1865 δὲ
3612 1816 3860 1883 πονηρὸς

2257 1902 2468 1973 δαίμων
2493 1903 2693 1975 βοήσας
2726 1902 2826 1975 τὴν
2883 1904 3054 1975 κόρην
3103 1905 3387 1960 κατέλιπε.
3449 1905 3688 1960 Τοιαῦτα
3742 1905 3859 1959 τῶν

2256 1996 2351 2049 τοῦ
2383 1995 2619 2066 μεγάλου
2649 1993 2970 2067 Μαρκιανοῦ
3006 1995 3279 2067 φοιτητῶν
3301 1996 3373 2051 τὰ
3401 1990 3854 2069 ’κατορθώματαο

2261 2088 2479 2144 τοιαῦτα
2504 2089 2647 2159 φυτά
2675 2089 2948 2161 πανταχοῦ
2984 2090 3388 2159 κατεφύτευσεν
3412 2093 3441 2146 ὁ
3467 2091 3686 2162 ἄριστος
3746 2111 3859 2161 φυ-

2255 2181 2506 2252 τουργός.
2555 2179 2699 2249 Ἐγὼ
2715 2180 2771 2235 δὲ
2796 2182 2958 2236 πάλιν
2991 2182 3168 2253 τούτῳ
3217 2183 3373 2248 τέλος
3419 2183 3497 2255 τῷ
3544 2184 3861 2255 διηγήματι

2257 2270 2524 2336 δεδωκὼς,
2556 2270 2822 2325 ἀντιϐολῶ
2848 2274 2944 2328 καὶ
2968 2273 3160 2344 δέομαι
3179 2274 3269 2328 διὰ
3300 2274 3399 2345 τῆς
3438 2275 3679 2328 τούτων’
3712 2275 3862 2329 πάνυ

2257 2381 2365 2417 των
2394 2361 2692 2434 πρεσϐείας
2720 2364 2818 2434 τῆς
2849 2364 3000 2429 θείας
3032 2366 3354 2439 ἐπικουρίας
3372 2370 3576 2439 τυχεῖν.
3782 2366 3787 2369 Α

2774 2480 2826 2530 Δ⁹
2861 2508 2933 2519 -
2971 2479 3324 2536 ΕΥΣΕΒῘΟΣ.

2343 2596 2594 2662 Ὀποίους
2626 2596 2724 2668 μὲν
2753 2595 3060 2667 καρποὺςή
3095 2596 3345 2667 ἄκαρπος
3384 2598 3590 2668 ἕρημος
3618 2598 3694 2666 τῷ
3729 2598 3861 2671 Θεῷ

2259 2690 2682 2762 προσενήνοχεν,
2712 2687 2963 2761 ὠρίμους
2995 2689 3090 2742 καὶ
3143 2689 3441 2761 πεπείρους
3498 2691 3592 2743 καὶ
3626 2689 3705 2760 τῷ
3750 2708 3860 2759 φυ-

2256 2777 2474 2850 τουργῷ
2504 2778 2844 2851 προσφιλεῖς,
2870 2777 3113 2842 καὶτοῖς
3165 2774 3225 2833 εὖ
3273 2779 3531 2851 φρονοῦσι
3577 2778 3687 2833 τῶν
3753 2782 3856 2832 ἀν-

2258 2868 2495 2940 θρώπων
2537 2868 2835 2942 ἐρασμίους
2891 2870 2987 2923 καὶ
3038 2868 3435 2941 τριποθήτους,
3492 2871 3693 2934 ἐντοῖς
3746 2871 3855 2943 ἤδη

2260 2964 2655 3033 συγγραφεῖσιν
2683 2960 3042 3032 ὑπεδείξαμεν
3068 2961 3427 3033 διηγήμασιν.
3479 2962 3569 3027 Ὠς
3596 2964 3663 3017 ἀν
3689 2962 3748 3015 δὲ
3774 2963 3855 3033 μή

2258 3070 2340 3116 τις
2364 3052 2612 3125 ὑπολάϐῃ
2632 3054 2785 3125 τόπῳ
2830 3044 3278 3127 περιγεγράφθω
3323 3052 3423 3125 τὴν
3481 3053 3709 3125 ἀρετὴν,
3756 3056 3859 3108 καὶ

2263 3144 2431 3215 μόνην
2462 3138 2723 3215 εἶναιτὴν
2760 3145 2969 3218 ἔρημον
2999 3148 3083 3211 είς
3124 3144 3380 3217 τοιαύτης
3425 3144 3691 3218 προσόδου
3752 3162 3859 3214 φο-

565 3245 696 3286 oras
742 3242 1172 3300 convertamus,
1229 3252 1435 3305 easque
1483 3240 1843 3297 ostendamus
1895 3243 2152 3310 parandas

2262 3236 2360 3307 ράν
2410 3236 2725 3309 ἐπιτηδείαν
2761 3254 2775 3268 ·
2821 3238 2955 3310 φέρε
2992 3238 3182 3293 λοιπὸν
3239 3239 3322 3303 είς
3379 3237 3480 3310 τὴν
3523 3237 3859 3307 οἰκουμένην

567 3321 932 3397 philosOphiae
967 3325 1363 3396 impedimento
1403 3345 1511 3385 non
1548 3346 1692 3386 esse.

641 3521 795 3579 Mnus
824 3533 909 3583 cst
937 3529 1270 3598 praecelsus.
1302 3529 1613 3588 Antiochiae
1649 3533 1871 3604 quidem
1912 3536 2055 3594 situs
2085 3537 2153 3593 ad

566 3618 863 3679 orientem,
908 3611 1185 3675 Bcrrlraeaa
1231 3635 1363 3677 vero
1405 3622 1472 3677 ad
1518 3626 1893 3693 occidentem,
1936 3628 2152 3686 vicinos

567 3725 735 3779 supra
797 3720 1015 3768 montes
1074 3714 1357 3779 eminens.
1416 3718 1539 3772 coni
1592 3720 1820 3790 ﬁguram
1893 3737 2156 3793 supremo

566 3803 866 3860 cacumine
914 3803 1166 3860 referens
1190 3846 1205 3871 ,
1238 3807 1307 3863 ab
1337 3809 1632 3868 altitudine
1661 3827 1863 3870 nomen
1898 3814 2151 3871 sortitus.

567 3894 876 3964 (Tm-yphem
921 3896 1102 3961 enim,
1148 3896 1201 3953 id
1247 3907 1333 3955 est
1360 3902 1644 3968 verticem,
1676 3905 1954 3976 appellare
1977 3908 2156 3963 solent

567 3986 659 4055 qui
688 3987 897 4042 circum
919 3988 1192 4046 habitant.
1222 3993 1286 4048 In
1311 3993 1480 4065 hujus
1505 3995 1637 4051 olim
1687 4013 1904 4053 summo
1930 4002 1950 4021 ‘
2001 4001 2157 4072 apice

567 4076 834 4146 templum
871 4088 993 4133 erat
1021 4077 1367 4147 daemonum,
1417 4085 1618 4141 vicinis
1657 4087 1916 4158 gentibus
1962 4090 2157 4160 praaci-

568 4184 675 4236 pne
705 4171 1108 4226 venerandum.
1147 4169 1360 4231 Subtns
1411 4176 1479 4231 ad
1537 4162 1858 4243 meridiem,
1909 4181 1964 4234 in
1998 4180 2156 4236 sinus

569 4260 812 4328 speciem
889 4274 1217 4332 exporrecta
1284 4267 1575 4337 planities,
1630 4269 1838 4325 cubitis
1900 4274 2158 4342 utrinque

568 4368 679 4405 non
717 4352 1010 4409 admodum
1051 4356 1180 4413 altis
1223 4360 1652 4418 circumducta:
1695 4363 1908 4435 1151
1946 4368 2041 4435 qui
2088 4366 2157 4422 ad

566 4456 876 4512 equestrem
906 4463 1085 4519 usque
1128 4451 1272 4507 viam
1315 4454 1602 4523 protensi,
1644 4455 1807 4512 binas
1857 4458 2088 4514 semitas
2123 4473 2155 4513 a

2261 3328 2585 3401 μεταϐῶμεν
2610 3328 2689 3401 τῷ
2712 3329 2877 3401 λόγῳ,
2911 3330 3006 3384 καὶ
3039 3330 3305 3401 δείξωμεν
3342 3332 3410 3403 τῇ
3467 3329 3570 3400 τῆς
3628 3329 3855 3398 φιλοσο-

2257 3421 2387 3492 φίας
2418 3421 2610 3495 κτήσει
2635 3422 2838 3494 ἥκιστα
2856 3422 3061 3495 ταύτην
3090 3423 3343 3496 ἐμποδῶν
3376 3426 3690 3495 γινομένην.

2330 3536 2496 3607 Ὄρος
2531 3535 2680 3589 ἐστὶν
2713 3534 2935 3608 ὑψηλὸν,
2978 3537 3116 3609 πρὸς
3157 3536 3232 3592 ἕω
3264 3536 3362 3607 μέν
3408 3539 3506 3608 τῆς
3548 3536 3850 3608 Ἀντιόχου,

2256 3627 2481 3697 Βεροίας
2501 3628 2560 3682 δὲ
2598 3628 2736 3700 πρὸς
2769 3629 3010 3701 ἑσπέραν
3043 3629 3414 3701 διακείμενον,
3442 3628 3553 3688 τῶν
3582 3646 3848 3702 παρακει-

2259 3718 2440 3790 μένων
2464 3717 2607 3790 ὀρῶν
2643 3719 3066 3792 ὑπερκείμενον,
3094 3718 3242 3775 κατά
3279 3719 3377 3792 τὴν
3409 3721 3711 3789 ἀκροτάτην
3743 3737 3837 3773 κον

2258 3813 2436 3886 ρυφὴν
2461 3812 2742 3877 κωνοειδὲς
2776 3811 3117 3885 μιμούμενον
3150 3815 3362 3885 σχῆμα,
3392 3811 3507 3868 ἀπὸ
3538 3813 3637 3867 τοῦ
3676 3811 3842 3882 ὕψους

2254 3904 2355 3978 τὴν
2400 3905 2774 3979 προσηγορίαν
2830 3903 3161 3975 δεξάμενονο
3198 3906 3444 3977 κορυφὴν
3476 3904 3586 3976 γὰρ
3633 3904 3767 3958 αὐτὸ
3800 3908 3850 3957 οἱ

2258 4000 2531 4072 περίοικοι
2559 3998 2990 4075 προσαγορεύειν
3020 3996 3269 4053 εἰώθασι.
3293 3997 3499 4055 Τούτου
3525 3998 3696 4053 πάλαι
3729 4002 3852 4057 κατ’

2257 4090 2429 4165 αὐτὴν
2459 4090 2558 4163 τήν
2583 4091 2929 4162 ἀκρωνυχίαν
2963 4089 3190 4161 τέμενος
3215 4086 3281 4163 ἦν
3316 4090 3587 4163 δαιμόνων
3610 4091 3718 4145 ὑπὸ
3743 4091 3857 4147 τῶν

2259 4183 2677 4252 γειτονευόντων
2698 4182 2819 4237 λίαν
2855 4183 3167 4255 τιμώμενον
3191 4198 3205 4213 ⁸
3249 4183 3387 4255 πρὸς
3419 4183 3776 4256 μεσημϐρίαν
3798 4186 3857 4240 δὲ

2258 4276 2441 4329 πεδίον
2483 4276 2792 4341 κολποειδὲς
2830 4277 3247 4348 ὑπεστόρεσται,
3283 4276 3531 4346 ἀγκῶσιν
3568 4278 3856 4348 ἑκατέρω-

2259 4371 2351 4425 θεν
2397 4371 2458 4425 οὑ
2507 4371 2629 4426 λίαν
2685 4372 2915 4444 ὑψηλοῖς
2968 4372 3445 4446 περιειργόμενον.
3495 4372 3764 4443 Διήκουσι
3797 4372 3857 4427 δέ

2258 4461 2406 4522 οὗτοι
2439 4469 2607 4539 μέχρι
2631 4468 2732 4538 τῆς
2757 4467 3187 4539 διιππευομένης
3208 4466 3352 4531 ὁδοῦ,
3376 4465 3478 4530 τὰς
3505 4465 3859 4537 ἑκατέρωθεν

568 4537 802 4595 meridie
834 4540 890 4595 in
940 4544 1380 4613 septentrionem
1430 4547 1723 4604 tendentes
1753 4549 2057 4621 excipiunt.
2096 4550 2152 4606 In

2259 4561 2364 4614 ἀπὸ
2400 4537 2751 4632 μεσημϐρίας
2776 4561 2869 4613 ἐπὶ
2888 4560 2987 4631 τὴν
3013 4537 3215 4630 ἀρκτον
3240 4560 3688 4630 ἀνατεμνομένας
3712 4559 3854 4615 131:0.-

569 4630 671 4685 hac
696 4631 926 4701 planitie
959 4633 1164 4705 oppida
1199 4642 1330 4691 sunt
1356 4645 1411 4691 et
1440 4652 1638 4709 magna
1674 4645 1727 4693 ct
1757 4655 1926 4711 parva
1946 4681 1960 4705 ,
1993 4657 2152 4697 mon-

2259 4630 2538 4721 δεχόμενοι
2567 4630 2809 4723 τρίϐους.
2865 4630 2957 4705 Ἐν
2983 4650 3160 4723 τούτῳ
3192 4651 3369 4723 χωρία
3406 4652 3501 4705 καὶ
3543 4651 3720 4722 μικρὰ
3760 4650 3855 4704 καὶ

564 4723 716 4779 tibus
742 4726 871 4781 hinc
911 4726 1041 4782 inde
1071 4728 1426 4797 adiacentia:
1461 4729 1529 4784 ad
1564 4731 1742 4801 ipsius
1778 4750 1908 4789 vero
1939 4736 2151 4792 excelsi

571 4815 777 4871 montis
810 4816 1026 4872 radices
1053 4819 1210 4873 vicus
1234 4820 1507 4878 maximus
1534 4830 1589 4878 et
1617 4825 1951 4894 populnsus,
1986 4843 2149 4898 quem

563 4907 760 4963 incolae
804 4908 985 4980 patria
1034 4924 1172 4968 voce
1216 4911 1476 4969 Teledam
1532 4917 1846 4974 nominant.
1881 4917 2060 4990 Supra
2096 4921 2152 4974 in

563 4998 735 5055 latere
784 5002 987 5059 montis
1032 5004 1210 5060 saltus
1248 5005 1475 5062 minime
1515 5008 1757 5078 arduus,
1801 5012 1901 5067 sed
1956 5013 2153 5068 leniter

565 5089 800 5147 inﬂexus
818 5132 832 5157 ,
865 5093 1151 5163 planitiem
1178 5103 1344 5167 atque
1368 5105 1624 5154 austrum
1650 5110 1933 5169 spectans.
1958 5101 2015 5154 ln
2047 5102 2153 5155 hoc

563 5180 927 5253 philosophia:
949 5184 1200 5241 scholam
1230 5186 1560 5245 Ammianus
1599 5190 1825 5260 quidam
1853 5191 2154 5248 exstruxit.

562 5275 648 5327 \ir
679 5291 805 5331 cum
844 5278 971 5335 aliis
997 5277 1299 5335 virtutibus
1329 5280 1552 5345 clarus,
1582 5288 1698 5336 tum
1734 5282 2002 5353 singulari
2040 5297 2156 5334 mn-

563 5365 743 5423 destia
792 5371 1051 5430 omnibus
1098 5374 1464 5430 antecellens.
1510 5373 1685 5445 Cujus
1733 5377 1813 5430 rei
1839 5377 1944 5431 hoc
1985 5393 2155 5448 argu-

567 5464 811 5510 mentum
837 5468 960 5527 est,
1022 5464 1168 5532 quod
1223 5478 1352 5519 cum
1406 5464 1661 5520 doctrina
1717 5466 1984 5535 polleret,
2030 5486 2155 5538 quae

570 5560 674 5599 non
705 5547 883 5603 solum
916 5551 1038 5623 ejus
1070 5553 1397 5625 discipulis,
1436 5555 1535 5612 sed
1579 5556 1807 5612 totidem
1838 5558 1961 5616 aliis
1986 5562 2139 5617 sudi-

565 5650 692 5692 cerc
720 5647 946 5706 posset,
1000 5659 1146 5715 saepe
1189 5653 1375 5701 tamen
1419 5646 1486 5702 ad
1522 5661 1784 5718 magnum
1820 5649 1936 5706 ibat
1972 5652 2147 5710 Eusc—

561 5724 753 5792 binm,
794 5741 996 5797 rogans
1024 5747 1149 5785 eum
1199 5740 1365 5801 atque
1390 5736 1722 5800 obsecrans,
1769 5747 1829 5793 ut
1852 5739 2071 5811 adjutor
2094 5752 2150 5799 et

575 5816 871 5877 pn-dotriba
908 5835 971 5873 ac
1005 5822 1266 5890 magister
1301 5838 1421 5879 esse
1458 5826 1619 5880 vellet
1647 5829 1914 5895 palzcstrae
1935 5874 1947 5898 ,
1981 5851 2146 5905 quam

2261 4742 2473 4814 μεγάλα
2522 4742 2862 4815 κατῴκισται
2894 4746 3006 4808 τοῖς
3055 4743 3396 4816 ἑκατέρωθεν
3442 4743 3595 4816 ὄρεσι
3643 4761 3855 4815 συνημ-

2261 4833 2399 4905 μένα
2418 4851 2432 4865 °
2471 4837 2601 4908 παρ’
2630 4835 2770 4891 αὑτά
2808 4836 2865 4889 δὲ
2886 4833 2980 4889 τοῦ
3009 4835 3215 4906 ὑψηλοῦ
3249 4834 3411 4905 ὅρους
3444 4835 3514 4890 τὰ
3543 4833 3849 4905 κράσπεδα,

2255 4926 2418 5000 κώμη
2456 4928 2542 4992 τίς
2583 4930 2701 4982 ἐστι
2749 4928 2985 4998 μεγίστη
3039 4929 3136 4982 καὶ
3180 4927 3625 4999 πολυάνθρωπος,
3680 4930 3751 4999 τῇ
3796 4927 3846 4981 δὲ

2256 5021 2509 5093 ἐγχωρίῳ
2530 5025 2680 5094 φωνῇ
2709 5021 2942 5076 Τελεδᾶν
2980 5020 3151 5093 αὐτὴν
3177 5020 3556 5092 ὀνομάζουσιν.
3591 5020 3750 5073 Ἀνω
3797 5020 3854 5073 δὲ

2253 5112 2356 5179 τῆς
2391 5112 2673 5185 ὑπωρείας
2709 5112 2859 5184 νάπη
2909 5111 2994 5177 τίς
3043 5113 3192 5165 ἐστιν
3243 5110 3304 5164 οὐ
3349 5110 3472 5164 λίαν
3511 5110 3852 5180 προσάντης.

2253 5201 2392 5254 ἀλλά
2427 5202 2664 5274 μετρίως
2698 5200 2981 5272 ἐπικλινὴς
3030 5200 3259 5273 πρὸς-τὸ
3306 5199 3486 5253 πεδίον
3539 5200 3716 5257 ἐκεῖνο
3755 5201 3857 5250 καὶ

2253 5293 2407 5347 νότον
2458 5294 2661 5366 ἄνεμον
2715 5294 3126 5349 ἀποϐλέπουσα.
3171 5291 3260 5345 Ἐν
3305 5284 3481 5363 ταύτῃ
3525 5290 3855 5359 φιλοσοφίας

2256 5386 2673 5455 φροντιστήριον
2710 5384 3013 5457 Ἀμμιανός
3041 5401 3125 5448 τις
3158 5383 3431 5454 ἐδείματο,
3463 5383 3604 5453 ἀνὴρ
3632 5382 3857 5445 πολλοῖς

2259 5474 2358 5544 μὲν
2384 5474 2478 5528 καὶ
2512 5474 2692 5539 ἄλλοις
2713 5476 2917 5547 ἀρετῆς
2945 5474 3112 5528 εἴδεσι
3144 5473 3401 5543 λάμπων,
3444 5475 3757 5545 φρονήματι
3792 5474 3856 5527 δὲ

2257 5564 2338 5617 ὅτι
2369 5565 2603 5635 μάλιστα
2629 5566 2836 5637 μετρίῳ
2867 5567 2994 5629 τοὺς
3015 5564 3210 5629 ἄλλους
3230 5564 3595 5619 ἐπλεονέκτει.
3625 5564 3857 5635 Τεκμή-

2260 5670 2374 5727 ριον
2397 5655 2475 5719 δὲ,
2500 5655 2759 5726 ἀποχρῶν
2783 5656 2892 5727 γὰρ
2916 5657 2996 5720 είς
3022 5654 3367 5709 διδασκαλίαν
3395 5655 3457 5707 οὐ
3481 5657 3596 5718 τοῖς
3618 5654 3849 5715 οἰκείοις

2259 5746 2420 5815 μόνον
2454 5744 2770 5812 θιασώταις.
2819 5747 2955 5801 ἀλλά
3006 5750 3098 5801 καὶ
3135 5748 3215 5812 δὶς
3268 5746 3541 5810 τοσούτοις
3588 5747 3847 5817 ἐξαρκεῖν

2258 5837 2574 5907 δυνάμενος,
2619 5842 2712 5895 καὶ
2750 5841 3007 5905 πολλάκις
3068 5840 3198 5911 πρὸς
3229 5841 3319 5893 τὶν
3377 5839 3551 5909 μέγαν
3584 5837 3845 5893 Εὑσέϐιον
