4030 6412
208 401 347 467 ΒΗ

1442 413 1852 475 RELIGIOSA
1892 418 2284 481 HISTORIA.

3355 425 3375 489 Ῑ
3388 426 3495 490 3όὲ

198 520 435 588 ἔδραμε,
463 518 724 590 συνεργὸν
751 519 936 574 λαϐεῖν
964 521 1242 586 ἱκετεύων,
1271 521 1363 575 καὶ
1385 525 1483 595 τῆς
1507 524 1598 577 ὑπ’
1624 507 1792 579 αὐτοῦ

1904 529 2251 586 fundaverat.
2286 533 2489 589 Aberat
2524 540 2709 586 autem
2755 532 2954 587 stadiis
2989 533 3178 603 Viginti
3212 537 3481 607 qiiinqnc.

200 611 486 680 παγείσης
531 611 871 680 παλαίστρας
910 612 1259 684 παιδοτρίϐην
1301 630 1360 666 τε
1400 615 1495 667 καὶ
1526 614 1789 669 διδάσκα-

197 702 320 756 λον.
365 701 713 771 Ἀφειστήκει
742 702 798 755 δὲ
831 703 1085 767 σταδίους
1135 704 1297 758 πέντε
1336 706 1431 758 καὶ
1462 704 1689 768 εἴκοσιν.
1732 710 1793 764 ἐν

197 792 473 862 οἰκήματι
505 793 726 865 σμικρῷ
756 812 861 847 τινι
887 794 1026 857 λίαν,
1061 796 1181 848 οὐδὲ
1226 798 1596 866 φωταγωγοῦς
1617 797 1795 867 ἔχοντι

197 882 631 953 καθειργμένος.
697 886 1038 957 Ἐποδήγησε
1091 886 1148 940 δὲ
1203 887 1363 940 αὑτὸν
1407 888 1544 959 πρὸς
1587 887 1794 958 ταύτην

198 974 305 1045 τὴν
329 975 535 1046 ἀρετὴν
561 976 843 1047 Μαριανὸς
870 979 898 1030 6
921 976 1112 1031 τούτου
1141 978 1239 1048 μὲν
1264 978 1425 1041 θεῖος,
1455 978 1550 1031 τοῦ
1574 978 1631 1033 δὲ
1657 979 1793 1032 Θεοῦ

198 1065 401 1129 πιστὸς
442 1065 720 1137 θεράπων.
762 1070 954 1138 Ἀρκεῖ
1004 1068 1114 1141 γὰρ
1153 1069 1405 1122 τοσοῦτον
1441 1071 1637 1135 εἰπεῖν,
1670 1070 1795 1123 ἐπεὶ

198 1158 295 1209 καὶ
328 1158 538 1227 Μωσῆν
566 1159 660 1211 τὸν
689 1158 864 1229 μέγαν
890 1164 955 1231 τῇ
980 1162 1266 1232 ἐπωνυμίᾳ
1302 1160 1477 1234 ταύτῃ
1499 1162 1797 1232 τετίμηκεν

195 1249 227 1301 6
250 1248 557 1319 Δεσπότης.
583 1241 752 1313 Οὗτος
778 1252 807 1302 6
829 1252 1131 1322 Μαρια-δὸς,
1160 1251 1254 1306 τοῦ
1282 1253 1427 1305 Θείου
1459 1254 1796 1320 γευσάμενος

198 1338 432 1410 ἔρωτος,
466 1342 566 1393 οὐκ
610 1340 849 1413 ἠθέλησε
887 1342 1045 1412 μόνος
1090 1346 1200 1407 τοῖς
1235 1345 1459 1412 ἀγαθοῖς
1502 1344 1795 1413 ὲντρυφᾷν,

198 1424 344 1480 ἀλλὰ
374 1425 610 1488 πολλοὺς
638 1428 737 1498 μὲν
760 1428 855 1483 καὶ
884 1429 1076 1495 ἀλλους
1105 1432 1446 1504 συνσραστάς
1478 1433 1797 1502 ἐποιήσατο,

201 1517 477 1587 ἑθήρευσε
504 1518 561 1572 δὲ
591 1520 690 1574 καὶ
719 1520 812 1576 τὸν
849 1522 1023 1592 μέγαν
1052 1525 1335 1590 Εὑσέϐιον,
1366 1527 1460 1579 καὶ
1488 1525 1581 1579 τὸν
1607 1524 1796 1578 τούτου

206 1607 458 1677 ἀδελφὸν,
502 1610 598 1663 καὶ
636 1610 780 1664 κατὰ
832 1611 926 1666 τὸν
966 1611 1081 1682 βίον
1109 1614 1239 1668 ὄντα
1268 1631 1330 1683 γε
1381 1614 1632 1682 ἀδελφόν.
1684 1612 1799 1665 Οὐκ

201 1697 429 1766 εὔλογον
461 1698 570 1770 γάρ
601 1699 780 1772 ᾠήθη,
805 1702 931 1766 τοὺς
958 1703 1059 1773 μὲν
1084 1705 1236 1758 οὐδὲν
1265 1705 1414 1776 αὐτῷ
1443 1704 1800 1775 διαφέροντας

200 1788 481 1860 ἀγρεῦσαι
512 1789 652 1860 πρὸς
679 1791 910 1861 ἀρετὴν,
940 1794 1066 1857 τοὺς
1095 1793 1154 1849 δὲ
1186 1794 1501 1864 ἀδελφιδοῦς
1531 1792 1800 1864 ἀναγρεύ-

1901 636 2072 692 parvo
2118 629 2173 676 et
2224 623 2346 678 sine
2408 621 2670 679 fenestris
2724 623 2976 679 inclusus
3013 624 3354 680 habitacula.
3412 626 3490 680 Ad

1905 713 2048 767 hanc
2078 729 2246 806 porr'o
2302 714 2457 770 illum
2523 717 2784 771 virtutem
2841 716 3151 771 deduxerat
3211 716 3493 773 Marianus

1900 807 2078 877 ipsius
2109 817 2379 879 patruus,
2413 809 2589 865 ﬁdelis
2622 808 2717 864 Dei
2747 808 2988 864 famulus
3026 827 3039 863 :
3074 809 3179 863 hoc
3210 810 3357 864 enim
3405 810 3492 864 di-

1902 915 2030 955 cere
2081 909 2166 955 sat
2198 901 2402 967 fuerit,
2436 915 2563 957 cum
2609 916 2868 970 magnum
2894 895 3115 973 quoque
3149 900 3355 957 Mosem
3387 902 3495 957 Do-

1900 993 2085 1047 minus
2119 992 2222 1046 hoc
2270 993 2493 1048 nomine
2535 992 2863 1047 honestarit.
2905 993 3186 1049 Marianus
3215 994 3304 1048 hic
3342 992 3491 1048 divi-

1898 1098 2029 1137 num
2079 1099 2321 1138 amorem
2350 1099 2472 1138 cum
2518 1085 2902 1155 degustasset,
2952 1087 3106 1143 solus
3154 1086 3314 1142 bonis
3364 1085 3473 1140 frui

1900 1174 2081 1228 noluit
2110 1193 2124 1229 :
2178 1174 2274 1229 sed
2300 1184 2356 1229 et
2391 1175 2530 1229 alios
2574 1176 2782 1230 multos
2813 1176 2871 1230 in
2899 1190 3088 1230 amore
3124 1176 3308 1232 socios
3336 1176 3486 1230 asci-

1897 1266 2014 1329 vit,
2060 1275 2115 1321 et
2149 1282 2408 1336 magnum
2453 1268 2618 1323 simul
2655 1266 2953 1323 Eusebium
2977 1307 2992 1332 ,
3024 1275 3191 1336 atque
3221 1268 3339 1337 ejus
3374 1267 3490 1321 fra-

1899 1365 2071 1419 trem.
2105 1357 2257 1413 illius
2289 1359 2455 1413 etiam
2483 1361 2591 1414 vita
2629 1375 2752 1414 vere
2793 1360 3018 1414 fratrem
3055 1359 3265 1415 allcxit.
3301 1358 3491 1430 Neque

1900 1452 2043 1505 enim
2098 1460 2532 1507 consentaneum
2590 1452 2959 1523 existimavit,
3012 1459 3069 1504 ut
3117 1464 3212 1505 eos
3270 1452 3365 1520 qui
3417 1449 3486 1503 ad

1902 1545 2081 1612 ipsum
2157 1544 2293 1598 nihil
2359 1546 2661 1598 attinerent
2729 1543 2985 1597 incitaret
3053 1541 3119 1596 ad
3184 1541 3487 1605 virtutem,

1904 1633 2092 1688 fratris
2151 1649 2281 1688 vero
2353 1635 2498 1688 filios
2545 1650 2654 1687 non
2719 1636 2872 1688 item.
2935 1632 3043 1689 llos
3102 1649 3232 1703 ergo
3292 1632 3489 1687 ambos

1902 1723 2100 1777 cellula
2155 1723 2403 1779 inclusos
2453 1723 2666 1793 1152
2710 1725 2971 1793 angelica:
3020 1724 3147 1777 vita:
3202 1722 3493 1792 pra-copti:

1903 1816 2211 1871 erudiebat.
2250 1816 2357 1872 Sed
2389 1819 2614 1871 morbus
2666 1816 2892 1871 fratrem
2948 1814 3217 1907 ipvadens
3265 1826 3493 1869 cursum

200 1896 329 1945 τους
379 1880 723 1935 καταλιπεῖν.
782 1884 1020 1949 Τούτους
1072 1886 1417 1956 ἀμφοτέρους
1458 1888 1521 1938 ἐν
1562 1885 1791 1954 οἰκίσκῳ

1904 1907 2225 1978 interrupit,
2255 1909 2627 1976 morbumque
2657 1921 2809 1963 mors
2839 1914 2925 1961 est
2962 1880 3261 1963 consecuta
3294 1924 3310 1961 :
3355 1919 3496 1974 pau-

200 1971 500 2042 καοείρξας
537 1972 755 2045 βραχεῖ,
776 1974 871 2045 τήν
897 1976 1199 2046 ἀγγελικὴν
1230 1978 1507 2031 πολιτείαν
1541 1977 1793 2031 ἐπαίδευ-

202 2081 322 2119 σεν.
358 2067 525 2121 Ἀλλὰ
566 2068 646 2140 τῷ
686 2069 786 2140 μὲν
816 2070 1033 2142 ἀδελφῷ
1072 2072 1228 2137 νόσος
1261 2074 1673 2145 προσγενομένη
1700 2072 1791 2126 τὸν

1902 2000 2163 2125 (gsnenim
2191 2006 2315 2070 post
2347 1998 2543 2054 diebus
2575 2014 2741 2070 quam
2765 1999 3294 2054 illinc-abscesserat
3323 1995 3492 2051 vitam

1949 2086 2024 2124 nn
2058 2110 2073 2125 .

1949 2086 2073 2125 lllll.

199 2162 406 2234 δρόμον
454 2166 662 2220 ἐκεῖνον
707 2166 990 2237 διέκοψεν·
1031 2169 1318 2238 ἠκολούθει
1354 2170 1412 2223 δὲ
1446 2173 1515 2243 τῇ
1549 2169 1692 2242 νόσῳ
1722 2170 1818 2224 καὶ
1864 2169 1893 2223 6
1923 2166 2189 2231 θάνατος·
2220 2165 2409 2234 ὀλίγας
2446 2164 2558 2236 γάρ
2599 2164 2739 2237 μετὰ
2776 2164 2876 2237 τὴν
2908 2164 3116 2219 ἐκεῖθεν
3167 2164 3344 2232 ἔξοδον
3371 2162 3491 2217 δια-

202 2252 414 2320 suam
445 2258 682 2328 ἡμέρας,
713 2256 810 2311 τοῦ
847 2258 964 2329 βίου
995 2259 1058 2313 τὸ
1084 2259 1241 2324 τέλος
1270 2260 1512 2327 ἐδέξατο.

273 2349 524 2417 Διέμεινε
578 2351 635 2404 δὲ
683 2352 713 2404 6
758 2350 931 2423 μέγας
981 2353 1241 2418 Εὐσέϐιος
1289 2354 1441 2428 παρὰ
1472 2353 1648 2409 πάντα
1695 2351 1792 2409 τοῦ

1967 2349 2280 2408 Permansit
2344 2359 2532 2407 autem
2599 2366 2832 2423 magnus
2905 2350 3176 2406 Eusebius
3244 2348 3491 2421 quandiu

204 2439 358 2494 θείου
390 2440 484 2495 τὸν
537 2443 674 2513 βίον,
722 2445 845 2499 οὔτε
893 2445 1032 2517 πρός
1069 2463 1192 2501 τινα
1237 2447 1641 2519 διαλεγόμενος,
1672 2445 1794 2500 οὔτε

1904 2449 2134 2512 patruus
2170 2443 2331 2510 vixit,
2368 2457 2469 2498 nec
2493 2443 2587 2497 ulli
2630 2444 2882 2512 loquens,
2925 2458 3027 2498 nec
3056 2442 3234 2497 lucem
3285 2440 3493 2511 aspici-

205 2529 266 2590 τὸ
302 2530 423 2598 φῶς
456 2532 752 2604 θεώμενος,
787 2536 922 2590 ἀλλὰ
945 2536 1210 2607 διηνεκῶς
1243 2527 1659 2611 καθειργμένος.
1684 2537 1797 2593 Καὶ

1904 2549 2018 2600 ens,
2050 2534 2146 2590 sed
2176 2542 2441 2605 perpetuo
2476 2535 2749 2590 inclusus.
2795 2535 2860 2590 Et
2911 2545 3037 2605 post
3075 2534 3227 2589 illius
3271 2549 3495 2605 quoque

210 2623 350 2692 μετά
384 2624 483 2695 τὴν
535 2627 746 2684 ἐκείνου
776 2629 834 2682 δὲ
865 2629 1123 2701 τελευτὴν
1156 2630 1344 2683 τοῦτον
1388 2632 1676 2702 ἠσπάσατο
1707 2629 1797 2683 τὸν

1904 2633 2160 2689 mortem,
2194 2623 2445 2679 eamdem
2477 2624 2644 2676 vitam
2696 2622 2902 2697 duxit,
2934 2622 3111 2677 donec
3150 2622 3494 2677 admirabilis

208 2713 344 2785 βίον,
390 2693 495 2780 Eu);
546 2719 574 2771 6
614 2717 918 2790 θαυμάσιος
963 2693 1173 2786 ἐκεῖνος
1232 2693 1530 2793 Ἀμμιανδς
1576 2721 1799 2785 πολλαῖς

1904 2715 2344 2772 illeAmmianus
2381 2716 2570 2770 multis
2620 2693 3202 2785 precibus‘delinitum
3259 2713 3493 2769 inﬂexit.

211 2806 379 2860 αὑτὸν
436 2809 777 2877 καταθέλξας
820 2811 1055 2876 ἱκεσίαις
1105 2812 1426 2867 ἀνέπεισεν·
1460 2833 1478 2866 ι
1512 2813 1645 2867 Είπὲ
1691 2813 1800 2884 γάρ

212 2911 324 2966 μοι,
368 2896 507 2968 πρὸς
550 2899 718 2952 αὑτὸν
764 2900 891 2973 ἔφη,
925 2895 971 2955 ὦ
1007 2902 1221 2973 ἄριστε,
1264 2903 1371 2958 τίνι
1405 2903 1640 2974 νομίζων
1668 2903 1800 2974 ἀρέ-

210 3004 368 3042 σκειν
402 2991 495 3043 τὸν
525 2992 784 3045 ἐπίπονον
831 2992 1024 3046 τοῦτον
1062 2995 1157 3047 καὶ
1189 2995 1474 3066 αὐχμηρὸν
1507 2993 1803 3066 μετελήλυ-

208 3081 304 3145 οας
339 3082 477 3153 βίον.
510 3105 529 3136 ι
566 3085 671 3141 Τοῦ
703 3085 759 3140 δὲ
790 3106 808 3137 ι
848 3087 937 3147 τὸν
963 3086 1117 3150 Θεὸν,
1147 3088 1221 3152 ὡς
1250 3088 1396 3152 είκός
1414 3085 1504 3160 ἦν,
1529 3086 1800 3160 δήπουθεν

206 3174 518 3246 εἰρηκότος.
544 3176 637 3229 τὸν
683 3179 779 3235 καὶ
818 3178 918 3246 τῆς
963 3178 1166 3249 ἀρετῆς
1200 3181 1498 3251 νομοθέτην
1531 3181 1628 3235 καὶ
1654 3180 1796 3234 διδά-

210 3266 411 3321 σκαλον
432 3285 443 3295 ·
478 3288 497 3319 ι
523 3269 753 3334 Οὐκοῦν,
793 3270 984 3342 ἐπειδὴ
1015 3274 1204 3327 τούτου
1248 3274 1403 3344 ἐρᾷς,
1433 3276 1462 3327 6
1499 3273 1800 3344 ’Δμμιανδς

207 3356 332 3427 εφη,
366 3358 482 3427 ἐγώ
523 3376 607 3413 σοι
637 3361 841 3432 τρόπον
867 3362 1141 3427 ἐπιδείξω,
1173 3364 1241 3417 δι’
1268 3357 1330 3417 οὗ
1379 3364 1593 3419 καὶτὸν
1623 3365 1800 3437 ἔρωτα

210 3448 394 3507 ⁴ιιλεῖον
423 3448 668 3519 ἐξάψεις,
705 3452 800 3504 καὶ
842 3451 934 3509 τὸν
978 3452 1256 3525 ἐρώμενον
1306 3453 1687 3526 θεραπεύσεις.
1726 3455 1801 3517 Τὸ

209 3539 307 3609 μὲν
334 3538 449 3612 γὰρ
474 3542 655 3594 πᾶσαν
685 3544 765 3606 είς
796 3543 989 3598 ἑαυτόν
1020 3561 1144 3598 τινα
1173 3546 1502 3616 περιστῆσαι
1529 3547 1630 3618 τὴν
1665 3548 1788 3599 ἑπι-

209 3631 463 3699 μέλειαν,
491 3634 593 3685 οὐκ
627 3632 718 3701 ἂν,
748 3634 822 3698 ὡς
859 3630 1036 3707 οἶμαι,
1071 3635 1356 3704 φιλαυτίας
1385 3636 1640 3706 διαφύγοι
1663 3653 1795 3707 γρα-

209 3728 339 3795 φήν.
378 3724 439 3779 Ὀ
467 3726 579 3797 γὰρ
610 3726 751 3790 θεῖος
794 3727 959 3798 νόμος
985 3729 1209 3801 ἀγαπᾷν
1233 3729 1327 3783 τὸν
1353 3730 1524 3785 πέλας
1561 3731 1636 3793 ὡς
1669 3731 1800 3784 ἑαυ-

204 3818 300 3875 τὸν
352 3816 702 3889 διαγορεύει·
758 3819 819 3873 τὸ
861 3819 917 3873 δὲ
967 3820 1196 3886 πολλοὺς
1243 3824 1323 3886 είς
1372 3822 1655 3875 κοινωνίαν
1704 3823 1799 3876 τοῦ

206 3907 448 3965 πλούτου
474 3907 685 3975 λαϐεῖν,
715 3910 811 3964 τοῦ
842 3911 944 3982 τῆς
968 3912 1191 3982 ἀγάπης
1225 3912 1340 3966 ἐστὶ
1376 3911 1800 3980 κατορθώματος

206 4000 369 4061 ῐδιον.
399 4000 621 4072 Ταύτην
654 4002 711 4055 δὲ
743 4004 785 4056 ’ό
835 4002 1123 4068 θεσπέσιος
1153 4004 1365 4068 Παῦλος
1404 4024 1423 4056 ί
1453 4005 1620 4076 νόμου
1661 4005 1800 4076 πλή-

212 4107 378 4162 ρωμα
416 4111 433 4142 ι
488 4094 936 4165 προσηγόρευσε·
978 4096 1076 4166 βοᾷ
1104 4095 1162 4149 δὲ
1209 4097 1302 4148 καὶ
1351 4096 1514 4167 πάλιν
1552 4099 1579 4150 6
1611 4096 1797 4167 λόγος·

221 4201 241 4233 ι
271 4184 332 4235 ’0
359 4183 526 4254 νόμος
557 4185 653 4237 καὶ
685 4185 737 4237 οἱ
776 4186 1056 4258 προφῆται
1094 4188 1151 4239 έν
1195 4186 1370 4257 τούτῳ
1392 4186 1469 4258 τῷ
1497 4186 1642 4259 λόγῳ
1670 4188 1800 4242 ἀναο

219 4275 668 4344 κεφαλαιοῦνται,
712 4278 771 4331 ὲν
818 4278 896 4349 τῷ
939 4279 1275 4350 Ἀγαπήσεις
1318 4279 1410 4332 τὸν
1442 4279 1671 4352 πλησίον
1707 4299 1802 4336 σου

211 4368 289 4431 ὼς
318 4369 534 4423 ἑαυτόν.
560 4389 578 4421 ι
607 4370 717 4423 Καὶ
748 4372 777 4424 6
812 4370 1014 4442 Κύριος
1038 4371 1096 4424 δὲ
1127 4373 1185 4426 ὲν
1214 4375 1324 4436 τοῖς
1358 4373 1524 4445 ἱεροῖς
1553 4374 1802 4444 Εὑαγγε-

211 4457 351 4522 λίοις
377 4458 458 4529 τῷ
491 4460 686 4533 Πέτρῳ
720 4461 883 4514 πλέον
911 4461 1020 4515 τῶν
1048 4461 1224 4516 ἄλλων
1255 4463 1430 4531 φιλεῖν
1463 4463 1628 4518 αὑτὸν
1655 4464 1804 4536 ὡμο-

1911 2826 1931 2859 ‹
1968 2806 2067 2864 Dic
2091 2809 2236 2882 enim
2272 2808 2428 2871 mihi,
2466 2809 2667 2873 aiebat,
2691 2821 2725 2860 o
2747 2807 2892 2861 bone
2915 2808 3021 2869 vir,
3048 2808 3067 2827 ‘
3101 2807 3325 2861 cuinam
3377 2805 3496 2875 pla-

1905 2900 2280 2958 cerestudens
2334 2900 2667 2955 laboriosam
2700 2908 2754 2955 et
2778 2899 3089 2968 squalidam
3154 2899 3294 2953 hanc
3321 2898 3493 2951 vitam

1903 2993 2165 3064 elegisti‘l
2210 3012 2230 3045 ι
2265 2990 2333 3047 Et
2357 3007 2484 3046 cum
2510 2992 2622 3056 ille,
2653 2999 2713 3046 ut
2763 3006 2863 3059 par
2902 2999 3044 3052 erat,
3087 2989 3491 3059 respondisset,

1912 3105 1930 3138 ι
1970 3085 2082 3141 Deo
2142 3084 2237 3155 qui
2298 3083 2528 3140 virtutis
2580 3091 2665 3138 est
2698 3081 2983 3152 Iegislator
3018 3091 3075 3135 et
3129 3078 3414 3150 magister.
3467 3096 3486 3130 ι

1888 3164 2175 3245 \Quoniam
2198 3192 2331 3250 ergo
2369 3177 2520 3233 hunc
2550 3190 2725 3239 amas,
2768 3174 2947 3245 inquit
2981 3172 3329 3237 Ammianus,
3391 3186 3496 3241 ego

1904 3272 2001 3325 tibi
2033 3271 2179 3325 viam
2219 3269 2536 3329 ostendam.
2569 3283 2667 3338 per
2693 3282 2861 3336 quam
2888 3276 2942 3323 et
2980 3266 3272 3321 ardentius
3324 3278 3495 3329 ames,

1899 3370 1956 3418 et
1980 3362 2061 3416 illi
2083 3362 2295 3417 servias
2332 3374 2497 3430 quem
2521 3374 2701 3413 amas.
2739 3356 2876 3412 Nam
2915 3356 3173 3427 quisquis
3226 3355 3336 3409 sibi
3390 3354 3495 3410 soli

1899 3454 2169 3519 consulit,
2200 3453 2383 3507 nimia:
2422 3467 2538 3507 suae
2578 3450 2759 3521 ipsius
2814 3464 2965 3504 cura:
3014 3464 3129 3503 non
3180 3455 3386 3518 potest,
3438 3456 3500 3499 ut

1901 3548 2121 3618 Opinor,
2158 3545 2645 3615 reprehensionem
2694 3541 2959 3611 elfugere.
3008 3539 3173 3595 lubet
3224 3541 3370 3594 enim
3410 3538 3499 3592 lex

1899 3635 2085 3691 divina
2122 3634 2438 3704 proximum
2471 3646 2661 3685 amare
2693 3637 2752 3683 ut
2783 3630 3031 3699 seipsum
3067 3628 3296 3683 :multis
3311 3635 3495 3680 autem

1901 3741 2038 3796 opes
2104 3738 2238 3777 suas
2305 3721 2756 3784 communicare,
2816 3718 3103 3787 proprium
3151 3726 3237 3771 est
3292 3731 3498 3770 munus

1901 3814 2211 3878 charitatis,
2243 3826 2410 3882 quam
2449 3810 2676 3864 divinus
2701 3808 2908 3863 Paulus
2946 3807 2965 3846 ί
3010 3826 3029 3860 ι
3075 3808 3213 3877 legis
3240 3807 3496 3876 plenitu-

1901 3908 2085 3961 dinem
2138 3924 2159 3958 ι
2236 3902 2583 3973 appellavit,
2649 3900 2908 3969 idemque
2962 3914 3161 3957 rursus
3223 3899 3430 3952 clamat
3478 3916 3491 3952 :

1908 4016 1926 4048 ι
1966 3996 2102 4049 Tota
2146 3995 2228 4049 lex
2261 3992 2695 4062 etprophettein
2723 3992 2825 4045 hoc
2848 4004 3109 4045 sermone
3133 3989 3187 4044 in
3214 4003 3494 4043 summam

1900 4089 2232 4157 rediguntur
2280 4106 2293 4140 :
2348 4084 2553 4155 Diliges
2603 4084 2914 4159 proximum
2982 4089 3142 4136 tuum
3213 4081 3359 4136 sicut
3416 4087 3498 4135 te-

1905 4183 2085 4251 ipsum
2114 4189 2163 4237 ε.
2205 4200 2224 4231 ι
2261 4177 2526 4234 Dominus
2554 4192 2777 4247 quoque
2814 4176 2872 4230 in
2912 4175 3091 4231 sacris
3123 4171 3437 4243 Evangeliis
3465 4173 3491 4212 ιι

1905 4271 2090 4334 Petro,
2121 4271 2215 4340 qui
2246 4285 2306 4325 se
2347 4268 2500 4321 illum
2556 4281 2669 4337 prae
2715 4265 2931 4321 caeteris
2967 4278 3157 4319 amare
3210 4260 3496 4334 professus

1905 4372 2048 4428 erat,
2091 4378 2320 4433 pascere
2376 4376 2509 4416 oves
2558 4374 2689 4417 suas
2752 4357 3035 4430 prazcepit.
3074 4355 3183 4412 Eos
3221 4371 3356 4411 vero
3397 4354 3497 4424 qui

1907 4458 2022 4511 haec
2052 4456 2333 4525 negligunt
2357 4454 2654 4523 increpans
2677 4467 2773 4522 per
2798 4450 3124 4523 prophetam
3154 4448 3292 4505 dicit
3326 4467 3338 4503 :
3381 4466 3398 4499 ι
3439 4447 3485 4503 Ο

209 4549 513 4620 λογηκότι,
569 4552 884 4622 ποιμαίνειν
933 4554 1098 4608 αὑτοῦ
1150 4554 1221 4608 τὰ
1282 4555 1531 4628 πρόϐατα
1579 4572 1799 4627 παρηγ-

1909 4555 2181 4619 pastores,
2211 4544 2459 4617 nunquid
2488 4552 2739 4616 pastores
2762 4544 2977 4613 seipsos
2997 4548 3256 4613 pascunt,
3284 4539 3496 4611 1153

214 4642 425 4713 γύησε·
462 4645 574 4707 τοῖς
610 4643 668 4697 δὲ
703 4643 863 4699 τοῦτο
908 4643 984 4715 μὴ
1020 4645 1380 4716 πεποιηκόσιν
1422 4646 1671 4715 ἐγκαλῶν
1711 4647 1801 4702 διὰ

209 4731 307 4787 τοῦ
341 4734 629 4805 προφήτου
683 4734 784 4807 βοᾷ
805 4752 819 4766 ·
853 4755 872 4788 ι
898 4730 969 4790 Ὦ
999 4736 1048 4791 οἱ
1076 4735 1359 4805 ποιμένες,
1393 4735 1469 4807 μὴ
1502 4736 1731 4800 ἑαυτοὺς
1755 4739 1803 4790 οί

210 4825 482 4896 ποιμένες
545 4825 863 4896 βόσκουσιν,
911 4827 1033 4897 οὐχὶ
1073 4826 1145 4879 τὰ
1189 4826 1435 4898 πρόϐατα
1486 4826 1748 4898 νέμουσι;
1780 4849 1798 4881 ι

209 4916 425 4970 Τούτου
463 4917 624 4989 χάριν
648 4920 743 4973 καὶ
774 4919 865 4973 τὸν
898 4920 1073 4989 μέγαν
1117 4918 1305 4973 Ἠλίαν
1330 4918 1520 4973 τοῦτον
1549 4920 1805 4990 μετιόντα

206 5011 309 5069 τὸν
342 5007 457 5079 βίον
487 5009 546 5060 ὲν
595 5007 745 5079 μέσῳ
770 5008 1103 5081 στρέφεσθαι
1123 5007 1231 5061 τῶν
1282 5008 1496 5062 ἀσεϐῶν
1526 5008 1802 5065 ἐκέλευσε.

210 5100 330 5155 Καὶ
371 5098 465 5152 τὸν
510 5097 765 5168 δεύτερον
813 5098 1033 5165 Ἠλίαν,
1063 5098 1315 5170 Ἰωάννην
1358 5099 1452 5152 τὸν
1497 5098 1661 5165 πάνυ,
1705 5099 1805 5171 τὴν

213 5194 430 5261 ἐρημον
452 5187 856 5260 ἀσπαζόμενον,
879 5190 1001 5253 ταῖς
1026 5188 1121 5244 τοῦ
1156 5189 1419 5262 Ἰορδάνου
1442 5190 1806 5262 παρέπεμψεν

214 5281 435 5351 δχοαις,
465 5283 582 5335 ἐκεῖ
606 5280 891 5352 βαπτίζειν
923 5282 1017 5337 καὶ
1056 5281 1355 5354 κηρύσσειν
1390 5286 1805 5355 παρεγγυήσας.

228 5374 456 5446 Ἐπειδὴ
504 5373 685 5427 τοίνυν
732 5375 826 5428 καὶ
866 5375 931 5427 σὺ
968 5373 1170 5444 θερμὸς
1209 5374 1445 5447 ἐραστὴς
1476 5371 1527 5428 εἴ
1564 5376 1660 5429 τοῦ
1711 5394 1804 5429 πε-

218 5464 518 5533 ποιηκότος
543 5462 638 5515 καὶ
684 5463 986 5528 σεσωκότος
1018 5462 1177 5528 Θεοῦ,
1207 5463 1435 5528 πολλοὺς
1474 5466 1567 5517 καὶ
1617 5464 1807 5529 ἄλλους

219 5554 747 5624 συγκατασκεύασον
781 5554 1035 5626 ἐραστάς.
1070 5553 1240 5608 Τοῦτο
1265 5558 1384 5627 γάρ
1400 5555 1476 5626 τῷ
1503 5556 1670 5627 κοινῷ
1709 5559 1805 5610 Δε-

226 5648 405 5721 επότῃ
433 5647 557 5700 λίαν
586 5645 704 5700 ἐστὶ
736 5646 1058 5718 προσφιλές.
1083 5646 1182 5699 Διά
1204 5646 1362 5701 τοῦτο
1393 5649 1487 5702 καὶ
1513 5648 1605 5701 τὸν
1646 5649 1808 5714 Ἰεζε-

315 5828 334 5867 ῖ
376 5828 529 5889 liozu.
588 5842 706 5890 xui,
765 5829 844 5888 10,

929 5831 949 5866 τ
983 5828 1172 5884 Matth.
1228 5846 1360 5895 xw,
1396 5829 1482 5898 39,
1518 5830 1606 5885 .50.
1683 5828 1706 5867 ιι
1740 5824 1896 5881 Joan-
1937 5844 2047 5894 λιι,
2086 5831 2171 5884 16-

1904 4650 2084 4698 etnon
2115 4656 2246 4696 oves
2282 4642 2297 4681 ί
2329 4641 2353 4692 ι
2383 4659 2400 4691 ι
2439 4639 2738 4710 Propterea
2762 4652 3020 4710 magnum
3049 4650 3270 4707 quoque
3296 4634 3494 4697 Eliam,

1908 4732 2002 4803 qui
2048 4732 2193 4788 hanc
2230 4731 2397 4786 vitam
2447 4731 2790 4796 sectabatur,
2836 4729 2981 4784 inter
3034 4727 3236 4797 impios
3286 4723 3496 4779 versari

1902 4824 2102 4894 jussit,
2125 4831 2180 4879 et
2219 4823 2527 4879 secundum
2558 4822 2731 4876 Eliani
2754 4819 3166 4897 sanctissimum
3204 4816 3493 4883 Joannem,

1907 4921 2001 4992 qui
2064 4917 2368 4975 solitudine
2429 4916 2835 4979 delectabatur,
2895 4913 2961 4969 ad
3022 4910 3283 4967 Iordanis
3344 4910 3496 4978 ripas

1911 5015 2059 5069 misit
2086 5020 2147 5066 ut
2187 5009 2493 5080 haptizaret
2540 5018 2595 5063 et
2628 5007 2972 5078 praedicaret.
3038 5004 3308 5070 Quoniam
3363 5015 3498 5068 ergo

1909 5118 1966 5162 tu
1992 5121 2213 5178 quoque
2238 5102 2433 5164 Deum,
2473 5100 2567 5170 qui
2600 5108 2652 5156 te
2685 5099 2813 5154 fecit
2834 5107 2891 5154 et
2923 5097 3178 5161 salvavit,
3228 5094 3494 5149 ardenter

1910 5215 2087 5263 amas,
2126 5197 2212 5251 lac
2246 5194 2385 5250 alios
2420 5202 2604 5248 tecum
2635 5190 2839 5247 reddas
2871 5200 3172 5245 amatores.
3209 5187 3326 5243 lloc
3347 5187 3494 5242 enim

1910 5288 2191 5344 communi
2227 5284 2457 5340 Domino
2493 5291 2806 5356 pergratum
2839 5289 2942 5339 est.
2994 5279 3071 5335 Ea
3112 5282 3181 5335 de
3222 5293 3391 5335 causa
3441 5286 3498 5334 et

1915 5379 2251 5435 Ezechielcm
2293 5375 2696 5445 speculatorem
2732 5373 3050 5444 appellavit,
3083 5370 3500 5442 peccatoribus-
3537 5366 3542 5371 ’

1912 5487 2020 5544 que
2058 5469 2338 5526 testiﬁcari
2369 5467 2539 5538 jussit
2569 5484 2586 5535 ;
2619 5474 2676 5522 et
2701 5463 2895 5521 Jonam
2925 5463 3179 5520 Ninivem
3214 5462 3495 5535 proﬁcisci

1916 5562 2194 5635 praecepit,
2223 5569 2277 5616 et
2315 5575 2441 5615 cum
2499 5559 2581 5614 ire
2627 5558 2799 5614 nollet
2822 5557 3066 5613 vinctum
3101 5556 3432 5613 transmisit.
3471 5574 3490 5605 ι

1918 5655 2043 5710 Haec
2078 5665 2131 5709 et
2153 5652 2351 5710 similia
2392 5650 2607 5716 dicens,
2656 5659 2907 5705 sanctqu
2959 5648 3137 5703 viruzn
3205 5645 3490 5706 emollirit,

2258 5832 2269 5867 ι
2313 5825 2514 5881 Ειιειιι.
2562 5841 2747 5891 xxxiv,
2783 5826 2836 5878 ‘2.
