4030 6412
567 385 707 449 1343

1550 386 2047 447 ’ΤΗΕΟΟΟΒΕΪΙ
2075 384 2414 447 EPISCOPI
2452 387 2818 448 CYRENSIS

3702 378 3849 447 ιλιι

559 506 737 567 atque
764 511 833 550 ex
869 493 1183 550 voluntario
1214 492 1306 547 illo
1337 505 1559 550 carcere
1586 494 1847 553 eductum
1900 496 2151 558 abduxit,

2278 495 2390 567 ιιήλ
2441 496 2852 568 προσηγόρευσε
2884 464 3109 551 σκοπὸν
3132 533 3149 560 ,
3193 497 3291 551 καὶ
3337 497 3448 559 τοῖς
3495 494 3849 567 ἀμαρτωλοίς

565 603 918 659 suorumque
945 588 1017 642 illi
1050 586 1322 644 sodalium
1362 601 1551 641 curam
1578 588 1831 644 tradidit.
1862 587 1980 659 Ego
2026 603 2161 644 vero

565 687 757 735 utrum
786 678 908 750 plus
940 678 1178 734 admirer
1204 677 1415 743 nescio,
1445 677 1669 734 illiusne
1708 679 2057 745 modestiam,
2089 696 2158 735 an

568 777 882 841 promptam
911 769 1080 839 hujus
1104 768 1505 826 obedientiam.
1550 769 1769 831 Etenim
1793 760 2043 842 Yugiebat
2068 773 2162 827 itte

572 861 968 932 principatum,
1030 869 1085 916 et
1151 859 1503 918 subditorum
1561 877 1707 918 unus
1759 877 1886 918 esse
1941 864 2165 931 maluit,

574 953 914 1022 praefecturas
967 951 1277 1021 periculum
1335 953 1731 1010 reformidans.
1794 955 1864 1010 Et
1928 970 2161 1027 magnus

576 1045 865 1108 Eusebius,
894 1047 1151 1113 quamvis
1190 1046 1475 1102 hominum
1529 1047 1893 1118 frequentiam
1929 1064 2164 1105 aversa—

574 1138 755 1202 batur,
789 1138 963 1194 cessit
996 1147 1206 1202 tamen.
1248 1148 1302 1194 et
1343 1139 1557 1210 laqueis
1589 1141 1879 1196 cbaritatis
1907 1142 2163 1197 irretitus

571 1228 753 1297 gregis
775 1243 965 1283 curam
988 1230 1278 1300 suscepit,
1310 1230 1658 1302 chorumque
1691 1231 1875 1301 duxit,
1903 1234 1971 1288 ad
1999 1248 2162 1304 quem

574 1320 881 1377 docendum
924 1322 1115 1378 multis
1143 1321 1223 1378 illi
1265 1323 1452 1381 verbis
1493 1338 1632 1394 opus
1663 1338 1774 1379 non
1819 1333 1959 1381 erat.
2001 1325 2165 1382 Suili-

576 1413 761 1468 ciebat
786 1415 932 1469 enim
968 1414 1137 1484 hujus
1192 1422 1473 1486 aspectus,
1513 1424 1571 1470 ut
1636 1416 1719 1472 vel
1781 1416 2163 1475 tardissimum

2259 588 2741 661 διαμαρτύρασθαι
2782 588 3118 663 παρηγγύα·
3146 588 3360 643 καὶτὸν
3394 588 3581 643 ἰωνᾶν
3629 588 3712 651 είς
3753 586 3855 655 τὴν

2261 683 2452 741 Νινσυὶ
2478 682 2736 737 ἐκέλευσε
2766 682 3005 753 τρέχειν,
3030 668 3127 735 καὶ
3164 680 3241 752 μὴ
3281 678 3606 750 βουλόμενον
3634 674 3858 746 δεσμώι

2259 791 2361 845 την
2399 773 2753 847 παρέπεμψε.
2798 772 2984 829 Ταῦτα
3040 774 3139 828 καὶ
3178 772 3250 827 τὰ
3273 757 3499 826 τοιαῦτα
3531 769 3708 838 λέγων
3756 767 3856 821 τὸν

2262 868 2409 922 θεῖον
2452 867 2833 939 κατεκήλησεν
2867 867 3059 937 ἄνδρα,
3098 864 3196 919 καὶ
3222 865 3324 935 τὴν
3359 862 3669 919 ἐθελούσιον
3701 859 3855 914 ἑκεί-

2261 974 2362 1031 νην
2392 957 2646 1029 διορύξας
2673 957 2920 1029 εἱρκτὴν,
2955 955 3120 1026 eam:
3147 971 3208 1008 τε
3238 954 3336 1008 καὶ
3374 951 3580 1021 ἀπῆγε,
3607 950 3703 1004 καὶ
3740 949 3858 1003 τῶν

2262 1051 2548 1106 θιασωτῶν
2599 1048 2891 1122 παρεδίδου
2934 1046 3035 1120 τὴν
3069 1046 3410 1117 ἐπιμέλειαν.
3451 1043 3598 1112 Ἐγὼ
3642 1042 3702 1097 δὲ
3749 1043 3858 1097 οὐκ

2263 1139 2382 1198 οῐδα
2402 1144 2630 1216 πότερον
2656 1143 2817 1196 πλέον
2842 1142 3129 1212 θαυμάσω,
3147 1138 3340 1194 τούτου
3360 1137 3460 1209 τήν
3496 1136 3857 1209 μετριότητα,

2264 1235 2297 1305 ἢ
2313 1234 2523 1289 ἐκείνου
2541 1234 2646 1306 τὴν
2659 1233 2994 1290 εὐπείθειαν.
3007 1232 3120 1285 Καὶ
3134 1229 3244 1303 γὰρ
3256 1220 3412 1293 οὗτος
3426 1226 3526 1298 τὴν
3548 1224 3859 1299 ήγεμονίαν

2263 1327 2616 1399 ἑδραπέτευε,
2640 1324 2864 1381 καὶτῶν
2904 1323 3165 1396 ὑπηκόων
3186 1319 3267 1387 εἷς
3293 1317 3436 1378 εἶναι
3467 1319 3671 1391 μᾶλλον
3691 1317 3862 1389 εὖού-

2263 1418 2404 1485 λετο,
2435 1420 2536 1491 τῆς
2565 1417 2905 1491 προστασίας
2924 1415 3019 1471 τὸν
3051 1415 3300 1470 κίνδυνον
3333 1413 3708 1485 ὑφορώμενος.
3743 1409 3865 1464 Καὶ

576 1519 856 1574 quemque
911 1505 978 1560 ad
1027 1506 1255 1562 virtutis
1305 1521 1531 1562 cursum
1568 1508 1854 1565 excitaret.
1885 1511 1905 1531 ‘
1930 1507 2168 1567 Narrant

2278 1516 2292 1569 5
2347 1512 2523 1584 μέγας
2578 1510 2841 1575 Εὐσέϐιος
2890 1510 2993 1578 τὴν
3067 1507 3204 1579 μιτά
3254 1506 3520 1561 πλειόνων
3573 1501 3865 1573 διαγωγὴν

571 1597 722 1651 enim
743 1597 840 1667 qui
863 1597 1137 1664 viderant,
1173 1600 1389 1653 vultum
1416 1597 1539 1668 ejus
1571 1613 1692 1654 eam
1737 1615 1955 1671 semper
1986 1602 2164 1670 gravi-

2278 1605 2645 1677 ιπεστρέφετο
2670 1603 2791 1675 μὲν,
2826 1598 2940 1668 εἶξε
2962 1601 3022 1655 δὲ
3044 1602 3215 1671 ὅμως,
3244 1599 3472 1661 καὶτοῖς
3497 1596 3600 1666 τῆς
3630 1595 3869 1665 ἀγάπης

576 1698 742 1745 tatem
792 1705 905 1758 pne
943 1706 1004 1745 se
1042 1691 1280 1757 tulisse,
1319 1707 1443 1762 qua:
1490 1691 1561 1747 ad
1615 1693 1871 1748 timorem
1925 1694 2164 1765 aliquem

2278 1698 2502 1762 δικτύοις
2530 1696 2695 1761 ἁλοὺς
2720 1695 2939 1766 ἐδέχετο
2979 1693 3080 1764 τῆς
3110 1691 3347 1764 ποίμνης
3375 1691 3477 1761 τὴν
3514 1687 3865 1759 ἐπιμέλειαν,

574 1783 955 1851 spectantibus
987 1783 1366 1841 iucuticndum
1398 1784 1539 1840 satis
1569 1795 1732 1842 esset.
1763 1784 1960 1842 Cibum
1981 1795 2165 1843 autem

2278 1790 2364 1844 καὶ
2392 1785 2495 1861 ἦγε
2520 1788 2613 1843 τὸν
2655 1788 2814 1858 χορὸν
2838 1787 2902 1839 οὐ
2934 1784 3148 1839 πολλῶν
3184 1782 3361 1850 λόγων
3394 1783 3475 1843 είς
3504 1778 3867 1833 διδασκαλίαν

573 1872 692 1943 ipse
723 1874 946 1944 quidem
992 1883 1117 1946 post
1162 1884 1276 1932 tres
1337 1884 1649 1947 quatuorve
1702 1877 1822 1935 dies
1867 1879 2162 1949 capiebat:

2278 1880 2545 1952 δεόμενος.
2579 1878 2781 1950 Ἤρκει
2818 1876 2930 1948 γὰρ
2975 1875 3072 1930 καὶ
3113 1872 3439 1945 φαινόμενος
3472 1868 3599 1935 ὀξὺν
3630 1869 3867 1942 ἐργάξεο

573 1965 762 2021 socios
785 1981 914 2022 vero
937 1968 1168 2024 alternis
1189 1968 1386 2025 diebus
1411 1969 1558 2026 vesci
1576 1970 1830 2041 jubebat.
1864 1969 2002 2026 Cum
2056 1971 2167 2026 Deo

2278 1974 2398 2030 σθαι
2423 1972 2559 2044 πρὸς
2584 1970 2676 2025 τὸν
2709 1970 2810 2041 τῆς
2849 1967 3056 2042 ἀρετῆς
3094 1965 3301 2037 δρόμον
3326 1963 3425 2018 καὶ
3462 1962 3557 2016 τὸν
3583 1961 3726 2031 ἀγαν
3756 1979 3868 2015 νω-

574 2058 798 2113 assidue
845 2060 1087 2130 colloqui
1133 2061 1519 2132 praecipiebat.
1570 2063 1898 2134 nullumque
1954 2064 2171 2139 1154

2278 2067 2553 2123 θέστατον.
2584 2064 2726 2120 Φασὶ
2780 2062 2841 2118 δὲ
2899 2061 3064 2116 αὑτὸν
3112 2060 3166 2113 oi
3197 2054 3559 2128 τεθεαμένοι,
3598 2054 3868 2126 ἐμϐριθὲς

2270 2161 2444 2218 ἀεὶτὸ
2466 2157 2758 2230 πρόσωπον
2789 2154 3111 2226 ἐσχηκέναι,
3137 2153 3233 2207 καὶ
3257 2150 3378 2215 δέος
3408 2149 3596 2204 ίκανδν
3620 2148 3868 2202 ἑνθεῖναι

2272 2257 2387 2320 τοῖς
2425 2252 2739 2323 θεωμένοις.
2765 2249 2986 2321 Τροφής
3009 2246 3065 2300 δὲ
3107 2244 3273 2308 αὐτὸς
3315 2242 3416 2315 μὲν
3461 2241 3551 2297 διὰ
3578 2240 3750 2313 τριῶν
3770 2242 3873 2295 καὶ

2268 2346 2550 2417 τεττάρων
2584 2341 2866 2415 ἀπήλαυεν
2896 2338 3122 2411 ήμερῶν
3143 2354 3159 2370 ο
3189 2340 3304 2402 τοῖς
3324 2336 3381 2390 δὲ
3411 2336 3679 2399 συνοίκοις
3711 2335 3873 2406 παρά

2274 2437 2407 2512 μίαν
2438 2435 2874 2509 μεταλαγχάνειν
2911 2432 3153 2486 ἐκέλευε.
3187 2428 3463 2500 Διηνεκῶς
3506 2427 3563 2481 δὲ
3592 2444 3866 2499 προσομι-

2269 2529 2384 2583 λεῖν
2414 2527 2494 2599 τῷ
2525 2524 2647 2597 Θεῷ
2695 2522 3020 2595 παρηγγύα,
3061 2521 3157 2575 καὶ
3196 2518 3403 2591 μηδένα
3438 2518 3635 2590 καιρὸν
3658 2516 3870 2586 ταύτης

2271 2622 2504 2693 ἄμοιρον
2535 2619 2636 2688 τῆς
2664 2616 2932 2687 ἐργασίας
2959 2614 3055 2687 έᾷν
3074 2630 3088 2643 ·
3119 2612 3256 2667 ἀλλά
3290 2612 3445 2682 κοινῇ
3474 2610 3573 2682 μὲν
3605 2609 3706 2673 τὰς
3733 2608 3875 2679 ὠρι-

2275 2712 2485 2785 σμένας
2510 2708 2858 2779 λειτουργίας
2882 2705 3174 2770 ἐπιτελεῖν,
3203 2702 3272 2757 τὰ
3299 2703 3357 2757 δὲ
3388 2702 3448 2756 έν
3480 2700 3635 2774 μέσῳ
3657 2700 3877 2753 τούτων

2271 2808 2372 2876 τῆς
2402 2806 2617 2880 ἡμέρας
2660 2803 2825 2875 μόρια
2863 2799 2985 2855 καθ’
3019 2799 3212 2852 ἑαυτὸν
3239 2797 3495 2861 ἕκαστον,
3524 2795 3558 2866 ἢ
3589 2795 3695 2849 ὑπὸ
3738 2797 3875 2866 σκιςν⁸

2270 2918 2380 2957 τινι
2430 2897 2671 2969 δένδρου.
2729 2895 2762 2965 ἢ
2804 2892 2958 2964 ποιρά
2986 2909 3109 2947 τινα
3141 2890 3371 2963 πέτραν,
3421 2890 3456 2959 η
3490 2887 3620 2942 ἔνθα
3673 2886 3743 2941 ἄν
3782 2887 3875 2951 τίς

2273 3008 2424 3056 τινος
2452 2987 2689 3063 ἡσυχίας
2736 2984 3026 3048 ἀπολαύοι,
3076 2984 3112 3054 ἢ
3144 2981 3381 3047 ἑστῶτα,
3413 2980 3448 3052 ἢ
3492 2979 3752 3051 κείμενον
3780 2982 3873 3032 ἐπ’

568 2157 791 2219 tempus
830 2152 898 2205 ab
954 2151 1059 2207 hoc
1119 2168 1349 2210 munere
1398 2169 1630 2209 vacuum
1665 2155 1981 2227 relinquere
2020 2174 2035 2211 :
2070 2160 2168 2213 sed

571 2238 941 2293 communiter
1015 2240 1247 2310 quidem
1316 2242 1585 2312 przelinita
1651 2244 1826 2302 oﬂicia
1895 2248 2169 2318 exsequi,

574 2330 1168 2391 intercedente'autem
1200 2336 1470 2406 temporis
1498 2339 1676 2405 spatio
1700 2354 2157 2412 unumquemque

573 2423 852 2487 privatim,
890 2425 974 2483 vel
1009 2427 1114 2483 sub
1163 2427 1403 2498 alicujus
1436 2430 1655 2486 arboris
1697 2432 1914 2498 umbra,
1979 2434 2062 2489 vel
2092 2434 2161 2489 ad

575 2528 767 2583 rupem
800 2508 1062 2588 aliquam,
1091 2520 1172 2575 vel
1201 2519 1295 2575 ubi
1322 2519 1562 2591 quietem
1596 2522 1839 2594 quisque
1870 2524 2161 2595 delegerit,

573 2614 670 2660 aut
698 2616 1072 2674 stantem.aut
1099 2611 1249 2665 humi
1285 2619 1648 2683 prostratum,
1681 2628 1842 2671 orare
1871 2615 2161 2673 Dominum

568 2707 630 2753 et
665 2700 770 2756 sibi
823 2702 1058 2758 salutem
1118 2718 1368 2775 poscere.
1427 2704 1693 2778 Singulas
1750 2723 1878 2764 vero
1916 2712 2166 2782 corporis

575 2801 762 2862 partes
792 2794 859 2849 ad
876 2794 1134 2851 virtutem
1157 2796 1381 2863 erudiit,
1415 2805 1475 2852 ut
1510 2814 1574 2854 ea
1607 2800 1723 2854 sola
1751 2799 1998 2858 lacerent
2043 2820 2165 2874 quae

573 2886 717 2942 ratio
753 2888 1039 2957 permittit.
1074 2889 1232 2957 Quod
1264 2898 1327 2944 ut
1372 2891 1630 2948 omnibus
1661 2893 2013 2952 manifestum
2051 2898 2163 2967 (lat,

570 2994 638 3032 ex
670 2979 930 3049 plurimis
962 2983 1082 3052 cjns
1107 2984 1280 3055 gestis
1313 3000 1484 3041 unum
1517 3001 1814 3057 exponam.

571 3068 828 3140 ἐδάφους.
864 3073 1167 3129 ἀντιδολετν
1198 3075 1292 3131 τδν
1343 3078 1649 3149 Δεσπότην,
1693 3079 1788 3133 καὶ
1832 3080 1936 3153 τὴν
1984 3086 2262 3157 σωτηρίαν
2300 3086 2491 3139 αἰτεῖν.
2526 3079 2686 3135 υῦτω
2714 3078 2772 3133 δὲ
2825 3078 2938 3132 τῶν
2993 3075 3090 3130 τοῦ
3157 3074 3411 3145 σώματος
3453 3073 3658 3146 μορίων
3737 3075 3874 3128 ἔκα-

575 3183 700 3219 στον
739 3166 841 3239 τὴν
887 3169 1092 3242 ἀρετὴν
1141 3169 1552 3237 ὲξεπαυίδευετεν.
1601 3174 1678 3237 ὡς
1708 3176 1892 3233 ἐκεῖνα
1932 3177 2090 3251 δρᾷν,
2134 3180 2170 3234 ἀ
2204 3180 2367 3253 μόνος
2444 3178 2474 3232 6
2532 3175 2795 3245 λογισμὸς
2849 3172 3159 3246 ἐπιτρέπει.
3188 3169 3308 3223 Ἵνα
3389 3167 3448 3221 δὲ
3497 3165 3660 3223 τοῦτο
3707 3167 3876 3237 δῆλον

573 3256 749 3312 ἅπασι
786 3263 1142 3332 καταστήσω,
1179 3262 1299 3324 ἑνὸς
1334 3264 1447 3319 τῶν
1475 3265 1598 3319 κατ’
1640 3266 1806 3321 αὑτὸν
1852 3271 2240 3345 μνησθήσομαι
2271 3272 2634 3344 διηγήματος·

643 3350 1029 3408 Cousederant
1049 3356 1105 3410 in
1131 3371 1269 3412 saxo
1290 3358 1531 3427 quodam
1574 3360 1695 3430 ipse
1730 3368 1787 3417 et
1810 3363 2159 3433 Ammianus,
2189 3371 2233 3428 C

570 3443 1439 3520 divinorumqueEvangeliorum
1466 3450 1752 3508 historiam
1776 3455 1914 3512 alter
1931 3457 2173 3529 legebat,

577 3537 719 3591 alter
740 3536 1137 3595 obscuriorum
1171 3542 1293 3611 ejus
1317 3544 1566 3599 locorum
1593 3547 1928 3616 explanabat
1956 3563 2178 3608 senten-

571 3628 732 3682 tiam.
758 3626 985 3685 Terram
1006 3631 1060 3687 in
1080 3633 1327 3703 subjecta
1342 3636 1572 3706 planitie
1588 3640 1878 3697 arantibus
1895 3643 2172 3715 agricolis.

576 3719 644 3774 ad
668 3735 859 3777 eorum
893 3726 1421 3797 contemplationem
1486 3730 1752 3802 abreptus
1814 3742 1901 3790 est
1941 3752 2177 3805 magnus

573 3814 868 3873 Eusebius.
902 3817 1037 3874 Cum
1087 3836 1222 3892 ergo
1254 3822 1438 3878 locum
1500 3829 1881 3899 evangelicum
1946 3832 2175 3904 legisset

574 3905 799 3963 divinus
852 3909 1218 3975 Ammianus,
1278 3914 1348 3969 ab
1406 3930 1585 3987 eoque
1660 3918 2175 3993 interpretationem

573 3997 993 4068 sciscitaretur,
1042 4014 1098 4058 et
1135 4007 1309 4076 repeti
1344 4008 1641 4067 lectionem
1684 4012 1921 4083 jubente
1980 4033 2181 4090 magno

574 4087 833 4154 Eusebio.
856 4094 1183 4164 subiecisset
1200 4099 1291 4155 ille
1309 4118 1321 4152 :
1336 4119 1355 4153 ι
1378 4100 1637 4160 Fortasse
1654 4106 1915 4176 agricolis
1935 4087 2182 4165 delecta-

577 4192 692 4247 tus,
713 4192 774 4238 ut
793 4195 1044 4256 apparet,
1070 4204 1178 4244 non
1202 4191 1532 4262 exaudiisti;
1572 4213 1590 4247 ι
1642 4197 1820 4253 oculis
1867 4199 1987 4256 suis
2010 4200 2179 4272 legem

572 4274 834 4346 deinceps
853 4276 1134 4348 imposuit,
1154 4293 1210 4336 ut
1234 4298 1412 4355 neque
1426 4302 1681 4357 campum
1728 4289 1881 4345 illum
1913 4300 2185 4361 spectaret

576 4382 1038 4440 uuquam,neque
1053 4372 1178 4427 coeli
1225 4385 1610 4447 astrorumque
1640 4389 1863 4450 aspectu
1885 4382 2187 4441 oblectare-

573 4458 809 4515 turzsetl
832 4462 1223 4531 angustissima
1267 4465 1334 4522 ad
1372 4469 1677 4524 oratorium
1713 4484 1944 4543 pergens
1964 4476 2181 4546 semita,

579 4551 736 4621 cujus
752 4569 1066 4611 mensuram
1092 4559 1258 4628 palmi
1289 4561 1455 4618 unius
1476 4561 1648 4619 fuisse
1673 4565 1857 4632 aiunt,
1886 4575 2041 4624 extra
2064 4584 2183 4626 eam

2349 3365 2475 3420 Ἐπί
2510 3378 2656 3427 τινος
2693 3359 2935 3431 καθῆστο
2968 3359 3179 3429 πέτρας
3217 3355 3384 3419 αὐτός
3416 3372 3474 3409 τε
3512 3356 3607 3408 καὶ
3635 3354 3873 3426 Ἀμμω-

2276 3457 2368 3523 νδς
2412 3458 2440 3512 ό
2491 3455 2821 3526 θαυμάσιος,
2879 3451 2974 3505 καὶ
3020 3450 3131 3503 τῶν
3164 3448 3329 3502 θείων
3381 3446 3730 3517 Εὑαγγελίων
3770 3448 3872 3519 τήν

2276 3548 2517 3622 ἱστορίαν
2546 3547 2576 3601 6
2626 3545 2725 3617 μὲν
2757 3543 3146 3612 ἀνεγίνωσκεν,
3173 3542 3202 3594 ό
3235 3540 3293 3593 δὲ
3318 3538 3427 3592 τῶν
3457 3539 3849 3612 ἀσαφεστέρων

2277 3642 2468 3714 ἐδήλου
2503 3638 2604 3711 τὴν
2635 3637 2866 3691 ἔννοιαν.
2892 3633 3158 3705 Γηπόνων
3198 3631 3260 3685 δέ
3309 3648 3473 3686 τινων
3518 3631 3578 3686 έν
3619 3631 3699 3702 τῷ
3726 3632 3856 3685 ὐπο-

2280 3732 2524 3804 κειμένῳ
2555 3729 2723 3800 πεδίῳ
2770 3725 3179 3799 νεουργούντων
3225 3724 3324 3795 τὴν
3364 3725 3491 3796 γῆν,
3522 3724 3617 3778 ἐπὶ
3662 3722 3852 3792 ταύτην

2282 3825 2542 3897 εἱλκύσθη
2571 3824 2671 3896 τὴν
2709 3822 2948 3894 θεωρίαν
2974 3822 3004 3875 6
3036 3821 3215 3891 μέγας
3251 3818 3533 3883 Εὐσέϐιος.
3566 3816 3855 3889 ’Δμμιανοῦ

2280 3921 2342 3978 δέ
2377 3918 2474 3974 τοῦ
2504 3916 2798 3973 θεσπεσίου
2843 3912 3216 3982 ἀνεγνωκότος
3240 3910 3304 3966 τὸ
3352 3910 3712 3980 εύαγγελικδν
3758 3927 3865 3980 χω-

2284 4016 2422 4087 ρίον,
2465 4013 2566 4082 τὴν
2612 4010 2670 4064 δὲ
2695 4007 2998 4083 ἑρμηνείαν
3031 4004 3419 4078 μαστεύοντος,
3452 4002 3751 4058 ἀναλαϐεῖν
3782 4004 3873 4056 έκ-

2281 4107 2469 4162 έλευσε
2518 4102 2618 4176 τὴν
2668 4101 2979 4170 ἀνάγνωσιν
3028 4099 3058 4152 6
3116 4097 3292 4170 μέγας
3328 4096 3607 4159 Εὐσέϐιος.
3655 4093 3766 4149 Τοῦ
3817 4094 3874 4147 δὲ

2283 4198 2588 4272 εἰρηκότος,
2641 4197 2727 4250 ὅτι
2778 4213 2798 4248 ι
2837 4193 2965 4256 Τοῖς
3024 4188 3251 4264 ἀροῦσιν
3294 4190 3726 4261 ἐπιτερπόμενος
3776 4187 3880 4242 οὐκ

2283 4291 2621 4358 ὲπήκουσας,
2662 4286 2739 4351 ὡς
2773 4283 2950 4351 είκὺς,
2982 4300 3001 4332 ι
3056 4280 3345 4353 νομοθετεῖ
3386 4282 3501 4341 τοίς
3545 4277 3879 4349 ὀφθαλμοῖς,

2289 4382 2426 4454 μήτε
2459 4381 2518 4434 έν
2548 4378 2628 4451 τῷ
2671 4377 2841 4447 πεδίῳ
2874 4374 3069 4443 ἐκείνῳ
3096 4370 3376 4444 θεωρῆσαί
3422 4387 3579 4437 ποτε,
3618 4370 3767 4441 μήτε
3802 4370 3883 4441 τῷ

2284 4473 2524 4547 οὐρανίῳ
2576 4470 2797 4535 κάλλει,
2837 4468 2935 4523 καὶ
2978 4467 3058 4539 τῷ
3109 4464 3220 4520 τῶν
3268 4465 3517 4535 ἀστέρων
3552 4462 3884 4535 ὲστιαθῆναι

2285 4564 2455 4638 χορῷ,
2501 4563 2626 4619 ἀλλ’
2665 4559 2901 4634 ἀτραπῷ
2950 4558 3238 4633 χρώμενος
3296 4556 3609 4628 στεωτάτῃ
3633 4596 3649 4620 ,
3687 4549 3762 4628 ἧς
3826 4556 3885 4610 τὺ

574 4643 838 4715 deinceps
853 4646 1041 4718 egredi
1087 4663 1195 4704 non
1219 4659 1537 4721 estpassus.
1568 4651 1787 4712 Vixissc
1813 4671 1981 4727 porro
2029 4658 2174 4715 illum

2293 4659 2491 4731 μέτρον
2535 4652 2822 4725 σπιθαμῆς
2871 4647 3012 4707 εἷναί
3054 4666 3241 4721 φασιν,
3289 4649 3385 4703 ἐπὶ
3439 4647 3534 4702 τὸν
3584 4646 3881 4719 εύκτήριον

575 4744 700 4803 post
719 4735 862 4792 hanc
876 4739 1050 4809 legem
1076 4742 1301 4797 tradunt
1322 4757 1498 4800 annos
1522 4746 1758 4816 amplius
1784 4749 2172 4823 quadraginta.

2288 4728 2439 4807 οἷκον
2497 4748 2775 4823 φερούσῃ,
2833 4746 2941 4813 ἔξω
3000 4743 3206 4814 ταύτης
3253 4741 3439 4796 λοιπδν
3500 4740 3716 4811 βαδίσαι
3784 4741 3882 4793 οὐκ

574 4828 753 4900 Atque
774 4839 831 4886 ut
847 4847 972 4886 cum
995 4842 1295 4904 spontanee
1321 4838 1604 4897 voluntate
1621 4842 1689 4898 ad
1717 4844 1830 4900 haec
1848 4845 2001 4901 illum
2022 4846 2187 4902 simul

578 4923 824 4996 adigeret
844 4926 1027 4998 aliqua
1060 4930 1388 4998 necessitas,
1417 4933 1624 4993 lumbis
1649 4952 1790 4994 zona
1845 4938 2025 4996 ferrea
2047 4956 2185 5012 prie-

576 5016 794 5083 cinctis,
819 5028 874 5075 et
903 5020 1103 5076 cervici
1126 5021 1457 5091 gravissimo
1479 5027 1669 5085 collari
1691 5028 1970 5101 imposito,
1995 5045 2190 5101 zonam

574 5108 768 5164 collari
791 5110 900 5165 alio
924 5109 1072 5167 ferro
1097 5111 1406 5184 conjunxit,
1459 5125 1518 5171 ut
1555 5118 1659 5174 hoc
1705 5099 1867 5175 modo
1889 5099 2186 5174 inclinatu;

579 5199 637 5255 in
677 5207 881 5257 terram
922 5205 1150 5261 assidue
1183 5205 1396 5279 1155
1431 5207 1720 5280 despicere
1741 5218 2052 5280 cogeretur.
2080 5207 2191 5266 Has

579 5291 724 5348 dese
744 5307 936 5365 pinnas
976 5297 1179 5367 exegit,
1232 5299 1379 5368 quod
1402 5300 1676 5371 agricolas
1730 5299 1854 5356 illos
1872 5310 2018 5357 esset
2047 5314 2184 5354 con-

581 5385 902 5454 templatus.
932 5383 1040 5442 Ista
1053 5403 1185 5444 vero
1212 5405 1300 5446 me
1328 5399 1383 5446 et
1422 5392 1516 5446 alii
1548 5393 1707 5449 multi
1737 5392 2066 5457 docuerunt,
2089 5392 2181 5463 qui

586 5474 742 5530 illum
780 5476 1049 5547 viderant,
1083 5489 1135 5535 et
1163 5495 1253 5537 res
1277 5483 1398 5553 ejus
1423 5499 1616 5541 omnes
1677 5493 1995 5555 perspectas
2021 5486 2185 5541 babe-

590 5566 751 5622 bant:
778 5567 873 5623 sed
887 5568 993 5625 hoc
1014 5571 1196 5643 ipsum
1213 5575 1460 5630 narravit
1475 5590 1642 5632 senex
1671 5591 1902 5647 magnus
1924 5575 2182 5644 Aeacius,

587 5658 754 5727 cujus
815 5673 846 5713 a
881 5674 969 5717 me
1009 5662 1124 5734 jam
1157 5664 1285 5723 aliis
1324 5666 1384 5723 in
1439 5668 1607 5724 rebus
1641 5666 1787 5723 facta
1818 5677 1903 5725 est
1949 5671 2176 5725 mentio.

595 5746 797 5801 Aiebat
824 5757 1038 5814 autem,
1086 5768 1154 5807 ex
1180 5768 1247 5808 eo
1285 5769 1349 5823 se
1390 5764 1781 5824 percontatum
1851 5759 2174 5831 aliquando,

596 5851 724 5889 cum
759 5838 1109 5893 incurvatum
1166 5842 1247 5896 sic
1290 5845 1519 5911 videret,
1549 5863 1790 5918 quonam
1826 5867 1926 5905 suo
1990 5850 2173 5906 fructu

2297 4842 2570 4915 ήνέσχετο.
2601 4840 2831 4894 Πλείονα
2856 4838 2914 4892 δὲ
2942 4837 2975 4909 ἢ
3006 4833 3422 4908 τεσσαράκοντα
3447 4831 3541 4903 έτη
3569 4833 3704 4902 φασὶ
3742 4833 3880 4904 μετά

2290 4934 2481 4991 τοῦτον
2507 4932 2671 4988 αὑτὸν
2695 4929 2985 4985 διαϐιῶναι
3022 4928 3113 4982 τὸν
3145 4926 3331 4998 νόμον.
3368 4923 3485 4979 Ἵνα
3511 4924 3571 4979 δὲ
3606 4923 3757 4995 μετὰ
3785 4924 3873 4991 τῆς

2285 5025 2516 5099 γνώμης
2539 5024 2635 5079 καὶ
2681 5022 2897 5093 ἀνάγκη
2922 5038 3008 5086 τις
3051 5020 3217 5075 αὑτὸν
3267 5018 3362 5073 ἐπὶ
3390 5016 3562 5071 ταῦτα
3606 5015 3880 5087 καθέλκῃ,

2287 5115 2433 5188 ζώνῃ
2463 5114 2661 5186 σιδηρᾷ
2692 5112 2792 5184 τὴν
2825 5110 3000 5181 ὀσφὺν
3041 5109 3384 5178 καταδήσας,
3428 5105 3523 5160 καὶ
3566 5103 3885 5175 βαρύτατον

2289 5208 2466 5264 κλοιὸν
2497 5206 2760 5280 περιθεὶς.
2779 5203 2858 5277 τῷ
2893 5201 3171 5276 τραχήλῳ,
3206 5198 3354 5271 ἄλλῳ
3381 5198 3489 5253 τινὶ
3535 5197 3746 5270 σιδήρῳ
3777 5196 3886 5266 τὴν

2290 5300 2468 5372 ζώνην
2494 5302 2805 5372 συνήρμοσε
2829 5296 2907 5368 τῷ
2932 5296 3029 5351 τοῦ
3058 5295 3333 5368 τραχήλου
3368 5291 3557 5362 κλοιῷ,
3581 5291 3671 5344 ἵνα
3700 5289 3889 5361 τούτῳ

2287 5395 2367 5468 τῷ
2387 5396 2575 5468 τρόπῳ
2605 5393 2997 5466 καμπτόμενος
3031 5393 3112 5454 είς
3139 5390 3245 5461 γῆν
3295 5388 3671 5443 κατακύπτειν
3698 5387 3887 5457 διηνε-

2288 5489 2401 5553 κῶς
2429 5486 2831 5559 ἀναγκάζηται.
2864 5482 3133 5548 Τοιαύτας
3175 5482 3387 5536 ἑαυτῶν
3415 5482 3515 5553 τῆς
3551 5478 3662 5533 τῶν
3699 5479 3889 5549 γηπόο

2288 5598 2394 5633 νων
2412 5575 2644 5634 ἓκείνων
2667 5577 2899 5648 θεωρίας
2930 5573 3295 5648 εἰσεπράξατο
3310 5572 3486 5635 δίκας.
3506 5569 3692 5625 Ταῦτα
3712 5571 3771 5625 δέ
3804 5588 3881 5640 με

2288 5672 2474 5727 πολλοὶ
2510 5672 2609 5744 μὲν
2641 5671 2736 5726 καὶ
2766 5670 2917 5723 ἄλλοι
2959 5664 3070 5724 τῶν
3102 5668 3311 5722 ἐκεῖνον
3356 5664 3745 5737 ίστορηκότων,
3779 5664 3887 5716 καὶ

2286 5762 2355 5815 τὰ
2400 5764 2520 5815 κατ’
2565 5762 2728 5816 αὐτὸν
2755 5760 3000 5832 ἀκριόῶς
3035 5756 3442 5829 ἐπισταμένων,
3473 5756 3755 5821 ἐδίδαξαν
3787 5753 3881 5806 δι-

2289 5852 2534 5920 ηγήσατο
2560 5851 2618 5905 δὲ
2659 5851 2818 5905 τοῦτο
2865 5850 2996 5904 αὐτὸ
3043 5850 3104 5903 τὸ
3140 5849 3387 5919 διήγημα
3430 5848 3458 5899 6
3493 5842 3808 5916 πρεεῦὗτης
3852 5843 3884 5895 ἀ
