4030 6412
546 418 679 487 1347
745 438 753 447 '

1535 422 2023 483 THEUDORETI
2056 417 2395 485 EPlSCOPI
2433 428 2801 491 CYRENSIS

3695 434 3835 500 1343

542 538 792 606 quinque
822 543 868 589 et
909 531 1276 606 quadraginta
1325 532 1498 604 egerit
1544 534 1733 588 initio
1771 536 2124 595 monasterio

2244 536 2559 607 ἀπήλαυσα,
2596 542 2694 608 τὴν
2738 544 3036 614 ἠγεμονίαν
3072 540 3404 617 παρέλαϐεν,
3448 547 3585 620 ἀνὴρ
3632 558 3838 623 mapm-

545 638 721 682 totum
763 628 896 681 illud
928 638 1149 697 tempus
1195 628 1288 680 ira:
1329 634 1385 679 et
1417 626 1893 680 excandescentizc
1925 642 2133 681 vacuus

544 722 875 785 traduxerit,
918 733 1023 773 nec
1059 726 1181 787 post
1208 726 1525 789 susceptain
1559 716 1943 788 praefecturam
1978 720 2131 772 illum

544 814 838 882 quisquam
913 810 982 866 ab
1043 810 1146 864 hac
1212 811 1383 865 animi
1441 812 1865 882 perturbatione
1927 812 2130 865 victum

544 918 788 974 unquam
821 902 1051 967 viderit;
1090 900 1257 973 idque
1292 917 1444 966 cum,
1479 911 1538 956 ut
1570 902 1795 958 credere
1830 914 1933 970 εει,
1964 902 2130 957 oll‘er-

543 1007 666 1050 rent
717 1011 776 1050 se
814 993 1029 1048 inllnita
1084 1008 1206 1063 qua:
1260 1003 1544 1064 cogerent.
1600 994 1834 1049 Centum
1887 996 2030 1049 enim
2079 1006 2133 1050 et

540 1084 944 1157 quinquaginta
1003 1099 1238 1141 numero
1294 1087 1401 1141 sub
1446 1087 1597 1141 illius
1658 1088 1882 1141 dextera
1938 1104 2132 1159 pasce-

540 1179 767 1241 bantur,
808 1178 1062 1232 nonnulli
1098 1179 1319 1249 quidem
1370 1179 1665 1233 excellenti
1702 1177 1908 1232 virtute
1959 1183 2132 1235 cude-

542 1276 681 1326 stem
714 1271 884 1323 vitam
917 1269 1281 1333 aemulantes,
1320 1268 1412 1323 alii
1460 1283 1592 1324 vero
1646 1269 2132 1323 suecreseentilms

541 1363 725 1417 adhuc
758 1361 957 1431 pennis
988 1368 1195 1416 terram
1232 1361 1520 1415 transilire
1561 1369 1616 1419 et
1649 1361 2007 1429 supervolare
2037 1358 2135 1413 do-

541 1453 833 1509 cebantur.
876 1452 942 1508 Et
987 1461 1214 1520 tamen,
1259 1468 1385 1507 cum
1438 1461 1519 1507 tot
1563 1461 1753 1508 essent
1800 1453 1895 1523 qui
1945 1452 2131 1507 divina

541 1544 911 1607 docebantur,
950 1559 1014 1601 ac
1038 1558 1440 1614 nonnunquam
1474 1544 1616 1599 hami
1650 1544 1815 1598 dubie
1845 1544 2123 1613 delinque-

541 1643 691 1701 rent,
728 1650 852 1689 cum
890 1634 1008 1687 ﬁeri
1046 1633 1134 1687 vix
1172 1634 1372 1704 possit,
1410 1639 1471 1687 ut
1521 1632 1613 1702 qui
1660 1647 1839 1702 nuper
1874 1633 2021 1685 venit
2078 1633 2129 1685 in

540 1728 803 1783 omnibus
839 1734 992 1781 recte
1028 1740 1086 1781 se
1114 1733 1292 1800 gerat,
1330 1725 1635 1807 immobilis
1668 1724 1877 1779 mansit
1923 1724 2005 1778 vir
2043 1724 2131 1779 di-

538 1817 725 1881 vinus,
757 1827 1022 1886 tanquam
1049 1817 1300 1887 corporis
1336 1833 1559 1887 expers,
1594 1831 1698 1897 nec
1726 1828 1852 1872 eum
1890 1817 1957 1871 ad
1987 1817 2127 1871 iram

539 1909 766 1964 occasio
796 1910 905 1963 ulla
947 1909 1241 1980 pertraxit.

2251 644 2349 692 σας
2380 630 2455 701 τῷ
2487 632 2620 698 liv-tt,
2656 635 2793 689 κατὰ
2826 636 2916 690 τὸν
2950 636 3093 692 θεῖον
3123 639 3470 705 Ἀπόστολον,
3502 642 3566 695 τὰ
3599 640 3737 714 μέλη
3766 645 3838 699 ti

2245 719 2338 771 ἐπὶ
2373 721 2471 791 τῆς
2514 723 2639 793 γῆς.
2686 724 2952 781 Τοσοῦτον
2993 728 3103 800 γὰρ
3147 731 3411 785 ἀπώνατο·
3430 730 3529 804 τῆς
3570 734 3839 788 Εύσεϐίου

2243 805 2339 865 τοῦ
2374 814 2613 883 μεγάλου
2664 817 3014 883 διδασκαλίας
3038 862 3053 887 ,
3084 822 3162 886 ὡς
3217 824 3378 878 πέντε
3431 827 3524 879 καὶ
3565 828 3843 898 τεσσαρά-

2243 915 2410 958 κοντα
2455 905 2553 976 ἐτη
2604 909 2662 960 ὲν
2718 910 2913 982 ἐκείνῳ
2964 912 3043 983 τῷ
3076 918 3482 989 φροντιστηρίῳ
3527 920 3840 990 διαγαγεῖν,

2243 992 2416 1066 θυμοῦ
2454 998 2510 1051 δὲ
2553 1001 2726 1072 ’χωρὶς
2773 1002 2866 1055 καὶ
2899 1004 3069 1077 ὀργῆς
3109 1007 3289 1063 πάντα
3321 1009 3510 1063 τοῦτον
3547 1011 3845 1068 διαϐιῶναι

2245 1089 2337 1142 τὸν
2365 1091 2489 1161 χρό’.
2502 1106 2560 1144 ον
2586 1109 2599 1121 ’
2630 1093 2751 1147 οὐδὲ
2781 1095 2891 1167 γὰρ
2922 1097 3065 1167 μετὰ
3107 1098 3208 1170 τὴν
3235 1102 3535 1171 ἡγεμονίαν
3562 1102 3845 1159 ἐθεάσατό

2252 1197 2336 1244 τις
2358 1180 2522 1234 αὐτὸν
2552 1183 2774 1238 πώποτε
2804 1187 2957 1241 τοῦδε
2986 1189 3081 1242 τοῦ
3112 1190 3321 1256 πάθους
3359 1194 3671 1265 ἡττώμενον
3696 1215 3713 1231 ο
3740 1196 3845 1252 καὶ

2244 1271 2416 1326 ταῦτα
2443 1275 2677 1345 μυρίων,
2701 1274 2774 1341 ὡς
2805 1278 2973 1347 εἰκὸς,
2999 1282 3444 1351 ἀναγκαζόντων.
3476 1287 3704 1361 Ἀνδρες
3726 1291 3845 1362 γὰρ

2242 1368 2585 1437 πεντήκοντα
2616 1368 2712 1423 καὶ
2742 1371 2936 1425 ἑκατὸν
2962 1371 3067 1426 ὑπὸ
3092 1371 3194 1444 τῆς
3222 1374 3435 1431 ἐκείνου
3470 1378 3651 1444 δεξιᾶς
3682 1383 3848 1437 ἑποι-

2245 1457 2520 1528 μαίνοντο,
2566 1460 2617 1513 οἱ
2660 1459 2758 1532 μὲν
2792 1463 2953 1534 ἄκροι
2986 1463 3087 1536 τὴν
3121 1467 3325 1539 ἀρετὴν
3348 1511 3362 1531 ,
3398 1471 3492 1524 καὶ
3523 1470 3622 1544 τὴν
3650 1474 3712 1529 ἐν
3742 1476 3845 1527 οὐ·

2243 1548 2394 1618 ρανῷ
2445 1550 2727 1605 πολιτείαν
2765 1555 3120 1625 μιμούμενοι,
3149 1560 3198 1611 σί
3239 1558 3294 1613 δὲ
3352 1561 3477 1631 ἄρτι
3518 1562 3845 1636 πτεροφυή-

2243 1657 2460 1707 σαντες,
2495 1644 2591 1697 καὶ
2636 1645 2736 1717 τὴν
2779 1647 2884 1718 γῆν
2936 1643 3374 1720 ὑπερϐάλλεσθαι
3434 1664 3492 1708 τε
3521 1656 3617 1709 καὶ
3664 1652 3845 1728 ύπερ-

2241 1732 2503 1789 πέτεσθαι
2555 1735 2960 1810 διδασκόμενοι.
3017 1742 3163 1798 Ἀλλ’
3218 1742 3369 1818 ὅμως
3423 1748 3519 1802 καὶ
3559 1749 3843 1803 τοσούτων

2240 1825 2352 1877 τῶν
2381 1825 2451 1880 τὰ
2480 1827 2598 1883 θεῖα
2625 1830 3056 1905 παιδευομένων,
3084 1832 3177 1891 καί
3213 1857 3268 1892 τι
3320 1841 3418 1894 καὶ
3462 1839 3844 1914 παραϐαινόν-

2161 1904 2201 1957 Β
2231 1935 2362 1984 των,
2397 1920 2472 1985 ὡς
2507 1923 2676 1991 εἰκὸς,
2701 1926 2824 1979 οὐδὲ
2869 1927 2978 1999 γὰρ
3006 1924 3097 1983 τὸν
3135 1929 3261 2002 ἄρτι
3290 1931 3564 2001 φοιτῶντα
3617 1948 3827 2004 κατορ-

542 2001 670 2055 θοῦν
731 2002 953 2056 ἅπαντα
1020 2001 1242 2074 ρᾁιονν
1302 2001 1496 2074 ἔμενεν
1543 2001 1844 2073 ἀκίνητος.
1899 1998 1989 2057 οἶά
2050 2016 2134 2068 τίς
2207 2013 2521 2087 ἀσώματος,
2573 2020 2603 2072 ὁ
2662 2019 2804 2086 θεῖος
2855 2022 3062 2089 ἐκεῖνος
3114 2024 3285 2098 ἀνὴρ,
3335 2020 3591 2101 ούδεμιᾶς
3669 2023 3839 2083 αὐτὸν

542 2092 868 2166 προφάσεως
900 2095 979 2156 εἰς
1005 2093 1177 2167 ὀργὴν
1207 2092 1552 2166 ἐγειρούσης.

610 2188 771 2254 Quod
802 2203 905 2258 ego
939 2204 1052 2243 non
1099 2188 1389 2243 auditione
1428 2197 1644 2243 tantum
1677 2190 1885 2261 accepi,
1930 2190 2022 2247 sed
2075 2206 2137 2247 re

536 2277 704 2330 etiam
764 2276 887 2347 ipsa
934 2292 1059 2333 sum
1118 2285 1403 2348 expertus.
1469 2276 1604 2332 Nam
1658 2294 1782 2333 cum
1831 2282 2132 2352 aliquando

538 2366 752 2423 visendi
785 2367 933 2422 illius
958 2368 1142 2439 gregis
1179 2368 1419 2439 cupidus
1446 2384 1512 2424 eo
1542 2384 1630 2423 me
1663 2386 1788 2425 cum
1822 2374 1947 2427 aliis
1977 2374 2129 2443 ejus-

536 2460 660 2513 dem
698 2473 912 2515 mecum
951 2459 1198 2515 instituti
1230 2461 1530 2516 comitibus
1560 2461 1956 2529 contulissem,
1991 2464 2135 2520 intc-

536 2565 691 2620 gram
751 2549 1150 2606 hebdomadem
1214 2550 1361 2621 apud
1422 2551 1674 2606 divinum
1720 2552 1893 2608 illum
1953 2557 2132 2611 virum

538 2640 822 2711 degentes,
860 2642 1069 2697 vultum
1093 2641 1217 2712 ejus
1248 2643 1669 2700 observavimus
1702 2647 1857 2701 nulla
1900 2662 2132 2717 prorsus

540 2733 844 2787 mutatione
870 2732 1032 2799 allici,
1066 2748 1170 2789 nec
1205 2734 1369 2789 modo
1404 2733 1595 2789 laetitia
1638 2735 1876 2791 diﬂ‘undi
1902 2778 1917 2804 ,
1971 2739 2134 2795 modo

538 2825 765 2879 tristitia
816 2825 1107 2890 contrahi,
1160 2826 1471 2897 oculosque
1523 2826 1808 2891 similiter,
1850 2846 1957 2885 non
1994 2833 2133 2888 alias

537 2927 731 2972 torvos
770 2932 915 2982 esse,
959 2918 1096 2974 alias
1138 2917 1366 2981 hilares,
1418 2919 1511 2974 sed
1563 2919 1617 2973 in
1667 2920 1858 2976 eodem
1912 2935 2134 2993 semper

534 3009 721 3063 decm'i
762 3017 910 3065 statu
947 3010 1280 3065 consistere.
1312 3007 1454 3065 Sunt
1494 3023 1678 3068 autem
1722 3015 1774 3069 hi
1807 3032 2028 3087 quoque
2063 3020 2129 3072 ad

534 3101 887 3156 indicandam
954 3102 1133 3157 animi
1205 3103 1672 3176 tranquillitatem
1745 3105 1948 3161 idonei.
2017 3108 2123 3163 Sed

533 3193 815 3248 existimet
855 3193 1092 3249 fortasse
1149 3193 1464 3263 quispiam,
1502 3195 1627 3249 ideo
1662 3196 1826 3251 talem
1870 3213 1993 3253 esse
2038 3201 2122 3254 vi-

2305 2193 2478 2249 Τοῦτο
2506 2195 2565 2250 δὲ
2606 2197 2707 2252 οὐκ
2741 2199 2876 2270 ἀκοῇ
2922 2200 3103 2271 μόνον,
3149 2200 3285 2258 ἀλλὰ
3324 2202 3419 2257 καὶ
3466 2201 3633 2280 πείρᾳ
3671 2228 3839 2283 παρ-

2238 2286 2453 2344 έλαϐον.
2488 2289 2872 2364 Ἐπιθυμὴσας
2928 2294 3037 2366 γάρ
3072 2312 3201 2348 ποτε
3231 2295 3329 2366 τὴν
3364 2298 3567 2369 ἀγέλην
3613 2302 3836 2375 ἐκείνην

2236 2380 2561 2443 θεάσασθαι,
2598 2383 2880 2455 ἀφικόμην
2919 2386 3208 2449 κοινωνοὺς
3234 2386 3372 2457 ἔχων
3395 2389 3491 2460 τῆς
3520 2389 3837 2464 ἀποδημίας

2233 2471 2328 2526 καὶ
2384 2471 2580 2538 ἄλλους
2636 2475 2727 2527 τὸν
2799 2475 2965 2530 αὐτόν
3033 2495 3128 2550 μοι
3194 2478 3310 2549 βίον
3380 2482 3829 2554 ἀσπαζομένους.

2237 2565 2489 2619 Ἀπαντα
2539 2565 2722 2621 τοίνυν
2769 2569 2870 2639 τῆς
2928 2568 3225 2642 ἑϐδομάδος
3272 2571 3364 2627 τὸν
3424 2572 3627 2629 κύκλον
3678 2579 3836 2650 παρὰ

2232 2657 2368 2729 τῷδε
2404 2658 2482 2730 τῷ
2523 2658 2653 2731 θείῳ
2690 2660 2993 2730 διάγοντες,
3022 2663 3309 2737 ἐθεώμεθα
3349 2666 3648 2738 πρόσωπον
3677 2670 3835 2723 οὐδε*

2234 2745 2367 2815 μίαν
2410 2749 2720 2821 μεταϐολὴν
2756 2748 3067 2824 δεχόμενον,
3106 2753 3229 2811 οὐδὲ
3267 2753 3364 2810 νῦν
3395 2757 3496 2828 μὲν
3538 2756 3833 2832 διαχεόμε-

2232 2856 2345 2905 νον,
2371 2840 2468 2894 νῦν
2497 2840 2553 2894 δὲ
2582 2841 3003 2915 σκυθρωπότητι
3030 2848 3423 2919 συναγόμενον,
3456 2851 3555 2906 καὶ
3579 2851 3643 2905 τὸ
3666 2852 3830 2924 όμμα

2229 2925 2286 2984 δέ
2325 2948 2387 3000 γε
2414 2930 2678 2996 ὡσαύτως
2700 2930 2800 2988 οὐκ
2834 2932 3023 2989 ἄλλοτε
3065 2935 3163 3008 μὲν
3209 2934 3491 3011 βλοσυρὸν,
3530 2943 3830 3012 χαροποιδν

2229 3022 2286 3077 δὲ
2317 3023 2530 3104 ᾄλλοτε,
2569 3024 2688 3077 ἀλλ’
2729 3027 2824 3080 ἐπὶ
2855 3026 2955 3099 τῆς
2988 3026 3161 3098 αὐτῆς
3214 3027 3303 3084 ἀεὶ
3345 3029 3474 3097 τοὺς
3503 3027 3829 3104 ὀφθαλμοὺς

2237 3100 2499 3185 μένοντας
2528 3116 2849 3189 εὐκοσμίας.
2887 3117 3087 3174 Ἰκανοὶ
3109 3122 3167 3175 δὲ
3197 3121 3293 3175 καὶ
3326 3114 3470 3178 οὗτοι
3506 3100 3824 3198 τεκμηριῶο

2236 3222 2325 3259 σαι
2352 3206 2452 3275 τῆς
2482 3205 2664 3280 ψυχῆς
2693 3209 2793 3281 τὴν
2841 3212 3107 3286 γαλήνην.
3168 3210 3311 3269 Ἀλλ’
3345 3217 3494 3280 είκός
3538 3235 3695 3282 τινας
3741 3237 3829 3273 νο·

535 3297 687 3345 sum.
731 3284 879 3354 quod
916 3284 1066 3338 nulla
1113 3299 1238 3348 eum
1295 3299 1467 3340 causa
1510 3295 1903 3342 commoveret.
1942 3288 2124 3356 Quare

2235 3297 2392 3367 μίσαι
2442 3298 2683 3353 τοιοῦτον
2735 3302 2900 3356 αὐτὸν
2939 3284 3220 3375 ἑωρᾶσθαι
3271 3305 3544 3378 μηδεμιᾶς
3578 3325 3823 3380 παρακι-

533 3375 666 3446 quid
699 3383 833 3429 tunc
866 3375 1049 3429 nobis
1074 3374 1444 3444 praesentibus
1485 3376 1763 3451 acciderit
1806 3381 2125 3435 necessario

534 3463 923 3537 exponendum
972 3473 1080 3519 est.
1134 3461 1367 3518 Sederat
1428 3465 1646 3537 1158
1698 3468 1987 3523 nobiscum
2044 3474 2126 3525 vir

534 3558 780 3625 divinus,
806 3556 875 3613 de
907 3557 1258 3629 philosophia
1300 3558 1468 3613 verba
1495 3558 1732 3626 faciens,
1761 3570 1815 3616 et
1847 3578 2121 3618 summam

534 3650 867 3723 evangelica:
919 3649 1264 3720 disciplinae‘
1313 3649 1523 3720 apicem
1580 3648 1942 3724 investigatis.
1983 3654 2122 3708 Dum

535 3743 877 3798 haberentur
931 3738 1256 3810 hujusmodi
1309 3756 1618 3809 sermones,
1671 3742 2122 3816 Olympinsqui-

533 3835 681 3901 dam,
703 3847 904 3905 genere
921 3831 1225 3898 Romanus,
1248 3834 1495 3890 moribus
1517 3842 1571 3890 et
1597 3836 1716 3906 ipse
1736 3837 2121 3904 admirandus,

534 3926 942 3996 saecrdotiique
967 3925 1180 3980 honore
1208 3926 1495 3995 przeditus,
1529 3937 1576 3981 et
1608 3928 1951 3998 praefectura:
1975 3931 2133 3987 illius

534 4016 807 4072 smamdas
865 4026 1051 4087 partes
1110 4033 1332 4087 gerens,
1389 4017 1457 4071 ad
1520 4034 1620 4073 nos
1666 4021 1839 4085 Venit,
1872 4021 2119 4075 divinum

536 4106 796 4160 Davidem
828 4107 939 4159 alta
971 4121 1106 4161 voce
1145 4107 1468 4177 increpans,
1513 4115 1569 4161 et
1614 4122 1909 4164 commune
1967 4110 2123 4164 dam-

533 4213 663 4252 num
725 4198 1009 4252 lenitatem
1072 4198 1222 4252 illam
1274 4199 1585 4270 appellans,
1639 4202 2124 4273 perniciosumque

531 4288 796 4342 ontnibus
869 4301 995 4342 esse
1052 4287 1246 4344 dicens
1300 4289 1426 4358 ejus
1485 4291 2009 4353 mansuetudinem,
2065 4301 2121 4346 et

532 4379 829 4434 amentiam
884 4393 996 4433 non
1045 4380 1376 4435 modestiam
1421 4395 1693 4437 summam
1726 4382 1875 4436 illam
1910 4398 2120 4440 vocans

531 4470 960 4541 philosOphiam.
1013 4468 1111 4526 Ille
1160 4483 1368 4535 autem,
1425 4474 1574 4527 velut
1613 4474 1854 4527 animam
1908 4475 2119 4533 habens

531 4561 969 4627 adamantiuam,
1000 4563 1169 4618 verba
1210 4564 1306 4619 illa
1341 4565 1422 4620 sic
1477 4565 1689 4634 accepit
1716 4605 1730 4630 ,
1774 4575 1833 4620 ut
1879 4568 1948 4621 iis
1996 4584 2117 4639 qut:

2229 3389 2430 3459 νούσης
2469 3392 2674 3457 αἰτίας.
2702 3390 2777 3451 Οὗ
2820 3394 3006 3450 εἵνεκα
3053 3396 3422 3469 διηγήσασθαί
3458 3418 3513 3453 τι
3578 3400 3825 3457 τοιούτον

2236 3482 2455 3552 συμϐὰν
2489 3485 2573 3554 ἐφ’
2602 3482 2760 3557 ἡμῶν
2796 3485 3199 3558 ἀναγκάζομαι.
3233 3490 3492 3561 Καθῆστο
3517 3492 3650 3563 παρ’
3673 3493 3823 3564 ἡμᾶς

2226 3575 2254 3626 ό
2286 3573 2430 3638 θεῖος
2484 3576 2692 3640 ἐκεῖνος
2726 3576 2887 3650 ἀνὴρ,
2929 3578 3057 3644 τοὺς
3089 3581 3219 3653 περὶ
3266 3579 3591 3652 φιλοσοφίας
3630 3583 3821 3652 λόγους

2225 3667 2518 3735 ἀνακινῶν,
2553 3670 2646 3724 καὶ
2674 3668 2775 3738 τῆς
2808 3668 3176 3744 εύαγγελικῆς
3217 3671 3496 3740 πολιτείας
3542 3671 3604 3728 τό
3652 3676 3815 3745 ἄκρον

2227 3757 2524 3827 ἐπιζητῶν.
2564 3760 2838 3814 Τοιούτων
2890 3762 2946 3815 δὲ
2995 3763 3201 3833 μεταξὺ
3254 3756 3589 3835 γινομένων
3618 3766 3809 3834 λόγων,

2239 3847 2538 3927 Ὀλύμπιός
2587 3851 2609 3886 ⁸
2648 3871 2752 3917 τις,
2802 3855 2865 3908 τδ
2919 3855 3020 3925 μὲν
3069 3855 3227 3926 γένος
3274 3857 3565 3930 Ῥωμαῖος,
3616 3857 3708 3915 τὸν
3760 3856 3819 3915 Et

2223 3942 2426 4014 τρόπον
2469 3945 2563 3997 καὶ
2608 3946 2771 4009 αὐτὸς
2815 3945 3167 4016 ἁξιὰγαστος,
3208 3947 3477 4022 ἱερωσύνῃ
3515 3951 3822 4024 τετιμημέο

2223 4049 2333 4096 νος,
2356 4035 2450 4087 καὶ
2472 4036 2571 4106 τῆς
2598 4038 2897 4108 ἡγεμονίας
2923 4036 3140 4111 ἐκείνης
3162 4039 3230 4095 τὰ
3250 4037 3479 4111 δεύτερα
3506 4046 3817 4115 περιέπων,

2221 4119 2326 4196 ἧκε
2373 4128 2503 4198 παρ’
2560 4127 2728 4198 ἡμᾶς,
2768 4126 2863 4181 τοῦ
2906 4125 3053 4183 θείου
3101 4130 3328 4185 Δαυΐδου
3370 4132 3681 4197 καταϐοῶν,
3722 4133 3821 4187 καὶ

2224 4213 2407 4285 λώϐην
2440 4216 2626 4289 κοινὴν
2657 4218 2755 4289 τὴν
2799 4219 3103 4275 ἐπιείκειαν
3136 4220 3419 4293 ὀνομάζων
3449 4223 3691 4296 ἐκείνην,
3721 4222 3820 4279 καὶ

2221 4305 2582 4378 λυμαίνεσθαι
2616 4312 2783 4365 πᾶσιν
2818 4312 2987 4367 αὐτοῦ
3029 4312 3131 4385 τὴν
3176 4316 3458 4388 πραότητα
3486 4316 3684 4386 λέγων,
3724 4319 3821 4373 καὶ

2219 4399 2406 4452 ἄνοιαν
2432 4398 2547 4454 ἀλλ’
2579 4402 2680 4456 οὐκ
2713 4404 3017 4459 ἐπιείκειαν
3059 4406 3159 4477 τὴν
3186 4408 3364 4478 ἄκραν
3414 4409 3633 4480 ἐκείνην
3659 4413 3817 4479 φιλο·

2221 4492 2417 4562 σοφίαν
2463 4493 2770 4548 καλῶν.’⁹0
2827 4495 2917 4563 δὲ,
2963 4497 3218 4572 καθάπερ
3251 4500 3623 4572 ἀδαμαντίνην
3673 4505 3817 4574 ἔχων

2217 4580 2316 4653 τὴν
2345 4583 2544 4655 ψυχὴν,
2582 4584 2794 4656 ἐδέχετο
2829 4588 2928 4658 μὲν
2962 4590 3090 4651 τοὺς
3133 4588 3347 4659 λόγους,
3387 4593 3488 4646 ούκ
3537 4595 3817 4647 ὲκεντείτο

529 4668 777 4725 Ρυιιεθτθ
818 4664 1015 4709 ηδίυη
1062 4671 1161 4727 81⁸³
1220 4657 1403 4711 εοίθηί
1460 4656 1690 4712 minime
1756 4669 2111 4730 Ρυηὲθτειυτο
2145 4679 2192 4737 D
2217 4678 2274 4731 δὲ
2302 4676 2407 4730 ὑπὸ
2434 4677 2543 4732 τῶν
2574 4681 2787 4732 κεντεῖν
2812 4656 3168 4751 πεφυκότων⁶
3202 4656 3321 4737 οὐδὲ
3360 4684 3727 4754 μετεϐάλλετο
3754 4687 3812 4741 τὲ

530 4748 723 4819 Itaque
751 4749 960 4803 vultum
1010 4764 1120 4803 non
1164 4751 1430 4815 mutavit,
1472 4765 1571 4804 nec
1622 4750 1939 4807 institutum
1999 4770 2118 4809 ser-

533 4857 751 4896 monem
802 4841 1047 4911 abrupit,
1102 4840 1198 4895 sed
1254 4841 1364 4896 leni
1413 4857 1547 4897 voce
1596 4844 1891 4916 verbisque
1947 4848 2115 4902 animi

500 4910 885 4987 .sereuitatem
930 4930 1292 4993 testantibus.
1328 4948 1516 4987 senem
1565 4934 1719 4988 illum
1755 4936 1988 5003 dimisit,
2023 4952 2116 4991 ro-

527 5036 664 5092 gans
721 5038 848 5077 eum
911 5031 973 5077 ut
1031 5037 1094 5078 ea
1154 5033 1484 5094 procuraret
1548 5040 1668 5095 quae
1721 5028 2117 5099 velletuEgo

526 5113 695 5177 enim,
726 5114 929 5183 inquit,
964 5129 1090 5167 eum
1120 5116 1207 5170 his
1242 5116 1337 5188 qui
1370 5118 1435 5169 ad
1463 5131 1564 5172 nos
1594 5127 1866 5173 venerunt
1898 5120 2113 5187 loquor,

526 5213 589 5256 ut
621 5203 802 5270 vides,
839 5207 1219 5261 necessarium
1243 5223 1368 5263 esse
1399 5217 1603 5278 putans
1651 5210 1758 5266 hoc
1800 5210 2063 5267 cilicium.
2089 5231 2108 5262 ι

527 5309 645 5377 Qua
703 5314 920 5369 ratione
979 5317 1158 5384 possit
1214 5320 1512 5390 quisquam
1580 5321 1751 5375 animi
1824 5320 2108 5375 lenitatem

528 5401 777 5472 apertius
831 5406 1160 5465 ostatdere?
1211 5409 1369 5462 Illum
1436 5410 1583 5464 enim
1653 5412 1745 5479 qui
1795 5423 2110 5479 supremam

527 5494 751 5564 gerebat
776 5495 1183 5565 praefecturam,
1210 5500 1305 5554 tali
1335 5503 1404 5554 ab
1428 5516 1495 5556 eo
1533 5500 1793 5555 allectum
1829 5516 1954 5555 esse
1981 5516 2114 5554 con-

526 5585 752 5639 tumelia
780 5587 875 5655 qui
915 5590 1190 5645 secundas
1227 5592 1466 5656 tenebat,
1512 5590 1824 5646 astantibus
1867 5607 2104 5662 praeser-

526 5674 622 5729 titn
673 5677 1013 5747 peregrinis,
1053 5691 1107 5735 et
1140 5681 1491 5737 maledictum
1548 5681 1926 5748 audientibus,
1980 5681 2101 5736 nul-

2215 4767 2536 4837 πρόσωπον,
2584 4767 2707 4822 οὐδὲ
2756 4768 2858 4841 τὴν
2909 4772 3288 4845 προκειμένην
3339 4774 3489 4843 ᾒφίει
3546 4774 3810 4848 δτὰλεξιν,

2212 4856 2348 4911 ἀλλὰ
2380 4858 2521 4927 μετὰ
2550 4860 2785 4931 πραείας
2811 4862 3015 4932 φωνῆς,
3040 4864 3135 4916 καὶ
3164 4862 3340 4933 λόγων
3361 4867 3463 4936 τὴν
3502 4868 3602 4938 τῆς
3624 4867 3812 4942 ψυχῆς

2215 4951 2528 5022 μηνυόντων
2560 4950 2804 5023 αἰθρίαν,
2832 4952 2926 5007 τὸν
2961 4954 3273 5029 πρεσϐύτην
3310 4957 3522 5010 ἐκεῖνον
3550 4959 3811 5032 ἀπέπεμ-

2209 5043 2301 5112 ψε,
2349 5041 2684 5112 παρακαλῶν
2728 5043 2892 5098 αὐτὸν
2945 5046 3345 5119 ἐπιμεληθῆναι
3405 5040 3482 5103 ὧν
3529 5047 3805 5120 βούλεται.

2218 5154 2234 5185 ι
2279 5133 2423 5201 Ἐγὼ
2468 5133 2547 5196 δὲ,
2596 5135 2723 5207 ἔφη,
2772 5137 2885 5199 τοῖς
2938 5137 3077 5208 πρὸς
3119 5139 3269 5208 ἡμᾶς
3332 5139 3686 5210 ἀφιγμένοις,
3728 5143 3805 5205 ὡς

2209 5225 2365 5294 ὁρᾷς,
2406 5225 2751 5296 διαλέγομαι,
2783 5228 3091 5297 ἀναγκαίαν
3131 5226 3271 5282 εἶναι
3317 5230 3555 5302 νομίζων
3595 5230 3802 5299 ταύτην

2208 5316 2307 5384 τὴν
2348 5316 2671 5387 θεραπείαν.
2697 5335 2717 5369 ι
2755 5318 2878 5382 Πῶς
2909 5318 2976 5373 ἄν
3006 5337 3091 5384 τις
3118 5320 3343 5390 ἄμεινον
3398 5322 3651 5390 ὲπιδείξοι
3701 5323 3800 5397 τῆς

2207 5406 2388 5479 ψυχῆς
2445 5408 2548 5479 τὴν
2615 5411 2941 5481 πραότητα;
2996 5410 3102 5466 Τὸν
3152 5412 3261 5485 γὰρ
3307 5413 3408 5487 τὴν
3460 5416 3799 5487 προστασίαν

2207 5499 2424 5570 ἐκείνην
2457 5502 2916 5573 πεπιστευμένον,
2950 5503 3206 5576 τοιαύτην
3237 5506 3344 5560 ὑπὸ
3383 5506 3477 5560 τοῦ
3512 5507 3583 5561 τὰ
3609 5507 3794 5563 δευτε-

2213 5593 2331 5661 ρεῖα
2376 5591 2588 5661 ἔχοντος
2621 5592 2876 5658 δέξασθαι
2908 5596 3215 5667 παροινίαν,
3252 5597 3489 5669 μάλιστα
3522 5599 3581 5652 δὲ
3624 5601 3792 5666 ξένων

2217 5683 2648 5754 παρόντων,⁸κα“ι
2677 5686 2772 5757 τῆς
2797 5684 3063 5759 λοιδορίας
3095 5688 3485 5761 ἀκροιιιμένων,
3512 5690 3602 5744 καὶ
3629 5691 3793 5762 μηδε-

1799 5816 2030 5873 νΑΒΙΑΞ
2071 5817 2461 5874 LECTIONI‘IS.

600 5868 619 5897 ⁸
650 5876 917 5941 Πούπλιος
943 5878 1042 5932 fuit
1075 5881 1128 5933 in
1154 5879 1375 5935 Ποιναὶ
1402 5882 1562 5936 libro.
