4030 6412
156 385 283 450 1349

1374 396 1789 459 RELIGIUSA
1821 397 2206 458 HISTORIA.

3280 407 3417 473 1350

157 495 274 560 μίαν
315 492 378 545 ἐκ
424 490 518 544 τοῦ
554 492 729 564 θυμοῦ
780 496 949 569 ζάλην
995 501 1284 571 ὑπομεῖναι
1334 508 1715 582 κκὶλταραχὴν,

1831 511 2055 579 Iamque
2081 510 2172 565 ira:
2201 525 2423 579 passum
2454 526 2579 565 esse
2630 512 3103 580 perturbationem
3135 556 3149 577 ,
3186 534 3415 587 ecquam

152 585 300 636 ποίαν
330 582 553 653 ἀνδρίας
583 586 678 638 καὶ⁹
708 589 1005 661 καρτερίας
1032 593 1337 668 ὑπερϐολὴν
1371 602 1722 667 mulsi-rest;

160 673 213 724 '0
258 670 355 742 μὲν
387 668 482 727 οὖν
520 673 665 740 θεῖος
700 677 1045 747 ’Δπόστολος,
1092 687 1191 755 τῆς
1241 689 1588 764 ἀνθρωπίνης
1618 694 1723 764 φύ-

150 781 278 827 σεως
308 765 407 834 τὴν
443 765 732 822 ἀσθένειαν
761 772 1201 847 ὲπεσκεμμένος,
1238 784 1304 852 τῇ
1337 783 1497 852 φύσει
1532 791 1724 861 μετρεῖ

147 852 237 950 τὴν
278 856 633 926 νομοθεσίαν·
677 880 696 912 ι
739 864 1056 933 Ὀργίζεσοε
1106 869 1250 942 γὰρ,
1282 875 1448 943 φησὶ,
1499 852 1589 930 καὶ
1639 852 1721 950 ’μὴ

145 947 482 1043 ἀμαρτάείετε
507 968 521 981 ’
554 952 582 1005 ὁ
607 953 758 1043 ἣλιος
799 957 874 1029 μὴ
901 960 1168 1016 ἐπιδυέτω
1199 964 1292 1018 ἐπὶ
1325 966 1404 1038 τῷ
1451 947 1723 1043 παροργι-

146 1035 259 1131 σμῷ
289 1038 463 1108 ὑμῶν.
504 1060 524 1093 ι
563 1042 645 1096 Td.
678 1035 777 1114 μὲν
819 1048 929 1119 γὰρ
957 1051 1049 1104 τοῦ
1090 1054 1265 1126 θυμοῦ
1296 1035 1577 1130 κινήματά
1601 1035 1723 1131 ’τῆς

145 1127 350 1195 φύσεως
388 1131 566 1196 εἰδὼς.
597 1135 714 1189 ἀλλ’
746 1138 806 1217 ού
860 1142 961 1212 τῆς
989 1143 1239 1217 γνώμης,
1291 1127 1527 1206 ἐπίπονα
1576 1127 1719 1219 λίαν,

142 1219 270 1290 τάχα
296 1221 353 1275 δέ
386 1225 510 1315 καὶ
543 1226 803 1292 ἀδύνατα.
833 1234 1146 1305 νομοθετεῖν
1183 1241 1285 1294 οὐκ
1324 1242 1579 1315 ἀνέχεται
1604 1262 1617 1274 ’
1649 1249 1718 1314 τῇ

141 1316 341 1408 κινήσει
375 1314 433 1368 δὲ
464 1318 563 1388 τῆς
603 1319 841 1390 φύσεως,
877 1327 971 1380 καὶ
1020 1331 1085 1400 τῇ
1114 1329 1254 1404 ζάλῃ
1282 1333 1374 1386 τοῦ
1411 1314 1583 1406 θυμοῦ
1621 1337 1717 1408 μέ-

139 1421 255 1499 τρον
402 1408 619 1480 ἡμέραν
642 1413 834 1483 ὁρίζει,
870 1415 1061 1489 ἄγχειν
1087 1422 1323 1476 κελεύων
1350 1410 1427 1496 τῷ
1448 1405 1717 1499 λογισμῷ,

140 1496 224 1549 καὶ
253 1496 329 1568 τῷ
389 1499 596 1573 χαλινῷ
630 1503 874 1569 πιέζειν,
912 1509 1005 1561 καὶ
1036 1513 1349 1585 περαιτέρω
1405 1517 1717 1586 προΰαίνειν

272 1590 417 1662 ὅρων
468 1592 545 1665 μὴ
597 1597 918 1686 συγχωρῶν.
967 1600 1023 1655 '0
1069 1603 1126 1656 δὲ
1185 1603 1327 1669 θεῖος
1376 1601 1531 1674 οὗτος
1575 1611 1718 1686 ἀνὴρ

143 1680 270 1752 ὑπὲρ
301 1684 432 1748 τοὺς
463 1685 756 1755 κειμένους
783 1690 1084 1759 ἠγωνίζετο
1107 1693 1325 1766 νόμους,
1352 1698 1449 1752 καὶ
1479 1700 1620 1773 ὑπὲρ

140 1773 432 1845 σκάμματα
466 1776 683 1848 ἥλλετο,
719 1779 781 1833 οὐ
815 1781 979 1853 μέχρι
1009 1783 1110 1854 τῆς
1161 1787 1402 1860 ἑσπέρας
1448 1792 1716 1847 κινεῖσθαι

1831 599 2018 670 magni
2052 610 2107 654 et
2141 600 2348 655 excelsi
2379 599 2550 655 animi
2583 603 2961 658 constantiam
3002 604 3420 661 fortitudinem-

1831 707 1940 759 que
1972 706 2081 746 non
2110 690 2381 762 superat?
2422 691 2499 745 Ac
2535 692 2758 747 divinus
2809 694 3032 762 quidem
3090 696 3418 765 Apostolus,

1832 780 2087 835 humanae
2122 792 2335 837 natura:
2359 782 2791 837 imbecillitatem
2823 785 3209 851 considerans,
3245 789 3418 859 legem

1830 881 2026 925 natura
2078 872 2322 939 metitur,
2386 873 2577 928 dicens
2638 887 2653 924 :
2703 868 3082 937 «irascimini,
3124 885 3179 930 et
3250 879 3419 935 nolite

1829 979 2079 1033 peccare,
2146 964 2228 1020 sol
2279 981 2390 1019 non
2444 966 2662 1020 occidat
2714 981 2880 1036 super
2929 966 3271 1035 iracundiam
3327 987 3418 1026 ve-

1827 1063 1999 1111 stram
2032 1055 2082 1110 ιι.
2122 1074 2141 1106 ›
2169 1055 2301 1111 Nam
2334 1073 2457 1112 cum
2494 1057 2587 1112 ira:
2620 1067 2801 1113 motus
2833 1068 3042 1114 natura:
3074 1076 3197 1116 esse
3224 1063 3415 1130 sciret,

1827 1164 1935 1201 non
1970 1147 2211 1212 arbitrii,
2253 1147 2471 1220 1159
2495 1143 2673 1204 noluit
2707 1165 2769 1203 ea
2802 1151 2917 1221 lege
2943 1151 3264 1220 decernere,
3292 1171 3419 1226 quae

1828 1239 1975 1294 factu
2010 1240 2256 1295 dillieilia
2282 1250 2491 1305 essent,
2519 1256 2585 1296 ac
2609 1241 2849 1298 fortasse
2891 1242 3008 1298 lieri
3045 1247 3271 1301 omnino
3304 1263 3416 1317 non

1828 1339 2054 1398 possent
2098 1347 2115 1383 :
2158 1331 2251 1385 sed
2306 1331 2481 1388 motui
2537 1341 2770 1397 naturae,
2832 1334 3037 1404 iraeque
3098 1341 3415 1408 tempestati

1828 1437 2142 1478 mensuram
2173 1423 2279 1478 diei
2310 1425 2490 1500 spatio
2531 1425 2797 1480 deﬁnivit.
2828 1423 3035 1482 lubens
3065 1427 3207 1483 hanc
3245 1433 3415 1485 ratio-

1826 1531 1895 1571 ne
1930 1517 2245 1586 comprimi,
2279 1527 2334 1570 et
2360 1528 2621 1588 tanquam
2653 1517 2811 1579 freno
2847 1519 3098 1586 retineri,
3136 1536 3237 1576 nec
3275 1521 3418 1577 ultra

1827 1608 2096 1663 terminos
2134 1609 2392 1680 progredi
2451 1610 2794 1678 permittens.
2842 1608 2934 1665 Vir
2972 1623 3151 1667 autem
3191 1615 3282 1670 hic
3333 1616 3418 1671 di-

1825 1699 1987 1754 vinus
2033 1714 2201 1771 supra
2251 1698 2397 1769 leges
2438 1698 2575 1757 latas
2607 1701 2932 1767 decertavit,
2976 1715 3030 1760 et
3062 1713 3216 1761 extra
3251 1709 3419 1765 stadii

1826 1799 1981 1862 septa
2016 1790 2247 1854 desiliit,
2280 1791 2371 1860 qui
2409 1807 2518 1846 non
2550 1809 2728 1864 usque
2782 1796 2848 1851 ad
2881 1812 3167 1867 vesperam
3219 1800 3313 1854 ira:
3359 1809 3419 1854 ut

136 1862 206 1933 τῷ
252 1864 412 1938 θυμῷ
465 1871 851 1942 παραχωρῶν,
903 1873 1040 1929 ἀλλά
1101 1878 1349 1947 μηδόλως
1404 1882 1715 1955 ἐπιτρέπων

1824 1891 2141 1938 moveretur
2165 1881 2423 1947 indulsit,
2465 1883 2562 1938 sed
2589 1900 2659 1940 ne
2682 1886 2889 1941 moveri
2932 1888 3157 1956 quidem
3182 1889 3414 1946 omnin

137 1957 422 2014 κινεῖσθαι.
455 1961 694 2016 Τοιαῦτα
714 1966 829 2019 ’καὶ
853 1959 1009 2033 οὗτος
1048 1970 1148 2040 τῆς
1178 1973 1442 2028 Εὐσεϐἱου
1470 1975 1565 2030 τοῦ
1609 1996 1713 2050 με-

135 2046 293 2113 γάλου
323 2054 617 2135 συνουσίας
651 2054 930 2114 ἀπώνατο.

196 2160 436 2253 nonas;
485 2165 544 2221 δὲ
594 2168 689 2222 καὶ
732 2168 928 2236 ἄλλους
971 2175 1207 2244 ἐραστὰς
1253 2177 1355 2248 τῆς
1398 2181 1718 2253 φιλοσοφίας

134 2252 329 2348 ταύτης
360 2257 457 2311 καὶ
489 2257 739 2330 ζηλωτὰς
786 2263 874 2316 ἐπ’
897 2265 1081 2339 ἐκείνῃ
1115 2272 1184 2341 τῇ
1228 2271 1441 2345 καλύὸῃ
1488 2290 1717 2348 γεγενη-

139 2345 328 2439 μένους
360 2349 651 2431 τεθέαμαι,
686 2354 813 2419 τοὺς
866 2356 968 2426 μὲν
1006 2359 1065 2412 ἐν
1115 2361 1269 2434 ἀκμῇ
1314 2363 1409 2418 τοῦ
1440 2345 1713 2439 σώματος,

136 2438 250 2500 τοὺς
285 2438 344 2533 δέ
372 2442 470 2496 καὶ
522 2442 582 2533 ἐν
612 2443 760 2516 γήρᾳ
787 2443 975 2516 βαθεῖ’
1013 2449 1237 2507 πλείονα
1276 2454 1383 2529 γὰρ
1421 2457 1454 2528 ἢ
1498 2438 1718 2533 ἐννενή-

139 2544 287 2624 κοντα
314 2530 412 2604 ἕτη
440 2532 835 2602 διασιώσαντες
862 2539 1162 2613 ἄνθρωποι,
1194 2546 1287 2601 τὸν
1315 2548 1574 2607 ἐπίπονον
1598 2530 1717 2624 βίον

140 2620 448 2715 καταλιπεῖν
495 2624 595 2679 οὐκ
627 2627 924 2700 ἠθέλησαν,
969 2632 1109 2689 ἀλλὰ
1160 2639 1276 2705 τοῖς
1320 2640 1421 2710 τῆς
1462 2620 1716 2715 νεότητος
1774 2632 1779 2637 ’

141 2709 312 2804 ίδρῶσι
338 2712 657 2785 διέπρεπον,
684 2720 973 2793 παννύχιοι
1003 2725 1106 2795 μὲν
1138 2727 1234 2781 καὶ⁸
1261 2709 1715 2804 πανημέριοι-τὸν

139 2800 255 2898 Θεὸν
279 2803 713 2875 ἀντιϐολοῦντες,
735 2811 832 2865 καὶ
854 2813 956 2879 τὰς
979 2816 1199 2887 εὐαγεῖς
1228 2800 1447 2888 ἐκείνας
1475 2800 1719 2898 λειτουρο

141 2890 251 2965 γίας
277 2896 615 2968 ποιούμενοι,
676 2900 766 2956 διά
807 2901 903 2957 δύο
928 2905 988 2965 δὲ
1041 2909 1267 2979 ἡμερῶν
1322 2913 1431 2968 τῶν
1478 2890 1717 2972 cura).th

140 2984 349 3041 ἐκείνων
414 2988 603 3043 σιτίων
667 2993 1196 3067 μεταλαγχάνοντες.
1266 3004 1377 3059 Καὶ
1436 3007 1522 3060 ἵνα
1587 3010 1713 3074 τοὺς

139 3075 315 3172 άλλους
342 3081 657 3149 καταλίπω,
692 3086 752 3139 οὐ
787 3088 943 3160 σιγῆς
989 3089 1392 3162 ὄνταςδάξίους,
1436 3100 1713 3172 εὐφημίας

134 3167 192 3276 δὲ.
221 3171 309 3224 καὶ
342 3173 590 3284 ἐπαίνων
641 3178 931 3243 παντοίων,
982 3182 1099 3236 ἀλλ’
1145 3185 1234 3238 ἵνα
1293 3189 1370 3262 μὴ
1427 3167 1711 3264 πέραντοῦ
1739 3224 1783 3284 C

136 3261 319 3333 μέτρου
350 3266 579 3337 μακρὸν
617 3268 945 3343 ἐργάσωμαι
984 3274 1044 3328 τὸ
1070 3275 1349 3349 διήγημα’
1378 3261 1599 3351 ἐγένετὸ
1626 3303 1710 3352 τις

131 3352 181 3449 ἐν
208 3356 394 3429 ἐκείνῳ
428 3358 519 3429 ⁴τῷ
543 3358 674 3431 θείῳ
718 3364 925 3436 χωρίῳ,
966 3366 1167 3422 Ἀὀόἄν
1193 3369 1251 3424 δὲ
1297 3372 1460 3428 αὐτὸν
1507 3377 1712 3449 ὀνομά-

132 3443 334 3541 ζονσιν,
393 3450 474 3516 ὃς
533 3453 601 3537 ἐκ
648 3454 751 3525 μὲν
800 3459 900 3527 τῆς
955 3458 1350 3531 Ἰσμαηλίτιδος
1405 3443 1709 3541 ἐῦλάστησε

132 3536 287 3610 ῥίζης,
318 3543 435 3597 οὐκ
467 3536 758 3621 ἀπῳκίσθη
788 3547 845 3602 δέ
876 3549 979 3620 τῆς
1004 3551 1427 3625 ’Δϐρααμιαίαςκ
1451 3561 1593 3615 κατὰ
1617 3536 1711 3617 τὸν

131 3631 371 3724 πρόγονον
398 3636 617 3702 οἰκίας,
642 3639 783 3703 ἀλλὰ
810 3641 909 3712 τῆς
939 3642 1203 3716 πατρῴας
1237 3647 1602 3721 κληρονομίας
1629 3652 1710 3724 τῷ

142 3718 307 3779 Ἰσαὰκ
338 3727 689 3807 ἐκοινώνησε
713 3772 729 3798 ,
767 3733 973 3803 μᾶλλον
1017 3734 1075 3789 δὲ
1110 3738 1281 3811 αὐτὴν
1332 3718 1549 3813 ἥρπασε
1599 3718 1713 3800 τῶν

133 3814 350 3885 οὐρανῶν
380 3818 499 3892 τὴν
537 3820 847 3892 βασιλείαν⁸
882 3818 1036 3890 οὗτος
1067 3828 1229 3895 εὐθὺς
1266 3833 1366 3904 μὲν
1404 3834 1506 3906 τῆς
1536 3838 1710 3909 ἀσκη-

136 3911 266 4000 τικῆς
295 3913 516 3986 ταύτης
546 3914 725 3987 ἥψατο
770 3916 1068 3986 πολιτείας,
1110 3924 1265 3991 παρά
1295 3943 1403 3981 τινι
1451 3930 1709 4000 τηνικάδε

134 3997 213 4094 Tir!
232 4001 448 4076 ἔρημον
478 4007 718 4062 οἰκοῦντι
739 4015 1029 4084 γυμναστῇ
1050 4012 1160 4069 τῶν
1186 4016 1444 4072 τοιούτων
1464 3997 1704 4094 ἀρίστῳο

133 4088 383 4165 Μαρωσᾶς
447 4097 505 4152 δέ
539 4094 608 4171 ἦν
646 4098 819 4173 ὄνομα
852 4102 1022 4175 αὐτῷ.
1074 4107 1232 4162 Μετὰ
1281 4108 1338 4163 δέ
1380 4088 1554 4165 ταῦτα
1614 4088 1711 4170 καὶ

135 4181 349 4256 ἐκεῖνος,
386 4187 467 4242 τὸ
539 4188 745 4261 ἐτέρων
798 4194 1156 4264 ἡγεμονεύειν
1207 4200 1565 4269 καταλιπὼν,
1626 4207 1709 4270 είς

132 4272 312 4348 ταύτην
350 4282 462 4335 σὺν
490 4279 569 4353 τῷ
598 4281 774 4356 Ἀὁὸᾷ
810 4286 912 4356 τὴν
935 4287 1140 4359 ἀγέλην
1169 4290 1419 4360 ἀφίκετο,
1456 4295 1553 4349 καὶ
1579 4298 1709 4369 χρό-

133 4378 210 4420 νον
238 4369 327 4438 μὲν
353 4373 427 4427 οὐ
464 4371 663 4445 μικρὸν
704 4375 931 4442 ἐπεὸίω,
967 4377 1238 4451 λαμπρῶς
1264 4382 1322 4436 δὲ
1351 4384 1708 4459 ἀγωνισάμε-

134 4470 214 4547 νος
249 4464 336 4517 καὶ
382 4465 638 4547 ἀοίδιμος
666 4467 959 4540 γενόμενος
1001 4470 1271 4545 ὑπεξῆλθε
1327 4475 1419 4529 τὸν
1469 4476 1606 4547 βίον.
1646 4481 1706 4533 Ὀ

1818 1975 2099 2046 permisit.
2136 1970 2325 2030 Talem
2358 1975 2405 2030 is
2433 1975 2679 2031 fructum
2715 1993 2782 2033 ex
2825 1980 3009 2051 magni
3037 1977 3263 2036 Eusebii
3294 1997 3421 2037 cun-

1819 2067 2116 2124 suetudine
2157 2067 2428 2139 percepit.
2845 2145 2852 2152 _

1889 2184 2015 2240 Vidi
2034 2196 2088 2241 et
2104 2187 2243 2241 alios
2260 2200 2484 2257 quoque
2498 2183 2552 2239 in
2575 2185 2771 2243 eodem
2786 2185 3012 2258 tugurio
3030 2186 3266 2259 hujusce
3287 2189 3416 2259 plli-

1817 2277 2083 2348 losopliim
2100 2283 2380 2334 amatores
2390 2285 2445 2332 et
2459 2277 2818 2334 :emulatores
2839 2293 2950 2334 non
2973 2279 3419 2348 paucos,ﬂorenti

1816 2370 2084 2441 quosdam
2112 2378 2294 2437 aatate,
2320 2370 2466 2425 alios
2489 2368 2770 2441 profunda
2827 2379 3136 2437 senectute,
3161 2372 3256 2446 qui
3285 2389 3412 2428 cum
3516 2394 3522 2399 -

1770 2512 1771 2515 η
1816 2478 1997 2519 annos
2025 2471 2253 2534 agerent
2281 2465 2301 2484 ‘
2330 2476 2499 2533 supra
2525 2462 2854 2533 nonaginta,
2881 2463 3217 2520 laboriosam
3247 2471 3417 2541 vitam

1815 2555 2135 2626 relinquere
2155 2555 2479 2620 noluerunt,
2505 2554 2604 2611 sed
2627 2553 2901 2610 obeundis
2922 2555 3186 2628 iuvenum
3211 2557 3422 2613 labori-

1815 2645 1921 2702 bus
1942 2647 2301 2710 claruerunt,
2325 2656 2520 2703 noctes
2546 2646 2778 2716 diesque
2805 2644 2978 2702 Deum
3006 2647 3300 2705 laudantes
3317 2691 3331 2713 ,
3364 2660 3419 2705 ct

1816 2752 1977 2793 sacra
1999 2738 2092 2792 illa
2112 2735 2292 2793 cilicia
2315 2753 2447 2809 pera
2457 2746 2676 2809 gentes,
2693 2737 2904 2811 vilique
2922 2738 3017 2795 illo
3036 2740 3163 2795 cibo
3184 2752 3307 2811 post
3330 2742 3381 2797 bi
3402 2773 3416 2783 ο

1815 2825 1986 2882 duum
2013 2826 2351 2903 victitantes.
2389 2825 2461 2881 Ut
2493 2826 2636 2883 alios
2665 2835 2883 2893 autem,
2922 2843 3032 2883 non
3063 2831 3284 2885 silentio
3317 2832 3415 2887 sed

1815 2918 1980 2975 laude
2003 2928 2059 2976 et
2087 2918 2576 2975 commendatione
2601 2917 2830 2990 dignos,
2853 2922 3274 2990 praeternuttam
3295 2963 3309 2987 ,
3342 2938 3413 2980 ne

1815 3012 2086 3083 prolixior
2107 3028 2273 3083 quam
2298 3028 2399 3083 par
2414 3019 2500 3067 est
2516 3004 2611 3066 ﬁat
2631 3013 2903 3075 narratio,
2923 3011 3025 3067 fuit
3046 3014 3098 3068 in
3116 3012 3303 3069 divino
3321 3016 3418 3071 illo

1815 3104 1940 3160 loco
1966 3104 2217 3176 quidam,
2244 3104 2430 3160 Abbas
2458 3105 2706 3165 nomine.
2732 3121 2798 3160 ex
2830 3103 3162 3162 lsmaelitide
3189 3108 3417 3178 quidem

1816 3192 2003 3249 radice
2022 3192 2318 3260 oriundus,
2335 3206 2609 3249 verume:
2625 3195 2862 3251 Abrahae
2880 3197 3046 3252 domo
3068 3213 3415 3268 nequaquam

1817 3286 2051 3355 eiectus,
2075 3286 2218 3340 sicut
2240 3287 2330 3342 ille
2360 3301 2391 3339 a
2422 3302 2534 3357 quo
2561 3303 2740 3359 genus
2769 3287 3044 3345 duxerat:
3075 3291 3169 3345 sed
3201 3292 3293 3361 qui
3323 3308 3431 3362 psi—-

1784 3392 1789 3395 ι
1818 3384 1992 3432 ternae
2023 3377 2359 3433 luereditatis
2387 3393 2515 3433 cum
2546 3377 2737 3435 lsaaco
2769 3381 3044 3451 particeps
3077 3381 3259 3438 lactus
3292 3397 3378 3439 est
3399 3424 3418 3449 ,

1816 3470 1903 3525 vel
1930 3471 2112 3540 ipsum
2146 3473 2332 3541 potius
2355 3472 2538 3541 rapuit
2562 3487 2790 3543 regnum
2816 3474 3109 3529 calorum.
3139 3474 3191 3531 Is
3217 3492 3418 3531 mona-

1817 3561 1972 3616 sticae
1996 3562 2162 3631 bujus
2188 3564 2611 3631 exercitationis
2631 3564 2859 3620 exordia
2882 3566 3041 3621 duxit
3064 3568 3207 3637 apud
3231 3585 3420 3638 quem-

1816 3651 1941 3707 dam
1963 3695 1977 3719 ,
2000 3653 2094 3722 qui
2119 3668 2368 3709 eremnm
2399 3664 2533 3710 tunc
2561 3656 2881 3723 habitabat,
2910 3658 3183 3727 Optimum
3216 3661 3415 3716 barum

1816 3759 2000 3800 rerum
2028 3744 2379 3814 magistrum,
2410 3745 2502 3800 cui
2530 3761 2729 3804 nomen
2753 3748 3023 3804 Marosas.
3051 3748 3252 3806 Postea
3281 3767 3419 3807 vero

1814 3834 1907 3890 hic
1929 3850 2154 3906 quoque
2182 3836 2307 3892 aliis
2340 3852 2579 3907 praeesse
2607 3841 2892 3905 desinens,
2924 3840 2991 3895 ad
3021 3856 3239 3912 gregem
3268 3843 3414 3901 hunc

1815 3944 1943 3985 cum
2004 3928 2163 3986 Abba
2214 3931 2367 3988 venit
2414 3948 2430 3986 :
2481 3931 2698 4003 1160
2748 3948 2851 3988 nec
2898 3947 3067 4004 parvo
3116 3943 3410 4005 superstes

1815 4030 2063 4084 tempore
2083 4063 2100 4088 ,
2123 4031 2249 4093 post
2269 4025 2535 4094 praeclara
2559 4024 2867 4080 certamina
2897 4025 3170 4081 celebrem
3204 4028 3408 4085 famam

1815 4113 2050 4184 adeptus
2069 4115 2311 4171 excessit
2349 4132 2381 4172 e
2438 4117 2573 4173 vita.
2623 4117 2719 4173 Ille
2776 4125 2958 4174 autem
3009 4126 3138 4172 octo
3190 4119 3303 4188 jam
3353 4131 3411 4175 et

1817 4207 2040 4278 triginta
2064 4207 2141 4263 ibi
2165 4223 2342 4271 annos
2363 4208 2637 4281 transegit
2660 4248 2679 4275 ,
2710 4217 2766 4266 et
2786 4209 2947 4280 quasi
2976 4209 3231 4265 laborare
3262 4227 3408 4266 nunc

1814 4298 2125 4369 inciperet,
2164 4299 2248 4358 sic
2282 4300 2537 4358 laborare
2582 4300 2888 4359 desiderat.
2924 4300 3062 4356 Nam
3097 4303 3151 4359 in
3191 4305 3407 4361 hodier-

1813 4408 1948 4449 num
1982 4408 2159 4465 usque
2202 4393 2348 4450 diem
2397 4393 2568 4465 pedes
2613 4394 2822 4452 calceis
2872 4411 3156 4469 nunquam
3213 4400 3345 4453 texit
3390 4417 3416 4454 :.

1813 4501 1940 4543 cum
1995 4486 2174 4557 frigus
2227 4497 2346 4553 est,
2408 4487 2468 4543 in
2517 4487 2713 4544 umbra
2757 4487 2964 4554 lueret,
3022 4504 3148 4545 cum
3204 4499 3408 4556 aestus,

139 4546 186 4653 δὲ
216 4551 352 4610 ὀκτὼ
412 4544 516 4628 μὲν
573 4558 676 4632 ἤδη
731 4562 828 4617 καὶ
882 4544 1180 4634 τριάκοντα
1228 4568 1348 4621 ἐκεῖ
1402 4544 1704 4626 διετέλεσεν

1818 4578 1988 4634 solem
2024 4544 2244 4650 captat,
2275 4580 2508 4651 ejusque
2546 4581 2750 4637 ardore
2784 4581 2950 4650 velut
2999 4581 3224 4653 zephyri
3270 4599 3409 4638 aura

140 4637 241 4730 ἔτη,
286 4646 364 4712 ὡς
413 4649 647 4722 ἔναγχος
681 4652 740 4706 δὲ
793 4652 889 4708 τοῦ
934 4659 1118 4712 πονεῖν
1159 4658 1487 4729 ἀρξάμενος,
1534 4664 1706 4730 οὕτως

140 4729 328 4800 ἐφίεται
354 4741 450 4796 τοῦ
473 4746 679 4799 πονεῖν.
717 4744 899 4820 Μέχρι
943 4748 1054 4821 γὰρ
1083 4751 1181 4804 καὶ
1222 4752 1465 4823 τήμερον
1506 4756 1708 4827 ὑποδή-

144 4837 258 4921 μασι
287 4830 384 4899 μὲν
413 4834 541 4897 τοὺς
577 4834 746 4899 πόδας
771 4838 875 4891 οὐκ
920 4840 1162 4911 ἐκάλυψε
1190 4842 1434 4911 πώποτε,
1473 4849 1541 4918 τῇ
1577 4850 1706 4921 σκιᾷ

140 4911 188 5013 δέ
227 4923 606 5011 προσεδρεύων
658 4928 718 4981 ἐν
761 4928 842 5002 τῷ
894 4933 1130 5005 κρυμῷ,
1178 4935 1271 4989 τὸν
1316 4937 1471 5008 ἣλιον
1513 4911 1578 4995 ἐν
1624 4911 1705 5013 ni;

147 5005 349 5106 φλογμῷ
395 5016 779 5090 καταδέχεται,
824 5022 920 5076 καὶ
979 5023 1054 5088 ὡς
1106 5005 1351 5099 ζεφύρου⁷
1393 5026 1569 5103 αὔραν

144 5094 330 5196 ἐκεῖθεν
353 5105 572 5177 δέχεται
600 5110 798 5180 φλόγα.
835 5114 1092 5191 ⁶Ἃπαντα
1119 5094 1191 5171 δὲ⁷
1219 5094 1410 5175 τοῦτον
1447 5094 1541 5179 τὸν
1579 5094 1707 5196 χρδ-

142 5198 217 5280 γον
265 5191 452 5261 ὕδατος
508 5200 836 5274 μεταλαχεῖν
891 5206 991 5260 οὐκ
1033 5208 1316 5280 ἠνέσχετο,
1373 5212 1476 5267 οὐκ
1523 5191 1706 5270 ἐκεῖνα

140 5278 350 5381 ἐσθίων,
375 5288 412 5343 ὃ.
436 5295 549 5357 τοῖς
573 5293 634 5381 το
666 5294 742 5367 μὴ
775 5295 952 5352 πίνειν
991 5278 1372 5373 ἐπιτηδεύουσι
1400 5307 1704 5381 προσφέρε-

140 5370 249 5464 νθαι
291 5379 556 5453 σύνηθεςο
611 5377 935 5461 ύγροτέρων
971 5392 1082 5464 γὰρ
1135 5370 1285 5449 οὗτοι
1343 5370 1531 5452 σιτίων
1556 5370 1706 5454 ⁷εἰπο-

137 5460 304 5524 λαύειν
331 5473 622 5534 εἰώθασιν
664 5478 805 5534 ἀλλὰ
844 5482 951 5536 τῶν
995 5483 1175 5539 αὐτῶν
1217 5491 1328 5552 τοῖς
1359 5489 1537 5553 ἄλλοις
1575 5492 1708 5547 ἀπο·

137 5552 300 5655 λαύων
330 5567 534 5631 σιτίων,
581 5571 778 5627 ἐσθίων
809 5573 867 5627 δὲ
906 5574 1131 5648 βραχέα,
1170 5581 1264 5633 καὶ
1317 5582 1418 5635 ὅσα
1448 5583 1706 5655 βραχεῖαν

138 5645 361 5727 ἐντίθησι
396 5658 645 5733 δύναμιν,
683 5668 947 5742 περιττὴν
993 5671 1208 5741 ἡγεῖται
1255 5674 1353 5746 τὴν
1385 5677 1478 5730 τοῦ
1516 5677 1707 5743 ὕδατος

290 5810 484 5882 livius.
527 5840 595 5888 ιγ,
625 5823 717 5878 ΞΊ.

1812 4669 2147 4725 delectatur.
2180 4670 2320 4727 Toto
2352 4673 2460 4728 hoc
2488 4682 2739 4745 tempore
2762 4688 2966 4745 aquam
3004 4688 3109 4728 non
3141 4674 3405 4744 gustavit,

1812 4775 1915 4816 nec
1945 4759 2086 4818 cibis
2121 4760 2233 4818 illis
2276 4778 2413 4819 usus
2441 4772 2558 4831 est,
2618 4765 2823 4837 quibus
2871 4764 3020 4822 vesci
3073 4768 3256 4822 solent
3292 4767 3408 4836 qui

1812 4859 1946 4922 potu
1982 4851 2269 4908 abstinent
2313 4854 2743 4924 (humidioribus
2772 4857 2922 4912 enim
2972 4859 3052 4913 uti
3098 4873 3405 4915 consueve-

1811 4946 1988 5017 runt),
2019 4946 2116 5002 sed
2148 4944 2348 5002 iisdem
2385 4962 2620 5016 prorsus
2645 4948 2816 5020 ipsis,
2845 4949 3049 5020 quibus
3072 4951 3184 5006 alii.
3223 4949 3410 5006 Pauca

1810 5054 2050 5110 namque
2081 5039 2383 5095 comedens
2404 5082 2420 5106 ,
2453 5049 2509 5095 et
2533 5056 2657 5111 qua:
2692 5042 2838 5097 vires
2872 5042 3102 5112 exiguas
3132 5042 3407 5111 aﬂ’erunt,

1815 5139 2005 5202 potum
2062 5146 2220 5202 aqua:
2271 5146 2747 5202 supervacaneum
2807 5141 2986 5204 putat.
3044 5131 3200 5189 Ferri
3262 5120 3437 5192 molo‘

1814 5224 2032 5280 lumbos
2059 5224 2395 5294 praecinctus
2445 5238 2574 5280 raro
2614 5224 2808 5293 sedet,
2864 5225 3160 5296 noctisque
3205 5242 3271 5281 ac
3295 5227 3410 5283 diei

1813 5322 2025 5385 partem
2064 5315 2361 5370 maximam
2393 5316 2474 5370 vel
2496 5323 2666 5376 .stans
2694 5315 2777 5371 vel
2817 5315 3057 5387 genibus
3098 5316 3263 5372 nixus
3303 5317 3409 5373 Do-

1813 5407 1964 5463 mino
1995 5424 2188 5478 preces
2213 5407 2394 5464 oll'ert.
2437 5407 2769 5464 Accubitum
2820 5409 2925 5464 sibi
2972 5410 3199 5481 penitus
3236 5410 3414 5465 inter—

1810 5500 1984 5567 dixit,
2019 5516 2122 5557 nec
2155 5500 2573 5556 accumbentem
2607 5501 2761 5557 illum
2791 5504 3063 5557 hactenus
3105 5503 3409 5572 quisquam

1821 5593 1948 5646 \idit
1991 5609 2001 5644 :
2037 5593 2134 5648 sed
2166 5608 2233 5648 ex
2260 5608 2372 5663 quo
2406 5593 2666 5665 princeps
2703 5595 2861 5649 ebori
2896 5593 3075 5649 factus
3111 5602 3231 5659 est,
3269 5610 3411 5664 prai-

1818 5681 2201 5755 lecturumque
2232 5702 2294 5741 so
2331 5687 2495 5753 titus,
2533 5696 2706 5742 totum
2742 5688 2889 5745 hunc
2939 5686 3183 5744 laborem
3230 5689 3403 5744 atat-ri
