4030 6428
518 417 655 486 1351

1473 406 1965 474 TllEODORETI
1994 405 2335 474 EPISCOPI
2366 408 2733 476 CYRENSIS

3669 413 3806 483 1352

518 534 626 588 fert
655 532 880 598 animo,
929 532 1177 592 subditis
1218 536 1534 607 exemplum
1578 535 1823 606 seipsum
1873 536 2118 604 ptaebens

2227 536 2439 605 χρείαν.
2469 534 2683 606 Σιδήρῳ
2712 534 2767 588 δὲ
2802 531 2962 605 βαρεῖ
2996 534 3096 608 τὴν
3130 536 3301 607 ὀσφὺν
3337 538 3643 610 ἐζωσμένος
3677 539 3809 594 κάθ·

520 627 912 697 philosophiae.
980 626 1316 697 Hujusmodi
1396 627 1803 698 triumphantes
1880 625 2118 681 athletas

520 720 745 775 divinus
774 719 1048 776 Eusebius
1072 722 1444 777 certaminum
1470 721 1705 777 istorum
1736 719 2038 792 paedotriba
2065 726 2121 775 et

519 813 859 868 exercitator
886 812 1122 868 Domino
1143 815 1421 871 exhibuit.
1456 815 1522 869 Et
1551 829 1685 892 cum
1711 815 1851 869 alios
1872 814 2122 884 complu-

519 915 610 956 res
634 902 771 956 tales
795 901 1166 969 reddidisset,
1185 905 1255 960 ad
1277 905 1417 962 alias
1439 920 1534 961 eos
1557 905 1841 976 palaestras
1861 904 2121 959 doctores

521 993 874 1059 transmisit,
908 998 926 1016 '
951 995 1045 1065 qui
1071 1004 1248 1051 totum
1276 997 1431 1053 illum
1462 1011 1684 1052 sacrum
1707 1004 1950 1050 montem
1976 995 2119 1049 divi-

516 1084 605 1140 nis
628 1084 711 1140 his
736 1089 911 1157 pratis
937 1096 991 1142 et
1016 1087 1263 1144 odoratis
1294 1086 1528 1144 tioribus
1555 1087 1947 1158 impleverunt.
1982 1081 2118 1137 Nam

517 1190 646 1232 cum
690 1178 963 1234 orientem
1016 1189 1299 1250 spectaret
1348 1179 1589 1250 primum
1639 1177 1763 1248 ejus
1815 1175 2119 1232 asceticum

517 1270 841 1340 tugurium,
898 1286 1049 1326 nunc
1093 1270 1220 1342 ejus
1273 1272 1641 1343 philosophia:
1680 1270 2016 1342 propagines
2054 1267 2121 1321 ad

514 1362 867 1418 occidentem
936 1377 1161 1434 quoque
1238 1378 1305 1419 ac
1384 1362 1673 1418 meridiem
1738 1360 1927 1415 videre
2003 1366 2118 1420 est,

522 1454 735 1526 116],
770 1455 940 1511 veluti
989 1456 1182 1512 stellas
1233 1455 1503 1527 quasdam
1541 1456 1690 1510 circa
1742 1454 1929 1507 lunam
1978 1449 2119 1506 emi-

2222 642 2349 694 ηται
2390 625 2490 696 μὲν
2526 626 2796 695 ὀλιγάκις,
2852 627 2951 697 τῆς
2987 626 3044 681 δὲ
3069 628 3266 693 νυκτὸς
3313 629 3408 683 καὶ
3460 629 3561 701 τῆς
3591 630 3809 702 ἡμέρας

2221 716 2285 770 τὸ
2312 716 2475 771 πλέον
2496 715 2767 788 έστηκὼς,
2804 718 2839 789 ἢ
2870 719 2965 772 ἐπὶ
2992 718 3102 772 τῶν
3132 721 3376 789 γονάτων
3409 720 3684 792 κείμενος,
3708 722 3810 794 τὴν

2219 809 2321 878 τῆς
2341 809 2509 880 εὐχῆς
2527 809 2607 881 τῷ
2631 811 2881 882 Δεσπότῃ
2904 810 3250 883 λειτουργίαν
3272 810 3597 885 προσφέρει,
3620 815 3723 884 τῆς
3751 812 3812 868 δὲ

2220 903 2599 966 κατακλίσεως
2634 904 2917 968 παντελῶς
2948 906 3050 975 τὴν
3097 904 3292 977 χρείαν
3325 905 3564 977 ἠρνήθη.
3614 906 3813 972 Οὐδεὶς

2221 993 2332 1066 γὰρ
2355 994 2519 1048 αὐτὸν
2540 994 2945 1049 κατακλιθέντα
2978 998 3142 1068 μέχρι
3168 995 3263 1050 καὶ
3287 997 3526 1070 τήμερον
3546 990 3831 1053 ἐθεάσατο

2222 1086 2467 1152 πώποτε,
2498 1086 2637 1141 ἀλλά
2666 1087 2760 1140 καὶ
2786 1087 2880 1141 τοῦ
2924 1089 3088 1161 χοροῦ
3121 1091 3420 1161 κορυφαῖος
3449 1091 3811 1161 άποφανθεὶς,

2220 1179 2319 1232 καὶ
2355 1178 2752 1249 προστατεύειν
2775 1178 2977 1250 λαχὼν,
3008 1181 3198 1235 τοῦτον
3226 1182 3444 1237 ἅπαντα
3479 1182 3637 1252 φέρει
3670 1200 3813 1254 προσ

2222 1268 2411 1340 θύμως
2432 1270 2524 1324 τὸν
2556 1270 2741 1337 πόνον,
2770 1273 3080 1345 ἀρχέτυπον
3116 1274 3309 1329 ἑαυτὸν
3349 1273 3671 1345 φιλοσοφίας
3700 1278 3817 1341 τοῖς

2223 1363 2488 1435 ὑπηκόοις
2513 1367 2648 1419 πᾶσι
2679 1366 2981 1434 προτιθείς.
3001 1367 3292 1433 Τοιούτους
3317 1368 3646 1440 νικηφόρους
3667 1371 3817 1438 ἀγω-

2220 1454 2408 1519 νιστάς
2437 1455 2467 1506 δ
2506 1456 2656 1522 θεῖος
2687 1458 2947 1521 Εὑσέδιος
2965 1461 2993 1512 ό
3019 1459 3183 1513 τῶνδε
3219 1458 3329 1513 τῶν
3359 1460 3587 1530 ἀγώνων
3620 1463 3817 1515 παιδο-

519 1557 763 1623 cantes:
801 1559 969 1617 atque
1018 1549 1163 1602 alios
1200 1548 1423 1619 quidem
1464 1546 1654 1601 Graeca
1683 1586 1697 1611 ,
1732 1546 1874 1600 alios
1906 1544 2029 1614 ejus
2065 1542 2118 1596 in

518 1654 628 1709 qua
656 1648 954 1695 versantur
978 1640 1225 1711 regionis
1253 1640 1441 1711 lingua
1461 1639 1783 1696 Creatorem
1805 1637 2116 1693 laudantes.

520 1729 630 1784 Sed
686 1744 802 1785 rem
850 1731 1170 1802 aggredior,
1208 1745 1332 1800 quae
1380 1730 1498 1786 lleri
1553 1729 1787 1801 nequit,
1841 1729 1889 1785 si
1935 1728 2120 1782 omnia

514 1806 706 1877 divina
756 1822 915 1878 illius
961 1824 1161 1877 anima:
1206 1832 1359 1893 gesta
1394 1823 1653 1894 persequi
1708 1821 1893 1877 velim.
1940 1819 2118 1886 Quare

2223 1817 2402 1871 ἐκεῖνο
2446 1818 2508 1871 τὸ
2558 1820 2702 1891 ἱερὸν
2750 1821 2863 1875 τῶν
2909 1821 3073 1875 θείων
3124 1825 3331 1878 τούτων
3379 1822 3666 1895 λειμώνων
3719 1823 3821 1878 καὶ

516 1916 827 1971 narrationi
865 1916 997 1971 huic
1042 1917 1168 1973 linis
1201 1886 1593 1988 imponendos
1610 1924 1697 1972 est
1718 1958 1733 1982 ,
1764 1923 1821 1972 et
1851 1914 1920 1970 ad
1955 1914 2117 1969 aliam

2225 1909 2441 1965 εὐωδῶν
2477 1886 2688 1966 ἀνθέων
2735 1913 3085 1985 ἐπλήρωσαν.
3140 1915 3286 1987 Πρὸς
3333 1915 3408 1969 ἔω
3445 1886 3555 1987 γάρ
3597 1915 3700 1986 τῆς
3757 1913 3819 1979 ἐξ

516 2008 894 2065 convertenda
942 2009 1162 2075 Oratio,
1208 2019 1376 2079 atque
1434 2008 1590 2063 illiue
1642 2022 1838 2062 rursus
1885 2006 2118 2077 petenda

2227 2001 2408 2075 ἀρχῆς
2469 2006 2742 2077 παγείσης
2807 2008 3116 2078 ἀσκητικῆς
3170 2009 3445 2081 καλύϐης,
3515 2008 3611 2062 καὶ
3676 2008 3819 2081 πρὸς

515 2102 764 2169 utilitas,
816 2101 910 2157 ubi
957 2102 1153 2157 horum
1211 2115 1540 2172 magnorqu
1586 2099 1839 2156 virorum
1895 2099 2118 2154 benedi-

2224 2096 2469 2166 ἑσπέραν
2525 2097 2621 2151 καὶ
2664 2099 3019 2171 μεσημϐρίαν
3067 2100 3217 2156 ἔστιν
3277 2102 3406 2159 ἰδεῖν
3451 2102 3659 2175 ταύτης
3716 2102 3819 2174 τῆς

517 2195 755 2250 ctionem
789 2194 1297 2264 imploraverimus.
1759 2189 1765 2195 ’

2225 2188 2548 2258 φιλοσοφίας
2577 2189 2649 2245 τά
2676 2190 2897 2261 ἔκγονα,
2944 2189 3060 2249 οἷόν
3088 2212 3242 2261 τινας
3281 2197 3518 2269 ἀστέρας
3553 2197 3684 2268 περὶ
3728 2213 3821 2250 σε-

513 2279 685 2357 λήνην
727 2284 1075 2358 χορεύοντας,
1106 2284 1201 2338 καὶ
1249 2285 1378 2348 τοὺς
1423 2284 1529 2356 μιν
1552 2286 1621 2356 τῇ
1654 2281 1889 2348 Ἑλλάδι,
1929 2280 2125 2342 ἄλλους
2185 2277 2245 2332 δὶ
2301 2281 2373 2350 τῇ
2429 2280 2687 2355 ἐγχωρίῳ
2739 2288 2892 2357 φωνῇ
2941 2287 3042 2356 τὴν
3097 2289 3330 2360 ποιητὴν
3412 2289 3817 2360 ἀνυμνοῦντας.

529 2377 693 2432 Ἀλλά
724 2378 837 2449 γὰρ
881 2377 1171 2442 ἀδυνάτως
1214 2377 1503 2451 ιπιχειρῶ,
1565 2378 1639 2432 τά
1688 2378 1795 2432 ὑπὸ
1836 2376 1939 2447 τῆς
1993 2375 2148 2439 θείας
2213 2373 2437 2445 ἐκείνης
2488 2379 2909 2449 κατορθωθέντα
2963 2381 3142 2454 ψυχῆς
3224 2383 3443 2439 ἅπαντα
3510 2383 3810 2451 διεξελθεῖν

515 2471 827 2543 ἐφιέμενος.
856 2470 1163 2544 Τοιγαροῦν
1196 2470 1334 2541 τῷδε
1363 2470 1444 2543 τῷ
1489 2471 1797 2542 διηγήματι
1828 2468 1892 2523 τὸ
1930 2467 2106 2539 πέρας
2134 2465 2446 2536 ἐπιθετέον,
2480 2471 2566 2540 ἐφ’
2598 2472 2788 2544 ἕτερον
2826 2472 2884 2527 δὲ
2912 2475 3201 2546 τρεπτέον,
3251 2476 3348 2531 καὶ
3430 2476 3530 2549 τὴν
3600 2476 3813 2530 ἐκεῖθεν

517 2562 686 2618 πάλιν
714 2561 989 2632 ὠφέλειαν
1028 2556 1447 2635 προστεθετόον,
1496 2561 1598 2633 τῆς
1638 2560 1895 2631 εὐλογίας
1949 2556 2121 2615 τῶνδε
2159 2555 2417 2629 μεγάλων
2454 2561 2668 2634 ἀνδρῶν
2696 2563 3023 2635 μεταλαχεῐν
3052 2563 3389 2622 ἱκετεύοντα.

1063 2652 1130 2709 ν.
1188 2678 1236 2695 -ιι
1267 2653 1591 2711 PUBLlUS.

2725 2654 2801 2710 E'.
2827 2680 2899 2696 --
2937 2653 3314 2711 ΠΟΥΠΜΟΣ.

593 2744 799 2802 Eodem
823 2753 1073 2816 tempore
1122 2746 1226 2800 fuit
1251 2743 1505 2810 Publius,
1541 2752 1596 2800 et
1632 2738 1810 2802 fori'na
1851 2743 2118 2825 spectabi-

2293 2746 2450 2801 Κατὰ
2474 2746 2568 2801 τὸν
2609 2746 2774 2802 αὐτὸν
2801 2750 2997 2821 χρόνον
3032 2748 3252 2820 ἐγένετό
3282 2766 3366 2815 τις
3394 2749 3690 2817 Πούπλιος,
3723 2753 3823 2807 καὶ

516 2837 671 2904 lis,et
704 2838 887 2892 anima
921 2837 1188 2908 praeditus
1220 2851 1349 2909 quae
1391 2836 1584 2894 forum
1611 2837 1997 2901 conveniebat,
2033 2830 2118 2891 vel

2222 2836 2283 2891 τὸ
2309 2834 2448 2902 εἶδος
2482 2837 2818 2905 ἀξιοθέατος,
2850 2841 2946 2895 καὶ
2971 2839 3069 2912 τήν
3094 2841 3273 2914 ψυχὴν
3308 2840 3387 2912 τῷ
3419 2840 3552 2896 εἴδει
3582 2845 3824 2914 συμόαί·

516 2944 755 3001 corpore
779 2930 964 3002 potius
996 2930 1158 3002 longe
1189 2929 1571 2987 admirabilior
1600 2943 1740 2986 erat.
1770 2931 1823 2986 is
1844 2929 2118 2985 senatorio

2222 2948 2429 2988 νουσαν·
2446 2933 2586 3004 έχων
2615 2948 2628 2964 ⁸
2669 2935 2871 3006 μᾶλλον
2897 2932 2954 2989 δὲ
2985 2932 3168 3005 πολλῷ
3192 2933 3287 2987 τοῦ
3320 2933 3571 3006 σώματος
3603 2937 3827 3008 θαυμαο

516 3037 584 3078 ει
608 3022 804 3081 ordine
828 3022 1099 3094 originem
1139 3022 1375 3091 ducens,
1407 3024 1465 3078 in
1503 3037 1568 3079 ea
1599 3025 1736 3079 urbe
1779 3030 1947 3076 natus
2003 3028 2110 3084 est,

2222 3022 2485 3095 στοτέραν
2509 3023 2837 3089 ἐπιδεικνύς.
2871 3016 3043 3090 Οὗτος
3069 3026 3134 3079 ὲκ
3160 3024 3514 3098 βουλευτικῆς
3544 3027 3647 3098 μὲν
3676 3046 3824 3099 συμ-

516 3114 662 3184 apud
699 3129 866 3185 quam
897 3113 1111 3171 Xerxes
1132 3114 1223 3170 ille
1258 3114 1680 3180 celeberrimus,
1718 3127 1845 3169 cum
1872 3120 2116 3165 moveret

2227 3115 2424 3185 μορίας
2487 3114 2833 3188 ὁρμώμενος,
2891 3116 3049 3171 πόλιν
3084 3116 3143 3172 δὲ
3171 3118 3311 3188 ἔχων
3353 3118 3477 3171 καθ’
3507 3120 3575 3189 ἢν
3610 3119 3828 3191 Ξέρξης

518 3208 577 3260 in
610 3204 903 3272 Graeciam,
952 3214 1007 3262 et
1036 3208 1227 3277 copias
1276 3207 1444 3262 vellet
1492 3205 1829 3277 Euphratem
1886 3203 2114 3260 lluvium

2223 3206 2431 3270 ἐκεῖνος
2461 3205 2490 3258 ὁ
2520 3206 3090 3280 πολυθρύλλητος,ἒπὶ
3110 3208 3211 3281 τήν
3239 3201 3465 3263 Ἐλλάδα
3481 3211 3823 3281 στρατεύων,

2221 1544 2416 1616 τρίδης
2438 1545 2532 1600 καὶ¹
2555 1547 2877 1619 γυμναστὴς
2898 1549 3213 1619 παρέστησε
3236 1549 3313 1621 τῷ
3334 1550 3472 1622 Θεῷ.
3489 1552 3600 1605 Καὶ
3619 1551 3818 1615 ἄλλους

2221 1633 2278 1689 δὲ
2334 1637 2622 1703 πλείστους
2671 1640 2960 1712 ἀποφήνας
3006 1641 3304 1708 τοιούτους,
3351 1642 3568 1716 ἑτέραις
3612 1644 3821 1698 παλαί-

2224 1741 2418 1797 στραις
2463 1727 2822 1792 διδασκάλους
2874 1730 3263 1801 παρέπεμψεν,
3307 1729 3358 1784 οἳ
3403 1731 3462 1787 τὸ
3505 1732 3633 1805 ὄρος
3665 1732 3819 1787 ἀπαν

516 3299 797 3369 trajicere,
815 3306 1147 3371 congregata
1164 3299 1391 3354 navium
1412 3297 1790 3360 multitudine,
1806 3297 2111 3366 iisdemque

519 3389 667 3445 inter
705 3405 767 3445 se
799 3391 1089 3457 connexis,
1123 3404 1190 3445 ac
1222 3398 1387 3461 ponte
1419 3391 1525 3445 hoc
1557 3389 1724 3444 modo
1758 3388 1975 3443 ﬂumini
2007 3388 2115 3442 ini-

518 3482 725 3552 posito,
750 3483 930 3537 locum
954 3480 1215 3554 Zeugma,
1252 3482 1306 3538 id
1333 3492 1419 3538 est
1440 3484 1767 3552 juncturam
1793 3480 2112 3553 appellavit,

520 3576 762 3648 urbique
788 3577 858 3631 ab
885 3585 1089 3633 eventu
1122 3593 1325 3633 nomen
1393 3577 1568 3634 dedit.
1637 3576 1716 3633 Ex
1775 3578 1882 3634 hoc
1934 3583 2114 3644 ortus,

520 3668 728 3739 talique
752 3684 957 3738 genere
987 3678 1341 3742 procreatus,
1370 3670 1581 3726 editum
1615 3669 1910 3741 quemdam
1934 3671 2115 3725 locum

521 3760 718 3817 stadiis
757 3761 830 3816 ab
872 3761 1011 3817 urbe
1073 3777 1186 3817 non
1242 3761 1487 3833 amplius
1546 3762 1772 3833 triginta
1821 3764 2116 3818 distantem

518 3852 837 3924 occupavit,
875 3867 1155 3925 parvaque
1198 3852 1254 3908 in
1310 3868 1378 3908 eo
1420 3863 1707 3910 exstructa
1758 3854 2115 3918 domuncula,

520 3943 708 3999 omnia
739 3944 992 4000 vendidit
1008 3958 1133 4016 quae
1159 3958 1189 3999 a
1214 3955 1368 4015 patre
1408 3953 1719 4016 acceperat,
1772 3946 2020 4012 domum,
2063 3953 2118 4001 et

522 4048 710 4105 agros,
745 4043 803 4090 et
830 4051 1048 4107 greges,
1081 4042 1137 4091 et
1177 4041 1385 4103 vestes,
1445 4052 1691 4108 vasaqne
1739 4049 2000 4110 argentea
2062 4046 2119 4093 et

522 4138 700 4191 aenea,
733 4132 790 4180 et
829 4126 1027 4197 siquid
1053 4125 1204 4181 aliud
1240 4126 1582 4197 possidebat.
1617 4126 1686 4183 Et
1735 4140 1863 4184 cum
1895 4138 1963 4184 ea
1993 4127 2120 4198 quis

525 4216 630 4272 bus
666 4232 765 4287 par
801 4224 921 4272 erat
949 4216 1353 4285 distribuisset,
1413 4233 1584 4291 seque
1620 4268 1627 4275 .
1659 4220 1730 4275 ab
1773 4220 1927 4274 omni
1981 4234 2119 4274 cura

523 4316 750 4364 terrena
787 4309 1103 4378 liberasset,
1128 4323 1294 4365 unam
1334 4324 1441 4382 pro
1465 4311 1733 4367 omnibus
1767 4323 1960 4366 curam
1992 4325 2121 4366 sus.

525 4401 697 4471 cepit,
729 4400 943 4473 116]
975 4409 1037 4484 ut
1065 4403 1114 4458 ei
1166 4403 1403 4458 serviret
1433 4405 1530 4475 qui
1586 4405 1767 4474 ipsum
1801 4410 2118 4465 vocaverat,

2223 3295 2320 3349 καὶ
2362 3295 2455 3349 τὸν
2498 3297 2745 3368 ποταμὸν
2789 3298 3088 3372 Εὐφράτην
3144 3294 3396 3372 διαϐῆναι
3450 3301 3702 3357 σπεύδων
3752 3306 3825 3374 τῇ

2234 3391 2484 3461 στρατιᾷ.
2515 3390 2722 3462 πλῆθος
2746 3391 2889 3446 νεῶν
2938 3391 3322 3465 συναθροίσας,
3365 3394 3461 3449 καὶ
3488 3396 3695 3459 ταύτας
3722 3398 3826 3449 ἀλ-

2219 3480 2414 3553 λήλαις
2453 3481 2740 3551 συζεύξας,
2764 3484 2861 3540 καὶ
2910 3484 3093 3556 τούτῳ
3117 3485 3195 3557 τῷ
3226 3486 3414 3559 τρόπῳ
3445 3485 3539 3543 τδν
3571 3488 3827 3558 ποταμὸν

2216 3576 2564 3649 γεφυρώσας,
2630 3576 2854 3649 Ζεῦγμα
2903 3579 2966 3633 τδ
3024 3577 3226 3650 χωρίον
3281 3579 3557 3649 ὠνόμασε,
3597 3583 3691 3634 καὶ
3719 3582 3826 3652 τὴν

2217 3670 2326 3724 ἀπὸ
2377 3670 2475 3724 τοῦ
2535 3670 2866 3743 πράγματος
2923 3670 3125 3726 ἔδωκεν
3158 3672 3480 3744 ἐπωνυμίαν
3524 3676 3592 3745 τῇ
3641 3675 3817 3731 πόλει.

2231 3761 2515 3817 Ἐντεῦθεν
2559 3763 2907 3834 ὁρμώμενος,
2954 3762 3061 3819 καὶ
3088 3760 3196 3819 ἀπὺ
3232 3765 3478 3818 τοιούτου
3509 3765 3693 3832 γένους
3716 3763 3813 3833 βε-

2219 3855 2565 3927 ϐλαστηκὼς,
2626 3854 2831 3927 ὖψηλόν
2880 3874 2932 3910 τι
2977 3850 3179 3928 χωρίον
3233 3856 3670 3928 καταλαμδάνει,
3710 3855 3810 3909 τοῦ

2219 3949 2412 4010 ἄστεος
2441 3949 2503 4001 οὐ
2534 3948 2776 4002 πλείοσιν
2806 3944 2839 4018 ἦ
2866 3947 3163 4019 τριάκοντα
3190 3946 3447 4012 σταδίους
3477 3949 3813 4021 ἀφεστηκός.

2233 4038 2323 4092 Ἐν
2352 4039 2526 4110 τούτῳ
2559 4038 2763 4110 βραχύν
2791 4057 2915 4093 τινα
2931 4038 3173 4094 οἰκίσκον
3193 4040 3549 4112 δειμάμενος,
3586 4041 3824 4097 ἀπέδοτο

2222 4129 2331 4200 μὲν
2354 4130 2588 4195 ἅπαντα,
2624 4131 2727 4184 ὅσα
2759 4131 3029 4203 πατρόθεν
3059 4129 3300 4198 ἐδέξατο,
3327 4133 3509 4187 οἰκίαν
3529 4134 3697 4204 φημὶ,
3726 4137 3826 4188 καὶ

2221 4224 2501 4293 κτήματα,
2533 4223 2627 4276 καὶ
2679 4221 3023 4294 βοσκήματα,
3080 4227 3176 4279 καὶ
3217 4225 3529 4296 ἐσθήματα,
3555 4212 3728 4295 σκεύη
3763 4246 3827 4281 τε

2222 4314 2445 4385 ἀργυρᾶ
2497 4315 2591 4368 καὶ
2631 4314 2829 4385 χαλκᾶ,
2880 4315 2977 4369 καὶ
3021 4312 3076 4368 εί
3128 4329 3180 4369 τι
3219 4315 3410 4387 ἕτερον
3447 4314 3587 4386 μετὰ
3612 4317 3830 4371 τούτων

2222 4403 2513 4474 ἐτύγχανε.
2549 4406 2844 4476 Διανείμας
2875 4406 2933 4460 δὲ
2962 4402 3140 4459 ταῦτα
3187 4406 3332 4460 κατά
3361 4405 3456 4461 τὸν
3479 4405 3618 4459 θεῖον
3649 4406 3827 4475 νόμον

522 4501 582 4549 et
621 4493 766 4549 hanc
819 4496 1006 4549 animo
1049 4506 1316 4567 perpetuo
1363 4497 1656 4561 versabat,
1706 4502 1871 4552 nocte
1919 4494 2122 4563 dieque

524 4585 991 4657 quemadmodum
1013 4602 1142 4644 eum
1168 4597 1399 4659 augeret
1421 4586 1806 4644 considerans.
1838 4585 2122 4654 Qttamoh—

2221 4492 2304 4562 οἷς
2333 4497 2461 4564 ἔδει,
2493 4498 2593 4552 καὶ
2614 4498 2799 4569 πάσης
2834 4498 3029 4552 ἑαυτὸν
3055 4497 3338 4568 φροντίδος
3367 4499 3555 4570 γητνης
3592 4496 3829 4551 ἐλευθε-

2225 4591 2428 4663 ρώσας,
2467 4591 2600 4661 μίαν
2638 4591 2759 4644 ἀντὶ
2790 4590 3012 4644 πάντων
3049 4588 3266 4661 ἐκείνην
3286 4589 3505 4655 ἐδέξατο
3539 4589 3828 4660 φροντίδα,

527 4693 644 4737 rem
669 4681 828 4738 labor
853 4682 929 4736 illi
956 4681 1250 4737 crescebat
1272 4682 1518 4748 assidue,
1541 4678 1828 4753 majorque
1853 4690 1911 4737 et
1938 4683 2114 4737 inten-

2222 4681 2321 4754 τὴν
2339 4682 2433 4736 τοῦ
2458 4681 2788 4745 καλέσαντος
2821 4680 3143 4754 θεραπείαν,
3172 4681 3267 4734 καὶ
3294 4680 3500 4753 ταύτην
3529 4680 3832 4735 ἀνελίττων

526 4777 646 4835 sior
691 4777 854 4834 liehat
912 4777 1148 4846 indies,
1201 4778 1504 4850 suavisque
1555 4784 1676 4832 erat
1724 4786 1779 4834 et
1838 4781 2118 4852 voluptate

2226 4776 2286 4828 ὲν
2342 4776 2408 4845 τῇ
2455 4773 2601 4845 ψυχῇ
2641 4773 2905 4845 διετήρει,
2946 4772 3166 4846 νύκτωρ
3195 4791 3256 4827 τε
3307 4773 3403 4829 καὶ
3446 4772 3566 4845 μεθ’
3608 4774 3830 4846 ἡμέραν

525 4869 744 4938 plenus,
772 4868 963 4945 procul
1003 4878 1198 4925 arcens
1249 4870 1581 4930 satietatem.
1643 4868 1779 4927 Nam
1830 4887 1903 4928 ne
1953 4874 2118 4928 mini-

2229 4866 2624 4938 σκοπούμενος,
2679 4867 2829 4931 ὅπως
2880 4865 3087 4938 ταύτην
3113 4866 3393 4939 αὐξήσειε.
3428 4865 3637 4919 Τούτου
3662 4865 3824 4919 ἕνεκα

526 4973 674 5016 mam
704 4960 924 5031 quidem
958 4960 1066 5019 diei
1090 4968 1300 5035 partem
1326 4964 1566 5020 otiosum
1610 4964 1771 5020 illum
1815 4967 2115 5035 quisquam

2225 4961 2256 5013 ὁ
2292 4958 2454 5023 πόνος
2507 4958 2656 5030 αὐτῷ
2708 4957 2973 5029 διηνεκῶς
3020 4958 3237 5031 ηὕξετο,
3276 4959 3372 5013 καὶ
3418 4959 3672 5014 ἐπίτασιν
3701 4954 3822 5011 καθ’

527 5054 667 5109 vidit
691 5072 704 5110 :
731 5053 825 5111 sed
845 5055 1212 5126 psalmodiam
1229 5056 1434 5124 oratio,
1455 5057 1764 5112 orationem
1786 5057 2118 5127 psalmudie,

2227 5051 2469 5120 εκάστην
2494 5051 2713 5122 ἡμέραν
2750 5051 2986 5121 ἐδέχετο,
3020 5050 3114 5107 καὶ
3154 5052 3362 5121 γλυκὺς
3389 5047 3480 5124 ἦν,
3506 5052 3602 5106 καὶ
3630 5051 3829 5122 ἡδονῆς

523 5150 584 5200 et
646 5147 983 5215 utrumque‘
1039 5146 1357 5202 divinorum
1400 5147 1569 5202 lectio
1624 5147 1961 5218 excipiebat.
1999 5154 2118 5214 post

2230 5143 2534 5207 εὶνάπλεως,
2568 5139 2665 5197 καὶ
2720 5142 2915 5213 πόρρω
2969 5140 3062 5197 τὸν
3103 5145 3268 5217 κόρον
3301 5143 3565 5199 ἐλαύνων.
3614 5144 3689 5196 Οὐ
3719 5144 3837 5211 γάρ

528 5238 646 5292 hanc
680 5238 1021 5295 venientium
1052 5240 1335 5310 hospitum
1383 5252 1540 5303 cura,
1584 5246 1698 5294 tum
1749 5239 1863 5292 alia
1917 5236 2118 5293 deinde

2235 5252 2308 5298 rt;
2342 5234 2507 5288 αὐτὸν
2536 5234 2803 5290 ἐθεάσατο
2832 5238 3052 5288 πώποτε
3086 5236 3262 5308 βραχὺ
3305 5235 3438 5306 γοῦν
3468 5236 3657 5308 μορίον
3680 5236 3836 5306 ἠμέ-

526 5329 849 5385 necessaria
915 5345 1083 5400 opera
1126 5329 1522 5385 succedebant.
1554 5327 1890 5405 Huiusmodi
1948 5329 2118 5385 vitam

2229 5342 2330 5401 ρας
2366 5327 2689 5399 ἀναπαύλης
2740 5329 3134 5400 μεταλαχόντα,
3168 5330 3305 5385 ἀλλά
3336 5326 3436 5402 τὴν
3467 5331 3567 5402 μὲν
3593 5329 3836 5403 ιῖιαλμῳ-

527 5432 724 5492 agens,
769 5429 825 5477 et
881 5421 1089 5476 imitari
1149 5421 1507 5492 cupientibus
1566 5421 1794 5476 virtutis
1840 5423 2118 5492 exemplar

2223 5421 2346 5475 δίαν
2374 5422 2408 5492 ἡ
2434 5420 2590 5492 εὐχὴ,
2619 5421 2720 5489 τὴν
2741 5420 2798 5474 δὲ
2827 5421 2993 5494 εὐχὴν
3041 5424 3076 5494 ή
3114 5422 3426 5495 ψαλμῳδία,
3451 5423 3745 5495 ἀμφότερα
3773 5424 3832 5476 δι

528 5510 779 5580 selpsum
833 5526 1190 5584 prapouens,
1246 5513 1401 5567 velut
1450 5512 1795 5581 suaviloquia
1867 5512 2117 5582 quwdam

2226 5516 2260 5586 ἡ
2286 5513 2395 5567 τῶν
2425 5513 2588 5567 θείων
2613 5513 2811 5583 λογίων
2839 5514 3148 5585 ἀνάγνωσις
3173 5516 3445 5588 διεδέχετο
3462 5530 3476 5548 ο
3511 5512 3630 5570 εἶτα
3654 5517 3688 5587 ή
3717 5515 3832 5568 τῶν

530 5601 673 5667 avis,
732 5604 939 5658 multos
1008 5603 1095 5659 sui
1151 5604 1373 5674 generis
1434 5604 1490 5658 in
1550 5603 1825 5659 salutares
1890 5603 2118 5674 laqueus

2227 5607 2646 5678 ἀφικνουμένων
2674 5606 2961 5680 ἐπιμέλεια
2985 5608 3181 5675 ξένωνο
3231 5610 3424 5665 ἔπειτα
3470 5609 3599 5666 ἄλλο
3638 5626 3690 5662 τι
3716 5609 3832 5662 τῶν

531 5693 728 5748 illexit.
2229 5699 2546 5767 ἀναγκαίων
2597 5699 2777 5772 ἔργων
2851 5701 3082 5771 ἐγίνετο.
3153 5702 3244 5757 Ἐν
3297 5703 3511 5767 τούτοις
3558 5704 3651 5757 τὸν
3707 5702 3830 5771 βίον

530 5787 755 5852 ὁδεύων,
809 5788 904 5841 καὶ
963 5790 1269 5860 ἀρχέτυπον
1317 5792 1517 5863 ἀρετῆς
1548 5794 1660 5855 τοῖς
1703 5790 1898 5863 ζηλοῦν
1938 5793 2283 5866 βουλομένοις
2315 5796 2701 5870 προκείμενος,
2749 5792 2838 5854 οἶά
2896 5816 2979 5865 τις
3031 5799 3179 5871 ὄρνις
3224 5801 3536 5867 εὐκέλαδος,
3594 5800 3827 5866 πολλοὺς

534 5876 643 5929 τῶν
678 5877 964 5949 ὁμοφύλων
999 5882 1077 5944 εἰς
1110 5882 1178 5936 τά
1231 5884 1472 5961 σωτήρια
1494 5885 1668 5939 ταῦτα
1702 5889 1987 5961 συνήγειρε
2022 5888 2290 5960 θήρατρα.
