4030 6478
280 495 412 565 1353

1501 495 1909 558 RELIGIOSA
1949 495 2336 581 HISTORIA.

3408 506 3545 576 1354

348 610 511 665 Ἀλλά
566 627 670 665 κατ
746 609 922 682 ἀρχὰς
968 610 1066 681 μὲν
1138 608 1331 664 οὐδένα
1381 610 1627 663 σύνοικον
1705 607 1849 680 ἔχειν

2024 607 2293 664 Caeterum
2333 610 2493 666 initio
2523 612 2736 668 nullum
2772 615 2878 671 sub
2913 616 3106 674 eodem
3161 634 3348 676 secum
3401 630 3547 679 tecto

277 703 565 774 ηνέσχετοσ
604 701 829 774 βραχεῖς
858 701 915 755 δὲ
965 703 1240 765 οἱκίσκους
1278 699 1610 772 ἀγχιθύρους
1639 699 1847 753 οἰκοδο⁶

275 790 410 862 μῶν,
441 790 608 844 αὐτὸν
654 791 778 843 καθ’
810 789 1003 844 ἑαυτὸν
1031 789 1262 844 ἕκαστον
1291 790 1401 843 τῶν
1448 790 1737 844 συνιόντων
1771 790 1852 843 δι-

270 881 423 951 άγειν
442 880 684 948 ἐκέλευε,
709 882 920 952 ωχνῶς
942 881 1279 946 ἐπισκοπῶν,
1301 883 1396 936 καὶ
1418 884 1545 945 τοὺς
1573 881 1855 944 οἱκίσκους

266 971 713 1045 διερευνώμενος,
760 974 834 1042 μή
883 990 936 1026 τι
973 973 1119 1044 πέρα
1137 974 1234 1043 τῆς
1253 973 1443 1043 χρείας
1484 973 1854 1043 ἀποκείμενον

263 1067 459 1139 ἔχοιεν.
482 1067 621 1120 Φασὶ
660 1067 715 1120 δὲ
742 1067 905 1120 αὐτὸν
923 1068 1018 1120 καὶ
1035 1066 1174 1136 ζυγά
1198 1068 1593 1139 ἐπιφερόμενον
1623 1068 1717 1122 τὸν
1743 1069 1852 1122 τῶν

263 1158 447 1231 ἀρτων
497 1159 736 1228 σταθμὸν
799 1159 1282 1231 πολυπραγμονεῖν
1341 1158 1618 1229 ἀκριϐῶς,
1666 1161 1762 1214 καὶ
1804 1159 1859 1212 εἴ

265 1268 395 1305 ποτε
416 1250 569 1324 εὖροι
596 1251 690 1305 τοῦ
723 1251 1031 1323 ὡρισμένου
1073 1252 1312 1318 πλείονα,
1334 1252 1730 1323 δυσχεραίνειν,
1759 1253 1855 1307 καὶ

265 1344 716 1415 γαστριμάργους
771 1344 898 1407 τοὺς
964 1342 1123 1397 τοῦτο
1190 1342 1484 1406 ποιοῦντας
1532 1343 1848 1400 ἀποκαλεῖν.

277 1432 561 1487 τΕκέλευσε
592 1431 701 1502 γὰρ
736 1432 876 1503 μήτε
899 1432 1201 1496 ἐσθίοντας,
1250 1435 1387 1503 μήτε
1439 1434 1688 1498 πίνοντας
1723 1435 1855 1487 ἀνα-

264 1525 451 1596 μένειν
474 1527 567 1578 τὸν
593 1524 777 1596 κόρον,
816 1525 954 1579 ἀλλά
992 1525 1262 1580 τοσούτων
1315 1528 1631 1593 ἀπολαύειν,
1681 1530 1857 1585 ὁπόσα

258 1617 340 1688 τῷ
372 1618 589 1687 σώματι
623 1614 903 1687 παρέχειν¹
928 1617 1146 1689 ἀπόχρη
1185 1617 1283 1689 τὴν
1330 1618 1498 1688 ζωήν.
1544 1620 1603 1673 Ei
1633 1620 1689 1674 δέ
1722 1636 1854 1675 ποτε

260 1708 360 1761 καὶ
390 1706 501 1760 τῶν
527 1705 773 1776 πιτύρων
831 1706 1274 1777 ἀποκεκριμένον
1318 1708 1380 1761 τὸ
1421 1708 1650 1781 ἄλευρον
1701 1709 1856 1764 ὲθεὼ

267 1815 420 1860 σατο,
453 1798 529 1861 ώς
557 1797 925 1868 Συϐαριτικῆς
941 1799 1150 1870 τρυφῆς
1170 1799 1526 1864 ἀπολαύουσι,
1561 1804 1674 1866 τοῖς
1698 1802 1855 1857 τοῦτο

260 1888 582 1961 δεδρακόσιν
621 1889 960 1958 ἐλοιδορεῖτο.
1011 1891 1122 1944 Καὶ
1179 1889 1398 1963 νύκτωρ
1434 1892 1492 1946 δὲ
1525 1893 1856 1958 ἐξαπιναίως

262 1981 421 2054 παρά
442 1981 540 2051 τὴν
564 1981 795 2034 ἑκάστου
845 1980 1015 2053 θύραν
1063 1982 1481 2054 ἀφικνούμενος,
1527 1986 1576 2037 εἰ
1606 1984 1705 2055 μέν
1728 2003 1851 2039 τινα

259 2068 423 2145 εὗρεν
476 2073 841 2144 ἐγρηγορότα,
886 2074 982 2127 καὶ
1029 2073 1121 2126 τὸν
1165 2073 1301 2127 Θεὸν
1359 2074 1664 2145 ὑμνοῦντα,
1722 2079 1850 2148 σιγῇ

260 2164 430 2218 πάλιν
447 2161 759 2235 ἀπεχώρει·
783 2165 831 2217 εἰ
853 2164 909 2219 δέ
930 2182 1050 2219 τινα
1069 2164 1223 2236 ὕπνῳ
1250 2167 1614 2238 κατεχόμενον
1634 2167 1851 2238 ᾔσθετο,

258 2260 330 2327 τῇ
362 2255 508 2326 χειρὶ
539 2256 639 2326 μὲν
660 2255 758 2326 τὴν
785 2254 957 2326 θύραν
988 2256 1286 2323 ἐπάτασσε,
1317 2261 1380 2329 τῇ
1424 2258 1641 2331 γλώττῃ
1676 2260 1734 2314 δὲ
1763 2260 1855 2315 τὸν

258 2348 667 2417 κατακείμενον
698 2346 945 2423 ἔϐαλλεν,
978 2345 1054 2412 ὡς
1090 2348 1315 2413 πλείονα
1338 2350 1370 2419 ἢ
1393 2350 1500 2403 ἔδει
1531 2350 1610 2421 τῷ
1642 2351 1855 2421 σώματι

258 2440 365 2510 τὴν
400 2437 697 2509 θεραπείαν
718 2438 1117 2509 προσφέροντα.
1153 2438 1353 2494 Τοῦτον
1380 2440 1546 2494 αὑτοῦ
1576 2441 1667 2493 τὸν
1692 2443 1855 2496 πόνον

259 2530 377 2584 τῶν
405 2529 806 2600 ὀμογνωμόνων
845 2529 991 2594 τινὲς
1022 2530 1376 2601 θεασάμενοι,
1426 2531 1485 2584 ἓν
1519 2533 1684 2586 πᾶσιν
1710 2535 1856 2586 οἰκοο

259 2622 501 2693 δομῆσαι
567 2619 914 2690 καταγώγιον
977 2623 1365 2692 εἰσηγήσαντο.
1432 2622 1854 2695 Ἀκριϐἐστερον

261 2715 377 2785 γὰρ
401 2714 611 2782 ἔφασαν
655 2712 784 2776 τούς
837 2729 896 2766 τε
955 2713 1048 2767 νῦν
1092 2712 1505 2784 δεσπαρμένους
1540 2713 1851 2784 βιώσεσθαι,

264 2807 364 2859 καὶ
413 2805 576 2858 αὐτὸν
613 2806 714 2874 τῆς
751 2803 997 2867 πλείονος
1043 2805 1325 2877 φροντίδος
1347 2804 1852 2876 ἀπαλλαγήσεσθαι.

278 2899 536 2964 Ἐδέξατο
568 2897 666 2968 τὴν
691 2899 1010 2966 παραίνεσιν
1040 2899 1068 2952 ό
1110 2896 1442 2968 σοφώτατος,
1475 2900 1569 2953 καὶ
1600 2899 1854 2969 συναγεί-

266 3005 372 3058 ρας
401 2986 669 3051 ἅπαντας,
707 2993 801 3040 καὶ
840 2988 963 3051 τοὺς
995 2987 1224 3059 μικροὺς
1267 2989 1507 3052 ἐκείνους
1545 2990 1858 3055 καταλύσας

263 3079 566 3143 οἰκίσκους,
607 3078 703 3133 ἕνα
756 3078 814 3132 δὲ
868 3080 983 3142 τοῖς
1030 3079 1465 3149 συνειλεγμένοις
1507 3080 1853 3152 δειμάμενος,

263 3174 422 3244 κοινῇ
472 3188 528 3225 τε
584 3169 987 3236 πολιτεύεσθαι,
1036 3171 1132 3224 καὶ
1191 3172 1537 3245 παραθήγειν
1596 3174 1858 3246 ἀλλήλους

263 3265 502 3326 ἱκέτευε,
526 3264 620 3317 καὶ
645 3262 836 3318 τοῦτον
864 3262 964 3335 μὲν
997 3264 1097 3337 τὴν
1127 3265 1336 3320 ἐκείνου
1375 3267 1661 3338 μιμεῖσθαι
1686 3268 1857 3340 πραό-

258 3375 428 3428 τητα,
448 3359 655 3411 ἐκεῖνον
676 3356 731 3409 δὲ
757 3355 834 3427 τῷ
846 3354 1037 3410 τούτου
1056 3354 1203 3427 ζήλῳ
1224 3359 1553 3429 κεραννύναι
1581 3358 1641 3413 τὸ
1660 3361 1852 3432 πρᾶον,

259 3452 361 3504 καὶ
397 3450 556 3504 ἄλλον
592 3450 901 3522 ἀγρυπνίας
953 3450 1326 3520 μεταδιδόντα,
1358 3451 1448 3503 τοῦ
1474 3454 1573 3523 τῆς
1600 3455 1856 3522 νηστείας

259 3540 712 3612 μεταλαμϐάνειν
743 3540 1088 3612 μαθήματος.
1128 3559 1147 3593 ι
1184 3538 1340 3593 Οὕτω
1378 3540 1488 3610 γὰρ
1533 3545 1663 3613 παρ’
1694 3544 1857 3615 ἀλλή-

256 3635 398 3702 λων,
459 3633 586 3703 ἔφη,
629 3633 692 3686 τὸ
740 3632 917 3687 ἐνδέον
957 3632 1353 3703 λαμϐάνοντες,
1385 3633 1482 3705 τὴν
1516 3634 1856 3706 τελεωτάτην

258 3724 695 3796 κατορθώσομεν
731 3727 955 3797 ἀρετήν.
991 3724 1255 3796 Καθάπερ
1286 3727 1394 3798 γὰρ
1425 3728 1482 3779 ὲν
1513 3730 1633 3791 ταῖς
1653 3727 1857 3780 πολιτι-

256 3820 395 3882 καῖς
424 3819 672 3888 ἀγοραῖς,
711 3818 740 3870 ὁ
785 3818 885 3888 μὲν
922 3817 1102 3890 ἄρτων
1128 3817 1246 3870 ἐστὶ
1275 3819 1515 3890 πρατὴρ,
1563 3821 1591 3873 ὁ
1614 3819 1671 3872 δὲ
1695 3819 1858 3891 λαχά-

252 3929 397 3972 νων,
437 3912 467 3964 ὁ
494 3910 548 3964 δὲ
573 3909 804 3982 ἱματίων
852 3909 1115 3981 ἔμπορος,
1171 3909 1329 3974 ἄλλος
1386 3910 1441 3964 δὲ
1493 3910 1856 3981 ὑποδημάτων

250 4003 602 4077 δημιουργός
621 4017 635 4031 ³
667 4002 799 4072 παρ’
828 4002 1076 4073 ἀλλήλων
1112 4001 1171 4055 δὲ
1198 4001 1298 4072 τὴν
1328 4003 1517 4074 χρείαν
1543 4001 1858 4074 ὲρανιζόμε-

255 4112 348 4150 vat
380 4093 790 4166 θυμηρέστερον
815 4091 1153 4164 βιοτεύουσιν
1176 4111 1189 4125 ·
1216 4096 1244 4147 ὁ
1276 4094 1374 4164 μὲν
1402 4094 1510 4165 γὰρ
1535 4095 1752 4164 ἱμάτιον
1779 4095 1858 4149 δι-

257 4187 414 4250 δοὺς,
446 4184 838 4256 ἀντιλαμϐάνει
861 4185 1135 4257 ὑπόδημα,
1164 4185 1191 4238 ό
1218 4185 1273 4238 δὲ
1298 4186 1527 4256 λάχανον
1554 4186 1859 4257 ὠνούμενος

266 4276 586 4330 ἀποδίδοται
613 4275 811 4346 ἄρτον·
840 4272 1014 4338 οὕτως
1049 4276 1197 4346 ἡμᾶς
1235 4275 1485 4346 ἀλλήλοις
1536 4277 1860 4332 ἀντιδιδόναι

263 4370 543 4438 προσήκει
562 4367 663 4438 τῆς
685 4367 887 4438 ἀρετῆς
904 4365 975 4419 τά
991 4366 1333 4438 πολυτίμητα
1349 4367 1533 4441 μόρια.
1549 4366 1733 4422 »Οὕτω
1751 4367 1860 4420 τῶν

256 4459 634 4530 ὁμογλώττων
650 4458 1079 4529 γυμναζομένων
1109 4474 1169 4512 τε
1193 4459 1290 4512 καὶ
1314 4459 1750 4530 ἀγωνιζομένων,
1768 4461 1862 4515 καὶ

276 4551 500 4607 Ἑλλάδι
524 4553 674 4621 φωνῇ
687 4550 778 4627 τὸν
790 4550 924 4604 θεὸν
936 4552 1342 4621 ἀνυμνούντων,
1366 4552 1558 4606 ἐλαϐεν
1574 4553 1714 4625 ἔρως
1731 4570 1861 4607 ταυ-

1958 699 2205 755 habitare
2230 715 2430 770 passus
2484 712 2570 758 est
2605 721 2620 759 :
2653 703 2750 760 sed
2779 707 3008 779 exiguas
3035 708 3268 766 cellulas
3331 710 3548 769 foribus

1956 791 2170 848 vicinas
2195 792 2504 860 aadilieans,
2540 794 2788 865 singulos
2820 799 3051 853 seorsim
3070 798 3272 868 degere
3293 800 3545 869 iubebat,

1954 885 2184 941 cellulas
2210 885 2446 941 subinde
2491 888 2760 955 invisens,
2817 896 2875 944 et
2931 891 3237 947 observans
3280 895 3545 963 numquid

1956 986 2157 1047 praeter
2179 992 2267 1033 res
2281 979 2630 1034 necessarias
2651 980 2996 1035 reconditum
3024 982 3310 1039 haberent.
3340 985 3542 1039 Ferunt

1956 1067 2120 1120 etiam
2163 1066 2317 1121 illum
2354 1068 2617 1123 trutinam
2648 1069 3092 1127 circumferendo
3134 1074 3291 1142 panis
3322 1090 3546 1128 mensu-

1958 1168 2075 1208 ram
2110 1155 2399 1226 diligenter
2443 1159 2809 1230 expendisse,
2853 1169 2907 1215 et
2958 1158 3003 1216 si
3065 1162 3209 1217 ultra
3274 1171 3544 1219 statutum

1959 1244 2176 1316 pondus
2203 1246 2528 1311 invenisset,
2557 1265 2703 1320 :egre
2728 1252 2943 1318 tulisse,
3002 1261 3058 1309 et
3123 1254 3409 1311 helluones
3449 1258 3542 1327 qui

1960 1338 2065 1393 hoc
2094 1337 2340 1393 facerent
2370 1342 2698 1410 appellasse.
2731 1340 3077 1414 Jubehatque
3125 1353 3188 1399 ut
3238 1362 3419 1417 neque
3449 1363 3546 1403 co-

1958 1426 2261 1496 mederent,
2299 1444 2477 1499 neque
2515 1430 2772 1487 biberent
2795 1432 2861 1485 ad
2888 1434 3229 1497 satietatem,
3282 1437 3377 1492 sed
3427 1451 3549 1492 tau-

1958 1524 2077 1573 tum
2121 1529 2402 1575 sumerent
2449 1528 2717 1591 quantum
2762 1523 2829 1575 ad
2886 1525 3146 1578 tuendam
3189 1526 3353 1579 vitam
3404 1529 3540 1583 satis

1957 1617 2127 1666 esset.
2158 1610 2314 1677 Quod
2348 1612 2396 1668 si
2425 1613 2647 1682 quando
2668 1621 2936 1669 secretam
2961 1630 2992 1669 a
3055 1614 3363 1672 l‘urt‘m-ibus
3414 1616 3547 1673 fari--

1960 1715 2085 1755 nam
2111 1703 2584 1771 deprehendisset,
2635 1712 2903 1776 tanquam
2959 1690 3292 1779 Sybariticis
3332 1710 3547 1766 deliciis

1958 1793 2306 1865 indulgentes
2345 1795 2692 1867 ohjurgabat.
2717 1798 2861 1863 Quin
2893 1806 2945 1853 et
2984 1809 3150 1854 noctu
3201 1816 3422 1871 quoque
3476 1818 3563 1873 ex.

1959 1885 2259 1956 improviso
2287 1890 2516 1944 veniens
2551 1889 2617 1943 ad
2664 1890 2805 1946 ostia
2855 1891 3228 1962 singulorum,
3278 1897 3326 1949 si
3383 1910 3546 1963 quem

1958 1978 2269 2049 vigilantem
2306 1990 2365 2035 et
2397 1982 2569 2036 Deum
2612 1982 2929 2037 laudantem
2965 1984 3294 2052 odenderat,
3348 1987 3549 2042 tacitus

1958 2073 2269 2141 praeteribat
2309 2092 2321 2126 :
2370 2073 2583 2145 1163
2625 2075 2670 2129 si
2702 2090 2897 2131 somno
2937 2091 3262 2147 oppressum
3315 2084 3371 2132 et
3417 2077 3545 2133 dor-

1962 2164 2245 2227 mientem,
2284 2173 2339 2218 et
2377 2181 2538 2219 manu
2579 2164 2725 2222 fores
2766 2167 3039 2237 pulsabat,
3083 2177 3138 2224 et
3177 2169 3359 2239 lingua
3391 2170 3547 2224 illum

1961 2265 2020 2311 ut
2042 2260 2265 2329 corpori
2308 2259 2430 2329 plus
2458 2274 2619 2329 mque
2649 2261 2978 2316 servientem
3014 2262 3353 2332 increpabat.
3374 2262 3547 2329 Quem

1956 2345 2079 2416 ejus
2121 2347 2364 2402 laborem
2416 2336 2830 2405 considerantes
2886 2352 3107 2422 quidam
3174 2368 3205 2407 e
3241 2354 3545 2418 sodalibus,

1957 2455 2300 2511 suggrsserc,
2320 2450 2378 2495 ut
2399 2458 2566 2498 unum
2591 2443 2850 2499 omnibus
2868 2446 3131 2500 conderet
3149 2445 3544 2507 habitaculum.

1958 2528 2051 2582 Sic
2075 2529 2220 2584 enim
2255 2529 2525 2597 futurum,
2547 2541 2684 2586 utet
2722 2532 2815 2602 qui
2847 2532 3084 2604 dispersi
3114 2543 3273 2589 erant
3316 2550 3548 2590 accura-

1957 2620 2070 2676 tius
2093 2621 2362 2688 viverent,
2416 2632 2469 2678 et
2511 2623 2630 2705 ipse
2699 2640 2896 2694 magna
2940 2627 3336 2682 sollicitudinis
3393 2639 3552 2697 parte

1958 2711 2255 2768 levaretur.
2300 2711 2539 2768 Probato
2608 2714 2878 2776 consilio,
2939 2713 3026 2768 vir
3078 2717 3549 2785 sapientissimus.

1957 2818 2084 2858 cum
2105 2804 2477 2861 simulonmcs
2498 2815 2917 2877 congregasset,
2937 2805 3299 2877 disjectisque
3312 2808 3549 2872 cellulis,

1957 2911 2252 2953 commune
2280 2898 2538 2953 omnibus
2565 2898 2906 2954 domicilium
2939 2898 3289 2962 aediﬁcasset,
3337 2902 3553 2971 rogavit

1959 2995 2020 3042 ut
2057 3004 2166 3044 una
2206 2990 2473 3056 viverent,
2511 3006 2576 3044 ac
2603 3007 2728 3046 sese
2752 2999 2944 3046 rnutuo
2976 2994 3285 3049 excitarent
3318 3034 3333 3059 ,
3372 3007 3430 3047 ιιι
3460 2994 3551 3049 hic

1956 3077 2177 3148 quidem
2209 3078 2360 3133 illius
2389 3078 2699 3133 imitaretur
2722 3081 3229 3146 mansuetudinem,
3266 3081 3357 3137 ille
3380 3082 3552 3152 hujus

1959 3175 2078 3230 zelo
2107 3175 2584 3231 mansuetudinem
2622 3183 2998 3246 temperaret:
3029 3192 3175 3231 unus
3218 3177 3377 3231 alteri
3411 3177 3551 3247 vigi-

1960 3266 2062 3323 lias
2085 3268 2539 3332 communicaret,
2573 3266 2642 3323 ab
2677 3280 2853 3338 eoque
2885 3267 3130 3322 vicissim
3158 3267 3352 3339 jejunii
3375 3269 3548 3323 absti-

1959 3359 2198 3414 nentiam
2214 3358 2505 3413 edisceret.
2530 3376 2548 3408 ι
2574 3356 2665 3413 Sic
2680 3358 2851 3425 enim,
2870 3358 3072 3429 inquit,
3090 3373 3122 3413 ιι
3143 3359 3548 3414 nobisinvicem

1959 3450 2012 3504 id
2034 3450 2179 3519 quod
2198 3449 2349 3505 deest
2376 3459 2715 3516 mutuantes,
2733 3451 2990 3505 virtutem
3014 3452 3279 3507 omnibus
3300 3452 3550 3521 partibus

1958 3542 2268 3596 absolutam
2303 3532 2618 3597 reddemus.
2647 3542 2826 3612 Atque
2860 3550 2917 3595 ut
2965 3544 3018 3596 in
3069 3542 3192 3598 foro
3221 3558 3406 3598 rerum
3457 3558 3550 3600 ve-

1958 3633 2167 3693 nalium
2193 3633 2336 3685 alius
2369 3648 2537 3702 panes
2562 3633 2767 3696 vendit,
2799 3633 2940 3687 alius
2972 3633 3146 3697 olera,
3178 3633 3269 3690 hic
3315 3634 3546 3689 restium

1958 3723 2179 3779 institor
2197 3731 2305 3788 est,
2331 3725 2420 3779 ille
2440 3723 2626 3793 opifex
2650 3725 3177 3789 calceamentorum,
3210 3739 3240 3778 a
3270 3739 3329 3780 se
3359 3732 3544 3779 autem

1960 3816 2194 3871 invicem
2227 3815 2278 3869 id
2308 3829 2418 3885 quo
2464 3831 2601 3885 opus
2664 3815 2870 3870 habent
2925 3825 3333 3885 comparantes,
3377 3817 3544 3869 vitam

1959 3909 2539 3981 aguntjueundiorem
2574 3926 2587 3958 :
2622 3908 2716 3977 qui
2761 3908 2908 3963 enim
2960 3910 3055 3963 dat
3092 3913 3109 3931 '
3161 3918 3390 3971 vestem,
3445 3923 3547 3978 pro

1957 4018 2021 4059 ea
2061 4001 2280 4058 calceos
2312 3999 2533 4070 accipit,
2569 4006 2623 4055 et
2645 3999 2736 4070 qui
2768 3999 2902 4053 emit
2929 3998 3279 4062 olus,vendit
3311 4013 3540 4067 panem:

1960 4096 2035 4150 ita
2094 4102 2150 4150 et
2204 4109 2310 4149 nos
2337 4091 2580 4146 vicissim
2620 4097 2838 4160 oportet
2866 4090 3302 4159 pretiosissimas
3324 4087 3549 4142 virtutis

1960 4197 2146 4260 partes
2173 4189 2317 4243 inter
2341 4201 2441 4241 nos
2465 4191 2797 4255 permutare.
2836 4201 2854 4233 ι
2883 4183 3020 4238 Cum
3056 4183 3111 4236 in
3140 4182 3288 4236 lnmc
3322 4181 3544 4244 modum

1961 4280 2054 4350 qui
2085 4276 2332 4346 ejusdem
2358 4283 2520 4331 erant
2554 4274 2753 4343 linguae
2779 4279 3174 4328 exercerentur
3197 4278 3253 4326 et
3283 4271 3544 4327 decerta-

1962 4380 2107 4437 rent,
2135 4369 2340 4440 Deique
2396 4367 2586 4422 laudes
2635 4366 2829 4421 Graeco
2877 4380 3134 4420 sermone
3175 4363 3549 4431 celebrarent,

1962 4464 2110 4533 cepit
2141 4463 2280 4517 alios
2314 4461 2407 4529 qui
2447 4458 2627 4531 patria
2676 4457 2859 4528 lingua
2887 4457 3259 4526 loquebantur
3302 4455 3550 4525 ejusdem

1964 4555 2206 4611 instituti
2247 4552 2582 4608 desiderium
2615 4569 2631 4606 :
2686 4550 3125 4620 acccdentesque
3187 4564 3254 4605 ex
3285 4549 3551 4603 his.non-

257 4646 401 4718 τησὶ
419 4646 519 4715 τῆς
553 4631 828 4707 πολιτείας
858 4644 952 4697 καὶ
979 4644 1107 4708 τοὺς
1129 4647 1196 4715 τῇ
1214 4645 1465 4717 ἐγχωρίῳ
1485 4646 1858 4717 κεχρημένους

1964 4647 2100 4702 nulli
2128 4652 2391 4716 rogarunt
2419 4653 2479 4698 ut
2506 4644 2559 4697 in
2595 4657 2814 4714 gregem
2848 4649 3263 4711 coeptarentur,
3294 4647 3354 4694 ut
3391 4655 3550 4696 sacra

256 4736 555 4808 φωνῇ-καὶ
578 4733 975 4806 συνδραμόντες
997 4733 1139 4796 τινὲς
1154 4734 1414 4796 ἱκέτευον,
1430 4734 1643 4805 καὶτῆς
1660 4734 1862 4807 ἀγέλης

255 4826 552 4900 γενέσθαι.
577 4826 672 4882 καὶ
702 4826 801 4894 τῆς
843 4826 993 4897 ἱερᾶς
1023 4824 1190 4877 αύτοῦ
1230 4824 1583 4890 διδασκαλίας
1620 4828 1862 4898 μεταλα-

254 4922 391 4993 χεῖν
410 4935 424 4950 ·
463 4918 681 4986 ἐδέξατο
700 4919 753 4972 δὲ
789 4919 887 4987 τὴν
908 4916 1143 4989 αἴτησιν,
1160 4918 1261 4988 τῆς
1284 4920 1621 4990 Δεσποτικῆς
1657 4938 1866 4992 μεμνη-

260 5020 441 5086 μένος
476 5012 820 5082 νομοθεσίας,
852 5012 919 5084 ἣν
955 5014 1068 5076 τοῖς
1103 5012 1269 5082 ἱεροῖς
1296 5012 1695 5083 προσενήνοχεν
1730 5013 1867 5066 ἀποο

260 5106 512 5168 στόλοις,
567 5122 586 5154 ι
623 5103 1007 5175 Πορευθέντες,
1038 5103 1235 5173 λέγων,
1269 5104 1648 5174 μαθητεύσατε
1687 5104 1867 5158 πάντα

264 5196 352 5249 τά
406 5194 558 5260 ἔθνη.
611 5213 629 5245 ι
675 5194 780 5247 Καὶ
834 5196 963 5267 παρ’
1010 5195 1186 5248 ἐκεῖνο
1219 5194 1280 5247 τὸ
1319 5193 1663 5263 καταγώγιον
1686 5194 1872 5265 ἕτερον

257 5287 666 5357 οἰκοδομήσας,
703 5289 820 5340 ἐκεῖ
840 5287 1062 5352 τούτους
1091 5288 1299 5356 διάγειν
1316 5288 1561 5341 ἐκέλευε·
1598 5287 1732 5342 νεών
1753 5305 1873 5342 τινα

262 5378 427 5434 Θεῖον
457 5379 900 5444 κατασκευάσας,
958 5382 1038 5442 εἰς
1102 5379 1161 5433 ὃν
1209 5381 1303 5433 καὶ
1331 5380 1552 5441 τούτους
1585 5379 1874 5443 κάκείνους

266 5470 524 5528 συνιέναι
563 5469 889 5541 προσέταξεν
908 5470 1216 5542 ἀρχομένης
1240 5487 1297 5524 τε
1330 5472 1421 5524 καὶ
1442 5471 1717 5542 ληγούσης
1734 5469 1872 5541 ὴμέ-

269 5581 411 5638 ρας,
443 5562 533 5616 ἵνα
569 5563 661 5615 καὶ
711 5562 809 5632 τὴν
859 5561 1153 5632 ἑσπερινὴν
1180 5561 1290 5616 καὶ
1320 5556 1420 5633 τὴν
1459 5561 1690 5632 ἑωθινὴν
1729 5562 1869 5631 ὑμν-

266 5655 451 5727 ῳδίαν
486 5656 641 5725 κοινῇ
672 5652 1026 5723 προσφέρωσι
1054 5651 1133 5722 τῷ
1153 5652 1293 5723 Θεῷ,
1321 5652 1445 5724 διχῆ
1476 5653 1573 5724 μὲν
1606 5653 1871 5724 διῃρημέ-

269 5763 389 5811 νοι,
418 5744 513 5821 καὶ
545 5746 610 5814 τῇ
640 5742 817 5813 οἰκείᾳ
842 5740 1071 5806 ἕκαστος
1097 5744 1434 5815 κεχρημένος
1460 5745 1632 5816 φωνῇ,
1659 5747 1725 5798 ὲκ
1752 5743 1869 5797 δια-

386 5908 402 5947 ¹
452 5921 650 5978 Matth.
702 5937 898 5985 xxvm,
952 5919 1040 5974 19.

531 6015 804 6075 ΡΑτιωι..
840 6014 955 6074 Gn.
990 6009 1292 6073 LXXXII.

1966 4739 2088 4805 ejus
2113 4736 2409 4807 disciplina
2446 4733 2782 4791 fruerentur.
2821 4732 3033 4787 Annuit
3090 4731 3184 4787 ille
3224 4732 3547 4803 postulatis.

1967 4830 2104 4900 legis
2118 4842 2330 4883 memor
2349 4825 2664 4894 Dominicze,
2691 4841 2797 4895 qua
2821 4825 3030 4879 sanctis
3050 4823 3314 4893 apostolis
3340 4822 3556 4895 1164

1968 4919 2159 4981 edixit,
2197 4936 2217 4971 ι
2244 4916 2450 4972 Euntes
2469 4914 2663 4971 docete
2688 4930 2880 4971 ornnes
2907 4922 3095 4985 gentes
3124 4911 3200 4967 ι.»
3231 4912 3295 4967 Et
3320 4914 3551 4969 alterum

1966 5023 2138 5079 prope
2168 5017 2388 5063 struens
2423 5006 2823 5072 habitaculum,
2851 5005 2954 5060 hos
2995 5005 3068 5059 ibi
3105 5003 3309 5075 degere
3364 5003 3553 5073 jussit,

1971 5115 2300 5170 sacrumque
2326 5100 2588 5169 templum
2612 5097 2917 5162 adiﬁcans,
2954 5112 3020 5151 eo
3076 5105 3341 5166 utrosque
3396 5111 3557 5150 mane

1971 5209 2035 5249 ac
2066 5207 2290 5263 vespere
2317 5191 2619 5246 convenire
2643 5188 2925 5260 praecepit,
2983 5197 3044 5242 ut
3100 5188 3447 5257 vespertinas
3502 5197 3559 5243 et

1972 5285 2276 5340 matutinas
2311 5280 2504 5338 laudes
2549 5281 2662 5337 Deo
2732 5280 2898 5337 simul
2964 5278 3249 5346 oﬂ’errent,
3302 5278 3557 5335 bifariam

1971 5376 2196 5446 quidem
2228 5374 2430 5440 divisi,
2454 5380 2509 5430 ct
2562 5372 2790 5445 propria
2824 5373 3030 5443 quique
3097 5372 3281 5442 lingua
3317 5374 3559 5438 utentes,

1977 5468 2075 5525 sed
2099 5469 2328 5524 alternis
2367 5468 2516 5521 inter
2549 5480 2608 5521 se
2662 5463 3043 5519 concinentes.
3106 5461 3443 5534 Duravitque
3494 5465 3562 5519 ad

1980 5562 2126 5616 hunc
2158 5575 2332 5630 usque
2356 5559 2499 5614 diem
2535 5557 2657 5628 ejus
2687 5556 2860 5610 forma
2893 5554 3164 5620 instituti,
3190 5555 3269 5610 ita
3304 5565 3565 5628 utneque

1980 5664 2242 5722 tempus,
2300 5650 2448 5722 quod
2500 5650 2619 5704 haec
2679 5649 2897 5719 aliaque
2966 5647 3291 5717 hujusmodi
3353 5660 3564 5706 mutare

1980 5746 2139 5810 solet,
2173 5759 2351 5815 neque
2381 5742 2534 5797 illius
2581 5754 2941 5796 successores
2979 5740 3335 5811 praescriptas
3389 5738 3459 5793 ab
3496 5749 3565 5791 eo

3175 6008 3254 6069 b3
