4030 6436
564 469 700 535 1355

1509 466 1991 528 THEODOREI‘I
2032 468 2369 528 EPISCOPI
2407 469 2774 530 CYRENSIS

3683 458 3823 524 lsao

565 587 710 657 leges
737 584 1025 641 violandas
1058 582 1342 654 putarint:
1395 579 1560 652 idque
1586 597 1709 637 cum
1752 582 2136 653 praefecturam

2247 583 2401 658 δοχῆς
2424 583 2481 638 δὲ
2504 582 2603 655 τὴν
2630 582 2772 656 ᾠδὴν
2796 562 3235 654 ἀναπέμποντες.
3268 579 3514 650 Διιίμεινε
3550 576 3607 632 δὲ
3659 582 3823 651 μέχρι

565 676 713 729 illam
741 685 865 744 post
878 690 1003 730 eum
1022 688 1131 728 non
1151 672 1261 728 duo
1281 679 1482 738 tresve,
1505 671 1601 727 sed
1624 673 1938 743 complures
1957 671 2140 728 sortiti

558 768 696 822 sint.
712 766 846 821 Nam
869 781 993 821 cum
1014 766 1251 835 primum
1285 764 1395 830 ille,
1418 772 1643 837 peracto
1661 774 1984 828 certamine,
2010 765 2145 821 abiit

518 898 522 911 .
564 859 747 922 evita,
772 859 895 913 etin
928 857 1095 912 aliam
1126 856 1337 915 doloris
1368 868 1649 929 expertem
1669 858 1945 929 migravit,
1968 857 2146 912 Theo-

566 961 756 1005 ternas
786 949 1228 1021 Graecmlingure,
1270 950 1616 1021 Aphthonius
1653 947 1893 1020 Syriacae
1946 948 2144 1020 praefe-

563 1051 776 1098 cturam
814 1056 1152 1113 suscepere,
1211 1043 1486 1113 spirantes
1538 1041 1701 1095 ambo
1748 1041 1971 1096 virtutis
2028 1041 2149 1108 ejus

561 1134 1026 1201 statumqumdam
1057 1142 1111 1190 et
1144 1135 1431 1205 imagines.
1462 1132 1683 1188 Nullum
1716 1134 1861 1189 enim
1890 1148 1956 1188 ex
2001 1133 2148 1188 illius

564 1226 717 1278 obitu
746 1225 957 1280 doloris
976 1240 1200 1282 sensum
1225 1227 1309 1281 vel
1335 1228 1516 1281 socios
1534 1226 1619 1280 vel
1635 1234 1929 1280 extraneos
1953 1240 2150 1295 capere

565 1317 960 1385 permiserunt,
1000 1331 1126 1371 eum
1162 1330 1426 1387 expressa
1486 1317 1611 1370 vitae
1665 1315 1817 1369 illius
1853 1313 2148 1368 simulacra

561 1408 776 1476 seipsos
809 1409 1156 1463 exhiberem.
1195 1408 1301 1462 Sed
1352 1408 1576 1462 divinus
1631 1406 1987 1462 'l‘beotecnus
2037 1420 2147 1458 non

510 1534 519 1543 -
566 1502 729 1569 longo
792 1507 1038 1571 tempore
1078 1509 1363 1571 superstes
1420 1499 1805 1570 praefecturam
1863 1496 2152 1552 Theodoto

566 1592 811 1661 reliquit.
885 1592 1238 1662 Aphthonius
1291 1592 1546 1663 plurimis
1603 1592 1765 1646 anuis
1823 1589 2150 1660 supervixit,

564 1683 746 1751 gregis
777 1697 967 1737 curam
993 1698 1216 1754 gerens,
1249 1699 1485 1754 eumque
1517 1684 1686 1750 juxta-
1706 1681 1952 1754 praeﬁxas
2007 1681 2152 1752 leges

564 1773 902 1843 gubernans.
951 1775 1269 1831 Theodotus
1332 1775 1422 1828 hic
1483 1788 1699 1839 autem,
1772 1790 1836 1830 ex
1895 1774 2153 1829 Armenia

563 1868 855 1934 oriundus,
880 1882 1005 1923 cum
1036 1868 1341 1923 asceticum
1379 1867 1534 1921 illum
1574 1877 1776 1921 coetum
1829 1865 2152 1937 conspexis-

563 1967 669 2025 set,
707 1960 979 2029 principio
1029 1959 1247 2029 quidem
1282 1960 1628 2014 subditorum
1663 1973 1694 2013 e
1739 1972 1970 2012 numero
2023 1956 2148 2021 fuit,

567 2065 763 2120 magno
799 2049 1110 2105 Theotoeno
1141 2049 1473 2106 moderatori
1497 2052 1906 2119 obtemperans.
1936 2049 2150 2121 1135

572 2139 1291 2211 Postquamverouexcessit
1340 2141 1434 2196 ille
1489 2155 1519 2196 e
1572 2130 1761 2206 vivis,‘
1793 2152 1850 2195 ut
1907 2140 2045 2204 dixi,
2097 2151 2152 2196 et

566 2233 944 2301 praefecturam
1006 2233 1122 2302 ipse
1173 2234 1439 2302 suscepit,
1494 2241 1603 2288 tam
1632 2232 1820 2288 multis
1852 2232 2152 2287 virtutibus

575 2320 901 2384 abundavit,
928 2329 986 2375 ut
1011 2321 1281 2391 majorum
1312 2321 1539 2392 gloriam
1586 2324 1977 2392 propemodum
2024 2323 2151 2378 obs-

565 2413 799 2466 curarit.
844 2412 936 2466 Sic
999 2413 1144 2467 enim
1173 2413 1324 2467 illum
1368 2413 1591 2469 divinus
1625 2429 1782 2468 amor
1820 2412 2021 2478 aﬁ'eeit,
2073 2421 2153 2468 tot

563 2500 873 2571 talibusque
904 2503 1122 2573 sagittis
1157 2505 1485 2572 vulneravit,
1550 2514 1609 2560 ut
1658 2513 1823 2562 nocte
1882 2508 1901 2526 '
1947 2506 2149 2577 dieque

563 2594 1303 2664 compunctionislacrymas
1336 2594 1637 2653 funderet:
1692 2606 1845 2651 tanta
1909 2598 2151 2656 refertus

562 2691 649 2738 est
689 2684 926 2752 spiritali
953 2686 1151 2757 gratia,
1187 2695 1244 2741 ut
1272 2686 1363 2741 illo
1400 2696 1661 2758 precante
1704 2688 1930 2744 silerent
1962 2705 2152 2747 omnes

562 2777 660 2843 qui
685 2776 935 2843 aderant,
962 2787 1017 2832 et
1039 2779 1213 2833 sacris
1242 2779 1349 2833 illis
1370 2779 1552 2834 verbis
1573 2780 1765 2835 intenti
1785 2780 1922 2836 solis
1944 2793 2148 2845 essent,

568 2868 873 2924 studiosam
895 2869 1197 2926 orationem
1230 2885 1354 2926 esse
1382 2871 1717 2927 auditionem
1741 2873 1917 2941 ipsam
1946 2872 2152 2928 ducen-

559 2966 666 3013 tes.
692 2956 828 3025 Quis
844 2959 988 3014 enim
1019 2959 1408 3016 adamantinos
1438 2961 1575 3015 adeo
1623 2960 1745 3026 fuit,
1798 2961 1959 3031 cujus
2020 2962 2149 3015 aui-

559 3064 707 3105 mum
738 3048 903 3105 verba
935 3049 1026 3105 illa
1057 3051 1137 3107 sic
1164 3051 1377 3122 prolata
1414 3066 1524 3106 non
1554 3053 1966 3108 demulcerent?
1991 3054 2150 3124 cujus

559 3140 821 3197 duritiem
841 3150 898 3198 et
918 3142 1342 3199 inobedientiam
1402 3160 1512 3200 non
1566 3145 1919 3211 emollirent,
1966 3154 2021 3201 et
2080 3146 2150 3201 ad

563 3233 675 3289 Deo
714 3234 1065 3289 serviendum
1090 3235 1448 3293 traducerent
1477 3237 1658 3306 20pes
1706 3237 1880 3307 igitur
1938 3238 1991 3292 in
2030 3237 2150 3294 dies

561 3324 643 3380 sic
663 3340 894 3397 augens,
923 3341 1225 3398 sacrosque
1247 3328 1542 3385 thesauros
1594 3329 1800 3385 talibus
1852 3331 2144 3388 cumulans

561 3416 747 3483 bonis,
770 3432 897 3473 cum
927 3433 1104 3473 annos
1154 3419 1403 3490 quinque
1462 3434 1631 3490 supra
1668 3420 1863 3490 viginti
1924 3435 2143 3492 gregem

565 3508 826 3578 perisset,
854 3509 1135 3579 appositus
1170 3519 1276 3572 est,
1321 3518 1380 3567 ut
1412 3508 1696 3581 Scriptura
1731 3510 1919 3566 divina
1961 3512 2143 3583 loqui—

563 3606 672 3661 tur,
710 3597 778 3654 ad
810 3607 996 3670 patres
1039 3615 1195 3666 suos,
1232 3601 1292 3656 in
1350 3601 1492 3657 bona
1548 3601 1782 3659 eductus
1835 3613 2140 3669 senectute,

563 3690 804 3747 habenas
840 3692 1065 3747 tradens
1087 3692 1427 3760 'l‘heotecno,
1471 3709 1675 3765 genere
1701 3695 1926 3764 quidem
1951 3694 2143 3753 fratris

562 3783 697 3847 ﬁlio,
723 3782 819 3840 sed
854 3784 1102 3839 moribus
1134 3784 1311 3839 fratri.
1344 3784 1574 3841 Divinos
1600 3799 1731 3839 vero
1755 3784 1847 3840 ille
1889 3783 2141 3855 Aphtho-

559 3874 711 3940 nius,
746 3888 873 3930 cum
901 3889 1078 3932 annos
1105 3877 1345 3946 amplius
1373 3875 1737 3947 quadraginta
1780 3877 1957 3931 choro
2002 3889 2144 3946 prte-

563 3965 780 4032 fuisset,
812 3965 997 4022 sedem
1027 3967 1280 4023 ascendit
1316 3967 1712 4037 pontillealem,
1770 3983 1872 4024 nec
1912 3968 2140 4039 pallium

562 4067 781 4114 mutans
810 4059 1135 4125 aseeticum,
1163 4072 1266 4114 nec
1296 4058 1544 4114 tunicam
1585 4073 1879 4129 caprarum
1936 4074 1969 4114 e
2013 4059 2141 4130 pilis

560 4159 911 4219 contextam,
964 4151 1218 4221 cibisque
1279 4150 1474 4207 iisdem
1512 4160 1696 4214 utens,
1754 4150 1957 4222 quibus
2013 4158 2144 4206 ante

559 4244 939 4314 episcopatum
960 4243 1304 4299 vescebatur.
1328 4241 1392 4295 Et
1414 4242 1670 4312 quamvis
1711 4240 2142 4296 sollicitudinem

563 4333 709 4387 illam
750 4343 1087 4403 susceperat,
1115 4333 1295 4403 gregis
1318 4340 1498 4389 tamen
1523 4334 1698 4387 nihilo
1734 4332 1919 4388 secius
1952 4345 2142 4385 curam

558 4424 806 4493 gerebat,
841 4422 963 4480 dies
986 4424 1060 4479 ibi
1086 4424 1397 4493 complures
1414 4423 1642 4488 ducens,
1664 4431 1719 4476 et
1749 4438 1899 4478 nunc
1920 4422 2141 4493 quidem

560 4515 948 4573 dissidentium
1000 4516 1125 4571 lites
1172 4530 1551 4586 componens,
1613 4529 1762 4570 nune
1812 4529 2143 4586 quacunque

2245 676 2340 728 ml
2369 676 2609 747 τήμερον
2669 675 2789 728 τόδε
2844 673 2946 744 τῆς
2985 672 3260 734 πολιτείας
3288 670 3350 725 τὸ
3394 670 3560 732 εἶδος·
3592 670 3686 721 καὶ
3712 668 3824 721 οὐδ’

2244 767 2273 820 ὁ
2297 764 2487 837 κρόκος
2517 767 2545 820 ὁ
2568 765 2746 821 ταῦτα
2784 767 2879 820 xui.
2931 764 3160 821 τοιαῦτα
3205 762 3455 835 ἀμείϐειν
3486 759 3827 831 φιλονεικῶν,

2244 860 2345 930 οὐχ
2373 859 2423 911 oi
2444 859 2544 929 τὴν
2573 859 2785 913 ἐκείνου
2808 857 3137 929 κηδεμονίαν
3170 855 3541 925 διαδεξάμενοι
3599 853 3832 923 ἀνατρέ-

2244 950 2345 1020 ψαι
2375 967 2428 1003 τι
2456 948 2564 1003 τῶν
2590 951 2679 1003 ὑπ’
2708 950 2916 1004 ἐκείνου
2950 949 3215 1004 τεθέντων
3242 944 3643 1016 ἀνεπείσθησαν
3664 945 3829 1015 ὅρων·

2248 1042 2345 1094 καὶ
2371 1041 2546 1096 ταῦτα
2569 1042 2630 1095 οὐ
2660 1040 2754 1095 δύο
2781 1044 2875 1095 καὶ
2896 1040 3089 1113 τριῶν,
3113 1040 3250 1094 ἀλλά
3280 1040 3375 1093 καὶ
3406 1036 3667 1090 πλειόνων
3700 1034 3837 1087 ταύ-

2248 1150 2348 1203 την
2376 1133 2480 1204 τὴν
2507 1133 2806 1204 ἠγεμονίαν
2858 1130 3285 1203 διαδεξαμένων.
3351 1128 3527 1192 Εὐθὺς
3573 1127 3672 1199 μὲν
3702 1126 3836 1195 γὰρ.

2250 1222 2461 1275 ἐκείνου
2489 1222 2582 1276 τὸν
2604 1221 2794 1291 ἀγῶνα
2817 1221 3263 1295 πεπληρωκότος,
3294 1220 3390 1272 καὶ
3413 1218 3563 1271 τόνδε
3592 1217 3683 1270 τὸν
3719 1215 3841 1286 βίον

2252 1314 2658 1381 ὑπεξελθόντος,
2692 1314 2786 1367 καὶ
2832 1314 2912 1377 εἰς
2935 1312 3034 1385 τὴν
3065 1312 3269 1367 ἄλυπον
3312 1310 3529 1381 ἐκείνην
3558 1308 3838 1379 μεταϐάν-

2250 1425 2339 1471 τος
2401 1407 2567 1479 ζωὴν,
2647 1407 2942 1470 Θεότεκνος
3005 1406 3103 1477 μὲν
3141 1405 3240 1475 τῆς
3305 1403 3558 1466 Ἑλλάδος
3623 1402 3837 1470 φωνῆς,

2267 1499 2546 1569 ’Λφθὸνιος
2575 1498 2634 1552 δὲ
2678 1502 2777 1568 τῆς
2814 1497 2994 1569 Σύρας
3038 1497 3136 1568 τὴν
3167 1496 3467 1568 ἡγεμονίαν
3506 1493 3839 1558 διεδέξαντο,

2253 1591 2553 1663 ἀμφότεροι
2586 1590 2780 1659 στῆλαί
2797 1606 2942 1652 τινες
2962 1586 3191 1659 ἐμψυχοι
3223 1587 3316 1640 καὶ
3339 1586 3545 1661 εἰκόνες
3568 1585 3665 1654 τῆς
3690 1581 3846 1634 ὲκεί-

2253 1697 2347 1736 νου
2382 1680 2585 1751 ἀρετῆς
2639 1680 2948 1749 γενόμενοι.
2986 1676 3256 1748 Οὑδεμίαν
3299 1676 3407 1745 γὰρ
3431 1673 3551 1729 οὔτε
3578 1677 3691 1737 τοῖς
3721 1691 3853 1726 συν-

2253 1772 2427 1835 οὖσιν,
2459 1771 2581 1825 οὔτε
2608 1774 2723 1836 τοῖς
2771 1770 2972 1837 ἔξωθεν
3008 1769 3425 1840 ἀφικνουμένοις
3456 1766 3708 1839 αισθησιν
3738 1765 3846 1819 λα-

2256 1866 2374 1919 δεῖν
2390 1864 2491 1934 τῆς
2520 1866 2730 1919 ἐκείνου
2752 1864 3008 1935 τελευτῆς
3029 1861 3437 1934 συνεχώρησαν,
3468 1862 3608 1929 σφᾶς
3639 1859 3847 1922 αὐτοὺς

2254 1957 2355 2026 τῆς
2378 1956 2587 2011 ἐκείνου
2618 1956 2896 2018 πολιτείας
2937 1956 3213 2024 ἐκμαγεῖα
3265 1952 3593 2016 δεικνύντες.
3630 1949 3773 2003 Ἀλλ’
3816 1951 3852 2002 ὁ

2261 2050 2358 2120 μὲν
2421 2049 2562 2113 θεῖος
2613 2048 2906 2112 Θεότεκνος
2952 2048 3013 2102 ού
3073 2047 3240 2100 πολὺν
3288 2044 3588 2107 ἐπιϐιώσας
3621 2044 3843 2113 χρόνον,

2256 2141 2496 2211 Θεοδότῳ
2524 2140 2623 2212 τὴν
2654 2140 2956 2213 ἡγεμονίαν
3004 2139 3325 2210 παρέδωκεν
3349 2151 3364 2165 ’
3407 2137 3435 2189 ὁ
3459 2135 3514 2189 δὲ
3556 2134 3848 2204 Ἀφθόνιος

2255 2237 2349 2290 ἐπὶ
2391 2235 2643 2291 πλεῖστον
2709 2234 2947 2304 διέμεινε
2998 2235 3098 2307 τῆς
3132 2232 3336 2302 ἀγέλης
3378 2230 3843 2302 ἐπιμελούμενος,

2256 2330 2352 2383 καὶ
2388 2326 2530 2383 κατά
2556 2327 2683 2389 τοὺς
2715 2325 3006 2396 κειμένους
3034 2324 3236 2395 νόμους
3259 2321 3476 2375 ἰθύνων.
3522 2321 3580 2374 '0
3613 2320 3670 2373 δὲ
3700 2320 3845 2372 θεό-

2255 2421 2409 2484 δοτος
2454 2415 2611 2483 οὗτος
2666 2417 2775 2472 ἀπὸ
2833 2419 2933 2488 τῆς
2991 2414 3283 2485 ’Δρμενίας
3339 2412 3685 2484 ὁρμώμενος,
3737 2411 3848 2481 τὴν

2255 2511 2562 2583 ἀσκητικὴν
2612 2508 2831 2577 ἐκείνην
2877 2498 3187 2577 συμμορίαν
3241 2505 3601 2575 θεασάμενος,
3634 2502 3703 2556 τά
3740 2504 3849 2572 μὲν

2256 2601 2453 2675 πρῶτα
2504 2599 2643 2675 μετὰ
2702 2596 2813 2651 τῶν
2861 2596 3121 2667 ὑπηκόων
3166 2594 3443 2659 ἐτέτακτο,
3490 2591 3568 2662 τῷ
3615 2591 3847 2661 μεγάλῳ

2256 2692 2537 2762 Θεοτέκνῳ
2599 2688 2938 2759 κυϐερνῶντι
2975 2686 3315 2755 πειθόμενος.
3364 2683 3580 2753 Ἐπειδὴ
3630 2683 3712 2749 δὲ,
3761 2683 3848 2745 ὡς

2256 2787 2416 2858 ἔφην,
2450 2787 2477 2837 ὁ
2516 2784 2615 2856 μὲν
2674 2782 3034 2853 ὲξεδήμησεν,
3083 2777 3245 2841 αὐτὸς
3281 2776 3465 2847 δὲτὴν
3497 2774 3849 2847 προστασίαν

2256 2874 2558 2949 παρέλαϐε,
2581 2872 2857 2936 τοσούτοις
2901 2869 3174 2940 ὲκόμασεν
3214 2864 3460 2935 ἀγαθοῖς,
3484 2865 3558 2926 ὡς
3585 2864 3847 2933 ἀποκρύ-

2253 2967 2353 3038 ψαι
2383 2965 2581 3037 μικροῦ
2617 2965 2726 3018 δεῖν
2751 2963 2880 3025 τοὺς
2918 2960 3218 3033 προτέρους
3242 2959 3308 3031 τῇ
3334 2958 3511 3030 φήμῃ.
3546 2954 3708 3009 Οὕτω
3729 2954 3847 3027 γὰρ

2255 3058 2422 3113 αὐτὸν
2456 3059 2484 3111 ό
2532 3056 2675 3119 θεῖος
2723 3054 3127 3124 κατειργάσατο
3180 3049 3367 3114 πόθος,
3412 3049 3505 3101 καὶ
3558 3047 3851 3115 τοσούτοςς

2255 3150 2416 3205 αὐτὸν
2503 3147 2598 3203 καὶ¹
2674 3140 2936 3209 τοιούτοις
3013 3143 3323 3215 κατέτρωσε
3437 3138 3683 3211 βέλεσιν,
3763 3141 3843 3201 ὡς

2255 3244 2470 3317 νύκτωρ
2527 3240 2621 3295 καὶ
2676 3239 2793 3310 μεθ’
2856 3238 3072 3310 ἡμέραν
3133 3236 3233 3307 τῆς
3291 3231 3639 3298 κατανύξεως
3703 3249 3842 3305 προ-

2252 3335 2400 3408 χέειν
2468 3333 2538 3387 τά
2595 3331 2839 3404 δάκρυα’
2891 3327 3163 3398 τοσαύτης
3210 3326 3266 3380 δὲ
3316 3324 3698 3397 πνευματικῆς
3741 3322 3841 3395 χάο

2248 3443 2393 3498 ριτος
2445 3426 2727 3489 ἀνάπλεως
2788 3419 2877 3495 ἦν.
2919 3422 2995 3486 ὡς
3058 3418 3495 3491 προσευχομένου
3536 3417 3699 3490 σιγᾷν
3741 3416 3841 3488 μὲν

2245 3518 2493 3581 ἅπαντας
2516 3517 2643 3579 τοὺς
2665 3514 2959 3585 παρόντας,
2985 3512 3197 3565 ἐπαΐειν
3223 3509 3281 3564 δὲ
3333 3508 3507 3580 μόνων
3527 3508 3636 3561 τῶν
3672 3506 3837 3578 ἱερῶν

2244 3610 2469 3665 ἐκείνων
2495 3607 2776 3681 ῥημάτων,
2830 3604 3140 3677 προσευχὴν
3174 3599 3469 3656 σπουδαίαν
3502 3598 3602 3672 τὴν
3632 3599 3835 3671 ἀκρόα-

2245 3720 2331 3755 σιν
2358 3700 2721 3773 ήγουμένους.
2757 3698 2855 3762 Τίς
2897 3695 3009 3768 γὰρ
3037 3694 3210 3759 οὕτως
3255 3692 3619 3764 ἀδαμάντινος
3640 3687 3730 3763 ἧν,
3756 3690 3828 3754 ὡς

2244 3792 2466 3847 ἐκείνων
2495 3790 2670 3854 οὕτως
2720 3786 3183 3860 προσφερομένων
3211 3783 3321 3838 τῶν
3357 3784 3534 3854 λόγων
3565 3785 3642 3856 μὴ
3663 3798 3817 3836 κατα-

2245 3884 2535 3956 θελχθῆναι
2580 3883 2680 3955 τὴν
2726 3880 2926 3953 ψυχὴν,
2962 3879 3060 3934 καὶ
3102 3878 3165 3932 rb
3218 3876 3454 3949 σκληρὸν
3484 3877 3693 3947 ταύτης
3736 3875 3825 3929 καὶ

2244 3976 2471 4041 ἀπειθὲς
2495 3970 2903 4044 καταμαλάξαι,
2928 3969 3027 4024 καὶ
3063 3969 3206 4041 πρὸς
3229 3969 3328 4039 τὴν
3357 3968 3512 4022 θείαν
3532 3967 3829 4040 θεραπείαν

2249 4067 2614 4140 μεταγαγεῖν;
2641 4064 2798 4119 Οὕτω
2815 4063 2939 4117 καθ’
2970 4062 3207 4133 ἑκάστην
3244 4059 3461 4133 ἡμέραν
3482 4058 3575 4113 τὸν
3600 4059 3837 4115 πλοῦτον

2244 4158 2444 4227 αὔξων,
2497 4158 2591 4212 καὶ
2647 4156 2777 4220 τοὺς
2816 4154 3051 4228 ἀσύλους
3105 4153 3417 4225 θησαυροὺς
3443 4150 3677 4223 πλήρεις
3725 4152 3837 4205 τῶν

2243 4250 2501 4302 τοιούτων
2530 4246 2752 4317 ἀγαθῶν
2809 4244 3148 4314 ἀποφαίνων,
3183 4243 3348 4296 πέντε
3392 4241 3488 4295 καὶ
3518 4239 3696 4295 είκοσι
3738 4241 3843 4312 ἐτη

2245 4340 2516 4410 ποιμάνας
2543 4337 2604 4390 rb
2626 4336 2897 4408 ποίμνιον,
2926 4333 3232 4406 προσετέθη
3269 4333 3405 4404 πρὸς
3426 4333 3556 4396 τοὺς
3588 4332 3841 4403 πατέρας

2244 4430 2434 4494 αὐτοῦ,
2479 4430 2622 4484 κατά
2657 4430 2759 4499 τὴν
2813 4427 2964 4481 θείαν
3007 4425 3254 4499 Γραφὴν,
3294 4425 3527 4494 τραφεὶς
3572 4426 3631 4477 ἐν
3671 4426 3844 4497 γήρει

2242 4521 2415 4593 καλῷ,
2448 4520 2727 4590 Θεοτέκνῳ
2751 4516 3017 4589 ἀδελφιδῷ
3060 4517 3158 4589 μὲν
3182 4516 3296 4570 ὅντι
3313 4516 3375 4569 τὸ
3414 4516 3593 4584 γένος,
3616 4516 3847 4586 ἀδελφῴ

559 4606 812 4664 molestia
864 4606 998 4677 quis
1039 4605 1348 4660 adiceretur
1395 4604 1559 4675 opem
1609 4602 1812 4672 ferens,
1865 4605 2139 4662 interdum

2247 4617 2302 4671 δὲ
2327 4615 2423 4669 τὸν
2445 4614 2669 4685 τρόπον,
2708 4612 2805 4677 τὰς
2859 4613 3015 4684 ἡνίας
3072 4609 3371 4683 παραδούς.
3397 4610 3509 4663 Kal
3546 4609 3576 4659 ὁ
3612 4610 3843 4676 θεῖος-δὲ

557 4699 720 4756 etiam
746 4698 987 4756 divinam
1007 4698 1289 4753 sodalibus
1350 4696 1792 4752 exhortationem
1843 4699 2136 4754 exhibens.

557 4792 737 4862 Atque
774 4790 891 4847 hac
925 4790 1142 4861 1163
1170 4788 1383 4860 singula
1420 4788 1502 4844 sic
1527 4788 1839 4860 praestabat,
1882 4798 1942 4844 ut
2001 4805 2139 4845 con-

557 4882 927 4939 tubernalium
952 4880 1171 4936 interim
1200 4878 1528 4936 vestimenta
1560 4881 1880 4947 resarciret,
1914 4880 2141 4951 legumi-

556 4991 632 5031 na
685 4980 1047 5047 expurgant,
1097 4972 1435 5029 frumentum
1497 4973 1780 5034 ablueret,
1839 4979 1935 5027 aut
1992 4971 2139 5028 aliud

553 5064 838 5136 quidpiam
866 5071 1051 5134 ageret
1091 5061 1384 5132 ejusmodi.
1421 5061 1503 5117 Ad
1560 5062 1708 5118 hunc
1749 5063 1843 5117 ille
1890 5062 2137 5124 modum,

554 5165 609 5211 et
636 5156 1013 5225 pontificatum
1053 5170 1281 5218 ornans,
1311 5165 1363 5210 et
1412 5170 1623 5226 augens
1682 5156 1965 5219 virtutem,
2013 5168 2138 5207 cum

555 5248 719 5317 hujus
767 5249 1032 5307 oneribus
1076 5250 1356 5305 caelestem
1410 5254 1629 5319 portum
1680 5246 1925 5301 intravit.
1994 5243 2139 5310 Quid

557 5342 804 5407 porrode
845 5340 1161 5397 Tbeoteeno
1189 5342 1372 5397 dicere
1428 5340 1665 5403 attinet,
1728 5348 1823 5393 aut
1871 5337 1940 5392 de
1991 5336 2139 5392 illius

556 5442 881 5487 successore
908 5429 1198 5501 Gregorio,
1237 5446 1477 5502 quorum
1538 5429 1651 5496 ille,
1703 5444 1831 5484 cum
1894 5443 1924 5482 a
1960 5428 2137 5500 prima

572 5526 734 5575 mlate
768 5535 943 5588 genus
969 5537 1132 5579 omne
1162 5524 1383 5579 virtutis
1431 5522 1786 5586 excoluisset,
1823 5537 1948 5579 eum
1993 5522 2137 5577 avita

558 5608 732 5675 gloria
766 5609 1004 5667 decessit
1044 5632 1060 5669 :
1090 5614 1227 5670 alter
1260 5614 1534 5686 hodieque
1561 5620 1846 5683 superstes
1891 5614 1944 5667 in
2006 5629 2136 5683 pro-

538 5709 712 5758 vectu
742 5710 1024 5760 senectute
1043 5712 1302 5776 tanquam
1334 5708 1390 5761 in
1415 5714 1608 5778 vegeto
1629 5720 1861 5775 corpore
1884 5707 2137 5763 laborat?

558 5791 803 5849 Perstitit
831 5793 974 5848 enim
1010 5796 1139 5852 vitis
1182 5796 1421 5853 fructum
1478 5798 1700 5868 penitus
1744 5813 2036 5869 respuens,
2069 5815 2134 5854 ac

557 5901 624 5940 ne
646 5893 800 5940 aceto
828 5885 1045 5955 quidem
1080 5889 1159 5945 vel
1191 5888 1311 5942 uvis
1352 5890 1530 5957 passis
1582 5896 1764 5952 utens,
1817 5905 1915 5944 nec
1970 5891 2129 5956 lacte,

2243 4708 2454 4767 ἐκεῖνος
2489 4703 2769 4773 Ἀφθόνιος
2793 4702 3017 4756 πλείονα
3064 4702 3100 4773 ἣ
3146 4701 3563 4772 τεσσαράκοντα
3606 4699 3705 4774 ἔτη
3738 4699 3841 4755 τοῦ

2242 4796 2402 4868 χοροῦ
2425 4796 2855 4868 προστατεύσας,
2875 4794 2975 4864 τῆς
2990 4790 3400 4864 ἀρχιερωσύνης
3414 4790 3513 4862 τὴν
3535 4792 3848 4864 προεδρίαν

2240 4886 2477 4954 ἐδέξατο,
2531 4885 2654 4941 οὔτε
2702 4887 2802 4959 τὴν
2862 4884 3171 4955 ἀσκητικὴν
3233 4881 3530 4948 ἐναλλάξας
3575 4883 3837 4954 σισύραν,

2239 4979 2362 5034 οὔτε
2378 4981 2468 5034 τὸν
2497 4978 2559 5045 ἐξ
2589 4978 2810 5047 αίγείων
2831 4977 3034 5048 τριχῶν
3059 4973 3569 5045 κατεσκευασμένον
3597 4974 3828 5044 χιτῶνα·

2240 5071 2332 5124 καὶ
2358 5070 2544 5123 σιτίων
2565 5068 2864 5139 ἀπήλαυεν,
2912 5067 3044 5120 οἴων
3084 5065 3192 5137 πρὸ
3239 5066 3337 5134 τῆς
3380 5063 3678 5135 προεδρίας
3730 5066 3855 5119 ἀπ-

2241 5162 2429 5231 ήλαυε.
2462 5159 2576 5215 Καὶ
2613 5158 2817 5228 ταύτην
2846 5158 2903 5211 δὲ
2932 5155 3033 5229 τὴν
3064 5155 3392 5226 κηδεμονίαν
3426 5154 3841 5225 ἀναδεξάμενος

2237 5253 2392 5305 οὐδὲν
2407 5247 2572 5324 ἦττον
2591 5252 2690 5322 τῆς
2719 5249 2922 5318 ἀγέλης
2951 5248 3167 5319 ἐκείνης
3196 5246 3519 5317 ἐπεμελεῖτο
3536 5262 3549 5276 ·
3584 5248 3707 5300 ἐκεῖ
3730 5247 3846 5311 τὰς

2239 5343 2461 5406 πλείους
2493 5342 2782 5413 διατρίϐων
2803 5341 3039 5411 ἡμέρας,
3061 5339 3154 5393 καὶ
3190 5338 3282 5393 νῦν
3321 5339 3419 5409 μὲν
3445 5336 3553 5391 τῶν
3581 5335 3847 5407 ζυγομα-

2237 5435 2479 5506 χούντων
2500 5434 2599 5498 τὰς
2622 5434 2804 5504 ἔριδας
2833 5431 3092 5495 διαλύων,
3120 5429 3215 5485 νῦν
3261 5429 3318 5483 δέ
3342 5429 3451 5485 τῶν
3481 5429 3574 5499 ὑφ’
3603 5429 3847 5482 ὁτουοῦν

2238 5527 2626 5597 ἀλγυνομένων
2679 5525 3003 5596 ποιούμενος
3064 5523 3343 5594 πρόνοιαν,
3398 5522 3586 5575 ἄλλοτε
3616 5520 3674 5575 δὲ
3712 5523 3847 5584 tot;

2238 5618 2540 5683 θιασώταις
2559 5620 2659 5688 τὴν
2682 5619 2831 5671 θείαν
2854 5618 3177 5689 προσφέρων
3197 5615 3540 5687 παραίνεσιν.
3560 5615 3675 5668 Καὶ
3699 5615 3851 5667 τού-
3891 5642 3903 5654 -

2237 5729 2349 5765 των
2405 5712 2637 5765 ἕκαστον
2664 5710 2813 5779 ἕδρα,
2846 5709 2918 5763 τά
2962 5709 3073 5764 τῶν
3120 5708 3445 5779 ὁμοσκήνων
3479 5705 3685 5778 μεταξὺ
3723 5722 3847 5759 περ

2242 5801 2559 5873 ριρῤἀπτων
2582 5799 2767 5869 ῥάκια,
2817 5798 2851 5869 ἢ
2895 5798 2987 5852 τὸν
3023 5798 3197 5869 φακὸν
3244 5797 3610 5869 ἐκκαθαίρων,
3656 5794 3689 5864 ἢ
3726 5795 3851 5850 τὸν

2240 5895 2390 5945 σῖτον
2424 5891 2722 5954 ὲκπλύνων,
2756 5892 2789 5963 ἢ
2822 5891 2949 5946 ἀλλο
2990 5909 3042 5945 τι
3087 5890 3198 5945 τῶν
3229 5888 3487 5943 τοιούτων
3513 5885 3851 5958 μεταχειρι-
