4030 6430
407 442 540 506 i357
1637 443 2041 507 RELIGIOSA
2080 442 2467 506 HISTORIA.
3521 438 3657 504 I358

397 554 529 620 ζων.
545 551 702 609 Οὕτω
719 552 813 610 καὶ
830 552 931 628 τὴν
958 555 1249 629 προεδρίαν
1283 557 1587 633 κοσμήσας,
1609 558 1702 612 καὶ
1731 557 1832 626 τὴν
1852 557 1980 628 ἀρε-

2081 574 2176 614 seu
2203 558 2439 627 liquido.
2475 573 2570 613 seu
2596 565 2854 615 concreto
2880 577 2893 613 :
2922 557 3002 614 sic
3037 557 3183 619 enim
3203 557 3386 615 vivere
3428 574 3657 630 magnus

396 644 499 717 τὴν
522 647 859 719 ὲπαυξήσας,
905 649 1044 720 μετὰ
1069 648 1178 703 τῶν
1205 648 1409 720 ταύτης
1440 648 1673 722 φορτίων
1705 649 1796 703 τὸν
1839 640 1980 702 θεῖον

2086 648 2316 709 Publius
2349 647 2611 713 edixerat.
2650 647 2765 707 Oiei
2805 663 2931 704 vero
2959 664 3121 705 usum
3159 656 3407 720 tempore
3461 647 3660 705 Pente-

397 737 594 808 λιμένα
628 739 920 797 κατέλαϐε.
945 741 1057 799 Καὶ
1090 741 1143 794 τί
1179 740 1258 794 δεῖ
1283 740 1465 810 λέγειν
1503 741 1633 813 περὶ¹
1658 741 1974 802 Θεοτέκνου.

2086 746 2267 795 costes
2308 739 2696 801 admittentes,
2736 752 2802 793 eo
2850 746 3040 809 postea
3097 755 3294 796 rursus
3351 730 3651 803 abstineo".

397 828 492 883 καὶ
523 830 615 893 τοῦ
642 831 759 900 μετ’
782 833 988 887 ἐκεῖνον
1009 832 1331 904 Γρηγορίου,
1357 832 1450 886 τοῦ
1483 832 1583 903 μὲν
1608 835 1665 887 ὲν
1689 832 1904 903 νεότητι
1936 832 2043 885 πᾶν
2066 825 2203 894 εἶδος
2237 830 2555 906 φιλοσοφίας
2584 829 2979 901 συνειληχότος,
3004 832 3099 887 καὶ¹
3121 832 3258 902 μετά
3278 833 3375 902 τῆς
3405 849 3657 903 προγονι-

398 919 505 990 κῆς
527 921 778 986 εὐκλείας
805 922 1303 996 ἀποδεδημηκότος,
1329 924 1424 976 τοῦ
1452 923 1508 977 δὲ
1533 923 1612 977 ἐτι
1641 923 1734 977 καὶ
1766 923 2003 995 σήμερον
2020 923 2078 976 ὲν
2104 922 2252 994 γήρᾳ
2279 919 2451 992 βαθεῖ,
2474 920 2549 983 ὡς
2564 921 2620 973 ὲν
2641 919 2944 991 ἀκμάζοντι
2978 921 3269 985 πονοῦντος
3302 922 3379 992 τῷ
3407 925 3618 995 σώματι
3640 963 3654 983 .

395 1011 644 1083 Διέμεινε
660 1012 769 1085 γάρ
801 1015 1079 1076 παντελῶς
1098 1015 1195 1085 τῆς
1214 1015 1459 1086 ἀμπέλου
1489 1016 1580 1068 τὸν
1598 1014 1809 1085 καρπὸν
1831 1011 2288 1085 παραιτούμενος,
2314 1010 2408 1065 καὶ
2432 1011 2552 1067 οὐδὲ
2574 1011 2730 1085 ὄξους
2768 1010 2800 1081 ἦ
2828 1012 3095 1083 σταφίδων
3116 1013 3569 1083 μεταλαμϐάνων,
3593 1017 3653 1067 οὗ

395 1103 691 1172 γάλακτος,
727 1106 828 1159 οὐκ
849 1104 1309 1178 ἀρτιληφθέντος,
1348 1107 1410 1161 οὐ
1435 1107 1764 1178 πεπηγότος.
1792 1105 1948 1160 Οὕτω
1973 1106 2084 1179 γάρ
2121 1103 2271 1176 βιοῦν
2319 1106 2348 1158 ὁ
2389 1106 2564 1176 μέγας
2607 1104 2967 1176 ἐνομοθέτησε
3008 1103 3292 1171 Πούπλιος.
3342 1103 3554 1157 Ἐλαίου
3601 1104 3657 1156 δὲ

396 1195 541 1249 κατά
572 1183 666 1249 τὸν
688 1196 787 1268 τῆς
814 1198 1191 1269 Πεντηκοστῆς
1228 1200 1419 1270 καιρὸν
1444 1200 1544 1270 τὴν
1580 1198 1771 1269 χρείαν
1804 1197 2183 1268 μανθάνοντες,
2226 1196 2321 1255 καὶ
2358 1197 2521 1255 πάλιν
2548 1195 2941 1268 παραιτοῦνται
2983 1195 3148 1250 αὐτοῦ
3188 1194 3287 1267 τὴν
3329 1194 3653 1265 μετάληψιν.

468 1286 705 1342 Τοιαῦτα
720 1289 817 1343 καὶ
836 1290 1072 1360 περὶτοῦ
1099 1291 1335 1361 μεγάλου
1370 1292 1638 1345 Πουπλίου
1661 1289 1974 1360 μεμάθηκα,

2154 1286 2278 1342 llaec
2304 1302 2403 1358 ego
2423 1287 2491 1343 de
2514 1301 2710 1358 magno
2731 1285 2925 1343 Publio
2959 1286 3258 1352 condidici,
3303 1289 3497 1358 partim
3532 1288 3658 1357 qui-

395 1375 467 1429 τά
499 1376 596 1446 μὲν
622 1378 759 1449 ἀκοῇ
789 1377 1102 1450 δεξάμενος,
1134 1380 1202 1434 τά
1229 1380 1287 1434 δὲ
1315 1380 1442 1443 τοὺς
1474 1380 1686 1434 ἐκείνου
1716 1378 1976 1449 φοιτητὰς

2088 1375 2212 1433 dem
2244 1377 2311 1433 ab
2342 1378 2468 1436 aliis
2500 1377 2710 1442 audita,
2746 1379 2948 1449 partim
3011 1377 3135 1447 ejus
3184 1379 3487 1450 discipulos
3518 1381 3534 1400 ¹
3573 1379 3660 1439 iu-

398 1467 735 1537 θεασάμενος
762 1469 856 1523 καὶ
874 1469 964 1524 τὸν
979 1470 1318 1535 διδάσκαλον,
1351 1472 1445 1527 καὶ
1474 1471 1561 1525 διὰ
1602 1471 1709 1525 τῶν
1731 1469 1977 1542 ἀθλητῶν

2091 1469 2296 1525 tuendo
2330 1468 2706 1539 indiscipulis
2745 1468 3068 1541 magistrum
3120 1484 3443 1546 agnoscens,
3486 1479 3537 1523 et
3592 1487 3655 1527 ex

396 1559 490 1609 τὴν
511 1557 866 1629 παιδοτρίϐην
900 1559 1253 1632 καταμαθών.
1284 1562 1504 1617 Ἀδικον
1540 1562 1718 1615 τοίνυν
1748 1562 1976 1632 νομίσας

398 1647 497 1702 καὶ
527 1647 817 1718 βάσκανον,
861 1651 1129 1723 τοσαύτην
1187 1652 1456 1723 ὠφέλειαν
1511 1651 1798 1724 προδοῦναι
1823 1655 1974 1723 σιγῇ.

397 1739 513 1800 τοῖς
561 1738 815 1806 ἀγνοοῦσι
855 1742 1221 1813 προστέθεικα
1257 1744 1318 1798 τὸ
1353 1744 1621 1816 διήγημα,
1661 1745 1755 1800 καὶ
1795 1744 1977 1809 αὐτοῖς

397 1824 499 1896 τὴν
525 1828 773 1885 ἐντεῦθεν
801 1829 1069 1901 ὠφέλειαν
1091 1834 1637 1905 πραγματευόμενος,
1655 1835 1978 1905 καὶὲμαυτῷ

397 1915 460 1969 τὸ
493 1916 602 1970 ἀπὸ
621 1919 721 1989 τῆς
746 1921 966 1991 μνήμης
1004 1922 1459 1996 περιποιούμενος
1482 1924 1692 1997 κέρδος.
1732 1926 1978 1979 Ἤκουσα

398 2004 509 2075 γὰρ
536 2006 629 2059 τοῦ
658 2008 928 2062 Δεσπότου
958 2010 1210 2077 λέγοντος
1232 2028 1246 2042 ·
1275 2031 1295 2064 ι
1330 2015 1446 2078 Πᾶς
1484 2015 1633 2077 ὅστις
1655 2014 1979 2086 ὁμολογήσει

398 2099 458 2151 ὲν
490 2099 612 2168 ἐμοὶ
634 2097 943 2170 ἔμπροσθεν
969 2103 1077 2155 τῶν
1106 2101 1429 2173 ἀνθρώπων,
1467 2104 1788 2175 ὁμολογήσω
1822 2104 1979 2174 κάγὼ

394 2190 457 2243 ἑν
478 2190 627 2261 αύτῷ
649 2189 956 2265 ἔμπροσθεν
982 2192 1076 2251 τοῦ
1098 2193 1312 2266 Πατρός
1333 2213 1454 2266 μου,
1478 2195 1571 2251 τοῦ
1596 2197 1653 2249 ἐν
1671 2197 1939 2268 οὐρανοῖς.
1953 2217 1972 2249 ι

399 2277 512 2342 Καὶ
537 2272 654 2332 οἶδα
685 2279 894 2349 σαφῶς,
918 2281 994 2346 ὡς
1021 2283 1133 2346 τοῖς
1155 2283 1464 2354 ἀνθρώποις
1497 2285 1593 2358 τὴν
1616 2285 1820 2340 τούτων
1847 2289 1978 2359 μνή·

402 2384 512 2439 μην
534 2367 939 2445 προσενεγκὼν,
974 2370 1072 2440 τῆς
1106 2372 1201 2425 ἐπὶ
1241 2372 1337 2426 τοῦ
1365 2374 1500 2429 Θεοῦ
1530 2375 1640 2433 τῶν
1676 2376 1814 2432 ὅλων
1846 2379 1977 2452 παρ’
2015 2450 2020 2455 π

398 2459 582 2513 αὐτῶν
607 2459 981 2532 ἀπολαύσομαι
1016 2464 1119 2534 μνή
1130 2460 1255 2535 μης.

682 2553 772 2620 ς’.
795 2582 866 2592 -
900 2553 1271 2608 ΣΥΜΕΩΝΗΣ
1311 2558 1352 2611 o
1375 2556 1693 2615 ΠΑΛΑΙΟΣ.

472 2641 764 2713 Συμεώνην
815 2643 873 2699 δὲ
928 2645 1018 2700 τὸν
1071 2647 1382 2719 πρεσϐύτην
1414 2648 1582 2713 εἴτις
1624 2649 1765 2706 ἑκὼν
1795 2669 1977 2725 παρα-

400 2727 651 2802 λ[ε]ίποι,
685 2731 777 2793 καὶ
802 2731 938 2804 λήθῃ
981 2733 1080 2804 τῆς
1121 2735 1331 2789 ἐκείνου
1361 2737 1677 2808 φιλοσοφίας
1710 2742 1977 2814 παραδοίη

401 2822 501 2893 τὴν
534 2821 792 2893 μνήμην,
825 2823 1036 2889 ἀδικίας
1087 2825 1154 2880 ἂν
1203 2828 1427 2893 εἰκότως
1457 2830 1550 2883 καὶ
1585 2829 1885 2901 βασκανίας
1915 2833 1979 2891 ού

402 2911 566 2980 φύγοι
608 2914 847 2984 γραφὴν,
898 2915 973 2978 ὡς
1026 2917 1163 2989 μήτε
1217 2919 1460 2973 ἐπαινεῖν
1510 2919 1711 2974 ἐθέλων
1755 2922 1823 2975 τά
1864 2923 1980 2990 ἀξι-

401 3003 622 3068 έπαινα,
653 2990 928 3074 μήτετοῖς
959 3005 1284 3076 ὠφελεῖσθαι
1318 3008 1665 3081 βουλομένοις
1694 3013 1775 3075 είς
1804 3012 1978 3084 μίμη-

404 3108 491 3145 σιν
518 3090 814 3163 ἀξιέραστα
847 3096 1142 3165 προτιθείς.
1185 3096 1327 3166 Ἐγὼ
1354 3098 1410 3151 δὲ
1447 3100 1508 3152 ού
1554 3099 1702 3172 φόϐῳ
1729 3101 1826 3172 τὴς
1848 3119 1978 3156 κατ·
2001 3131 2047 3191 C

400 3183 654 3254 ηγορίας,
681 3183 817 3238 ἀλλὰ
851 3184 999 3254 πόθῳ
1030 3190 1127 3257 τῆς
1174 3188 1472 3262 εὐφημίας.
1510 3190 1608 3262 τῆς
1648 3190 1799 3244 τοῦδε
1828 3191 1979 3246 πολι-ν

400 3276 553 3339 τείας
587 3277 879 3349 ποιήσομαι
927 3279 1026 3350 τὴν
1075 3279 1346 3350 διήγησιν.
1392 3273 1562 3347 Οὗτος
1594 3281 1702 3353 γὰρ
1732 3281 1980 3338 πλεῖστον

399 3368 486 3423 δτι
524 3369 757 3438 μάλιστα
781 3369 1045 3423 διετέλεσε
1087 3371 1277 3442 χρόνον
1309 3371 1398 3425 τὸν
1440 3373 1705 3443 ὲρημικὸν
1744 3372 1984 3441 ἀσπαζᾲ-

406 3452 566 3529 μενος
598 3458 733 3529 βίον,
764 3461 858 3514 καὶ
896 3459 952 3513 έν
1006 3479 1111 3514 τινι
1154 3460 1347 3532 βραχεῖ
1379 3460 1734 3532 διαιτώμενος
1777 3464 1978 3536 ἄντρῳ,

402 3546 737 3619 παραψυχῆς
768 3547 866 3618 μὲν
905 3547 1251 3619 ἀνθρωπίνης
1294 3549 1550 3618 οὐδεμιᾶς
1580 3550 1848 3622 ἀπήλαυε
1885 3551 1982 3621 μό-

401 3654 494 3701 νος
533 3638 642 3710 γάρ
667 3635 927 3708 βιοτεύειν
983 3638 1294 3709 προείλετο,
1327 3637 1405 3709 τῷ
1445 3637 1565 3709 Θεῷ
1593 3639 1649 3692 δὲ
1693 3639 1803 3693 τῶν
1843 3639 1980 3695 ὅλων

402 3727 698 3798 ἐνδελεχῶς
721 3728 989 3797 διελέγετο
1007 3746 1022 3761 ο
1053 3729 1153 3792 τὰς
1188 3728 1478 3801 ἐδωδίμους
1509 3729 1565 3783 δὲ
1601 3729 1711 3783 τῶν
1740 3729 1980 3803 βοτανῶν

403 3819 639 3872 ἐποιεῖτο
669 3820 896 3891 τροφήν.
924 3811 1093 3884 Οὗτος
1117 3823 1143 3873 ὀ
1164 3821 1325 3887 πόνος
1359 3820 1507 3892 αὐτῷ
1528 3821 1621 3874 καὶ
1648 3820 1748 3892 τὴν
1775 3820 1980 3876 ἄνωθεν

402 3909 668 3964 πλουσίαν
685 3911 1005 3982 ’ἐδωρήσατο
1033 3912 1192 3983 χάριν
1212 3953 1226 3978 ,
1274 3911 1349 3981 ὡς
1395 3912 1488 3967 καὶ
1521 3913 1634 3976 τοῖς
1663 3912 1978 3984 ἀλκιμωτά-

400 4018 518 4064 τοις
557 4001 651 4056 καὶ
683 4001 1043 4074 θρασυτάτοις
1076 4004 1384 4058 ἐπιτάττειν
1415 4005 1652 4083 θηρίοις..
1682 4004 1790 4058 Καὶ
1820 4005 1980 4061 τοῦτο

399 4092 562 4165 δῆλον
589 4093 650 4147 ού
688 4096 799 4158 τοῖς
825 4092 1074 4147 εὐσεϐέσι
1097 4093 1297 4167 μόνοις,
1320 4094 1455 4149 ἀλλά
1482 4096 1573 4149 καὶ
1596 4098 1708 4160 τοῖς
1729 4096 1979 4161 ἀπίστοις

414 4184 688 4248 Ἰουδαίοις
716 4182 952 4254 ἐγένετο.
998 4185 1203 4256 Χρείας
1228 4183 1328 4256 μὲν
1371 4185 1481 4257 γάρ
1509 4203 1652 4250 τινος
1688 4185 1851 4240 ἕνεκα
1882 4187 1981 4240 ἀπ·

403 4274 643 4347 εδήμουν
659 4273 740 4337 εἴς
763 4290 816 4327 τι
845 4275 955 4328 τῶν
980 4275 1273 4347 φρουρίων,
1296 4275 1404 4328 τῶν
1427 4276 1531 4341 ἔξω
1558 4277 1659 4347 τῆς
1692 4277 1812 4331 καθ’
1833 4278 1980 4350 ἡμᾶς

402 4365 731 4435 οἰκουμένης
767 4365 1147 4438 διακειμένων.
1196 4366 1384 4420 Ύετοῡ
1414 4367 1473 4421 δὲ
1516 4368 1719 4440 λάϐρου
1757 4370 1982 4440 γενομέ-

2080 1558 2301 1615 athletis
2325 1558 2678 1629 paedotribam
2704 1559 3203 1629 comprehenderis.
3241 1562 3417 1631 Iniqui
3453 1550 3583 1631 ergo
3605 1570 3658 1616 et

2080 1649 2254 1705 invidi
2290 1665 2414 1707 esse
2471 1665 2707 1709 censcns
2776 1658 2987 1707 tantam
3056 1652 3345 1709 utilitatem
3411 1668 3659 1727 premere

2081 1740 2323 1805 silentio,
2349 1740 2724 1796 nescientibus
2744 1740 2848 1797 ista
2876 1740 3121 1806 narravi,
3154 1748 3215 1795 ut
3266 1748 3322 1797 et
3368 1740 3478 1795 illis
3541 1754 3654 1795 Iun-

2080 1839 2300 1886 nantem
2336 1831 2464 1885 inde
2490 1830 2730 1887 fructum
2757 1846 3069 1900 procurem,
3106 1837 3161 1887 et
3193 1846 3261 1886 ex
3292 1846 3484 1891 eorum
3502 1844 3654 1885 coru-

2079 1922 2476 1976 memoratione
2540 1922 2745 1992 aliquid
2823 1923 2945 1990 ipse
3021 1920 3386 1977 lucrifaciam.
3456 1920 3654 1976 Audivi

2078 2010 2223 2065 enim
2285 2009 2578 2066 Dominum
2623 2013 2931 2067 dicentem:
2971 2030 2990 2063 ι
3057 2010 3159 2079 Qui
3216 2029 3303 2068 me
3361 2012 3655 2068 confessus

2080 2100 2244 2156 fuerit
2283 2115 2468 2155 coram
2527 2089 2865 2170 hominibus,
2918 2101 3223 2157 conﬁtebor
3268 2112 3323 2156 et
3383 2116 3484 2173 ego
3529 2117 3654 2157 eum

2080 2207 2262 2249 coram
2302 2192 2461 2249 Patre
2501 2195 2727 2265 meoqui
2754 2195 2916 2251 estin
2947 2195 3187 2258 caelis",
3234 2212 3252 2246 ι
3281 2194 3656 2264 exploraturu-

2078 2301 2185 2356 que
2231 2272 2405 2341 habeo
2470 2286 2739 2351 futurum,
2787 2295 2846 2343 ut
2897 2286 2942 2341 si
2962 2302 3158 2342 eorum
3216 2285 3357 2355 apud
3405 2285 3656 2341 homines

2077 2377 2415 2439 mentionem
2451 2376 2653 2441 fecero,
2690 2379 2792 2447 ipsi
2842 2377 3217 2449 quoque‘mei
3277 2377 3423 2448 apud
3482 2375 3653 2432 Deum

2078 2466 2458 2525 universorum
2494 2469 2866 2526 meminerint.

2273 2562 2484 2633 1167
2516 2561 2688 2616 VL—
2720 2559 3090 2617 SYMEONES
3127 2560 3441 2618 PRISCUS.

2151 2650 2483 2721 Symeonem
2503 2664 2633 2706 vero
2652 2665 2840 2706 senem
2867 2650 2915 2706 si
2932 2651 3059 2720 quis
3082 2665 3183 2705 sua
3208 2657 3407 2719 sponte
3436 2655 3657 2719 prreter-

2080 2739 2286 2805 mittat,
2328 2741 2709 2810 virtutumque
2735 2740 2862 2810 ejus
2894 2740 3232 2796 mentionem
3264 2739 3491 2795 silentio
3527 2754 3653 2808 pre—

2081 2840 2213 2897 rnat,
2249 2832 2468 2902 injuriae
2498 2832 2697 2891 merito
2720 2841 2774 2888 et
2803 2833 3022 2888 invidiae
3049 2839 3237 2887 notam
3268 2846 3377 2886 non
3407 2830 3652 2902 eli‘ugiet,

2080 2921 2257 2991 utqui
2290 2935 2389 2976 nec
2418 2919 2645 2976 laudare
2679 2922 2771 2978 illa
2815 2923 2949 2977 velit
2985 2936 3109 2992 quae
3172 2922 3449 2976 laudanda
3502 2929 3650 2984 sunt,

2082 3025 2183 3066 nec
2211 3026 2332 3081 quae
2360 3011 2544 3067 studio
2575 3012 2738 3085 digna
2761 3014 2829 3069 iis
2858 3013 2953 3085 qui
2978 3014 3247 3085 proiicere
3277 3013 3508 3082 cupiunt
3531 3015 3656 3068 imi-

2082 3101 2248 3157 tauda
2289 3118 2617 3174 proponere.
2669 3102 2784 3176 Ego
2815 3120 2946 3160 vero
2984 3106 3108 3176 ejus
3150 3106 3277 3160 vitae
3333 3105 3651 3162 institutum

2079 3208 2193 3249 non
2242 3195 2692 3265 reprehensionis
2755 3204 2939 3263 metu,
2990 3197 3088 3253 sed
3149 3197 3334 3253 laudis
3383 3197 3656 3254 desiderio

2082 3295 2409 3345 narraturus
2440 3303 2585 3345 sum.
2629 3288 2728 3345 llic
2755 3288 2901 3344 enim
2943 3289 3113 3344 vitam
3156 3290 3496 3346 eremiticam
3531 3291 3654 3346 lon-

2083 3376 2316 3449 gissimo
2341 3384 2591 3457 tempore
2625 3377 2808 3445 duxit,
2845 3393 3126 3457 parvaque
3166 3379 3221 3433 in
3264 3381 3528 3451 spelunca
3561 3381 3657 3439 de-

2081 3483 2215 3538 gens
2249 3453 2401 3531 nullo
2438 3468 2681 3531 humano
2729 3453 2925 3526 solatio
2970 3470 3276 3537 fruebatur,
3325 3474 3477 3530 solus
3508 3476 3653 3531 enim

2078 3560 2263 3616 vivere
2300 3559 2555 3624 malebat.
2590 3562 2683 3619 sed
2719 3578 2841 3617 cum
2868 3562 2977 3618 Deo
3008 3565 3396 3620 universorum
3426 3566 3652 3622 assidue

2081 3650 2525 3722 colloquebatur.
2548 3650 2746 3711 Ilerbis
2771 3661 2954 3707 autem
2977 3656 3279 3710 esculentis
3305 3656 3652 3713 vescebatur.

2085 3740 2201 3813 Quo
2230 3756 2295 3796 ex
2328 3741 2515 3799 labore
2537 3742 2824 3815 copiosum
2850 3744 3094 3799 cmlestis
3117 3745 3306 3813 gratiae
3335 3747 3651 3800 thesaurum

2082 3830 2320 3901 adeptus
2358 3840 2465 3896 est,
2498 3832 2578 3891 ita
2616 3840 2678 3887 ut
2720 3834 3139 3890 immanissimis
3187 3850 3252 3889 ac
3294 3834 3654 3892 ferocissimis

2075 3920 2275 3981 helluis
2320 3922 2637 3992 imperaret.
2687 3922 2743 3980 Id
2790 3906 3072 3995 quodnon
3133 3924 3384 3984 ﬁdelibus
3416 3934 3651 3989 tantum,

2080 4015 2179 4073 sed
2226 4012 2532 4071 incredulis
2583 4014 2746 4071 etiam
2800 4013 3006 4072 Iudaeis
3053 4016 3409 4073 notissimum
3455 4020 3655 4076 evasit:

2080 4105 2235 4162 Ibant
2257 4107 2403 4168 enim
2438 4106 2738 4177 aliquando
2778 4107 2982 4179 negotii
3022 4108 3335 4178 cujuspiam
3383 4124 3550 4166 causa
3598 4111 3651 4165 in

2080 4199 2339 4271 oppidum
2392 4198 2671 4273 quoddam
2721 4209 2881 4256 extra
2940 4200 3185 4272 regionis
3251 4209 3455 4257 nostra
3521 4202 3654 4258 lines

2081 4292 2346 4363 positum.
2376 4289 2553 4349 lmbre
2577 4299 2757 4350 autem
2794 4308 2918 4349 cum
2946 4293 3099 4349 venti
3129 4293 3370 4364 procella
3405 4293 3654 4351 elliuente

2084 4383 2346 4445 maximo,
2377 4397 2500 4437 cum
2529 4383 2794 4441 ulteriora
2822 4384 3009 4440 videre
3061 4399 3169 4438 non
3197 4392 3447 4455 possent,
3495 4386 3651 4441 aber-

404 4473 521 4520 νου,
553 4457 647 4511 καὶ
671 4456 934 4521 λαίλαπος
956 4457 1391 4531 προσϐαλούσης,
1429 4459 1857 4532 διαμαρτάνουσι
1879 4460 1978 4532 μὲν

2083 4478 2277 4531 rarunt
2335 4485 2363 4522 a
2407 4470 2518 4534 via,
2564 4472 2935 4543 errabantque
2978 4487 3076 4544 per
3126 4473 3503 4537 solitudinem,
3556 4489 3656 4530 occ

403 4546 507 4618 τῆς
534 4547 676 4611 ὀδοῦ,
702 4547 772 4600 τὰ
819 4547 1011 4620 πρόσω
1055 4547 1275 4619 βλέπειν
1302 4550 1363 4603 ού
1394 4550 1715 4622 δυνάμενοι·
1746 4551 1983 4605 ἀλῶνται

402 4634 463 4688 δὲ
487 4634 627 4691 κατὰ
678 4634 775 4706 τὴν
806 4636 1035 4709 ἔρημον,
1061 4635 1184 4690 οὗτε
1212 4637 1425 4709 κώμην,
1463 4639 1587 4692 οὔτε
1615 4640 1827 4711 ἄντρον,
1858 4639 1982 4699 οὕτε

402 4725 588 4795 όδίτην
605 4726 971 4799 εὑρίσκοντες,
1007 4727 1066 4780 ὲν
1091 4728 1302 4801 ἠπείρῳ
1335 4729 1393 4781 δὲ
1435 4729 1574 4801 μέσῃ
1620 4731 1734 4793 τοῖς
1764 4730 1982 4784 ναυτιλ-

405 4819 655 4890 λομένοις
704 4821 1084 4892 παραπλήσιον
1118 4819 1584 4895 κλυδωνιζόμενοι,
1627 4822 1981 4892 καταλαμϐά-

406 4928 590 4966 νουσιν
617 4907 728 4966 οῖόν
763 4929 886 4966 τινα
908 4913 1102 4983 λιμένα
1127 4912 1219 4966 τοῦ
1255 4912 1399 4967 θείου
1438 4913 1726 4983 Συμεώνου
1748 4913 1808 4967 τὺ
1842 4916 1982 4985 σπή-

405 5002 593 5066 λαιον,
627 5003 720 5056 καὶ
769 5004 1064 5075 θεωροῦσιν
1103 5004 1387 5076 ἄνθρωπον
1436 5004 1732 5074 αὐχμῶντα
1765 5007 1858 5059 καὶ
1896 5008 1983 5076 pu-

409 5095 618 5162 πῶντα,
651 5098 746 5150 καὶ
768 5097 940 5169 βραχύ
965 5115 1017 5150 τι
1039 5097 1266 5168 σισύρας
1294 5097 1388 5150 ἐπὶ
1410 5098 1518 5151 τῶν
1537 5097 1702 5168 ὤμων
1728 5098 1979 5172 φέροντα.

419 5187 482 5244 '0
505 5189 561 5243 δὲ
584 5185 688 5243 εἶδέ
719 5206 776 5243 τε
823 5188 958 5261 ὁμοῦ
1001 5192 1094 5243 καὶ
1129 5190 1435 5263 ἠσπάσατο.
1464 5191 1569 5244 Καὶ
1603 5191 1709 5263 γὰρ
1750 5193 1984 5262 εὐπροσ-

408 5283 611 5353 ήγορος
637 5278 727 5354 ἦν,
756 5284 848 5336 καὶ
869 5286 967 5355 τῆς
988 5283 1222 5353 ἀφίξεως
1249 5284 1413 5355 ἤρετο
1441 5284 1539 5355 τὴν
1578 5285 1776 5338 αἰτίαν.
1812 5286 1899 5348 Ὠς
1926 5286 1983 5340 δὲ

407 5374 472 5427 τὸ
497 5373 710 5443 συμϐὰν
732 5374 1080 5446 διηγήσαντο,
1104 5375 1199 5427 καὶ
1226 5376 1324 5446 τήν
1343 5374 1434 5427 ἐπὶ
1454 5374 1514 5427 τὸ
1549 5375 1805 5447 φρούριον
1820 5375 1982 5444 ἄγου-

411 5480 512 5516 σαν
561 5463 678 5515 ὁδδν
740 5463 929 5534 μαθεῖν
984 5463 1287 5528 ἱκέτευσαν,
1329 5482 1348 5515 ι
1394 5464 1669 5530 Μείνατε,
1713 5466 1850 5537 ἔφη,
1887 5468 1982 5521 καὶ

410 5554 726 5623 παραυτίκα
763 5554 893 5624 ύμῖν
952 5554 1207 5622 ἀγωγοὺς
1249 5553 1443 5618 δώσω,
1487 5554 1586 5626 τὴν
1639 5558 1982 5629 ποθουμένην

408 5643 527 5697 ὁδὸν
547 5644 944 5711 ἁποδείξοντας.
981 5664 999 5697 ι
1031 5645 1093 5699 Oi
1140 5644 1240 5715 μὲν
1276 5643 1367 5699 οὖν
1394 5646 1688 5710 ἐπείθοντο,
1724 5648 1818 5702 καὶ
1844 5648 1984 5707 διαν-

411 5733 707 5792 επαύοντοο
753 5735 1077 5806 καθημένων
1108 5735 1165 5790 δὲ
1198 5736 1396 5804 αὐτῶν,
1426 5736 1682 5803 ἀφίκοντο
1708 5737 1800 5792 δύο
1829 5739 1981 5797 λέον-

488 5844 526 5873 ¹²¹
557 5846 746 5904 Mattb.
783 5866 836 5916 κ,
863 5849 949 5903 52.

2082 4562 2264 4615 vicum
2306 4561 2501 4627 ultum,
2535 4578 2636 4621 nec
2661 4570 2904 4631 antrum,
2937 4578 3041 4619 nec
3071 4562 3337 4619 viatorem
3375 4562 3654 4619 oﬂ‘enden-

2081 4660 2167 4709 tes
2194 4672 2207 4708 :
2233 4662 2287 4709 et
2307 4669 2431 4709 cum
2467 4654 2644 4713 media
2675 4655 2729 4711 in
2759 4655 3097 4719 continente,
3134 4654 3360 4725 perinde
3383 4670 3448 4710 ac
3476 4657 3521 4711 si
3559 4671 3656 4711 na-

2080 4741 2354 4813 vigarent,
2389 4742 3095 4813 tempestatejactarentur,
3124 4743 3192 4798 ad
3219 4742 3391 4798 divini
3427 4742 3654 4815 Symeo-

2080 4832 2170 4889 nis
2189 4833 2510 4901 speluncam
2537 4833 2685 4893 velut
2702 4834 2755 4888 in
2775 4841 2992 4904 portum
3017 4833 3309 4905 quemdam
3333 4834 3651 4902 deveniunt,

2082 4925 2475 4995 hominemque
2508 4933 2749 4980 cernunt
2780 4926 3094 4994 squalidum
3111 4933 3167 4980 et
3187 4926 3449 4982 sordibus
3479 4927 3655 4982 horrio

2081 5016 2233 5082 dum,
2278 5017 2480 5073 laceris
2532 5017 2771 5087 pellibus
2808 5018 3068 5075 humeros
3122 5016 3408 5073 amictum.
3447 5017 3551 5083 Qui
3594 5032 3654 5075 ut

2084 5108 2320 5183 primum
2356 5123 2451 5166 eos
2481 5108 2619 5162 vidit
2653 5108 2948 5174 salutavit,
2976 5116 3096 5164 erat
3120 5109 3265 5163 enim
3295 5108 3531 5165 affabilis
3554 5149 3571 5175 ,
3599 5121 3655 5166 et

2084 5200 2352 5257 adventus
2374 5203 2390 5221 ‘
2416 5213 2645 5254 causam
2676 5199 2994 5257 sciscitatus
3022 5206 3129 5256 est.
3179 5198 3245 5255 Et
3272 5215 3395 5257 cum
3421 5215 3536 5257 rem
3574 5202 3652 5257 illi

2082 5300 2141 5345 nt
2170 5299 2424 5347 evenerat
2449 5290 2856 5360 exposuissent,
2889 5298 2943 5346 et
2968 5292 3108 5349 viam
3139 5306 3262 5363 qua
3294 5291 3361 5345 ad
3394 5292 3653 5364 oppidum

2082 5381 2308 5436 duceret
2337 5380 2552 5436 ostendi
2577 5390 2836 5452 rogarent
2860 5401 2873 5437 :
2906 5401 2925 5433 ι
2949 5383 3296 5454 Exspectate,
3327 5382 3426 5450 ait,
3455 5385 3654 5442 tantis-

2083 5484 2199 5541 per,
2235 5477 2291 5523 et
2324 5468 2542 5539 1168
2571 5484 2671 5540 ego
2702 5470 2875 5527 duces
2902 5472 3059 5528 vobis
3087 5471 3253 5537 dabo,
3280 5472 3374 5545 qui
3408 5482 3650 5542 Optatam

2083 5561 2225 5623 viam
2252 5567 2708 5617 commonstrent.
2745 5580 2764 5613 ι
2806 5561 3136 5621 Parentibus
3177 5565 3325 5631 illis,
3371 5565 3655 5636 quietique

2083 5649 2519 5722 iudulgentihus,
2547 5649 2677 5705 dum
2706 5653 2976 5719 resident,
2998 5655 3270 5712 advenere
3301 5656 3414 5713 duo
3445 5656 3651 5719 leones,

2087 5760 2196 5801 non
2243 5751 2402 5798 torvo
2446 5739 2726 5800 intuentes
2778 5754 3038 5818 aspectu,
3092 5748 3189 5805 sed
3248 5749 3396 5805 velut
3430 5746 3651 5802 domino
