4030 6416
422 454 553 519 1359

1472 441 1959 505 THEODORETI
1988 438 2325 499 EPISGOPI
2352 437 2719 497 (ΗΒΕ.ΝὸΙὸ

3538 430 3678 496 raw

330 568 341 571 “
415 566 654 636 cuipiam
699 554 1069 624 blandientes,
1116 575 1181 615 ac
1218 560 1538 615 servitutem
1586 557 1986 629 signiﬁcantes.

2109 570 2203 616 τες,
2233 552 2295 607 ού
2337 550 2598 623 βλοσυρὸν
2635 549 2953 620 βλέποντες,
2983 544 3099 600 ἀλλ’
3122 542 3234 600 οἷόν
3264 564 3383 600 τινα
3410 546 3676 617 δεσπότην
3738 562 3747 571 ’

392 655 517 731 ,ωε
547 671 800 711 annuens
825 653 997 724 jussit
1025 663 1085 707 ut
1124 652 1274 706 viros
1305 650 1429 707 illos
1457 648 1685 713 ducant,
1737 656 1904 718 atque
1937 646 1992 701 in

420 750 564 803 riam
597 749 864 803 reducant
900 746 1045 800 unde
1082 744 1320 814 digressi
1359 743 1709 797 aberrarant.
1750 739 1995 795 Fabulo-

420 854 538 895 sam
573 855 707 911 ergo
731 839 1106 894 narrationem
1137 836 1279 890 banc
1308 850 1471 890 nemo
1504 841 1678 905 putet,
1705 848 1828 887 cum
1853 832 1997 885 veri-

422 932 554 986 tatis
589 929 713 999 ejus
757 935 924 984 testes
974 927 1172 983 habeat
1223 941 1546 981 communes
1601 925 1795 979 hostes
1850 923 1996 978 veri-

422 1021 572 1076 tatis.
607 1020 776 1074 Iidem
807 1020 954 1073 enim
989 1018 1119 1089 ipsi,
1144 1018 1236 1088 qui
1266 1017 1597 1073 beneﬁcium
1627 1029 1914 1085 accepere,
1940 1012 1993 1067 id

421 1111 722 1185 pradicare
744 1126 852 1164 non
877 1110 1197 1165 cessabant.
1232 1107 1299 1162 Et
1338 1110 1441 1164 hoc
1479 1108 1613 1162 mihi
1644 1121 1878 1177 magnus
1908 1106 1998 1161 hic

419 1201 662 1259 Iacobus
694 1203 967 1267 narravit,
993 1202 1088 1272 qui
1151 1214 1211 1256 se
1237 1200 1483 1255 adfuisse
1514 1199 1716 1265 aiebat,
1752 1212 1877 1252 cum
1918 1196 2000 1252 illi

421 1294 608 1349 divino
647 1290 859 1347 Maroni
921 1292 1029 1348 hoc
1087 1292 1418 1345 miraculum
1474 1294 1996 1344 commemorarent.

414 1384 628 1442 ‘Judatis
653 1398 817 1457 porro
836 1384 1283 1440 Christianorum
1309 1380 2001 1437 miraculunrtestantibus

424 1479 521 1550 qui
553 1493 663 1533 non
694 1477 886 1539 credit,
931 1491 1043 1546 quo
1077 1486 1239 1547 pacto
1284 1473 1494 1531 Iudaeis
1552 1472 1831 1528 inﬁdelior
1887 1485 1999 1526 non

424 1571 548 1638 iure
572 1568 824 1624 dicatur?
859 1566 917 1621 Si
950 1567 1172 1638 quidem
1225 1566 1326 1629 illi,
1358 1565 1614 1636 quamvis
1641 1578 1836 1619 averso
1890 1563 2002 1618 sint

422 1658 634 1724 animo,
654 1658 955 1713 vincuntur
978 1664 1188 1724 tamen,
1208 1664 1263 1713 et
1295 1658 1469 1713 radiis
1486 1658 1690 1713 cedunt
1717 1655 1998 1711 veritatis:

428 1748 481 1802 bi
522 1763 679 1814 vero,
721 1750 815 1819 qui
848 1748 1098 1804 benevoli
1134 1749 1557 1815 existimantur,
1595 1747 1831 1818 ﬁdeique
1867 1761 2001 1802 con-

427 1846 628 1906 sortes,
661 1854 729 1894 ne
770 1838 978 1893 inimici
1012 1840 1231 1911 quidem
1269 1841 1458 1912 gratiae
1499 1839 1999 1912 potentlamconﬁ-

427 1932 932 1987 teutibuscrcdunt

497 2194 826 2266 Huiusmodi
864 2196 1153 2253 miraculis
1185 2195 1409 2252 divinus
1435 2196 1530 2252 ille
1562 2198 1644 2253 vir
1672 2208 1799 2253 eum
1838 2198 2001 2254 innu-

430 2288 648 2355 tuisset,
695 2289 1122 2360 vicinortrmque
1164 2288 1566 2355 barbarorum,
1614 2292 1709 2361 qui
1752 2304 2001 2347 eremum

410 2380 577 2433 illam
619 2380 888 2445 incolunt,
920 2388 974 2435 et
1014 2381 1231 2450 generis
1261 2391 1544 2437 auctorem
1580 2382 1865 2438 lsmaelem
1909 2383 2006 2437 ha-

430 2473 555 2525 bere
592 2487 650 2526 se
675 2472 914 2541 jactaat,
947 2474 1394 2544 quamplurimas
1419 2474 1759 2538 attraxisset,
1797 2475 2005 2545 quietis

428 2563 665 2634 cupidus
708 2564 1026 2635 speluncam
1076 2566 1225 2620 illam
1275 2568 1593 2636 relinquere
1628 2579 1854 2624 coaetus
1886 2579 2002 2633 est,

429 2656 764 2726 longumque
798 2656 905 2709 iter
938 2670 1222 2719 emensus,
1253 2658 1318 2712 ad
1353 2664 1595 2711 montem
1620 2660 1888 2729 pervenit,
1912 2660 2005 2731 qui

428 2749 674 2800 Atrianus
720 2746 1042 2817 appellatur.
1088 2745 1272 2812 'Quem
1319 2748 1617 2803 multorum
1663 2758 1823 2806 antea
1875 2752 2006 2807 deo-

430 2851 552 2890 rum
587 2836 800 2890 insania
832 2835 1173 2890 laborantem
1200 2836 1389 2893 multis
1421 2850 1487 2893 ac
1517 2839 1688 2894 variis
1715 2840 2006 2896 miraculis

429 2930 692 2996 excoluit,
722 2938 776 2983 et
797 2930 1071 2999 vigentem
1100 2944 1250 2985 nunc
1282 2929 1336 2985 in
1382 2931 1479 2985 illo
1532 2933 1792 3002 pietatem
1829 2932 2005 2990 disse-

432 3023 684 3076 minavit.
716 3019 822 3077 Sed
860 3022 1124 3091 quoniam
1159 3023 1345 3077 omnia
1398 3024 1521 3093 ejus
1563 3034 1720 3095 gesta
1778 3036 2008 3082 narrare

433 3109 752 3181 perdifﬁcile
804 3110 983 3174 foret,
1028 3126 1093 3166 ac
1148 3112 1283 3166 mihi
1335 3113 1575 3169 fortasse
1628 3116 2005 3185 impossibile,

431 3220 601 3259 unum
644 3204 736 3259 ubi
787 3204 1048 3276 attigero,
1088 3213 1143 3260 et
1172 3206 1492 3276 apostolicae
1518 3207 1733 3279 1169
1766 3224 1831 3263 ac
1879 3224 2007 3279 pro-

434 3296 669 3365 phetica:
705 3296 1101 3351 miraculorum
1133 3298 1474 3368 operationis
1509 3269 1804 3369 quemdam
1843 3269 2004 3371 quasi
2037 3269 2079 3325 θ

432 3386 808 3443 characterem
842 3401 1212 3457 proposuero,
1244 3387 1547 3445 lectoribus
1584 3390 1712 3445 inde
1743 3399 2006 3460 quautam

435 3479 626 3549 gratiae
676 3477 788 3533 vim
838 3478 911 3532 sit
962 3476 1195 3548 adeptus
1250 3478 1608 3548 cogitandum
1661 3479 2007 3550 relinquam,

436 3564 628 3623 Estas
657 3574 796 3627 erat.
826 3574 882 3621 et
912 3567 1132 3632 messis,
1164 3574 1219 3621 et
1254 3567 1309 3621 in
1343 3582 1530 3624 aream
1564 3567 2011 3639 congerebantur

437 3657 724 3729 manipuli.
748 3657 982 3725 Quidam
1004 3665 1171 3723 “tunc,
1204 3658 1373 3727 justis
1401 3658 1692 3715 laboribus
1724 3675 1835 3715 non
1875 3676 2009 3717 con-

436 3758 639 3816 tentus,
670 3752 763 3806 sed
805 3751 1116 3805 alienorum
1159 3758 1446 3821 appetens,
1478 3752 1793 3823 manipulos
1828 3755 2012 3811 vicino

436 3842 734 3912 subripuit,
788 3857 1062 3912 suumque
1097 3841 1183 3896 his
1214 3843 1509 3898 cumulum
1540 3857 1741 3916 augere
1770 3847 2013 3903 conaba-

436 3943 545 3987 tur.
570 3934 632 3989 Δί
662 3934 866 3989 furtum
904 3931 1048 3990 Detts
1069 3934 1334 3990 continuo
1359 3936 1636 3991 sententia
1672 3952 1771 3993 sua
1800 3940 1819 3961 '
1857 3938 2013 3994 dam-

396 4012 415 4023 ”
436 4027 607 4081 navit.
636 4025 848 4081 Cecidit
893 4025 1121 4090 fulmen,
1153 4033 1206 4080 et
1250 4040 1381 4082 area
1429 4023 1704 4082 ﬂammam
1736 4032 2011 4102 concepit.

436 4117 601 4175 mser
629 4127 811 4174 autem
841 4118 931 4173 ille
968 4116 1037 4171 ad
1068 4117 1343 4174 hominem
1371 4118 1505 4187 Dei,
1541 4121 1635 4190 qui
1662 4135 1772 4176 non
1812 4124 2010 4194 procul

437 4224 466 4261 a
493 4207 830 4263 vicosedem
861 4206 1079 4274 ﬁxerat,
1108 4221 1431 4277 accurrcns,
1479 4212 1857 4268 calamitatem
1890 4213 2013 4284 qui-

438 4299 559 4353 dem
592 4298 882 4367 explieuit,
916 4299 1012 4353 sed
1056 4298 1265 4354 furtum
1298 4294 1481 4356 celare
1513 4301 1821 4357 nitebatur.
1858 4302 2017 4358 Post-

438 4403 601 4459 quam
645 4399 988 4446 autem‘vera
1020 4392 1205 4463 eloqui
1235 4392 1430 4461 jussus
1462 4392 1673 4449 furtum
1718 4393 2015 4452 confessus

436 4487 521 4536 est
543 4479 747 4551 (coegit
775 4480 921 4536 enim
950 4482 1104 4539 ilium
1128 4483 1285 4541 dolor
1309 4496 1366 4540 ut
1397 4486 1645 4557 seipsum
1681 4489 2013 4562 accusaret),

2100 647 2391 709 σαίνοντες,
2421 646 2516 698 καὶ
2560 644 2660 714 τὴν
2705 641 2950 696 δουλείαν
3007 641 3489 711 ὑποσημαίνοντες,
3540 640 3679 693 Τού-

2095 748 2208 798 τοις
2253 735 2505 788 ἐκὲλ;υσε
2552 734 2814 788 διανεύων
2864 732 3242 804 ξεναγωγῆσαι
3282 733 3408 796 τοὺς
3455 731 3677 803 ἄνδρας,

2098 826 2193 880 καὶ
2225 827 2303 888 είς
2327 825 2544 895 ἐκείνην
2583 827 2893 893 ἀπαγαγεῖν
2912 825 3009 893 τὴν
3029 823 3167 887 ὁδὸν,
3191 823 3260 895 ἢν
3290 823 3679 887 καταλιπόντες

2098 916 2189 969 τὸν
2221 916 2423 968 πλάνον
2461 915 2783 983 ὑπέμειναν.
2831 913 2992 967 Ἀλλά
3040 913 3229 984 μηδεὶς
3266 913 3508 984 μυθῶδες
3538 910 3679 968 εἶναι

2098 1007 2158 1060 τὸ
2204 1006 2449 1076 διήγημα
2481 1004 2787 1075 νομιζέτω.
2821 1006 2948 1067 τοὺς
2995 1005 3209 1067 κοινοὺς
3268 1003 3365 1072 τῆς
3423 1004 3681 1075 ἀληθείας

2102 1097 2331 1168 ἐχθροὺς
2371 1096 2781 1168 μαρτυροῦντας
2819 1096 2959 1165 ἔχων
2986 1098 3053 1167 τῇ
3092 1093 3341 1166 ἀληθείᾳ.
3376 1094 3539 1150 Αὐτοὶ
3572 1096 3683 1166 γὰρ

2097 1190 2148 1242 oi
2164 1189 2264 1257 τῆς
2298 1187 2618 1260 εὐεργεσίας
2645 1187 3027 1260 τετυχηκότες,
3065 1187 3222 1240 τοῦτο
3260 1186 3476 1258 ᾅδοντες
3505 1188 3683 1241 διετέι

2099 1279 2279 1334 λεσαν.
2327 1282 2435 1334 Καὶ
2479 1279 2638 1334 τοῦτό
2680 1297 2771 1351 μοι
2810 1271 2963 1344 οὗτος
3002 1281 3031 1333 ό
3087 1279 3261 1350 μέγας
3299 1278 3557 1343 Ἰάκωϐος
3602 1280 3684 1333 δι-

2100 1368 2375 1443 ῃγήσατοζ
2389 1375 2635 1444 παρεῖναι
2659 1373 2839 1444 φήσας
2865 1372 3046 1435 αὐτοῖς
3070 1370 3146 1442 τῷ
3167 1371 3436 1443 θεσπεσίῳ
3453 1358 3684 1442 Μάρωνι

2100 1459 2482 1530 διηγουμένοις
2509 1460 2571 1513 τὸ
2601 1458 2808 1531 θαῦμα.
2850 1460 2911 1512 '0
2949 1459 3129 1513 τοίνυν
3172 1459 3455 1522 Ἰουδαίοις
3481 1462 3543 1531 τῇ
3575 1461 3684 1514 τῶν

2101 1550 2443 1621 Χριστιανῶν
2499 1551 2839 1624 μαρτυροῦσι
2896 1549 3308 1621 θαυματουργία
3351 1549 3684 1613 διαπιστῶν,

2103 1641 2220 1704 πῶς
2253 1642 2353 1694 οὐκ
2375 1640 2441 1695 ἂν
2461 1641 2690 1706 εἰκότως
2721 1641 3079 1713 ἀπιστότερος
3116 1641 3385 1695 Ἰουδαίων
3421 1641 3685 1714 κληθείης

2103 1732 2275 1804 Εἴπερ
2308 1734 2355 1785 oi
2389 1732 2488 1803 μὲν
2535 1733 2629 1787 καὶ
2682 1732 2969 1804 δυσμενεῖς
2995 1733 3180 1796 ὄντες,
3204 1732 3472 1803 ἡττῶνται
3506 1734 3686 1804 ὅμως,

2102 1822 2197 1877 καὶ
2221 1825 2339 1887 ταῖς
2369 1825 2467 1895 τῆς
2517 1822 2776 1893 ἀληθείας
2821 1824 3001 1877 ἀκτῖσι
3053 1823 3473 1896 παραχωροῦσιν
3504 1841 3518 1855 ’
3554 1826 3604 1878 οι
3626 1826 3687 1879 δι

2038 1902 2076 1956 Β
2106 1915 2279 1970 εὔνοοι
2339 1916 2684 1988 νομιζόμενοι
2717 1916 2811 1970 καὶ
2863 1918 2962 1987 τῆς
2995 1918 3232 1980 πίστεως
3263 1919 3531 1981 κοινωνοὶ,
3563 1918 3687 1973 ούδδ

2108 2009 2221 2071 τοῖς
2250 2008 2463 2079 ἐχθροῖς
2479 2010 2543 2079 τῇ
2567 2006 2795 2078 δυνάμει
2833 2007 2930 2077 τῆς
2958 2006 3178 2078 χάριτος
3217 2008 3554 2079 μαρτυροῦσι
3596 2026 3689 2062 πι-

2109 2099 2414 2152 στεύουσιν.

2189 2188 2285 2242 Ἐκ
2317 2190 2425 2244 τῶν
2456 2190 2713 2243 τοιούτων
2746 2184 2804 2244 δὲ
2845 2188 3140 2261 θαυμάτων
3167 2191 3196 2243 ό
3222 2187 3514 2254 θεσπέσιος
3546 2189 3690 2246 ἐκεῖ·

2106 2300 2197 2346 νος
2219 2282 2506 2354 ἄνθρωπος
2561 2283 2831 2354 ἐπίσημος
2876 2282 3135 2353 γεγονὼς,
3174 2284 3271 2337 καὶ⁷
3318 2282 3545 2347 πολλοὺς
3578 2284 3690 2338 τῶν

2106 2378 2521 2446 γειτονευόντων
2558 2376 2849 2448 βαρϐάρων
2882 2378 3326 2447 ἐπισπασάμενος
3366 2375 3596 2449 (οἰκοῦσι
3630 2372 3690 2431 δὲ

2107 2466 2205 2537 τὴν
2260 2465 2463 2539 ἔρημον
2515 2466 2729 2535 ἐκείνην
2780 2468 2827 2519 oi
2888 2466 2978 2519 τὸν
3020 2465 3242 2537 ἰσμαὴλ
3301 2464 3692 2536 σεμνυνόμενοι

2109 2561 2423 2631 πρόγονον),
2454 2560 2685 2631 ἡσυχίας
2715 2559 2878 2631 ἐρῶν.
2924 2559 3245 2614 καταλιπεῖν
3285 2559 3603 2632 ἠναγκάσθη
3631 2560 3694 2615 τὸ

2110 2655 2393 2726 σπήλαιον,
2422 2656 2516 2709 καὶ
2544 2654 2745 2726 πολλὴν
2784 2655 2987 2720 ἀνύσας
3008 2655 3146 2717 ὁδὸν,
3175 2655 3296 2725 ὅρος
3333 2655 3693 2728 καταλαμϐά-

2109 2763 2188 2800 νει
2208 2746 2269 2799 τὸ
2287 2746 2451 2800 καλοῦ
2460 2765 2621 2817 μενον
2638 2747 2895 2818 Ἀμανὸν,
2910 2748 3001 2801 καὶ
3020 2746 3175 2801 τοῦτο
3195 2747 3393 2820 πολλῆς
3410 2749 3576 2803 πάλαι
3599 2749 3696 2818 γέ-

2112 2856 2211 2909 μον
2243 2839 2502 2893 πολυθὲου
2531 2840 2750 2910 μανίας,
2782 2841 2893 2904 τοῖς
2936 2839 3149 2903 πολλοῖς
3194 2841 3287 2893 καὶ
3333 2842 3695 2906 παντοδαποῖς

2108 2930 2421 3004 ἐγεώργησε
2455 2933 2717 3004 θαύμασι,
2739 2933 2834 2986 καὶ
2881 2933 2978 3005 τὴν
3020 2932 3115 2986 νῦν
3146 2936 3202 2987 ἐν
3238 2933 3384 3005 αύτῷ
3414 2934 3693 2989 πολιτευο-

2111 3023 2281 3096 μένην
2329 3022 2610 3077 εύσέϐειαν
2672 3022 3095 3094 κατεφύτευσεν.
3149 3025 3311 3080 Ἀλλά
3359 3029 3534 3081 πάντα
3593 3028 3697 3097 μὲν

2110 3114 2415 3186 διηγεῖσθαι
2440 3114 2561 3168 λίαν
2610 3114 2886 3181 ἐπίπονον,
2916 3116 3039 3186 ἐμοὶ
3086 3115 3143 3169 δέ
3176 3117 3338 3189 τυχόν
3365 3120 3459 3171 καὶ
3498 3118 3691 3172 ἀδύνα-
3719 3169 3725 3183 ,

2112 3223 2222 3260 τον.
2256 3205 2403 3269 Ἐνὸς
2437 3205 2617 3259 τοίνυν
2647 3206 2928 3277 μνησθεὶς,
2963 3207 3057 3261 καὶ
3084 3198 3195 3262 οἷόν
3214 3226 3338 3263 τινα
3369 3212 3699 3285 χαρακτῆρα

2111 3295 2212 3366 τῆς
2241 3294 2609 3366 ἀποπολικῆς
2642 3297 2809 3351 αὑτοῦ
2848 3298 2941 3351 καὶ
2974 3300 3316 3372 προφητικῆς
3345 3299 3698 3375 θαυματουρ-

2110 3386 2233 3456 γίας
2267 3386 2506 3459 προθεὶς,
2535 3389 2853 3443 καταλείπω
2892 3393 3002 3456 τοῖς
3043 3393 3461 3464 ἐντυγχάνουσιν
3495 3396 3700 3448 ἐννοεῖν

2111 3478 2360 3532 ἐντεῦθεν
2380 3474 2446 3551 ἧς
2476 3479 2635 3534 ἔλαϐε
2681 3482 2900 3553 χάριτος
2943 3484 3042 3555 τὴν
3089 3484 3261 3555 ἰσχύν·
3291 3474 3458 3556 θέρος
3485 3482 3575 3557 ἦν,
3602 3489 3701 3543 καὶ
3769 3497 3778 3504 “

2112 3571 2339 3640 ἀμητὸς,
2362 3574 2457 3625 καὶ
2484 3572 2552 3625 τὰ
2578 3572 2871 3643 δράγματα
2894 3576 2973 3639 είς
2994 3575 3089 3638 τὰς
3119 3573 3261 3639 ἄλως
3285 3574 3698 3645 μετεκομίζετο.

2125 3663 2289 3735 ’Δνὴρ
2336 3663 2392 3718 δέ
2432 3681 2536 3730 τις,
2564 3667 2675 3730 τοῖς
2706 3664 2936 3729 δικαίοις
2967 3668 3067 3720 οὐκ
3098 3667 3436 3739 ἀρκούμενος
3491 3669 3693 3734 πόνοις,

2114 3754 2250 3810 ἀλλὰ
2271 3755 2378 3810 τῶν
2406 3757 2702 3830 ἀλλοτρίων
2738 3758 3046 3831 ἐφιέμενος,
3070 3758 3318 3829 ὑφείλετο
3343 3760 3448 3829 μὲν
3473 3761 3584 3815 τῶν
3605 3760 3692 3814 τοῦ

2114 3843 2281 3903 πέλας
2312 3843 2661 3916 δραγμάτων,
2694 3845 2880 3915 αὔξειν
2908 3847 2965 3902 δέ
3005 3847 3098 3902 τὸν
3136 3851 3334 3904 οἰκεῖον
3377 3849 3463 3905 διά
3491 3852 3698 3904 τούτων

2114 3937 2373 4005 ἐπειρᾶτο
2412 3937 2661 4010 θημῶναο
2709 3938 2823 3993 ἀλλ’
2857 3939 3020 4004 εὐθὺς
3046 3940 3145 4011 τὴν
3174 3941 3315 3995 κατά
3350 3942 3449 4012 τῆς
3492 3941 3704 4013 κλοπῆς

2122 4028 2183 4081 τὸ
2204 4027 2358 4083 Θεῖον
2378 4029 2602 4102 ἐξέφερε
2627 4032 2804 4102 ψῆφον
2820 4049 2835 4063 ο
2860 4033 2953 4087 καὶ
2991 4034 3245 4107 πρηστὴρ
3267 4036 3585 4107 ἐπεφέρετο,
3607 4038 3705 4089 καὶ

2117 4119 2150 4188 ὴ
2179 4118 2323 4185 ἅλως
2353 4121 2747 4195 ἐνεπίμπρατο,
2778 4125 2872 4179 καὶΙ
2901 4126 2929 4179 ό
2957 4125 3184 4190 δείλαιος
3216 4129 3421 4192 ἐκεῖνος
3466 4127 3559 4181 τὸν
3603 4126 3705 4181 τοῦ

2116 4205 2252 4260 Θεοῦ
2281 4208 2691 4282 κατελάμϐανεν
2721 4213 3032 4285 ἄνθρωπον,
3070 4216 3130 4269 ού
3164 4216 3354 4288 πόρρω
3376 4219 3477 4288 τῆς
3503 4217 3706 4287 κώμης

2118 4296 2498 4368 ἐσκηνωμένον
2523 4317 2536 4331 ·
2560 4303 2655 4356 καὶ
2693 4304 2792 4375 τὴν
2827 4305 2927 4375 μὲν
2957 4305 3246 4379 συμφορὰν
3274 4306 3532 4377 διηγεῖτο,
3564 4308 3704 4379 κρύ-

2119 4406 2275 4443 πτειν
2300 4391 2354 4443 δέ
2391 4391 2486 4464 τὴν
2514 4393 2721 4466 κλοπὴν
2749 4397 3026 4469 ἐπειρᾶτο.
3071 4398 3158 4465 Ὧς
3179 4399 3236 4453 δὲ
3278 4399 3486 4471 τάληθῆ
3518 4401 3708 4468 λέγειν

2119 4481 2427 4547 κελευσθεὶς
2481 4483 2801 4558 ὡμολόγησε
2848 4487 2949 4559 τὴν
2999 4488 3207 4561 κλοπὴν
3257 4491 3342 4561 (τὸ
3378 4492 3488 4564 γὰρ
3527 4493 3708 4557 πάθος

438 4572 727 4628 admonuit
758 4573 843 4628 vir
902 4574 1126 4632 divinus
1162 4587 1221 4632 ut
1256 4576 1481 4648 expiata
1538 4578 1744 4648 injuria
1792 4595 2008 4652 pinnam

2121 4574 2213 4664 καὶ
2239 4573 2434 4628 ἐαυτοῦ
2467 4580 2794 4649 κατηγορεῖν
2838 4580 3268 4655 κατηνάγκασε),
3311 4574 3645 4656 προσέταξεν
3677 4590 3710 4641 ό

443 4663 709 4719 aboleret.
738 4684 757 4717 ι
785 4664 962 4720 Simul
994 4682 1059 4722 ac
1089 4666 1258 4733 enim,
1286 4667 1487 4738 inquit,
1516 4668 1829 4740 manipulos
1856 4671 2017 4729 resti-

438 4756 648 4822 tueris,
692 4754 962 4813 divinitus
1005 4758 1290 4814 immissus
1338 4758 1485 4830 ignis
1540 4763 1940 4833 exstinguetur.
1989 4783 2009 4818 ι

435 4845 633 4901 Videre
666 4856 798 4901 tunc
858 4856 979 4901 erat
1009 4847 1141 4901 hinc
1177 4847 1333 4902 illum
1374 4859 1717 4916 currentem,
1758 4852 2016 4926 furtoque

437 4934 733 5006 subreptus
757 4937 939 5005 spicas
969 4936 1018 4991 ei
1052 4949 1215 5008 quem
1255 4937 1559 4996 offenderat
1591 4943 2013 4999 restituentem:

436 5028 562 5084 inde
593 5043 783 5100 pyram
820 5028 942 5085 sine
974 5029 1331 5098 aqua'divini
1364 5034 1514 5088 senis
1550 5034 1809 5103 precibus
1836 5047 1891 5089 et
1929 5035 2016 5089 in-

437 5121 778 5176 tercessione
808 5124 1157 5177 restinctam.
1183 5122 1315 5189 Qua:
1345 5139 1434 5180 res
1470 5141 1578 5180 non
1601 5136 1818 5181 tantum
1856 5142 2019 5180 acco-

439 5210 504 5263 lis
531 5220 796 5264 terrorem
848 5210 1067 5280 injecit,
1122 5211 1215 5266 sed
1262 5219 1316 5266 ct
1360 5211 1761 5268 Antiochenam
1822 5213 2013 5268 urbem

438 5301 778 5361 universam,
808 5302 900 5355 cui
966 5303 1120 5357 vicus
1148 5300 1242 5357 ille
1299 5288 1549 5371 parebat,
1599 5318 1667 5357 eo
1715 5318 2016 5373 properare

437 5391 728 5460 compulit,
755 5404 921 5462 atque
949 5393 1094 5446 hunc
1124 5393 1452 5448 dzemoniaei
1491 5392 1697 5450 furoris
1733 5394 2017 5464 depulsio-

441 5491 563 5534 nem
597 5480 904 5549 postulare,
957 5483 1123 5537 alium
1178 5482 1346 5539 febris
1401 5484 1792 5548 cessationem,
1843 5486 2014 5542 alium

438 5570 674 5625 alterius
711 5571 1023 5641 cuiuspiam
1071 5573 1320 5629 vexantia
1354 5573 1487 5628 mali
1549 5574 1877 5629 remedium.
1921 5572 2017 5632 Ille

439 5677 571 5717 vero
613 5661 796 5716 insitre
829 5662 933 5716 sibi
973 5656 1163 5734 gratia:
1202 5665 1385 5721 fontes
1431 5664 1638 5721 aﬂatim
1670 5665 2013 5725 eﬁ'undebat.

440 5754 545 5806 Sed
576 5752 816 5825 quietem
844 5769 1042 5810 rursus
1072 5752 1365 5825 expetens,
1397 5757 1462 5811 ad
1502 5756 1744 5813 Sinmum
1770 5738 2011 5817 monteiii

438 5844 712 5916 proﬁcisci
757 5844 1020 5901 decrevit.
1056 5846 1179 5912 Quo
1226 5853 1473 5920 cognito,
1510 5851 1701 5912 eximii
1737 5853 1840 5910 viri
1876 5869 2004 5926 per-

2120 4663 2259 4729 θεῖος
2311 4666 2518 4731 ἐκεῖνος
2567 4670 2709 4740 ἀνὴρ
2750 4671 2817 4742 τῇ
2844 4669 2995 4725 λύσει
3036 4672 3133 4744 τῆς
3171 4673 3384 4740 ἀδικίας
3412 4674 3571 4730 λῦσαι
3603 4678 3708 4750 τὴν

2114 4757 2408 4827 τιμωρίαν.
2440 4777 2458 4810 ι
2497 4759 2599 4813 Σοῦ
2634 4761 2762 4832 γὰρ,
2788 4761 2913 4832 ἔφη,
2960 4763 3030 4817 τὰ
3073 4765 3363 4835 δράγματα
3400 4769 3584 4822 ἐκεῖνα
3611 4772 3709 4824 ἐκ·

2118 4843 2441 4912 τιννύοντος,
2476 4847 2536 4901 τὸ
2585 4848 2843 4919 θεήλατον
2896 4854 3072 4906 ἐκεῖνο
3119 4854 3480 4926 σϐεσθήσεται
3508 4857 3637 4929 πῦρ.
3682 4877 3701 4910 ι

2119 4931 2227 4990 Ἦν
2250 4937 2425 4992 τοίνυν
2462 4940 2588 4993 ίδεῖν
2638 4942 2728 4995 τὸν
2760 4943 2859 5014 μὲν
2900 4943 3089 4998 θέοντα
3110 4987 3124 5012 ,
3155 4948 3247 5000 καὶ
3280 4948 3355 5018 τῷ
3387 4949 3705 5020 ἀδικηθέντι

2118 5026 2244 5091 τοὺς
2264 5028 2569 5093 κλαπέντας
2593 5032 2867 5104 ἀστάχυας
2896 5038 3292 5107 προσφέροντα,
3313 5038 3410 5110 τὴν
3433 5040 3488 5092 δέ
3520 5043 3704 5113 πυρὰν

2119 5123 2248 5177 ἄνευ
2284 5124 2475 5190 ὓδατος
2515 5128 2883 5199 σϐεννυμένην
2932 5133 2996 5203 τῇ
3051 5131 3142 5183 τοῦ
3195 5132 3338 5185 θείου
3393 5135 3704 5205 πρεσϐύτου

2119 5220 2395 5288 προσευχῇ
2430 5218 2523 5271 καὶ
2578 5220 2863 5293 πρεσϐεία.
2903 5222 3074 5275 Τοῦτο
3110 5225 3170 5276 ού
3200 5224 3359 5291 μόνον
3388 5227 3513 5289 τοὺς
3541 5243 3703 5295 περι-

2116 5308 2296 5372 οίκους
2315 5310 2578 5381 ἐνέπλησε
2595 5312 2864 5382 δείματος,
2889 5313 3021 5367 ἀλλὰ
3050 5316 3142 5368 καὶ
3167 5317 3266 5387 τὴν
3285 5317 3437 5370 πόλιν
3456 5317 3694 5389 ἃπασαν,

2116 5399 2215 5470 τὴν
2284 5399 2558 5472 Ἀντιόχου
2611 5403 2784 5472 λέγω·
2830 5405 2934 5457 ὑπὸ
2985 5405 3187 5476 ταύτην
3236 5408 3348 5479 γάρ
3403 5408 3465 5462 τὸ
3502 5410 3707 5483 χωρίον

2117 5490 2287 5544 ἐτέλει
2310 5508 2323 5523 ο
2358 5490 2503 5545 θέειν
2539 5495 2656 5547 ἐκεῖ
2699 5498 3111 5566 κατηνάγκασε,
3137 5501 3231 5554 καὶ
3261 5502 3354 5556 τὸν
3394 5502 3494 5574 μὲν
3517 5505 3702 5573 dm?»

2118 5579 2295 5648 γέλειν
2342 5579 2665 5654 δαιμονικῆς
2696 5582 2895 5657 λύττης
2934 5588 3290 5660 ἀπαλλαγὴν,
3322 5592 3413 5646 τὸν
3439 5592 3499 5647 δὲ
3535 5611 3714 5666 πυρει

2116 5671 2208 5725 τοῦ
2253 5671 2491 5738 παῦλαν,
2522 5675 2612 5728 τὸν
2662 5674 2719 5729 δέ
2761 5677 2924 5732 ἄλλου
2983 5680 3128 5745 τινὸς
3177 5683 3285 5737 τῶν
3344 5685 3706 5756 ἐνοχλούντων

2121 5763 2379 5836 ἰατρείαν.
2428 5765 2486 5819 'O
2509 5766 2563 5820 δέ
2587 5766 2832 5836 ἀφθόνως
2853 5771 2952 5840 τῆς
2991 5772 3309 5846 ἐνοικούσης
3333 5776 3554 5850 χάριτος
3580 5780 3707 5850 ἐχο-

2104 5854 2277 5943 ίρήγει
2320 5855 2385 5908 τὰ
2413 5856 2646 5924 νάματα.
2697 5858 2856 5913 Ἀλλὰ
2904 5860 3065 5915 πάλιν
3113 5862 3214 5935 τῆς
3263 5866 3493 5938 ἡσυχίας
3539 5867 3704 5941 ἐρῶν,
