4030 6412
393 463 525 528 ιιιεί
619 427 623 437 ’

1626 475 2029 538 RELIGIOSA
2069 478 2454 542 HISTORIA.

3520 486 3661 557 1362

386 573 449 625 τὸ
478 570 688 625 Σίναιον
708 570 832 642 Spe;
863 576 1305 645 καταλαμϐάνειν
1332 580 1668 651 ἐπεθύμησε.
1695 584 1940 637 Μαθόντε

2043 634 2046 643 ,
2080 586 2260 649 multi,
2309 585 2401 659 qui
2458 584 2601 641 idem
2635 585 2754 639 vitae
2801 602 2978 660 genus
3015 557 3396 654 sectaban‘tur,
3436 594 3660 648 advola-

386 661 445 713 δὲ
485 661 668 716 πολλοὶ
726 664 837 716 τῶν
878 664 1148 736 ἀρίστων,
1184 670 1277 722 καὶ
1324 671 1421 742 τὴν
1472 673 1643 743 αὐτὴν
1694 677 1972 744 μετιόντες

388 751 707 821 φιλοσοφίαν
732 794 747 817 ,
784 756 1119 828 συνέδραμον
1168 762 1494 830 κοινωνῆσαι
1537 764 1686 835 αὐτῷ
1715 768 1813 834 τῆς
1839 767 1974 820 ἀπο-

384 843 587 912 δημίας
642 845 956 921 ποθοῦντες.
994 850 1214 905 Πολλῶν
1245 854 1424 907 τοίνυν
1458 857 1681 927 ἡμερῶν
1713 858 1832 911 ὁδὸν
1881 858 1968 924 ἑξ-

382 934 706 1001 ανύσαντες,
731 939 919 1011 ἐπειδὴ
962 942 1100 999 κατά
1138 944 1237 1014 τὴν
1269 945 1548 1016 Σοδομῖτιν
1570 947 1816 1016 ἐγένοντο
1837 951 1968 1023 ἕρητ

385 1026 696 1097 μον,ὁρῶσι
719 1029 1003 1102 πόρρωθεν
1025 1034 1133 1089 ἀπὸ
1164 1033 1361 1105 βάθους
1393 1041 1582 1109 χεῖρας
1613 1041 1805 1112 ἀνδρὸς
1833 1041 1969 1113 πρὸς

383 1115 521 1184 ὕψος
573 1119 974 1192 ἐκτεινομένας.
1028 1126 1139 1180 Καὶ
1186 1127 1249 1181 τὸ
1301 1127 1399 1198 μὲν
1453 1129 1669 1201 πρῶτον
1717 1132 1970 1203 δαίμονος

382 1206 663 1280 ἑξαπάτην
718 1211 971 1282 ἐνόμιζον
1001 1251 1018 1279 ,
1056 1216 1490 1289 προσευξάμενοι
1523 1219 1581 1274 δὲ
1631 1223 1971 1279 σπουδαιότεο

386 1314 501 1365 ρον,
539 1301 633 1353 καὶ
677 1301 747 1355 τά
800 1303 939 1358 αὐτὰ
973 1305 1322 1380 θεασάμενοι,
1352 1309 1619 1383 ὥρμησαν
1666 1315 1753 1367 ἐπ’
1792 1317 1969 1370 ἐκεῖνο

382 1387 444 1440 τὺ
477 1391 700 1462 χωρίον,
748 1395 844 1447 καὶ
875 1396 1048 1468 βραχὺ
1085 1399 1184 1469 μὲν
1210 1400 1429 1473 δρυγμα
1467 1404 1784 1476 θεωροῦσιν,
1806 1408 1966 1463 ὁποία

381 1484 558 1533 ποιεῖν
593 1484 900 1554 πεφύκασιν
939 1491 994 1542 αἱ
1041 1489 1325 1557 ἀλώπεκες
1374 1495 1700 1561 καταδύσεις
1744 1499 1965 1565 ἑαυταῖς

381 1572 803 1645 μηχανώμεναι,
848 1578 1039 1634 οὐδένα
1083 1581 1139 1634 δέ
1185 1578 1324 1637 εἶδον
1368 1585 1484 1639 ἐκεῖ
1508 1588 1960 1659 προφαινόμενον.

379 1664 490 1717 Τοῦ
529 1666 738 1721 κτύπου
759 1669 868 1741 γὰρ
894 1670 1002 1725 τῶν
1037 1675 1214 1729 ποδῶν
1246 1677 1566 1747 αἰσθόμενος
1590 1682 1628 1732 ὁ·
1649 1679 1747 1743 τὰς
1775 1683 1963 1751 χεῖρας

377 1758 757 1849 ἐκτεταμέναις
783 1760 944 1834 ἔχων,
963 1764 1095 1819 είσω
1122 1768 1220 1837 τῆς
1242 1769 1586 1836 καταδύσεως
1622 1774 1956 1849 κατεκρύϐη.

2080 686 2211 728 ι·ιιιιι
2241 676 2707 747 peregrinationis
2732 678 2917 735 socius
2944 694 3003 734 ae
3021 680 3321 751 adjungere
3342 686 3653 754 cupientes.

2080 767 2295 841 1170
2324 760 2637 823 Multorum
2689 784 2822 839 ergo
2880 769 3093 824 dierum
3130 771 3327 828 itinere
3377 774 3652 841 conifecto,

2073 874 2199 912 cum
2226 860 2290 914 ad
2326 859 2692 915 Sodomorum
2718 861 2935 923 deserta
2966 865 3512 935 pervenissent,.viri
3545 883 3655 922 ma-

2072 967 2180 1006 nus
2241 952 2519 1024 profundo
2551 969 2613 1009 ex
2652 953 2773 1009 loco
2816 953 2870 1007 in
2924 955 3095 1009 altum
3151 955 3400 1013 sublatas
3431 959 3653 1015 eminus

2071 1043 2457 1114 prospiciunt:
2492 1059 2554 1098 ac
2591 1045 2769 1120 primo
2811 1032 3035 1114 quidem
3086 1045 3354 1102 daemonis
3401 1046 3651 1103 fraudem

2070 1134 2310 1205 aliquam
2355 1136 2617 1206 suspicati
2669 1145 2824 1201 sunt,
2870 1135 3068 1192 deinde
3111 1153 3234 1192 cum
3279 1145 3402 1208 post
3447 1141 3648 1195 multas

2071 1242 2262 1296 preces
2312 1225 2503 1281 eadem
2552 1232 2867 1289 cernerent,
2921 1225 2990 1280 ad
3042 1226 3224 1280 locum
3259 1226 3546 1294 accedunt,
3583 1243 3646 1281 ac

2069 1313 2284 1372 foveam
2338 1314 2561 1387 quidem
2604 1315 2856 1385 exiguam
2891 1312 3111 1379 vident,
3155 1315 3351 1385 quales
3408 1316 3515 1371 sibi
3580 1318 3647 1371 ad

2068 1423 2208 1480 quas
2247 1423 2307 1464 se
2346 1407 2618 1478 recipiant
2644 1406 2888 1464 eﬁ'odere
2912 1409 3104 1478 vulpes
3133 1407 3337 1474 solent,
3371 1410 3646 1464 neminem

2067 1510 2248 1556 tamen
2284 1499 2380 1570 qui
2406 1508 2697 1571 appareret
2730 1498 3178 1569 deprehendunt.
3208 1497 3458 1569 Strepitu
3496 1501 3644 1554 enim

2065 1593 2267 1663 pedum
2302 1591 2517 1658 audito,
2553 1592 2932 1661 quiextensas
2969 1606 3164 1646 manus
3208 1593 3466 1658 habebat,
3497 1592 3644 1647 intra

2063 1700 2358 1740 cavernam
2408 1699 2469 1740 se
2509 1683 2820 1739 abdiderat.
2864 1683 3237 1754 Prospei-laus
3292 1698 3423 1739 vero
3474 1699 3642 1739 senex

2066 1777 2254 1832 multis
2277 1776 2472 1832 orabat
2507 1784 2568 1831 ut
2599 1775 2897 1830 videndum
2927 1792 2985 1831 se
3018 1777 3313 1847 praeberet,
3342 1776 3387 1831 si
3416 1775 3639 1846 quidem

376 1845 663 1917 Διακόψας
717 1850 775 1904 δέ
805 1853 834 1905 ὁ
887 1855 1219 1929 πρεσϐύτης,
1269 1860 1521 1933 ἐλιπάρει
1588 1863 1735 1934 μάλα
1786 1845 1941 1922 πολλί

2065 1872 2361 1925 humanam
2410 1869 2640 1925 haberet
2695 1875 2974 1933 naturam,
3018 1883 3120 1923 nec
3164 1868 3436 1934 impostor
3492 1867 3642 1937 quis-

375 1937 609 2032 ὸςρθῇναι
656 1942 841 2011 αὑτὸν,
881 1946 930 1998 εἰ
963 1947 1311 2019 ἀνθρωπείαν
1354 1951 1466 2024 ἔχει
1503 1955 1603 2027 τὴν
1654 1957 1840 2026 φύσιν,
1866 1961 1941 2014 κα¹

2064 1962 2206 2032 piam
2240 1962 2456 2015 daemon
2485 1968 2657 2024 esset,
2691 1962 2783 2032 qui
2819 1959 3023 2015 talibus
3068 1962 3306 2031 spectris
3357 1935 3639 2015 illuderet.

378 2028 455 2123 μὴ
482 2028 694 2123 δαίμων
719 2050 803 2098 τις
829 2035 1082 2091 ἀπατεὼν
1098 2039 1182 2111 εῐη
1214 2041 1438 2099 τοιαῦτα
1464 2049 1954 2123 σχηματιζόμενος,

380 2140 402 2173 ι
429 2121 678 2217 Ιςαὶλγάρ
707 2124 885 2217 ἡμεῖς,
917 2127 1041 2199 ἔφη,
1073 2130 1164 2186 τὸν
1195 2134 1493 2207 ἀσκητικὸν
1519 2121 1793 2209 μετιόντες
1819 2145 1952 2217 βίον,

370 2213 470 2312 καὶ
506 2214 607 2286 τῆς
637 2216 871 2312 ησυχίας
912 2219 1167 2312 ἐρῶντες,
1198 2224 1457 2298 ἀλώμεθα
1486 2232 1627 2286 κατὰ
1658 2213 1830 2307 τήνδε-
1856 2239 1956 2312 τὴν

371 2303 601 2375 ῐρημον,
645 2306 703 2361 ἐν
734 2307 813 2378 τῷ
844 2310 976 2383 Σινᾷ
1028 2311 1143 2384 ὄρει
1188 2315 1280 2369 τὸν
1313 2318 1421 2372 τῶν
1456 2303 1723 2379 ἁπάντων-
1765 2303 1954 2383 ἐπιθυ-

372 2395 603 2464 μοῦντες
633 2406 1008 2476 προσκυνῆσαι
1060 2406 1194 2461 Θεὸν
1217 2449 1232 2474 ,
1268 2409 1328 2462 ἐν
1363 2404 1407 2479 ᾧ
1452 2414 1624 2486 Μωσῇ
1660 2416 1736 2488 τῷ
1787 2418 1952 2491 θερά-

371 2506 526 2544 ποντι
574 2492 675 2563 τὴν
718 2495 926 2550 οἰκείαν
978 2499 1301 2569 ἐπιφάνειαν
1346 2508 1748 2576 ποιησάμενος,
1782 2511 1949 2567 ἔδωκε

364 2582 469 2652 τῆς
495 2584 818 2676 νομοθεσίας
846 2586 944 2652 τὰς
993 2589 1206 2655 πλάκας
1225 2605 1240 2621 °
1276 2594 1375 2665 οὔχ
1404 2595 1483 2650 ὅτι
1527 2599 1586 2652 τὸ
1614 2600 1766 2657 Θεῖον
1795 2622 1950 2676 περι-

364 2673 677 2744 γεγράφθαι
706 2676 1002 2750 νομίζομεν
1027 2678 1317 2753 (ἀκούομεν
1342 2686 1450 2757 γὰρ
1479 2689 1642 2745 αὑτοῦ
1677 2673 1945 2761 λέγοντος,

362 2763 447 2858 ὅτι
499 2768 611 2820 Τὸν
642 2769 906 2837 οὐρανὸν
952 2773 1050 2826 καί
1094 2773 1210 2842 τὴν
1244 2776 1359 2846 γῆν
1378 2779 1494 2848 ἐγὼ
1529 2784 1755 2852 smnpm.
1784 2787 1947 2858 λέγει

362 2857 581 2926 Κύριος
600 2875 615 2891 ο
644 2859 739 2913 καὶ
757 2861 840 2916 ὅτι
867 2862 1084 2934 κατέχει
1104 2866 1195 2921 τὸν
1218 2866 1386 2940 γῦρον
1410 2872 1508 2943 τῆς
1536 2874 1662 2944 γῆς.
1692 2878 1786 2932 καὶ
1821 2881 1945 2945 τοὺς

359 2947 703 3040 ἐνοικοῦντας
732 2951 791 3005 ἐν
828 2952 968 3026 αὐτῇ
1008 2954 1085 3020 ὡς
1117 2956 1389 3029 ἀκρίδας),
1427 2963 1542 3016 ἀλλ’
1602 2967 1788 3040 ἐπειδὴ
1833 2974 1943 3037 τοῖς

358 3038 826 3135 θερμῶςᾲέρῶσιν
857 3047 918 3101 οὐ
973 3049 1136 3118 μόνον
1174 3053 1225 3105 oi
1282 3053 1549 3126 ἐρώμενοι
1597 3038 1939 3135 τριπόθητοι,

358 3129 498 3230 ἀλλά
524 3133 619 3188 καὶ
660 3137 711 3230 οἱ
745 3135 901 3230 τόποι
960 3140 1248 3212 ἐράσμιοι,
1292 3146 1343 3199 oi
1380 3147 1476 3216 τὴν
1536 3129 1741 3207 τούτων
1793 3129 1939 3230 παρέ

355 3220 551 3276 ουσίαν
589 3224 683 3278 καὶ
713 3225 931 3296 ὁμιλίαν
976 3227 1276 3301 δεξάμενοι.
1326 3253 1353 3286 ι.
1387 3236 1575 3294 Ταῦτα
1607 3244 1701 3297 καὶ
1730 3244 1800 3300 τὰ
1836 3220 1940 3303 τοι·

353 3312 500 3368 αὔτα
527 3312 783 3383 λέγοντος
823 3318 917 3372 τοῦ
954 3322 1261 3392 πρεσϐύτου
1284 3363 1299 3388 ,
1331 3327 1708 3388 ἀναδείκνυσιν
1750 3336 1940 3394 ἑαυτὸν

355 3404 548 3504 {miri};
571 3407 919 3504 καταδύσεως
950 3413 978 3464 ὁ
1001 3415 1387 3487 κεκρυμμένος
1410 3419 1508 3473 ἄνθ
1518 3439 1720 3493 ρωπος,
1747 3429 1839 3489 καὶ
1871 3427 1940 3504 ἦν

352 3497 546 3590 ἀγριος
582 3497 685 3569 μὲν
731 3498 881 3570 ἰδεῖν,
919 3503 1218 3579 αὐχμηρὰν
1258 3508 1314 3563 δέ
1349 3509 1488 3588 ἔχων
1518 3513 1614 3586 τὴν
1643 3517 1839 3590 κόμην,

350 3588 408 3641 δὲ
440 3589 734 3662 πρόσωπον
781 3594 1249 3670 ἐρῤυτιδωμένον,
1281 3588 1833 3682 κατεσκηλιτευμέναι
1879 3615 1938 3669 δέ

284 3706 291 3709 -
349 3683 529 3779 πάντα
554 3684 624 3779 τὰ
680 3686 815 3761 μέλη
866 3689 962 3744 τοῦ
1006 3692 1291 3764 σώματος,
1319 3696 1491 3768 pana
1535 3718 1655 3756 τινα
1705 3707 1936 3779 πενιχρὰ

350 3776 818 3869 ⁸περιϐεϐλημένος
843 3784 1161 3850 φοινικίνοις
1204 3786 1456 3856 βλαστοῖς
1485 3776 1931 3869 συνερραμμέντα.

361 3865 777 3962 ξΔσπασαμενος
807 3873 886 3938 δὲ,
910 3877 1005 3930 καὶ
1034 3877 1136 3949 τῆς
1164 3880 1393 3955 εἰρήνης
1432 3885 1494 3939 τὸ
1525 3865 1821 3962 πρδσρημα
1846 3892 1933 3947 δε-

344 3957 558 4052 δωκώς,
590 3962 923 4019 ἐπυνθάνετο
971 3968 1116 4034 τίνες
1147 3988 1207 4025 τε
1242 3968 1374 4043 εἶεν,
1403 3977 1496 4030 καὶ
1529 3957 1693 4034 ποθεν
1723 3957 1931 4052 ἥκοιεν,

345 4048 602 4143 καὶᾼὸπου
632 4052 868 4111 ἀπίοιεν.
897 4057 959 4112 Οἱ
987 4059 1044 4112 δὲ
1088 4062 1182 4114 καὶ
1215 4063 1354 4136 πρὸς
1396 4068 1497 4136 τὴν
1525 4048 1794 4143 ἐρώτησιν
1828 4048 1933 4132 ἀπὲ

341 4140 652 4238 εκρίναντο,
680 4144 776 4199 καὶ
825 4146 1192 4207 ἀντεπύθοντο
1225 4154 1390 4211 πόθεν
1420 4175 1480 4212 τε
1511 4140 1788 4231 ἐληλυθὼς
1819 4167 1930 4238 εἴη,

345 4232 440 4286 καὶ
464 4232 519 4286 τί
550 4234 750 4307 δήποτε
777 4238 983 4313 ταύτην
1014 4243 1189 4298 εἵλετο
1206 4247 1305 4319 τὴν
1334 4248 1499 4322 ζωήν.
1533 4253 1588 4307 Ὀ
1616 4255 1697 4324 δὲ,
1740 4275 1758 4309 ι
1785 4232 1931 4312 Ταύ-

340 4341 443 4421 την
499 4324 848 4421 ἐσχον’κάγὼ
878 4331 980 4404 τὴν
1013 4335 1356 4409 προθυμίαν,
1387 4341 1521 4415 ἔφη,
1549 4345 1617 4418 ἢν
1656 4334 1749 4403 καὶ
1772 4349 1931 4421 ὑμεῖς

340 4413 558 4485 ἔχοντες
611 4417 825 4484 ἀπίετε,
866 4424 1120 4478 κοινωνὸν
1153 4425 1211 4480 δὲ
1259 4429 1360 4501 τῆς
1416 4413 1537 4487 ὁδοῦ
1571 4413 1784 4510 ⁷ταύτης
1810 4413 1933 4499 ’ὲπλ

338 4508 618 4579 εποιήμην
643 4509 846 4584 συνήθη
871 4513 995 4567 τινὰ
1024 4516 1119 4570 καὶ
1151 4519 1509 4592 ὁμογνώμονα
1530 4568 1544 4589 ,
1572 4528 1667 4581 καὶ
1695 4508 1785 4586 τον
1826 4531 1926 4585 αύ-

2064 2073 2081 2105 ‹
2113 2052 2223 2110 Νοε
2256 2053 2484 2119 etenim,
2514 2052 2719 2117 aiebat,
2752 2053 3093 2109 eremiticam
3126 2053 3295 2106 vitam
3346 2052 3637 2115 ducentes.

2057 2149 2413 2219 quietemque
2442 2156 2720 2214 amantes,
2750 2162 2848 2219 per
2892 2146 3041 2201 hanc
3080 2142 3451 2202 'solitudinem
3480 2159 3637 2200 erra-

2056 2238 2396 2300 mus,Deum
2428 2239 2818 2295 universorum
2878 2237 3112 2293 adorare
3155 2237 3210 2292 in
3251 2244 3439 2292 monte
3502 2235 3636 2291 Sina

2054 2331 2364 2401 cupientes,
2399 2330 2454 2387 in
2486 2347 2596 2400 quo
2633 2329 2769 2387 Mosi
2800 2329 3009 2385 famulo
3037 2330 3401 2401 semetipsum
3440 2323 3634 2387 osten-

2053 2419 2196 2478 dens
2221 2422 2357 2491 legis
2395 2422 2613 2477 tabulas
2650 2421 2824 2477 dedit.
2867 2419 2991 2477 Non
3036 2422 3182 2493 quod
3233 2423 3355 2478 loco
3392 2423 3634 2481 circum-

2052 2513 2216 2568 scribi
2261 2513 2463 2574 Deum'
2495 2514 2866 2571 arbitremur:
2899 2514 3221 2572 audivimus
3260 2518 3415 2573 enim
3446 2520 3630 2590 ipsum
3675 2555 3681 2561 ε

2051 2605 2325 2661 dicentem
2353 2626 2367 2661 :
2398 2603 2603 2662 leum
2625 2616 2675 2669 et
2723 2616 2926 2662 terram
2950 2624 3046 2678 ego
3080 2609 3275 2679 impleo
3297 2649 3313 2675 ,
3357 2612 3490 2672 dicit
3525 2610 3633 2665 Do-

2048 2693 2223 2746 minus
2245 2701 2296 2756 ιι,
2329 2703 2383 2747 et
2417 2693 2569 2765 quod
2608 2701 2772 2749 terrm
2802 2696 3072 2751 ambitum
3105 2699 3413 2766 contineat,
3446 2712 3501 2756 et
3536 2702 3633 2756 ho-

2050 2789 2226 2841 mines
2257 2786 2351 2856 qui
2383 2786 2635 2841 habitant
2668 2787 2722 2841 in
2750 2803 2815 2843 ea
2848 2788 2997 2844 sicut
3034 2790 3339 2848 locustae“:
3376 2792 3470 2849 sed
3501 2795 3630 2864 quia

2046 2878 2141 2949 qui
2167 2876 2425 2933 ardenter
2449 2888 2660 2946 amant,
2702 2894 2813 2934 non
2848 2881 3029 2936 solum
3070 2898 3212 2953 quos
3245 2893 3434 2939 amant
3464 2885 3625 2942 vehe-

2046 2980 2261 3027 menter
2289 2969 2631 3034 desiderant,
2662 2972 2759 3028 sed
2798 2972 2936 3030 locis
2966 2974 3131 3030 etiam
3155 2975 3523 3041 delectantur,
3564 2979 3619 3033 in

2043 3063 2247 3133 quibus
2275 3062 2354 3118 illi
2379 3063 2732 3133 prasentiam
2788 3078 2946 3119 suam
2979 3080 3454 3138 congressumque
3487 3084 3627 3139 pra:-

2044 3155 2306 3234 buerunt.
2334 3174 2353 3206 ι
2394 3152 2520 3210 Haec
2552 3156 2648 3210 illo
2697 3164 2750 3211 et
2786 3156 2990 3212 similia
3022 3157 3318 3230 loquente,
3366 3160 3628 3232 patefecit

1967 3283 2013 3342 C
2046 3262 2106 3301 se
2144 3246 2311 3301 homo
2354 3262 2424 3309 ex
2454 3260 2694 3303 caverna
2726 3245 2818 3316 qui
2862 3245 3093 3314 latebat,
3135 3250 3337 3320 agresti
3371 3261 3623 3321 aspectu.

1996 3323 2013 3345 ⁸
2045 3353 2202 3393 coma
2227 3335 2507 3408 squalida,
2545 3336 2689 3393 facie
2717 3346 3034 3411 corrugata,
3064 3341 3330 3398 membris
3364 3344 3627 3400 omnibus

2042 3430 2298 3500 corporis
2329 3431 2592 3485 exsuccis
2627 3439 2680 3486 et
2705 3432 3019 3498 exhaustis,
3056 3433 3244 3489 lacero
3294 3450 3358 3489 ac
3408 3435 3620 3506 1171

2043 3521 2135 3575 vili
2193 3523 2432 3578 amictus
2472 3523 2797 3580 indumento
2843 3541 2910 3581 ex
2946 3525 3259 3595 palmarum
3317 3525 3463 3581 foliis
3497 3541 3624 3582 con-

2039 3621 2213 3669 texto.
2244 3615 2313 3670 Et
2338 3630 2464 3669 cum
2490 3630 2586 3672 eos
2609 3616 2736 3672 data
2772 3632 2908 3688 pace
2933 3617 3261 3685 salutasset,
3286 3619 3380 3687 qui
3412 3631 3622 3681 essent,

2039 3706 2187 3763 unde
2217 3708 2469 3764 venirent
2509 3724 2691 3778 quove
2739 3709 3029 3765 tenderent
3069 3710 3456 3781 interrogavit.
3502 3710 3609 3781 Ipsi

2036 3812 2171 3852 vero
2199 3805 2254 3853 et
2284 3797 2352 3852 ad
2381 3798 2724 3869 interrogata
2748 3799 3184 3870 responderunt,
3221 3808 3276 3857 et
3308 3803 3616 3871 percontati

2037 3896 2170 3944 suut
2199 3888 2473 3953 vicissim,
2503 3889 2783 3945 undenam
2814 3904 2883 3946 eo
2907 3890 3141 3955 venerit,
3167 3898 3227 3945 et
3255 3891 3617 3966 quamobrem

2035 3981 2139 4036 boc
2156 3982 2282 4036 vitae
2302 3981 2938 4053 genusdelegeritﬁl‘um
2970 3983 3060 4039 ille
3082 4001 3097 4038 :
3128 4002 3146 4036 ι
3169 3983 3395 4047 Eodem,
3416 3984 3617 4055 inquit,

2035 4090 2146 4143 quo
2189 4089 2288 4130 vos
2313 4090 2463 4131 nunc
2487 4075 2780 4139 ducimini,
2807 4075 3033 4131 tenebar
3058 4074 3359 4141 desiderio,
3383 4076 3620 4135 itineris-

2034 4183 2140 4236 que
2164 4167 2330 4238 hujus
2352 4169 2610 4229 comitem
2637 4168 2910 4224 habebam
2938 4184 3132 4223 .unnm
3161 4186 3192 4225 e
3221 4167 3612 4236 familiaribus,

2033 4259 2124 4314 cui
2154 4259 2344 4315 eadem
2366 4274 2580 4317 mecum
2609 4275 2765 4317 mens
2788 4269 2929 4323 erat,
2955 4259 3211 4331 idemque
3237 4262 3611 4334 propositum‘.

2032 4349 2528 4409 Obstrinxeramns
2562 4360 2751 4407 autem
2783 4362 2978 4407 mutuo
3010 4370 3113 4409 nos
3143 4364 3512 4420 sacramento,
3557 4364 3615 4410 ut

2035 4458 2102 4496 ne
2128 4449 2304 4499 morte
2338 4443 2561 4515 quidem
2614 4443 2938 4500 societatem
2975 4444 3388 4504 divelleremus.
3423 4446 3616 4519 Itaque
3710 4512 3713 4529 τ

2031 4533 2294 4601 quoniam
2328 4534 2430 4601 illi,
2465 4533 2596 4591 dum
2632 4535 2737 4595 iter
2772 4536 3039 4601 facimus,
3068 4538 3170 4592 hoc
3216 4538 3269 4593 in
3305 4538 3427 4594 loco
3463 4554 3614 4595 mors

337 4601 437 4699 τόν
497 4618 590 4699 μοι
656 4605 996 4699 κεκτημένον
1065 4611 1305 4681 σκοπὸν,
1344 4614 1493 4687 ὅρκῳ
1554 4618 1611 4672 δὲ
1663 4619 1926 4694 ἀλλήλους

2043 4624 2389 4694 οὺιίεἰι,,οεο
2427 4625 2797 4697 jurejurando
2825 4626 3143 4699 devinctus,
3187 4638 3242 4684 et
3290 4636 3496 4683 terram
3527 4629 3612 4685 ef-

336 4692 760 4785 ἐπεπείκειμεν,
805 4698 941 4768 μηδὲ
987 4699 1065 4770 τῷ
1104 4701 1318 4775 θανάτῳ
1371 4709 1603 4779 χωρίσαι
1645 4710 1745 4785 τὴν
1787 4692 1925 4769 συν-

334 4783 542 4838 ουσίαν.
584 4785 874 4857 Τοιγάρτοι
904 4789 1045 4849 κατὰ
1086 4791 1186 4863 τὴν
1227 4795 1539 4868 ἀποδημίαν
1591 4783 1800 4863 ἐκείνον
1827 4807 1925 4875 μὲν

332 4875 463 4945 τῇδε
491 4878 690 4949 συνέϐη
716 4879 970 4946 δέξασθαι
1004 4882 1100 4938 τοῦ
1127 4885 1242 4956 βίου
1275 4887 1338 4941 τὸ
1373 4891 1547 4962 πέρας
1569 4910 1583 4924 ⁸
1619 4895 1731 4965 ἐγὼ
1760 4898 1817 4954 δὲ
1846 4901 1924 4972 τῷ

310 4968 500 5066 ιόρκῳῌ
517 4971 891 5066 πεπεδημένος
912 4973 1096 5048 ὥρυξά
1122 4995 1181 5033 τε
1220 4980 1297 5045 ὡς
1324 4982 1629 5059 ἠδυνάμην.
1655 4991 1748 5044 καὶ
1774 4968 1917 5066 ταφῇ

327 5058 393 5109 τὸ
431 5059 592 5128 σῶμα
628 5063 921 5134 παρέδωκα
945 5082 960 5097 ’
998 5069 1151 5140 παρά
1182 5070 1347 5126 τοῦτο
1373 5073 1430 5130 δὲ
1463 5074 1523 5128 τὸ
1563 5058 1726 5149 σῶμα
1749 5058 1920 5151 τάφὸῦ

330 5151 523 5244 ἕτερον
557 5153 782 5244 ἐμαυτῷ
812 5157 1139 5229 κατορύξας,
1170 5160 1297 5233 τῇδε
1357 5167 1636 5238 περιμένω
1673 5171 1767 5226 τοῦ
1801 5173 1918 5244 βίου

325 5241 393 5292 τὸ
436 5240 613 5308 τέλος,
643 5243 739 5297 καὶ
780 5245 858 5316 τῷ
902 5248 1148 5322 Δεσπότῃ
1190 5249 1288 5323 τὴν
1339 5255 1542 5327 συνήθη
1574 5240 1919 5331 λειτουρξίίαν

330 5331 646 5405 προσφέρω.
683 5333 903 5407 Τροφὴν
931 5336 988 5393 δὲ
1039 5337 1146 5410 ἔχω
1192 5343 1319 5407 τοὺς
1360 5344 1627 5412 φοίνικας,
1650 5348 1743 5415 οὓς
1766 5352 1917 5407 ἀδελ-

327 5439 359 5486 ιε.
460 5422 549 5491 μοί
578 5439 664 5513 τις
697 5424 946 5494 κομίζειν
971 5428 1122 5500 παρά
1154 5430 1252 5484 τοῦ
1300 5434 1595 5506 κηδεμόνος
1624 5440 1849 5513 ἐτάχθη.
1889 5462 1908 5497 ο

326 5510 549 5568 Τούτων
578 5512 725 5570 οὕτω
777 5516 1107 5589 λεγομένων,
1142 5521 1281 5577 λέων
1329 5527 1613 5599 πόρρωθεν
1644 5510 1908 5607 ἀνεφάνη,

324 5604 539 5676 ἀγωνίᾳ
566 5605 624 5661 δὲ
650 5606 762 5661 τῶν
802 5608 899 5662 σὺν
931 5610 1009 5681 τῷ
1062 5615 1342 5690 πρεσϐύτῃ
1380 5624 1802 5692 περιπεσόντων,
1825 5604 1910 5681 αί-

325 5697 587 5766 aliusve;
615 5699 644 5752 ὁ
670 5701 763 5753 ἐπὶ
792 5701 892 5771 τῆς
921 5705 1270 5771 καταδύσεως
1308 5710 1637 5782 καθήμενος,
1668 5719 1907 5784 ἀναστὰς

1038 5900 1057 5918 υ
1084 5882 1186 5940 isa.
1210 5901 1293 5951 χι,
1314 5886 1401 5948 ‘22,.

396 5892 420 5913 "
456 5874 654 5936 iurem.
695 5895 851 5944 “ut,
870 5881 960 5935 “Ii.

2030 4717 2140 4771 fodi
2169 4724 2228 4771 ut.
2256 4717 2433 4787 potui,
2462 4726 2518 4775 et
2548 4718 2851 4788 sepultura:
2878 4734 3081 4788 corpus
3114 4719 3341 4787 tradidi,
3371 4721 3616 4792 mihique

2027 4809 2289 4879 sepulcro
2329 4808 2508 4864 altero
2557 4808 2719 4879 juata
2750 4809 2977 4873 eil'osso,
3031 4810 3157 4866 vita:
3194 4810 3354 4864 tinem
3399 4811 3490 4865 hic
3523 4826 3612 4866 ex-

2027 4908 2236 4968 specto,
2263 4909 2317 4953 et
2360 4910 2692 4956 consuetum
2732 4899 2966 4955 Domino
3003 4900 3376 4956 ministerium
3412 4901 3602 4959 reddo.

2023 4988 2227 5046 Vescor
2246 4998 2429 5048 autem
2457 4992 2761 5060 palmarum
2786 4990 3081 5058 fructibus,
3109 5009 3248 5063 quos
3279 4993 3410 5049 mihi
3437 4994 3609 5050 affert
3719 5012 3733 5031 κ

2025 5082 2194 5137 frater
2217 5082 2441 5151 quidam
2469 5083 2538 5137 ab
2561 5098 2626 5137 eo
2662 5083 2856 5154 jussus
2890 5084 2983 5155 qui
3016 5085 3121 5142 mei
3155 5101 3343 5141 curam
3381 5087 3541 5158 gerit.
3580 5107 3602 5141 ι

2024 5173 2160 5228 Dum
2210 5175 2326 5229 haec
2380 5175 2705 5245 loquuntur,
2765 5177 2854 5232 leo
2885 5178 3079 5247 procul
3116 5177 3393 5248 apparuit.
3431 5178 3606 5249 Cujus

2020 5274 2245 5336 aspectu
2272 5266 2520 5321 exterriti
2546 5267 2696 5323 senis
2723 5268 2953 5322 comites
2975 5283 3101 5323 cum
3125 5279 3328 5333 essent,
3354 5284 3413 5324 re
3437 5271 3607 5325 anim-

2019 5356 2250 5412 adversa
2303 5357 2396 5428 qui
2457 5356 2513 5411 in
2563 5356 2719 5412 fovea
2747 5356 2988 5427 jacebat.
3039 5354 3405 5421 surrexit,et
3459 5359 3604 5415 leoni

2020 5447 2204 5502 innuit
2235 5458 2292 5503 ut
2328 5450 2381 5503 in
2415 5451 2647 5506 alteram
2684 5458 2893 5519 partem
2942 5452 3222 5507 transiret.
3261 5450 3451 5507 Paruit
3480 5468 3604 5509 eve-

2021 5541 2207 5611 stigio,
2246 5543 2577 5614 botrumque
2606 5542 2791 5597 attulit
2837 5542 3210 5615 dactylorum,
3250 5543 3377 5598 dein
3407 5543 3601 5615 pedem

2021 5631 2227 5688 referre
2258 5634 2450 5701 iussus
2486 5635 2643 5700 abiit,
2687 5644 2739 5693 et
2771 5635 2963 5706 procul
2995 5650 3025 5690 a
3062 5634 3199 5687 viris
3240 5635 3350 5691 illis
3378 5634 3601 5690 decum-

2020 5726 2155 5793 bens
2186 5726 2502 5781 obdormiit.
2543 5728 2676 5784 Cum
2726 5745 2856 5799 ergo
2903 5728 3150 5797 dactylos
3189 5727 3420 5796 singulis
3459 5726 3601 5792 divi-
