4030 6404
455 452 616 548 ’1363

1497 492 1987 585 ΤΗΕΟΠΟῘὶΕᾘ
2017 495 2357 556 EPISCOPI
2378 495 2745 555 CYRENSIS

3600 482 3739 555 I364

475 595 662 661 sisset,
693 611 993 669 precesque
1025 607 1078 653 et
1125 599 1371 671 psalmos
1420 617 1546 658 cum
1580 602 1688 657 illis
1738 602 2035 657 communi

2153 603 2229 675 τῷ
2263 604 2438 659 λέοντι
2490 605 2762 658 διένευσεν
2802 604 2882 667 εἰς
2920 602 2980 657 τὸ
3026 602 3212 673 ἕτερον
3259 602 3511 673 διαϐῆναι
3547 603 3735 674 μέρος,

473 693 677 746 casset,
709 696 763 741 et
795 695 918 758 post
954 688 1188 761 liturgite
1221 691 1385 747 flnem
1418 708 1515 749 eos
1547 692 1699 750 intus
1727 694 2047 756 salutasset.

476 779 782 847 spectaculi
820 780 1063 836 novitate
1110 781 1454 853 stupefactos
1505 783 1742 840 dimisit.
1801 784 1959 852 Quod
2001 786 2048 841 si

475 868 600 937 quis
632 869 789 924 fidem
825 870 989 928 dictis
1026 890 1136 928 non
1167 874 1355 942 habet,
1393 877 1574 947 magni
1608 874 1739 932 Elim
1777 878 1968 943 vitam,
1994 885 2051 932 et

472 975 763 1015 corvorum
800 964 1164 1019 ministerium
1216 966 1627 1032 reminiscatur,
1674 968 1767 1039 qui
1801 967 1852 1022 ei
1886 982 2050 1024 mane

474 1069 690 1123 panem,
715 1055 929 1126 1172
954 1072 1184 1128 vespere
1204 1074 1402 1116 carnes
1422 1069 1686 1130 perpetuo
1705 1058 2045 1115 deferebant.

472 1150 489 1166 ‘
524 1143 708 1199 Facie
738 1156 821 1200 est
852 1157 1034 1202 autem
1077 1148 1324 1204 omnium
1353 1148 1640 1206 Conditori
1675 1149 1742 1205 ad
1783 1150 2046 1206 tuendam

468 1251 695 1292 suorum
739 1240 973 1296 salutem
1004 1240 1127 1296 vias
1180 1257 1373 1299 omnes
1405 1243 1677 1299 invenire.
1730 1240 1823 1298 Sic
1852 1257 2049 1313 nempe

467 1326 662 1382 Jouam
698 1328 752 1384 in
775 1340 971 1387 ventre
1000 1332 1109 1387 ceti
1157 1341 1267 1388 tres
1302 1334 1421 1391 dies
1454 1346 1757 1406 noctesque
1787 1334 2046 1401 servavit,

471 1416 714 1490 fecitque
746 1431 802 1474 ιιι
850 1420 1134 1478 Danielem
1178 1425 1231 1478 in
1282 1424 1403 1481 lacu
1453 1425 1643 1482 leones
1682 1425 2043 1497 obstupesce-

471 1519 613 1574 reut,
668 1520 722 1566 et
752 1512 1031 1567 iuanimus
1092 1513 1233 1584 ignis
1288 1517 1507 1571 ratione
1562 1522 1910 1586 operaretur,
1951 1528 2047 1568 eos

469 1602 563 1672 qui
616 1603 764 1659 intus
811 1614 973 1659 erant
1024 1605 1364 1671 illuminans,
1412 1607 1506 1678 qui
1556 1624 1684 1663 vero
1734 1605 1911 1670 foris,
1946 1622 2045 1661 ex-

471 1710 658 1751 urens.
688 1696 794 1751 Sed
819 1712 1288 1767 supervacaneam
1318 1715 1433 1754 rem
1466 1678 1587 1770 ago,
1614 1699 1708 1770 qui
1737 1698 1802 1753 ad
1829 1698 2048 1752 demon-

470 1785 757 1841 strandam
782 1786 1024 1842 divinam
1048 1792 1349 1859 potentiam
1373 1798 1700 1862 argumenta
1721 1788 2043 1860 producam.

471 1877 770 1948 Postquam
819 1895 951 1949 ergo
1006 1882 1070 1936 ad
1129 1891 1379 1953 optatum
1431 1891 1674 1937 montem
1716 1895 2041 1952 pervenere,

2160 693 2221 747 Ὀ
2247 694 2305 748 δὲ
2336 694 2649 764 παραυτίκα
2677 691 2903 764 ἐπείσθη
2930 709 2991 746 τε
3016 692 3109 745 καὶ
3127 687 3250 764 ἧκε,
3273 692 3454 763 φέρων
3475 691 3585 744 τῶν
3615 709 3734 762 φοι-

2151 786 2315 839 νίκων
2362 786 2455 839 τὸν
2497 784 2712 857 βότρυν.
2742 778 2878 839 Εἶτα
2911 783 3073 839 πάλιν
3104 780 3345 855 ἀπῆλθεν
3383 785 3732 856 ἐπιτραπεὶς,

2152 878 2247 932 καὶ
2274 876 2557 948 πόρρωθεν
2600 876 2709 929 τῶν
2739 873 2949 947 ἀνδρῶν
2998 872 3348 941 κατακλιθεὶς
3377 872 3730 947 ὲκαθεύδησε.

2150 967 2444 1039 Διανείμας
2498 966 2677 1021 τοίνυν
2729 967 2857 1030 τοὺς
2907 968 3160 1036 φοίνικας
3189 964 3391 1033 ἀπασι,
3421 966 3738 1037 προσευχῆς

2148 1077 2207 1113 τε
2238 1060 2330 1113 καὶ
2374 1058 2699 1130 ψαλμῳδίας
2742 1059 3077 1129 κοινωνήσας
3105 1058 3321 1121 αὐτοῖς,
3350 1057 3446 1111 καὶ
3502 1056 3642 1127 μετά
3670 1056 3735 1109 τὸ
3834 1064 3843 1070 ’

2148 1150 2302 1214 τέλος
2338 1149 2437 1223 τῆς
2468 1149 2811 1221 λειτουργίας
2856 1148 3027 1203 ἔωθεν
3059 1149 3449 1221 ἀσπασάμενος
3478 1148 3735 1219 ἀπεπέμ-

2147 1241 2285 1313 ψατο
2315 1240 2500 1296 καινὸν
2522 1240 2704 1313 θέαμα
2729 1238 3053 1308 τεθηπότας.
3081 1240 3143 1293 Εἰ
3178 1238 3236 1292 δέ
3265 1254 3350 1303 τις
3373 1238 3592 1291 ἀπιστεῖ
3618 1239 3734 1299 τοῖς

2149 1334 2479 1408 εἰρημένοις,
2507 1333 2609 1405 τῆς
2653 1331 2836 1387 Ἦλιοῦ
2866 1333 2959 1386 τοῦ
3002 1332 3143 1386 πάνυ
3175 1329 3473 1393 πολιτείας,
3505 1329 3600 1383 καὶ
3630 1330 3732 1400 τῆς

2147 1429 2256 1484 τῶν
2284 1428 2538 1499 κοράκων
2577 1426 2853 1490 διακονίας
2906 1422 3334 1496 ἀναμνησθήτω,
3364 1422 3415 1475 οἳ
3459 1420 3608 1493 πρωῒ
3632 1421 3731 1492 μὲν

2148 1521 2331 1590 ἄρτον,
2353 1516 2534 1589 δείλης
2572 1517 2629 1572 δὲ
2658 1518 2825 1590 κρέας
2851 1515 3000 1588 αὐτῷ
3034 1516 3354 1588 κομίζοντες
3401 1513 3729 1570 διετέλεσαν.

2159 1609 2367 1683 Ῥᾴδιον
2387 1609 2443 1663 δὲ
2469 1609 2545 1680 τῷ
2562 1610 2765 1681 Ποιητῇ
2804 1607 2914 1662 τῶν
2952 1607 3088 1663 ὅλων
3116 1606 3494 1669 παντοδαποὺς
3528 1606 3732 1678 πόρους

2149 1704 2227 1765 εἰς
2251 1699 2351 1772 τὴν
2384 1699 2492 1754 τῶν
2535 1700 2752 1753 οἰκείων
2797 1694 3093 1769 θεραπείαν
3114 1696 3408 1767 εὑρίσκειν.
3435 1693 3592 1749 Οὕτω
3638 1694 3734 1749 τὸν

2160 1793 2344 1846 Ἰωνᾶν
2362 1793 2418 1845 ὲν
2444 1794 2508 1861 τῇ
2533 1790 2711 1861 κοιλίᾳ
2729 1785 2823 1843 τοῦ
2840 1790 3039 1860 κήτους
3054 1787 3181 1860 τρία
3198 1786 3517 1859 νυχθήμερα
3541 1785 3731 1853 διεφύ-

2146 1884 2295 1950 λαξε,
2327 1883 2424 1938 καὶ⁷
2452 1885 2579 1947 τοὺς
2621 1882 2839 1946 λέοντας
2863 1884 2920 1935 ὲν
2961 1881 3039 1951 τῷ
3086 1876 3276 1950 λάκκῳ
3313 1878 3604 1950 τεθηπέναι
3634 1877 3732 1931 τὸν

468 1969 852 2025 admirandum
877 1988 1063 2028 senem
1100 1973 1283 2028 ferunt
1305 1988 1372 2029 eo
1397 1974 1451 2030 in
1475 1974 1621 2040 loco,
1650 1974 1706 2029 in
1738 1988 1850 2044 quo
1870 1971 2035 2027 Deum

2146 1976 2345 2048 Δανιὴλ
2366 1972 2764 2047 παρεσκεύασε,
2782 1973 2876 2028 καὶ
2891 1973 2951 2028 τὸ
2972 1972 3179 2043 ἄψυχον
3200 1971 3309 2042 πῦρ
3330 1968 3562 2040 λογικῶς
3577 1972 3731 2040 ἐνερ-

467 2062 653 2118 videre
689 2060 866 2119 Moses
893 2064 1093 2119 meruit
1118 2065 1275 2135 (vidit
1313 2072 1494 2121 autem
1523 2070 1791 2136 quantum
1824 2058 2044 2119 mortali

468 2161 680 2210 natura:
714 2154 795 2211 fas
822 2154 952 2225 est),
988 2172 1166 2227 genita
1196 2159 1403 2220 ﬁxisse,
1422 2173 1524 2213 nec
1551 2165 1681 2214 ante
1710 2157 2042 2220 surrexisse,

464 2262 627 2317 quam
663 2246 902 2302 divinam
954 2264 1141 2304 vocem
1180 2246 1395 2305 Domini
1456 2251 1557 2321 ipsi
1601 2248 2042 2307 benevolentiam

466 2339 800 2395 indicantem
832 2334 1073 2395 audiret.
1135 2341 1328 2412 itaque
1359 2356 1483 2397 eum
1520 2341 1790 2413 integram
1838 2339 2043 2396 hebdo-

466 2427 678 2483 madam
712 2445 923 2499 pronus
952 2431 1055 2486 hoe
1078 2429 1241 2486 modo
1274 2433 1600 2504 peregisset,
1621 2449 1719 2489 nee
1742 2434 2040 2504 quidquam

464 2519 571 2575 eihi
603 2530 908 2591 gustasset,
962 2538 1066 2577 vox
1104 2518 1299 2594 illapsa
1328 2520 1497 2595 jussit
1529 2533 1588 2580 ut
1637 2540 1760 2595 quae
1790 2525 2040 2594 apposita

460 2619 619 2665 erant
643 2623 909 2676 sumeret,
942 2608 1230 2685 alacrique
1265 2615 1455 2670 animo
1480 2614 1819 2671 comederet.
1856 2616 2040 2682 Quare

462 2718 686 2759 manum
718 2704 1044 2772 extendens,
1078 2721 1206 2761 cum
1251 2706 1355 2760 tria
1403 2721 1562 2778 poma
1593 2707 1922 2774 invenisset,
1954 2708 2040 2763 his

456 2796 615 2861 juxta
657 2793 842 2851 dantis
889 2798 1179 2868 imperium
1224 2806 1418 2870 pastus
1446 2806 1555 2865 est,
1602 2799 1859 2870 viresque
1906 2799 2040 2855 inte-

458 2901 585 2955 gras
625 2884 852 2958 recepit,
894 2897 948 2944 et
994 2889 1200 2955 socios,
1252 2898 1311 2946 ut
1354 2900 1455 2962 par
1485 2894 1632 2957 erat,
1669 2902 1873 2963 magno
1913 2904 2036 2946 cum

458 2974 625 3035 animi
659 2982 859 3053 gaudio
894 2983 1181 3040 salutavit.
1239 2980 1319 3039 ita
1372 2984 1531 3040 laetus
1578 2982 1887 3056 hilarisque
1930 2984 2038 3039 dis-

458 3074 665 3140 cessit,
696 3081 755 3127 ut
788 3072 879 3146 qui
904 3082 957 3130 et
983 3074 1227 3131 divinam
1256 3090 1445 3132 vocem
1466 3076 1738 3141 audierat,
1771 3085 1827 3132 et
1848 3075 2035 3131 datum

456 3179 484 3217 a
519 3163 627 3217 Deo
661 3163 847 3218 cibum
876 3170 1189 3235 acceperat.
1239 3162 1520 3223 Reversus
1556 3172 1736 3221 autem
1767 3162 1878 3222 duo
1904 3166 2035 3221 item

459 3254 731 3324 religiosa:
762 3254 1123 3327 philosophiae
1145 3256 1432 3328 gymnasia
1459 3257 1753 3321 exstruxit,
1784 3273 1952 3312 unum
1981 3258 2034 3312 in

457 3344 631 3401 dorso
650 3347 856 3403 moutis
885 3346 953 3402 de
984 3363 1095 3418 quo
1124 3347 1468 3412 dicebamus,
1508 3351 1747 3404 alterum
1780 3349 1884 3405 sub
1919 3349 2032 3415 illo,

457 3430 524 3491 ad
561 3434 714 3509 ipsas
746 3438 958 3495 radices
1005 3440 1240 3495 montis:
1279 3440 1640 3512 collectisque
1690 3441 1744 3495 in
1802 3452 2036 3511 utroque

456 3529 677 3585 virtutis
703 3523 943 3595 athletis,
971 3539 1333 3601 utrorumque
1358 3532 1625 3603 magister
1645 3547 1708 3587 ae
1730 3531 2034 3603 predotriba

459 3623 603 3677 fuit:
645 3631 699 3678 et
753 3620 933 3679 infesti
998 3623 1177 3678 hostis
1234 3624 1478 3680 insultus
1532 3640 1630 3680 eos
1678 3620 1921 3689 docens,
1980 3632 2035 3679 et

454 3714 799 3785 agonothetze
826 3714 1263 3770 benevolentiam
1295 3710 1507 3786 1173
1529 3708 1830 3785 spondens,
1868 3724 2034 3786 atque

455 3815 514 3860 ut
562 3806 750 3862 fidenti
805 3807 1136 3878 excelsoque
1182 3806 1369 3862 animo
1431 3817 1622 3865 essent
1672 3808 1980 3865 admonens
2011 3850 2027 3875 ,

455 3896 809 3966 suadensque
841 3905 903 3951 ut
936 3911 1063 3969 erga
1100 3898 1284 3953 socios
1317 3894 1642 3952 modestiam
1691 3899 2027 3964 retinerent,

452 3987 724 4046 adversus
779 3987 991 4044 hostem
1048 3988 1221 4043 animi
1282 3988 1663 4060 magnitudine
1713 3997 2026 4045 uterentur.

452 4078 604 4137 Talia
660 4077 895 4145 docens,
944 4076 1025 4138 sic
1076 4082 1305 4145 vivens,
1355 4082 1529 4137 tantis
1575 4083 1861 4140 miraculis
1911 4080 2031 4153 pol-

454 4175 604 4237 lens,
632 4180 688 4227 et
715 4172 1010 4243 splendore
1039 4172 1186 4227 omni
1217 4182 1519 4230 coruscans
1538 4216 1552 4240 ,
1586 4169 1879 4231 laboriosae
1907 4175 2031 4229 vita:

454 4265 614 4320 tinem
646 4263 829 4334 cepit,
871 4263 939 4319 in,
979 4278 1212 4335 eamque
1257 4266 1517 4335 migravit
1551 4304 1567 4330 ,
1614 4280 1735 4335 qua?
1785 4267 1926 4322 senii
1977 4273 2031 4320 et

452 4350 659 4412 doloris
690 4362 777 4410 est
810 4370 1043 4426 expers,
1073 4356 1252 4427 gloria
1294 4357 1594 4413 immortali
1644 4363 1699 4412 et
1743 4366 2029 4427 nunquam

451 4448 734 4504 interitura
766 4448 1029 4503 memoria
1054 4458 1182 4519 post
1223 4465 1284 4506 se
1321 4444 1534 4506 relicta.
1577 4446 1753 4518 Hujus
1798 4448 2029 4504 benedi-

448 4540 665 4604 ctione,
724 4538 854 4593 dum
913 4546 1198 4610 superstes
1247 4550 1430 4603 esset,
1476 4540 1651 4610 potita
1699 4548 1785 4595 est
1830 4536 2025 4608 beata,

2146 2069 2393 2139 γεϊν,καὶ
2429 2068 2554 2131 τοὺς
2583 2067 2680 2136 μὲν
2705 2065 2852 2119 ἔνδον
2877 2064 3161 2137 φωτίζειν,
3185 2063 3314 2128 τοὺς
3346 2058 3403 2117 δὲ
3430 2063 3535 2130 ἔξω
3563 2078 3733 2116 κατα-

2148 2160 2322 2215 καίειν
2346 2160 2672 2232 πεποίηκεν.
2690 2157 2850 2212 ’Δλλά
2872 2152 3126 2229 περιττὸν
3149 2152 3286 2211 ποιῶ
3303 2149 3433 2225 περὶ
3458 2153 3555 2226 τῆς
3572 2152 3728 2217 θείας

2143 2252 2425 2323 δυνάμεως
2455 2250 2758 2315 ἀποδείξεις
2804 2244 3150 2321 προσφέρων.
3194 2242 3417 2317 Ἐπειδὴ
3466 2243 3727 2298 τοίνυντὸ

2146 2343 2477 2416 ποθούμενον
2509 2341 2808 2397 κατέλαϐεν
2826 2341 2970 2413 ὅρος,
2997 2338 3158 2411 φασιν
3214 2334 3423 2392 ἐκεῖνον
3473 2336 3563 2390 τὸν
3592 2336 3724 2389 θαυ-

2146 2438 2339 2507 μάσιον
2372 2436 2604 2506 γέροντα
2634 2437 2692 2489 ὲν
2732 2435 2925 2504 ἐκείνῳ
2952 2430 3030 2505 τῷ
3063 2431 3269 2505 χωρίῳ,
3295 2426 3353 2483 ὲν
3390 2424 3434 2499 ᾧ
3466 2428 3557 2482 τὸν
3590 2427 3729 2482 Θεὸν

2142 2530 2380 2600 Μωῡσῆς
2410 2529 2539 2582 ἰδεῖν
2578 2526 2806 2599 ἠξιώθη,
2840 2518 2983 2581 εἶδεν
3007 2523 3064 2579 δὲ
3097 2526 3172 2589 ὡς
3200 2523 3425 2578 δυνατὸν
3456 2517 3527 2592 ἦν
3561 2520 3725 2590 φύσει

2141 2618 2331 2691 θνητῇ,
2356 2620 2535 2674 κλῖναι
2566 2619 2635 2673 τὰ
2666 2618 2891 2688 γόνατα,
2921 2617 3017 2671 καὶ
3072 2615 3147 2687 μὴ
3180 2615 3445 2686 πρότερον
3494 2611 3727 2682 ἀναστῆ-

2139 2723 2273 2774 ναι,
2306 2705 2411 2770 ἕως
2461 2705 2612 2769 θείας
2649 2706 2921 2777 ἐπήκουσε
2974 2703 3182 2774 φωνῆς,
3227 2700 3327 2773 τήν
3381 2699 3727 2767 Δεσποτικήν

2139 2797 2288 2870 αύτῷ
2317 2797 2606 2868 εὐμένειαν
2643 2795 2973 2867 μηνυούσης.
3026 2792 3246 2863 Ἐπειδὴ
3275 2790 3333 2845 δὲ
3375 2790 3594 2844 ἅπαντα
3621 2788 3722 2853 τῆς

2138 2887 2430 2960 ἑϐδομάδος
2482 2887 2577 2943 τὸν
2611 2884 2813 2942 κύκλον
2859 2885 3002 2941 οὕτω
3036 2882 3396 2954 συγκεκυφὼς
3426 2880 3720 2943 διετέλεσε,

2135 2982 2345 3055 τροφῆς
2374 2981 2495 3036 οὐδὲ
2538 2978 2800 3054 βραχείας
2835 2975 3156 3051 μεταλαχὼν
3179 3019 3194 3044 ,
3221 2976 3510 3031 ἐκέλευσεν
3537 2975 3571 3045 ή
3620 2988 3722 3043 γε-

2136 3073 2339 3145 νομένη
2359 3072 2513 3144 φωνὴ
2542 3073 2634 3127 καὶ
2674 3070 2744 3127 τά
2799 3067 3138 3141 προτεθέντα
3174 3068 3323 3138 αὐτῷ
3356 3066 3585 3130 Ἆαϐιίν,
3625 3064 3725 3118 καὶ

2139 3162 2437 3236 προθύμως
2484 3165 2825 3234 καταφαγεῖν
2853 3178 2867 3194 ·
2900 3160 3148 3225 ἐκτείνας
3176 3160 3235 3214 δὲ
3262 3159 3363 3229 τήν
3410 3159 3589 3229 χεῖρα,
3621 3154 3724 3210 καὶ

2137 3254 2265 3329 τρία
2292 3256 2437 3328 μῆλα
2464 3254 2639 3327 εὑρὼν
2658 3296 2673 3322 ,
2698 3255 2792 3308 καὶ
2815 3250 3019 3308 τούτων
3044 3250 3377 3324 ἐμφορηθεὶς
3401 3250 3476 3315 ὡς
3508 3251 3536 3301 ό
3557 3248 3724 3302 δεδω-
3762 3268 3769 3272 ’

2141 3345 2253 3411 κὼς
2280 3347 2697 3420 παρηγγύησεν,
2735 3342 2918 3417 ἰσχύος
2965 3360 3026 3398 τε
3067 3344 3290 3414 γέγονεν
3340 3341 3557 3411 ἀπάσης
3589 3341 3725 3394 ἀνά-

2141 3441 2339 3509 πλεως,
2372 3443 2463 3496 καὶ
2498 3441 2638 3514 μετά
2666 3438 2965 3511 θυμηδείας
3007 3438 3136 3502 τοὺς
3166 3436 3444 3503 συνόντας,
3471 3435 3547 3499 ὡς
3571 3435 3723 3498 εἰκὸς

2134 3527 2225 3607 ἦν,
2265 3534 2569 3603 ήσπάσατο.
2600 3528 2855 3603 Γεγηθὼς
2885 3526 3063 3585 τοίνυν
3110 3530 3205 3584 καὶ
3255 3524 3593 3599 γαννύμενος
3619 3528 3723 3578 ἐπ-

2135 3626 2309 3697 ανῄει,
2335 3621 2429 3678 ατε
2456 3621 2518 3694 δή
2541 3618 2636 3677 καὶ
2664 3618 2816 3686 θείας
2843 3619 3158 3685 ἐπακούσας
3187 3619 3391 3689 φωνῆς,
3422 3617 3518 3673 καὶ
3564 3617 3721 3670 θεοσ-

2133 3717 2289 3771 δότου
2331 3714 2497 3770 πάλιν
2528 3714 2843 3778 ἀπολαύσας
2892 3713 3121 3785 τροφῆς.
3164 3706 3510 3767 Ἐπανελθὼν
3535 3708 3594 3762 δὲ
3624 3706 3719 3761 καὶ

2133 3803 2225 3863 δύο
2256 3807 2577 3879 φιλοσοφίας
2605 3804 2920 3879 ᾠκοδόμησε
2952 3804 3373 3877 φροντιστήρια,
3402 3800 3461 3854 ἐν
3506 3796 3606 3872 μὲν
3634 3800 3711 3861 εἰς

2134 3899 2232 3972 τήν
2269 3898 2465 3972 ῥαχίαν
2509 3897 2605 3952 τοῦ
2649 3897 2811 3970 ὅρους
2832 3898 2960 3970 περὶ
2995 3888 3058 3950 οὗ
3090 3897 3524 3968 προειρήκαμεν,
3554 3894 3713 3948 θάτε-

2136 4006 2228 4063 ρον
2263 3990 2321 4046 δὲ
2356 3991 2478 4045 κατ’
2504 3989 2671 4055 αὐτὸ,
2701 3991 2831 4061 παρ’
2865 3989 3002 4044 αύτά
3033 3989 3135 4058 τῆς
3156 3987 3434 4059 ὑπωρείας
3472 3986 3542 4040 τά
3582 3986 3719 4059 apd-

2134 4081 2305 4139 σπεδα
2324 4098 2338 4112 '
2363 4078 2421 4136 ὲν
2451 4082 2699 4154 ἑκατέρῳ
2732 4080 2790 4137 δὲ
2815 4080 3056 4153 ἀθλητὰς
3082 4079 3285 4153 ἀρετῆς
3328 4078 3714 4149 συναθροίσας,

2132 4170 2229 4229 καὶ
2256 4173 2462 4229 τούτων
2491 4176 2761 4229 κάκείνων
2787 4172 3106 4245 γυμναστής
3142 4174 3359 4241 ἐγένετο
3398 4172 3493 4225 καὶ
3528 4170 3722 4224 παιδο-

2114 4267 2348 4337 ’τρίϐης,
2397 4266 2615 4322 καὶτοῦ
2669 4267 2965 4323 ἀντιπάλου
2996 4267 3093 4320 καί⁵
3137 4263 3398 4336 πολεμίου
3443 4264 3723 4317 διδάσκων

2129 4354 2229 4418 τὰς
2249 4357 2577 4425 προσϐολὰς,
2610 4361 2704 4413 καὶ
2733 4357 2830 4412 τοῦ
2857 4357 3196 4428 ἀγωνοθέτου
3223 4344 3324 4427 τήν
3354 4355 3567 4408 εὖνοιαν
3605 4354 3715 4407 ὑπ-

2134 4448 2502 4522 ισχνούμενος,
2536 4448 2630 4505 καὶ
2676 4445 2897 4523 θαρρεῖν
2934 4445 3268 4524 παρακαλῶν
3302 4447 3396 4503 καὶ
3431 4448 3717 4519 φρονήμα-

2129 4556 2220 4605 τος
2245 4536 2525 4613 ὲμφορῶν,
2551 4541 2648 4596 καὶ
2698 4542 2836 4613 πρὸς
2892 4541 2991 4613 μὲν
3028 4540 3155 4606 τοὺς
3204 4538 3460 4612 ὁμοφυεῖς
3490 4537 3717 4608 μετριὰο

449 4633 559 4687 imo
590 4630 905 4689 beatissima
936 4640 1109 4688 mater
1141 4649 1259 4688 mea
1282 4674 1297 4697 ,
1328 4648 1491 4703 quam
1531 4633 1726 4689 horum
1760 4634 2026 4706 pleraque

2139 4632 2245 4700 ζειν
2278 4632 2537 4700 κελεύων,
2576 4634 2713 4706 πρὸς
2738 4633 2798 4688 δὲ
2842 4630 2934 4689 τὸν
2967 4632 3227 4705 πολέμιον
3261 4630 3715 4704 μεγαλοφροσύνῃ

448 4732 766 4780 narrantem
797 4725 1006 4795 saepius
1034 4723 1246 4779 audivi.
1287 4722 1399 4794 Ego
1435 4736 1566 4779 vero
1588 4763 1602 4788 ,
1637 4733 1695 4780 ut
1727 4728 2019 4796 potentiae,

446 4829 553 4886 qua
608 4828 754 4868 nunc
809 4816 992 4879 valet,
1043 4812 1575 4885 intercessionisque
1616 4813 1738 4886 eius
1774 4814 2018 4874 fructum

445 4906 659 4978 capiam
691 4921 825 4971 oro,
859 4914 915 4960 et
944 4905 1366 4976 impetraturum
1404 4921 1490 4962 me
1522 4909 1658 4963 seio.
1692 4909 1828 4965 Nam
1864 4914 1883 4931 '
1909 4910 2022 4966 Do-

445 4997 575 5054 mini
622 4998 847 5053 imitans
896 4996 1291 5069 benignitatem
1347 5008 1543 5068 preces
1593 5010 1744 5056 meas
1792 5010 2025 5071 prorsus

450 5090 715 5146 admittet.

2127 4727 2428 4798 κεχρῆσθαι
2460 4724 2808 4799 παρεγγυῶν.
2843 4720 3082 4781 Τοιαῦτα
3121 4724 3407 4787 διδάσκων,
3432 4722 3578 4777 οὕτω
3601 4721 3714 4793 βιο-

2125 4818 2320 4885 τεύων,
2352 4817 2654 4891 τηλικαῦτα
2702 4814 3156 4889 θαυματουργῶν,
3190 4814 3408 4878 καὶτὰς
3440 4812 3713 4868 παντοδα-

2129 4910 2236 4974 πὰς
2272 4910 2638 4982 μαρμαρυγὰς
2657 4908 2856 4979 ἀφιεὶς,
2871 4910 2970 4981 τῆς
3000 4906 3261 4964 ἐπιπόνου
3296 4908 3443 4979 ζωῆς
3469 4907 3532 4960 τὺ
3556 4905 3711 4968 τέλος

2125 5000 2367 5070 ἐδέξατο,
2394 5000 2488 5058 καὶ
2523 5006 2604 5068 εἰς
2641 5002 2735 5057 τὸν
2774 5003 2967 5074 ἀγήρω
2997 5002 3093 5058 καὶ
3133 5000 3338 5058 ἄλυπον
3381 4999 3708 5070 ἀπεδήμησε

2130 5095 2263 5164 βίον,
2292 5092 2555 5150 ἄσϐεστον
2589 5096 2744 5160 κλέος
2765 5094 3100 5160 καταλιπὼν,
3135 5092 3230 5150 καὶ
3269 5094 3491 5167 μνήμην
3535 5092 3710 5144 εἰσαεὶ

444 5186 822 5260 διαμένουσαν.
848 5186 960 5258 Τῆς
997 5187 1188 5241 τούτου
1218 5183 1276 5241 δὲ
1320 5186 1573 5258 εὐλογίας
1601 5186 1886 5261 ἁπήλαυσε
1923 5192 2021 5261 μὲν
2057 5193 2339 5264 περιόντος
2392 5195 2426 5264 ὴ
2466 5191 2713 5265 μακαρία
2778 5193 2871 5247 καὶ
2914 5191 3290 5265 τρισμακαρία
3343 5206 3443 5261 μου
3496 5187 3700 5257 μήτηρ,

444 5274 538 5329 καὶ
583 5275 753 5330 πολλά
793 5275 902 5328 τῶν
948 5276 1141 5331 τούτου
1200 5295 1290 5346 μοι
1340 5277 1694 5349 διηγημάτων
1758 5280 2017 5347 πολλάκις
2056 5285 2452 5356 προσήνεγκεν.
2496 5282 2639 5354 Ἐγὼ
2657 5284 2716 5339 δὲ
2745 5283 2845 5357 τῆς
2875 5283 2973 5337 νῦν
2998 5282 3317 5348 δυναστείας
3375 5277 3542 5334 αὐτοῦ
3609 5275 3703 5330 καὶ

447 5365 741 5435 πρεσϐείας
788 5365 1098 5422 ἀπολαῦσαι
1137 5364 1423 5436 ἀντιϐολῶ,
1457 5369 1551 5423 καὶ
1588 5362 1707 5423 οἶδα
1744 5372 1820 5435 ὡς
1844 5372 2124 5445 τεύξομαι.
2156 5375 2458 5449 Δὼσειγάρ
2488 5376 2708 5441 πάντως
2733 5376 2833 5447 τὴν
2887 5376 3127 5447 αἴτησιν,
3191 5375 3299 5446 τήν.
3342 5366 3437 5427 τοῦ
3507 5367 3705 5423 Δεσπό-

445 5470 535 5508 του
562 5455 752 5526 φιλανθ
763 5460 971 5529 ρωπίαν
1007 5461 1365 5534 μιμούμενος.

906 5548 1014 5609 νιι.
1047 5587 1118 5598 --
1148 5554 1560 5613 PALLADIUS.

513 5637 797 5697 Palladius
831 5652 1015 5699 autem
1053 5647 1147 5703 ille
1183 5649 1580 5705 celeberrimus
1617 5647 1746 5703 huic
1784 5651 2019 5719 aequalis

445 5732 693 5800 tempore
726 5729 828 5785 fuit
854 5772 868 5797 ,
902 5742 957 5788 et
988 5734 1236 5791 moribus
1268 5738 1468 5793 similis
1489 5780 1505 5805 ,
1541 5744 1815 5806 notusque
1844 5754 1909 5794 ac
1937 5739 2018 5793 fa-

447 5821 700 5880 miliaris.
735 5823 817 5878 Ad
847 5838 907 5880 se
942 5827 1089 5880 enim
1112 5869 1127 5891 ,
1169 5837 1232 5882 ut
1278 5827 1504 5898 ferunt,
1558 5828 1799 5886 invicem
1840 5833 2016 5888 venti-

451 5915 667 5982 tautes,
699 5924 947 5969 mutuam
995 5916 1287 5972 utilitatem
1342 5920 1667 5991 capiebant,
1722 5930 1910 5978 mutuo
1957 5939 2015 5979 se

2618 5560 2765 5613 Z'.—
2786 5556 3193 5612 ΠΑΛᾹΑΔῘΟΣ.

2196 5650 2490 5715 Παλλάδιος
2522 5650 2578 5705 δὲ
2607 5651 2636 5703 ό
2680 5650 3121 5724 πολυθρύλλητοςη
3167 5650 3461 5720 όμόχρονος
3506 5648 3698 5705 τούτου

2122 5741 2435 5812 γεγένηται,
2467 5742 2560 5795 καὶ
2591 5740 2916 5813 ὁμότροπος,
2949 5742 3044 5794 καὶ
3076 5739 3338 5813 συνήθης.
3371 5740 3466 5793 καὶ
3492 5738 3699 5811 γνώρι-

2127 5850 2244 5905 μος.
2281 5832 2419 5902 Παρ*
2448 5832 2713 5904 ἀλλήλους
2762 5832 2891 5904 γὰρ,
2941 5831 3017 5896 ὧς
3060 5848 3213 5901 φασι,
3279 5829 3572 5900 φοιτῶντες
3599 5829 3703 5899 τῆς

2126 5926 2252 5996 παρ’
2305 5923 2549 5995 ἀλλήλων
2601 5923 2864 5994 ὠφελείας
2924 5922 3223 5994 ἀπήλαυον,
3291 5920 3705 5995 παραθήγοντες
