4030 6418
307 411 450 478 1365

1525 410 1933 473 RELIGIOSA
1974 408 2361 469 HISTORIA.

3435 399 3573 464 1356

301 524 594 593 ἀλλήλους,
626 521 721 575 καὶ
766 523 847 585 εἰς
879 521 1045 591 ζῆλον
1091 521 1185 574 τὸν
1232 521 1375 573 θεῖον
1433 521 1758 592 ἐγείροντες.
1802 506 1890 572 Ἐν

2017 530 2397 581 irovocantes,
2438 529 2489 575 et
2526 520 2590 573 ad
2624 520 2803 574 zelum
2838 518 3089 573 divinum
3122 519 3438 572 incitantes.
3483 518 3583 569 ln-.

301 616 539 684 οἰκίσκῳ
570 612 629 666 δέ
658 630 762 666 τινι
801 613 1117 684 καθεῖρκτο,
1140 614 1302 685 κώμῃ
1336 614 1568 685 μεγίστῃ
1598 616 1692 668 καὶ
1724 614 1892 667 πολυ-

305 706 588 779 ανθρώπῳ
621 704 913 771 πελάζοντι
940 722 953 737 ·
994 705 1189 777 ἰμμαι
1219 705 1279 760 δέ
1308 705 1480 776 ὄνομα
1522 704 1718 777 ταύτῃ.
1756 706 1895 776 Περὶ

310 800 414 871 μὶν
445 797 556 869 γάρ
604 800 703 869 τῆς
747 798 841 852 τοῦ
873 797 1063 867 ἀνδρὸς
1107 798 1427 869 καρτερίας,
1444 797 1679 861 “ἀσιτίας
1706 814 1767 850 τε
1801 798 1896 851 καὶ

306 891 644 962 ἀγρυπνίας,
678 890 776 945 καὶ
801 890 905 959 τῆς
940 889 1222 961 διηνεκοῦς
1254 890 1587 960 προσευχῆς,
1643 888 1897 961 περιττὸν

307 983 557 1055 ήγοῦμαι
578 982 904 1051 διηγεῖσθαι.
934 981 1036 1035 Τὸν
1058 980 1168 1052 γὰρ
1201 981 1363 1034 αὐτὸν
1393 975 1577 1034 εἷλκεν
1604 981 1663 1034 ἐν
1687 979 1899 1044 τούτοις

304 1076 391 1146 τῷ
432 1074 564 1146 θείῳ
623 1074 872 1146 Συμεῶνι
919 1075 1114 1142 ἐκείνῳ
1169 1074 1353 1143 ζυγόν.
1398 1073 1473 1127 Τὸ
1501 1073 1558 1127 δέ
1603 1073 1811 1144 θαῦμα,
1838 1073 1899 1127 τὸ

313 1164 480 1236 μέχρι
504 1166 600 1218 καὶ
624 1165 866 1237 τήμερον
894 1164 1175 1233 ᾀδόμενον,
1198 1164 1260 1219 τι
1286 1164 1393 1218 ὑπὸ
1421 1166 1520 1236 τῆς
1550 1165 1765 1218 ἐκείνου
1801 1164 1898 1217 καὶ

312 1256 503 1325 φωνῆς
567 1255 861 1327 γενόμενον
919 1256 1013 1309 καὶ
1059 1254 1275 1327 χειρός,
1339 1251 1619 1327 προῦργον
1671 1254 1900 1327 ἐνόμισα

311 1346 710 1420 διηγήσασθαι.

384 1441 708 1512 Πανήγυρις
766 1440 848 1503 είς
904 1437 1003 1509 τὴν
1066 1439 1479 1510 προειρημένην
1550 1439 1902 1511 συνηγείρετο

314 1531 539 1603 κώμην,
565 1532 694 1594 τοὺς
739 1529 1005 1585 πάντοθεν
1056 1529 1332 1601 ἐμπύρους
1375 1530 1760 1600 ἐπισπωμένη,
1808 1530 1903 1584 καὶ

315 1621 528 1694 πλῆθος
563 1621 799 1695 ἀριθμοῦ
832 1623 1082 1693 κρεῖττον
1103 1621 1465 1692 ἐφελκομένη.
1500 1616 1593 1674 Ἐν
1625 1620 1799 1693 ταύτῃ
1819 1639 1903 1685 τις

315 1715 585 1785 ἔμπορος,
640 1714 782 1784 ἆπερ
845 1707 948 1785 ἧκε
1005 1714 1187 1783 φέρων
1249 1713 1673 1786 ἀπεμπολήσας.
1722 1714 1815 1767 καὶ
1843 1712 1906 1767 τὸ

312 1804 544 1878 χρυσίον
604 1803 997 1876 συναθροίσας,
1058 1802 1278 1873 νύκτωρ
1324 1802 1581 1874 ἀπαίρειν
1629 1802 1897 1858 ἐϐούλετο.

330 1875 689 1967 Ἃνδροφόνος
717 1894 777 1948 δὲ
811 1911 916 1958 τις,
946 1892 1006 1947 τὸ
1041 1892 1295 1962 συλλεγὲν
1344 1896 1521 1948 ἐκεῖνο
1566 1893 1901 1964 Θεασάμενός
1931 1875 1975 1931 ³

318 1986 566 2058 χρυσίον,
618 1985 836 2056 οἴστρου
872 1984 1019 2047 τινος
1062 1983 1157 2038 καὶ
1183 1984 1381 2055 μανίας
1428 1984 1780 2056 ἐμφορηθεὶς,
1810 1986 1903 2039 τὸν

322 2076 425 2146 μὲν
459 2073 627 2128 ὕπνον
677 2074 788 2129 τῶν
833 2073 1119 2146 βλεφάρων
1180 2074 1453 2145 ἀπήλασε,
1484 2075 1579 2129 τοῦ
1606 2075 1664 2129 δὲ
1711 2075 1905 2146 ἀνδρὸς

317 2164 532 2221 ἐκείνου
568 2165 670 2236 τὴν
695 2165 1001 2237 ἀποδημίαν
1024 2164 1307 2237 ἐφύλαττε.
1341 2167 1498 2221 Μετά
1528 2166 1584 2220 δέ
1613 2167 1905 2239 ἀλεκτρυό-

317 2276 430 2314 νων
460 2256 675 2328 ᾠδάς,ό
701 2256 804 2328 μὲν
835 2258 1015 2329 ἀπῆρε
1062 2257 1312 2329 θαρρῶν·
1335 2260 1367 2313 ό
1395 2259 1455 2312 δὲ
1495 2258 1783 2331 προλαϐὼν
1812 2260 1907 2314 καὶ
1944 2255 1949 2263 ’

317 2349 490 2403 τόπον
517 2348 644 2403 τινὰ
687 2351 769 2413 είς
810 2348 1037 2420 ἐνέδραν
1088 2349 1395 2421 ἐπιτήδειον
1443 2350 1787 2417 καταλαϐὼν,
1816 2353 1905 2419 ἐξ-

320 2441 597 2505 απιναίως
634 2458 694 2494 τε
722 2440 1033 2513 προϐαλὼν,
1078 2443 1354 2514 ἐπήνεγκε
1386 2443 1486 2514 τὴν
1519 2443 1757 2516 πληγὴν,
1812 2444 1908 2499 καὶ

319 2534 428 2605 τὴν
458 2532 771 2603 μιαιφονίαν
795 2533 1064 2605 ἐτόλμησε
1088 2547 1103 2563 ⁶
1142 2534 1469 2605 προστίθησι
1503 2534 1562 2588 δὲ
1594 2536 1689 2589 καὶ
1718 2536 1907 2607 ἕτερον

319 2624 462 2695 τῷδε
489 2623 567 2694 τῷ
608 2623 771 2693 μύσει
802 2623 1145 2696 δυσσέϐημα.
1179 2625 1252 2678 Τὸ
1282 2626 1391 2697 γὰρ
1429 2626 1650 2698 χρυσίον
1701 2626 1905 2693 λαϐὼν,

321 2721 386 2773 τὸ
415 2720 607 2790 νεκρὸν
635 2722 811 2774 ἐκεῖνο
841 2720 1001 2789 σῶμα
1050 2719 1201 2789 παρά
1244 2720 1344 2789 τὴν
1369 2720 1463 2773 τοῦ
1494 2719 1734 2790 μεγάλου
1762 2720 1907 2773 Παλ-

320 2808 509 2863 λαδίου
537 2807 872 2881 προσέρριψε
894 2808 1085 2881 θύραν.
1132 2810 1219 2873 Ὠς
1245 2810 1302 2864 δὲ
1343 2811 1527 2882 ἡμέρα
1551 2811 1788 2880 ἐγένετο,
1813 2815 1909 2867 καὶ

320 2900 358 2970 ή
386 2899 545 2969 φήμη
570 2897 849 2972 διέδραμε,
885 2899 979 2953 καὶ
1006 2900 1042 2969 ἡ
1067 2899 1376 2971 πανήγυρις
1412 2900 1599 2953 ἀπασα
1628 2900 1691 2956 τὸ
1744 2918 1907 2971 γεγε-

320 2993 560 3063 νημένον
587 2990 833 3063 ἐθρύλλει
852 3028 870 3056 ,
904 2991 1154 3046 συνέθεον
1193 2991 1454 3058 ἅπαντες,
1485 2994 1580 3047 καὶ
1608 2994 1708 3065 τὴν
1733 2994 1909 3065 θύραν

320 3083 735 3157 διαρρήξαντες,
767 3083 998 3148 εὐθύνας
1018 3084 1437 3156 είσεπράττοντο
1450 3085 1550 3156 τῆς
1579 3086 1797 3158 σφαγῆς
1820 3086 1911 3141 τὸν

1995 613 2185 667 clusus
2226 613 2273 668 is
2311 613 2544 684 degebat
2585 613 2639 666 in
2670 612 2906 675 cellula,
2946 613 3069 665 vico
3112 613 3352 666 maximo
3386 621 3438 663 et
3474 624 3569 680 pc-

1997 705 2195 774 puloso
2225 703 2437 764 vicina.
2488 706 2577 758 cui
2635 719 2833 760 nomen
2883 702 3086 758 Imma'.
3134 704 3213 757 Ac
3240 702 3309 757 de
3359 717 3571 756 sununa

1996 794 2218 866 quidem
2251 797 2351 851 viri
2384 796 2680 867 patientia,
2717 796 2943 866 cibique
2973 805 3027 851 et
3060 798 3244 850 somni
3280 795 3574 849 abstinen-

1997 888 2096 954 tia,
2129 888 2587 959 dequecontinua
2625 890 2749 959 ejus
2782 888 3057 956 oratione,
3087 888 3273 942 dicere
3303 901 3575 956 superva-

1998 994 2230 1037 caneum
2249 988 2400 1050 puto,
2421 997 2546 1035 curn
2577 981 2630 1035 in
2653 982 2740 1036 his
2770 981 2960 1051 jugum
2999 979 3139 1035 idem
3178 977 3407 1033 traxerit
3447 992 3573 1031 cum

2001 1072 2191 1129 divino
2217 1071 2312 1127 illo
2341 1070 2635 1143 Symeone.
2667 1072 2989 1127 Miracnlnm
3031 1079 3237 1135 autem,
3269 1068 3412 1140 quod
3449 1069 3574 1138 ejus

2000 1179 2134 1221 voce
2161 1178 2432 1235 manuque
2470 1162 2670 1220 factum
2722 1164 2776 1218 in
2822 1163 3148 1219 hodiernum
3198 1177 3372 1232 usque
3424 1161 3584 1215 dictu.

2000 1255 2337 1320 celebratur,
2367 1270 2549 1325 opera:
2582 1254 2819 1325 pretium
2857 1253 2990 1309 duxi
3027 1268 3338 1309 recensere.

2072 1432 2341 1490 Nundinaa
2386 1432 2442 1487 in
2477 1430 2743 1503 prtedicto
2776 1430 2897 1485 vico
2931 1430 3258 1500 agebantur,
3286 1444 3407 1500 quae
3437 1444 3591 1482 mer-

2000 1533 2218 1581 catores
2253 1523 2496 1595 undique
2543 1524 2905 1585 acciverant,
2957 1522 3362 1591 homiumuque
3398 1521 3577 1573 multi-

2002 1619 2134 1673 tudo
2190 1617 2457 1673 immeusa
2513 1615 2731 1687 1174
2775 1614 3141 1670 conﬂuxerat.
3177 1613 3253 1667 lbi
3309 1622 3585 1667 mercator

2011 1709 2271 1781 quidam,
2309 1707 2547 1764 venditis
2583 1708 2867 1763 mercibus
2901 1722 3039 1778 quas
3075 1706 3378 1768 attulerat,
3420 1720 3586 1759 auro-

2004 1818 2111 1872 que
2140 1810 2454 1865 contracto,
2510 1810 2674 1855 noctu
2728 1798 2880 1854 abire
2930 1805 3223 1854 statuerat.
3272 1796 3577 1852 Collectum

2006 1906 2135 1946 vero
2165 1906 2358 1945 aurum
2389 1888 2663 1945 homicida
2693 1889 2912 1960 quidam
2935 1888 3311 1958 conspicatus,
3331 1894 3500 1941 (nstro
3521 1898 3585 1938 ac

2007 1983 2192 2038 furore
2216 1982 2478 2053 percitus,
2511 1997 2762 2037 somnum
2798 1982 2974 2037 oculis
3008 1979 3232 2050 depulit,
3262 1987 3317 2034 et
3344 1976 3586 2033 hominis

2007 2076 2157 2133 illius
2184 2075 2494 2131 discessum
2529 2073 2861 2130 observavit.
2899 2072 2965 2127 Et
2995 2088 3120 2127 cum
3162 2071 3254 2125 ille
3303 2077 3428 2140 post
3459 2068 3583 2139 galli

2007 2180 2233 2227 cantum
2269 2184 2509 2226 securus.
2533 2168 2744 2234 abiret,
2783 2167 2874 2221 hic
2911 2175 3247 2237 praeverteris
3267 2172 3372 2231 ,τοι
3406 2162 3586 2215 locum

2010 2265 2230 2322 insidiis
2263 2270 2450 2333 aptum
2480 2276 2799 2331 occupans,
2849 2268 3077 2329 l't‘pultlc
3122 2256 3356 2320 insiliit,
3398 2254 3587 2309 incus-

2009 2372 2180 2428 saque
2232 2357 2389 2427 plaga
2442 2354 2648 2411 cmdem
2708 2352 3088 2423 perpetravit,
3139 2358 3195 2406 et
3246 2349 3590 2406 exsecranda

2011 2447 2206 2504 sceleri
2262 2442 2411 2499 aliud
2454 2442 2683 2512 impium
2724 2440 2946 2496 facinus
2986 2438 3216 2494 addidit.
3260 2437 3412 2492 Auro
3445 2436 3589 2491 enim

2011 2540 2194 2595 ablato
2214 2578 2229 2604 ,
2263 2537 2497 2592 cadaver
2525 2534 2595 2591 ad
2631 2533 2814 2602 magni
2846 2532 3078 2587 Palladii
3105 2531 3332 2603 ianuam
3363 2528 3588 2599 abjecit.

2013 2630 2116 2687 Ubi
2156 2629 2276 2686 dies
2320 2627 2532 2690 illuxit,
2587 2624 2845 2695 famaque
2898 2638 3091 2693 sparsa
3148 2638 3237 2678 res
3286 2630 3403 2675 toto
3450 2635 3593 2675 mer-

2011 2732 2139 2779 catu
2169 2722 2388 2793 vulgata
2424 2728 2541 2783 est,
2585 2725 2891 2772 accurrunt
2925 2732 3154 2779 omnes,
3208 2713 3465 2783 ostioque
3511 2710 3595 2767 ef-

2014 2814 2194 2870 fracto
2236 2821 2468 2885 patratae.
2508 2810 2682 2868 caedis
2735 2822 2931 2880 poenas
2982 2813 3279 2877 reposcunt
3332 2821 3363 2860 a
3408 2803 3597 2858 divino

2012 2905 2302 2962 Palladio:
2336 2904 2636 2975 aderatque
2668 2903 2813 2957 inter
2853 2908 3082 2955 caeteros
3122 2899 3168 2955 is
3207 2899 3325 2968 ipse
3359 2897 3452 2967 qtti
3492 2909 3599 2949 caa-

2013 3003 2139 3057 dem
2174 2998 2553 3055 commiserat.
2590 2997 3010 3052 Circumsessus
3040 3007 3175 3061 ergo
3202 3006 3232 3045 a
3265 2996 3417 3043 tanta
3454 2988 3597 3042 mul-

2016 3091 2255 3148 titudine
2287 3092 2374 3146 vir
2406 3096 2632 3146 sanctus
2654 3127 2669 3154 ,
2707 3087 2908 3142 cmlum
2945 3083 3257 3154 suspiciens
3278 3120 3294 3147 ,
3326 3091 3382 3136 et
3418 3093 3600 3134 mente

324 3176 474 3231 θεῖον
500 3174 799 3230 Παλλάδιον
815 3192 829 3205 ’
864 3168 959 3241 Εἷς
987 3174 1047 3230 δὲ
1074 3174 1184 3229 τῶν
1213 3176 1374 3230 τοῦτο
1399 3175 1652 3248 δρώντων
1674 3174 1741 3249 ἦν
1762 3179 1790 3232 ό
1811 3178 1912 3251 τὴν

2017 3184 2214 3241 caelum
2246 3181 2649 3239 transcendens
2671 3218 2686 3244 ,
2715 3178 3008 3233 Dominum
3037 3175 3267 3236 orabat,
3298 3182 3354 3227 ut
3385 3172 3598 3225 calum-

326 3268 543 3339 σφαγὴν
574 3266 973 3338 αὐτουργήσας.
1001 3267 1547 3339 Περιστοιχιζόμενος
1582 3271 1764 3324 τοίνυν
1809 3250 1912 3325 ὑπὸ

2019 3278 2128 3334 πίω
2165 3275 2468 3333 falsitatem
2510 3274 2903 3343 redargueret,
2939 3276 2993 3324 et
3035 3267 3318 3324 veritatem
3356 3278 3479 3334 quae
3518 3262 3599 3315 la-

322 3360 599 3431 τοσαύτης
648 3359 887 3430 πληθύος
925 3360 956 3412 ό
988 3358 1277 3432 θεσπέσιος
1324 3360 1636 3432 ἄνθρωπος,
1690 3366 1771 3429 εἰς
1823 3365 1916 3419 τὸν

322 3452 558 3526 οὐρανὸν
591 3451 740 3516 ίδὼν,
768 3452 863 3507 καὶ
887 3454 955 3523 τῇ
981 3430 1193 3523 διανοίᾳ
1234 3452 1327 3505 τὸν
1358 3430 1592 3523 οὐρανὸν
1645 3455 1913 3527 ὑπερϐὰς,

326 3546 540 3599 ἱκέτευε
567 3544 660 3597 τὸν
683 3544 985 3616 Δεσπότην,
1008 3544 1106 3614 τῆς
1143 3545 1512 3614 συκοφαντίας
1548 3546 1819 3616 διελέγξαι
1855 3548 1916 3602 τὸ

321 3634 543 3706 ψεῦδος,
577 3634 669 3689 καὶ
699 3633 864 3707 δήλην
896 3634 1175 3705 ἀποφῆναι
1201 3635 1299 3706 τὴν
1340 3638 1736 3710 κεκρυμμένην
1774 3639 1915 3711 ἀλή-

325 3727 503 3781 θειαν.
535 3724 721 3788 Οὕτως
752 3723 1073 3795 εὐξάμενος,
1106 3725 1200 3779 καὶ
1232 3726 1329 3795 τῆς
1363 3725 1457 3779 τοῦ
1510 3728 1770 3798 κειμένου
1819 3730 1913 3786 λαο

325 3817 560 3888 σόμενος
583 3816 783 3882 δεξιᾶς,
822 3834 839 3868 t
864 3816 1021 3883 Εἰπὲ,
1036 3815 1165 3886 ἔφη,
1197 3809 1242 3869 ὧ
1263 3817 1470 3885 νεανία,
1490 3818 1573 3883 τίς
1593 3836 1676 3873 σοι
1703 3820 1913 3894 ταύτην

325 3914 599 3981 ἐπήνεγκε
623 3909 719 3980 τήν
743 3909 956 3980 πληγήν
977 3924 991 3940 ο
1026 3908 1196 3975 δεῖξον
1246 3909 1334 3963 τὸν
1373 3910 1468 3963 τοῦ
1501 3912 1704 3981 μύσους
1733 3915 1917 3969 αὐθέν-

324 4020 450 4073 την,
494 4002 708 4056 καὶτὸν
752 4000 928 4055 ἀθῶον
977 4000 1255 4072 ἀπόφηνον
1285 4002 1381 4073 τῆς
1414 4004 1654 4075 πονηρᾶς
1715 4005 1917 4077 ταύτης

326 4092 698 4163 συκοφαντίας
738 4092 1044 4163 ἐλεύθερον.
1088 4092 1404 4148 Ἠκολούθει
1435 4094 1492 4146 δὲ
1515 4094 1592 4166 τῷ
1650 4096 1750 4167 μὲν
1774 4097 1918 4170 λόγῳ

330 4187 569 4255 ὁλόγος,
607 4189 670 4256 τῇ
720 4185 874 4256 δεξιᾷ
928 4185 988 4239 δὲ
1024 4187 1052 4239 ὁ
1082 4185 1392 4257 ἄνθρωπος,
1457 4189 1552 4241 καὶ
1609 4190 1918 4262 καθήμενος

332 4277 691 4346 περιεσκόπει
742 4276 842 4348 μὲν
887 4277 1014 4341 τοὺς
1066 4277 1364 4348 παρόντας,
1417 4279 1733 4336 ὑπεδείκνυε
1764 4282 1919 4356 δέτῷ

328 4367 580 4441 δακτύλῳ
600 4370 690 4422 τὸν
717 4368 1062 4439 ἀνδροφόνον.
1091 4369 1198 4441 Βοὴ
1226 4370 1283 4423 δὲ
1317 4371 1534 4426 πάντων
1553 4374 1787 4442 ἐγένετο,
1823 4378 1920 4431 καὶ

327 4463 393 4521 τὸ
436 4462 621 4533 θαῦμα
680 4462 1176 4532 ἐκπληττομένων,
1226 4463 1323 4516 καὶ
1381 4463 1480 4536 τὴν
1546 4467 1920 4540 γεγενημένην

2020 3370 2172 3426 tebat
2204 3369 2491 3426 revelaret.
2527 3366 2620 3423 Sic
2656 3372 2940 3437 precatus,
2972 3361 3177 3417 mortui
3208 3357 3402 3414 dextra
3434 3370 3610 3409 manu

2020 3463 2405 3531 apprehensa:
2438 3477 2458 3510 ι
2492 3457 2632 3523 Dic,
2689 3455 2911 3527 inquit,
2968 3467 3002 3510 ο
3056 3452 3420 3515 adolescens,
3478 3446 3603 3515 quis

2020 3552 2129 3607 hoc
2180 3551 2281 3605 tibi
2336 3550 2542 3605 vulnus
2579 3547 2826 3603 inﬂixit?
2880 3546 3108 3603 ostende
3146 3542 3373 3599 sceleris
3412 3547 3608 3594 θυι-ιο-

2022 3659 2172 3709 rem,
2239 3651 2295 3699 et
2349 3643 2706 3697 innocentem
2771 3641 2841 3695 ab
2897 3638 3087 3709 iniqua
3141 3635 3415 3690 calumnia
3465 3633 3603 3686 Iibe-

2018 3752 2143 3791 rum
2174 3735 2415 3791 declara.
2448 3752 2466 3785 ι
2500 3732 2826 3787 Sermonem
2869 3744 3053 3785 sermo
3103 3734 3329 3783 secutus
3380 3733 3494 3787 est,
3548 3731 3596 3777 et

2018 3828 2266 3885 dextram
2299 3828 2462 3882 homo
2481 3867 2497 3891 ,
2530 3827 2549 3848 ⁶
2577 3833 2634 3881 et
2664 3824 2865 3881 sedens
2895 3830 3149 3878 astantes
3168 3815 3602 3886 circumspexit,

2019 3920 2411 3990 hominemque
2460 3917 2639 3989 digito
2673 3912 3107 3972 demonstravit,
3155 3910 3296 3965 lline
3350 3906 3605 3964 sublatus

2018 4015 2267 4070 omnium
2298 4014 2531 4075 clamor,
2564 4018 2620 4066 et
2650 4007 2979 4065 miraculum
3013 4003 3358 4075 stupentium
3378 4042 3393 4069 ,
3430 4009 3486 4055 et
3514 3998 3604 4052 in-

2016 4104 2221 4175 jectam
2253 4101 2587 4158 calumniam
2628 4099 3043 4157 detestantium.
3080 4093 3296 4169 1175
3330 4090 3603 4147 Sicarium

2019 4207 2203 4254 autem
2236 4198 2390 4252 illum
2424 4202 2724 4260 exuentes,
2759 4202 2815 4249 et
2849 4191 3095 4263 gladium
3136 4203 3337 4243 cruore
3369 4186 3605 4240 tinctum

2023 4291 2380 4354 invenerunt,
2417 4293 2472 4342 et
2504 4300 2702 4340 aurum
2743 4281 2890 4353 quod
2932 4280 3001 4334 ad
3042 4276 3249 4334 caedem
3290 4274 3607 4344 instigaret.

2025 4382 2255 4438 Diviuus
2286 4395 2416 4435 vero
2464 4375 2784 4439 Palladius,
2832 4388 2956 4430 cum
3008 4368 3358 4426 admirabilis
3404 4365 3609 4421 dudum

2023 4476 2343 4536 haberetur,
2396 4471 2594 4526 merito
2625 4466 2829 4524 exinde
2869 4466 3026 4521 visus
3074 4472 3158 4519 est
3209 4458 3610 4515 admirabilior.

330 4553 706 4622 συκοφαντίαν
754 4552 1243 4624 ἐκθαμὸουμένων.
1298 4555 1694 4625 Ἀποδύσαντες
1736 4559 1793 4613 δὲ
1826 4560 1912 4615 τὸν

2028 4569 2142 4625 lloc
2174 4582 2347 4623 unum
2377 4566 2584 4637 quippe
2615 4559 2942 4617 miraculum
2975 4554 3054 4610 ad.
3074 4550 3471 4611 ostendendam
3503 4549 3610 4601 viri

332 4646 621 4718 μιαιφόνον
680 4647 922 4710 ἐκεῖνον,
982 4644 1076 4696 καὶ
1129 4644 1229 4715 τὴν
1286 4647 1562 4719 μάχαιραν
1615 4644 1774 4723 εὖρον
1836 4655 1912 4710 ἔτι

2025 4662 2171 4733 apud
2204 4660 2377 4716 Deum
2410 4656 2669 4712 lidueiam
2699 4651 2841 4709 satis
2864 4656 3007 4705 erat.

329 4740 862 4840 “EWW‘TNVT'AT‘?
898 4739 1114 4840 αἵματι.
1148 4744 1244 4840 καλ-
1258 4741 1327 4840 ξὺ
1354 4745 1578 4816 χρυσίον
1633 4750 1811 4808 ἐκεῖνο
1847 4757 1908 4812 τὸ
1944 4764 2044 4833 τῆς
2101 4759 2317 4830 σφαγῆς
2354 4750 2725 4824 γεγενημένον
2770 4746 3050 4819 πρόξενον.
3097 4747 3157 4799 '0
3185 4745 3242 4798 δὲ
3290 4743 3431 4803 θεῖος
3468 4736 3612 4793 Παλ-

327 4841 513 4903 λάδιος
540 4839 708 4892 πάλαι
730 4829 1059 4906 ἀξιάγαστος
1083 4834 1180 4899 ὢν,
1214 4834 1670 4911 ἀξιαγαστότερος
1696 4845 1923 4914 εἰκότως
1960 4829 2211 4907 ἐντεῦθεν
2256 4829 2497 4918 ἐγένετο.
2530 4841 2736 4898 Ἰκανδν
2781 4840 2890 4913 γὰρ
2934 4834 3015 4910 ἦν.
3072 4837 3133 4890 τὸ
3200 4833 3385 4904 θαῦμα
3441 4829 3611 4897 δεῖξαι

328 4932 436 5004 τὴν
467 4928 622 5002 παρὰ
645 4928 723 5001 τῷ
751 4927 870 4999 Θεῷ
907 4925 1001 4982 τοῦ
1030 4926 1222 4997 ἀνδρὸς
1247 4928 1581 4998 παρρησίαν.

416 5025 526 5077 Καὶ
548 5020 869 5093 ’Δὸραάμης
898 5018 956 5073 δέ
975 5021 1003 5073 ὁ
1023 5017 1328 5090 θαυμάσιος
1358 5020 1460 5090 τῆς
1481 5022 1653 5094 αὐτῆς
1676 5020 1744 5101 ἦν
1777 5044 1918 5099 συμ,

338 5117 560 5190 μορίας,
586 5114 647 5179 ὃς
667 5113 760 5168 τὸν
792 5114 892 5186 μὲν
940 5111 1274 5183 καλούμενον
1335 5114 1659 5185 Παράτομον
1713 5116 1923 5191 ᾤκησε,

334 5210 576 5266 πάντοσε
596 5207 653 5261 δὲ
681 5205 783 5277 τῆς
818 5204 1021 5276 ἀρετῆς
1057 5204 1163 5266 τὰς·
1197 5206 1566 5276 μαρμαρυγὰς
1620 5207 1920 5281 ἐξέπεμψε-

336 5302 626 5371 Μιρτυρεῑ
678 5298 736 5352 δὲ
795 5297 865 5368 τῇ
919 5295 1267 5366 λαμπρότητι
1322 5294 1423 5365 τῆς
1473 5296 1618 5366 ζωῆς
1661 5300 1735 5353 ea
1784 5302 1923 5371 μετά

334 5393 597 5465 τελευτὴν
651 5387 1018 5461 ἐνεργούμενα
1068 5387 1346 5458 θαύματα.
1389 5389 1707 5454 Ἀναϐλύξει
1757 5392 1918 5465 γάρή

336 5486 552 5542 ἐκείνου
591 5482 733 5555 θήκη
769 5481 929 5553 μέχρι
964 5480 1058 5535 καὶ
1090 5481 1329 5553 τήμερον
1358 5482 1709 5547 παντοδαπὰς
1759 5483 1923 5555 θερα·

340 5579 527 5641 πείας,
563 5577 658 5631 καὶ
690 5574 973 5648 μάρτυρες
994 5575 1045 5628 οἱ
1076 5571 1280 5638 ταύτας
1305 5572 1515 5628 ἐκεῖθεν
1541 5574 1796 5645 ἀφθόνως
1826 5576 1915 5631 διὰ

280 5720 287 5731 ,
337 5673 443 5742 τῆς
468 5670 704 5734 πίστεως
720 5668 1035 5740 ἀρυόμενοι.
1080 5667 1233 5739 Ἐμοὶ
1260 5667 1318 5721 δὲ
1345 5667 1432 5739 εἴη
1466 5667 1561 5722 καὶ
1592 5667 1688 5739 τῆς
1718 5668 1924 5723 τούτων

339 5761 664 5834 ἐπικουρίας
699 5760 903 5833 τυχεῖν,
945 5761 1009 5831 τῇ
1042 5758 1245 5814 τούτων
1298 5759 1487 5832 μνήμῃ
1528 5759 1627 5830 τὴν
1679 5758 1925 5827 γλῶτταν

340 5853 758 5916 καθαγιάσαντι.

2100 5022 2363 5097 Ejusdem
2392 5032 2617 5092 quoque
2642 5015 2856 5074 ordinis
2889 5013 2993 5069 fuit
3015 5012 3376 5068 admirandus
3403 5012 3615 5067 Abraa-

2030 5133 2182 5181 mes,
2218 5112 2310 5185 qui
2348 5111 2700 5167 Paratomum
2739 5105 2890 5179 quod
2922 5112 3122 5159 vocant
3151 5103 3426 5158 exstruxit
3449 5144 3465 5166 ,
3499 5105 3615 5158 vir-

2031 5211 2280 5280 tutisque
2326 5219 2442 5263 suae
2489 5202 2679 5258 radios
2727 5213 2949 5255 omnem
3009 5198 3063 5251 in
3116 5204 3328 5266 partem
3369 5195 3613 5252 din'udit.

2031 5302 2169 5359 Viue
2198 5307 2384 5356 autem
2435 5296 2588 5352 illius
2637 5292 2945 5349 claritatem
2993 5297 3271 5345 testantur
3315 5304 3439 5359 qua:
3493 5298 3617 5358 post

2033 5402 2269 5448 mortem
2307 5389 2446 5445 ﬁunt
2480 5384 2771 5441 miracula.
2810 5380 2998 5438 Scatet
3040 5379 3186 5435 enim
3224 5379 3499 5450 hodieque
3531 5380 3613 5435 lo-

2030 5485 2191 5541 culus
2215 5482 2339 5553 ejus
2362 5478 2607 5535 omnium
2636 5490 2898 5548 generum
2927 5472 3311 5528 curationibus
3331 5514 3346 5540 ,
3376 5488 3612 5544 quarum

2032 5586 2205 5634 testes
2244 5581 2375 5630 sunt
2414 5571 2507 5642 qui
2550 5570 2651 5624 has
2690 5565 2819 5622 inde
2860 5579 2956 5637 per
3007 5563 3165 5619 [idem
3220 5564 3427 5619 aﬂ‘atim
3479 5564 3616 5617 hau-

2031 5671 2201 5726 riunt.
2232 5665 2365 5721 Mihi
2395 5678 2524 5719 vero
2553 5661 2758 5715 utinam
2792 5672 2984 5714 eorum
3014 5672 3121 5729 epe
3155 5657 3262 5711 frui
3295 5657 3610 5727 conlingat,

2032 5762 2126 5832 qui
2158 5761 2354 5815 horum
2392 5755 2671 5811 tuentione
2702 5751 2947 5823 linguam
2984 5750 3348 5806 sanctiﬁcavi.
