4030 6410
420 397 561 465 1367

857 509 997 565 Vlll.
1033 540 1099 550 -—
1137 508 1570 565 APIIRAATES.

490 601 650 667 Quod
681 601 930 657 omnium
963 600 1247 654 hominum
1279 615 1389 654 una
1421 600 1497 655 sit
1526 610 1723 654 natura
1747 641 1761 663 ,
1793 610 1846 654 et
1879 599 2000 670 phi-
2077 618 2095 651 ι

419 693 703 761 losophari
751 690 914 745 facile
953 690 1025 745 sit
1061 689 1409 752 volentibus,
1461 690 1577 745 sive
1627 690 1740 744 sint
1783 689 1998 753 Graeci,

419 788 538 844 sive
570 784 788 839 barbari
813 824 827 849 ,
857 791 909 838 et
943 798 1009 837 ex
1038 782 1163 836 aliis
1188 796 1325 837 sane
1352 782 1544 836 multis
1572 778 1886 852 promptum
1914 789 2003 836 est

421 874 793 947 cognoscere,
823 886 876 930 et
906 882 1099 945 aperte
1139 885 1455 929 monstrare
1499 875 1809 943 Apbraates
1854 890 2003 929 unus

422 977 622 1041 potest.
684 966 858 1021 Natus
912 968 1060 1022 enim
1118 966 1500 1037 educatusque
1555 965 1700 1036 apud
1762 967 2000 1031 Persas,

419 1072 632 1133 gentem
662 1062 1090 1133 iniquissimam,
1116 1071 1172 1119 et
1192 1079 1221 1117 a
1245 1063 1448 1119 talibus
1478 1064 1800 1134 parentibus
1823 1071 2000 1130 ortus,

418 1163 475 1207 et
509 1148 562 1208 in
586 1170 784 1210 eorum
822 1157 1075 1214 moribus
1107 1157 1435 1225 institutus,
1468 1157 1535 1212 ad
1566 1165 1776 1213 tantam
1810 1172 2004 1228 perve-

421 1251 503 1304 nit
536 1249 798 1305 virtutem
821 1290 836 1316 ,
863 1259 925 1304 ιιι
950 1267 1049 1308 eos
1079 1251 1435 1318 obscurarit,
1471 1251 1565 1323 qui
1595 1266 1662 1307 ex
1692 1251 1799 1322 piis
1832 1250 2003 1322 geniti

422 1343 736 1412 religiosam
768 1344 1154 1401 educationem
1185 1359 1213 1399 a
1245 1345 1420 1414 prima
1448 1351 1609 1400 astate
1638 1345 1819 1400 sortiti
1852 1351 2001 1399 sunt.

422 1430 666 1488 Primum
695 1435 871 1503 enim,
899 1446 1089 1508 spreto
1115 1452 1312 1507 genere
1332 1480 1346 1503 ,
1372 1436 1517 1507 quod
1548 1436 1623 1490 illi
1653 1435 1862 1491 clarum
1889 1442 2007 1491 erat

419 1532 481 1578 et
508 1526 742 1591 illustre,
773 1528 1009 1597 majores
1038 1543 1226 1598 magos
1250 1528 1496 1584 imitatus
1518 1571 1532 1596 ,
1585 1527 1653 1582 ad
1712 1526 2005 1581 Dominum

427 1614 769 1670 adorandum
811 1632 870 1672 se
907 1620 1218 1673 convertit:
1253 1618 1456 1674 deinde
1490 1618 1841 1689 popularium
1876 1634 2008 1674 suo-

428 1722 549 1760 rum
601 1707 941 1777 impietatem
998 1717 1358 1774 exsecratus,
1414 1710 1696 1781 regionem
1755 1721 2007 1765 exteram

430 1799 623 1867 patriae
659 1800 933 1866 praetulit,
978 1800 1197 1873 1176
1233 1800 1612 1873 Edessamque
1648 1810 1844 1872 petens
1881 1811 1894 1868 ς
1925 1807 2006 1855 est

428 1897 613 1945 autem
642 1890 778 1946 urbs
806 1890 896 1945 illa
926 1869 1182 1946 maximat
1199 1899 1253 1947 et
1281 1869 1580 1963 populosa,
1612 1869 2011 1963 religionisque
2038 1869 2085 1927 Β

429 1985 585 2040 cultu
624 1984 788 2057 longe
820 1984 1135 2041 clarissima
1160 1988 1177 2056 )
1202 2025 1217 2049 ,
1253 1986 1649 2041 domunculam
1685 1995 1840 2039 extra
1877 1998 2013 2039 mce-

434 2077 527 2130 nia
560 2083 780 2145 nactus,
815 2077 869 2132 in
910 2093 1029 2144 eam
1054 2093 1114 2133 se
1153 2078 1417 2145 inclusit,
1461 2078 1516 2133 in
1540 2080 1738 2133 anima:
1766 2095 1879 2135 sua:
1916 2093 2012 2132 cu-

432 2184 548 2221 ram
594 2167 961 2234 incumbens,
1007 2170 1316 2241 optimique
1361 2169 1539 2226 instar
1569 2170 1829 2240 agricola:
1887 2169 2015 2224 aﬂ‘e-

430 2267 621 2314 ctuum
651 2261 843 2332 spinas
876 2262 1249 2328 exscindens,
1283 2268 1339 2317 et
1391 2261 1731 2317 Dominicam
1776 2270 2015 2331 segetem

431 2368 781 2424 expurgans,
823 2364 871 2407 et
916 2355 1365 2425 evangelicorum
1411 2355 1687 2410 seminum
1731 2352 2016 2423 tempesti—

430 2461 531 2501 vos
587 2445 824 2503 Domino
881 2447 1096 2504 fructus
1154 2450 1417 2502 olferens.
1476 2446 1608 2503 Inde
1662 2444 2013 2501 Antiochiam

431 2539 619 2602 venit,
659 2540 919 2595 haeretica
952 2549 1086 2595 tunc
1114 2540 1358 2612 procella
1386 2540 1744 2595 vehementur
1785 2544 1799 2562 ‘
1841 2537 2017 2609 agita-

432 2644 541 2687 tam
565 2675 579 2700 ,
618 2634 1045 2703 diversatnsqne
1077 2644 1205 2690 ante
1236 2635 1426 2690 urbem
1462 2635 1516 2688 in
1550 2632 1841 2705 gymnasio
1879 2645 2016 2701 quo-

431 2723 558 2777 dam
589 2724 981 2796 philosophiae,
1017 2742 1141 2781 cum
1179 2726 1383 2782 Graeca:
1417 2726 1615 2795 lingtue
1647 2739 1820 2794 pauca
1850 2723 2017 2779 verba

432 2816 719 2872 didicisset
747 2856 760 2880 ,
823 2818 1099 2887 plurimos
1136 2820 1323 2873 statim
1366 2817 1435 2874 ad
1474 2818 1695 2874 divinos
1728 2831 2016 2874 sermones

433 2907 744 2963 audiendos
795 2910 1099 2979 pertraxit,
1152 2922 1204 2964 ct
1258 2910 1637 2966 semibarbara
1692 2909 1877 2981 lingua
1931 2910 2013 2963 lo-

431 3016 647 3071 quens,
680 3002 850 3057 animi
884 3018 1046 3060 sensa
1083 3004 1455 3074 exprimebat,
1491 3019 1557 3058 ex
1599 3003 1772 3058 divini
1821 3016 2017 3072 nempe

435 3092 678 3163 Spiritus
732 3096 909 3166 gratia
969 3095 1151 3153 fontes
1208 3099 1333 3153 illos
1376 3094 1654 3152 derivans.
1694 3095 1832 3162 Quis
1865 3095 2013 3150 enim

431 3201 623 3243 norum
679 3190 772 3259 qui
831 3188 1201 3259 eloquentiam
1256 3197 1569 3253 ostentant,
1623 3194 1678 3242 et
1731 3196 2018 3243 contracto

433 3281 738 3350 supercilio
787 3290 1116 3351 arroganter
1146 3281 1472 3350 loquuntur,
1504 3286 1557 3336 et
1587 3287 1814 3350 propter
1843 3278 2015 3349 syllo-

433 3373 740 3444 gismorum
772 3371 1003 3443 laqueos
1029 3372 1353 3443 iuveniliter
1396 3372 1699 3434 exsultant,
1734 3370 2011 3425 inerudita

432 3472 487 3515 et
519 3463 756 3518 barbara
789 3462 942 3518 illius
983 3476 1118 3517 voce
1154 3464 1409 3533 superior
1442 3461 1547 3516 fult
1577 3459 1866 3531 unquam?
1911 3459 2017 3514 Ra-

437 3556 685 3611 tionibns
721 3556 865 3611 enim
903 3556 1183 3621 rationes,
1214 3563 1269 3611 et
1312 3555 1518 3609 divinis
1563 3555 1797 3625 eloquiis
1834 3553 2018 3625 philo-

436 3648 699 3718 sophicas
751 3648 1171 3705 dissertationes
1225 3647 1573 3714 debellabat,
1633 3662 1759 3702 cum
1818 3662 2018 3718 magno

436 3740 605 3796 Paulo
638 3742 918 3799 clamans:
947 3761 964 3794 ι
997 3741 1115 3801 Etsi
1150 3742 1441 3814 imperitus
1471 3756 1745 3803 sermone.
1778 3742 1875 3797 sed
1907 3756 2017 3795 non

437 3835 670 3895 scientia
698 3843 749 3897 ιδ,
781 3854 798 3886 ι
827 3842 881 3892 et
914 3835 1018 3889 hoc
1051 3832 1217 3890 modo
1271 3835 1667 3904 perseverabat
1716 3834 1877 3903 juxta
1935 3833 2019 3887 di-

435 3935 585 3981 ctum
618 3928 867 3998 Apostoli
897 3947 910 3983 :
944 3946 962 3980 ι
989 3927 1239 3983 Consilia
1267 3928 1659 3993 destruentes,
1705 3936 1760 3982 et
1800 3941 2018 3981 omnem

435 4020 786 4084 altitudinem
815 4020 1170 4077 extollentem
1199 4035 1259 4076 se
1290 4020 1559 4076 adversus
1584 4018 1874 4074 scientiam
1902 4017 2019 4080 Dei,

435 4121 489 4168 et
519 4116 574 4169 iu
600 4113 974 4184 captivitatem
1008 4111 1317 4183 redigentes
1344 4127 1561 4166 onmem
1596 4111 1935 4166 intellectum
1967 4110 2022 4163 in

435 4207 766 4278 obsequium
793 4206 1003 4261 Christi
1033 4213 1082 4259 ιι.
1117 4224 1133 4257 ι
1165 4204 1351 4275 itaque
1378 4205 1567 4260 videre
1599 4211 1715 4261 erat
1745 4201 2024 4259 conﬂuen-

438 4308 522 4361 tes
553 4305 608 4353 et
638 4296 1000 4368 magistratus
1029 4295 1444 4367 dignitatesque
1469 4337 1482 4360 ,
1516 4304 1575 4352 et-
1609 4295 1661 4349 in
1694 4295 1880 4366 aliqua
1917 4294 2022 4347 mi-

438 4390 554 4444 litia
584 4390 957 4456 constitutos,
993 4395 1048 4442 et
1092 4404 1256 4443 manu
1305 4387 1415 4443 sibi
1465 4388 1672 4442 victum
1724 4394 2019 4455 parantes,

437 4489 604 4552 atque
634 4495 752 4540 und
772 4480 941 4537 verbo
970 4479 1174 4535 idiotas
1204 4489 1258 4534 et
1293 4479 1530 4540 milites,
1566 4475 1763 4530 doctos
1808 4476 2018 4530 doctri-

439 4588 635 4621 na‘nue
689 4579 984 4621 exuertes.
1046 4567 1275 4621 penuria
1331 4565 1545 4621 'I'I'7’1
1598 4567 1923 4621 laborantes
1965 4574 2018 4621 et

2130 4475 2302 4541 ακοὴν
2324 4475 2420 4521 τοῦ
2474 4475 2734 4537 Χριστου.
2798 4475 2906 4514 mn
2944 4475 3015 4529 ην
3047 4475 3173 4509 ιοειν
3224 4475 3564 4509 amusium“
3621 4475 3689 4499 m

2133 4563 2259 4621 τοὺς
2286 4562 2344 4615 ἐν
2378 4557 2522 4611 τέλει
2565 4554 2659 4609 καὶ
2698 4550 2991 4621 ἀξιώματι,
3044 4548 3137 4602 καὶ
3173 4545 3300 4608 τοὺς
3327 4543 3383 4596 ἐν
3415 4559 3519 4595 τινι
3546 4555 3689 4609 στρσ.

2133 4563 2259 4627 τοὺς
2286 4562 2344 4615 ἐν
2378 4557 2522 4611 τέλει
2565 4556 2659 4609 καὶ
2698 4556 2991 4623 ἀξιώματι,
3044 4556 3137 4602 καὶ
3173 4556 3300 4608 τοὺς
3327 4556 3383 4596 εν
3415 4559 3519 4595 τινι
3546 4556 3723 4609 στραη

439 4588 635 4642 uaeque
689 4579 984 4642 expertes,
1045 4567 1275 4648 penuria
1331 4565 1545 4636 1177
1598 4567 1923 4621 laborantes
1965 4574 2023 4621 et

438 4666 640 4737 opibus
689 4664 1082 4720 abundantes:
1128 4672 1296 4730 atque
1342 4661 1487 4714 alios
1532 4660 1753 4730 quidem
1802 4660 2027 4716 silentio

437 4772 561 4827 qtue
604 4755 1033 4828 proferebantur
1066 4753 1297 4817 audire,
1336 4752 1476 4809 alios
1510 4768 1645 4809 vero
1681 4754 2026 4826 interrogare

437 4858 491 4905 ct
550 4851 898 4919 percontari,
959 4848 1295 4919 dicendique
1357 4849 1646 4904 materiam
1704 4863 2023 4920 suggerere.

440 4942 677 4997 Tantum
728 4956 899 5013 porro
948 4941 1194 4996 laborem
1247 4956 1375 4996 cum
1427 4941 1766 5006 sustineret,
1823 4941 2024 4997 adduci

441 5048 729 5104 nunquam
800 5034 981 5107 potuit
1045 5038 1105 5093 ut
1152 5032 1611 5089 contubernalem
1668 5033 2022 5095 admitteret,

443 5126 538 5182 sed
569 5125 754 5182 omnia
796 5125 915 5195 ipse
949 5135 1214 5195 praestare
1249 5126 1527 5190 malebat,
1568 5141 1735 5195 quam
1788 5128 2024 5181 aliorum

446 5216 524 5271 uti
556 5216 888 5272 ministerio.
916 5202 1168 5285 Cumque
1198 5217 1264 5270 ad
1296 5217 1422 5270 atrii
1449 5217 1677 5285 ianuam
1709 5231 1833 5269 cum
1864 5215 2028 5268 adve-

444 5309 531 5364 nis
555 5309 758 5365 babere
777 5307 1056 5376 colloquia
1082 5309 1318 5376 soleret,
1347 5307 1578 5378 ipsemet
1601 5306 2029 5361 adventantibus

445 5398 756 5467 aperiebat,
808 5401 1189 5467 abeuntesque
1232 5397 1563 5452 dimittebat.
1621 5395 1769 5451 Nihil
1817 5413 1846 5452 a
1892 5412 2029 5466 quo-

448 5506 613 5558 quam
646 5490 863 5559 accepit
913 5504 1194 5560 unquam,
1244 5504 1354 5544 non
1409 5504 1644 5560 panem,
1699 5505 1807 5543 non
1862 5489 2029 5545 obso-

450 5582 640 5645 nium,
673 5595 784 5634 non
825 5587 1068 5643 vestem,
1122 5580 1219 5633 sed
1270 5580 1426 5635 solus
1474 5595 1621 5633 unus
1671 5578 2028 5638 familiarium

448 5685 646 5747 panem
680 5670 760 5723 illi
797 5670 1232 5744 suppeditabat:
1270 5671 1379 5725 nisi
1415 5672 1561 5745 quod
1602 5671 1654 5727 in
1690 5688 1902 5730 summa
1938 5692 2025 5733 se-

516 5848 541 5887 l‘
585 5847 932 5913 llCm'.n,6.
1039 5843 1346 5913 ‘lllCor.x,
1378 5846 1429 5901 5.

1422 401 1910 462 THEODORETI
1945 396 2282 459 EPISCOPI
2315 398 2682 459 CYRENSIS

3550 388 3690 456 1368

2598 508 2680 561 ﬂ'.
2714 536 2782 546 —
2808 504 3192 561 ΑΦΡΔΛΤΗΣ.

2179 600 2303 652 "Uti
2350 599 2450 669 μὲν
2506 599 2604 668 μία
2656 599 2873 653 πάντων
2924 596 3228 665 ἀνθρώπων
3268 595 3305 666 ἠ
3366 591 3547 663 φύσις,
3592 593 3691 646 καὶ

2110 691 2291 761 ῥᾴδιόν
2321 695 2440 746 ἐστι
2471 694 2583 754 τοῖς
2610 691 2963 763 βουλομένοις
2986 690 3320 761 φιλοσοφεῖν,
3347 688 3456 742 είτε
3486 683 3690 755 Ἕλλη-

2107 799 2195 845 νες
2228 778 2359 849 εἷεν,
2394 780 2503 835 εἴτε
2532 782 2820 854 βάρϐαροι,
2853 781 3180 852 πολλαχόθεν
3214 780 3315 851 μὲν
3340 779 3435 832 καὶ
3467 776 3690 833 ἄλλοθεν

2108 872 2448 944 καταμαθεῖν
2478 873 2726 937 εὐπετὲς,
2759 874 2973 945 ἀπόχρη
2994 873 3051 927 δὲ
3074 874 3168 928 καὶ
3199 872 3360 943 μόνος
3374 871 3692 942 Ἀφραάτης

2107 964 2266 1017 τοῦτο
2304 964 2546 1036 δηλῶσαι
2596 965 2805 1033 σαφῶς.
2855 957 3024 1029 Οὗτος
3054 962 3163 1035 γὰρ
3191 966 3249 1016 ἐν
3277 962 3518 1031 Πέρσαις
3574 962 3695 1023 τοῖς

2112 1057 2603 1127 παρανομωτάτοις
2651 1057 2745 1112 καὶ
2797 1056 3010 1127 τεχθεὶς
3054 1056 3149 1109 καὶ
3194 1055 3459 1125 τραφεὶς,
3497 1055 3595 1107 καί⁵
3622 1055 3695 1107 ἐκ

2109 1148 2368 1202 τοιούτων
2401 1149 2605 1217 γονέων
2635 1149 2967 1220 βλαστήσας,
2997 1148 3093 1201 καὶ
3122 1147 3190 1202 τά
3215 1146 3441 1200 ἐκείνων
3483 1146 3694 1217 νόμιμα

2110 1240 2440 1305 παιδευθεὶς,
2469 1242 2549 1304 εἰς
2581 1239 2852 1311 τοσαύτην
2916 1238 3119 1310 ῆλασεν
3176 1236 3401 1309 ἀρετὴν,
3454 1235 3530 1298 ὡς
3552 1234 3693 1288 ἀπο-

2111 1331 2315 1403 κρύψαι
2354 1333 2449 1385 καὶ
2484 1333 2612 1396 τοὺς
2640 1330 2699 1396 ἐξ
2746 1330 2988 1385 εὐσεϐῶν
3043 1328 3269 1399 φύντας,
3336 1326 3432 1381 καὶ
3482 1325 3696 1397 τροφὴν

2112 1424 2312 1495 εὐσεϐῆ
2365 1422 2693 1490 δεξαμένους
2732 1421 3007 1475 παιδόθεν.
3060 1419 3287 1491 Πρῶτον
3325 1419 3422 1489 μὲν
3457 1415 3566 1486 γὰρ
3593 1414 3693 1469 τοῦ

2111 1517 2305 1587 γένους
2357 1518 2776 1587 καταφρονήσας
2826 1513 3134 1585 (ἐπίσημον
3179 1513 3237 1565 δὲ
3278 1507 3346 1582 ἧν
3395 1509 3551 1564 τοῦτο
3597 1506 3697 1560 καὶ

2112 1608 2412 1681 λαμπρὸν),
2427 1610 2510 1671 είς
2533 1608 2628 1678 τὴν
2650 1606 2746 1660 τσῦ
2764 1606 3035 1659 Δεσπότου
3062 1603 3436 1676 προσκύνησιν
3464 1600 3694 1671 έδραμε,

2112 1705 2239 1765 τοὺς
2267 1701 2623 1771 προπάῖορας
2683 1699 3064 1770 μιμησάμενος
3131 1697 3339 1767 μάγους
3378 1709 3392 1722 ·
3425 1687 3545 1746 εἶτά
3584 1690 3701 1745 τῶν

2115 1795 2402 1866 ὁμοφύλων
2425 1792 2523 1863 τὴν
2544 1791 2799 1846 ἀσέϐειαν
2828 1789 3244 1861 βδελυξάμενος,
3267 1786 3370 1858 τὴν
3392 1781 3705 1853 ἀλλοδαπὴν

2114 1887 2214 1957 τῆς
2243 1885 2449 1949 οἰκείας
2479 1882 2781 1955 προείλετο,
2813 1881 2907 1934 καὶ
2937 1881 3034 1953 τὴν
3077 1879 3341 1933 Ἔδεσσαν
3371 1873 3706 1931 καταλαϐὼν

2118 1977 2297 2047 (πόλις
2328 1976 2387 2030 δέ
2425 1975 2566 2047 αὕτη
2603 1974 2836 2045 μεγίστη
2882 1974 2976 2026 καὶ
3007 1970 3457 2041 πολυάνθρωπος,
3505 1966 3598 2019 καὶ
3627 1967 3702 2036 τῇ

2114 2069 2367 2141 εὐσεϐείᾳ
2392 2068 2760 2140 διαφερόντως
2791 2062 3270 2136 λαμπρυνομένη),
3295 2060 3399 2126 ἔξω
3417 2059 3527 2114 τῶν
3549 2075 3706 2129 περιο

2114 2160 2288 2219 ϐόλων
2341 2163 2565 2218 οίκίδιον
2620 2161 2818 2234 εὑρὼν,
2859 2161 2955 2214 καὶ
3000 2156 3191 2211 ἑαυτὸν
3232 2152 3545 2223 καθείρξας,
3600 2148 3708 2218 τῆς

2115 2258 2324 2321 οἰκείας
2368 2255 2689 2326 ἐπεμελεῖτο
2715 2252 2893 2324 ψυχῆς
2919 2267 2932 2282 ⁸
2964 2244 3056 2304 οἷά
3076 2265 3159 2311 τις
3191 2246 3413 2318 ἄριστος
3456 2240 3706 2312 γεωργὸς

2119 2349 2450 2423 προρρίζους
2486 2346 2596 2400 τῶν
2628 2343 2821 2399 παθῶν
2846 2343 2947 2407 τὰς
3000 2338 3240 2401 ἀκάνθας
3271 2335 3569 2405 ἐκτέμνων,
3606 2331 3709 2423 καὶ

2117 2421 2178 2497 τό
2199 2421 2339 2495 θεῖον
2368 2440 2521 2512 λήϊον
2543 2437 2911 2509 ἐκκαθαίρων,
2940 2431 3177 2494 καὶτοὺς
3195 2429 3303 2482 τῶν
3327 2421 3707 2494 εὐαγγελικῶν

2119 2533 2452 2605 σπερμάτων
2507 2531 2754 2602 καρποὺς
2807 2527 3052 2598 ὠρίμους
3100 2522 3178 2592 τῷ
3225 2518 3471 2591 Δεσπότῃ
3528 2530 3708 2587 προσ-

2119 2626 2324 2697 φέρων.
2364 2621 2608 2677 Ἐκεῖθεν
2644 2620 2702 2674 δὲ
2732 2613 3144 2686 καταλαμϐάνει
3205 2610 3304 2681 τὴν
3344 2606 3703 2677 Ἀντιόχειαν,

2122 2696 2228 2770 sua
2265 2716 2366 2785 τῆς
2422 2712 2709 2784 αίρετικῆς
2768 2707 2938 2778 ζάλης
2990 2701 3246 2777 χαλεπῶς
3301 2696 3708 2769 κυκλουμένην,

2121 2809 2216 2862 καὶ
2246 2807 2353 2879 πρὸ
2381 2805 2475 2859 τοῦ
2503 2804 2693 2865 ἄστεος
2723 2800 2781 2854 εν
2816 2817 2923 2854 τινι
2962 2795 3257 2867 καταχθεὶς
3303 2787 3711 2865 φροντιστηρίῳ

2123 2898 2464 2969 φιλοσοφίας,
2511 2895 2737 2964 καὶτῆς
2783 2890 3035 2954 Ἑλλάδος
3085 2886 3269 2959 φωνῆς
3312 2882 3498 2957 μαθὼν
3546 2880 3715 2947 ὀλίγα

2121 2993 2259 3049 άττα
2290 2989 2555 3063 ῥημάτια,
2604 2982 2754 3039 εἷλκε
2790 2982 2892 3054 μὲν
2927 2983 3009 3035 ὅτι
3038 2979 3326 3040 πλείστους
3361 2977 3440 3038 εἰς
3466 2972 3563 3044 τὴν
3595 2970 3715 3023 τῶν

2123 3083 2284 3137 θείων
2311 3082 2509 3150 λογίων
2556 3077 2851 3149 ἀκρόασιν⁸
2877 3077 2944 3145 τῇ
2978 3073 3036 3127 δὲ
3066 3067 3456 3143 μιξοϐαρϐάρῳ
3497 3078 3715 3135 κεχρη-

2044 3152 2088 3211 c
2128 3176 2287 3247 μένος
2328 3171 2562 3244 γλώττῃ,
2590 3169 2688 3235 τὰς
2705 3169 2803 3239 τῆς
2834 3165 3073 3229 διανοίας
3121 3162 3321 3224 ὠδῖνας
3375 3157 3709 3247 προέφερεν,

2126 3245 2190 3323 ἐκ
2225 3269 2326 3339 τῆς
2366 3264 2463 3318 τοῦ
2523 3262 2668 3316 θείου
2726 3260 3044 3330 Πνεύματος
3102 3253 3325 3325 χάριτος
3357 3251 3426 3303 τὰ
3481 3245 3716 3301 τοιαῦτα

2122 3338 2408 3432 δεχόμενος
2466 3356 2701 3428 νάματα.
2761 3354 2856 3417 Τίς
2911 3352 3019 3423 γὰρ
3075 3348 3182 3402 τῶν
3251 3343 3338 3398 ἐπ’
3403 3338 3716 3410 εὑγλωττίᾳ

2125 3452 2556 3528 βρενθυομένων,
2586 3451 2680 3503 καὶ
2719 3447 2819 3510 τὰς
2857 3443 3029 3515 ὀφρῦς
3081 3438 3465 3528 συναγόντων,
3487 3433 3580 3486 καὶ
3614 3447 3713 3528 αρ-

2124 3519 2307 3620 ϐαρῶς
2332 3519 2741 3615 φθεγγομένων,
2777 3538 2869 3592 καὶ
2900 3538 2992 3590 ἐπὶ
3018 3536 3139 3595 ταῖς
3172 3531 3280 3585 τῶν
3320 3519 3711 3620 συλλωγισμῶν

2126 3617 2331 3709 πάγαις
2379 3631 2961 3705 νεανιευομένων,“τῆς
2998 3624 3328 3681 ἀπαιδεύτου
3373 3621 3470 3674 καὶ
3498 3617 3710 3690 βαρϐά-

2130 3752 2224 3808 ρου
2260 3732 2444 3803 φωνῆς
2480 3728 2698 3798 ἐκείνης
2724 3724 3080 3797 περιεγένετο
3126 3718 3345 3772 πώποτε
3371 3732 3386 3782 ;
3413 3710 3704 3808 Λογισμοῐς

2131 3801 2230 3900 μὲν
2255 3801 2363 3896 γὰρ
2392 3801 2715 3894 λογισμοὺς,
2751 3819 2919 3880 θείοις
2953 3815 3012 3869 δέ
3034 3812 3237 3882 λογίοις
3269 3809 3393 3870 τοὺς
3421 3805 3540 3900 τῶν
3558 3801 3706 3900 φιλο-

2129 3893 2309 3989 σόφων
2325 3893 2728 3987 κατηγωνίζετο
2739 3910 2950 3978 λόγους,
2971 3906 3107 3978 μετά
3124 3902 3217 3957 τοῦ
3242 3900 3477 3973 μεγάλου
3495 3893 3712 3951 Παύλου

2128 4012 2268 4085 βοῶν
2286 4026 2298 4041 ·
2338 4029 2356 4062 ι
2375 4009 2441 4063 Εί
2461 4006 2554 4062 καὶ
2583 4002 2802 4074 ίδιὼτης
2823 4000 2900 4072 τῷ
2927 3999 3094 4069 λόγῳ,
3126 3994 3240 4049 ἀλλ’
3267 3994 3326 4046 οὐ
3349 3994 3412 4085 τῇ
3439 3988 3662 4085 γνώσει.
3688 4004 3711 4036 ι

2129 4078 2242 4158 Καὶ
2272 4099 2459 4156 τοῦτον
2493 4097 2583 4153 ἀεὶ
2622 4094 2851 4151 διετέλει
2887 4090 2978 4144 τὸν
3010 4088 3216 4160 τρόπον
3277 4082 3422 4138 κατά
3443 4082 3542 4151 τὴν
3576 4078 3719 4131 ἀπο-

2133 4191 2387 4263 στολικὴν
2426 4191 2610 4260 φωνήν
2639 4205 2653 4221 ε
2709 4206 2727 4238 ι
2765 4183 3076 4254 Λογισμοὺς
3136 4174 3556 4247 καθαιροῦντες,
3618 4168 3720 4263 καὶ.

2129 4287 2241 4340 πᾶν
2287 4257 2489 4354 ὖιίρωμα
2560 4257 2923 4351 ἐπαιρόμενον
2973 4270 3115 4326 κατὰ
3170 4271 3270 4341 τῆς
3319 4265 3573 4335 γνώσεως
3614 4257 3720 4311 τοῦ

2129 4376 2291 4443 Θεοῦ,
2338 4353 2439 4429 καὶ
2491 4369 2988 4443 αίχμαλωτίζοντες
3035 4365 3145 4418 πᾶν
3174 4363 3358 4432 νόημα
3377 4359 3458 4421 είς
3482 4354 3577 4425 τὴν
3609 4353 3720 4405 ὑπ·-

2130 4470 2302 4541 ακοὴν
2324 4467 2420 4521 τοῦ
2474 4462 2734 4537 Χριστοῦ.
2794 4460 2906 4514 Καὶ
2944 4455 3015 4529 ἦν
3046 4456 3173 4509 ἰδεῖν
3224 4450 3564 4509 συνθέοντας,
3617 4444 3724 4499 καὶ

2130 4653 2255 4725 τείᾳ
2306 4648 2696 4718 τεταγμένους,
2740 4643 2833 4698 καὶ
2886 4642 3015 4704 τοὺς
3066 4632 3578 4708 ἀποχειροϐιώτους.
3621 4629 3726 4683 καὶ

2133 4741 2469 4812 ἁπαξαπλῶς
2494 4740 2709 4802 ἰδιώτας
2742 4754 2801 4789 τε
2835 4735 2930 4789 καὶ
2958 4730 3321 4804 στρατιώτας,
3346 4722 3726 4793 πεπαιδευμέ-

2130 4855 2256 4900 νους
2309 4834 2404 4889 καὶ
2469 4831 2648 4900 λόγων
2712 4827 3033 4899 ἀμυήτους,
3092 4821 3251 4892 πενίᾳ
3294 4817 3572 4881 συζῶντας
3626 4815 3725 4871 καὶ

2134 4929 2348 4997 πλούτῳ
2392 4926 2698 4998 κομῶντας,
2731 4919 2829 4975 καὶ
2853 4920 2977 4980 τοὺς
3011 4915 3110 4987 μὲν
3153 4915 3279 4983 σιγῇ
3305 4909 3628 4981 δεχομένους
3649 4904 3726 4959 τὰ

2134 5020 2577 5098 προσφερομένα,
2631 5016 2759 5079 τοὺς
2787 5014 2844 5068 δέ
2872 5014 2968 5066 καὶ
2998 5008 3340 5082 ἐρωτῶντας,
3378 5005 3473 5059 καὶ
3510 5001 3722 5098 πυνθα-

2129 5092 2408 5186 νομένους,
2426 5092 2534 5167 καὶ
2563 5105 2820 5180 ἀφορμὰς
2844 5104 2923 5173 τῷ
2950 5103 3095 5173 λόγῳ
3125 5098 3484 5170 παρέχοντας.
3514 5092 3725 5149 Τοσοῦ-

2130 5227 2221 5263 τον
2267 5208 2325 5261 δὲ
2373 5200 2795 5273 ἀναδεδεγμένος
2844 5198 3036 5261 πόνον,
3096 5193 3341 5246 σύνοικον
3397 5188 3580 5242 λαϐεῖν
3615 5186 3724 5239 οὐκ

2132 5301 2391 5371 ἠνέσχετο
2453 5296 2693 5357 πώποτε,
2741 5291 2877 5346 ἀλλά
2917 5291 3013 5360 τὴν
3067 5282 3402 5356 αὐτουργίαν
3440 5282 3540 5352 τῆς
3582 5277 3723 5351 παρ’

2133 5396 2339 5467 ἐτέρων
2369 5390 2518 5461 αὐτῷ
2546 5384 2999 5460 προσφερομένης
3055 5378 3351 5451 θεραπείας
3396 5373 3684 5467 προείλετο
3702 5387 3722 5403 ⁸

2133 5460 2243 5542 καὶ.
2259 5486 2412 5553 παρὰ
2440 5460 2540 5555 την
2576 5478 2839 5551 αὔλ[ε]ιον
2867 5475 3038 5546 θύραν
3063 5470 3160 5534 τὰς
3206 5469 3494 5528 συνουσίας
3529 5460 3725 5517 ποιού-

2140 5596 2323 5654 μενος,
2365 5578 2526 5641 αὐτὸς
2559 5573 2801 5644 ἀνεῴγνυ
2835 5571 2945 5632 τοῖς
2998 5563 3264 5630 εἰσιοῦσι,
3311 5561 3425 5615 κάλ’
3457 5558 3722 5654 ἀπιόντας

2138 5650 2520 5750 προύπεμπεν.
2560 5665 2807 5733 Ἐδέξατο
2837 5663 2894 5719 δέ
2927 5659 3079 5745 παρά
3108 5674 3251 5722 τινος
3282 5655 3435 5711 οὐδὲν
3474 5650 3735 5718 πώποτε,
