  <div class='ocr_page' id='page_1' title='image "/cluster/home/n/w/nwhite01/storage/ocr_20150623/82:no.3/coo.31924054869833/692.png"; bbox 0 0 4030 6404; ppageno 0'>
   <div class='ocr_carea' id='block_1_1' title="bbox 1865 262 2016 279">
    <p class='ocr_par' dir='ltr' id='par_1_1' title="bbox 1865 262 2016 279">
     <span class='ocr_line' id='line_1_1' title="bbox 1865 262 2016 279; baseline -0.007 1"><span class='ocrx_word' id='word_1_1' title='bbox 1865 262 2016 279; x_wconf 48' lang='lat' dir='ltr'><strong>Mnus</strong></span> 
     </span>
    </p>
   </div>
   <div class='ocr_carea' id='block_1_2' title="bbox 314 358 453 428">
    <p class='ocr_par' dir='ltr' id='par_1_2' title="bbox 314 358 453 428">
     <span class='ocr_line' id='line_1_2' title="bbox 314 358 453 428; baseline 0.014 -2"><span class='ocrx_word' id='word_1_2' title='bbox 314 358 453 428; x_wconf 81' lang='lat' dir='ltr'><strong>i369</strong></span> 
     </span>
    </p>
   </div>
   <div class='ocr_carea' id='block_1_3' title="bbox 1534 361 2367 428">
    <p class='ocr_par' dir='ltr' id='par_1_3' title="bbox 1534 361 2367 428">
     <span class='ocr_line' id='line_1_3' title="bbox 1534 361 2367 428; baseline 0.006 -6"><span class='ocrx_word' id='word_1_3' title='bbox 1534 361 1943 423; x_wconf 75' lang='lat' dir='ltr'>RELIGIOSA</span> <span class='ocrx_word' id='word_1_4' title='bbox 1979 361 2367 428; x_wconf 79' lang='lat' dir='ltr'><strong>HISTORIA.</strong></span> 
     </span>
    </p>
   </div>
   <div class='ocr_carea' id='block_1_4' title="bbox 3444 362 3584 430">
    <p class='ocr_par' dir='ltr' id='par_1_4' title="bbox 3444 362 3584 430">
     <span class='ocr_line' id='line_1_4' title="bbox 3444 362 3584 430; baseline 0.014 -2"><span class='ocrx_word' id='word_1_5' title='bbox 3444 362 3584 430; x_wconf 83' lang='lat'><strong>1370</strong></span> 
     </span>
    </p>
   </div>
   <div class='ocr_carea' id='block_1_5' title="bbox 310 464 1922 548">
    <p class='ocr_par' dir='ltr' id='par_1_5' title="bbox 310 464 1899 548">
     <span class='ocr_line' id='line_1_5' title="bbox 310 464 1899 548; baseline -0.006 -18"><span class='ocrx_word' id='word_1_6' title='bbox 310 478 415 532; x_wconf 78' lang='grc' dir='ltr'><strong>οὐκ</strong></span> <span class='ocrx_word' id='word_1_7' title='bbox 445 476 632 548; x_wconf 74' lang='grc' dir='ltr'>ἄρτον,</span> <span class='ocrx_word' id='word_1_8' title='bbox 682 475 782 529; x_wconf 83' lang='grc' dir='ltr'><strong>οὐκ</strong></span> <span class='ocrx_word' id='word_1_9' title='bbox 821 472 986 542; x_wconf 68' lang='grc' dir='ltr'>ὄψον,</span> <span class='ocrx_word' id='word_1_10' title='bbox 1034 472 1132 541; x_wconf 70' lang='grc' dir='ltr'><strong>οὐχ</strong></span> <span class='ocrx_word' id='word_1_11' title='bbox 1195 472 1430 540; x_wconf 76' lang='grc' dir='ltr'>ἱμάτιον,</span> <span class='ocrx_word' id='word_1_12' title='bbox 1472 470 1586 523; x_wconf 83' lang='grc' dir='ltr'>ἀλλ’</span> <span class='ocrx_word' id='word_1_13' title='bbox 1622 464 1702 534; x_wconf 75' lang='grc' dir='ltr'>εἷς</span> <span class='ocrx_word' id='word_1_14' title='bbox 1749 466 1899 538; x_wconf 80' lang='grc' dir='ltr'>αὐτῷ</span> 
     </span>
    </p>
   </div>
   <div class='ocr_carea' id='block_1_6' title="bbox 2027 464 3582 548">
    <p class='ocr_par' dir='ltr' id='par_1_6' title="bbox 2027 469 3582 541">
     <span class='ocr_line' id='line_1_6' title="bbox 2027 469 3582 541; baseline -0.001 -17"><span class='ocrx_word' id='word_1_15' title='bbox 2027 480 2228 527; x_wconf 75' lang='grc' dir='ltr'>ιεοῑυιε</span> <span class='ocrx_word' id='word_1_16' title='bbox 2257 474 2409 527; x_wconf 84' lang='lat' dir='ltr'><strong>olera</strong></span> <span class='ocrx_word' id='word_1_17' title='bbox 2445 471 2612 527; x_wconf 86' lang='lat' dir='ltr'><strong>etiam</strong></span> <span class='ocrx_word' id='word_1_18' title='bbox 2650 479 2778 541; x_wconf 87' lang='lat' dir='ltr'><strong>post</strong></span> <span class='ocrx_word' id='word_1_19' title='bbox 2812 469 2948 527; x_wconf 77' lang='lat' dir='ltr'><strong>solis</strong></span> <span class='ocrx_word' id='word_1_20' title='bbox 2995 484 3256 529; x_wconf 83' lang='lat' dir='ltr'><strong>occasum</strong></span> <span class='ocrx_word' id='word_1_21' title='bbox 3305 474 3582 530; x_wconf 76' lang='lat' dir='ltr'><strong>adhibuit.</strong></span> 
     </span>
    </p>
   </div>
   <div class='ocr_carea' id='block_1_7' title="bbox 314 560 1900 640">
    <p class='ocr_par' dir='ltr' id='par_1_7' title="bbox 314 560 1900 640">
     <span class='ocr_line' id='line_1_7' title="bbox 314 560 1900 640; baseline -0.009 -16"><span class='ocrx_word' id='word_1_22' title='bbox 314 573 484 640; x_wconf 84' lang='grc' dir='ltr'>μόνος</span> <span class='ocrx_word' id='word_1_23' title='bbox 513 570 621 623; x_wconf 86' lang='grc' dir='ltr'>τῶν</span> <span class='ocrx_word' id='word_1_24' title='bbox 649 568 943 638; x_wconf 76' lang='grc' dir='ltr'><strong>γνωρίμων</strong></span> <span class='ocrx_word' id='word_1_25' title='bbox 975 567 1231 638; x_wconf 78' lang='grc' dir='ltr'><strong>ἐχορήγει</strong></span> <span class='ocrx_word' id='word_1_26' title='bbox 1255 564 1345 617; x_wconf 75' lang='grc' dir='ltr'><strong>τὸν</strong></span> <span class='ocrx_word' id='word_1_27' title='bbox 1380 563 1565 634; x_wconf 81' lang='grc' dir='ltr'><strong>ἀρτον⁹</strong></span> <span class='ocrx_word' id='word_1_28' title='bbox 1603 563 1683 625; x_wconf 88' lang='grc' dir='ltr'><strong>είς</strong></span> <span class='ocrx_word' id='word_1_29' title='bbox 1711 561 1771 617; x_wconf 79' lang='grc' dir='ltr'>δὲ</span> <span class='ocrx_word' id='word_1_30' title='bbox 1799 560 1900 631; x_wconf 83' lang='grc' dir='ltr'><strong>γῆ-</strong></span> 
     </span>
    </p>
   </div>
   <div class='ocr_carea' id='block_1_8' title="bbox 317 647 1901 731">
    <p class='ocr_par' dir='ltr' id='par_1_8' title="bbox 317 647 1901 731">
     <span class='ocr_line' id='line_1_8' title="bbox 317 647 1901 731; baseline -0.009 -17"><span class='ocrx_word' id='word_1_31' title='bbox 317 677 421 731; x_wconf 81' lang='grc' dir='ltr'><strong>ρας</strong></span> <span class='ocrx_word' id='word_1_32' title='bbox 445 658 645 721; x_wconf 81' lang='grc' dir='ltr'>ἐλάσας</span> <span class='ocrx_word' id='word_1_33' title='bbox 693 656 853 728; x_wconf 81' lang='grc' dir='ltr'>βαθὺ,</span> <span class='ocrx_word' id='word_1_34' title='bbox 891 655 985 708; x_wconf 72' lang='grc' dir='ltr'>καὶ</span> <span class='ocrx_word' id='word_1_35' title='bbox 1026 655 1262 723; x_wconf 82' lang='grc' dir='ltr'>λαχάνου</span> <span class='ocrx_word' id='word_1_36' title='bbox 1294 654 1431 723; x_wconf 78' lang='grc' dir='ltr'>μετά</span> <span class='ocrx_word' id='word_1_37' title='bbox 1484 650 1634 723; x_wconf 75' lang='grc' dir='ltr'>ἡλίου</span> <span class='ocrx_word' id='word_1_38' title='bbox 1687 647 1901 719; x_wconf 84' lang='grc' dir='ltr'>δυσμάς</span> 
     </span>
    </p>
   </div>
   <div class='ocr_carea' id='block_1_9' title="bbox 320 738 1902 821">
    <p class='ocr_par' dir='ltr' id='par_1_9' title="bbox 320 738 1902 821">
     <span class='ocr_line' id='line_1_9' title="bbox 320 738 1902 821; baseline -0.008 -18"><span class='ocrx_word' id='word_1_39' title='bbox 320 749 726 821; x_wconf 85' lang='grc' dir='ltr'>μετελάμϐανε.</span> <span class='ocrx_word' id='word_1_40' title='bbox 784 747 922 799; x_wconf 76' lang='grc' dir='ltr'>Φασὶ</span> <span class='ocrx_word' id='word_1_41' title='bbox 971 745 1028 798; x_wconf 81' lang='grc' dir='ltr'>δὲ</span> <span class='ocrx_word' id='word_1_42' title='bbox 1078 742 1380 813; x_wconf 79' lang='grc' dir='ltr'>Ἀνθὲμιον,</span> <span class='ocrx_word' id='word_1_43' title='bbox 1414 740 1473 804; x_wconf 80' lang='grc' dir='ltr'>ὃς</span> <span class='ocrx_word' id='word_1_44' title='bbox 1513 740 1607 795; x_wconf 59' lang='grc' dir='ltr'><strong>καί¹</strong></span> <span class='ocrx_word' id='word_1_45' title='bbox 1656 738 1902 809; x_wconf 79' lang='grc' dir='ltr'><strong>ὕπαρχος</strong></span> 
     </span>
    </p>
   </div>
   <div class='ocr_carea' id='block_1_10' title="bbox 314 828 1903 910">
    <p class='ocr_par' dir='ltr' id='par_1_10' title="bbox 314 828 1903 910">
     <span class='ocr_line' id='line_1_10' title="bbox 314 828 1903 910; baseline -0.01 -15"><span class='ocrx_word' id='word_1_46' title='bbox 314 844 373 904; x_wconf 78' lang='grc' dir='ltr'><strong>ἐς</strong></span> <span class='ocrx_word' id='word_1_47' title='bbox 405 840 633 910; x_wconf 81' lang='grc' dir='ltr'>ὕστερον</span> <span class='ocrx_word' id='word_1_48' title='bbox 676 836 944 907; x_wconf 77' lang='grc' dir='ltr'>ἐγεγόνει,</span> <span class='ocrx_word' id='word_1_49' title='bbox 969 838 1063 889; x_wconf 69' lang='grc' dir='ltr'><strong>καὶ</strong></span> <span class='ocrx_word' id='word_1_50' title='bbox 1090 832 1315 898; x_wconf 67' lang='grc' dir='ltr'>ὕπατος,</span> <span class='ocrx_word' id='word_1_51' title='bbox 1344 832 1505 909; x_wconf 82' lang='grc' dir='ltr'>ἡνίκα</span> <span class='ocrx_word' id='word_1_52' title='bbox 1558 828 1903 901; x_wconf 80' lang='grc' dir='ltr'>πρεσϐευτὴς</span> 
     </span>
    </p>
   </div>
   <div class='ocr_carea' id='block_1_11' title="bbox 313 904 1901 1003">
    <p class='ocr_par' dir='ltr' id='par_1_11' title="bbox 313 904 1901 1003">
     <span class='ocr_line' id='line_1_11' title="bbox 313 904 1901 1003; baseline -0.01 -19"><span class='ocrx_word' id='word_1_53' title='bbox 313 904 726 1003; x_wconf 15' lang='grc' dir='ltr'>χειροτονηθεὶς*</span> <span class='ocrx_word' id='word_1_54' title='bbox 742 904 838 999; x_wconf 71' lang='grc' dir='ltr'>τὴν</span> <span class='ocrx_word' id='word_1_55' title='bbox 861 932 939 990; x_wconf 87' lang='grc' dir='ltr'><strong>είς</strong></span> <span class='ocrx_word' id='word_1_56' title='bbox 963 925 1172 996; x_wconf 77' lang='grc' dir='ltr'>Πέρσας</span> <span class='ocrx_word' id='word_1_57' title='bbox 1200 904 1507 1003; x_wconf 74' lang='grc' dir='ltr'>ἀποδημίαν</span> <span class='ocrx_word' id='word_1_58' title='bbox 1531 918 1901 981; x_wconf 87' lang='grc' dir='ltr'>ἀνεστείλατο,</span> 
     </span>
    </p>
   </div>
   <div class='ocr_carea' id='block_1_12' title="bbox 315 1000 1904 1092">
    <p class='ocr_par' dir='ltr' id='par_1_12' title="bbox 315 1000 1904 1092">
     <span class='ocr_line' id='line_1_12' title="bbox 315 1000 1904 1092; baseline -0.009 -17"><span class='ocrx_word' id='word_1_59' title='bbox 315 1024 522 1092; x_wconf 80' lang='grc' dir='ltr'>χιτῶνα</span> <span class='ocrx_word' id='word_1_60' title='bbox 546 1021 695 1091; x_wconf 80' lang='grc' dir='ltr'>αὐτῷ</span> <span class='ocrx_word' id='word_1_61' title='bbox 723 1020 948 1090; x_wconf 87' lang='grc' dir='ltr'>κομίσαι</span> <span class='ocrx_word' id='word_1_62' title='bbox 980 1018 1131 1087; x_wconf 72' lang='grc' dir='ltr'>παρᾶ</span> <span class='ocrx_word' id='word_1_63' title='bbox 1170 1000 1407 1086; x_wconf 62' lang='grc' dir='ltr'>Πέρσαις</span> <span class='ocrx_word' id='word_1_64' title='bbox 1441 1011 1776 1083; x_wconf 78' lang='grc' dir='ltr'>ὑφασμένον,</span> <span class='ocrx_word' id='word_1_65' title='bbox 1806 1008 1904 1062; x_wconf 74' lang='grc' dir='ltr'>καὶ</span> 
     </span>
    </p>
   </div>
   <div class='ocr_carea' id='block_1_13' title="bbox 316 1100 1906 1182">
    <p class='ocr_par' dir='ltr' id='par_1_13' title="bbox 316 1100 1906 1182">
     <span class='ocr_line' id='line_1_13' title="bbox 316 1100 1906 1182; baseline -0.01 -14"><span class='ocrx_word' id='word_1_66' title='bbox 316 1117 516 1179; x_wconf 75' lang='grc' dir='ltr'>εἰπεῖν,</span> <span class='ocrx_word' id='word_1_67' title='bbox 546 1115 629 1166; x_wconf 79' lang='grc' dir='ltr'><strong>δτι</strong></span> <span class='ocrx_word' id='word_1_68' title='bbox 664 1130 682 1163; x_wconf 76' lang='grc' dir='ltr'><strong>ι</strong></span> <span class='ocrx_word' id='word_1_69' title='bbox 721 1106 791 1165; x_wconf 78' lang='grc' dir='ltr'><strong><em>Ὦ</em></strong></span> <span class='ocrx_word' id='word_1_70' title='bbox 827 1110 1031 1182; x_wconf 80' lang='grc' dir='ltr'><strong>Πάτερ,</strong></span> <span class='ocrx_word' id='word_1_71' title='bbox 1073 1107 1228 1170; x_wconf 74' lang='grc' dir='ltr'>εἰδὼς</span> <span class='ocrx_word' id='word_1_72' title='bbox 1263 1105 1476 1174; x_wconf 77' lang='grc' dir='ltr'>ἑκάστῳ</span> <span class='ocrx_word' id='word_1_73' title='bbox 1526 1102 1635 1155; x_wconf 83' lang='grc' dir='ltr'>τῶν</span> <span class='ocrx_word' id='word_1_74' title='bbox 1696 1100 1906 1172; x_wconf 83' lang='grc' dir='ltr'>ἀνθρώ-</span> 
     </span>
    </p>
   </div>
   <div class='ocr_carea' id='block_1_14' title="bbox 322 1191 1909 1279">
    <p class='ocr_par' dir='ltr' id='par_1_14' title="bbox 322 1191 1909 1279">
     <span class='ocr_line' id='line_1_14' title="bbox 322 1191 1909 1279; baseline -0.011 -21"><span class='ocrx_word' id='word_1_75' title='bbox 322 1225 444 1260; x_wconf 84' lang='grc' dir='ltr'><strong>πων</strong></span> <span class='ocrx_word' id='word_1_76' title='bbox 471 1204 571 1279; x_wconf 77' lang='grc' dir='ltr'><strong>τὴν</strong></span> <span class='ocrx_word' id='word_1_77' title='bbox 631 1202 840 1257; x_wconf 82' lang='grc' dir='ltr'>οἰκείαν</span> <span class='ocrx_word' id='word_1_78' title='bbox 907 1201 1142 1272; x_wconf 82' lang='grc' dir='ltr'><strong>πατρίδα</strong></span> <span class='ocrx_word' id='word_1_79' title='bbox 1212 1199 1486 1268; x_wconf 81' lang='grc' dir='ltr'>γλυκεῖαν,</span> <span class='ocrx_word' id='word_1_80' title='bbox 1519 1194 1762 1256; x_wconf 75' lang='grc' dir='ltr'>καὶτοὺς</span> <span class='ocrx_word' id='word_1_81' title='bbox 1790 1191 1909 1249; x_wconf 75' lang='grc' dir='ltr'>ἐκεῖ</span> 
     </span>
    </p>
   </div>
   <div class='ocr_carea' id='block_1_15' title="bbox 319 1285 1905 1368">
    <p class='ocr_par' dir='ltr' id='par_1_15' title="bbox 319 1285 1905 1368">
     <span class='ocr_line' id='line_1_15' title="bbox 319 1285 1905 1368; baseline -0.008 -19"><span class='ocrx_word' id='word_1_82' title='bbox 319 1296 625 1368; x_wconf 79' lang='grc' dir='ltr'>φυομένους</span> <span class='ocrx_word' id='word_1_83' title='bbox 675 1295 924 1364; x_wconf 77' lang='grc' dir='ltr'><strong>ἠδίστους</strong></span> <span class='ocrx_word' id='word_1_84' title='bbox 983 1291 1251 1362; x_wconf 76' lang='grc' dir='ltr'>καρποὺς,</span> <span class='ocrx_word' id='word_1_85' title='bbox 1276 1292 1339 1342; x_wconf 82' lang='grc' dir='ltr'>ἐκ</span> <span class='ocrx_word' id='word_1_86' title='bbox 1370 1288 1470 1358; x_wconf 80' lang='grc' dir='ltr'>τῆς</span> <span class='ocrx_word' id='word_1_87' title='bbox 1520 1285 1777 1355; x_wconf 73' lang='grc' dir='ltr'>πατρίδος</span> <span class='ocrx_word' id='word_1_88' title='bbox 1823 1301 1905 1337; x_wconf 89' lang='grc' dir='ltr'><strong>σοι</strong></span> 
     </span>
    </p>
   </div>
   <div class='ocr_carea' id='block_1_16' title="bbox 317 1372 1909 1452">
    <p class='ocr_par' dir='ltr' id='par_1_16' title="bbox 317 1372 1909 1452">
     <span class='ocr_line' id='line_1_16' title="bbox 317 1372 1909 1452; baseline -0.006 -16"><span class='ocrx_word' id='word_1_89' title='bbox 317 1385 510 1439; x_wconf 74' lang='grc' dir='ltr'>τοῦτον</span> <span class='ocrx_word' id='word_1_90' title='bbox 565 1384 839 1452; x_wconf 86' lang='grc' dir='ltr'>κεκόμικα</span> <span class='ocrx_word' id='word_1_91' title='bbox 864 1382 954 1434; x_wconf 83' lang='grc' dir='ltr'><strong>τὸν</strong></span> <span class='ocrx_word' id='word_1_92' title='bbox 1001 1379 1226 1450; x_wconf 79' lang='grc' dir='ltr'>χιτῶνα,</span> <span class='ocrx_word' id='word_1_93' title='bbox 1289 1377 1383 1429; x_wconf 77' lang='grc' dir='ltr'><strong>καὶ</strong></span> <span class='ocrx_word' id='word_1_94' title='bbox 1441 1374 1670 1427; x_wconf 77' lang='grc' dir='ltr'><strong>ἱκετεύω</strong></span> <span class='ocrx_word' id='word_1_95' title='bbox 1713 1389 1772 1426; x_wconf 89' lang='grc' dir='ltr'><strong>σε</strong></span> <span class='ocrx_word' id='word_1_96' title='bbox 1809 1372 1909 1443; x_wconf 79' lang='grc' dir='ltr'><strong>μὲν</strong></span> 
     </span>
    </p>
   </div>
   <div class='ocr_carea' id='block_1_17' title="bbox 317 1465 1901 1544">
    <p class='ocr_par' dir='ltr' id='par_1_17' title="bbox 317 1465 1901 1544">
     <span class='ocr_line' id='line_1_17' title="bbox 317 1465 1901 1544; baseline -0.009 -13"><span class='ocrx_word' id='word_1_97' title='bbox 317 1477 511 1531; x_wconf 77' lang='grc' dir='ltr'>τοῦτον</span> <span class='ocrx_word' id='word_1_98' title='bbox 537 1476 745 1538; x_wconf 82' lang='grc' dir='ltr'>λαϐεῖν,</span> <span class='ocrx_word' id='word_1_99' title='bbox 781 1473 879 1544; x_wconf 76' lang='grc' dir='ltr'>ἐμὲ</span> <span class='ocrx_word' id='word_1_100' title='bbox 906 1473 962 1526; x_wconf 85' lang='grc' dir='ltr'>δὲ</span> <span class='ocrx_word' id='word_1_101' title='bbox 994 1473 1092 1541; x_wconf 76' lang='grc' dir='ltr'>τὴν</span> <span class='ocrx_word' id='word_1_102' title='bbox 1118 1470 1215 1542; x_wconf 78' lang='grc' dir='ltr'>σὴν</span> <span class='ocrx_word' id='word_1_103' title='bbox 1245 1467 1494 1536; x_wconf 78' lang='grc' dir='ltr'>εὐλογίαν</span> <span class='ocrx_word' id='word_1_104' title='bbox 1524 1465 1852 1520; x_wconf 87' lang='grc' dir='ltr'>ἀντιλαϐεῖν.</span> <span class='ocrx_word' id='word_1_105' title='bbox 1882 1483 1901 1516; x_wconf 72' lang='grc' dir='ltr'><strong>ι</strong></span> 
     </span>
    </p>
   </div>
   <div class='ocr_carea' id='block_1_18' title="bbox 331 1558 1909 1638">
    <p class='ocr_par' dir='ltr' id='par_1_18' title="bbox 331 1558 1909 1638">
     <span class='ocr_line' id='line_1_18' title="bbox 331 1558 1909 1638; baseline -0.01 -15"><span class='ocrx_word' id='word_1_106' title='bbox 331 1572 392 1623; x_wconf 85' lang='lat'><strong>&#39;0</strong></span> <span class='ocrx_word' id='word_1_107' title='bbox 416 1570 468 1623; x_wconf 78' lang='grc' dir='ltr'>δὲ</span> <span class='ocrx_word' id='word_1_108' title='bbox 502 1567 718 1638; x_wconf 84' lang='grc' dir='ltr'>πρῶτον</span> <span class='ocrx_word' id='word_1_109' title='bbox 748 1566 846 1635; x_wconf 77' lang='grc' dir='ltr'>μὲν</span> <span class='ocrx_word' id='word_1_110' title='bbox 889 1563 1076 1617; x_wconf 75' lang='grc' dir='ltr'>τοῦτον</span> <span class='ocrx_word' id='word_1_111' title='bbox 1100 1564 1158 1615; x_wconf 75' lang='grc' dir='ltr'>ὲν</span> <span class='ocrx_word' id='word_1_112' title='bbox 1189 1560 1267 1631; x_wconf 83' lang='grc' dir='ltr'>τῷ</span> <span class='ocrx_word' id='word_1_113' title='bbox 1295 1560 1481 1630; x_wconf 75' lang='grc' dir='ltr'>βάθρῳ</span> <span class='ocrx_word' id='word_1_114' title='bbox 1538 1558 1708 1612; x_wconf 88' lang='grc' dir='ltr'>θεῖναι</span> <span class='ocrx_word' id='word_1_115' title='bbox 1740 1573 1909 1628; x_wconf 86' lang='grc' dir='ltr'>προσ-</span> 
     </span>
    </p>
   </div>
   <div class='ocr_carea' id='block_1_19' title="bbox 320 1646 1910 1725">
    <p class='ocr_par' dir='ltr' id='par_1_19' title="bbox 320 1646 1910 1725">
     <span class='ocr_line' id='line_1_19' title="bbox 320 1646 1910 1725; baseline -0.009 -10"><span class='ocrx_word' id='word_1_116' title='bbox 320 1659 515 1725; x_wconf 81' lang='grc' dir='ltr'>έταξεν</span> <span class='ocrx_word' id='word_1_117' title='bbox 542 1676 554 1689; x_wconf 92' lang='grc'><strong>·</strong></span> <span class='ocrx_word' id='word_1_118' title='bbox 586 1653 704 1712; x_wconf 74' lang='grc' dir='ltr'>εἶτα</span> <span class='ocrx_word' id='word_1_119' title='bbox 740 1656 915 1724; x_wconf 87' lang='grc' dir='ltr'>λόγων</span> <span class='ocrx_word' id='word_1_120' title='bbox 937 1655 1141 1725; x_wconf 81' lang='grc' dir='ltr'>ἑτέρων</span> <span class='ocrx_word' id='word_1_121' title='bbox 1173 1652 1378 1725; x_wconf 78' lang='grc' dir='ltr'>μεταξὺ</span> <span class='ocrx_word' id='word_1_122' title='bbox 1414 1650 1742 1719; x_wconf 83' lang='grc' dir='ltr'>γενομένων,</span> <span class='ocrx_word' id='word_1_123' title='bbox 1779 1646 1910 1702; x_wconf 86' lang='grc' dir='ltr'>ἀθυ-</span> 
     </span>
    </p>
   </div>
   <div class='ocr_carea' id='block_1_20' title="bbox 325 1740 1909 1823">
    <p class='ocr_par' dir='ltr' id='par_1_20' title="bbox 325 1740 1909 1823">
     <span class='ocr_line' id='line_1_20' title="bbox 325 1740 1909 1823; baseline -0.007 -19"><span class='ocrx_word' id='word_1_124' title='bbox 325 1754 449 1823; x_wconf 88' lang='grc' dir='ltr'>μεῖν</span> <span class='ocrx_word' id='word_1_125' title='bbox 483 1750 635 1818; x_wconf 77' lang='grc' dir='ltr'>ἔλεγε</span> <span class='ocrx_word' id='word_1_126' title='bbox 665 1747 788 1819; x_wconf 81' lang='grc' dir='ltr'>διχῆ</span> <span class='ocrx_word' id='word_1_127' title='bbox 826 1745 1183 1818; x_wconf 74' lang='grc' dir='ltr'>μεριζομένου</span> <span class='ocrx_word' id='word_1_128' title='bbox 1210 1743 1304 1797; x_wconf 77' lang='grc' dir='ltr'>τοῦ</span> <span class='ocrx_word' id='word_1_129' title='bbox 1330 1740 1616 1812; x_wconf 75' lang='grc' dir='ltr'>λογισμοῦ.</span> <span class='ocrx_word' id='word_1_130' title='bbox 1667 1740 1909 1794; x_wconf 84' lang='grc' dir='ltr'>Ἐκείνου</span> 
     </span>
    </p>
   </div>
   <div class='ocr_carea' id='block_1_21' title="bbox 2003 562 3587 634">
    <p class='ocr_par' dir='ltr' id='par_1_21' title="bbox 2003 562 3587 634">
     <span class='ocr_line' id='line_1_21' title="bbox 2003 562 3587 634; baseline -0.001 -16"><span class='ocrx_word' id='word_1_131' title='bbox 2003 564 2361 619; x_wconf 76' lang='lat' dir='ltr'><strong>Anthemium</strong></span> <span class='ocrx_word' id='word_1_132' title='bbox 2398 572 2582 621; x_wconf 86' lang='lat' dir='ltr'><strong>autem</strong></span> <span class='ocrx_word' id='word_1_133' title='bbox 2620 562 2843 625; x_wconf 80' lang='lat' dir='ltr'><strong>ferunt,</strong></span> <span class='ocrx_word' id='word_1_134' title='bbox 2883 562 3039 616; x_wconf 90' lang='lat' dir='ltr'><strong>illum</strong></span> <span class='ocrx_word' id='word_1_135' title='bbox 3074 563 3167 633; x_wconf 86' lang='lat' dir='ltr'><strong>qui</strong></span> <span class='ocrx_word' id='word_1_136' title='bbox 3210 571 3398 631; x_wconf 87' lang='lat' dir='ltr'><strong>postea</strong></span> <span class='ocrx_word' id='word_1_137' title='bbox 3448 579 3587 634; x_wconf 62' lang='lat' dir='ltr'><strong>pra).</strong></span> 
     </span>
    </p>
   </div>
   <div class='ocr_carea' id='block_1_22' title="bbox 2006 650 3589 724">
    <p class='ocr_par' dir='ltr' id='par_1_22' title="bbox 2006 650 3589 724">
     <span class='ocr_line' id='line_1_22' title="bbox 2006 650 3589 724; baseline -0.003 -13"><span class='ocrx_word' id='word_1_138' title='bbox 2006 656 2185 711; x_wconf 80' lang='lat' dir='ltr'><strong>fectus</strong></span> <span class='ocrx_word' id='word_1_139' title='bbox 2212 665 2266 711; x_wconf 90' lang='lat' dir='ltr'><strong>et</strong></span> <span class='ocrx_word' id='word_1_140' title='bbox 2294 654 2490 711; x_wconf 87' lang='lat' dir='ltr'><strong>consul</strong></span> <span class='ocrx_word' id='word_1_141' title='bbox 2519 653 2623 707; x_wconf 84' lang='lat' dir='ltr'><strong>fuit</strong></span> <span class='ocrx_word' id='word_1_142' title='bbox 2643 692 2656 717; x_wconf 85' lang='lat'><strong>,</strong></span> <span class='ocrx_word' id='word_1_143' title='bbox 2687 668 2814 709; x_wconf 88' lang='lat' dir='ltr'><strong>cum</strong></span> <span class='ocrx_word' id='word_1_144' title='bbox 2841 668 2906 706; x_wconf 79' lang='lat' dir='ltr'><strong>ex</strong></span> <span class='ocrx_word' id='word_1_145' title='bbox 2934 650 3161 707; x_wconf 86' lang='lat' dir='ltr'><strong>Persica</strong></span> <span class='ocrx_word' id='word_1_146' title='bbox 3191 654 3465 724; x_wconf 76' lang='lat' dir='ltr'><strong>legatione</strong></span> <span class='ocrx_word' id='word_1_147' title='bbox 3498 668 3589 707; x_wconf 87' lang='lat' dir='ltr'><strong>re-</strong></span> 
     </span>
    </p>
   </div>
   <div class='ocr_carea' id='block_1_23' title="bbox 2005 743 3579 814">
    <p class='ocr_par' dir='ltr' id='par_1_23' title="bbox 2005 743 3579 814">
     <span class='ocr_line' id='line_1_23' title="bbox 2005 743 3579 814; baseline -0.002 -13"><span class='ocrx_word' id='word_1_148' title='bbox 2005 746 2185 814; x_wconf 91' lang='lat' dir='ltr'><strong>diret,</strong></span> <span class='ocrx_word' id='word_1_149' title='bbox 2222 747 2467 801; x_wconf 89' lang='lat' dir='ltr'><strong>tunicam</strong></span> <span class='ocrx_word' id='word_1_150' title='bbox 2502 743 2648 814; x_wconf 87' lang='lat' dir='ltr'><strong>apud</strong></span> <span class='ocrx_word' id='word_1_151' title='bbox 2696 744 2896 799; x_wconf 78' lang='lat' dir='ltr'><strong>Persas</strong></span> <span class='ocrx_word' id='word_1_152' title='bbox 2934 750 3249 798; x_wconf 76' lang='lat' dir='ltr'><strong>contextam</strong></span> <span class='ocrx_word' id='word_1_153' title='bbox 3298 746 3380 798; x_wconf 90' lang='lat' dir='ltr'><strong>illi</strong></span> <span class='ocrx_word' id='word_1_154' title='bbox 3429 753 3579 798; x_wconf 85' lang='lat' dir='ltr'><strong>attu-</strong></span> 
     </span>
    </p>
   </div>
   <div class='ocr_carea' id='block_1_24' title="bbox 2006 836 3583 909">
    <p class='ocr_par' dir='ltr' id='par_1_24' title="bbox 2006 836 3583 909">
     <span class='ocr_line' id='line_1_24' title="bbox 2006 836 3583 909; baseline -0.001 -16"><span class='ocrx_word' id='word_1_155' title='bbox 2006 839 2159 904; x_wconf 87' lang='lat' dir='ltr'><strong>lisse,</strong></span> <span class='ocrx_word' id='word_1_156' title='bbox 2195 838 2542 909; x_wconf 82' lang='lat' dir='ltr'><strong>dixisseque:</strong></span> <span class='ocrx_word' id='word_1_157' title='bbox 2576 856 2597 889; x_wconf 79' lang='grc' dir='ltr'><strong>ι</strong></span> <span class='ocrx_word' id='word_1_158' title='bbox 2627 836 2856 901; x_wconf 82' lang='lat' dir='ltr'><strong>Sciens,</strong></span> <span class='ocrx_word' id='word_1_159' title='bbox 2896 843 3082 906; x_wconf 89' lang='lat' dir='ltr'><strong>pater,</strong></span> <span class='ocrx_word' id='word_1_160' title='bbox 3122 836 3331 890; x_wconf 87' lang='lat' dir='ltr'><strong>homini</strong></span> <span class='ocrx_word' id='word_1_161' title='bbox 3379 839 3583 904; x_wconf 79' lang='lat' dir='ltr'><strong>cuique</strong></span> 
     </span>
    </p>
   </div>
   <div class='ocr_carea' id='block_1_25' title="bbox 2008 926 3592 1000">
    <p class='ocr_par' dir='ltr' id='par_1_25' title="bbox 2008 926 3592 1000">
     <span class='ocr_line' id='line_1_25' title="bbox 2008 926 3592 1000; baseline -0.004 -13"><span class='ocrx_word' id='word_1_162' title='bbox 2008 930 2224 987; x_wconf 91' lang='lat' dir='ltr'><strong>dulcem</strong></span> <span class='ocrx_word' id='word_1_163' title='bbox 2255 944 2379 986; x_wconf 91' lang='lat' dir='ltr'><strong>esse</strong></span> <span class='ocrx_word' id='word_1_164' title='bbox 2415 930 2648 1000; x_wconf 87' lang='lat' dir='ltr'><strong>patriam</strong></span> <span class='ocrx_word' id='word_1_165' title='bbox 2677 942 2833 983; x_wconf 88' lang='lat' dir='ltr'><strong>suam</strong></span> <span class='ocrx_word' id='word_1_166' title='bbox 2856 966 2871 990; x_wconf 91' lang='lat'><strong>,</strong></span> <span class='ocrx_word' id='word_1_167' title='bbox 2895 926 3451 996; x_wconf 85' lang='lat' dir='ltr'><strong>jucundissimosque</strong></span> <span class='ocrx_word' id='word_1_168' title='bbox 3481 926 3592 982; x_wconf 73' lang='lat' dir='ltr'><strong>fru~</strong></span> 
     </span>
    </p>
   </div>
   <div class='ocr_carea' id='block_1_26' title="bbox 2007 1017 3590 1092">
    <p class='ocr_par' dir='ltr' id='par_1_26' title="bbox 2007 1017 3590 1092">
     <span class='ocr_line' id='line_1_26' title="bbox 2007 1017 3590 1092; baseline -0.003 -17"><span class='ocrx_word' id='word_1_169' title='bbox 2007 1029 2130 1077; x_wconf 87' lang='lat' dir='ltr'><strong>ctus</strong></span> <span class='ocrx_word' id='word_1_170' title='bbox 2158 1022 2250 1092; x_wconf 89' lang='lat' dir='ltr'><strong>qui</strong></span> <span class='ocrx_word' id='word_1_171' title='bbox 2286 1021 2339 1075; x_wconf 89' lang='lat' dir='ltr'><strong>in</strong></span> <span class='ocrx_word' id='word_1_172' title='bbox 2376 1034 2438 1075; x_wconf 88' lang='lat' dir='ltr'><strong>ea</strong></span> <span class='ocrx_word' id='word_1_173' title='bbox 2483 1025 2816 1081; x_wconf 87' lang='lat' dir='ltr'><strong>nascuntur,</strong></span> <span class='ocrx_word' id='word_1_174' title='bbox 2860 1033 2925 1073; x_wconf 80' lang='lat' dir='ltr'><strong>ex</strong></span> <span class='ocrx_word' id='word_1_175' title='bbox 2970 1017 3154 1087; x_wconf 90' lang='lat' dir='ltr'><strong>patria</strong></span> <span class='ocrx_word' id='word_1_176' title='bbox 3199 1026 3294 1071; x_wconf 88' lang='lat' dir='ltr'><strong>tua</strong></span> <span class='ocrx_word' id='word_1_177' title='bbox 3346 1018 3590 1072; x_wconf 86' lang='lat' dir='ltr'><strong>tunicam</strong></span> 
     </span>
    </p>
   </div>
   <div class='ocr_carea' id='block_1_27' title="bbox 2008 1106 3593 1180">
    <p class='ocr_par' dir='ltr' id='par_1_27' title="bbox 2008 1106 3593 1180">
     <span class='ocr_line' id='line_1_27' title="bbox 2008 1106 3593 1180; baseline -0.005 -12"><span class='ocrx_word' id='word_1_178' title='bbox 2008 1114 2151 1169; x_wconf 90' lang='lat' dir='ltr'><strong>hanc</strong></span> <span class='ocrx_word' id='word_1_179' title='bbox 2184 1112 2348 1166; x_wconf 83' lang='lat' dir='ltr'><strong>attuli</strong></span> <span class='ocrx_word' id='word_1_180' title='bbox 2384 1111 2482 1165; x_wconf 85' lang='lat' dir='ltr'><strong>tibi</strong></span> <span class='ocrx_word' id='word_1_181' title='bbox 2513 1130 2526 1165; x_wconf 90' lang='lat'><strong>:</strong></span> <span class='ocrx_word' id='word_1_182' title='bbox 2563 1125 2728 1180; x_wconf 89' lang='lat' dir='ltr'><strong>quam</strong></span> <span class='ocrx_word' id='word_1_183' title='bbox 2762 1123 2861 1162; x_wconf 87' lang='lat' dir='ltr'><strong>oro</strong></span> <span class='ocrx_word' id='word_1_184' title='bbox 2894 1118 2953 1162; x_wconf 89' lang='lat' dir='ltr'><strong>ut</strong></span> <span class='ocrx_word' id='word_1_185' title='bbox 2986 1106 3226 1176; x_wconf 87' lang='lat' dir='ltr'><strong>accipias</strong></span> <span class='ocrx_word' id='word_1_186' title='bbox 3249 1144 3266 1170; x_wconf 90' lang='lat'><strong>,</strong></span> <span class='ocrx_word' id='word_1_187' title='bbox 3299 1115 3357 1162; x_wconf 90' lang='lat' dir='ltr'><strong>et</strong></span> <span class='ocrx_word' id='word_1_188' title='bbox 3397 1121 3483 1162; x_wconf 90' lang='lat' dir='ltr'><strong>me</strong></span> <span class='ocrx_word' id='word_1_189' title='bbox 3514 1107 3593 1160; x_wconf 84' lang='lat' dir='ltr'><strong>vi-</strong></span> 
     </span>
    </p>
   </div>
   <div class='ocr_carea' id='block_1_28' title="bbox 2008 1194 3593 1267">
    <p class='ocr_par' dir='ltr' id='par_1_28' title="bbox 2008 1194 3593 1267">
     <span class='ocr_line' id='line_1_28' title="bbox 2008 1194 3593 1267; baseline -0.005 -11"><span class='ocrx_word' id='word_1_190' title='bbox 2008 1202 2198 1259; x_wconf 87' lang='lat' dir='ltr'><strong>cissim</strong></span> <span class='ocrx_word' id='word_1_191' title='bbox 2227 1200 2614 1257; x_wconf 84' lang='lat' dir='ltr'><strong>benedictione</strong></span> <span class='ocrx_word' id='word_1_192' title='bbox 2644 1206 2736 1253; x_wconf 90' lang='lat' dir='ltr'><strong>tua</strong></span> <span class='ocrx_word' id='word_1_193' title='bbox 2767 1196 3077 1267; x_wconf 72' lang='lat' dir='ltr'><strong>impertias.</strong></span> <span class='ocrx_word' id='word_1_194' title='bbox 3108 1216 3125 1248; x_wconf 76' lang='grc' dir='ltr'><strong>ι</strong></span> <span class='ocrx_word' id='word_1_195' title='bbox 3159 1194 3255 1251; x_wconf 88' lang='lat' dir='ltr'><strong>Ille</strong></span> <span class='ocrx_word' id='word_1_196' title='bbox 3286 1210 3416 1250; x_wconf 83' lang='lat' dir='ltr'><strong>vero</strong></span> <span class='ocrx_word' id='word_1_197' title='bbox 3448 1195 3593 1250; x_wconf 87' lang='lat' dir='ltr'><strong>hanc</strong></span> 
     </span>
    </p>
   </div>
   <div class='ocr_carea' id='block_1_29' title="bbox 2011 1284 3590 1362">
    <p class='ocr_par' dir='ltr' id='par_1_29' title="bbox 2011 1284 3590 1362">
     <span class='ocr_line' id='line_1_29' title="bbox 2011 1284 3590 1362; baseline -0.004 -16"><span class='ocrx_word' id='word_1_198' title='bbox 2011 1292 2246 1362; x_wconf 87' lang='lat' dir='ltr'><strong>primum</strong></span> <span class='ocrx_word' id='word_1_199' title='bbox 2284 1290 2340 1345; x_wconf 91' lang='lat' dir='ltr'><strong>in</strong></span> <span class='ocrx_word' id='word_1_200' title='bbox 2372 1288 2639 1345; x_wconf 88' lang='lat' dir='ltr'><strong>subsellio</strong></span> <span class='ocrx_word' id='word_1_201' title='bbox 2667 1290 2686 1310; x_wconf 77' lang='grc'><strong><em>⁶</em></strong></span> <span class='ocrx_word' id='word_1_202' title='bbox 2715 1286 2998 1357; x_wconf 84' lang='lat' dir='ltr'><strong>deposuit.</strong></span> <span class='ocrx_word' id='word_1_203' title='bbox 3030 1286 3242 1341; x_wconf 89' lang='lat' dir='ltr'><strong>Deinde</strong></span> <span class='ocrx_word' id='word_1_204' title='bbox 3270 1285 3416 1341; x_wconf 89' lang='lat' dir='ltr'><strong>inter</strong></span> <span class='ocrx_word' id='word_1_205' title='bbox 3447 1284 3590 1339; x_wconf 84' lang='lat' dir='ltr'><strong>alios</strong></span> 
     </span>
    </p>
   </div>
   <div class='ocr_carea' id='block_1_30' title="bbox 2009 1376 3593 1453">
    <p class='ocr_par' dir='ltr' id='par_1_30' title="bbox 2009 1376 3593 1453">
     <span class='ocr_line' id='line_1_30' title="bbox 2009 1376 3593 1453; baseline -0.005 -15"><span class='ocrx_word' id='word_1_206' title='bbox 2009 1398 2295 1439; x_wconf 86' lang='lat' dir='ltr'><strong>sermones</strong></span> <span class='ocrx_word' id='word_1_207' title='bbox 2318 1422 2332 1448; x_wconf 91' lang='lat'><strong>,</strong></span> <span class='ocrx_word' id='word_1_208' title='bbox 2370 1382 2496 1453; x_wconf 88' lang='lat' dir='ltr'><strong>angi</strong></span> <span class='ocrx_word' id='word_1_209' title='bbox 2534 1396 2594 1437; x_wconf 91' lang='lat' dir='ltr'><strong>se</strong></span> <span class='ocrx_word' id='word_1_210' title='bbox 2627 1388 2683 1436; x_wconf 92' lang='lat' dir='ltr'><strong>et</strong></span> <span class='ocrx_word' id='word_1_211' title='bbox 2715 1379 2947 1449; x_wconf 82' lang='lat' dir='ltr'><strong>ancipiti</strong></span> <span class='ocrx_word' id='word_1_212' title='bbox 2984 1377 3323 1448; x_wconf 71' lang='lat' dir='ltr'><strong>cogitatione</strong></span> <span class='ocrx_word' id='word_1_213' title='bbox 3362 1376 3593 1432; x_wconf 84' lang='lat' dir='ltr'><strong>distrahi</strong></span> 
     </span>
    </p>
   </div>
   <div class='ocr_carea' id='block_1_31' title="bbox 2009 1465 3592 1539">
    <p class='ocr_par' dir='ltr' id='par_1_31' title="bbox 2009 1465 3592 1539">
     <span class='ocr_line' id='line_1_31' title="bbox 2009 1465 3592 1539; baseline -0.006 -10"><span class='ocrx_word' id='word_1_214' title='bbox 2009 1474 2171 1530; x_wconf 70' lang='lat' dir='ltr'><strong>dixit.</strong></span> <span class='ocrx_word' id='word_1_215' title='bbox 2204 1472 2268 1528; x_wconf 88' lang='lat' dir='ltr'><strong>Et</strong></span> <span class='ocrx_word' id='word_1_216' title='bbox 2317 1472 2414 1527; x_wconf 92' lang='lat' dir='ltr'><strong>illo</strong></span> <span class='ocrx_word' id='word_1_217' title='bbox 2462 1485 2687 1527; x_wconf 90' lang='lat' dir='ltr'><strong>causam</strong></span> <span class='ocrx_word' id='word_1_218' title='bbox 2737 1478 3006 1539; x_wconf 80' lang='lat' dir='ltr'><strong>rogante:</strong></span> <span class='ocrx_word' id='word_1_219' title='bbox 3043 1486 3062 1521; x_wconf 77' lang='grc' dir='ltr'><strong>ι</strong></span> <span class='ocrx_word' id='word_1_220' title='bbox 3092 1465 3592 1531; x_wconf 87' lang='lat' dir='ltr'><strong>Contubernalem,</strong></span> 
     </span>
    </p>
   </div>
   <div class='ocr_carea' id='block_1_32' title="bbox 2010 1554 3599 1633">
    <p class='ocr_par' dir='ltr' id='par_1_32' title="bbox 2010 1554 3599 1633">
     <span class='ocr_line' id='line_1_32' title="bbox 2010 1554 3599 1633; baseline -0.006 -16"><span class='ocrx_word' id='word_1_221' title='bbox 2010 1564 2216 1633; x_wconf 81' lang='lat' dir='ltr'><strong>inquit,</strong></span> <span class='ocrx_word' id='word_1_222' title='bbox 2246 1560 2471 1616; x_wconf 90' lang='lat' dir='ltr'><strong>unicum</strong></span> <span class='ocrx_word' id='word_1_223' title='bbox 2506 1574 2724 1629; x_wconf 79' lang='lat' dir='ltr'><strong>semper</strong></span> <span class='ocrx_word' id='word_1_224' title='bbox 2755 1558 2961 1612; x_wconf 86' lang='lat' dir='ltr'><strong>habere</strong></span> <span class='ocrx_word' id='word_1_225' title='bbox 2987 1555 3280 1623; x_wconf 88' lang='lat' dir='ltr'><strong>constitui,</strong></span> <span class='ocrx_word' id='word_1_226' title='bbox 3312 1554 3599 1626; x_wconf 82' lang='lat' dir='ltr'><strong>legemque</strong></span> 
     </span>
    </p>
   </div>
   <div class='ocr_carea' id='block_1_33' title="bbox 2011 1649 3596 1724">
    <p class='ocr_par' dir='ltr' id='par_1_33' title="bbox 2011 1649 3596 1724">
     <span class='ocr_line' id='line_1_33' title="bbox 2011 1649 3596 1724; baseline -0.008 -17"><span class='ocrx_word' id='word_1_227' title='bbox 2011 1655 2144 1708; x_wconf 89' lang='lat' dir='ltr'><strong>mihi</strong></span> <span class='ocrx_word' id='word_1_228' title='bbox 2181 1654 2299 1724; x_wconf 90' lang='lat' dir='ltr'><strong>ipse</strong></span> <span class='ocrx_word' id='word_1_229' title='bbox 2334 1652 2613 1722; x_wconf 89' lang='lat' dir='ltr'><strong>imposui,</strong></span> <span class='ocrx_word' id='word_1_230' title='bbox 2646 1661 2705 1705; x_wconf 90' lang='lat' dir='ltr'><strong>ut</strong></span> <span class='ocrx_word' id='word_1_231' title='bbox 2760 1649 3002 1703; x_wconf 89' lang='lat' dir='ltr'><strong>duorum</strong></span> <span class='ocrx_word' id='word_1_232' title='bbox 3055 1662 3289 1718; x_wconf 87' lang='lat' dir='ltr'><strong>prorsus</strong></span> <span class='ocrx_word' id='word_1_233' title='bbox 3336 1658 3596 1717; x_wconf 88' lang='lat' dir='ltr'><strong>respnam</strong></span> 
     </span>
    </p>
   </div>
   <div class='ocr_carea' id='block_1_34' title="bbox 2012 1742 3599 1812">
    <p class='ocr_par' dir='ltr' id='par_1_34' title="bbox 2012 1742 3599 1812">
     <span class='ocr_line' id='line_1_34' title="bbox 2012 1742 3599 1812; baseline -0.009 -10"><span class='ocrx_word' id='word_1_234' title='bbox 2012 1745 2460 1802; x_wconf 86' lang='lat' dir='ltr'><strong>contubernium.</strong></span> <span class='ocrx_word' id='word_1_235' title='bbox 2497 1742 2749 1797; x_wconf 85' lang='lat' dir='ltr'><strong>Sedeeim</strong></span> <span class='ocrx_word' id='word_1_236' title='bbox 2787 1742 2956 1812; x_wconf 81' lang='lat' dir='ltr'><strong>igitur</strong></span> <span class='ocrx_word' id='word_1_237' title='bbox 3000 1753 3177 1794; x_wconf 88' lang='lat' dir='ltr'><strong>annos</strong></span> <span class='ocrx_word' id='word_1_238' title='bbox 3220 1751 3331 1793; x_wconf 90' lang='lat' dir='ltr'><strong>uno</strong></span> <span class='ocrx_word' id='word_1_239' title='bbox 3380 1748 3599 1792; x_wconf 86' lang='lat' dir='ltr'><strong>mecum</strong></span> 
     </span>
    </p>
   </div>
   <div class='ocr_carea' id='block_1_35' title="bbox 321 1823 1922 1917">
    <p class='ocr_par' dir='ltr' id='par_1_35' title="bbox 321 1832 1911 1917">
     <span class='ocr_line' id='line_1_35' title="bbox 321 1832 1911 1917; baseline -0.011 -16"><span class='ocrx_word' id='word_1_240' title='bbox 321 1847 380 1901; x_wconf 82' lang='grc' dir='ltr'>δὲ</span> <span class='ocrx_word' id='word_1_241' title='bbox 426 1844 527 1917; x_wconf 77' lang='grc' dir='ltr'>τὴν</span> <span class='ocrx_word' id='word_1_242' title='bbox 573 1843 753 1897; x_wconf 76' lang='grc' dir='ltr'>αἰτίαν</span> <span class='ocrx_word' id='word_1_243' title='bbox 815 1838 1140 1909; x_wconf 75' lang='grc' dir='ltr'>πυθομένου,</span> <span class='ocrx_word' id='word_1_244' title='bbox 1184 1855 1202 1887; x_wconf 79' lang='grc' dir='ltr'><strong>ι</strong></span> <span class='ocrx_word' id='word_1_245' title='bbox 1245 1836 1421 1901; x_wconf 83' lang='grc' dir='ltr'>Ἕνα,</span> <span class='ocrx_word' id='word_1_246' title='bbox 1481 1834 1607 1905; x_wconf 79' lang='grc' dir='ltr'>ἔφη,</span> <span class='ocrx_word' id='word_1_247' title='bbox 1666 1832 1911 1887; x_wconf 83' lang='grc' dir='ltr'>σύνοικον</span> 
     </span>
    </p>
   </div>
   <div class='ocr_carea' id='block_1_36' title="bbox 2027 1823 3601 1917">
    <p class='ocr_par' dir='ltr' id='par_1_36' title="bbox 2027 1831 3601 1905">
     <span class='ocr_line' id='line_1_36' title="bbox 2027 1831 3601 1905; baseline -0.008 -12"><span class='ocrx_word' id='word_1_248' title='bbox 2027 1847 2282 1894; x_wconf 70' lang='lat' dir='ltr'><strong>iactenus</strong></span> <span class='ocrx_word' id='word_1_249' title='bbox 2310 1838 2593 1892; x_wconf 88' lang='lat' dir='ltr'><strong>habitante</strong></span> <span class='ocrx_word' id='word_1_250' title='bbox 2612 1875 2629 1901; x_wconf 92' lang='lat'><strong>,</strong></span> <span class='ocrx_word' id='word_1_251' title='bbox 2657 1849 2835 1905; x_wconf 89' lang='lat' dir='ltr'><strong>eoque</strong></span> <span class='ocrx_word' id='word_1_252' title='bbox 2866 1833 3001 1889; x_wconf 89' lang='lat' dir='ltr'><strong>mihi</strong></span> <span class='ocrx_word' id='word_1_253' title='bbox 3032 1831 3358 1904; x_wconf 90' lang='lat' dir='ltr'><strong>gratissimo</strong></span> <span class='ocrx_word' id='word_1_254' title='bbox 3379 1870 3394 1896; x_wconf 91' lang='lat'><strong>,</strong></span> <span class='ocrx_word' id='word_1_255' title='bbox 3425 1841 3601 1900; x_wconf 86' lang='lat' dir='ltr'><strong>popu-</strong></span> 
     </span>
    </p>
   </div>
   <div class='ocr_carea' id='block_1_37' title="bbox 322 1922 1912 2010">
    <p class='ocr_par' dir='ltr' id='par_1_37' title="bbox 322 1922 1912 2010">
     <span class='ocr_line' id='line_1_37' title="bbox 322 1922 1912 2010; baseline -0.01 -19"><span class='ocrx_word' id='word_1_256' title='bbox 322 1939 469 2010; x_wconf 72' lang='grc' dir='ltr'>ἔχειν</span> <span class='ocrx_word' id='word_1_257' title='bbox 527 1934 749 2005; x_wconf 82' lang='grc' dir='ltr'>εἱλόμην</span> <span class='ocrx_word' id='word_1_258' title='bbox 790 1932 896 1995; x_wconf 72' lang='grc' dir='ltr'>ἀεὶ,</span> <span class='ocrx_word' id='word_1_259' title='bbox 949 1931 1042 1984; x_wconf 73' lang='grc' dir='ltr'><strong>καὶ</strong></span> <span class='ocrx_word' id='word_1_260' title='bbox 1077 1929 1243 1999; x_wconf 78' lang='grc' dir='ltr'>νόμον</span> <span class='ocrx_word' id='word_1_261' title='bbox 1295 1925 1518 1998; x_wconf 75' lang='grc' dir='ltr'>ἐμαυτῷ</span> <span class='ocrx_word' id='word_1_262' title='bbox 1564 1922 1912 1978; x_wconf 83' lang='grc' dir='ltr'>τέθεικατῶν</span> 
     </span>
    </p>
   </div>
   <div class='ocr_carea' id='block_1_38' title="bbox 322 2014 1913 2099">
    <p class='ocr_par' dir='ltr' id='par_1_38' title="bbox 322 2014 1913 2099">
     <span class='ocr_line' id='line_1_38' title="bbox 322 2014 1913 2099; baseline -0.011 -15"><span class='ocrx_word' id='word_1_263' title='bbox 322 2031 421 2085; x_wconf 85' lang='grc' dir='ltr'><strong>δύο</strong></span> <span class='ocrx_word' id='word_1_264' title='bbox 475 2027 712 2098; x_wconf 79' lang='grc' dir='ltr'>πάμπαν</span> <span class='ocrx_word' id='word_1_265' title='bbox 773 2022 1077 2099; x_wconf 72' lang='grc' dir='ltr'>ἀρνηθῆναι</span> <span class='ocrx_word' id='word_1_266' title='bbox 1103 2021 1164 2073; x_wconf 79' lang='grc' dir='ltr'>τὸ</span> <span class='ocrx_word' id='word_1_267' title='bbox 1200 2018 1551 2073; x_wconf 80' lang='grc' dir='ltr'>συνοικέσιον.</span> <span class='ocrx_word' id='word_1_268' title='bbox 1585 2014 1913 2071; x_wconf 78' lang='grc' dir='ltr'>Ἑκκαίδεκα</span> 
     </span>
    </p>
   </div>
   <div class='ocr_carea' id='block_1_39' title="bbox 322 2100 1913 2190">
    <p class='ocr_par' dir='ltr' id='par_1_39' title="bbox 322 2100 1913 2190">
     <span class='ocr_line' id='line_1_39' title="bbox 322 2100 1913 2190; baseline -0.003 -15"><span class='ocrx_word' id='word_1_269' title='bbox 322 2122 503 2176; x_wconf 77' lang='grc' dir='ltr'>τοίνυν</span> <span class='ocrx_word' id='word_1_270' title='bbox 542 2120 635 2190; x_wconf 76' lang='grc' dir='ltr'>ἐτη</span> <span class='ocrx_word' id='word_1_271' title='bbox 687 2117 778 2186; x_wconf 91' lang='grc' dir='ltr'><strong>μοί</strong></span> <span class='ocrx_word' id='word_1_272' title='bbox 817 2100 959 2178; x_wconf 81' lang='grc' dir='ltr'>τινος</span> <span class='ocrx_word' id='word_1_273' title='bbox 1009 2112 1462 2182; x_wconf 82' lang='grc' dir='ltr'>συνοικήσαντος,</span> <span class='ocrx_word' id='word_1_274' title='bbox 1504 2108 1598 2162; x_wconf 75' lang='grc' dir='ltr'><strong>καὶ</strong></span> <span class='ocrx_word' id='word_1_275' title='bbox 1634 2107 1913 2178; x_wconf 80' lang='grc' dir='ltr'>θυμήρους</span> 
     </span>
    </p>
   </div>
   <div class='ocr_carea' id='block_1_40' title="bbox 324 2198 1911 2279">
    <p class='ocr_par' dir='ltr' id='par_1_40' title="bbox 324 2198 1911 2279">
     <span class='ocr_line' id='line_1_40' title="bbox 324 2198 1911 2279; baseline -0.011 -11"><span class='ocrx_word' id='word_1_276' title='bbox 324 2214 501 2275; x_wconf 68' lang='grc' dir='ltr'>ὄντος,</span> <span class='ocrx_word' id='word_1_277' title='bbox 558 2207 791 2279; x_wconf 84' lang='grc' dir='ltr'>ἀφίκετό</span> <span class='ocrx_word' id='word_1_278' title='bbox 825 2223 907 2268; x_wconf 85' lang='grc' dir='ltr'><strong>τις</strong></span> <span class='ocrx_word' id='word_1_279' title='bbox 940 2203 1176 2274; x_wconf 80' lang='grc' dir='ltr'>φυλέτης</span> <span class='ocrx_word' id='word_1_280' title='bbox 1214 2203 1358 2270; x_wconf 76' lang='grc' dir='ltr'>ἐμοὶ,</span> <span class='ocrx_word' id='word_1_281' title='bbox 1414 2200 1679 2254; x_wconf 81' lang='grc' dir='ltr'>συνοικεῖν</span> <span class='ocrx_word' id='word_1_282' title='bbox 1719 2198 1911 2264; x_wconf 79' lang='grc' dir='ltr'>θέλων,</span> 
     </span>
    </p>
   </div>
   <div class='ocr_carea' id='block_1_41' title="bbox 326 2288 1915 2369">
    <p class='ocr_par' dir='ltr' id='par_1_41' title="bbox 326 2288 1915 2369">
     <span class='ocr_line' id='line_1_41' title="bbox 326 2288 1915 2369; baseline -0.01 -10"><span class='ocrx_word' id='word_1_283' title='bbox 326 2307 421 2360; x_wconf 74' lang='grc' dir='ltr'><strong>καὶ</strong></span> <span class='ocrx_word' id='word_1_284' title='bbox 474 2302 666 2356; x_wconf 84' lang='grc' dir='ltr'>τούτου</span> <span class='ocrx_word' id='word_1_285' title='bbox 730 2300 910 2369; x_wconf 81' lang='grc' dir='ltr'>τυχεῖν</span> <span class='ocrx_word' id='word_1_286' title='bbox 949 2295 1137 2361; x_wconf 80' lang='grc' dir='ltr'>ἀξιῶν.</span> <span class='ocrx_word' id='word_1_287' title='bbox 1191 2293 1362 2346; x_wconf 78' lang='grc' dir='ltr'>Τοῦτό</span> <span class='ocrx_word' id='word_1_288' title='bbox 1419 2309 1508 2362; x_wconf 87' lang='grc' dir='ltr'><strong>μοι</strong></span> <span class='ocrx_word' id='word_1_289' title='bbox 1566 2288 1775 2361; x_wconf 76' lang='grc' dir='ltr'>μερίζει</span> <span class='ocrx_word' id='word_1_290' title='bbox 1822 2288 1915 2343; x_wconf 73' lang='grc' dir='ltr'>τὸν</span> 
     </span>
    </p>
   </div>
   <div class='ocr_carea' id='block_1_42' title="bbox 325 2381 1908 2463">
    <p class='ocr_par' dir='ltr' id='par_1_42' title="bbox 325 2381 1908 2463">
     <span class='ocr_line' id='line_1_42' title="bbox 325 2381 1908 2463; baseline -0.011 -11"><span class='ocrx_word' id='word_1_291' title='bbox 325 2398 453 2453; x_wconf 71' lang='grc' dir='ltr'>νοῦν</span> <span class='ocrx_word' id='word_1_292' title='bbox 487 2415 501 2427; x_wconf 73' lang='grc' dir='ltr'><strong>ο</strong></span> <span class='ocrx_word' id='word_1_293' title='bbox 535 2394 630 2447; x_wconf 83' lang='grc' dir='ltr'><strong>δύο</strong></span> <span class='ocrx_word' id='word_1_294' title='bbox 659 2392 757 2463; x_wconf 82' lang='grc' dir='ltr'><strong>μὲν</strong></span> <span class='ocrx_word' id='word_1_295' title='bbox 783 2390 892 2461; x_wconf 76' lang='grc' dir='ltr'><strong>γάρ</strong></span> <span class='ocrx_word' id='word_1_296' title='bbox 920 2389 1064 2459; x_wconf 72' lang='grc' dir='ltr'>ἔχειν</span> <span class='ocrx_word' id='word_1_297' title='bbox 1088 2386 1228 2441; x_wconf 75' lang='grc' dir='ltr'>κατὰ</span> <span class='ocrx_word' id='word_1_298' title='bbox 1252 2385 1450 2439; x_wconf 69' lang='grc' dir='ltr'>ταυτὸν</span> <span class='ocrx_word' id='word_1_299' title='bbox 1481 2382 1582 2438; x_wconf 71' lang='grc' dir='ltr'><strong>οὐκ</strong></span> <span class='ocrx_word' id='word_1_300' title='bbox 1607 2381 1868 2453; x_wconf 79' lang='grc' dir='ltr'>ἀνέξομαι</span> <span class='ocrx_word' id='word_1_301' title='bbox 1894 2396 1908 2410; x_wconf 84' lang='grc'><strong><em>⁸</em></strong></span> 
     </span>
    </p>
   </div>
   <div class='ocr_carea' id='block_1_43' title="bbox 324 2474 1915 2557">
    <p class='ocr_par' dir='ltr' id='par_1_43' title="bbox 324 2474 1915 2557">
     <span class='ocr_line' id='line_1_43' title="bbox 324 2474 1915 2557; baseline -0.01 -15"><span class='ocrx_word' id='word_1_302' title='bbox 324 2488 538 2557; x_wconf 78' lang='grc' dir='ltr'>τδνγάρ</span> <span class='ocrx_word' id='word_1_303' title='bbox 560 2485 793 2556; x_wconf 73' lang='grc' dir='ltr'>φυλέτην</span> <span class='ocrx_word' id='word_1_304' title='bbox 810 2483 883 2547; x_wconf 82' lang='grc' dir='ltr'>ὡς</span> <span class='ocrx_word' id='word_1_305' title='bbox 907 2479 1141 2551; x_wconf 77' lang='grc' dir='ltr'>φυλέτην</span> <span class='ocrx_word' id='word_1_306' title='bbox 1159 2478 1500 2546; x_wconf 79' lang='grc' dir='ltr'>ἀσπάζομαι·</span> <span class='ocrx_word' id='word_1_307' title='bbox 1520 2475 1614 2529; x_wconf 69' lang='grc' dir='ltr'>τὸν</span> <span class='ocrx_word' id='word_1_308' title='bbox 1643 2474 1699 2527; x_wconf 79' lang='grc' dir='ltr'>δὲ</span> <span class='ocrx_word' id='word_1_309' title='bbox 1720 2474 1915 2546; x_wconf 84' lang='grc' dir='ltr'>πρότε-</span> 
     </span>
    </p>
   </div>
   <div class='ocr_carea' id='block_1_44' title="bbox 331 2564 1918 2650">
    <p class='ocr_par' dir='ltr' id='par_1_44' title="bbox 331 2564 1918 2650">
     <span class='ocr_line' id='line_1_44' title="bbox 331 2564 1918 2650; baseline -0.011 -18"><span class='ocrx_word' id='word_1_310' title='bbox 331 2596 425 2648; x_wconf 88' lang='grc' dir='ltr'><strong>ρον</strong></span> <span class='ocrx_word' id='word_1_311' title='bbox 444 2579 516 2641; x_wconf 82' lang='grc' dir='ltr'>ὡς</span> <span class='ocrx_word' id='word_1_312' title='bbox 545 2572 879 2650; x_wconf 69' lang='grc' dir='ltr'>καταθύμιόν</span> <span class='ocrx_word' id='word_1_313' title='bbox 898 2566 1360 2638; x_wconf 77' lang='grc' dir='ltr'>μοιγεγενημένον</span> <span class='ocrx_word' id='word_1_314' title='bbox 1384 2564 1632 2618; x_wconf 80' lang='grc' dir='ltr'>ἐκϐαλεῖν</span> <span class='ocrx_word' id='word_1_315' title='bbox 1648 2564 1741 2617; x_wconf 68' lang='grc' dir='ltr'>καὶ</span> <span class='ocrx_word' id='word_1_316' title='bbox 1765 2565 1918 2618; x_wconf 85' lang='grc' dir='ltr'>ἀνια-</span> 
     </span>
    </p>
   </div>
   <div class='ocr_carea' id='block_1_45' title="bbox 331 2646 1919 2739">
    <p class='ocr_par' dir='ltr' id='par_1_45' title="bbox 331 2646 1919 2739">
     <span class='ocr_line' id='line_1_45' title="bbox 331 2646 1919 2739; baseline -0.005 -23"><span class='ocrx_word' id='word_1_317' title='bbox 331 2646 424 2739; x_wconf 75' lang='grc' dir='ltr'><strong>ρὸν</strong></span> <span class='ocrx_word' id='word_1_318' title='bbox 454 2663 691 2735; x_wconf 77' lang='grc' dir='ltr'>ήγοῦμαι</span> <span class='ocrx_word' id='word_1_319' title='bbox 712 2646 808 2715; x_wconf 71' lang='grc' dir='ltr'><strong>καὶ</strong></span> <span class='ocrx_word' id='word_1_320' title='bbox 836 2659 1036 2713; x_wconf 87' lang='grc' dir='ltr'>ἀδικον.</span> <span class='ocrx_word' id='word_1_321' title='bbox 1065 2675 1083 2708; x_wconf 77' lang='lat' dir='ltr'><strong>t</strong></span> <span class='ocrx_word' id='word_1_322' title='bbox 1130 2655 1188 2708; x_wconf 83' lang='grc' dir='ltr'>ὐ</span> <span class='ocrx_word' id='word_1_323' title='bbox 1219 2655 1296 2718; x_wconf 81' lang='grc' dir='ltr'><strong>δὲ,</strong></span> <span class='ocrx_word' id='word_1_324' title='bbox 1342 2674 1359 2705; x_wconf 81' lang='grc' dir='ltr'><strong>ι</strong></span> <span class='ocrx_word' id='word_1_325' title='bbox 1385 2653 1621 2718; x_wconf 74' lang='grc' dir='ltr'>Εἰκότως</span> <span class='ocrx_word' id='word_1_326' title='bbox 1645 2692 1661 2719; x_wconf 90' lang='grc'><strong>,</strong></span> <span class='ocrx_word' id='word_1_327' title='bbox 1690 2654 1792 2725; x_wconf 72' lang='grc' dir='ltr'>ἔφη</span> <span class='ocrx_word' id='word_1_328' title='bbox 1813 2693 1828 2717; x_wconf 88' lang='grc'><strong>,</strong></span> <span class='ocrx_word' id='word_1_329' title='bbox 1872 2646 1919 2708; x_wconf 74' lang='grc' dir='ltr'><strong>ὦ</strong></span> 
     </span>
    </p>
   </div>
   <div class='ocr_carea' id='block_1_46' title="bbox 330 2744 1919 2826">
    <p class='ocr_par' dir='ltr' id='par_1_46' title="bbox 330 2744 1919 2826">
     <span class='ocr_line' id='line_1_46' title="bbox 330 2744 1919 2826; baseline -0.009 -15"><span class='ocrx_word' id='word_1_330' title='bbox 330 2757 538 2826; x_wconf 82' lang='grc' dir='ltr'>Πάτερ·</span> <span class='ocrx_word' id='word_1_331' title='bbox 565 2753 687 2807; x_wconf 70' lang='grc' dir='ltr'>οὐδὲ</span> <span class='ocrx_word' id='word_1_332' title='bbox 720 2751 829 2822; x_wconf 75' lang='grc' dir='ltr'><strong>γάρ</strong></span> <span class='ocrx_word' id='word_1_333' title='bbox 852 2751 1018 2809; x_wconf 78' lang='grc' dir='ltr'>ὅσιον,</span> <span class='ocrx_word' id='word_1_334' title='bbox 1046 2747 1136 2802; x_wconf 72' lang='grc' dir='ltr'>τὸν</span> <span class='ocrx_word' id='word_1_335' title='bbox 1169 2746 1266 2817; x_wconf 78' lang='grc' dir='ltr'>μὲν</span> <span class='ocrx_word' id='word_1_336' title='bbox 1301 2745 1651 2799; x_wconf 77' lang='grc' dir='ltr'>ὲπιπλεῖστον</span> <span class='ocrx_word' id='word_1_337' title='bbox 1688 2744 1919 2815; x_wconf 86' lang='grc' dir='ltr'>τεθερα-</span> 
     </span>
    </p>
   </div>
   <div class='ocr_carea' id='block_1_47' title="bbox 330 2830 1918 2916">
    <p class='ocr_par' dir='ltr' id='par_1_47' title="bbox 330 2830 1918 2916">
     <span class='ocr_line' id='line_1_47' title="bbox 330 2830 1918 2916; baseline -0.009 -12"><span class='ocrx_word' id='word_1_338' title='bbox 330 2830 577 2904; x_wconf 78' lang='grc' dir='ltr'>πευκότα</span> <span class='ocrx_word' id='word_1_339' title='bbox 610 2844 822 2916; x_wconf 84' lang='grc' dir='ltr'>χρόνον,</span> <span class='ocrx_word' id='word_1_340' title='bbox 864 2841 939 2904; x_wconf 80' lang='grc' dir='ltr'>ὡς</span> <span class='ocrx_word' id='word_1_341' title='bbox 988 2838 1088 2893; x_wconf 83' lang='grc' dir='ltr'>οὑκ</span> <span class='ocrx_word' id='word_1_342' title='bbox 1130 2836 1434 2907; x_wconf 78' lang='grc' dir='ltr'>ἐπιτήδειον</span> <span class='ocrx_word' id='word_1_343' title='bbox 1462 2835 1918 2908; x_wconf 68' lang='grc' dir='ltr'>ἀποπέμψασθαι,</span> 
     </span>
    </p>
   </div>
   <div class='ocr_carea' id='block_1_48' title="bbox 329 2928 1921 3001">
    <p class='ocr_par' dir='ltr' id='par_1_48' title="bbox 329 2928 1921 3001">
     <span class='ocr_line' id='line_1_48' title="bbox 329 2928 1921 3001; baseline -0.008 -5"><span class='ocrx_word' id='word_1_344' title='bbox 329 2943 424 2998; x_wconf 86' lang='grc' dir='ltr'><strong>τὸν</strong></span> <span class='ocrx_word' id='word_1_345' title='bbox 450 2941 506 2994; x_wconf 86' lang='grc' dir='ltr'>δὲ</span> <span class='ocrx_word' id='word_1_346' title='bbox 533 2939 747 2993; x_wconf 72' lang='grc' dir='ltr'>οὗδέπω</span> <span class='ocrx_word' id='word_1_347' title='bbox 776 2938 970 3001; x_wconf 86' lang='grc' dir='ltr'>πεῖραν</span> <span class='ocrx_word' id='word_1_348' title='bbox 996 2931 1104 2986; x_wconf 83' lang='grc' dir='ltr'><strong>τῶν</strong></span> <span class='ocrx_word' id='word_1_349' title='bbox 1126 2931 1344 2986; x_wconf 82' lang='grc' dir='ltr'>οίκείων</span> <span class='ocrx_word' id='word_1_350' title='bbox 1401 2928 1674 2983; x_wconf 79' lang='grc' dir='ltr'>δεδωκότα</span> <span class='ocrx_word' id='word_1_351' title='bbox 1703 2929 1921 2999; x_wconf 79' lang='grc' dir='ltr'>τρόπων</span> 
     </span>
    </p>
   </div>
   <div class='ocr_carea' id='block_1_49' title="bbox 331 3021 1921 3105">
    <p class='ocr_par' dir='ltr' id='par_1_49' title="bbox 331 3021 1921 3105">
     <span class='ocr_line' id='line_1_49' title="bbox 331 3021 1921 3105; baseline -0.008 -15"><span class='ocrx_word' id='word_1_352' title='bbox 331 3037 422 3091; x_wconf 67' lang='grc' dir='ltr'><strong>διὰ</strong></span> <span class='ocrx_word' id='word_1_353' title='bbox 454 3033 620 3105; x_wconf 83' lang='grc' dir='ltr'>μόνην</span> <span class='ocrx_word' id='word_1_354' title='bbox 653 3027 994 3095; x_wconf 73' lang='grc' dir='ltr'>εἰσδέξασθαι</span> <span class='ocrx_word' id='word_1_355' title='bbox 1036 3025 1134 3096; x_wconf 79' lang='grc' dir='ltr'><strong>τὴν</strong></span> <span class='ocrx_word' id='word_1_356' title='bbox 1182 3023 1438 3093; x_wconf 85' lang='grc' dir='ltr'>πατρίδα.</span> <span class='ocrx_word' id='word_1_357' title='bbox 1469 3043 1485 3074; x_wconf 73' lang='grc' dir='ltr'><strong>ι</strong></span> <span class='ocrx_word' id='word_1_358' title='bbox 1522 3022 1665 3095; x_wconf 73' lang='grc' dir='ltr'>Πρὸς</span> <span class='ocrx_word' id='word_1_359' title='bbox 1697 3021 1871 3077; x_wconf 83' lang='grc' dir='ltr'>ταῦτα</span> <span class='ocrx_word' id='word_1_360' title='bbox 1892 3024 1921 3078; x_wconf 84' lang='grc' dir='ltr'>ὁ</span> 
     </span>
    </p>
   </div>
   <div class='ocr_carea' id='block_1_50' title="bbox 333 3109 1921 3196">
    <p class='ocr_par' dir='ltr' id='par_1_50' title="bbox 333 3109 1921 3196">
     <span class='ocr_line' id='line_1_50' title="bbox 333 3109 1921 3196; baseline -0.011 -14"><span class='ocrx_word' id='word_1_361' title='bbox 333 3130 475 3189; x_wconf 83' lang='grc' dir='ltr'>θεῖος</span> <span class='ocrx_word' id='word_1_362' title='bbox 513 3123 852 3196; x_wconf 75' lang='grc' dir='ltr'>’Δφραάτης,</span> <span class='ocrx_word' id='word_1_363' title='bbox 891 3139 910 3171; x_wconf 76' lang='grc' dir='ltr'><strong>ι</strong></span> <span class='ocrx_word' id='word_1_364' title='bbox 936 3117 1169 3179; x_wconf 77' lang='grc' dir='ltr'>Οὐκοῦν,</span> <span class='ocrx_word' id='word_1_365' title='bbox 1228 3117 1355 3187; x_wconf 76' lang='grc' dir='ltr'>ἔφη,</span> <span class='ocrx_word' id='word_1_366' title='bbox 1391 3109 1435 3168; x_wconf 79' lang='grc' dir='ltr'><strong>ὦ</strong></span> <span class='ocrx_word' id='word_1_367' title='bbox 1487 3115 1783 3185; x_wconf 79' lang='grc' dir='ltr'>θαυμάσιε,</span> <span class='ocrx_word' id='word_1_368' title='bbox 1813 3115 1921 3169; x_wconf 74' lang='grc' dir='ltr'>’τὸν</span> 
     </span>
    </p>
   </div>
   <div class='ocr_carea' id='block_1_51' title="bbox 333 3196 1924 3293">
    <p class='ocr_par' dir='ltr' id='par_1_51' title="bbox 333 3196 1924 3293">
     <span class='ocr_line' id='line_1_51' title="bbox 333 3196 1924 3293; baseline -0.009 -19"><span class='ocrx_word' id='word_1_369' title='bbox 333 3219 536 3293; x_wconf 73' lang='grc' dir='ltr'>χιτῶνα</span> <span class='ocrx_word' id='word_1_370' title='bbox 554 3217 742 3271; x_wconf 74' lang='grc' dir='ltr'>τοῦτον</span> <span class='ocrx_word' id='word_1_371' title='bbox 770 3214 831 3268; x_wconf 73' lang='grc' dir='ltr'>οὗ</span> <span class='ocrx_word' id='word_1_372' title='bbox 862 3196 1108 3285; x_wconf 54' lang='grc' dir='ltr'>λθῷομαι</span> <span class='ocrx_word' id='word_1_373' title='bbox 1140 3228 1152 3239; x_wconf 94' lang='grc'><strong>·</strong></span> <span class='ocrx_word' id='word_1_374' title='bbox 1180 3209 1274 3262; x_wconf 81' lang='grc' dir='ltr'><strong>δύο</strong></span> <span class='ocrx_word' id='word_1_375' title='bbox 1327 3209 1426 3278; x_wconf 78' lang='grc' dir='ltr'><strong>μὲν</strong></span> <span class='ocrx_word' id='word_1_376' title='bbox 1489 3208 1598 3277; x_wconf 81' lang='grc' dir='ltr'><strong>γάρ</strong></span> <span class='ocrx_word' id='word_1_377' title='bbox 1654 3207 1798 3278; x_wconf 78' lang='grc' dir='ltr'>ἔχειν</span> <span class='ocrx_word' id='word_1_378' title='bbox 1824 3206 1924 3260; x_wconf 79' lang='grc' dir='ltr'><strong>οὐκ</strong></span> 
     </span>
    </p>
   </div>
   <div class='ocr_carea' id='block_1_52' title="bbox 335 3298 1925 3380">
    <p class='ocr_par' dir='ltr' id='par_1_52' title="bbox 335 3298 1925 3380">
     <span class='ocr_line' id='line_1_52' title="bbox 335 3298 1925 3380; baseline -0.009 -16"><span class='ocrx_word' id='word_1_379' title='bbox 335 3310 633 3380; x_wconf 76' lang='grc' dir='ltr'>ἀνέξομαι·</span> <span class='ocrx_word' id='word_1_380' title='bbox 687 3306 854 3377; x_wconf 70' lang='grc' dir='ltr'>ἡδίων</span> <span class='ocrx_word' id='word_1_381' title='bbox 885 3304 943 3357; x_wconf 82' lang='grc' dir='ltr'>δὲ</span> <span class='ocrx_word' id='word_1_382' title='bbox 971 3299 1115 3354; x_wconf 86' lang='grc' dir='ltr'><strong>κατά</strong></span> <span class='ocrx_word' id='word_1_383' title='bbox 1172 3298 1267 3369; x_wconf 79' lang='grc' dir='ltr'>τὴν</span> <span class='ocrx_word' id='word_1_384' title='bbox 1309 3298 1474 3369; x_wconf 77' lang='grc' dir='ltr'>ἐμὴν.</span> <span class='ocrx_word' id='word_1_385' title='bbox 1522 3299 1618 3351; x_wconf 75' lang='grc' dir='ltr'><strong>καὶ</strong></span> <span class='ocrx_word' id='word_1_386' title='bbox 1665 3298 1925 3369; x_wconf 60' lang='grc' dir='ltr'>κρείττων</span> 
     </span>
    </p>
   </div>
   <div class='ocr_carea' id='block_1_53' title="bbox 334 3388 1925 3469">
    <p class='ocr_par' dir='ltr' id='par_1_53' title="bbox 334 3388 1925 3469">
     <span class='ocr_line' id='line_1_53' title="bbox 334 3388 1925 3469; baseline -0.011 -14"><span class='ocrx_word' id='word_1_387' title='bbox 334 3401 479 3455; x_wconf 79' lang='grc' dir='ltr'><strong>κατά</strong></span> <span class='ocrx_word' id='word_1_388' title='bbox 508 3400 603 3469; x_wconf 76' lang='grc' dir='ltr'>τὴν</span> <span class='ocrx_word' id='word_1_389' title='bbox 630 3397 728 3469; x_wconf 74' lang='grc' dir='ltr'>σὴν</span> <span class='ocrx_word' id='word_1_390' title='bbox 748 3396 927 3467; x_wconf 73' lang='grc' dir='ltr'>ψῆφον</span> <span class='ocrx_word' id='word_1_391' title='bbox 961 3396 987 3446; x_wconf 83' lang='grc' dir='ltr'>ὁ</span> <span class='ocrx_word' id='word_1_392' title='bbox 1017 3391 1276 3444; x_wconf 75' lang='grc' dir='ltr'>τοσοῦτόν</span> <span class='ocrx_word' id='word_1_393' title='bbox 1308 3407 1397 3460; x_wconf 85' lang='grc' dir='ltr'><strong>μοι</strong></span> <span class='ocrx_word' id='word_1_394' title='bbox 1446 3389 1769 3458; x_wconf 73' lang='grc' dir='ltr'>διακονήσας</span> <span class='ocrx_word' id='word_1_395' title='bbox 1798 3388 1925 3458; x_wconf 78' lang='grc' dir='ltr'>χρό-</span> 
     </span>
    </p>
   </div>
   <div class='ocr_carea' id='block_1_54' title="bbox 335 3478 1929 3553">
    <p class='ocr_par' dir='ltr' id='par_1_54' title="bbox 335 3478 1929 3553">
     <span class='ocr_line' id='line_1_54' title="bbox 335 3478 1929 3553; baseline -0.008 -9"><span class='ocrx_word' id='word_1_396' title='bbox 335 3510 446 3544; x_wconf 80' lang='grc' dir='ltr'>νον.</span> <span class='ocrx_word' id='word_1_397' title='bbox 483 3512 499 3543; x_wconf 69' lang='grc' dir='ltr'><strong>ο</strong></span> <span class='ocrx_word' id='word_1_398' title='bbox 559 3489 717 3541; x_wconf 68' lang='grc' dir='ltr'>Οὕτω</span> <span class='ocrx_word' id='word_1_399' title='bbox 770 3483 1282 3553; x_wconf 76' lang='grc' dir='ltr'>κατασοφισάμενος</span> <span class='ocrx_word' id='word_1_400' title='bbox 1330 3480 1422 3532; x_wconf 69' lang='grc' dir='ltr'>τὸν</span> <span class='ocrx_word' id='word_1_401' title='bbox 1466 3479 1777 3547; x_wconf 80' lang='grc' dir='ltr'>Ἀνθὲμιον,</span> <span class='ocrx_word' id='word_1_402' title='bbox 1833 3478 1929 3532; x_wconf 69' lang='grc' dir='ltr'><strong>καὶ</strong></span> 
     </span>
    </p>
   </div>
   <div class='ocr_carea' id='block_1_55' title="bbox 336 3570 1924 3654">
    <p class='ocr_par' dir='ltr' id='par_1_55' title="bbox 336 3570 1924 3654">
     <span class='ocr_line' id='line_1_55' title="bbox 336 3570 1924 3654; baseline -0.01 -15"><span class='ocrx_word' id='word_1_403' title='bbox 336 3584 524 3654; x_wconf 71' lang='grc' dir='ltr'>θαῦμα</span> <span class='ocrx_word' id='word_1_404' title='bbox 548 3583 645 3651; x_wconf 82' lang='grc' dir='ltr'><strong>τῆς</strong></span> <span class='ocrx_word' id='word_1_405' title='bbox 680 3579 961 3651; x_wconf 70' lang='grc' dir='ltr'>ἀγχινοίας</span> <span class='ocrx_word' id='word_1_406' title='bbox 1023 3572 1411 3646; x_wconf 83' lang='grc' dir='ltr'>παρεσχηκὼς,</span> <span class='ocrx_word' id='word_1_407' title='bbox 1463 3571 1650 3624; x_wconf 75' lang='grc' dir='ltr'>ἔπεισε</span> <span class='ocrx_word' id='word_1_408' title='bbox 1717 3570 1924 3643; x_wconf 79' lang='grc' dir='ltr'>μηδένα</span> 
     </span>
    </p>
   </div>
   <div class='ocr_carea' id='block_1_56' title="bbox 335 3652 1924 3743">
    <p class='ocr_par' dir='ltr' id='par_1_56' title="bbox 335 3662 1924 3743">
     <span class='ocr_line' id='line_1_56' title="bbox 335 3662 1924 3743; baseline -0.009 -14"><span class='ocrx_word' id='word_1_409' title='bbox 335 3676 526 3731; x_wconf 70' lang='grc' dir='ltr'>λοιπδν</span> <span class='ocrx_word' id='word_1_410' title='bbox 559 3673 707 3743; x_wconf 67' lang='grc' dir='ltr'>αὐτῷ</span> <span class='ocrx_word' id='word_1_411' title='bbox 748 3671 874 3742; x_wconf 76' lang='grc' dir='ltr'>περὶ</span> <span class='ocrx_word' id='word_1_412' title='bbox 908 3669 999 3722; x_wconf 72' lang='grc' dir='ltr'>τοῦ</span> <span class='ocrx_word' id='word_1_413' title='bbox 1030 3666 1257 3738; x_wconf 77' lang='grc' dir='ltr'>χιτῶνος</span> <span class='ocrx_word' id='word_1_414' title='bbox 1300 3663 1505 3717; x_wconf 74' lang='grc' dir='ltr'>ἐκείνου</span> <span class='ocrx_word' id='word_1_415' title='bbox 1547 3662 1702 3731; x_wconf 82' lang='grc' dir='ltr'>λόγον</span> <span class='ocrx_word' id='word_1_416' title='bbox 1758 3679 1924 3734; x_wconf 76' lang='grc' dir='ltr'>προσ-</span> 
     </span>
    </p>
   </div>
   <div class='ocr_carea' id='block_1_57' title="bbox 338 3753 1927 3848">
    <p class='ocr_par' dir='ltr' id='par_1_57' title="bbox 338 3753 1927 3848">
     <span class='ocr_line' id='line_1_57' title="bbox 338 3753 1927 3848; baseline -0.011 -24"><span class='ocrx_word' id='word_1_417' title='bbox 338 3771 602 3848; x_wconf 54' lang='grc' dir='ltr'>εεεγκεῖν.</span> <span class='ocrx_word' id='word_1_418' title='bbox 648 3764 791 3832; x_wconf 70' lang='grc' dir='ltr'><strong>Ἐγὼ</strong></span> <span class='ocrx_word' id='word_1_419' title='bbox 819 3764 875 3818; x_wconf 77' lang='grc' dir='ltr'>δὲ</span> <span class='ocrx_word' id='word_1_420' title='bbox 904 3760 1078 3815; x_wconf 71' lang='grc' dir='ltr'>ταῦτα</span> <span class='ocrx_word' id='word_1_421' title='bbox 1116 3757 1412 3828; x_wconf 74' lang='grc' dir='ltr'>διεξῆλθον,</span> <span class='ocrx_word' id='word_1_422' title='bbox 1438 3754 1529 3809; x_wconf 84' lang='grc' dir='ltr'><strong>δύο</strong></span> <span class='ocrx_word' id='word_1_423' title='bbox 1559 3753 1700 3809; x_wconf 85' lang='grc' dir='ltr'><strong>κατά</strong></span> <span class='ocrx_word' id='word_1_424' title='bbox 1730 3754 1927 3808; x_wconf 79' lang='grc' dir='ltr'>ταυτὸν</span> 
     </span>
    </p>
   </div>
   <div class='ocr_carea' id='block_1_58' title="bbox 339 3846 1927 3927">
    <p class='ocr_par' dir='ltr' id='par_1_58' title="bbox 339 3846 1927 3927">
     <span class='ocr_line' id='line_1_58' title="bbox 339 3846 1927 3927; baseline -0.009 -12"><span class='ocrx_word' id='word_1_425' title='bbox 339 3846 605 3924; x_wconf 75' lang='grc' dir='ltr'>ἐπιδεῖξαι</span> <span class='ocrx_word' id='word_1_426' title='bbox 638 3855 983 3927; x_wconf 73' lang='grc' dir='ltr'>βουλόμενος,</span> <span class='ocrx_word' id='word_1_427' title='bbox 1014 3852 1109 3906; x_wconf 73' lang='grc' dir='ltr'><strong>καὶ</strong></span> <span class='ocrx_word' id='word_1_428' title='bbox 1131 3851 1213 3905; x_wconf 84' lang='grc' dir='ltr'>ὅτι</span> <span class='ocrx_word' id='word_1_429' title='bbox 1248 3849 1381 3920; x_wconf 79' lang='grc' dir='ltr'>παρ’</span> <span class='ocrx_word' id='word_1_430' title='bbox 1425 3848 1542 3912; x_wconf 75' lang='grc' dir='ltr'>ἐνὸς</span> <span class='ocrx_word' id='word_1_431' title='bbox 1586 3847 1800 3920; x_wconf 77' lang='grc' dir='ltr'>ἐδέχετο</span> <span class='ocrx_word' id='word_1_432' title='bbox 1833 3846 1927 3919; x_wconf 80' lang='grc' dir='ltr'>μό-</span> 
     </span>
    </p>
   </div>
   <div class='ocr_carea' id='block_1_59' title="bbox 340 3939 1926 4021">
    <p class='ocr_par' dir='ltr' id='par_1_59' title="bbox 340 3939 1926 4021">
     <span class='ocr_line' id='line_1_59' title="bbox 340 3939 1926 4021; baseline -0.009 -15"><span class='ocrx_word' id='word_1_433' title='bbox 340 3971 434 4007; x_wconf 85' lang='grc' dir='ltr'><strong>νου</strong></span> <span class='ocrx_word' id='word_1_434' title='bbox 478 3950 576 4021; x_wconf 78' lang='grc' dir='ltr'><strong>τὴν</strong></span> <span class='ocrx_word' id='word_1_435' title='bbox 614 3946 943 4018; x_wconf 79' lang='grc' dir='ltr'>ἀποχρῶσαν</span> <span class='ocrx_word' id='word_1_436' title='bbox 973 3943 1049 4015; x_wconf 77' lang='grc' dir='ltr'>τῷ</span> <span class='ocrx_word' id='word_1_437' title='bbox 1074 3940 1288 4012; x_wconf 84' lang='grc' dir='ltr'>σώματι</span> <span class='ocrx_word' id='word_1_438' title='bbox 1347 3939 1666 4008; x_wconf 88' lang='grc' dir='ltr'>θεραπείαν,</span> <span class='ocrx_word' id='word_1_439' title='bbox 1718 3939 1813 3993; x_wconf 71' lang='grc' dir='ltr'><strong>καὶ</strong></span> <span class='ocrx_word' id='word_1_440' title='bbox 1844 3939 1926 3992; x_wconf 84' lang='grc' dir='ltr'>ὅτι</span> 
     </span>
    </p>
   </div>
   <div class='ocr_carea' id='block_1_60' title="bbox 340 4030 1925 4112">
    <p class='ocr_par' dir='ltr' id='par_1_60' title="bbox 340 4030 1925 4112">
     <span class='ocr_line' id='line_1_60' title="bbox 340 4030 1925 4112; baseline -0.011 -14"><span class='ocrx_word' id='word_1_441' title='bbox 340 4041 615 4112; x_wconf 79' lang='grc' dir='ltr'>τοσαύτης</span> <span class='ocrx_word' id='word_1_442' title='bbox 658 4036 724 4112; x_wconf 77' lang='grc' dir='ltr'>ἦν</span> <span class='ocrx_word' id='word_1_443' title='bbox 774 4036 968 4106; x_wconf 83' lang='grc' dir='ltr'>σοφίας</span> <span class='ocrx_word' id='word_1_444' title='bbox 1024 4033 1343 4097; x_wconf 79' lang='grc' dir='ltr'>ἀνάπλεως,</span> <span class='ocrx_word' id='word_1_445' title='bbox 1386 4032 1460 4096; x_wconf 85' lang='grc' dir='ltr'>ὡς</span> <span class='ocrx_word' id='word_1_446' title='bbox 1508 4030 1925 4103; x_wconf 84' lang='grc' dir='ltr'>παρασκευάσαι</span> 
     </span>
    </p>
   </div>
   <div class='ocr_carea' id='block_1_61' title="bbox 343 4124 1934 4200">
    <p class='ocr_par' dir='ltr' id='par_1_61' title="bbox 343 4124 1934 4200">
     <span class='ocr_line' id='line_1_61' title="bbox 343 4124 1934 4200; baseline -0.008 -9"><span class='ocrx_word' id='word_1_447' title='bbox 343 4139 435 4191; x_wconf 79' lang='grc' dir='ltr'><strong>τὸν</strong></span> <span class='ocrx_word' id='word_1_448' title='bbox 464 4134 773 4194; x_wconf 77' lang='grc' dir='ltr'>ἱκετεύοντα</span> <span class='ocrx_word' id='word_1_449' title='bbox 799 4129 1055 4197; x_wconf 75' lang='grc' dir='ltr'>δέξασθαι</span> <span class='ocrx_word' id='word_1_450' title='bbox 1087 4126 1428 4200; x_wconf 73' lang='grc' dir='ltr'>ψηφίσασθαι</span> <span class='ocrx_word' id='word_1_451' title='bbox 1453 4126 1512 4180; x_wconf 74' lang='grc' dir='ltr'><strong>τὸ</strong></span> <span class='ocrx_word' id='word_1_452' title='bbox 1542 4126 1615 4197; x_wconf 85' lang='grc' dir='ltr'>μὴ</span> <span class='ocrx_word' id='word_1_453' title='bbox 1679 4124 1934 4191; x_wconf 80' lang='grc' dir='ltr'>δέξασθαι</span> 
     </span>
    </p>
   </div>
   <div class='ocr_carea' id='block_1_62' title="bbox 347 4249 533 4302">
    <p class='ocr_par' dir='ltr' id='par_1_62' title="bbox 347 4249 533 4302">
     <span class='ocr_line' id='line_1_62' title="bbox 347 4249 533 4302; baseline -0.016 -14"><span class='ocrx_word' id='word_1_454' title='bbox 347 4249 533 4302; x_wconf 82' lang='grc' dir='ltr'>σομαι.</span> 
     </span>
    </p>
   </div>
   <div class='ocr_carea' id='block_1_63' title="bbox 429 4315 1929 4389">
    <p class='ocr_par' dir='ltr' id='par_1_63' title="bbox 429 4315 1929 4389">
     <span class='ocr_line' id='line_1_63' title="bbox 429 4315 1929 4389; baseline -0.008 -11"><span class='ocrx_word' id='word_1_455' title='bbox 429 4322 719 4387; x_wconf 68' lang='grc' dir='ltr'>Ἰουλία-δοῦ</span> <span class='ocrx_word' id='word_1_456' title='bbox 742 4320 837 4373; x_wconf 78' lang='grc' dir='ltr'><strong>τοῦ</strong></span> <span class='ocrx_word' id='word_1_457' title='bbox 861 4318 1155 4389; x_wconf 77' lang='grc' dir='ltr'>θεομισοῦς</span> <span class='ocrx_word' id='word_1_458' title='bbox 1178 4317 1333 4380; x_wconf 87' lang='grc' dir='ltr'>δίκας</span> <span class='ocrx_word' id='word_1_459' title='bbox 1358 4316 1455 4385; x_wconf 79' lang='grc' dir='ltr'>τῆς</span> <span class='ocrx_word' id='word_1_460' title='bbox 1491 4315 1744 4378; x_wconf 85' lang='grc' dir='ltr'>ἀσεϐείας</span> <span class='ocrx_word' id='word_1_461' title='bbox 1779 4317 1833 4369; x_wconf 80' lang='grc' dir='ltr'>ὲν</span> <span class='ocrx_word' id='word_1_462' title='bbox 1861 4316 1929 4386; x_wconf 80' lang='grc' dir='ltr'>τῇ</span> 
     </span>
    </p>
   </div>
   <div class='ocr_carea' id='block_1_64' title="bbox 351 4408 1931 4499">
    <p class='ocr_par' dir='ltr' id='par_1_64' title="bbox 351 4408 1931 4499">
     <span class='ocr_line' id='line_1_64' title="bbox 351 4408 1931 4499; baseline -0.008 -27"><span class='ocrx_word' id='word_1_463' title='bbox 351 4417 614 4499; x_wconf 61' lang='grc' dir='ltr'>βαρϐάρῳ</span> <span class='ocrx_word' id='word_1_464' title='bbox 639 4412 950 4476; x_wconf 83' lang='grc' dir='ltr'>δεδωκότος,</span> <span class='ocrx_word' id='word_1_465' title='bbox 991 4410 1177 4480; x_wconf 80' lang='grc' dir='ltr'>ὀλίγης</span> <span class='ocrx_word' id='word_1_466' title='bbox 1211 4410 1307 4480; x_wconf 81' lang='grc' dir='ltr'><strong>μὲν</strong></span> <span class='ocrx_word' id='word_1_467' title='bbox 1344 4409 1584 4479; x_wconf 84' lang='grc' dir='ltr'>γαλήνης</span> <span class='ocrx_word' id='word_1_468' title='bbox 1614 4408 1931 4478; x_wconf 75' lang='grc' dir='ltr'>ἀπήλαυσαν</span> 
     </span>
    </p>
   </div>
   <div class='ocr_carea' id='block_1_65' title="bbox 348 4499 1937 4583">
    <p class='ocr_par' dir='ltr' id='par_1_65' title="bbox 348 4499 1937 4583">
     <span class='ocr_line' id='line_1_65' title="bbox 348 4499 1937 4583; baseline -0.009 -19"><span class='ocrx_word' id='word_1_469' title='bbox 348 4513 448 4583; x_wconf 72' lang='grc' dir='ltr'>τῆς</span> <span class='ocrx_word' id='word_1_470' title='bbox 470 4508 750 4570; x_wconf 75' lang='grc' dir='ltr'>εὐσεϐείας</span> <span class='ocrx_word' id='word_1_471' title='bbox 782 4508 830 4559; x_wconf 88' lang='grc' dir='ltr'>οἱ</span> <span class='ocrx_word' id='word_1_472' title='bbox 860 4504 1134 4574; x_wconf 74' lang='grc' dir='ltr'>τρόφιμοι,</span> <span class='ocrx_word' id='word_1_473' title='bbox 1178 4500 1453 4559; x_wconf 76' lang='grc' dir='ltr'>’ῐωϐιανοῦ</span> <span class='ocrx_word' id='word_1_474' title='bbox 1495 4501 1604 4568; x_wconf 73' lang='grc' dir='ltr'><strong>τῆς</strong></span> <span class='ocrx_word' id='word_1_475' title='bbox 1647 4499 1937 4568; x_wconf 88' lang='grc' dir='ltr'>Ῥωμαίων</span> 
     </span>
    </p>
   </div>
   <div class='ocr_carea' id='block_1_66' title="bbox 350 4590 1938 4672">
    <p class='ocr_par' dir='ltr' id='par_1_66' title="bbox 350 4590 1938 4672">
     <span class='ocr_line' id='line_1_66' title="bbox 350 4590 1938 4672; baseline -0.009 -17"><span class='ocrx_word' id='word_1_476' title='bbox 350 4600 651 4672; x_wconf 69' lang='grc' dir='ltr'>ἡγεμονίας</span> <span class='ocrx_word' id='word_1_477' title='bbox 707 4596 1009 4668; x_wconf 76' lang='grc' dir='ltr'>δεξαμένου</span> <span class='ocrx_word' id='word_1_478' title='bbox 1058 4595 1185 4656; x_wconf 78' lang='grc' dir='ltr'>τοὺς</span> <span class='ocrx_word' id='word_1_479' title='bbox 1220 4593 1430 4655; x_wconf 85' lang='grc' dir='ltr'>οῖακας.</span> <span class='ocrx_word' id='word_1_480' title='bbox 1482 4590 1702 4660; x_wconf 82' lang='grc' dir='ltr'>Ἐπειδὴ</span> <span class='ocrx_word' id='word_1_481' title='bbox 1741 4590 1796 4642; x_wconf 83' lang='grc' dir='ltr'>δὲ</span> <span class='ocrx_word' id='word_1_482' title='bbox 1845 4590 1938 4641; x_wconf 76' lang='grc' dir='ltr'><strong>καὶ</strong></span> 
     </span>
    </p>
   </div>
   <div class='ocr_carea' id='block_1_67' title="bbox 349 4679 1938 4764">
    <p class='ocr_par' dir='ltr' id='par_1_67' title="bbox 349 4679 1938 4764">
     <span class='ocr_line' id='line_1_67' title="bbox 349 4679 1938 4764; baseline -0.011 -15"><span class='ocrx_word' id='word_1_483' title='bbox 349 4692 506 4759; x_wconf 69' lang='grc' dir='ltr'>οὗτος</span> <span class='ocrx_word' id='word_1_484' title='bbox 540 4693 747 4764; x_wconf 67' lang='grc' dir='ltr'>βραχὺν</span> <span class='ocrx_word' id='word_1_485' title='bbox 778 4689 972 4759; x_wconf 76' lang='grc' dir='ltr'>κομιδῇ</span> <span class='ocrx_word' id='word_1_486' title='bbox 1011 4685 1335 4757; x_wconf 60' lang='grc' dir='ltr'>ᾓασιλεύσας</span> <span class='ocrx_word' id='word_1_487' title='bbox 1370 4684 1562 4754; x_wconf 89' lang='grc' dir='ltr'>χρόνον</span> <span class='ocrx_word' id='word_1_488' title='bbox 1606 4682 1698 4735; x_wconf 81' lang='grc' dir='ltr'>τοῦ</span> <span class='ocrx_word' id='word_1_489' title='bbox 1737 4679 1851 4750; x_wconf 75' lang='grc' dir='ltr'>βίου</span> <span class='ocrx_word' id='word_1_490' title='bbox 1879 4680 1938 4734; x_wconf 64' lang='lat' dir='ltr'><strong>«se</strong></span> 
     </span>
    </p>
   </div>
   <div class='ocr_carea' id='block_1_68' title="bbox 353 4772 1938 4859">
    <p class='ocr_par' dir='ltr' id='par_1_68' title="bbox 353 4772 1938 4859">
     <span class='ocr_line' id='line_1_68' title="bbox 353 4772 1938 4859; baseline -0.01 -18"><span class='ocrx_word' id='word_1_491' title='bbox 353 4788 529 4859; x_wconf 78' lang='grc' dir='ltr'>πέρας</span> <span class='ocrx_word' id='word_1_492' title='bbox 567 4784 816 4850; x_wconf 76' lang='grc' dir='ltr'>ἐδέξατο,</span> <span class='ocrx_word' id='word_1_493' title='bbox 856 4779 1070 4851; x_wconf 75' lang='grc' dir='ltr'>Οὐάλης</span> <span class='ocrx_word' id='word_1_494' title='bbox 1117 4777 1172 4830; x_wconf 83' lang='grc' dir='ltr'><strong>δὲ</strong></span> <span class='ocrx_word' id='word_1_495' title='bbox 1202 4777 1299 4847; x_wconf 75' lang='grc' dir='ltr'>τῆς</span> <span class='ocrx_word' id='word_1_496' title='bbox 1332 4777 1445 4829; x_wconf 80' lang='grc' dir='ltr'>Ἕω</span> <span class='ocrx_word' id='word_1_497' title='bbox 1491 4774 1589 4846; x_wconf 83' lang='grc' dir='ltr'><strong>τὴν</strong></span> <span class='ocrx_word' id='word_1_498' title='bbox 1639 4772 1938 4844; x_wconf 76' lang='grc' dir='ltr'>ἡγεμονίαν</span> 
     </span>
    </p>
   </div>
   <div class='ocr_carea' id='block_1_69' title="bbox 353 4864 1940 4945">
    <p class='ocr_par' dir='ltr' id='par_1_69' title="bbox 353 4864 1940 4945">
     <span class='ocr_line' id='line_1_69' title="bbox 353 4864 1940 4945; baseline -0.008 -13"><span class='ocrx_word' id='word_1_499' title='bbox 353 4878 594 4945; x_wconf 75' lang='grc' dir='ltr'>ἐδέξατο,</span> <span class='ocrx_word' id='word_1_500' title='bbox 632 4875 937 4943; x_wconf 82' lang='grc' dir='ltr'>καταιγῖδες</span> <span class='ocrx_word' id='word_1_501' title='bbox 978 4873 1137 4933; x_wconf 77' lang='grc' dir='ltr'>πάλιν</span> <span class='ocrx_word' id='word_1_502' title='bbox 1171 4870 1261 4923; x_wconf 74' lang='grc' dir='ltr'><strong>καὶ</strong></span> <span class='ocrx_word' id='word_1_503' title='bbox 1296 4867 1513 4921; x_wconf 76' lang='grc' dir='ltr'>θύελλαι</span> <span class='ocrx_word' id='word_1_504' title='bbox 1545 4868 1605 4919; x_wconf 81' lang='grc' dir='ltr'><strong>τὸ</strong></span> <span class='ocrx_word' id='word_1_505' title='bbox 1638 4864 1760 4919; x_wconf 79' lang='grc' dir='ltr'>καθ’</span> <span class='ocrx_word' id='word_1_506' title='bbox 1792 4865 1940 4937; x_wconf 79' lang='grc' dir='ltr'>ἡμᾶς</span> 
     </span>
    </p>
   </div>
   <div class='ocr_carea' id='block_1_70' title="bbox 355 4951 1937 5041">
    <p class='ocr_par' dir='ltr' id='par_1_70' title="bbox 355 4951 1937 5041">
     <span class='ocr_line' id='line_1_70' title="bbox 355 4951 1937 5041; baseline -0.009 -18"><span class='ocrx_word' id='word_1_507' title='bbox 355 4969 706 5041; x_wconf 72' lang='grc' dir='ltr'>ἀνερρίπιζον</span> <span class='ocrx_word' id='word_1_508' title='bbox 742 4967 1000 5033; x_wconf 73' lang='grc' dir='ltr'>πέλαγος,</span> <span class='ocrx_word' id='word_1_509' title='bbox 1032 4964 1127 5018; x_wconf 66' lang='grc' dir='ltr'><strong>καὶ</strong></span> <span class='ocrx_word' id='word_1_510' title='bbox 1149 4961 1356 5022; x_wconf 80' lang='grc' dir='ltr'>κλύδων</span> <span class='ocrx_word' id='word_1_511' title='bbox 1384 4951 1659 5031; x_wconf 74' lang='grc' dir='ltr'>ἐγήγερτο</span> <span class='ocrx_word' id='word_1_512' title='bbox 1678 4955 1937 5028; x_wconf 72' lang='grc' dir='ltr'>χαλεπὸς,</span> 
     </span>
    </p>
   </div>
   <div class='ocr_carea' id='block_1_71' title="bbox 357 5049 1936 5132">
    <p class='ocr_par' dir='ltr' id='par_1_71' title="bbox 357 5049 1936 5132">
     <span class='ocr_line' id='line_1_71' title="bbox 357 5049 1936 5132; baseline -0.008 -18"><span class='ocrx_word' id='word_1_513' title='bbox 357 5062 453 5116; x_wconf 67' lang='grc' dir='ltr'>καὶ</span> <span class='ocrx_word' id='word_1_514' title='bbox 502 5059 789 5132; x_wconf 84' lang='grc' dir='ltr'>τρικυμίαι</span> <span class='ocrx_word' id='word_1_515' title='bbox 848 5054 1112 5111; x_wconf 86' lang='grc' dir='ltr'>πάντοθεν</span> <span class='ocrx_word' id='word_1_516' title='bbox 1169 5051 1247 5123; x_wconf 84' lang='grc' dir='ltr'>τῷ</span> <span class='ocrx_word' id='word_1_517' title='bbox 1301 5051 1499 5120; x_wconf 83' lang='grc' dir='ltr'>σκάφει</span> <span class='ocrx_word' id='word_1_518' title='bbox 1549 5049 1936 5121; x_wconf 82' lang='grc' dir='ltr'>προσέϐαλλον.</span> 
     </span>
    </p>
   </div>
   <div class='ocr_carea' id='block_1_72' title="bbox 360 5141 1939 5229">
    <p class='ocr_par' dir='ltr' id='par_1_72' title="bbox 360 5141 1939 5229">
     <span class='ocr_line' id='line_1_72' title="bbox 360 5141 1939 5229; baseline -0.006 -24"><span class='ocrx_word' id='word_1_519' title='bbox 360 5150 753 5221; x_wconf 72' lang='grc' dir='ltr'>Χαλεπώτερον</span> <span class='ocrx_word' id='word_1_520' title='bbox 806 5149 864 5203; x_wconf 80' lang='grc' dir='ltr'>δὲ</span> <span class='ocrx_word' id='word_1_521' title='bbox 913 5149 1005 5202; x_wconf 82' lang='grc' dir='ltr'>τὸν</span> <span class='ocrx_word' id='word_1_522' title='bbox 1042 5145 1290 5229; x_wconf 77' lang='grc' dir='ltr'>χειμῶνα</span> <span class='ocrx_word' id='word_1_523' title='bbox 1341 5146 1374 5213; x_wconf 83' lang='grc' dir='ltr'><strong>ἡ</strong></span> <span class='ocrx_word' id='word_1_524' title='bbox 1422 5141 1532 5196; x_wconf 81' lang='grc' dir='ltr'>τῶν</span> <span class='ocrx_word' id='word_1_525' title='bbox 1588 5141 1939 5212; x_wconf 79' lang='grc' dir='ltr'>κυϐερνητῶν</span> 
     </span>
    </p>
   </div>
   <div class='ocr_carea' id='block_1_73' title="bbox 359 5234 1945 5318">
    <p class='ocr_par' dir='ltr' id='par_1_73' title="bbox 359 5234 1945 5318">
     <span class='ocr_line' id='line_1_73' title="bbox 359 5234 1945 5318; baseline -0.008 -20"><span class='ocrx_word' id='word_1_526' title='bbox 359 5244 565 5318; x_wconf 81' lang='grc' dir='ltr'>ἐρημία</span> <span class='ocrx_word' id='word_1_527' title='bbox 594 5244 789 5297; x_wconf 74' lang='grc' dir='ltr'>ἐποίει.</span> <span class='ocrx_word' id='word_1_528' title='bbox 828 5242 1064 5305; x_wconf 82' lang='grc' dir='ltr'>Τούτους</span> <span class='ocrx_word' id='word_1_529' title='bbox 1095 5239 1204 5311; x_wconf 90' lang='grc' dir='ltr'>γὰρ</span> <span class='ocrx_word' id='word_1_530' title='bbox 1232 5241 1261 5293; x_wconf 83' lang='grc' dir='ltr'>ὁ</span> <span class='ocrx_word' id='word_1_531' title='bbox 1293 5237 1434 5292; x_wconf 88' lang='grc' dir='ltr'><strong>κατά</strong></span> <span class='ocrx_word' id='word_1_532' title='bbox 1465 5236 1631 5308; x_wconf 80' lang='grc' dir='ltr'>μόνης</span> <span class='ocrx_word' id='word_1_533' title='bbox 1655 5235 1752 5306; x_wconf 81' lang='grc' dir='ltr'>τῆς</span> <span class='ocrx_word' id='word_1_534' title='bbox 1790 5234 1945 5286; x_wconf 85' lang='grc' dir='ltr'>εὐσε-</span> 
     </span>
    </p>
   </div>
   <div class='ocr_carea' id='block_1_74' title="bbox 362 5327 1944 5408">
    <p class='ocr_par' dir='ltr' id='par_1_74' title="bbox 362 5327 1944 5408">
     <span class='ocr_line' id='line_1_74' title="bbox 362 5327 1944 5408; baseline -0.007 -17"><span class='ocrx_word' id='word_1_535' title='bbox 362 5341 513 5403; x_wconf 77' lang='grc' dir='ltr'>ϐείας</span> <span class='ocrx_word' id='word_1_536' title='bbox 538 5337 743 5408; x_wconf 68' lang='grc' dir='ltr'>θρασὺς</span> <span class='ocrx_word' id='word_1_537' title='bbox 764 5334 1016 5406; x_wconf 77' lang='grc' dir='ltr'>βασιλεὺς</span> <span class='ocrx_word' id='word_1_538' title='bbox 1035 5333 1133 5405; x_wconf 87' lang='grc' dir='ltr'><strong>τὴν</strong></span> <span class='ocrx_word' id='word_1_539' title='bbox 1157 5330 1452 5402; x_wconf 78' lang='grc' dir='ltr'>ὑπερορίαν</span> <span class='ocrx_word' id='word_1_540' title='bbox 1470 5330 1638 5384; x_wconf 87' lang='grc' dir='ltr'>οἰκεῖν</span> <span class='ocrx_word' id='word_1_541' title='bbox 1670 5327 1944 5398; x_wconf 89' lang='grc' dir='ltr'>κατηνάγ-</span> 
     </span>
    </p>
   </div>
   <div class='ocr_carea' id='block_1_75' title="bbox 362 5416 1943 5498">
    <p class='ocr_par' dir='ltr' id='par_1_75' title="bbox 362 5416 1943 5498">
     <span class='ocr_line' id='line_1_75' title="bbox 362 5416 1943 5498; baseline -0.009 -12"><span class='ocrx_word' id='word_1_542' title='bbox 362 5431 518 5496; x_wconf 78' lang='grc' dir='ltr'>καζε.</span> <span class='ocrx_word' id='word_1_543' title='bbox 556 5430 667 5485; x_wconf 75' lang='grc' dir='ltr'><strong>Καὶ</strong></span> <span class='ocrx_word' id='word_1_544' title='bbox 702 5426 942 5498; x_wconf 74' lang='grc' dir='ltr'>τοσαύτῃ</span> <span class='ocrx_word' id='word_1_545' title='bbox 992 5424 1307 5497; x_wconf 79' lang='grc' dir='ltr'>παρανομίᾳ</span> <span class='ocrx_word' id='word_1_546' title='bbox 1362 5421 1730 5494; x_wconf 81' lang='grc' dir='ltr'>χρησάμενος,</span> <span class='ocrx_word' id='word_1_547' title='bbox 1784 5416 1943 5489; x_wconf 77' lang='grc' dir='ltr'>κόρον</span> 
     </span>
    </p>
   </div>
   <div class='ocr_carea' id='block_1_76' title="bbox 361 5508 1943 5591">
    <p class='ocr_par' dir='ltr' id='par_1_76' title="bbox 361 5508 1943 5591">
     <span class='ocr_line' id='line_1_76' title="bbox 361 5508 1943 5591; baseline -0.009 -16"><span class='ocrx_word' id='word_1_548' title='bbox 361 5521 462 5591; x_wconf 77' lang='grc' dir='ltr'>τῆς</span> <span class='ocrx_word' id='word_1_549' title='bbox 505 5520 824 5579; x_wconf 84' lang='grc' dir='ltr'>δυσσεϐείας</span> <span class='ocrx_word' id='word_1_550' title='bbox 879 5518 981 5571; x_wconf 84' lang='grc' dir='ltr'><strong>οὐκ</strong></span> <span class='ocrx_word' id='word_1_551' title='bbox 1020 5515 1328 5586; x_wconf 79' lang='grc' dir='ltr'>ἐλάμϐανε·</span> <span class='ocrx_word' id='word_1_552' title='bbox 1382 5512 1517 5566; x_wconf 75' lang='grc' dir='ltr'>ἀλλὰ</span> <span class='ocrx_word' id='word_1_553' title='bbox 1566 5511 1782 5565; x_wconf 85' lang='grc' dir='ltr'>πάντων</span> <span class='ocrx_word' id='word_1_554' title='bbox 1836 5508 1943 5562; x_wconf 82' lang='grc' dir='ltr'>τῶν</span> 
     </span>
    </p>
   </div>
   <div class='ocr_carea' id='block_1_77' title="bbox 364 5602 1945 5677">
    <p class='ocr_par' dir='ltr' id='par_1_77' title="bbox 364 5602 1945 5677">
     <span class='ocr_line' id='line_1_77' title="bbox 364 5602 1945 5677; baseline -0.011 -7"><span class='ocrx_word' id='word_1_555' title='bbox 364 5613 605 5670; x_wconf 71' lang='grc' dir='ltr'>εὐσεϐῶν</span> <span class='ocrx_word' id='word_1_556' title='bbox 633 5613 923 5666; x_wconf 80' lang='grc' dir='ltr'>ὲσκεδάννυ</span> <span class='ocrx_word' id='word_1_557' title='bbox 955 5608 1045 5662; x_wconf 80' lang='grc' dir='ltr'><strong>τὸν</strong></span> <span class='ocrx_word' id='word_1_558' title='bbox 1067 5607 1342 5675; x_wconf 83' lang='grc' dir='ltr'>σύλλογον,</span> <span class='ocrx_word' id='word_1_559' title='bbox 1378 5606 1443 5674; x_wconf 75' lang='grc' dir='ltr'><strong>θη</strong></span> <span class='ocrx_word' id='word_1_560' title='bbox 1455 5606 1542 5677; x_wconf 64' lang='grc' dir='ltr'>ρὲς</span> <span class='ocrx_word' id='word_1_561' title='bbox 1567 5604 1721 5674; x_wconf 77' lang='grc' dir='ltr'>δίκην</span> <span class='ocrx_word' id='word_1_562' title='bbox 1751 5602 1945 5673; x_wconf 83' lang='grc' dir='ltr'>ἀγρίου</span> 
     </span>
    </p>
   </div>
   <div class='ocr_carea' id='block_1_78' title="bbox 364 5696 1947 5776">
    <p class='ocr_par' dir='ltr' id='par_1_78' title="bbox 364 5696 1947 5776">
     <span class='ocr_line' id='line_1_78' title="bbox 364 5696 1947 5776; baseline -0.008 -16"><span class='ocrx_word' id='word_1_563' title='bbox 364 5708 425 5761; x_wconf 63' lang='lat' dir='ltr'><strong>th</strong></span> <span class='ocrx_word' id='word_1_564' title='bbox 450 5705 699 5776; x_wconf 81' lang='grc' dir='ltr'>ποίμνιον</span> <span class='ocrx_word' id='word_1_565' title='bbox 721 5702 1123 5758; x_wconf 85' lang='grc' dir='ltr'>διασπάσασθαι</span> <span class='ocrx_word' id='word_1_566' title='bbox 1158 5698 1497 5771; x_wconf 81' lang='grc' dir='ltr'>φιλονεικῶν.</span> <span class='ocrx_word' id='word_1_567' title='bbox 1530 5697 1732 5751; x_wconf 84' lang='grc' dir='ltr'>Τούτου</span> <span class='ocrx_word' id='word_1_568' title='bbox 1764 5696 1947 5748; x_wconf 73' lang='grc' dir='ltr'>εἵνεκα</span> 
     </span>
    </p>
   </div>
   <div class='ocr_carea' id='block_1_79' title="bbox 368 5785 1947 5869">
    <p class='ocr_par' dir='ltr' id='par_1_79' title="bbox 368 5785 1947 5869">
     <span class='ocr_line' id='line_1_79' title="bbox 368 5785 1947 5869; baseline -0.006 -18"><span class='ocrx_word' id='word_1_569' title='bbox 368 5798 434 5852; x_wconf 65' lang='grc' dir='ltr'>σὺ</span> <span class='ocrx_word' id='word_1_570' title='bbox 472 5796 636 5869; x_wconf 84' lang='grc' dir='ltr'>μόνον</span> <span class='ocrx_word' id='word_1_571' title='bbox 664 5796 863 5860; x_wconf 73' lang='grc' dir='ltr'>αὐτοὺς</span> <span class='ocrx_word' id='word_1_572' title='bbox 908 5794 1126 5865; x_wconf 72' lang='grc' dir='ltr'>ἀπάτης</span> <span class='ocrx_word' id='word_1_573' title='bbox 1160 5792 1453 5862; x_wconf 68' lang='grc' dir='ltr'>ἐκκλησίας</span> <span class='ocrx_word' id='word_1_574' title='bbox 1489 5789 1770 5860; x_wconf 66' lang='grc' dir='ltr'>ἐξήλασεν,</span> <span class='ocrx_word' id='word_1_575' title='bbox 1811 5785 1947 5841; x_wconf 67' lang='grc' dir='ltr'>ἀλλὰ</span> 
     </span>
    </p>
   </div>
   <div class='ocr_carea' id='block_1_80' title="bbox 2015 1919 3599 1997">
    <p class='ocr_par' dir='ltr' id='par_1_80' title="bbox 2015 1919 3599 1997">
     <span class='ocr_line' id='line_1_80' title="bbox 2015 1919 3599 1997; baseline -0.009 -10"><span class='ocrx_word' id='word_1_576' title='bbox 2015 1930 2151 1987; x_wconf 88' lang='lat' dir='ltr'><strong>laris</strong></span> <span class='ocrx_word' id='word_1_577' title='bbox 2180 1944 2336 1985; x_wconf 88' lang='lat' dir='ltr'><strong>meus</strong></span> <span class='ocrx_word' id='word_1_578' title='bbox 2367 1928 2504 1983; x_wconf 87' lang='lat' dir='ltr'><strong>alter</strong></span> <span class='ocrx_word' id='word_1_579' title='bbox 2530 1925 2787 1991; x_wconf 84' lang='lat' dir='ltr'><strong>advenit,</strong></span> <span class='ocrx_word' id='word_1_580' title='bbox 2816 1925 2909 1997; x_wconf 90' lang='lat' dir='ltr'><strong>qui</strong></span> <span class='ocrx_word' id='word_1_581' title='bbox 2941 1924 3109 1981; x_wconf 85' lang='lat' dir='ltr'><strong>simul</strong></span> <span class='ocrx_word' id='word_1_582' title='bbox 3135 1923 3387 1978; x_wconf 88' lang='lat' dir='ltr'><strong>habitare</strong></span> <span class='ocrx_word' id='word_1_583' title='bbox 3415 1919 3599 1990; x_wconf 90' lang='lat' dir='ltr'><strong>cupit,</strong></span> 
     </span>
    </p>
   </div>
   <div class='ocr_carea' id='block_1_81' title="bbox 2015 2009 3604 2088">
    <p class='ocr_par' dir='ltr' id='par_1_81' title="bbox 2015 2009 3604 2088">
     <span class='ocr_line' id='line_1_81' title="bbox 2015 2009 3604 2088; baseline -0.008 -11"><span class='ocrx_word' id='word_1_584' title='bbox 2015 2030 2071 2077; x_wconf 90' lang='lat' dir='ltr'><strong>et</strong></span> <span class='ocrx_word' id='word_1_585' title='bbox 2102 2022 2207 2077; x_wconf 90' lang='lat' dir='ltr'><strong>hoc</strong></span> <span class='ocrx_word' id='word_1_586' title='bbox 2240 2019 2348 2075; x_wconf 88' lang='lat' dir='ltr'><strong>sibi</strong></span> <span class='ocrx_word' id='word_1_587' title='bbox 2367 2017 2596 2075; x_wconf 88' lang='lat' dir='ltr'><strong>concedi</strong></span> <span class='ocrx_word' id='word_1_588' title='bbox 2626 2023 2804 2088; x_wconf 91' lang='lat' dir='ltr'><strong>rogat.</strong></span> <span class='ocrx_word' id='word_1_589' title='bbox 2832 2015 2907 2070; x_wconf 79' lang='lat' dir='ltr'><strong>Ea</strong></span> <span class='ocrx_word' id='word_1_590' title='bbox 2935 2030 3026 2072; x_wconf 91' lang='lat' dir='ltr'><strong>res</strong></span> <span class='ocrx_word' id='word_1_591' title='bbox 3058 2022 3296 2070; x_wconf 88' lang='lat' dir='ltr'><strong>mentem</strong></span> <span class='ocrx_word' id='word_1_592' title='bbox 3323 2011 3458 2066; x_wconf 88' lang='lat' dir='ltr'><strong>mihi</strong></span> <span class='ocrx_word' id='word_1_593' title='bbox 3487 2009 3604 2065; x_wconf 82' lang='lat' dir='ltr'><strong>dis-</strong></span> 
     </span>
    </p>
   </div>
   <div class='ocr_carea' id='block_1_82' title="bbox 2015 2099 3604 2173">
    <p class='ocr_par' dir='ltr' id='par_1_82' title="bbox 2015 2099 3604 2173">
     <span class='ocr_line' id='line_1_82' title="bbox 2015 2099 3604 2173; baseline -0.009 -6"><span class='ocrx_word' id='word_1_594' title='bbox 2015 2111 2188 2167; x_wconf 85' lang='lat' dir='ltr'><strong>trahit</strong></span> <span class='ocrx_word' id='word_1_595' title='bbox 2230 2128 2244 2164; x_wconf 89' lang='lat'><strong>:</strong></span> <span class='ocrx_word' id='word_1_596' title='bbox 2293 2111 2435 2165; x_wconf 91' lang='lat' dir='ltr'><strong>duos</strong></span> <span class='ocrx_word' id='word_1_597' title='bbox 2461 2108 2607 2164; x_wconf 89' lang='lat' dir='ltr'><strong>enim</strong></span> <span class='ocrx_word' id='word_1_598' title='bbox 2640 2105 2805 2163; x_wconf 88' lang='lat' dir='ltr'><strong>simul</strong></span> <span class='ocrx_word' id='word_1_599' title='bbox 2837 2105 3042 2161; x_wconf 89' lang='lat' dir='ltr'><strong>habere</strong></span> <span class='ocrx_word' id='word_1_600' title='bbox 3067 2118 3176 2159; x_wconf 91' lang='lat' dir='ltr'><strong>non</strong></span> <span class='ocrx_word' id='word_1_601' title='bbox 3203 2102 3401 2173; x_wconf 87' lang='lat' dir='ltr'><strong>patiar.</strong></span> <span class='ocrx_word' id='word_1_602' title='bbox 3430 2099 3604 2167; x_wconf 82' lang='lat' dir='ltr'><strong>Popu-</strong></span> 
     </span>
    </p>
   </div>
   <div class='ocr_carea' id='block_1_83' title="bbox 2017 2193 3603 2270">
    <p class='ocr_par' dir='ltr' id='par_1_83' title="bbox 2017 2193 3603 2270">
     <span class='ocr_line' id='line_1_83' title="bbox 2017 2193 3603 2270; baseline -0.009 -11"><span class='ocrx_word' id='word_1_603' title='bbox 2017 2204 2187 2259; x_wconf 88' lang='lat' dir='ltr'><strong>larem</strong></span> <span class='ocrx_word' id='word_1_604' title='bbox 2241 2215 2375 2257; x_wconf 88' lang='lat' dir='ltr'><strong>sane</strong></span> <span class='ocrx_word' id='word_1_605' title='bbox 2429 2208 2488 2254; x_wconf 89' lang='lat' dir='ltr'><strong>ut</strong></span> <span class='ocrx_word' id='word_1_606' title='bbox 2542 2199 2864 2270; x_wconf 87' lang='lat' dir='ltr'><strong>popularem</strong></span> <span class='ocrx_word' id='word_1_607' title='bbox 2919 2196 3304 2266; x_wconf 89' lang='lat' dir='ltr'><strong>complector:</strong></span> <span class='ocrx_word' id='word_1_608' title='bbox 3359 2193 3603 2263; x_wconf 87' lang='lat' dir='ltr'><strong>priorem</strong></span> 
     </span>
    </p>
   </div>
   <div class='ocr_carea' id='block_1_84' title="bbox 2021 2285 3602 2364">
    <p class='ocr_par' dir='ltr' id='par_1_84' title="bbox 2021 2285 3602 2364">
     <span class='ocr_line' id='line_1_84' title="bbox 2021 2285 3602 2364; baseline -0.008 -14"><span class='ocrx_word' id='word_1_609' title='bbox 2021 2311 2151 2351; x_wconf 79' lang='lat' dir='ltr'><strong>vero</strong></span> <span class='ocrx_word' id='word_1_610' title='bbox 2175 2334 2190 2359; x_wconf 95' lang='lat'><strong>,</strong></span> <span class='ocrx_word' id='word_1_611' title='bbox 2225 2303 2285 2349; x_wconf 90' lang='lat' dir='ltr'><strong>ut</strong></span> <span class='ocrx_word' id='word_1_612' title='bbox 2318 2294 2410 2364; x_wconf 91' lang='lat' dir='ltr'><strong>qui</strong></span> <span class='ocrx_word' id='word_1_613' title='bbox 2443 2292 2601 2347; x_wconf 88' lang='lat' dir='ltr'><strong>cordi</strong></span> <span class='ocrx_word' id='word_1_614' title='bbox 2632 2291 2767 2355; x_wconf 87' lang='lat' dir='ltr'><strong>mihi</strong></span> <span class='ocrx_word' id='word_1_615' title='bbox 2803 2290 3020 2362; x_wconf 74' lang='lat'><strong>1178</strong></span> <span class='ocrx_word' id='word_1_616' title='bbox 3056 2288 3260 2353; x_wconf 83' lang='lat' dir='ltr'><strong>fuerit,</strong></span> <span class='ocrx_word' id='word_1_617' title='bbox 3290 2285 3602 2357; x_wconf 80' lang='lat' dir='ltr'><strong>expellere.</strong></span> 
     </span>
    </p>
   </div>
   <div class='ocr_carea' id='block_1_85' title="bbox 2017 2376 3605 2460">
    <p class='ocr_par' dir='ltr' id='par_1_85' title="bbox 2017 2376 3605 2460">
     <span class='ocr_line' id='line_1_85' title="bbox 2017 2376 3605 2460; baseline -0.009 -17"><span class='ocrx_word' id='word_1_618' title='bbox 2017 2395 2072 2443; x_wconf 88' lang='lat' dir='ltr'><strong>et</strong></span> <span class='ocrx_word' id='word_1_619' title='bbox 2100 2402 2264 2460; x_wconf 83' lang='lat' dir='ltr'><strong>grave</strong></span> <span class='ocrx_word' id='word_1_620' title='bbox 2294 2384 2543 2440; x_wconf 90' lang='lat' dir='ltr'><strong>arbitror</strong></span> <span class='ocrx_word' id='word_1_621' title='bbox 2571 2392 2625 2440; x_wconf 88' lang='lat' dir='ltr'><strong>et</strong></span> <span class='ocrx_word' id='word_1_622' title='bbox 2658 2382 2951 2453; x_wconf 85' lang='lat' dir='ltr'><strong>injustum.</strong></span> <span class='ocrx_word' id='word_1_623' title='bbox 2982 2400 3002 2434; x_wconf 75' lang='grc' dir='ltr'><strong>ι</strong></span> <span class='ocrx_word' id='word_1_624' title='bbox 3031 2379 3188 2436; x_wconf 91' lang='lat' dir='ltr'><strong>Tunc</strong></span> <span class='ocrx_word' id='word_1_625' title='bbox 3220 2379 3348 2434; x_wconf 79' lang='lat' dir='ltr'><strong>ille:</strong></span> <span class='ocrx_word' id='word_1_626' title='bbox 3382 2395 3402 2429; x_wconf 71' lang='grc' dir='ltr'><strong>ι</strong></span> <span class='ocrx_word' id='word_1_627' title='bbox 3436 2376 3605 2431; x_wconf 79' lang='lat' dir='ltr'><strong>Meri-</strong></span> 
     </span>
    </p>
   </div>
   <div class='ocr_carea' id='block_1_86' title="bbox 2018 2465 3608 2548">
    <p class='ocr_par' dir='ltr' id='par_1_86' title="bbox 2018 2465 3608 2548">
     <span class='ocr_line' id='line_1_86' title="bbox 2018 2465 3608 2548; baseline -0.009 -14"><span class='ocrx_word' id='word_1_628' title='bbox 2018 2485 2112 2546; x_wconf 89' lang='lat' dir='ltr'><strong>to,</strong></span> <span class='ocrx_word' id='word_1_629' title='bbox 2144 2478 2256 2545; x_wconf 87' lang='lat' dir='ltr'><strong>ait,</strong></span> <span class='ocrx_word' id='word_1_630' title='bbox 2288 2493 2322 2533; x_wconf 90' lang='lat' dir='ltr'><strong>o</strong></span> <span class='ocrx_word' id='word_1_631' title='bbox 2358 2485 2516 2548; x_wconf 89' lang='lat' dir='ltr'><strong>pater</strong></span> <span class='ocrx_word' id='word_1_632' title='bbox 2546 2494 2560 2532; x_wconf 87' lang='lat'><strong>:</strong></span> <span class='ocrx_word' id='word_1_633' title='bbox 2594 2489 2698 2531; x_wconf 91' lang='lat' dir='ltr'><strong>nec</strong></span> <span class='ocrx_word' id='word_1_634' title='bbox 2731 2475 2881 2530; x_wconf 83' lang='lat' dir='ltr'><strong>enim</strong></span> <span class='ocrx_word' id='word_1_635' title='bbox 2918 2474 3003 2529; x_wconf 83' lang='lat' dir='ltr'><strong>fas</strong></span> <span class='ocrx_word' id='word_1_636' title='bbox 3037 2481 3146 2535; x_wconf 90' lang='lat' dir='ltr'><strong>est,</strong></span> <span class='ocrx_word' id='word_1_637' title='bbox 3182 2471 3339 2526; x_wconf 91' lang='lat' dir='ltr'><strong>illum</strong></span> <span class='ocrx_word' id='word_1_638' title='bbox 3374 2470 3468 2540; x_wconf 91' lang='lat' dir='ltr'><strong>qui</strong></span> <span class='ocrx_word' id='word_1_639' title='bbox 3505 2465 3608 2521; x_wconf 85' lang='lat' dir='ltr'><strong>tibi</strong></span> 
     </span>
    </p>
   </div>
   <div class='ocr_carea' id='block_1_87' title="bbox 2018 2562 3609 2640">
    <p class='ocr_par' dir='ltr' id='par_1_87' title="bbox 2018 2562 3609 2640">
     <span class='ocr_line' id='line_1_87' title="bbox 2018 2562 3609 2640; baseline -0.01 -15"><span class='ocrx_word' id='word_1_640' title='bbox 2018 2570 2283 2625; x_wconf 86' lang='lat' dir='ltr'><strong>diuturno</strong></span> <span class='ocrx_word' id='word_1_641' title='bbox 2310 2578 2558 2640; x_wconf 88' lang='lat' dir='ltr'><strong>tempore</strong></span> <span class='ocrx_word' id='word_1_642' title='bbox 2583 2566 2887 2621; x_wconf 82' lang='lat' dir='ltr'><strong>famulatus</strong></span> <span class='ocrx_word' id='word_1_643' title='bbox 2914 2564 2988 2621; x_wconf 89' lang='lat' dir='ltr'><strong>sit</strong></span> <span class='ocrx_word' id='word_1_644' title='bbox 3007 2604 3023 2629; x_wconf 90' lang='lat'><strong>,</strong></span> <span class='ocrx_word' id='word_1_645' title='bbox 3056 2570 3322 2633; x_wconf 84' lang='lat' dir='ltr'><strong>tanquam</strong></span> <span class='ocrx_word' id='word_1_646' title='bbox 3361 2562 3609 2629; x_wconf 89' lang='lat' dir='ltr'><strong>ineptum</strong></span> 
     </span>
    </p>
   </div>
   <div class='ocr_carea' id='block_1_88' title="bbox 2019 2648 3610 2729">
    <p class='ocr_par' dir='ltr' id='par_1_88' title="bbox 2019 2648 3610 2729">
     <span class='ocr_line' id='line_1_88' title="bbox 2019 2648 3610 2729; baseline -0.012 -10"><span class='ocrx_word' id='word_1_647' title='bbox 2019 2662 2319 2719; x_wconf 87' lang='lat' dir='ltr'><strong>amandare</strong></span> <span class='ocrx_word' id='word_1_648' title='bbox 2339 2703 2354 2729; x_wconf 90' lang='lat'><strong>,</strong></span> <span class='ocrx_word' id='word_1_649' title='bbox 2385 2675 2512 2717; x_wconf 91' lang='lat' dir='ltr'><strong>eum</strong></span> <span class='ocrx_word' id='word_1_650' title='bbox 2543 2673 2673 2714; x_wconf 78' lang='lat' dir='ltr'><strong>vero</strong></span> <span class='ocrx_word' id='word_1_651' title='bbox 2703 2656 2798 2727; x_wconf 88' lang='lat' dir='ltr'><strong>qui</strong></span> <span class='ocrx_word' id='word_1_652' title='bbox 2828 2670 3043 2729; x_wconf 89' lang='lat' dir='ltr'><strong>morum</strong></span> <span class='ocrx_word' id='word_1_653' title='bbox 3073 2667 3299 2710; x_wconf 90' lang='lat' dir='ltr'><strong>suorum</strong></span> <span class='ocrx_word' id='word_1_654' title='bbox 3331 2648 3610 2720; x_wconf 90' lang='lat' dir='ltr'><strong>specimen</strong></span> 
     </span>
    </p>
   </div>
   <div class='ocr_carea' id='block_1_89' title="bbox 2022 2728 3606 2820">
    <p class='ocr_par' dir='ltr' id='par_1_89' title="bbox 2022 2728 3606 2820">
     <span class='ocr_line' id='line_1_89' title="bbox 2022 2728 3606 2820; baseline -0.014 -9"><span class='ocrx_word' id='word_1_655' title='bbox 2022 2754 2270 2811; x_wconf 88' lang='lat' dir='ltr'><strong>nondum</strong></span> <span class='ocrx_word' id='word_1_656' title='bbox 2308 2728 2522 2809; x_wconf 82' lang='lat' dir='ltr'><strong>dederit</strong></span> <span class='ocrx_word' id='word_1_657' title='bbox 2544 2791 2561 2816; x_wconf 90' lang='lat'><strong>,</strong></span> <span class='ocrx_word' id='word_1_658' title='bbox 2589 2749 2763 2805; x_wconf 89' lang='lat' dir='ltr'><strong>solius</strong></span> <span class='ocrx_word' id='word_1_659' title='bbox 2796 2728 3237 2820; x_wconf 47' lang='lat' dir='ltr'><strong>patriﬁtomine</strong></span> <span class='ocrx_word' id='word_1_660' title='bbox 3265 2741 3606 2799; x_wconf 66' lang='lat' dir='ltr'><strong>admittere.»</strong></span> 
     </span>
    </p>
   </div>
   <div class='ocr_carea' id='block_1_90' title="bbox 2021 2835 3614 2911">
    <p class='ocr_par' dir='ltr' id='par_1_90' title="bbox 2021 2835 3614 2911">
     <span class='ocr_line' id='line_1_90' title="bbox 2021 2835 3614 2911; baseline -0.011 -9"><span class='ocrx_word' id='word_1_661' title='bbox 2021 2846 2105 2902; x_wconf 83' lang='lat' dir='ltr'><strong>Ad</strong></span> <span class='ocrx_word' id='word_1_662' title='bbox 2137 2847 2252 2902; x_wconf 73' lang='lat' dir='ltr'><strong>haec</strong></span> <span class='ocrx_word' id='word_1_663' title='bbox 2289 2858 2425 2900; x_wconf 88' lang='lat' dir='ltr'><strong>vero</strong></span> <span class='ocrx_word' id='word_1_664' title='bbox 2474 2841 2702 2897; x_wconf 78' lang='lat' dir='ltr'><strong>divinus</strong></span> <span class='ocrx_word' id='word_1_665' title='bbox 2731 2839 3044 2911; x_wconf 85' lang='lat' dir='ltr'><strong>Aphraates</strong></span> <span class='ocrx_word' id='word_1_666' title='bbox 3080 2856 3092 2893; x_wconf 88' lang='lat'>:</span> <span class='ocrx_word' id='word_1_667' title='bbox 3127 2855 3146 2889; x_wconf 75' lang='grc' dir='ltr'><strong>ι</strong></span> <span class='ocrx_word' id='word_1_668' title='bbox 3182 2835 3449 2891; x_wconf 91' lang='lat' dir='ltr'><strong>Tunicam</strong></span> <span class='ocrx_word' id='word_1_669' title='bbox 3483 2846 3614 2901; x_wconf 87' lang='lat' dir='ltr'><strong>ergo</strong></span> 
     </span>
    </p>
   </div>
   <div class='ocr_carea' id='block_1_91' title="bbox 2026 2927 3617 3005">
    <p class='ocr_par' dir='ltr' id='par_1_91' title="bbox 2026 2927 3617 3005">
     <span class='ocr_line' id='line_1_91' title="bbox 2026 2927 3617 3005; baseline -0.011 -12"><span class='ocrx_word' id='word_1_670' title='bbox 2026 2939 2224 3002; x_wconf 87' lang='lat' dir='ltr'><strong>istam,</strong></span> <span class='ocrx_word' id='word_1_671' title='bbox 2253 2936 2338 2991; x_wconf 79' lang='lat' dir='ltr'><strong>vir</strong></span> <span class='ocrx_word' id='word_1_672' title='bbox 2372 2949 2603 3005; x_wconf 87' lang='lat' dir='ltr'><strong>magne,</strong></span> <span class='ocrx_word' id='word_1_673' title='bbox 2640 2947 2749 2988; x_wconf 88' lang='lat' dir='ltr'><strong>non</strong></span> <span class='ocrx_word' id='word_1_674' title='bbox 2782 2929 3074 3001; x_wconf 87' lang='lat' dir='ltr'><strong>accipiam.</strong></span> <span class='ocrx_word' id='word_1_675' title='bbox 3110 2927 3255 2983; x_wconf 88' lang='lat' dir='ltr'><strong>Duas</strong></span> <span class='ocrx_word' id='word_1_676' title='bbox 3287 2937 3525 2994; x_wconf 87' lang='lat' dir='ltr'><strong>namque</strong></span> <span class='ocrx_word' id='word_1_677' title='bbox 3557 2928 3617 2976; x_wconf 91' lang='lat' dir='ltr'><strong>ut</strong></span> 
     </span>
    </p>
   </div>
   <div class='ocr_carea' id='block_1_92' title="bbox 2024 3013 3613 3097">
    <p class='ocr_par' dir='ltr' id='par_1_92' title="bbox 2024 3013 3613 3097">
     <span class='ocr_line' id='line_1_92' title="bbox 2024 3013 3613 3097; baseline -0.013 -10"><span class='ocrx_word' id='word_1_678' title='bbox 2024 3029 2254 3087; x_wconf 89' lang='lat' dir='ltr'><strong>habeam</strong></span> <span class='ocrx_word' id='word_1_679' title='bbox 2286 3028 2436 3083; x_wconf 79' lang='lat' dir='ltr'><strong>ferre</strong></span> <span class='ocrx_word' id='word_1_680' title='bbox 2467 3042 2577 3083; x_wconf 92' lang='lat' dir='ltr'><strong>non</strong></span> <span class='ocrx_word' id='word_1_681' title='bbox 2616 3039 2871 3097; x_wconf 89' lang='lat' dir='ltr'><strong>possum.</strong></span> <span class='ocrx_word' id='word_1_682' title='bbox 2903 3022 3007 3079; x_wconf 85' lang='lat' dir='ltr'><strong>Est</strong></span> <span class='ocrx_word' id='word_1_683' title='bbox 3054 3035 3182 3076; x_wconf 77' lang='lat' dir='ltr'><strong>vero</strong></span> <span class='ocrx_word' id='word_1_684' title='bbox 3231 3032 3350 3073; x_wconf 88' lang='lat' dir='ltr'><strong>mea</strong></span> <span class='ocrx_word' id='word_1_685' title='bbox 3392 3013 3613 3086; x_wconf 88' lang='lat' dir='ltr'><strong>quidem</strong></span> 
     </span>
    </p>
   </div>
   <div class='ocr_carea' id='block_1_93' title="bbox 1948 3108 3618 3213">
    <p class='ocr_par' dir='ltr' id='par_1_93' title="bbox 1948 3108 3618 3213">
     <span class='ocr_line' id='line_1_93' title="bbox 1948 3108 3618 3213; baseline -0.013 -33"><span class='ocrx_word' id='word_1_686' title='bbox 1948 3155 1993 3213; x_wconf 68' lang='grc' dir='ltr'><em>ε</em></span> <span class='ocrx_word' id='word_1_687' title='bbox 2027 3118 2296 3179; x_wconf 84' lang='lat' dir='ltr'><strong>sententia</strong></span> <span class='ocrx_word' id='word_1_688' title='bbox 2351 3119 2583 3190; x_wconf 82' lang='lat' dir='ltr'><strong>gratior,</strong></span> <span class='ocrx_word' id='word_1_689' title='bbox 2634 3130 2699 3170; x_wconf 89' lang='lat' dir='ltr'><strong>ac</strong></span> <span class='ocrx_word' id='word_1_690' title='bbox 2749 3122 2845 3169; x_wconf 85' lang='lat' dir='ltr'><strong>tua</strong></span> <span class='ocrx_word' id='word_1_691' title='bbox 2896 3113 3061 3169; x_wconf 88' lang='lat' dir='ltr'><strong>etiam</strong></span> <span class='ocrx_word' id='word_1_692' title='bbox 3094 3111 3279 3182; x_wconf 91' lang='lat' dir='ltr'><strong>potior</strong></span> <span class='ocrx_word' id='word_1_693' title='bbox 3325 3108 3451 3172; x_wconf 91' lang='lat' dir='ltr'><strong>illa,</strong></span> <span class='ocrx_word' id='word_1_694' title='bbox 3494 3120 3618 3175; x_wconf 73' lang='lat' dir='ltr'><strong>qua:</strong></span> 
     </span>
    </p>
   </div>
   <div class='ocr_carea' id='block_1_94' title="bbox 2028 3196 3617 3281">
    <p class='ocr_par' dir='ltr' id='par_1_94' title="bbox 2028 3196 3617 3281">
     <span class='ocr_line' id='line_1_94' title="bbox 2028 3196 3617 3281; baseline -0.013 -13"><span class='ocrx_word' id='word_1_695' title='bbox 2028 3214 2194 3281; x_wconf 78' lang='lat' dir='ltr'><strong>longe</strong></span> <span class='ocrx_word' id='word_1_696' title='bbox 2222 3210 2358 3265; x_wconf 85' lang='lat' dir='ltr'><strong>mihi</strong></span> <span class='ocrx_word' id='word_1_697' title='bbox 2391 3218 2644 3279; x_wconf 84' lang='lat' dir='ltr'><strong>tempore</strong></span> <span class='ocrx_word' id='word_1_698' title='bbox 2689 3205 2966 3262; x_wconf 78' lang='lat' dir='ltr'><strong>inserviit.</strong></span> <span class='ocrx_word' id='word_1_699' title='bbox 3003 3223 3022 3256; x_wconf 73' lang='grc' dir='ltr'><strong>ι</strong></span> <span class='ocrx_word' id='word_1_700' title='bbox 3069 3202 3206 3257; x_wconf 82' lang='lat' dir='ltr'><strong>Cum</strong></span> <span class='ocrx_word' id='word_1_701' title='bbox 3258 3196 3617 3254; x_wconf 84' lang='lat' dir='ltr'><strong>Anthemium</strong></span> 
     </span>
    </p>
   </div>
   <div class='ocr_carea' id='block_1_95' title="bbox 2031 3287 3620 3374">
    <p class='ocr_par' dir='ltr' id='par_1_95' title="bbox 2031 3287 3620 3374">
     <span class='ocr_line' id='line_1_95' title="bbox 2031 3287 3620 3374; baseline -0.013 -13"><span class='ocrx_word' id='word_1_702' title='bbox 2031 3307 2135 3361; x_wconf 85' lang='lat' dir='ltr'><strong>hac</strong></span> <span class='ocrx_word' id='word_1_703' title='bbox 2167 3302 2383 3374; x_wconf 83' lang='lat' dir='ltr'><strong>argutia</strong></span> <span class='ocrx_word' id='word_1_704' title='bbox 2414 3300 2828 3363; x_wconf 84' lang='lat' dir='ltr'><strong>conclusisset,</strong></span> <span class='ocrx_word' id='word_1_705' title='bbox 2867 3295 3222 3364; x_wconf 81' lang='lat' dir='ltr'><strong>solertiaeque</strong></span> <span class='ocrx_word' id='word_1_706' title='bbox 3269 3307 3386 3347; x_wconf 65' lang='lat' dir='ltr'><strong>suae</strong></span> <span class='ocrx_word' id='word_1_707' title='bbox 3422 3290 3476 3344; x_wconf 90' lang='lat' dir='ltr'><strong>in</strong></span> <span class='ocrx_word' id='word_1_708' title='bbox 3523 3287 3620 3342; x_wconf 84' lang='lat' dir='ltr'><strong>ad—</strong></span> 
     </span>
    </p>
   </div>
   <div class='ocr_carea' id='block_1_96' title="bbox 2032 3379 3621 3456">
    <p class='ocr_par' dir='ltr' id='par_1_96' title="bbox 2032 3379 3621 3456">
     <span class='ocr_line' id='line_1_96' title="bbox 2032 3379 3621 3456; baseline -0.012 -5"><span class='ocrx_word' id='word_1_709' title='bbox 2032 3397 2382 3451; x_wconf 86' lang='lat' dir='ltr'><strong>mirationem</strong></span> <span class='ocrx_word' id='word_1_710' title='bbox 2434 3392 2769 3455; x_wconf 78' lang='lat' dir='ltr'><strong>excitasset,</strong></span> <span class='ocrx_word' id='word_1_711' title='bbox 2822 3404 2889 3444; x_wconf 88' lang='lat' dir='ltr'><strong>eo</strong></span> <span class='ocrx_word' id='word_1_712' title='bbox 2943 3386 3157 3456; x_wconf 76' lang='lat' dir='ltr'><strong>adegit,</strong></span> <span class='ocrx_word' id='word_1_713' title='bbox 3214 3391 3273 3438; x_wconf 91' lang='lat' dir='ltr'><strong>ut</strong></span> <span class='ocrx_word' id='word_1_714' title='bbox 3318 3382 3385 3437; x_wconf 91' lang='lat' dir='ltr'><strong>de</strong></span> <span class='ocrx_word' id='word_1_715' title='bbox 3434 3379 3621 3435; x_wconf 84' lang='lat' dir='ltr'><strong>tunica</strong></span> 
     </span>
    </p>
   </div>
   <div class='ocr_carea' id='block_1_97' title="bbox 2030 3471 3624 3555">
    <p class='ocr_par' dir='ltr' id='par_1_97' title="bbox 2030 3471 3624 3555">
     <span class='ocr_line' id='line_1_97' title="bbox 2030 3471 3624 3555; baseline -0.01 -14"><span class='ocrx_word' id='word_1_716' title='bbox 2030 3488 2262 3543; x_wconf 79' lang='lat' dir='ltr'><strong>verbum</strong></span> <span class='ocrx_word' id='word_1_717' title='bbox 2310 3485 2554 3555; x_wconf 89' lang='lat' dir='ltr'><strong>amplius</strong></span> <span class='ocrx_word' id='word_1_718' title='bbox 2605 3483 2819 3538; x_wconf 89' lang='lat' dir='ltr'><strong>nullum</strong></span> <span class='ocrx_word' id='word_1_719' title='bbox 2876 3481 3101 3534; x_wconf 82' lang='lat' dir='ltr'><strong>faceret.</strong></span> <span class='ocrx_word' id='word_1_720' title='bbox 3156 3477 3271 3548; x_wconf 84' lang='lat' dir='ltr'><strong>Ego</strong></span> <span class='ocrx_word' id='word_1_721' title='bbox 3320 3476 3457 3529; x_wconf 78' lang='lat' dir='ltr'><strong>‘vero</strong></span> <span class='ocrx_word' id='word_1_722' title='bbox 3508 3471 3624 3525; x_wconf 71' lang='lat' dir='ltr'><strong>haec</strong></span> 
     </span>
    </p>
   </div>
   <div class='ocr_carea' id='block_1_98' title="bbox 2034 3565 3622 3641">
    <p class='ocr_par' dir='ltr' id='par_1_98' title="bbox 2034 3565 3622 3641">
     <span class='ocr_line' id='line_1_98' title="bbox 2034 3565 3622 3641; baseline -0.009 -9"><span class='ocrx_word' id='word_1_723' title='bbox 2034 3579 2158 3633; x_wconf 86' lang='lat' dir='ltr'><strong>ideo</strong></span> <span class='ocrx_word' id='word_1_724' title='bbox 2190 3574 2658 3641; x_wconf 80' lang='lat' dir='ltr'><strong>commemoravi,</strong></span> <span class='ocrx_word' id='word_1_725' title='bbox 2695 3574 2804 3628; x_wconf 90' lang='lat' dir='ltr'><strong>duo</strong></span> <span class='ocrx_word' id='word_1_726' title='bbox 2836 3580 2895 3626; x_wconf 92' lang='lat' dir='ltr'><strong>ut</strong></span> <span class='ocrx_word' id='word_1_727' title='bbox 2927 3570 3117 3626; x_wconf 90' lang='lat' dir='ltr'><strong>eadem</strong></span> <span class='ocrx_word' id='word_1_728' title='bbox 3152 3582 3324 3638; x_wconf 83' lang='lat' dir='ltr'><strong>Opera</strong></span> <span class='ocrx_word' id='word_1_729' title='bbox 3359 3565 3622 3621; x_wconf 87' lang='lat' dir='ltr'><strong>ostende-</strong></span> 
     </span>
    </p>
   </div>
   <div class='ocr_carea' id='block_1_99' title="bbox 2032 3657 3624 3739">
    <p class='ocr_par' dir='ltr' id='par_1_99' title="bbox 2032 3657 3624 3739">
     <span class='ocr_line' id='line_1_99' title="bbox 2032 3657 3624 3739; baseline -0.012 -14"><span class='ocrx_word' id='word_1_730' title='bbox 2032 3684 2149 3725; x_wconf 86' lang='lat' dir='ltr'><strong>rem</strong></span> <span class='ocrx_word' id='word_1_731' title='bbox 2179 3688 2192 3721; x_wconf 88' lang='lat'><strong>:</strong></span> <span class='ocrx_word' id='word_1_732' title='bbox 2227 3666 2375 3739; x_wconf 88' lang='lat' dir='ltr'><strong>quod</strong></span> <span class='ocrx_word' id='word_1_733' title='bbox 2409 3666 2577 3721; x_wconf 87' lang='lat' dir='ltr'><strong>unius</strong></span> <span class='ocrx_word' id='word_1_734' title='bbox 2606 3671 2818 3718; x_wconf 88' lang='lat' dir='ltr'><strong>tantum</strong></span> <span class='ocrx_word' id='word_1_735' title='bbox 2847 3676 3013 3731; x_wconf 87' lang='lat' dir='ltr'><strong>opera</strong></span> <span class='ocrx_word' id='word_1_736' title='bbox 3045 3661 3099 3714; x_wconf 89' lang='lat' dir='ltr'><strong>in</strong></span> <span class='ocrx_word' id='word_1_737' title='bbox 3145 3657 3463 3713; x_wconf 85' lang='lat' dir='ltr'><strong>necessario</strong></span> <span class='ocrx_word' id='word_1_738' title='bbox 3495 3669 3624 3709; x_wconf 58' lang='lat' dir='ltr'><strong>cor-</strong></span> 
     </span>
    </p>
   </div>
   <div class='ocr_carea' id='block_1_100' title="bbox 2034 3748 3680 3828">
    <p class='ocr_par' dir='ltr' id='par_1_100' title="bbox 2034 3748 3680 3828">
     <span class='ocr_line' id='line_1_100' title="bbox 2034 3748 3680 3828; baseline -0.012 -13"><span class='ocrx_word' id='word_1_739' title='bbox 2034 3759 2185 3828; x_wconf 89' lang='lat' dir='ltr'><strong>poris</strong></span> <span class='ocrx_word' id='word_1_740' title='bbox 2215 3757 2483 3828; x_wconf 88' lang='lat' dir='ltr'><strong>obsequio</strong></span> <span class='ocrx_word' id='word_1_741' title='bbox 2515 3772 2652 3812; x_wconf 88' lang='lat' dir='ltr'><strong>usus</strong></span> <span class='ocrx_word' id='word_1_742' title='bbox 2687 3756 2791 3821; x_wconf 91' lang='lat' dir='ltr'><strong>sit,</strong></span> <span class='ocrx_word' id='word_1_743' title='bbox 2823 3752 3085 3824; x_wconf 85' lang='lat' dir='ltr'><strong>quodque</strong></span> <span class='ocrx_word' id='word_1_744' title='bbox 3117 3764 3181 3806; x_wconf 90' lang='lat' dir='ltr'><strong>ea</strong></span> <span class='ocrx_word' id='word_1_745' title='bbox 3214 3748 3481 3820; x_wconf 74' lang='lat' dir='ltr'><strong>praeditus</strong></span> <span class='ocrx_word' id='word_1_746' title='bbox 3531 3758 3624 3797; x_wconf 87' lang='lat' dir='ltr'><strong>sa-</strong></span> <span class='ocrx_word' id='word_1_747' title='bbox 3660 3778 3680 3787; x_wconf 66' lang='grc' dir='ltr'><strong><em>ρ</em></strong></span> 
     </span>
    </p>
   </div>
   <div class='ocr_carea' id='block_1_101' title="bbox 2032 3837 3693 3921">
    <p class='ocr_par' dir='ltr' id='par_1_101' title="bbox 2032 3837 3693 3921">
     <span class='ocr_line' id='line_1_101' title="bbox 2032 3837 3693 3921; baseline -0.012 -17"><span class='ocrx_word' id='word_1_748' title='bbox 2032 3845 2481 3921; x_wconf 67' lang='lat' dir='ltr'><strong>pientia&#39;l’uerit,</strong></span> <span class='ocrx_word' id='word_1_749' title='bbox 2517 3856 2578 3901; x_wconf 89' lang='lat' dir='ltr'><strong>ut</strong></span> <span class='ocrx_word' id='word_1_750' title='bbox 2613 3860 2739 3901; x_wconf 89' lang='lat' dir='ltr'><strong>eum</strong></span> <span class='ocrx_word' id='word_1_751' title='bbox 2771 3843 2865 3914; x_wconf 91' lang='lat' dir='ltr'><strong>qui</strong></span> <span class='ocrx_word' id='word_1_752' title='bbox 2924 3840 3155 3912; x_wconf 88' lang='lat' dir='ltr'><strong>rogabat</strong></span> <span class='ocrx_word' id='word_1_753' title='bbox 3204 3850 3265 3893; x_wconf 92' lang='lat' dir='ltr'><strong>ut</strong></span> <span class='ocrx_word' id='word_1_754' title='bbox 3316 3837 3623 3905; x_wconf 88' lang='lat' dir='ltr'><strong>acciperet,</strong></span> <span class='ocrx_word' id='word_1_755' title='bbox 3675 3878 3693 3903; x_wconf 43' lang='grc' dir='ltr'><strong>κ</strong></span> 
     </span>
    </p>
   </div>
   <div class='ocr_carea' id='block_1_102' title="bbox 2033 3920 3625 4009">
    <p class='ocr_par' dir='ltr' id='par_1_102' title="bbox 2033 3920 3625 4009">
     <span class='ocr_line' id='line_1_102' title="bbox 2033 3920 3625 4009; baseline -0.013 -13"><span class='ocrx_word' id='word_1_756' title='bbox 2033 3920 2103 3996; x_wconf 84' lang='lat' dir='ltr'><strong>ne</strong></span> <span class='ocrx_word' id='word_1_757' title='bbox 2134 3939 2409 4009; x_wconf 88' lang='lat' dir='ltr'><strong>acciperet</strong></span> <span class='ocrx_word' id='word_1_758' title='bbox 2438 3936 2714 3994; x_wconf 86' lang='lat' dir='ltr'><strong>sententia</strong></span> <span class='ocrx_word' id='word_1_759' title='bbox 2765 3949 2866 3990; x_wconf 89' lang='lat' dir='ltr'><strong>sua</strong></span> <span class='ocrx_word' id='word_1_760' title='bbox 2904 3930 3140 3987; x_wconf 79' lang='lat' dir='ltr'><strong>delinire</strong></span> <span class='ocrx_word' id='word_1_761' title='bbox 3190 3926 3456 3999; x_wconf 77' lang='lat' dir='ltr'><strong>coegerit.</strong></span> <span class='ocrx_word' id='word_1_762' title='bbox 3515 3920 3625 3979; x_wconf 84' lang='lat' dir='ltr'><strong>Sed</strong></span> 
     </span>
    </p>
   </div>
   <div class='ocr_carea' id='block_1_103' title="bbox 2035 4028 3160 4100">
    <p class='ocr_par' dir='ltr' id='par_1_103' title="bbox 2035 4028 3160 4100">
     <span class='ocr_line' id='line_1_103' title="bbox 2035 4028 3160 4100; baseline -0.01 -12"><span class='ocrx_word' id='word_1_763' title='bbox 2035 4032 2123 4088; x_wconf 90' lang='lat' dir='ltr'><strong>his</strong></span> <span class='ocrx_word' id='word_1_764' title='bbox 2153 4032 2396 4096; x_wconf 90' lang='lat' dir='ltr'><strong>omissis,</strong></span> <span class='ocrx_word' id='word_1_765' title='bbox 2427 4028 2636 4100; x_wconf 84' lang='lat' dir='ltr'><strong>majora</strong></span> <span class='ocrx_word' id='word_1_766' title='bbox 2662 4036 2990 4082; x_wconf 88' lang='lat' dir='ltr'><strong>narraturus</strong></span> <span class='ocrx_word' id='word_1_767' title='bbox 3015 4038 3160 4080; x_wconf 84' lang='lat' dir='ltr'><strong>sum.</strong></span> 
     </span>
    </p>
   </div>
   <div class='ocr_carea' id='block_1_104' title="bbox 2011 4107 3629 4188">
    <p class='ocr_par' dir='ltr' id='par_1_104' title="bbox 2011 4107 3629 4188">
     <span class='ocr_line' id='line_1_104' title="bbox 2011 4107 3629 4188; baseline -0.009 -9"><span class='ocrx_word' id='word_1_768' title='bbox 2011 4124 2173 4180; x_wconf 80' lang='grc' dir='ltr'>Ἀλλά</span> <span class='ocrx_word' id='word_1_769' title='bbox 2225 4125 2291 4180; x_wconf 84' lang='grc' dir='ltr'><strong>τά</strong></span> <span class='ocrx_word' id='word_1_770' title='bbox 2354 4120 2583 4178; x_wconf 82' lang='grc' dir='ltr'>τοιαῦτα</span> <span class='ocrx_word' id='word_1_771' title='bbox 2635 4120 2973 4182; x_wconf 69' lang='grc' dir='ltr'>καταλιπὼν,</span> <span class='ocrx_word' id='word_1_772' title='bbox 3020 4114 3092 4169; x_wconf 82' lang='grc' dir='ltr'>τὰ</span> <span class='ocrx_word' id='word_1_773' title='bbox 3148 4114 3373 4188; x_wconf 77' lang='grc' dir='ltr'>μείζονα</span> <span class='ocrx_word' id='word_1_774' title='bbox 3428 4107 3629 4180; x_wconf 83' lang='grc' dir='ltr'>διηγή-</span> 
     </span>
    </p>
   </div>
   <div class='ocr_carea' id='block_1_105' title="bbox 2112 4296 3633 4382">
    <p class='ocr_par' dir='ltr' id='par_1_105' title="bbox 2112 4296 3633 4382">
     <span class='ocr_line' id='line_1_105' title="bbox 2112 4296 3633 4382; baseline -0.01 -15"><span class='ocrx_word' id='word_1_775' title='bbox 2112 4311 2409 4382; x_wconf 84' lang='lat' dir='ltr'><strong>Postquam</strong></span> <span class='ocrx_word' id='word_1_776' title='bbox 2447 4310 2558 4366; x_wconf 89' lang='lat' dir='ltr'><strong>Deo</strong></span> <span class='ocrx_word' id='word_1_777' title='bbox 2618 4306 2835 4363; x_wconf 80' lang='lat' dir='ltr'><strong>invisus</strong></span> <span class='ocrx_word' id='word_1_778' title='bbox 2871 4303 3125 4359; x_wconf 82' lang='lat' dir='ltr'><strong>Julianus</strong></span> <span class='ocrx_word' id='word_1_779' title='bbox 3160 4296 3462 4371; x_wconf 89' lang='lat' dir='ltr'><strong>impietatis</strong></span> <span class='ocrx_word' id='word_1_780' title='bbox 3516 4309 3633 4352; x_wconf 72' lang='lat' dir='ltr'><strong>suae</strong></span> 
     </span>
    </p>
   </div>
   <div class='ocr_carea' id='block_1_106' title="bbox 2043 4389 3632 4473">
    <p class='ocr_par' dir='ltr' id='par_1_106' title="bbox 2043 4389 3632 4473">
     <span class='ocr_line' id='line_1_106' title="bbox 2043 4389 3632 4473; baseline -0.009 -13"><span class='ocrx_word' id='word_1_781' title='bbox 2043 4408 2096 4462; x_wconf 92' lang='lat' dir='ltr'><strong>in</strong></span> <span class='ocrx_word' id='word_1_782' title='bbox 2130 4402 2248 4463; x_wconf 88' lang='lat' dir='ltr'><strong>solo</strong></span> <span class='ocrx_word' id='word_1_783' title='bbox 2282 4404 2575 4461; x_wconf 88' lang='lat' dir='ltr'><strong>barbarico</strong></span> <span class='ocrx_word' id='word_1_784' title='bbox 2606 4414 2801 4473; x_wconf 75' lang='lat' dir='ltr'><strong>poenas</strong></span> <span class='ocrx_word' id='word_1_785' title='bbox 2831 4398 3004 4462; x_wconf 88' lang='lat' dir='ltr'><strong>dedit,</strong></span> <span class='ocrx_word' id='word_1_786' title='bbox 3049 4392 3474 4465; x_wconf 86' lang='lat' dir='ltr'><strong>tranquilliores</strong></span> <span class='ocrx_word' id='word_1_787' title='bbox 3523 4389 3632 4445; x_wconf 90' lang='lat' dir='ltr'><strong>ali-</strong></span> 
     </span>
    </p>
   </div>
   <div class='ocr_carea' id='block_1_107' title="bbox 1959 4477 3637 4573">
    <p class='ocr_par' dir='ltr' id='par_1_107' title="bbox 1959 4477 3637 4573">
     <span class='ocr_line' id='line_1_107' title="bbox 1959 4477 3637 4573; baseline -0.013 -18"><span class='ocrx_word' id='word_1_788' title='bbox 1959 4477 2264 4573; x_wconf 74' lang='lat' dir='ltr'><strong>unando</strong></span> <span class='ocrx_word' id='word_1_789' title='bbox 2318 4495 2546 4566; x_wconf 84' lang='lat' dir='ltr'><strong>pietatis</strong></span> <span class='ocrx_word' id='word_1_790' title='bbox 2599 4494 2952 4549; x_wconf 89' lang='lat' dir='ltr'><strong>alumnorum</strong></span> <span class='ocrx_word' id='word_1_791' title='bbox 3018 4503 3111 4544; x_wconf 88' lang='lat' dir='ltr'><strong>res</strong></span> <span class='ocrx_word' id='word_1_792' title='bbox 3173 4485 3345 4551; x_wconf 80' lang='lat' dir='ltr'><strong>fuere,</strong></span> <span class='ocrx_word' id='word_1_793' title='bbox 3398 4480 3637 4538; x_wconf 80' lang='lat' dir='ltr'><strong>Joviano</strong></span> 
     </span>
    </p>
   </div>
   <div class='ocr_carea' id='block_1_108' title="bbox 2047 4575 3639 4661">
    <p class='ocr_par' dir='ltr' id='par_1_108' title="bbox 2047 4575 3639 4661">
     <span class='ocr_line' id='line_1_108' title="bbox 2047 4575 3639 4661; baseline -0.014 -14"><span class='ocrx_word' id='word_1_794' title='bbox 2047 4589 2262 4661; x_wconf 89' lang='lat' dir='ltr'><strong>imperii</strong></span> <span class='ocrx_word' id='word_1_795' title='bbox 2288 4584 2520 4644; x_wconf 79' lang='lat' dir='ltr'><strong>Romani</strong></span> <span class='ocrx_word' id='word_1_796' title='bbox 2543 4585 2787 4641; x_wconf 87' lang='lat' dir='ltr'><strong>habenas</strong></span> <span class='ocrx_word' id='word_1_797' title='bbox 2816 4581 3154 4639; x_wconf 77' lang='lat' dir='ltr'><strong>moderante.</strong></span> <span class='ocrx_word' id='word_1_798' title='bbox 3177 4575 3479 4641; x_wconf 72' lang='lat' dir='ltr'><strong>Postquam</strong></span> <span class='ocrx_word' id='word_1_799' title='bbox 3509 4586 3639 4628; x_wconf 80' lang='lat' dir='ltr'><strong>vero</strong></span> 
     </span>
    </p>
   </div>
   <div class='ocr_carea' id='block_1_109' title="bbox 2050 4664 3639 4751">
    <p class='ocr_par' dir='ltr' id='par_1_109' title="bbox 2050 4664 3639 4751">
     <span class='ocr_line' id='line_1_109' title="bbox 2050 4664 3639 4751; baseline -0.014 -13"><span class='ocrx_word' id='word_1_800' title='bbox 2050 4683 2096 4738; x_wconf 91' lang='lat' dir='ltr'><strong>is</strong></span> <span class='ocrx_word' id='word_1_801' title='bbox 2128 4684 2295 4739; x_wconf 90' lang='lat' dir='ltr'><strong>etiam</strong></span> <span class='ocrx_word' id='word_1_802' title='bbox 2337 4685 2462 4751; x_wconf 89' lang='lat' dir='ltr'><strong>post</strong></span> <span class='ocrx_word' id='word_1_803' title='bbox 2492 4675 2683 4746; x_wconf 82' lang='lat' dir='ltr'><strong>exigui</strong></span> <span class='ocrx_word' id='word_1_804' title='bbox 2709 4672 2976 4745; x_wconf 88' lang='lat' dir='ltr'><strong>temporis</strong></span> <span class='ocrx_word' id='word_1_805' title='bbox 3002 4667 3376 4741; x_wconf 83' lang='lat' dir='ltr'><strong>principatum</strong></span> <span class='ocrx_word' id='word_1_806' title='bbox 3402 4664 3515 4718; x_wconf 83' lang='lat' dir='ltr'><strong>vita</strong></span> <span class='ocrx_word' id='word_1_807' title='bbox 3543 4677 3639 4718; x_wconf 78' lang='lat' dir='ltr'><strong>ex-</strong></span> 
     </span>
    </p>
   </div>
   <div class='ocr_carea' id='block_1_110' title="bbox 2050 4753 3636 4838">
    <p class='ocr_par' dir='ltr' id='par_1_110' title="bbox 2050 4753 3636 4838">
     <span class='ocr_line' id='line_1_110' title="bbox 2050 4753 3636 4838; baseline -0.016 -7"><span class='ocrx_word' id='word_1_808' title='bbox 2050 4774 2235 4838; x_wconf 89' lang='lat' dir='ltr'><strong>cessit,</strong></span> <span class='ocrx_word' id='word_1_809' title='bbox 2273 4779 2329 4828; x_wconf 92' lang='lat' dir='ltr'><strong>et</strong></span> <span class='ocrx_word' id='word_1_810' title='bbox 2368 4767 2566 4824; x_wconf 88' lang='lat' dir='ltr'><strong>Valens</strong></span> <span class='ocrx_word' id='word_1_811' title='bbox 2596 4764 2844 4822; x_wconf 89' lang='lat' dir='ltr'><strong>Orientis</strong></span> <span class='ocrx_word' id='word_1_812' title='bbox 2899 4760 3194 4831; x_wconf 89' lang='lat' dir='ltr'><strong>imperium</strong></span> <span class='ocrx_word' id='word_1_813' title='bbox 3230 4764 3318 4812; x_wconf 86' lang='lat' dir='ltr'><strong>est</strong></span> <span class='ocrx_word' id='word_1_814' title='bbox 3377 4753 3636 4824; x_wconf 86' lang='lat' dir='ltr'><strong>adeptus,</strong></span> 
     </span>
    </p>
   </div>
   <div class='ocr_carea' id='block_1_111' title="bbox 2050 4853 3639 4939">
    <p class='ocr_par' dir='ltr' id='par_1_111' title="bbox 2050 4853 3639 4939">
     <span class='ocr_line' id='line_1_111' title="bbox 2050 4853 3639 4939; baseline -0.016 -18"><span class='ocrx_word' id='word_1_815' title='bbox 2050 4865 2304 4939; x_wconf 81' lang='lat' dir='ltr'><strong>procellae</strong></span> <span class='ocrx_word' id='word_1_816' title='bbox 2326 4864 2526 4918; x_wconf 89' lang='lat' dir='ltr'><strong>iterum</strong></span> <span class='ocrx_word' id='word_1_817' title='bbox 2549 4869 2607 4918; x_wconf 93' lang='lat' dir='ltr'><strong>et</strong></span> <span class='ocrx_word' id='word_1_818' title='bbox 2623 4858 2875 4915; x_wconf 82' lang='lat' dir='ltr'><strong>turbines</strong></span> <span class='ocrx_word' id='word_1_819' title='bbox 2895 4863 3183 4910; x_wconf 83' lang='lat' dir='ltr'><strong>ventorum</strong></span> <span class='ocrx_word' id='word_1_820' title='bbox 3208 4862 3360 4903; x_wconf 87' lang='lat' dir='ltr'><strong>mare</strong></span> <span class='ocrx_word' id='word_1_821' title='bbox 3384 4853 3639 4902; x_wconf 84' lang='lat' dir='ltr'><strong>nostrum</strong></span> 
     </span>
    </p>
   </div>
   <div class='ocr_carea' id='block_1_112' title="bbox 2054 4938 3640 5031">
    <p class='ocr_par' dir='ltr' id='par_1_112' title="bbox 2054 4938 3640 5031">
     <span class='ocr_line' id='line_1_112' title="bbox 2054 4938 3640 5031; baseline -0.017 -19"><span class='ocrx_word' id='word_1_822' title='bbox 2054 4958 2354 5031; x_wconf 88' lang='lat' dir='ltr'><strong>agitarunt,</strong></span> <span class='ocrx_word' id='word_1_823' title='bbox 2403 4960 2815 5023; x_wconf 88' lang='lat' dir='ltr'><strong>tempestasque</strong></span> <span class='ocrx_word' id='word_1_824' title='bbox 2842 4955 2963 5003; x_wconf 87' lang='lat' dir='ltr'><strong>orta</strong></span> <span class='ocrx_word' id='word_1_825' title='bbox 3000 4953 3083 4999; x_wconf 90' lang='lat' dir='ltr'><strong>est</strong></span> <span class='ocrx_word' id='word_1_826' title='bbox 3138 4938 3487 5011; x_wconf 80' lang='lat' dir='ltr'><strong>gravissima,</strong></span> <span class='ocrx_word' id='word_1_827' title='bbox 3516 4947 3640 5004; x_wconf 81' lang='lat' dir='ltr'><strong>quae</strong></span> 
     </span>
    </p>
   </div>
   <div class='ocr_carea' id='block_1_113' title="bbox 2054 5025 3624 5110">
    <p class='ocr_par' dir='ltr' id='par_1_113' title="bbox 2054 5025 3624 5110">
     <span class='ocr_line' id='line_1_113' title="bbox 2054 5025 3624 5110; baseline -0.016 -7"><span class='ocrx_word' id='word_1_828' title='bbox 2054 5025 2377 5105; x_wconf 73' lang='lat' dir='ltr'><strong>decumanis</strong></span> <span class='ocrx_word' id='word_1_829' title='bbox 2411 5041 2674 5098; x_wconf 83' lang='lat' dir='ltr'><strong>ﬂuctibus</strong></span> <span class='ocrx_word' id='word_1_830' title='bbox 2706 5038 2967 5110; x_wconf 86' lang='lat' dir='ltr'><strong>scapham</strong></span> <span class='ocrx_word' id='word_1_831' title='bbox 3009 5030 3327 5103; x_wconf 88' lang='lat' dir='ltr'><strong>impetebat.</strong></span> <span class='ocrx_word' id='word_1_832' title='bbox 3387 5025 3624 5094; x_wconf 85' lang='lat' dir='ltr'><strong>Tempe-</strong></span> 
     </span>
    </p>
   </div>
   <div class='ocr_carea' id='block_1_114' title="bbox 2057 5119 3642 5210">
    <p class='ocr_par' dir='ltr' id='par_1_114' title="bbox 2057 5119 3642 5210">
     <span class='ocr_line' id='line_1_114' title="bbox 2057 5119 3642 5210; baseline -0.018 -12"><span class='ocrx_word' id='word_1_833' title='bbox 2057 5142 2220 5198; x_wconf 86' lang='lat' dir='ltr'><strong>stalis</strong></span> <span class='ocrx_word' id='word_1_834' title='bbox 2259 5154 2428 5210; x_wconf 85' lang='lat' dir='ltr'><strong>porro</strong></span> <span class='ocrx_word' id='word_1_835' title='bbox 2456 5135 2812 5192; x_wconf 88' lang='lat' dir='ltr'><strong>acerbitatem</strong></span> <span class='ocrx_word' id='word_1_836' title='bbox 2847 5129 3080 5201; x_wconf 84' lang='lat' dir='ltr'><strong>augebat</strong></span> <span class='ocrx_word' id='word_1_837' title='bbox 3110 5122 3334 5197; x_wconf 86' lang='lat' dir='ltr'><strong>penuria</strong></span> <span class='ocrx_word' id='word_1_838' title='bbox 3363 5119 3642 5191; x_wconf 85' lang='lat' dir='ltr'><strong>guberna-</strong></span> 
     </span>
    </p>
   </div>
   <div class='ocr_carea' id='block_1_115' title="bbox 2054 5210 3641 5302">
    <p class='ocr_par' dir='ltr' id='par_1_115' title="bbox 2054 5210 3641 5302">
     <span class='ocr_line' id='line_1_115' title="bbox 2054 5210 3641 5302; baseline -0.018 -12"><span class='ocrx_word' id='word_1_839' title='bbox 2054 5246 2259 5297; x_wconf 89' lang='lat' dir='ltr'><strong>torum,</strong></span> <span class='ocrx_word' id='word_1_840' title='bbox 2298 5244 2441 5302; x_wconf 81' lang='lat' dir='ltr'><strong>quos</strong></span> <span class='ocrx_word' id='word_1_841' title='bbox 2474 5229 2529 5283; x_wconf 90' lang='lat' dir='ltr'><strong>in</strong></span> <span class='ocrx_word' id='word_1_842' title='bbox 2562 5226 2763 5283; x_wconf 75' lang='lat' dir='ltr'><strong>exsilio</strong></span> <span class='ocrx_word' id='word_1_843' title='bbox 2820 5220 3106 5279; x_wconf 87' lang='lat' dir='ltr'><strong>detinebat</strong></span> <span class='ocrx_word' id='word_1_844' title='bbox 3134 5216 3237 5273; x_wconf 90' lang='lat' dir='ltr'><strong>soli</strong></span> <span class='ocrx_word' id='word_1_845' title='bbox 3269 5211 3464 5285; x_wconf 88' lang='lat' dir='ltr'><strong>pietati</strong></span> <span class='ocrx_word' id='word_1_846' title='bbox 3498 5210 3641 5265; x_wconf 86' lang='lat' dir='ltr'><strong>inl‘e-</strong></span> 
     </span>
    </p>
   </div>
   <div class='ocr_carea' id='block_1_116' title="bbox 2052 5300 3645 5395">
    <p class='ocr_par' dir='ltr' id='par_1_116' title="bbox 2052 5300 3645 5395">
     <span class='ocr_line' id='line_1_116' title="bbox 2052 5300 3645 5395; baseline -0.018 -13"><span class='ocrx_word' id='word_1_847' title='bbox 2052 5338 2172 5382; x_wconf 86' lang='lat' dir='ltr'><strong>stus</strong></span> <span class='ocrx_word' id='word_1_848' title='bbox 2222 5300 2539 5395; x_wconf 82' lang='lat' dir='ltr'><strong>imperator.</strong></span> <span class='ocrx_word' id='word_1_849' title='bbox 2598 5318 2781 5389; x_wconf 81' lang='lat' dir='ltr'><strong>Neque</strong></span> <span class='ocrx_word' id='word_1_850' title='bbox 2813 5316 2966 5371; x_wconf 89' lang='lat' dir='ltr'><strong>illum</strong></span> <span class='ocrx_word' id='word_1_851' title='bbox 3029 5318 3154 5382; x_wconf 89' lang='lat' dir='ltr'><strong>post</strong></span> <span class='ocrx_word' id='word_1_852' title='bbox 3193 5315 3408 5361; x_wconf 87' lang='lat' dir='ltr'><strong>tantum</strong></span> <span class='ocrx_word' id='word_1_853' title='bbox 3459 5300 3645 5358; x_wconf 85' lang='lat' dir='ltr'><strong>scelus</strong></span> 
     </span>
    </p>
   </div>
   <div class='ocr_carea' id='block_1_117' title="bbox 1964 5392 3637 5487">
    <p class='ocr_par' dir='ltr' id='par_1_117' title="bbox 1964 5392 3637 5487">
     <span class='ocr_line' id='line_1_117' title="bbox 1964 5392 3637 5487; baseline -0.022 -6"><span class='ocrx_word' id='word_1_854' title='bbox 1964 5412 1969 5417; x_wconf 46' lang='grc'><strong>⁷</strong></span> <span class='ocrx_word' id='word_1_855' title='bbox 2053 5392 2353 5487; x_wconf 81' lang='lat' dir='ltr'><strong>impietatis</strong></span> <span class='ocrx_word' id='word_1_856' title='bbox 2385 5419 2403 5438; x_wconf 82' lang='lat'><strong><em>‘</em></strong></span> <span class='ocrx_word' id='word_1_857' title='bbox 2438 5412 2672 5470; x_wconf 89' lang='lat' dir='ltr'><strong>satietas</strong></span> <span class='ocrx_word' id='word_1_858' title='bbox 2704 5407 2978 5479; x_wconf 81' lang='lat' dir='ltr'><strong>capiebat,</strong></span> <span class='ocrx_word' id='word_1_859' title='bbox 3008 5398 3226 5472; x_wconf 79' lang='lat'><strong>1179</strong></span> <span class='ocrx_word' id='word_1_860' title='bbox 3263 5395 3360 5452; x_wconf 86' lang='lat' dir='ltr'><strong>sed</strong></span> <span class='ocrx_word' id='word_1_861' title='bbox 3389 5392 3637 5450; x_wconf 90' lang='lat' dir='ltr'><strong>omnium</strong></span> 
     </span>
    </p>
   </div>
   <div class='ocr_carea' id='block_1_118' title="bbox 2056 5487 3633 5580">
    <p class='ocr_par' dir='ltr' id='par_1_118' title="bbox 2056 5487 3633 5580">
     <span class='ocr_line' id='line_1_118' title="bbox 2056 5487 3633 5580; baseline -0.018 -16"><span class='ocrx_word' id='word_1_862' title='bbox 2056 5511 2267 5580; x_wconf 86' lang='lat' dir='ltr'><strong>piorqu</strong></span> <span class='ocrx_word' id='word_1_863' title='bbox 2336 5516 2536 5561; x_wconf 75' lang='lat' dir='ltr'><strong>etelum</strong></span> <span class='ocrx_word' id='word_1_864' title='bbox 2583 5500 2862 5564; x_wconf 87' lang='lat' dir='ltr'><strong>divellere,</strong></span> <span class='ocrx_word' id='word_1_865' title='bbox 2890 5508 2945 5552; x_wconf 91' lang='lat' dir='ltr'><strong>et</strong></span> <span class='ocrx_word' id='word_1_866' title='bbox 2966 5495 3202 5567; x_wconf 81' lang='lat' dir='ltr'><strong>agrestis</strong></span> <span class='ocrx_word' id='word_1_867' title='bbox 3273 5487 3404 5544; x_wconf 67' lang='lat' dir='ltr'><strong>fera</strong></span> <span class='ocrx_word' id='word_1_868' title='bbox 3457 5487 3633 5541; x_wconf 87' lang='lat' dir='ltr'><strong>instar</strong></span> 
     </span>
    </p>
   </div>
   <div class='ocr_carea' id='block_1_119' title="bbox 2056 5580 3637 5673">
    <p class='ocr_par' dir='ltr' id='par_1_119' title="bbox 2056 5580 3637 5673">
     <span class='ocr_line' id='line_1_119' title="bbox 2056 5580 3637 5673; baseline -0.018 -17"><span class='ocrx_word' id='word_1_869' title='bbox 2056 5617 2274 5673; x_wconf 84' lang='lat' dir='ltr'><strong>gregem</strong></span> <span class='ocrx_word' id='word_1_870' title='bbox 2311 5596 2583 5667; x_wconf 85' lang='lat' dir='ltr'><strong>dissipare</strong></span> <span class='ocrx_word' id='word_1_871' title='bbox 2637 5590 2962 5648; x_wconf 85' lang='lat' dir='ltr'><strong>conabatur.</strong></span> <span class='ocrx_word' id='word_1_872' title='bbox 3024 5585 3211 5652; x_wconf 82' lang='lat' dir='ltr'><strong>Quare</strong></span> <span class='ocrx_word' id='word_1_873' title='bbox 3250 5580 3379 5635; x_wconf 84' lang='lat' dir='ltr'><strong>illos</strong></span> <span class='ocrx_word' id='word_1_874' title='bbox 3410 5592 3522 5633; x_wconf 89' lang='lat' dir='ltr'><strong>non</strong></span> <span class='ocrx_word' id='word_1_875' title='bbox 3568 5588 3637 5629; x_wconf 76' lang='lat' dir='ltr'><strong>ex</strong></span> 
     </span>
    </p>
   </div>
   <div class='ocr_carea' id='block_1_120' title="bbox 2056 5667 3630 5749">
    <p class='ocr_par' dir='ltr' id='par_1_120' title="bbox 2056 5667 3630 5749">
     <span class='ocr_line' id='line_1_120' title="bbox 2056 5667 3630 5749; baseline -0.02 0"><span class='ocrx_word' id='word_1_876' title='bbox 2056 5667 2315 5749; x_wconf 76' lang='lat' dir='ltr'><strong>omnibus</strong></span> <span class='ocrx_word' id='word_1_877' title='bbox 2376 5689 2555 5744; x_wconf 89' lang='lat' dir='ltr'><strong>solum</strong></span> <span class='ocrx_word' id='word_1_878' title='bbox 2606 5680 2863 5741; x_wconf 86' lang='lat' dir='ltr'><strong>ecclesiis</strong></span> <span class='ocrx_word' id='word_1_879' title='bbox 2904 5676 3138 5749; x_wconf 71' lang='lat' dir='ltr'><strong>expulit,</strong></span> <span class='ocrx_word' id='word_1_880' title='bbox 3210 5686 3403 5729; x_wconf 79' lang='lat' dir='ltr'><strong>verum</strong></span> <span class='ocrx_word' id='word_1_881' title='bbox 3465 5667 3630 5721; x_wconf 86' lang='lat' dir='ltr'><strong>etiam</strong></span> 
     </span>
    </p>
   </div>
   <div class='ocr_carea' id='block_1_121' title="bbox 2058 5755 3646 5853">
    <p class='ocr_par' dir='ltr' id='par_1_121' title="bbox 2058 5755 3646 5853">
     <span class='ocr_line' id='line_1_121' title="bbox 2058 5755 3646 5853; baseline -0.018 -14"><span class='ocrx_word' id='word_1_882' title='bbox 2058 5798 2123 5839; x_wconf 76' lang='lat' dir='ltr'><strong>ex</strong></span> <span class='ocrx_word' id='word_1_883' title='bbox 2182 5780 2317 5853; x_wconf 87' lang='lat' dir='ltr'><strong>pcde</strong></span> <span class='ocrx_word' id='word_1_884' title='bbox 2352 5777 2555 5835; x_wconf 79' lang='lat' dir='ltr'><strong>montis</strong></span> <span class='ocrx_word' id='word_1_885' title='bbox 2600 5785 2656 5833; x_wconf 87' lang='lat' dir='ltr'><strong>et</strong></span> <span class='ocrx_word' id='word_1_886' title='bbox 2684 5790 2749 5831; x_wconf 77' lang='lat' dir='ltr'><strong>ex</strong></span> <span class='ocrx_word' id='word_1_887' title='bbox 2785 5772 2898 5843; x_wconf 82' lang='lat' dir='ltr'><strong>ripa</strong></span> <span class='ocrx_word' id='word_1_888' title='bbox 2936 5766 3219 5833; x_wconf 79' lang='lat' dir='ltr'><strong>ﬂuminis,</strong></span> <span class='ocrx_word' id='word_1_889' title='bbox 3264 5774 3318 5819; x_wconf 91' lang='lat' dir='ltr'><strong>ct</strong></span> <span class='ocrx_word' id='word_1_890' title='bbox 3342 5776 3407 5819; x_wconf 71' lang='lat' dir='ltr'><strong>ex</strong></span> <span class='ocrx_word' id='word_1_891' title='bbox 3447 5755 3646 5815; x_wconf 85' lang='lat' dir='ltr'><strong>bellico</strong></span> 
     </span>
    </p>
   </div>
  </div>
