4030 6408
436 361 565 430 1371

1419 363 1905 428 TIIEODORE'I’I
1936 367 2274 430 EPISCOPI
2303 372 2668 435 CYRENSIS

3553 375 3689 441 i372

432 483 734 554 gytnnasio.
775 481 974 536 Omnia
1035 480 1181 536 enim
1232 479 1345 534 haec
1404 481 1522 535 loca
1559 482 1799 536 vicissim
1824 490 2001 535 muta-

2108 482 2198 533 καὶ
2231 483 2293 536 ἐκ
2314 484 2412 555 τῆς
2435 487 2729 558 ὑπωρείας,
2761 487 2856 540 καλ⁵
2885 488 2948 541 ἐκ
2974 489 3075 559 τῆς
3100 489 3264 560 ὄχθης
3294 491 3389 544 τοῦ
3412 493 3684 563 ποταμοῦ,

431 585 583 641 runt,
615 589 739 629 cum
797 581 1004 627 armata
1051 572 1174 626 illos
1235 585 1431 626 manus
1485 573 1870 628 insectaretur.
1928 574 2007 630 Ac

434 667 651 740 Scythae
676 666 918 736 quidem,
964 663 1169 733 aliique
1208 665 1445 730 barbari,
1471 665 1760 719 Thraciam
1787 667 2008 720 univer-

432 773 550 814 sam
575 759 646 814 ab
669 761 808 814 istro
837 758 1060 813 ﬂumine
1088 760 1152 811 ad
1177 756 1565 826 Pr0pontidem
1593 775 1769 829 usque
1788 761 2009 830 impune

433 851 836 922 populabantur
873 868 885 905 :
923 849 1008 904 hic
1049 865 1178 904 vero
1209 865 1306 905 nec
1347 851 1596 916 arrectis,
1636 849 1782 921 quod
1832 853 2006 917 aiunt,

433 945 656 1016 auribus
699 943 814 998 haec
859 941 1048 998 audire
1087 943 1390 1007 sustinens,
1429 943 1486 998 in
1534 945 1682 999 solos
1717 944 2008 1014 populares

431 1052 561 1091 suos
591 1043 642 1090 et
667 1035 936 1101 subditos,
969 1044 1023 1090 et
1057 1036 1319 1106 religione
1349 1036 1554 1100 claros,
1596 1051 1751 1090 arma
1777 1050 2008 1091 conver-

431 1128 597 1182 tebat.
666 1123 891 1182 Divinus
947 1138 1126 1182 autem
1161 1129 1398 1199 populus
1459 1129 1728 1184 malorum
1784 1129 2004 1185 illorum

431 1218 898 1287 importunitatem
933 1219 1227 1289 deplorans
1263 1219 1578 1276 Davidicum
1621 1235 1843 1278 carmen
1877 1238 2008 1278 con-

429 1307 648 1363 cinebat
679 1328 692 1364 :
741 1327 760 1361 ι
787 1309 866 1364 Ad
901 1307 1126 1364 ﬂumina
1175 1309 1495 1382 Babylonis,
1531 1312 1646 1365 illic
1678 1311 1925 1368 sedimus
1954 1320 2008 1368 et

428 1399 699 1465 ﬂevimus,
737 1401 866 1456 dum
896 1402 1322 1458 recordaremur
1356 1402 1543 1461 Sionis
1566 1414 1591 1444 ι’
1616 1405 1639 1459 ’ἰ
1668 1425 1686 1458 ι
1729 1403 1836 1462 Sed
1877 1407 2006 1462 reli-

429 1506 534 1561 qua
586 1491 785 1547 cantici
813 1492 1041 1549 minime
1069 1495 1178 1550 illis
1203 1495 1624 1550 conveniebant.
1650 1494 1836 1566 Neque
1857 1497 2003 1551 enim

431 1584 800 1654 permiserunt
833 1583 1156 1654 Aphraates,
1199 1591 1253 1640 et
1277 1583 1600 1651 Flavianus,
1621 1594 1677 1640 et
1707 1585 2004 1651 Diodorus,

431 1684 488 1727 ut
521 1675 576 1728 in
629 1675 892 1730 salicibus
953 1676 1425 1746 suSpenderentur
1467 1693 1673 1749 organa
1719 1680 2004 1746 doctrinae,

427 1780 527 1819 nec
557 1764 698 1820 ferre
741 1775 1040 1836 potuerunt
1075 1775 1134 1821 ut
1165 1767 1414 1824 dicerent
1446 1789 1458 1824 :
1508 1790 1526 1822 c
1552 1770 1839 1836 Quomodo
1869 1787 2001 1827 can-

425 1853 666 1909 tabimus
697 1858 974 1909 canticum
1005 1857 1216 1911 Domini
1241 1859 1294 1912 in
1330 1868 1474 1914 terra
1511 1859 1764 1915 alienas?
1786 1879 1803 1912 ι
1830 1861 1934 1918 Sed
1951 1869 2005 1916 et

424 1946 488 1998 in
517 1945 818 2010 montibus,
847 1956 902 2002 et
930 1948 986 2002 in
1021 1949 1253 2018 campis,
1287 1958 1342 2004 et
1377 1951 1432 2004 in
1460 1952 1616 2016 urbe,
1648 1960 1701 2007 et
1721 1953 1774 2006 in
1797 1954 2002 2008 subur-

421 2033 605 2101 banis,
641 2044 694 2091 et
723 2034 778 2090 in
816 2035 1071 2093 domibus
1108 2047 1162 2093 et
1194 2040 1248 2094 in
1290 2039 1426 2097 foris
1463 2045 1739 2098 canticum
1784 2045 2003 2100 Domini

421 2129 643 2184 assidue
669 2130 1055 2187 decantabant.
1093 2131 1352 2189 ADavide
1385 2149 1620 2207 namque
1652 2138 1958 2194 didicerant
1986 2159 1999 2196 :

435 2241 452 2272 ι
485 2220 694 2278 Domini
729 2232 814 2279 est
853 2231 1023 2292 terra,
1060 2235 1113 2280 et
1154 2227 1436 2296 plenitudo
1484 2230 1605 2300 ejus
1640 2251 1654 2287 ε
1708 2233 1862 2288 orbis
1894 2243 2005 2291 ter-

425 2325 638 2377 rarum,
685 2321 738 2369 et
782 2327 973 2370 omnes
1003 2317 1095 2386 qui
1141 2317 1456 2374 habitantin
1481 2336 1546 2376 eo
1577 2324 1620 2375 ί.
1645 2342 1662 2375 ›
1701 2324 2007 2382 Audierant

423 2403 624 2460 rursus
687 2403 940 2461 eumdem
987 2409 1382 2466 vaticinantem
1422 2430 1434 2466 :
1481 2411 1841 2470 «Benedicite
1899 2415 2005 2470 Do-

420 2496 591 2560 mino,
614 2498 799 2551 omnia
830 2509 996 2567 opera
1025 2499 1167 2570 ejus,
1195 2501 1245 2554 in
1279 2503 1429 2556 omni
1458 2505 1576 2560 loco
1595 2505 1998 2562 dominationis

421 2585 544 2657 ejus
564 2599 611 2642 υ.
645 2605 663 2639 ι
704 2589 1012 2646 Audierant
1045 2599 1101 2646 et
1130 2593 1375 2648 divinum
1403 2596 1632 2651 Paulum
1675 2599 2005 2670 praecipien-

416 2685 528 2735 tem
574 2698 587 2732 :
625 2699 643 2732 ι
673 2678 834 2737 Viros
860 2697 1018 2740 orare
1059 2685 1114 2738 in
1149 2686 1300 2740 omni
1357 2689 1498 2753 loco,
1549 2690 1795 2746 levantes
1835 2708 2003 2762 puras

423 2783 638 2836 manus,
669 2774 790 2829 sine
832 2777 915 2830 ira
938 2784 993 2831 et
1019 2775 1423 2848 disceptatione
1442 2788 1523 2834 τ.»
1559 2781 1775 2853 1180
1807 2781 1913 2839 Sed
1949 2791 2004 2841 et

423 2862 688 2922 Dominus
709 2867 825 2940 ipse
845 2868 1250 2925 Samaritanam
1277 2872 1565 2942 alloquens
1585 2876 1636 2928 id
1657 2879 1833 2945 ipsum
1853 2894 2006 2948 aper-

421 2957 532 3012 tius
555 2959 845 3028 prmdixit:
881 2961 1132 3026 «Mulier,
1165 2964 1330 3020 crede
1360 2966 1493 3020 mlhi
1514 2969 1642 3036 quia
1669 2971 1818 3025 venit
1841 2971 1998 3039 hora,

418 3049 640 3118 quando
655 3067 831 3122 neque
850 3053 903 3106 in
925 3053 1029 3107 hoc
1045 3054 1184 3119 loco,
1203 3057 1447 3127 nequein
1467 3057 1883 3133 Hierosolymis,
1903 3063 1999 3119 sed

2111 573 2203 626 καὶ
2237 577 2300 627 ὲκ
2319 577 2409 630 τοῦ
2443 578 2736 648 πολεμικοῦ
2763 581 3083 650 γυμνασίου.
3115 581 3302 635 Ταῦτα
3331 583 3440 652 γὰρ
3469 582 3686 639 ἅπαντα

2109 663 2429 734 ἀμείϐοντες
2454 667 2760 722 διετέλεσαν
2793 671 2860 724 τὰ
2893 672 3088 742 χωρία,
3129 673 3228 743 τῆς
3259 673 3543 744 ὁπλιτικῆς
3574 693 3689 745 χει-

2111 757 2204 828 ρὸς
2255 759 2539 827 γενόμενοι
2592 762 2890 834 πάρεργον.
2954 765 3063 818 Καὶ
3089 764 3293 819 Σκύθαι
3329 767 3447 836 μὲν,
3507 767 3601 820 καὶ
3638 768 3686 820 οἱ

2109 846 2258 900 ἄλλοι
2290 848 2574 920 βάρϐαροι,
2598 851 2695 924 τὴν
2721 853 2942 924 Θρᾴκην
2965 854 3182 908 ἃπασαν
3210 856 3318 908 ἀπὸ
3343 855 3437 909 τοῦ
3471 857 3686 923 Ἴστρου

2111 937 2274 1008 μέχρι
2304 939 2403 1009 τῆς
2452 941 2812 1011 Προποντίδος
2850 944 3021 1007 ἀδεῶς
3068 944 3376 1016 ἐληΐζοντοο
3413 947 3441 998 ό
3478 945 3534 997 δὲ
3564 947 3688 998 τού-

2107 1041 2215 1083 των
2249 1030 2347 1100 μὲν
2369 1031 2488 1085 οὐδὲ
2520 1034 2618 1105 τὴν
2638 1034 2806 1106 ἀκοὴν
2835 1035 3034 1089 ἑστῶσι
3052 1039 3165 1098 τοῖς
3195 1035 3320 1102 ὠσὶ,
3351 1037 3410 1091 τὸ
3431 1037 3494 1108 δὴ
3526 1037 3690 1106 λεγό-

2113 1138 2292 1192 μενον,
2331 1121 2563 1192 ἠδύνατο
2606 1125 2856 1196 δέχεσθαι
2883 1167 2898 1193 ,
2934 1128 3074 1181 κατὰ
3125 1130 3181 1182 δὲ
3215 1130 3322 1182 τῶν
3371 1129 3683 1200 ὁμοφύλων,

2112 1212 2210 1264 καὶ
2243 1213 2521 1284 ὑπηκόων,
2581 1217 2676 1270 καὶ
2725 1218 2978 1291 εὐσεϐείᾳ
3029 1221 3516 1293 λαμπρυνομένων,
3574 1225 3687 1284 τοῖς

2107 1297 2292 1365 ὅπλοις
2324 1303 2609 1375 ἐκέχρητο.
2657 1306 2713 1360 Ὀ
2750 1307 2807 1361 δὲ
2837 1309 2979 1372 θεῖος
3004 1309 3162 1374 λεὼς,
3191 1311 3300 1364 τῶν
3329 1310 3515 1364 κακῶν
3539 1309 3686 1364 me-

2120 1409 2226 1446 νων
2256 1395 2355 1465 τὴν
2387 1397 2598 1466 ἀωρίαν
2631 1397 3048 1471 ὀλοφυρόμενος,
3087 1402 3186 1472 τὴν
3215 1402 3506 1472 Δαυῖτικὴν
3542 1401 3688 1454 ὲκεί-

2110 1502 2206 1554 νην
2245 1485 2469 1555 ἔψαλλεν
2490 1488 2634 1562 ᾠδήν
2654 1505 2667 1520 ·
2714 1511 2732 1542 ι
2780 1491 2904 1544 Ἐπὶ
2933 1492 3042 1547 τῶν
3075 1493 3338 1563 ποταμῶν
3367 1493 3686 1556 Βαϐυλῶνος

2109 1573 2602 1648 ἐκεῖὲκαθίσαμεν,
2644 1582 2738 1634 καὶ
2767 1581 3132 1653 ὲκλαύσαμεν,
3167 1585 3228 1638 ὲν
3269 1583 3348 1654 τῷ
3385 1585 3687 1656 μνησθῆναι

2110 1666 2257 1736 ἡμᾶς
2283 1668 2382 1739 τῆς
2414 1670 2573 1726 Σιών.
2598 1691 2616 1724 ι
2642 1673 2724 1726 Τὰ
2742 1673 2797 1726 δὲ
2827 1674 2990 1728 λοιπὰ
3007 1677 3107 1745 τῆς
3135 1675 3277 1747 ᾠδῆς
3300 1677 3482 1729 οὐκέτι
3504 1676 3689 1739 αὐτοῖς

2112 1760 2345 1830 ἁρμόδια
2380 1758 2448 1832 ἦν
2473 1779 2487 1793 ο
2515 1765 2576 1816 οὐ
2599 1765 2704 1834 γὰρ
2729 1766 2910 1820 εἴασεν
2945 1768 3256 1839 Ἀφραάτης
3277 1809 3291 1834 ,
3324 1769 3418 1823 καὶ
3447 1768 3687 1822 Φλαϐια-

2113 1852 2221 1916 νὸς,
2255 1852 2351 1905 καὶ
2393 1855 2675 1925 Διόδωρος,
2708 1858 2800 1910 ἐπὶ
2847 1860 2966 1921 ταῖς
3009 1859 3179 1923 ἰτέαις
3213 1859 3593 1930 κρεμασθῆναι
3619 1857 3690 1912 τὰ

2109 1943 2315 2014 δργανα
2341 1946 2435 2016 τῆς
2461 1947 2824 2014 διδασκαλίας,
2849 1950 2970 2003 οὐδὲ
2990 1951 3162 2004 εἰπεῖν
3183 1951 3488 2021 ἠνέσχοντο·
3517 1971 3534 2002 ι
3561 1950 3688 2016 Πῶς

2108 2033 2310 2104 ᾇσομεν
2341 2035 2436 2106 τὴν
2462 2036 2603 2107 ᾠδὴν
2631 2038 2834 2108 Κυρίου
2879 2039 2972 2093 ἐπὶ
3007 2041 3107 2110 γῆς
3142 2039 3460 2111 άλλοτρίας;
3497 2060 3514 2092 ι
3548 2040 3690 2092 ἀλλὰ

2108 2129 2200 2181 καὶ
2224 2131 2281 2181 ἐν
2329 2128 2498 2198 ὄρεσι,
2536 2131 2629 2183 καὶ
2676 2133 2733 2184 ὲν
2774 2132 2996 2198 πεδίοις,
3035 2133 3128 2186 καὶ
3163 2136 3220 2185 ὲν
3275 2133 3450 2197 ἄστει,
3487 2133 3580 2186 καὶ
3628 2135 3688 2186 ὲν

2107 2219 2471 2288 προαστείοις,
2498 2220 2592 2274 καὶ
2624 2223 2681 2274 ὲν
2704 2222 2922 2287 οἰκίαις,
2961 2226 3056 2276 κοιλ¹
3087 2226 3144 2278 ἐν
3180 2225 3406 2295 ἀγοραῖς
3447 2220 3686 2296 ᾗδοιδι-

2107 2309 2316 2380 ηνεκῶς
2349 2311 2447 2382 τὴν
2467 2312 2606 2383 ᾠδὴν
2642 2315 2867 2386 Κυρίου.
2897 2317 3137 2386 Ἔμαθον
3157 2317 3265 2386 γὰρ
3288 2319 3440 2389 παρὰ
3467 2316 3560 2370 τοῦ
3582 2322 3688 2372 Δα-

2107 2402 2212 2467 ϐὶδ,
2237 2404 2318 2456 ὅτι
2342 2424 2359 2456 ι
2383 2404 2489 2457 Τοῦ
2521 2407 2746 2475 Κυρίου,
2767 2409 2800 2478 ἡ
2825 2408 2917 2478 γῆ,
2938 2409 3031 2462 καὶ
3054 2408 3113 2461 τὸ
3137 2410 3406 2481 πλήρωμα
3437 2412 3626 2482 αὐτῆς,
3651 2415 3684 2482 ἡ

2105 2493 2396 2566 οἰκουμένη
2423 2537 2437 2562 ,
2471 2498 2565 2549 καὶ
2589 2497 2789 2560 πάντες
2850 2498 2900 2550 οἰ
2934 2499 3315 2564 κατοικοῦντες
3365 2503 3422 2554 ὲν
3461 2503 3620 2572 αὐτῇ.
3658 2523 3676 2554 ι

2107 2584 2391 2638 ’Ἤκουσαν
2453 2586 2614 2640 πάλιν
2672 2587 2766 2640 τοῦ
2823 2588 2987 2642 αὐτοῦ
3054 2592 3334 2660 προφήτου
3395 2591 3686 2659 λέγοντοςο

2113 2691 2131 2723 ι
2178 2674 2458 2740 Εὐλογεῖτε
2490 2675 2579 2728 τὸν
2624 2676 2849 2746 Κύριον,
2881 2678 3058 2731 πάντα
3086 2679 3154 2731 τὰ
3202 2679 3338 2749 ἔργα
3388 2678 3576 2745 αὐτοῦ,
3626 2682 3685 2734 ὲν

2107 2765 2270 2818 παντὶ
2305 2765 2454 2836 τόπῳ
2485 2767 2583 2837 τῆς
2615 2767 2932 2832 δεσποτείας
2970 2769 3154 2823 αὑτοῦ.
3192 2789 3209 2820 ι
3261 2771 3538 2824 Ἤκουσαν
3588 2773 3686 2824 καὶ

2106 2857 2200 2911 τοῦ
2247 2857 2536 2912 θεσπεσίου
2585 2861 3006 2930 παρεγγυῶντος
3046 2860 3292 2915 Παύλου·
3327 2883 3344 2914 ι
3380 2861 3691 2934 Προσεύχε-

2109 2949 2233 3006 σθαι
2275 2950 2402 3012 τοὺς
2443 2949 2642 3022 ἄνδρας
2687 2953 2745 3004 ὲν
2770 2952 2931 3005 παντὶ
2965 2954 3134 3024 τόπῳ,
3175 2953 3498 3025 ἐπαίροντας
3530 2955 3689 3019 ὁσίας

2107 3047 2297 3118 χεῖρας
2326 3045 2495 3117 χωρὶς
2525 3045 2692 3116 ὀργῆς
2726 3047 2818 3098 καὶ
2838 3046 3221 3117 διαλογισμῶν.
3262 3065 3280 3100 ι
3310 3049 3417 3100 Καὶ
3447 3047 3607 3110 αὐτὸς
3626 3048 3689 3103 δὲ

419 3140 472 3194 iu
502 3142 652 3196 omni
676 3145 797 3198 loco
816 3145 1128 3200 adorabunt
1150 3147 1364 3204 Patrem
1389 3158 1432 3203 ι.
1452 3171 1469 3203 ι
1506 3151 1629 3207 llaec
1648 3154 1720 3208 illi
1748 3164 2002 3227 percepta

2110 3141 2138 3192 ὁ
2167 3139 2464 3210 Δεσπότης,
2503 3138 2639 3210 πρὸς
2672 3139 2771 3210 τὴν
2810 3140 3141 3210 Σαμαρεῖτιν
3169 3140 3569 3212 διαλεγόμενος,
3590 3158 3689 3198 ca.-

418 3243 542 3283 cum
567 3228 852 3297 haberent,
873 3243 926 3287 et
949 3234 1096 3288 domi
1122 3244 1176 3290 et
1199 3236 1353 3304 foris,
1378 3252 1538 3311 atque
1559 3254 1616 3296 ut
1639 3245 1873 3313 apostoli
1892 3262 2004 3300 ver-

421 3319 505 3374 bis
530 3327 672 3387 utar,
698 3341 714 3372 ι
731 3321 947 3392 publice
963 3331 1016 3379 et
1043 3341 1141 3394 per
1158 3328 1352 3386 domus
1373 3339 1430 3382 γ»
1459 3331 1740 3388 testiﬁcari
1761 3351 1868 3390 non
1890 3353 2008 3393 ces-

423 3410 643 3474 sabant,
685 3417 1266 3483 prmstantissimorum
1305 3421 1482 3477 instar
1519 3425 1747 3492 ducum,
1782 3438 1836 3484 et
1871 3446 2004 3488 suos

421 3512 726 3569 armantes,
757 3514 811 3560 et
841 3507 1186 3568 adversarios
1224 3515 1621 3574 confodientes.
1650 3519 1805 3587 Quod
1839 3525 2006 3595 igitur

425 3594 537 3649 haec
563 3611 685 3664 qua:
704 3598 813 3652 dixi
835 3603 1192 3669 praestiterint
1211 3622 1440 3680 magnus
1465 3608 1760 3670 Flavianus
1781 3625 1835 3671 et
1865 3594 2005 3674 divi-

421 3701 524 3740 nus
549 3685 840 3753 Diodorus,
867 3693 959 3762 qui
988 3694 1091 3748 sub
1107 3697 1214 3750 alio
1239 3714 1455 3768 gregem
1483 3703 1802 3772 pascebant,
1835 3716 1890 3762 et
1913 3724 2002 3763 se-

417 3775 608 3832 cunda:
627 3779 904 3834 cathedras
937 3784 1202 3841 honorem
1237 3791 1514 3858 gerebant,
1541 3795 1923 3853 admirandum
1952 3801 2004 3854 id

420 3881 552 3923 sane
567 3883 630 3923 ac
650 3869 810 3928 laude
830 3873 1050 3945 dignum
1077 3893 1090 3929 :
1118 3879 1211 3932 sed
1233 3887 1413 3936 tamen
1435 3884 1568 3940 “hoc
1585 3889 1817 3957 agebant
1838 3892 2006 3947 duces

417 3957 633 4024 delecti,
659 3958 1197 4036 ducumquclegibus
1216 3970 1468 4039 obnoxii;
1492 3983 1546 4030 at
1561 3979 2006 4047 sapientissimus

416 4049 723 4120 Aphraates
751 4069 850 4109 sua
874 4067 1069 4126 sponte
1099 4060 1153 4114 in
1183 4060 1300 4115 haec
1329 4069 1632 4123 certamina
1656 4075 1917 4142 prosiliit.
1949 4075 2006 4133 ln

415 4143 594 4210 quiete
607 4144 874 4214 siquidem
891 4148 1304 4212 educatus,cum
1322 4157 1587 4225 privatam
1607 4163 1747 4232 apud
1763 4182 1823 4222 se
1841 4170 2007 4224 vitam

417 4233 767 4299 instituisset,
814 4251 878 4291 ac
909 4238 1020 4304 teli,
1049 4243 1191 4310 quod
1223 4243 1395 4310 aiunt,
1416 4261 1568 4303 extra
1604 4253 1812 4321 jactum
1839 4267 2006 4324 esset,

419 4326 545 4381 Delli
581 4328 923 4384 atrocitatem
960 4334 1342 4404 considerans,
1397 4343 1674 4411 propriam
1710 4350 1986 4405 securita-

419 4431 533 4478 rcm
563 4423 914 4491 contempsit,
966 4427 1246 4498 quietique
1283 4431 1350 4486 ad
1403 4440 1618 4504 tempus
1666 4439 1999 4508 vaiedicens,

419 4509 630 4578 piorum
665 4509 924 4585 phalangi
955 4519 1383 4590 antesignanum
1413 4537 1473 4578 se
1493 4523 1744 4597 praebuit,
1779 4531 2000 4604 vitaque

417 4610 469 4660 et
495 4601 674 4658 verbis
703 4619 768 4660 ac
799 4606 1078 4666 miraculis
1105 4610 1329 4678 feriens,
1358 4629 1532 4673 czesus
1552 4618 1668 4690 ipse
1714 4601 1996 4696 nunquam

417 4703 522 4748 cst.
561 4695 714 4749 illum
751 4711 906 4767 ergo,
934 4715 1059 4757 cum
1090 4705 1157 4757 ad
1190 4705 1446 4763 bellicum
1484 4695 1994 4788 gymnasiumiret,

417 4786 772 4855 conSpicatus
833 4791 1134 4860 aliquando
1201 4799 1362 4866 plane
1407 4801 1636 4861 demens
1695 4786 1997 4882 imperator

419 4875 514 4945 (ibi
536 4880 680 4931 enim
708 4885 822 4935 tum
849 4881 991 4938 forte
1013 4882 1306 4945 Trinitatis
1334 4894 1578 4952 cultores
1598 4875 1993 4973 convenerant,

416 4987 469 5032 et
497 4979 650 5034 illum
682 4981 958 5050 quispiam
999 4981 1067 5036 ad
1126 4985 1303 5056 ripam
1338 4985 1582 5047 ﬂuminis
1618 4995 1993 5054 ambulantem

416 5071 739 5141 imperatori
792 5076 1113 5132 ostenderat
1155 5078 1196 5151 ),
1231 5079 1593 5154 interrogavit
1621 5103 1860 5157 quonam
1919 5091 1998 5144 ire

395 5149 725 5222 festinaret.
761 5165 970 5238 1181
1007 5149 1256 5244 Cumque
1287 5173 1366 5229 ire
1413 5149 1471 5231 se
1505 5149 1900 5249 respondisset,
1941 5188 1997 5235 ut

493 5387 514 5414 τ
538 5379 682 5432 l’sal.
710 5385 974 5446 cunni

422 5456 444 5494 I
499 5451 616 5500 Act.
655 5464 744 5512 xx,
779 5450 870 5504 “20.

1046 5382 1066 5408 ⁸
1133 5390 1266 5446 ibid.
1297 5391 1352 5446 ι.
1473 5394 1488 5428 ί
1532 5393 1676 5450 Psai.
1733 5411 1889 5462 xxm,
1921 5400 1968 5452 Ι.

2109 3229 2371 3300 φέστερον
2401 3229 2556 3282 τοῦτο
2582 3228 2908 3300 προείρηκεν
2928 3246 2941 3259 ·
2970 3249 2988 3280 ‹
3026 3229 3197 3301 ’Δμὴν
3218 3232 3345 3301 γὰρ,
3382 3232 3506 3300 ἔφη,
3541 3231 3690 3299 λέγω

2110 3340 2211 3386 σοι,
2241 3321 2420 3390 γύναι,
2454 3322 2535 3374 ὅτι
2570 3321 2790 3393 ἔρχεται
2821 3320 2960 3393 ὥρα,
2997 3323 3092 3376 καὶ
3122 3323 3216 3376 νῦν
3249 3325 3416 3387 ἐστιν,
3446 3325 3532 3377 ὅτε
3562 3324 3688 3379 οὔτε

2107 3413 2166 3465 ἐν
2204 3413 2282 3484 τῷ
2325 3411 2478 3485 τόπῳ
2525 3413 2697 3484 τούτῳ
2722 3455 2735 3478 ,
2771 3411 2895 3467 οὔτε
2945 3415 3001 3466 ὲν
3040 3413 3456 3486 Ἱεροσολύμοις,
3488 3415 3603 3468 ἀλλ’
3631 3419 3689 3468 ὲν

2110 3507 2275 3559 παντὶ
2306 3507 2457 3576 τόπῳ
2488 3508 2927 3576 προσκυνήσουσι
2967 3506 3042 3575 τῷ
3076 3507 3267 3577 Πατρί.
3307 3527 3326 3560 ι
3365 3508 3408 3560 Τ
3412 3507 3554 3562 αὔτα
3589 3527 3690 3562 πε-

2109 3596 2474 3666 παιδευμένοι,
2507 3596 2601 3649 καὶ
2621 3599 2678 3648 ἐν
2706 3596 2872 3666 οἰκίᾳ,
2905 3595 2998 3649 καὶ
3024 3599 3080 3650 ὲν
3107 3598 3302 3668 ἀγορᾷ,
3331 3597 3424 3651 καὶ
3451 3599 3689 3651 ἀποστο-

2103 3689 2273 3754 λικῶς
2311 3693 2514 3754 εἰπεῖν,
2567 3709 2586 3741 ι
2626 3690 2863 3762 δημοσία
2908 3691 3004 3744 καὶ
3035 3694 3157 3744 κατ’
3181 3692 3364 3756 οἴκους
3403 3711 3420 3743 ι
3455 3692 3685 3762 διαμαρ-

2107 3785 2394 3854 τυρόμενοι
2438 3783 2704 3836 διετέλουν
2728 3825 2742 3848 ,
2800 3778 2912 3838 οἷόν
2942 3801 3087 3847 τινες
3119 3785 3327 3856 ἄριστοι
3368 3787 3680 3855 στρατηγοὶ,

2107 3875 2232 3936 τοὺς
2249 3875 2345 3945 μὲν
2377 3874 2610 3939 οἰκείους
2626 3875 2955 3940 ὁπλίζοντες,
2976 3876 3102 3939 τοὺς
3131 3875 3188 3928 δὲ
3217 3877 3492 3938 ἐναντίους
3516 3891 3688 3929 κατα-

2108 3968 2446 4031 κεντοῦντες.
2481 3967 2588 4021 Τὸν
2634 3967 2731 4037 μὲν
2764 3963 2856 4022 οὖν
2887 3967 3063 4038 μέγαν
3104 3967 3422 4031 Φλαὸιανδν,
3461 3968 3556 4022 καὶ
3595 3969 3690 4023 τὸν

2109 4060 2249 4114 θεῖον
2285 4060 2546 4131 Διόδωρον
2569 4060 2594 4094 ⁸
2629 4061 3122 4131 ὑποποιμαίνοντας
3149 4061 3433 4132 τηνικάδε,
3463 4061 3557 4114 καὶ
3587 4062 3692 4132 τῆς

2107 4154 2364 4224 δευτέρας
2397 4154 2732 4223 ἠξιωμένους
2759 4154 3049 4225 καθέδρας,
3080 4155 3251 4209 ταῦτα
3274 4157 3405 4228 δρᾷν
3438 4157 3474 4211 ἃ.
3501 4159 3692 4228 προεί-

2113 4265 2279 4318 ρηκα,
2304 4247 2614 4316 θαυμαστὸν
2643 4248 2741 4316 μὲν
2759 4248 2853 4301 καὶ
2870 4248 3146 4318 εὐφημίας
3172 4249 3338 4316 ἄξιον.
3375 4250 3516 4304 Ἀλλ’
3537 4251 3691 4320 ὅμως

2107 4339 2284 4393 ταῦτα
2317 4338 2586 4410 ἔπραττον
2622 4339 2919 4410 στρατηγοὶ
2953 4340 3415 4412 προϐεϐλημένοι,
3449 4341 3544 4396 καὶ
3574 4347 3690 4408 τοῖς

2114 4431 2498 4502 στρατηγικοῖς
2529 4429 2877 4501 ύποκείμενοι
2927 4429 3144 4499 νόμοις’
3199 4435 3227 4485 ό
3275 4432 3330 4486 δὲ
3374 4431 3688 4502 σοφώτατος

2118 4523 2431 4592 Ἀφραάτης
2470 4520 2750 4592 ἐθελοντὴς
2790 4521 2882 4574 ἐπὶ
2911 4523 3131 4584 τούτους
3179 4524 3528 4595 κατεπήδησε
3561 4527 3690 4588 τοὺς

2107 4617 2344 4687 ἀγῶνας.
2385 4613 2614 4685 Ἡσυχία
2635 4613 2745 4684 γὰρ
2772 4612 3266 4683 συντεθραμμένος,
3291 4615 3384 4667 καὶ
3411 4614 3534 4666 καθ’
3559 4615 3689 4667 ἑαυ-

2106 4712 2197 4765 τὸν
2224 4705 2755 4782 ζῇν-προῃρημένος,
2785 4706 2880 4759 καὶ
2917 4704 3023 4771 ἐξω
3053 4704 3244 4774 βελῶν,
3266 4705 3326 4758 τὺ
3357 4706 3424 4776 δὴ
3454 4705 3686 4774 λεγόμε-

2107 4824 2218 4869 νον,
2250 4803 2582 4874 καθήμενος,
2605 4799 2698 4854 τοῦ
2720 4799 2957 4870 πολέμου
2985 4800 3044 4850 τὸ
3068 4800 3296 4868 σφοδρὸν
3324 4799 3694 4868 θεασάμενος,

2099 4899 2199 4969 τὴν
2233 4896 2437 4951 οἰκείαν
2473 4893 2776 4964 ἀσφάλειαν
2813 4893 2914 4945 οὐκ
2947 4891 3256 4962 ἠγάπησεν,
3287 4891 3402 4945 ἀλλ’
3442 4893 3522 4954 είς
3565 4909 3691 4944 και-

2103 4991 2193 5062 ρὸν
2233 4987 2507 5060 ἐρρῶσθαι
2541 4989 2606 5058 τῇ
2633 4983 2834 5056 ἠσυχίᾳ
2857 4983 3092 5056 φράσας,
3122 4982 3406 5054 πρόμαχος
3441 4982 3540 5051 τῆς
3576 4983 3698 5035 τῶν-

2099 5083 2340 5138 εύσεῦῶν
2362 5083 2580 5150 ἐγένετο
2609 5079 2912 5150 φάλαγγος,
2944 5077 3153 5149 βάλλων
3180 5079 3278 5147 μὲν
3306 5077 3401 5129 καὶ
3429 5075 3550 5147 βίῳ,
3588 5078 3688 5130 καὶ

2098 5177 2260 5250 λόγῳ,
2295 5177 2390 5230 καὶ
2419 5174 2682 5246 θαύμασι,
2714 5171 3041 5243 βαλλόμενος
3071 5169 3127 5222 δὲ
3145 5168 3423 5222 οὐδέποτε.
3462 5169 3572 5221 Καὶ
3593 5167 3690 5239 δή·

2096 5409 2121 5439 ιι
2159 5400 2304 5457 Psal.
2340 5415 2439 5464 cu,
2501 5397 2576 5452 ‘2‘2
2685 5408 2712 5436 ν
2753 5398 2767 5452 l
2804 5397 2947 5451 Tim.
2986 5413 3041 5462 ιι,
3081 5398 3134 5453 8.
3215 5405 3238 5432 ι
3269 5394 3430 5450 Joan.
3467 5412 3540 5459 tv,
3605 5393 3662 5446 2.

1702 5613 1935 5672 νΑιιΙΑῑ
1972 5618 2376 5675 LECTIONES.

488 5753 507 5779 θ
544 5749 814 5833 tas/remp“
850 5749 1067 5833 llerveti
1097 5753 1255 5833 liber,
1281 5755 1440 5833 male.
1468 5753 1588 5809 V'id.
1622 5753 1950 5814 Theodoreti
1986 5758 2046 5813 lsi.
2078 5759 2137 5813 Ε,
2180 5776 2250 5825 ιν,
2281 5760 2370 5827 '22,
2403 5762 2492 5816 ubi
2525 5770 2576 5817 et
2601 5780 2646 5815 ιε.
2685 5762 2754 5815 25
2789 5763 2985 5833 repetit
3030 5765 3402 5821 narrationem
3462 5766 3528 5821 de
3560 5765 3677 5824 cui-

419 5815 604 5888 loquio
637 5818 931 5885 Aphruatis
968 5836 1089 5874 cum
1127 5821 1353 5878 Valente
1382 5825 1521 5895 Aug.
