4030 6406
275 384 416 448 1373

1486 393 1896 455 RELIGIOSA
1930 345 2312 460 msroma.

3414 409 3548 476 13³74

269 513 405 552 ποτε
430 497 770 568 θεασάμενός
800 499 964 552 αὐτὸν
996 500 1218 555 ὸπάντα
1245 504 1472 573 ἀνόητος
1501 504 1753 573 βασιλεὺς
1776 505 1856 568 εἰς

1973 521 2064 578 pro
2098 511 2231 565 orbe
2263 518 2540 566 terrarum
2569 520 2625 567 et
2678 526 2777 582 pro
2825 512 3057 584 imperio
3085 525 3275 585 preces
3303 513 3494 571 oﬂ‘erat
3531 534 3546 572 :

269 590 332 644 τὸ
353 590 653 660 πολεμικὸν
679 589 890 657 ἐξιόντα
914 594 1213 661 γυμνάσιον
1254 595 1408 663 (ἐκεῖ
1445 595 1555 666 γάρ
1581 597 1701 650 τότε
1732 611 1859 649 συν-

278 682 384 752 έϐη
439 684 568 744 τοὺς
623 683 723 752 τῆς
771 683 1001 753 Τριάδος
1047 684 1496 755 συναθροίζεσθαι
1525 687 1855 758 θιασώτας),

271 773 527 839 ὑπέδειξε
556 775 613 828 δέ
653 792 738 838 τις
767 775 929 828 αὑτὸν
967 777 1117 846 παρά
1153 776 1250 848 τὴν
1287 777 1453 849 ὄχθην
1489 779 1584 832 τοῦ
1613 778 1860 849 ποταμοῦ

272 865 572 938 βαδίζοντα
603 866 668 918 ὲκ
695 864 804 918 τῶν
837 864 1126 934 βασιλείων
1149 865 1228 937 τῷ
1257 866 1468 936 βασιλεῖ
1490 869 1858 922 διακύπτοντι·

271 959 444 1028 ⁴ἤρετο
475 959 567 1009 ποῖ
588 957 685 1026 τὴν
721 954 900 1027 ὁρμὴν
929 957 1224 1025 ἐπείγοιτο.
1249 959 1354 1012 Τοῦ
1375 959 1432 1011 δὲ
1461 960 1764 1030 εἰρηκότος,
1787 958 1864 1022 ὼς

271 1048 377 1111 τὰς
411 1047 554 1118 ὑπὲρ
596 1047 697 1115 τῆς
729 1046 1057 1118 οἰκουμένης
1105 1047 1202 1100 καὶ
1229 1048 1329 1118 τῆς
1373 1048 1650 1118 βασιλείας
1677 1048 1863 1102 ἄπεισι

275 1140 595 1212 προσευχὰς
633 1139 1018 1209 ποιησόμενος,
1071 1139 1235 1194 πάλιν
1277 1141 1304 1194 6
1339 1141 1588 1210 Bentleii;
1635 1141 1867 1212 ἀπεκρί-

275 1249 446 1287 νατοο
488 1252 508 1284 ι
548 1231 664 1286 Καὶ
681 1232 733 1286 τί
765 1232 987 1302 δήποτε,
1014 1231 1105 1285 τὸν
1147 1233 1356 1304 μονήρη
1393 1232 1504 1301 βίον
1534 1232 1869 1301 ἐπαγγελλὰ

280 1340 470 1392 μενος,
490 1322 664 1386 ἀδεῶς
687 1322 831 1376 κατά
864 1323 964 1394 τὴν
993 1323 1198 1393 ἀγορὰν
1245 1322 1481 1392 βαδίζεις
1511 1324 1610 1394 τὴν
1635 1324 1868 1394 ἡσυχίαν

275 1413 633 1480 multum;
670 1432 688 1464 ι
735 1413 794 1466 '0
821 1413 879 1466 δὲ
928 1414 1048 1482 (καὶ⁵
1071 1413 1181 1485 γὰρ
1215 1413 1400 1468 εἰώθει
1446 1413 1538 1468 τὸν
1587 1416 1868 1487 Δεσπότην

282 1503 624 1575 μιμούμενος
655 1503 1040 1574 παραϐολικῶς
1061 1503 1519 1573 συλλογίζεσθαι),
1546 1522 1566 1555 ι
1596 1504 1732 1557 Εἰπέ
1753 1522 1864 1575 μοι,

277 1596 410 1666 εφη,
439 1594 486 1648 ὦ
520 1594 762 1664 βασιλεῦ,
809 1595 858 1647 εἰ
915 1595 1186 1663 παρθένος
1225 1595 1520 1665 ἐτύγχανον
1551 1597 1610 1648 ὲν
1640 1595 1870 1666 θαλάμῳ

275 1685 390 1738 τινὶ
426 1687 777 1756 κρυπτομένη
802 1725 818 1748 ,
844 1686 1157 1756 ἐθεασάμην
1180 1685 1239 1739 δὲ
1258 1703 1379 1740 τινα
1400 1685 1510 1757 πῦρ
1531 1685 1870 1756 ἐμϐάλλοντα

276 1780 350 1848 τῇ
382 1777 475 1832 τοῦ
506 1778 713 1848 πατρὸς
743 1776 912 1848 οἰκίᾳ,
935 1778 988 1830 τί
1009 1778 1072 1832 ἄν
1100 1795 1189 1848 μοι
1218 1777 1643 1840 συνεϐούλευσας
1673 1778 1869 1849 δράσαι

1961 607 2293 668 percontans
2377 602 2575 656 iterum
2641 603 2940 675 imperator
3003 623 3016 659 :
3087 609 3214 661 rEt
3282 624 3544 678 quorsum

1963 688 2206 756 tandem,
2259 693 2354 758 ait,
2408 693 2718 762 quiwitam
2772 695 3076 750 solitariam
3134 698 3422 768 professus
3461 717 3544 768 es,

1961 781 2147 850 quiete
2193 784 2408 846 relicta,
2453 784 2634 840 forum
2691 801 2921 842 securus
2955 788 3326 845 obambulas?
3355 811 3371 841 ι
3411 790 3552 846 Tum

1965 872 2078 938 ille,
2110 875 2205 943 qui
2242 873 2458 930 Domini
2491 879 2746 948 exemplo
2782 880 3098 948 parabolice
3132 882 3280 952 loqui
3313 898 3555 938 consue-

1964 973 2150 1017 verat:
2185 983 2203 1016 ι
2231 964 2343 1029 Dic,
2371 967 2573 1037 inquit,
2599 969 2753 1033 mihi,
2774 969 3096 1040 imperator,
3124 973 3170 1026 si
3196 972 3349 1043 virgo
3371 989 3550 1030 essem

1965 1053 2019 1105 in
2049 1053 2292 1110 thalamo
2317 1057 2579 1126 quuplam
2602 1058 2811 1125 abdita,
2847 1069 2900 1115 et
2933 1062 2986 1116 in
3016 1071 3300 1130 paternam
3325 1064 3551 1120 domum

1968 1138 2119 1208 injici
2156 1143 2226 1196 ab
2263 1143 2449 1213 aliquo
2505 1143 2758 1202 ﬂammas
2800 1147 3069 1213 viderem,
3123 1149 3254 1219 quid
3292 1151 3424 1205 mihi
3461 1168 3549 1207 ar-

1929 1230 2183 1303 dentem
2244 1231 2518 1289 ﬂammam
2577 1235 2912 1308 domumque
2970 1240 3250 1295 incensam
3307 1245 3552 1298 cernenti

1970 1323 2278 1379 faciendum
2331 1327 2647 1385 suaderes‘!
2695 1330 2920 1387 lntusne
2953 1333 3226 1400 desidere,
3273 1351 3336 1390 ac
3389 1335 3555 1390 deﬂa-

1967 1427 2217 1487 grantem
2248 1417 2475 1474 domum
2538 1423 2813 1494 negligere
2843 1426 3039 1496 ?atqui
3073 1427 3156 1482 sic
3194 1443 3295 1497 ego
3321 1445 3548 1498 quoque

1971 1507 2226 1564 incendio
2250 1512 2508 1579 perirem.
2537 1511 2631 1568 Sin
2663 1522 2845 1569 autem
2873 1530 3095 1572 currere
3121 1517 3260 1573 dicis
3281 1527 3555 1588 Oportere,

1971 1604 2029 1650 et
2067 1612 2265 1665 aquam
2302 1600 2520 1664 aﬂerre,
2563 1616 2627 1656 ac
2666 1619 2888 1658 sursum
2941 1606 3197 1661 deorsum
3251 1610 3554 1678 pervolare,

1971 1697 2024 1743 et
2055 1688 2328 1745 ﬂammam
2360 1694 2734 1764 exstinguere,
2758 1697 2896 1762 noli,
2934 1698 3252 1768 imperator,
3286 1701 3441 1765 mihi,
3462 1703 3557 1770 qui

1973 1780 2078 1837 hoc
2114 1784 2290 1852 ipsum
2328 1785 2551 1850 faciam,
2585 1802 2936 1844 succensere.
2976 1789 3131 1856 Quod
3171 1793 3316 1845 enim
3351 1792 3555 1862 virgini

279 1870 664 1938 ιξαπτομένην
721 1868 974 1941 θεωμένη
1025 1868 1128 1940 τὴν
1173 1869 1369 1938 φλόγα,
1407 1870 1502 1924 καὶ
1543 1871 1644 1940 τὴν
1690 1870 1866 1924 οἰκίαν

1973 1874 2209 1928 thalamo
2239 1876 2466 1932 inclusa:
2503 1879 2850 1943 consuleres,
2899 1881 3003 1936 hoc
3049 1897 3149 1952 ego
3195 1885 3554 1937 monasticam

279 1962 717 2033 ὲμπιπραμένην
761 1961 976 2035 ὁρώσῃ;
1009 1961 1152 2014 ἔνδον
1192 1961 1496 2032 καθῆσθαι,
1529 1961 1624 2016 καὶ
1653 1979 1868 2034 πυρπο-

279 2054 555 2124 λουμένην
574 2052 675 2122 τὴν
708 2051 888 2106 οἰκίαν
910 2054 1186 2122 παρορᾷν;
1232 2052 1374 2105 Ἀλλ’
1407 2051 1580 2115 οὕτως
1607 2051 1672 2106 ἂν
1697 2052 1872 2120 ἐγενό-

286 2159 399 2215 μην
424 2143 583 2212 κάγὼ
604 2143 704 2212 τῆς
728 2143 1002 2212 πυρκαϊᾶς
1029 2142 1432 2212 παρανάλωμα.
1477 2143 1541 2195 Et
1567 2141 1623 2194 δὲ
1651 2141 1866 2210 λέγεις,

280 2237 368 2288 δτι
395 2235 624 2303 δραμεῖν
654 2232 784 2296 ἔδει,
813 2232 910 2286 καὶ
940 2231 1084 2302 ὕδωρ
1112 2232 1322 2301 φέρειν,
1365 2233 1462 2286 καὶ
1488 2231 1725 2286 διαθέειν
1753 2233 1866 2287 ἄνω

279 2327 381 2379 καὶ
408 2327 580 2388 κάτω,
610 2326 703 2379 καὶ
736 2325 835 2395 τὴν
863 2325 1036 2393 φλόγα
1067 2324 1374 2388 σϐεννύναι,
1407 2325 1480 2396 μὴ
1509 2325 1725 2395 μέμφου
1753 2342 1866 2394 μοι,

277 2414 328 2473 ὧ
360 2418 602 2490 βασιλεῦ,
637 2417 794 2472 τοῦτο
814 2418 945 2470 αὐτο
977 2416 1240 2470 ποιοῦντι.
1281 2419 1346 2470 ’Ὀ
1375 2416 1487 2486 γὰρ
1514 2417 1580 2470 ἂν
1607 2415 1866 2470 συνεϐού-

276 2511 479 2572 λευσας
503 2509 923 2581 θαλαμευομένῃ
952 2507 1206 2580 παρθένῳ
1227 2550 1242 2572 ,
1272 2506 1432 2560 τοῦτο
1460 2508 1592 2578 δρᾷν
1623 2509 1869 2575 ἁναγκά·

279 2603 451 2675 ζομαι
483 2603 574 2656 τὸν
616 2603 829 2672 μονήρη
869 2602 984 2671 βίον
1015 2601 1448 2672 ὲπηγγελμένος.
1483 2601 1546 2654 Εἰ
1585 2601 1641 2654 δὲ
1675 2600 1868 2674 μέμφῃ

284 2709 378 2766 μοι
435 2695 534 2764 τὴν
583 2691 817 2764 ἡσυχίαν
873 2693 1268 2760 καταλιπόντι,
1318 2695 1633 2764 ὲπιμέμφου
1686 2691 1868 2762 σαυτῷ

287 2784 488 2856 ταύτην
524 2785 606 2848 εἰς
635 2785 726 2837 τὸν
757 2783 900 2837 θεῖον
928 2778 1076 2838 οἶκον
1102 2783 1393 2854 ἐμϐαλόντι
1419 2785 1518 2855 τὴν
1545 2784 1742 2853 φλόγα,
1775 2783 1870 2836 καὶ

283 2879 363 2948 μὴ
391 2877 517 2947 ἐμοὶ
548 2874 830 2938 σϐεννύναι
871 2874 1200 2946 βιαζομένῳ.
1239 2875 1364 2930 Ὅτι
1396 2875 1494 2946 μὲν
1515 2875 1622 2944 γάρ
1663 2873 1865 2944 δήπου·⁵

281 2967 375 3019 θεν
401 2965 699 3036 ἐπαμύνειν
721 2967 988 3036 προσήκει
1011 2965 1146 3036 οἴκῳ
1168 2965 1407 3037 πατρῴῳ
1430 2963 1862 3036 ἐμπιπραμένῳ,

1965 1964 2131 2018 vitam
2173 1964 2380 2021 ducens
2411 1969 2594 2022 facere
2624 1984 2812 2038 cogor.
2839 1968 2996 2036 Quod
3019 1971 3066 2026 si
3099 1972 3232 2025 vitio
3261 1973 3360 2027 das
3389 1973 3548 2040 mihi,

1961 2051 2108 2120 quod
2127 2053 2364 2122 quietem
2391 2055 2732 2124 reliquerim,
2759 2057 2960 2112 damna
2978 2058 3356 2130 teipsum,qui
3383 2061 3435 2114 in
3461 2060 3556 2115 Dei

1965 2143 2191 2199 domum
2215 2143 2487 2200 ﬂammam
2525 2149 2684 2202 istam
2727 2150 2989 2218 iniecisti,
3032 2167 3141 2206 non
3174 2167 3260 2206 me
3296 2153 3389 2222 qui
3434 2168 3553 2206 eam

1966 2247 2134 2306 cogor
2163 2237 2526 2306 restinguere.
2561 2237 2693 2292 Nam
2716 2248 2956 2310 paternae
2988 2241 3176 2296 domui
3196 2242 3558 2314 eonﬂagranti

1968 2328 2405 2381 succurrendum
2422 2344 2544 2384 esse
2566 2337 2679 2384 tute
2697 2329 2990 2387 confessus
3002 2347 3062 2387 es
3084 2351 3097 2386 :
3125 2333 3359 2387 terrenis
3378 2341 3560 2385 autem

1969 2417 2298 2486 parentibus
2329 2419 2598 2473 veriorem
2621 2418 2838 2475 Patrem
2863 2420 3036 2476 Deum
3063 2437 3207 2488 esse,
3243 2422 3327 2475 vel
3348 2421 3562 2475 divina-

1966 2522 2088 2562 rum
2113 2523 2295 2562 rerum
2313 2508 2583 2578 imperitis
2609 2511 2962 2581 perspicuum
2990 2519 3098 2568 est.
3127 2511 3401 2578 Quocirca
3425 2511 3564 2564 nihil

1970 2598 2271 2652 absurdum
2322 2615 2423 2654 nec
2455 2617 2482 2654 a
2512 2601 2698 2671 priore
2735 2601 2990 2658 instituto
3034 2603 3274 2657 alienum
3306 2601 3562 2664 facimus,

1965 2691 2284 2762 imperator,
2301 2693 2430 2748 dum
2450 2695 2671 2763 pietatis
2688 2695 2943 2750 alumnos
2961 2695 3016 2750 in
3039 2696 3496 2766 unumcogimus,
3511 2701 3566 2748 et

1967 2781 2271 2850 pascimus,
2308 2783 2701 2853 caelestemque
2726 2783 2837 2839 illis
2865 2783 3098 2839 herbam
3147 2784 3504 2856 porrigimus.
3540 2801 3560 2833 ι

1975 2870 2071 2927 llis
2091 2871 2278 2939 dictis,
2293 2874 2461 2929 tacite
2483 2889 2748 2930 assensus
2771 2876 2885 2929 est‘
2910 2875 3231 2946 imperator,
3253 2874 3556 2944 responsio-

1973 2965 2065 3020 nis
2084 2966 2343 3036 aequitate
2366 2966 2680 3023 convictus.
3493 2957 3515 2977 ’

279 3058 377 3112 καὶ
405 3058 570 3122 αὐτὸς
596 3058 979 3129 ὼμολόγησαςτ
1016 3059 1099 3112 ὅτι
1127 3059 1184 3110 δὲ
1218 3058 1329 3112 τῶν
1349 3059 1442 3112 ἐπὶ
1471 3059 1573 3128 γῆς
1607 3058 1861 3128 πατέρων
1899 3057 2268 3130 γνησιώτερος
2301 3059 2330 3111 6
2356 3059 2510 3124 Θεὸς,
2545 3058 2709 3112 παντί
2736 3075 2838 3112 που
2865 3058 3046 3129 δῆλον,
3079 3060 3170 3112 καὶ
3234 3056 3312 3127 τῷ
3370 3071 3562 3109 παντε-

278 3149 391 3212 λῶς
423 3150 659 3221 άμυήτῳ
683 3150 794 3203 τῶν
823 3149 1006 3205 θείων.
1056 3149 1223 3204 Οὐδὲν
1257 3150 1440 3204 τοίνυν
1481 3149 1591 3203 ἀπὸ
1635 3147 1862 3211 σκοποῦ,
1936 3147 2058 3200 οὐδὲ
2084 3148 2184 3220 τῆς
2247 3147 2486 3220 ὲξαρχῆς
2534 3148 2905 3220 προαιρέσεως
2947 3147 3189 3200 ἐναντίον
3227 3145 3562 3217 πράττομεν,

279 3235 328 3295 ὦ
355 3241 597 3312 βασιλεῦ,
631 3241 756 3304 τοὺς
791 3241 889 3312 τῆς
936 3239 1215 3304 εὐσεϐείας
1256 3241 1554 3312 τροφίμους
1581 3235 2021 3310 συναθροίζοντές
2042 3256 2099 3292 τε
2127 3239 2222 3294 καὶ
2251 3239 2526 3310 νέμοντες,
2594 3240 2688 3293 καὶ
2753 3239 2852 3309 τὴν
2929 3237 3081 3291 θείαν
3127 3238 3308 3301 αὐτοῖς
3390 3253 3566 3308 προσ-

282 3335 544 3406 φέροντες
577 3334 736 3386 πόαν.
767 3352 786 3384 ι
818 3332 1036 3386 Τούτων
1064 3331 1391 3402 εἰρημένων,
1426 3335 1455 3386 6
1489 3334 1587 3404 μὲν
1613 3331 1862 3398 βασιλεὺς
1899 3329 2268 3401 ἐπεψηφίζετο
2298 3333 2375 3403 τῷ
2397 3335 2495 3404 τῆς
2512 3332 2808 3401 ἀπολογίας
2835 3330 3027 3402 δικαίῳ
3055 3328 3445 3398 συλλογισθείς.

355 3419 453 3486 Εἷς
481 3424 540 3477 δέ
565 3439 650 3486 τις
674 3409 782 3476 τῶν
807 3420 941 3475 οὔτε·
959 3422 1038 3484 εἰς
1063 3420 1284 3492 ἄνδρας,
1325 3421 1449 3473 olive
1491 3423 1571 3484 εἰς
1614 3423 1869 3490 γυναῖκας

2051 3421 2288 3486 Quidam
2314 3433 2494 3476 autem
2525 3437 2591 3477 ex
2629 3421 2700 3477 iis
2726 3422 2819 3492 qui
2844 3437 2947 3477 nec
2980 3421 3084 3475 viri
3116 3428 3436 3485 censentur,
3472 3434 3572 3473 nrc

282 3513 606 3578 τελούντων,
635 3511 750 3566 ἀλλ’
779 3513 1150 3584 ἀφῃρημένων
1183 3513 1244 3566 τὸ
1273 3511 1351 3582 τῷ
1389 3512 1568 3583 χρόνῳ
1611 3510 1866 3580 γενέσθαι

284 3606 552 3676 πατέρας,
582 3605 674 3658 καὶ
706 3604 896 3658 τούτου
934 3604 1118 3658 εἵνεκα
1151 3602 1328 3657 εὔνοοι
1357 3599 1498 3657 εἶναι
1538 3601 1750 3673 βασιλεί
1781 3617 1866 3653 νο-

287 3698 597 3770 μιζόμενοι,
624 3697 718 3749 καὶ
746 3695 844 3766 τὴν
873 3695 1244 3767 προσηγορίαν
1271 3694 1520 3748 ἐντεῦθεν
1550 3691 1866 3764 καρπούμε-

284 3805 389 3851 νοι,
411 3781 566 3850 οὗτος
595 3785 800 3840 ἄνωθεν
829 3785 908 3857 τῷ
936 3785 1066 3856 θείῳ
1095 3784 1369 3858 ἀνθρώπῳ
1391 3783 1864 3855 λοιδορησάμενος,

287 3878 384 3934 at
412 3879 640 3933 θάνατον
681 3877 1160 3948 προσηπείλησενο
1214 3876 1331 3930 ἀλλ’
1381 3876 1480 3929 οὐκ
1528 3876 1608 3937 εἰς
1650 3873 1868 3946 μακρὰν

284 3971 434 4025 ιτισε
453 3971 553 4041 τῆς
585 3970 924 4042 θρασύτητος
951 3969 1133 4039 δίκην.
1168 3968 1275 4022 Τοῦ
1304 3969 1412 4040 γάρ
1458 3966 1719 4038 βασιλέως
1769 3965 1868 4036 βα·

286 4063 488 4132 λανείῳ
537 4062 598 4116 τὸ
649 4061 809 4132 σῶμα
863 4060 1201 4132 θεραπεῦσαι
1233 4060 1580 4130 θελήσαντος,
1631 4050 1870 4128 προῆλθε

293 4155 390 4224 μὲν
421 4157 450 4208 6
477 4153 728 4216 δείλαιος,
757 4154 832 4215 ὡς
859 4152 960 4222 τὴν
985 4151 1186 4204 πύελον
1216 4151 1501 4221 ὀψόμενος,
1542 4150 1590 4202 εἰ
1617 4143 1677 4203 εὖ
1710 4164 1870 4202 κεκε-

289 4249 540 4317 ρασμένη
570 4248 652 4318 εἴη
675 4261 689 4277 ’
725 4245 1002 4316 πηρωθεὶς
1032 4245 1089 4297 δὲ
1111 4244 1210 4307 τὰς
1249 4243 1474 4314 φρένας,
1507 4245 1573 4313 τῇ
1610 4241 1670 4294 τὸ
1698 4241 1873 4311 ἄκρα·-

286 4353 382 4392 τον
409 4337 674 4407 δεχομένῃ
707 4335 908 4406 θερμὸν
957 4333 1103 4406 ὕδωρ
1157 4334 1504 4406 ὲπεπήδησεν
1547 4333 1873 4404 ἀσαμίνθῳ,

1971 3514 2212 3579 femiuzze,
2261 3515 2576 3586 quibusque
2601 3515 2915 3584 ademptum
2947 3522 3031 3569 est
3051 3530 3118 3568 ne
3141 3513 3355 3583 1182
3381 3521 3567 3583 patres

1971 3606 2085 3661 fieri
2118 3621 2356 3676 unquam
2379 3607 2609 3676 possint,
2627 3621 2802 3676 eoque
2827 3607 3075 3660 benevoli
3093 3605 3410 3674 imperatori
3435 3619 3562 3658 esse

1968 3697 2288 3762 creduntur,
2312 3698 2544 3768 indeque
2557 3713 2754 3753 nomen
2775 3696 3075 3765 accipiunt,
3097 3711 3219 3748 cum
3244 3694 3419 3747 virum
3441 3709 3575 3748 san-

1969 3799 2116 3844 ctum
2137 3786 2398 3844 conviciis
2417 3787 2620 3843 dudum
2640 3796 2785 3843 esset
2803 3788 3126 3847 insectatus,
3151 3786 3314 3839 etiam
3339 3781 3571 3840 niortem

1970 3881 2333 3939 comminatus
2361 3888 2462 3935 est.
2488 3879 2594 3934 Sed
2628 3880 2868 3934 audaciae
2900 3893 3089 3949 poenas
3117 3893 3225 3931 non
3258 3877 3428 3930 inulto
3447 3885 3571 3946 post

1970 3973 2139 4027 dedit.
2167 3970 2300 4025 Nam
2351 3986 2473 4025 cum
2514 3970 2567 4025 in
2588 3971 2782 4025 balneo
2804 3984 3002 4038 corpus
3021 3968 3202 4021 lavare
3224 3966 3383 4019 vellet
3403 3965 3575 4035 impe-

1972 4071 2124 4120 rator
2156 4062 2460 4133 ,przecessit
2482 4060 2690 4125 infelix,
2713 4060 2908 4116 solium
2928 4060 3302 4130 inSpecturus,
3328 4072 3395 4110 an
3426 4066 3574 4113 recte

1971 4162 2118 4210 esset
2140 4163 2523 4224 temperatum,
2543 4161 2832 4222 emotaque
2861 4158 3038 4205 mente
3058 4150 3259 4205 desiliit
3282 4150 3336 4203 in
3361 4149 3572 4204 labrum

1979 4247 2126 4317 quod
2159 4243 2460 4301 ferventem
2487 4259 2686 4316 aquam
2721 4243 3043 4298 continebat
3081 4261 3094 4297 :
3131 4249 3185 4297 et
3217 4255 3340 4295 eum
3381 4243 3572 4295 nullus

1978 4340 2223 4406 adesset,
2260 4337 2391 4409 quia
2419 4338 2569 4393 solus
2623 4336 2692 4391 ad
2731 4336 3134 4406 explorandum
3163 4331 3425 4396 intrarat,
3460 4349 3556 4388 co-

288 4430 386 4484 καὶ
413 4428 625 4490 οὐδενὸς
655 4427 803 4481 ἔνδον
850 4427 1116 4498 παρόντος
1170 4426 1356 4498 (μόνος
1398 4425 1508 4496 γὰρ
1537 4424 1798 4496 ὀψόμενος
1828 4426 1869 4476 εἰ

1978 4445 2100 4490 ctus
2153 4432 2418 4488 remansit
2449 4440 2502 4485 et
2541 4428 2871 4484 tabefactus.
2925 4427 3222 4498 Aliquanto
3264 4433 3390 4494 post
3437 4427 3576 4479 alte.

289 4520 556 4590 εὐτρεπὲς
577 4521 662 4586 εἴη
689 4517 1045 4589 εἰσελήλυθε),
1066 4518 1332 4590 διέμεινεν
1357 4518 1624 4588 ἑψόμενος
1645 4518 1739 4570 καὶ
1762 4515 1869 4570 δια·

1982 4544 2104 4583 rum
2143 4526 2292 4580 misit
2325 4525 2646 4594 imperator,
2686 4521 2783 4591 qui
2816 4536 2940 4575 eum
2973 4525 3196 4575 vocaret
3231 4536 3244 4572 :
3292 4518 3383 4586 qui
3439 4533 3568 4571 cum

295 4613 573 4682 λυόμενος.
602 4612 812 4680 Χρόνου
850 4609 910 4662 δὲ
942 4609 1146 4678 μεταξὺ
1197 4609 1545 4680 τριϐομένου,
1578 4607 1869 4678 εἰσπέμπει

1981 4635 2079 4690 per
2111 4617 2280 4674 cellas
2309 4629 2504 4672 omnes
2542 4613 2817 4668 neminem
2852 4609 3175 4682 reperisset,
3213 4607 3450 4678 principi
3487 4623 3574 4660 re-

291 4703 454 4760 ιλλον
479 4705 507 4755 ὁ
532 4702 787 4772 βασιλεὺς
810 4703 1018 4755 ἐκεῖνον
1047 4701 1371 4764 καλέσοντα,
1411 4701 1603 4754 οὐδένα
1635 4701 1693 4754 δὲ
1724 4695 1869 4764 οὗτος

1984 4709 2278 4764 nuntiavit.
2331 4709 2645 4762 Accurrunt
2695 4702 2892 4758 exinde
2949 4701 3285 4770 complures,
3335 4707 3388 4753 et
3429 4699 3572 4754 solia

295 4796 356 4848 ὲν
383 4793 560 4848 οὐδενὶ
591 4792 701 4846 τῶν
732 4795 897 4846 οεκων
926 4792 1124 4864 εὑρὼν,
1160 4791 1501 4860 ἀπαγγέλλει
1532 4791 1610 4863 τῷ
1644 4789 1869 4862 βασιλεῖ’.

1978 4801 2163 4856 omnia
2218 4798 2576 4869 perlustrant,
2611 4793 2945 4864 tandemque
2987 4792 3055 4848 ad
3093 4792 3225 4846 illud
3267 4791 3574 4856 venientes,

305 4883 406 4938 Ἐκ
449 4883 638 4936 τούτου
695 4883 912 4947 πλείους
958 4882 1195 4936 εἰσέθεον
1250 4883 1348 4947 τὰς
1383 4883 1624 4946 πυέλους
1659 4884 1878 4947 ἁπάσας

293 4975 732 5046 διερευνώμενοι,
764 4975 859 5028 καὶ
890 4974 950 5027 τὸ
978 4975 1286 5027 τελευταῖον
1316 4975 1395 5038 εἰς
1430 4975 1645 5045 ἐκείνην
1683 4977 1880 5043 ἀφικό-

300 5085 472 5136 μενοι,
505 5067 704 5138 ὁρῶσιν
729 5067 890 5120 αὑτὸν
922 5066 1273 5138 ἐρριμμένον,
1305 5066 1400 5120 καὶ
1429 5069 1529 5138 τῆς
1556 5067 1700 5138 ζωῆς
1731 5070 1882 5122 ἐστε-

301 5162 556 5233 ρημένον.
592 5161 833 5232 Θορύϐου
865 5161 924 5213 δὲ
957 5160 1270 5230 γενομένου,
1304 5158 1398 5211 καὶ
1445 5159 1662 5212 πάντων
1696 5158 1881 5230 ὀδυρο-

303 5254 500 5324 μένων,
526 5253 576 5306 οἱ
607 5253 704 5321 μὲν
734 5252 792 5304 τὸ
823 5247 1023 5322 θερμὸν
1053 5252 1228 5304 ἐκεῖνο
1258 5249 1590 5320 ἐξήντλησαν
1625 5247 1789 5320 ὕδωρ,
1828 5250 1878 5302 οἰ

299 5345 358 5397 δὲ
384 5343 445 5397 τὸ
476 5342 781 5415 τρισάθλιον
829 5343 1160 5412 ἀνεκόμισαν
1191 5342 1370 5409 σῶμα.
1435 5340 1716 5393 Ἐντεῦθεν
1765 5339 1881 5404 δέος

303 5435 589 5488 ἐπιπίπτει
613 5434 688 5501 τῷ
722 5433 953 5503 βασιλεῖ,
989 5435 1086 5486 καὶ
1109 5436 1242 5486 πᾶσι
1269 5437 1380 5498 τοῖς
1413 5431 1551 5486 κατὰ
1595 5432 1694 5502 τῆς
1733 5433 1886 5486 εὐσε-

242 5555 248 5568 ρ
303 5527 456 5590 ϐείας
481 5527 880 5597 όπλιζομένοις.
934 5528 1093 5597 Φήμη
1121 5527 1178 5580 δὲ
1228 5527 1315 5579 διὰ
1367 5527 1548 5595 πάσης
1580 5526 1764 5595 ὴχεῖτο
1787 5525 1883 5593 τῆς

307 5619 530 5682 πόλεως,
563 5619 679 5680 οἵας
701 5619 905 5680 ἐκεῖνος
927 5619 953 5669 ὁ
975 5617 1318 5688 ταλαίπωρος
1348 5621 1442 5687 τῆς
1471 5618 1612 5669 κατᾶ
1642 5616 1884 5686 Ἀφραὰο

303 5727 396 5762 του
436 5709 716 5780 παροινίας
749 5708 889 5761 ἔτισε
920 5707 1095 5770 δίκας,
1131 5709 1225 5760 καὶ
1260 5709 1457 5771 πάντες
1492 5707 1580 5760 τὸν
1631 5706 1879 5777 ’Δφρσιέι-

305 5819 396 5859 του
425 5802 690 5860 διετέλουν
724 5799 1016 5869 ὑμνοῦντες
1057 5799 1207 5853 Θεόν.
1259 5799 1428 5853 Τοῦτο
1478 5799 1581 5853 τῶν
1627 5799 1883 5856 ἐναντίων

1987 4901 2322 4963 prostratum
2349 4888 2723 4946 etexanimem
2743 4885 3114 4957 conspiciunt.
3141 4884 3406 4938 Tumultu
3440 4899 3573 4937 cou-

1988 4983 2179 5043 citato,
2211 4979 2474 5034 ﬂentibus
2500 4977 2804 5041 universis,
2839 4976 2932 5030 alii
2992 4974 3294 5031 ferventem
3326 4975 3472 5029 illam
3513 4990 3570 5025 a-

1989 5089 2151 5144 quam
2182 5071 2532 5135 exhauriunt,
2563 5071 2656 5124 alii
2678 5068 3050 5124 miserrimum
3077 5081 3276 5136 corpus
3306 5065 3575 5124 educunt,

1999 5165 2136 5220 Hinc
2175 5175 2353 5218 terror
2408 5164 2798 5234 imperatorem
2859 5161 3094 5225 invadit,
3150 5169 3204 5213 et
3251 5175 3442 5212 omnes
3479 5158 3578 5228 qui

1998 5259 2270 5314 adversus
2295 5255 2554 5324 pietatem
2589 5255 2795 5310 bellum
2834 5265 3032 5324 gerunt
3067 5271 3079 5307 :
3112 5265 3449 5322 sparsusque
3482 5265 3578 5319 per

1993 5349 2182 5404 urbem
2210 5355 2295 5404 est
2344 5361 2555 5411 rumor,
2593 5361 2756 5416 quam
2796 5359 2991 5413 graves
3021 5358 3211 5413 poenas
3233 5341 3395 5396 luerit
3433 5340 3576 5393 infe-

1996 5440 2071 5495 lix
2118 5440 2231 5503 ille,
2273 5437 2367 5507 qui
2408 5435 2739 5506 Apbraatem
2773 5435 3108 5505 petulantius
3148 5434 3478 5504 exagitarat,
3515 5443 3569 5487 ct

1992 5530 2158 5586 Deum
2190 5527 2480 5600 Aphraatis
2545 5527 2794 5581 certatim
2849 5541 3041 5580 omnes
3097 5524 3350 5580 laudibus
3386 5525 3574 5578 eﬂ‘cre-

1993 5623 2143 5677 bant.
2179 5621 2311 5687 Qum
2341 5635 2429 5675 res
2453 5619 2687 5682 obstitit,
2725 5634 2808 5681 ne,
2840 5618 2986 5686 quod
3008 5618 3321 5671 adversarii
3349 5625 3568 5669 conton-

1993 5715 2216 5776 debant,
2253 5714 2307 5766 in
2337 5711 2594 5765 exsiliunt
2631 5711 2974 5780 relegaretur
3005 5710 3089 5763 vir
3122 5708 3238 5763 Dei.
3263 5708 3572 5761 Exterritus

1996 5822 2228 5875 namque
2261 5805 2578 5875 imperator,
2617 5817 2710 5858 eos
2738 5801 2830 5874 qui
2862 5799 2912 5856 id
2945 5799 3239 5858 suaderent
3281 5798 3567 5858 ενοι-δηίων
