  <div class='ocr_page' id='page_1' title='image "/cluster/home/n/w/nwhite01/storage/ocr_20150623/82:no.3/coo.31924054869833/695.png"; bbox 0 0 4030 6458; ppageno 0'>
   <div class='ocr_carea' id='block_1_1' title="bbox 471 402 612 470">
    <p class='ocr_par' dir='ltr' id='par_1_1' title="bbox 471 402 612 470">
     <span class='ocr_line' id='line_1_1' title="bbox 471 402 612 470; baseline 0.028 -4"><span class='ocrx_word' id='word_1_1' title='bbox 471 402 612 470; x_wconf 80' lang='lat'><strong>1375</strong></span> 
     </span>
    </p>
   </div>
   <div class='ocr_carea' id='block_1_2' title="bbox 1465 358 2728 476">
    <p class='ocr_par' dir='ltr' id='par_1_2' title="bbox 1465 358 2728 476">
     <span class='ocr_line' id='line_1_2' title="bbox 1465 358 2728 476; baseline 0.004 -5"><span class='ocrx_word' id='word_1_2' title='bbox 1465 358 1957 471; x_wconf 63' lang='lat' dir='ltr'><strong>meliorum</strong></span> <span class='ocrx_word' id='word_1_3' title='bbox 1988 408 2331 472; x_wconf 84' lang='lat' dir='ltr'><strong>EPISCOPI</strong></span> <span class='ocrx_word' id='word_1_4' title='bbox 2358 411 2728 476; x_wconf 74' lang='lat' dir='ltr'><strong>CYRBNSIS</strong></span> 
     </span>
    </p>
   </div>
   <div class='ocr_carea' id='block_1_3' title="bbox 3614 413 3763 483">
    <p class='ocr_par' dir='ltr' id='par_1_3' title="bbox 3614 413 3763 483">
     <span class='ocr_line' id='line_1_3' title="bbox 3614 413 3763 483; baseline -0.007 -1"><span class='ocrx_word' id='word_1_5' title='bbox 3614 413 3763 483; x_wconf 73' lang='lat'><strong>1370</strong></span> 
     </span>
    </p>
   </div>
   <div class='ocr_carea' id='block_1_4' title="bbox 467 488 2045 603">
    <p class='ocr_par' dir='ltr' id='par_1_4' title="bbox 467 488 2045 592">
     <span class='ocr_line' id='line_1_4' title="bbox 467 488 2045 592; baseline 0.003 -21"><span class='ocrx_word' id='word_1_6' title='bbox 467 524 586 585; x_wconf 89' lang='lat' dir='ltr'><strong>tur,</strong></span> <span class='ocrx_word' id='word_1_7' title='bbox 627 518 806 575; x_wconf 87' lang='lat' dir='ltr'><strong>virum</strong></span> <span class='ocrx_word' id='word_1_8' title='bbox 833 488 1018 576; x_wconf 72' lang='lat' dir='ltr'><strong>autem</strong></span> <span class='ocrx_word' id='word_1_9' title='bbox 1047 518 1358 576; x_wconf 73' lang='lat' dir='ltr'><strong>reverentia</strong></span> <span class='ocrx_word' id='word_1_10' title='bbox 1383 521 1844 592; x_wconf 73' lang='lat' dir='ltr'><strong>prosequebatur.</strong></span> <span class='ocrx_word' id='word_1_11' title='bbox 1883 518 2045 590; x_wconf 67' lang='lat' dir='ltr'><strong>Cujus</strong></span> 
     </span>
    </p>
   </div>
   <div class='ocr_carea' id='block_1_5' title="bbox 2152 488 3761 603">
    <p class='ocr_par' dir='ltr' id='par_1_5' title="bbox 2161 523 3761 603">
     <span class='ocr_line' id='line_1_5' title="bbox 2161 523 3761 603; baseline 0.004 -29"><span class='ocrx_word' id='word_1_12' title='bbox 2161 523 2527 593; x_wconf 72' lang='grc' dir='ltr'><strong>ἐπικειμένων</strong></span> <span class='ocrx_word' id='word_1_13' title='bbox 2550 524 3043 598; x_wconf 75' lang='grc' dir='ltr'>ἐξοστρακισθῆναι</span> <span class='ocrx_word' id='word_1_14' title='bbox 3064 526 3158 582; x_wconf 79' lang='grc' dir='ltr'>τὸν</span> <span class='ocrx_word' id='word_1_15' title='bbox 3175 527 3270 582; x_wconf 83' lang='grc' dir='ltr'>τοῦ</span> <span class='ocrx_word' id='word_1_16' title='bbox 3290 527 3429 583; x_wconf 60' lang='lat' dir='ltr'><strong>Geo?»</strong></span> <span class='ocrx_word' id='word_1_17' title='bbox 3458 529 3761 603; x_wconf 71' lang='grc' dir='ltr'>ἄνθρωπον.</span> 
     </span>
    </p>
   </div>
   <div class='ocr_carea' id='block_1_6' title="bbox 466 609 1499 683">
    <p class='ocr_par' dir='ltr' id='par_1_6' title="bbox 466 609 1499 683">
     <span class='ocr_line' id='line_1_6' title="bbox 466 609 1499 683; baseline 0.005 -21"><span class='ocrx_word' id='word_1_18' title='bbox 466 609 731 683; x_wconf 71' lang='lat' dir='ltr'><strong>virtutem</strong></span> <span class='ocrx_word' id='word_1_19' title='bbox 761 610 931 666; x_wconf 90' lang='lat' dir='ltr'><strong>etiam</strong></span> <span class='ocrx_word' id='word_1_20' title='bbox 967 610 1191 666; x_wconf 85' lang='lat' dir='ltr'><strong>aliunde</strong></span> <span class='ocrx_word' id='word_1_21' title='bbox 1216 611 1499 682; x_wconf 75' lang='lat' dir='ltr'><strong>cognovit.</strong></span> 
     </span>
    </p>
   </div>
   <div class='ocr_carea' id='block_1_7' title="bbox 2154 612 3763 690">
    <p class='ocr_par' dir='ltr' id='par_1_7' title="bbox 2154 612 3763 690">
     <span class='ocr_line' id='line_1_7' title="bbox 2154 612 3763 690; baseline 0.006 -25"><span class='ocrx_word' id='word_1_22' title='bbox 2154 612 2503 669; x_wconf 70' lang='grc' dir='ltr'><strong>διεκώλυσεν.</strong></span> <span class='ocrx_word' id='word_1_23' title='bbox 2538 616 3028 687; x_wconf 78' lang='grc' dir='ltr'>·Ἐκδειματωθείς</span> <span class='ocrx_word' id='word_1_24' title='bbox 3081 617 3191 690; x_wconf 83' lang='grc' dir='ltr'>γὰρ</span> <span class='ocrx_word' id='word_1_25' title='bbox 3215 621 3245 673; x_wconf 84' lang='grc' dir='ltr'><strong>ό</strong></span> <span class='ocrx_word' id='word_1_26' title='bbox 3301 619 3581 690; x_wconf 82' lang='grc' dir='ltr'>βασιλεὺς,</span> <span class='ocrx_word' id='word_1_27' title='bbox 3619 620 3763 683; x_wconf 80' lang='grc' dir='ltr'>τοὺς</span> 
     </span>
    </p>
   </div>
   <div class='ocr_carea' id='block_1_8' title="bbox 388 701 3762 782">
    <p class='ocr_par' dir='ltr' id='par_1_8' title="bbox 388 701 3762 782">
     <span class='ocr_line' id='line_1_8' title="bbox 388 701 3762 782; baseline 0.003 -29"><span class='ocrx_word' id='word_1_28' title='bbox 388 738 397 747; x_wconf 91' lang='grc'><strong>.</strong></span> <span class='ocrx_word' id='word_1_29' title='bbox 476 701 578 773; x_wconf 62' lang='grc' dir='ltr'>μὲν</span> <span class='ocrx_word' id='word_1_30' title='bbox 614 701 789 757; x_wconf 83' lang='grc' dir='ltr'>ταῦτα</span> <span class='ocrx_word' id='word_1_31' title='bbox 819 702 1223 773; x_wconf 81' lang='grc' dir='ltr'><strong>παραινοῦντας</strong></span> <span class='ocrx_word' id='word_1_32' title='bbox 1264 702 1679 775; x_wconf 82' lang='grc' dir='ltr'>ἀπεστρέφετο,</span> <span class='ocrx_word' id='word_1_33' title='bbox 1721 704 1782 757; x_wconf 77' lang='grc' dir='ltr'><strong>ἐν</strong></span> <span class='ocrx_word' id='word_1_34' title='bbox 1829 703 1970 758; x_wconf 82' lang='grc' dir='ltr'>αἰδοῖ</span> <span class='ocrx_word' id='word_1_35' title='bbox 1996 702 2055 756; x_wconf 75' lang='grc' dir='ltr'><strong>δέ</strong></span> <span class='ocrx_word' id='word_1_36' title='bbox 2090 702 2182 758; x_wconf 82' lang='grc' dir='ltr'>τὸν</span> <span class='ocrx_word' id='word_1_37' title='bbox 2215 703 2388 777; x_wconf 81' lang='grc' dir='ltr'>ἄνδρα</span> <span class='ocrx_word' id='word_1_38' title='bbox 2418 702 2585 777; x_wconf 73' lang='grc' dir='ltr'>εἶχεν.</span> <span class='ocrx_word' id='word_1_39' title='bbox 2625 708 2841 779; x_wconf 81' lang='grc' dir='ltr'>Ἔμαθε</span> <span class='ocrx_word' id='word_1_40' title='bbox 2905 709 2964 763; x_wconf 73' lang='grc' dir='ltr'>δὲ</span> <span class='ocrx_word' id='word_1_41' title='bbox 3017 710 3117 782; x_wconf 87' lang='grc' dir='ltr'><strong>τὴν</strong></span> <span class='ocrx_word' id='word_1_42' title='bbox 3163 709 3366 782; x_wconf 79' lang='grc' dir='ltr'>ἀρετὴν</span> <span class='ocrx_word' id='word_1_43' title='bbox 3407 710 3573 765; x_wconf 78' lang='grc' dir='ltr'>αὐτοῦ</span> <span class='ocrx_word' id='word_1_44' title='bbox 3653 711 3762 767; x_wconf 68' lang='grc' dir='ltr'>καὶ</span> 
     </span>
    </p>
   </div>
   <div class='ocr_carea' id='block_1_9' title="bbox 471 798 762 871">
    <p class='ocr_par' dir='ltr' id='par_1_9' title="bbox 471 798 762 871">
     <span class='ocr_line' id='line_1_9' title="bbox 471 798 762 871; baseline 0 -17"><span class='ocrx_word' id='word_1_45' title='bbox 471 798 762 871; x_wconf 69' lang='grc' dir='ltr'>ἑτέρωθεν.</span> 
     </span>
    </p>
   </div>
   <div class='ocr_carea' id='block_1_10' title="bbox 543 891 2053 963">
    <p class='ocr_par' dir='ltr' id='par_1_10' title="bbox 543 891 2053 963">
     <span class='ocr_line' id='line_1_10' title="bbox 543 891 2053 963; baseline 0.001 -18"><span class='ocrx_word' id='word_1_46' title='bbox 543 891 730 961; x_wconf 87' lang='lat' dir='ltr'><strong>Equus</strong></span> <span class='ocrx_word' id='word_1_47' title='bbox 760 897 881 944; x_wconf 88' lang='lat' dir='ltr'><strong>erat</strong></span> <span class='ocrx_word' id='word_1_48' title='bbox 902 905 1106 961; x_wconf 81' lang='lat' dir='ltr'><strong>genere</strong></span> <span class='ocrx_word' id='word_1_49' title='bbox 1135 891 1362 957; x_wconf 84' lang='lat' dir='ltr'><strong>nobilis,</strong></span> <span class='ocrx_word' id='word_1_50' title='bbox 1389 902 1446 948; x_wconf 90' lang='lat' dir='ltr'><strong>et</strong></span> <span class='ocrx_word' id='word_1_51' title='bbox 1479 894 1843 958; x_wconf 76' lang='lat' dir='ltr'><strong>exercitatus,</strong></span> <span class='ocrx_word' id='word_1_52' title='bbox 1871 892 2053 963; x_wconf 84' lang='lat' dir='ltr'><strong>impe-</strong></span> 
     </span>
    </p>
   </div>
   <div class='ocr_carea' id='block_1_11' title="bbox 468 982 2051 1058">
    <p class='ocr_par' dir='ltr' id='par_1_11' title="bbox 468 982 2051 1058">
     <span class='ocr_line' id='line_1_11' title="bbox 468 982 2051 1058; baseline 0.002 -20"><span class='ocrx_word' id='word_1_53' title='bbox 468 982 639 1038; x_wconf 85' lang='lat' dir='ltr'><strong>ratori</strong></span> <span class='ocrx_word' id='word_1_54' title='bbox 676 983 838 1051; x_wconf 81' lang='lat' dir='ltr'><strong>longe</strong></span> <span class='ocrx_word' id='word_1_55' title='bbox 866 982 1248 1040; x_wconf 84' lang='lat' dir='ltr'><strong>cbarissimus.</strong></span> <span class='ocrx_word' id='word_1_56' title='bbox 1278 986 1328 1040; x_wconf 85' lang='lat' dir='ltr'><strong>is</strong></span> <span class='ocrx_word' id='word_1_57' title='bbox 1359 987 1552 1041; x_wconf 88' lang='lat' dir='ltr'><strong>morbo</strong></span> <span class='ocrx_word' id='word_1_58' title='bbox 1596 994 1886 1058; x_wconf 86' lang='lat' dir='ltr'><strong>correptus</strong></span> <span class='ocrx_word' id='word_1_59' title='bbox 1914 1001 2051 1041; x_wconf 74' lang='lat' dir='ltr'><strong>moe-</strong></span> 
     </span>
    </p>
   </div>
   <div class='ocr_carea' id='block_1_12' title="bbox 466 1071 2053 1148">
    <p class='ocr_par' dir='ltr' id='par_1_12' title="bbox 466 1071 2053 1148">
     <span class='ocr_line' id='line_1_12' title="bbox 466 1071 2053 1148; baseline 0.003 -21"><span class='ocrx_word' id='word_1_60' title='bbox 466 1086 593 1127; x_wconf 86' lang='lat' dir='ltr'><strong>rore</strong></span> <span class='ocrx_word' id='word_1_61' title='bbox 621 1071 893 1126; x_wconf 82' lang='lat' dir='ltr'><strong>alliciebat</strong></span> <span class='ocrx_word' id='word_1_62' title='bbox 954 1073 1346 1141; x_wconf 84' lang='lat' dir='ltr'><strong>imperatorem</strong></span> <span class='ocrx_word' id='word_1_63' title='bbox 1381 1094 1393 1130; x_wconf 92' lang='lat'><strong>:</strong></span> <span class='ocrx_word' id='word_1_64' title='bbox 1433 1076 1651 1148; x_wconf 74' lang='lat'><strong>1183</strong></span> <span class='ocrx_word' id='word_1_65' title='bbox 1699 1078 1930 1134; x_wconf 88' lang='lat' dir='ltr'><strong>morbus</strong></span> <span class='ocrx_word' id='word_1_66' title='bbox 1954 1093 2053 1132; x_wconf 87' lang='lat' dir='ltr'><strong>au-</strong></span> 
     </span>
    </p>
   </div>
   <div class='ocr_carea' id='block_1_13' title="bbox 464 1164 2055 1226">
    <p class='ocr_par' dir='ltr' id='par_1_13' title="bbox 464 1164 2055 1226">
     <span class='ocr_line' id='line_1_13' title="bbox 464 1164 2055 1226; baseline 0.004 -7"><span class='ocrx_word' id='word_1_67' title='bbox 464 1168 572 1219; x_wconf 81' lang='lat' dir='ltr'><strong>tein</strong></span> <span class='ocrx_word' id='word_1_68' title='bbox 602 1175 720 1219; x_wconf 90' lang='lat' dir='ltr'><strong>erat</strong></span> <span class='ocrx_word' id='word_1_69' title='bbox 755 1164 1044 1221; x_wconf 67' lang='lat' dir='ltr'><strong>reddendae</strong></span> <span class='ocrx_word' id='word_1_70' title='bbox 1067 1168 1241 1222; x_wconf 80' lang='lat' dir='ltr'><strong>urinae</strong></span> <span class='ocrx_word' id='word_1_71' title='bbox 1269 1166 1586 1224; x_wconf 81' lang='lat' dir='ltr'><strong>dillicultas.</strong></span> <span class='ocrx_word' id='word_1_72' title='bbox 1621 1167 1764 1225; x_wconf 83' lang='lat' dir='ltr'><strong>Huic</strong></span> <span class='ocrx_word' id='word_1_73' title='bbox 1790 1170 2055 1226; x_wconf 65' lang='lat' dir='ltr'><strong>curanda</strong></span> 
     </span>
    </p>
   </div>
   <div class='ocr_carea' id='block_1_14' title="bbox 464 1257 2056 1330">
    <p class='ocr_par' dir='ltr' id='par_1_14' title="bbox 464 1257 2056 1330">
     <span class='ocr_line' id='line_1_14' title="bbox 464 1257 2056 1330; baseline 0.005 -20"><span class='ocrx_word' id='word_1_74' title='bbox 464 1257 884 1312; x_wconf 87' lang='lat' dir='ltr'><strong>advocabantur</strong></span> <span class='ocrx_word' id='word_1_75' title='bbox 943 1260 1038 1328; x_wconf 91' lang='lat' dir='ltr'><strong>qui</strong></span> <span class='ocrx_word' id='word_1_76' title='bbox 1085 1268 1260 1314; x_wconf 84' lang='lat' dir='ltr'><strong>artem</strong></span> <span class='ocrx_word' id='word_1_77' title='bbox 1319 1260 1467 1315; x_wconf 85' lang='lat' dir='ltr'><strong>illam</strong></span> <span class='ocrx_word' id='word_1_78' title='bbox 1504 1261 1799 1330; x_wconf 91' lang='lat' dir='ltr'><strong>callebant,</strong></span> <span class='ocrx_word' id='word_1_79' title='bbox 1831 1271 1885 1318; x_wconf 89' lang='lat' dir='ltr'><strong>et</strong></span> <span class='ocrx_word' id='word_1_80' title='bbox 1927 1278 2056 1318; x_wconf 89' lang='lat' dir='ltr'><strong>cum</strong></span> 
     </span>
    </p>
   </div>
   <div class='ocr_carea' id='block_1_15' title="bbox 465 1350 2057 1427">
    <p class='ocr_par' dir='ltr' id='par_1_15' title="bbox 465 1350 2057 1427">
     <span class='ocr_line' id='line_1_15' title="bbox 465 1350 2057 1427; baseline 0.006 -25"><span class='ocrx_word' id='word_1_81' title='bbox 465 1365 556 1405; x_wconf 90' lang='lat' dir='ltr'><strong>ars</strong></span> <span class='ocrx_word' id='word_1_82' title='bbox 639 1350 885 1415; x_wconf 78' lang='lat' dir='ltr'><strong>cederet,</strong></span> <span class='ocrx_word' id='word_1_83' title='bbox 950 1352 1258 1422; x_wconf 85' lang='lat' dir='ltr'><strong>augebatur</strong></span> <span class='ocrx_word' id='word_1_84' title='bbox 1325 1352 1673 1424; x_wconf 85' lang='lat' dir='ltr'><strong>imperator,</strong></span> <span class='ocrx_word' id='word_1_85' title='bbox 1725 1354 2057 1427; x_wconf 84' lang='lat' dir='ltr'><strong>lugebatque</strong></span> 
     </span>
    </p>
   </div>
   <div class='ocr_carea' id='block_1_16' title="bbox 469 1441 2057 1513">
    <p class='ocr_par' dir='ltr' id='par_1_16' title="bbox 469 1441 2057 1513">
     <span class='ocr_line' id='line_1_16' title="bbox 469 1441 2057 1513; baseline 0.005 -19"><span class='ocrx_word' id='word_1_86' title='bbox 469 1454 744 1509; x_wconf 83' lang='lat' dir='ltr'><strong>equorum</strong></span> <span class='ocrx_word' id='word_1_87' title='bbox 780 1449 1027 1499; x_wconf 87' lang='lat' dir='ltr'><strong>curator.</strong></span> <span class='ocrx_word' id='word_1_88' title='bbox 1080 1441 1185 1508; x_wconf 87' lang='lat' dir='ltr'><strong>Qui</strong></span> <span class='ocrx_word' id='word_1_89' title='bbox 1241 1443 1368 1513; x_wconf 88' lang='lat' dir='ltr'><strong>pius</strong></span> <span class='ocrx_word' id='word_1_90' title='bbox 1412 1458 1538 1499; x_wconf 90' lang='lat' dir='ltr'><strong>cum</strong></span> <span class='ocrx_word' id='word_1_91' title='bbox 1583 1457 1755 1510; x_wconf 86' lang='lat' dir='ltr'><strong>esset,</strong></span> <span class='ocrx_word' id='word_1_92' title='bbox 1786 1461 1851 1501; x_wconf 89' lang='lat' dir='ltr'><strong>ac</strong></span> <span class='ocrx_word' id='word_1_93' title='bbox 1897 1446 2057 1502; x_wconf 81' lang='lat' dir='ltr'><strong>ﬁrma</strong></span> 
     </span>
    </p>
   </div>
   <div class='ocr_carea' id='block_1_17' title="bbox 476 1532 2059 1609">
    <p class='ocr_par' dir='ltr' id='par_1_17' title="bbox 476 1532 2059 1609">
     <span class='ocr_line' id='line_1_17' title="bbox 476 1532 2059 1609; baseline 0.006 -25"><span class='ocrx_word' id='word_1_94' title='bbox 476 1532 582 1587; x_wconf 88' lang='lat' dir='ltr'><strong>tide</strong></span> <span class='ocrx_word' id='word_1_95' title='bbox 609 1532 895 1603; x_wconf 68' lang='lat' dir='ltr'><strong>praeditus,</strong></span> <span class='ocrx_word' id='word_1_96' title='bbox 953 1533 1132 1588; x_wconf 88' lang='lat' dir='ltr'><strong>media</strong></span> <span class='ocrx_word' id='word_1_97' title='bbox 1162 1534 1285 1590; x_wconf 89' lang='lat' dir='ltr'><strong>luce</strong></span> <span class='ocrx_word' id='word_1_98' title='bbox 1315 1549 1440 1590; x_wconf 92' lang='lat' dir='ltr'><strong>cum</strong></span> <span class='ocrx_word' id='word_1_99' title='bbox 1473 1549 1618 1606; x_wconf 88' lang='lat' dir='ltr'><strong>equo</strong></span> <span class='ocrx_word' id='word_1_100' title='bbox 1643 1536 1711 1591; x_wconf 89' lang='lat' dir='ltr'><strong>ad</strong></span> <span class='ocrx_word' id='word_1_101' title='bbox 1766 1538 1950 1609; x_wconf 88' lang='lat' dir='ltr'><strong>magni</strong></span> <span class='ocrx_word' id='word_1_102' title='bbox 1981 1538 2059 1592; x_wconf 84' lang='lat' dir='ltr'><strong>A-</strong></span> 
     </span>
    </p>
   </div>
   <div class='ocr_carea' id='block_1_18' title="bbox 465 1625 2054 1700">
    <p class='ocr_par' dir='ltr' id='par_1_18' title="bbox 465 1625 2054 1700">
     <span class='ocr_line' id='line_1_18' title="bbox 465 1625 2054 1700; baseline 0.005 -23"><span class='ocrx_word' id='word_1_103' title='bbox 465 1625 723 1695; x_wconf 83' lang='lat' dir='ltr'><strong>phraatis</strong></span> <span class='ocrx_word' id='word_1_104' title='bbox 756 1626 1131 1681; x_wconf 88' lang='lat' dir='ltr'><strong>habitaculum</strong></span> <span class='ocrx_word' id='word_1_105' title='bbox 1169 1642 1230 1682; x_wconf 90' lang='lat' dir='ltr'><strong>se</strong></span> <span class='ocrx_word' id='word_1_106' title='bbox 1258 1628 1517 1693; x_wconf 87' lang='lat' dir='ltr'><strong>contulit,</strong></span> <span class='ocrx_word' id='word_1_107' title='bbox 1547 1629 1852 1699; x_wconf 90' lang='lat' dir='ltr'><strong>morboque</strong></span> <span class='ocrx_word' id='word_1_108' title='bbox 1881 1644 2054 1700; x_wconf 80' lang='lat' dir='ltr'><strong>expo-</strong></span> 
     </span>
    </p>
   </div>
   <div class='ocr_carea' id='block_1_19' title="bbox 466 1715 2056 1782">
    <p class='ocr_par' dir='ltr' id='par_1_19' title="bbox 466 1715 2056 1782">
     <span class='ocr_line' id='line_1_19' title="bbox 466 1715 2056 1782; baseline 0.006 -12"><span class='ocrx_word' id='word_1_109' title='bbox 466 1716 595 1782; x_wconf 84' lang='lat' dir='ltr'><strong>sito,</strong></span> <span class='ocrx_word' id='word_1_110' title='bbox 614 1724 668 1771; x_wconf 92' lang='lat' dir='ltr'><strong>et</strong></span> <span class='ocrx_word' id='word_1_111' title='bbox 700 1715 804 1772; x_wconf 77' lang='lat' dir='ltr'><strong>[ide</strong></span> <span class='ocrx_word' id='word_1_112' title='bbox 830 1732 927 1771; x_wconf 85' lang='lat' dir='ltr'><strong>sua</strong></span> <span class='ocrx_word' id='word_1_113' title='bbox 953 1718 1217 1782; x_wconf 86' lang='lat' dir='ltr'><strong>indicata,</strong></span> <span class='ocrx_word' id='word_1_114' title='bbox 1248 1719 1445 1775; x_wconf 87' lang='lat' dir='ltr'><strong>orabat</strong></span> <span class='ocrx_word' id='word_1_115' title='bbox 1475 1728 1535 1775; x_wconf 85' lang='lat' dir='ltr'><strong>ut</strong></span> <span class='ocrx_word' id='word_1_116' title='bbox 1564 1722 1771 1776; x_wconf 89' lang='lat' dir='ltr'><strong>malum</strong></span> <span class='ocrx_word' id='word_1_117' title='bbox 1799 1723 2056 1779; x_wconf 87' lang='lat' dir='ltr'><strong>oratione</strong></span> 
     </span>
    </p>
   </div>
   <div class='ocr_carea' id='block_1_20' title="bbox 465 1796 2053 1883">
    <p class='ocr_par' dir='ltr' id='par_1_20' title="bbox 465 1796 2053 1883">
     <span class='ocr_line' id='line_1_20' title="bbox 465 1796 2053 1883; baseline 0.005 -23"><span class='ocrx_word' id='word_1_118' title='bbox 465 1821 567 1860; x_wconf 87' lang='lat' dir='ltr'><strong>sua</strong></span> <span class='ocrx_word' id='word_1_119' title='bbox 603 1796 924 1876; x_wconf 81' lang='lat' dir='ltr'><strong>depelleret.</strong></span> <span class='ocrx_word' id='word_1_120' title='bbox 949 1806 1055 1874; x_wconf 91' lang='lat' dir='ltr'><strong>Qui</strong></span> <span class='ocrx_word' id='word_1_121' title='bbox 1079 1810 1095 1830; x_wconf 79' lang='grc'><strong>⁴</strong></span> <span class='ocrx_word' id='word_1_122' title='bbox 1132 1808 1269 1862; x_wconf 86' lang='lat' dir='ltr'><strong>nihil</strong></span> <span class='ocrx_word' id='word_1_123' title='bbox 1306 1816 1626 1877; x_wconf 86' lang='lat' dir='ltr'><strong>cunctatus,</strong></span> <span class='ocrx_word' id='word_1_124' title='bbox 1655 1812 1750 1866; x_wconf 89' lang='lat' dir='ltr'><strong>sed</strong></span> <span class='ocrx_word' id='word_1_125' title='bbox 1769 1811 1836 1867; x_wconf 88' lang='lat' dir='ltr'><strong>ad</strong></span> <span class='ocrx_word' id='word_1_126' title='bbox 1857 1826 2053 1883; x_wconf 84' lang='lat' dir='ltr'><strong>preces</strong></span> 
     </span>
    </p>
   </div>
   <div class='ocr_carea' id='block_1_21' title="bbox 2229 886 3765 969">
    <p class='ocr_par' dir='ltr' id='par_1_21' title="bbox 2229 886 3765 969">
     <span class='ocr_line' id='line_1_21' title="bbox 2229 886 3765 969; baseline 0.012 -30"><span class='ocrx_word' id='word_1_127' title='bbox 2229 886 2428 951; x_wconf 80' lang='grc' dir='ltr'>Ἵππος</span> <span class='ocrx_word' id='word_1_128' title='bbox 2453 905 2536 952; x_wconf 89' lang='grc' dir='ltr'><strong>τις</strong></span> <span class='ocrx_word' id='word_1_129' title='bbox 2559 889 2669 944; x_wconf 89' lang='grc' dir='ltr'><strong>τῶν</strong></span> <span class='ocrx_word' id='word_1_130' title='bbox 2697 886 2758 945; x_wconf 85' lang='grc' dir='ltr'>εὖ</span> <span class='ocrx_word' id='word_1_131' title='bbox 2790 893 3133 961; x_wconf 79' lang='grc' dir='ltr'>πεφυκότων,</span> <span class='ocrx_word' id='word_1_132' title='bbox 3168 895 3262 949; x_wconf 74' lang='grc' dir='ltr'>καὶ</span> <span class='ocrx_word' id='word_1_133' title='bbox 3294 895 3485 967; x_wconf 80' lang='grc' dir='ltr'>φέρειν</span> <span class='ocrx_word' id='word_1_134' title='bbox 3514 894 3574 952; x_wconf 82' lang='grc' dir='ltr'>εὖ</span> <span class='ocrx_word' id='word_1_135' title='bbox 3599 899 3765 969; x_wconf 55' lang='grc' dir='ltr'>μάλα</span> 
     </span>
    </p>
   </div>
   <div class='ocr_carea' id='block_1_22' title="bbox 2156 976 3767 1062">
    <p class='ocr_par' dir='ltr' id='par_1_22' title="bbox 2156 976 3767 1062">
     <span class='ocr_line' id='line_1_22' title="bbox 2156 976 3767 1062; baseline 0.009 -32"><span class='ocrx_word' id='word_1_136' title='bbox 2156 976 2561 1049; x_wconf 70' lang='grc' dir='ltr'>δεδιδαγμένος,</span> <span class='ocrx_word' id='word_1_137' title='bbox 2589 981 2892 1053; x_wconf 76' lang='grc' dir='ltr'><strong>ἐπέραστος</strong></span> <span class='ocrx_word' id='word_1_138' title='bbox 2922 980 2990 1055; x_wconf 74' lang='grc' dir='ltr'>ἦν</span> <span class='ocrx_word' id='word_1_139' title='bbox 3023 984 3146 1040; x_wconf 89' lang='grc' dir='ltr'>λίαν</span> <span class='ocrx_word' id='word_1_140' title='bbox 3182 985 3261 1056; x_wconf 84' lang='grc' dir='ltr'>τῷ</span> <span class='ocrx_word' id='word_1_141' title='bbox 3296 986 3523 1056; x_wconf 79' lang='grc' dir='ltr'>βασιλεῖ.</span> <span class='ocrx_word' id='word_1_142' title='bbox 3557 990 3767 1062; x_wconf 70' lang='grc' dir='ltr'>Τούτῳ</span> 
     </span>
    </p>
   </div>
   <div class='ocr_carea' id='block_1_23' title="bbox 2159 1069 3755 1151">
    <p class='ocr_par' dir='ltr' id='par_1_23' title="bbox 2159 1069 3755 1151">
     <span class='ocr_line' id='line_1_23' title="bbox 2159 1069 3755 1151; baseline 0.009 -30"><span class='ocrx_word' id='word_1_143' title='bbox 2159 1069 2332 1133; x_wconf 81' lang='grc' dir='ltr'>πάθος</span> <span class='ocrx_word' id='word_1_144' title='bbox 2351 1088 2405 1124; x_wconf 91' lang='grc' dir='ltr'><strong>τι</strong></span> <span class='ocrx_word' id='word_1_145' title='bbox 2439 1072 2654 1143; x_wconf 75' lang='grc' dir='ltr'>συμϐὰν</span> <span class='ocrx_word' id='word_1_146' title='bbox 2684 1076 2927 1146; x_wconf 76' lang='grc' dir='ltr'>ἀνιαρῶς</span> <span class='ocrx_word' id='word_1_147' title='bbox 2946 1077 3165 1131; x_wconf 73' lang='grc' dir='ltr'><strong>διετίθει</strong></span> <span class='ocrx_word' id='word_1_148' title='bbox 3192 1078 3537 1151; x_wconf 69' lang='grc' dir='ltr'>τὸνβασιλέα</span> <span class='ocrx_word' id='word_1_149' title='bbox 3554 1097 3569 1110; x_wconf 65' lang='grc' dir='ltr'>θ</span> <span class='ocrx_word' id='word_1_150' title='bbox 3596 1083 3755 1136; x_wconf 78' lang='grc' dir='ltr'>ἐπιίο</span> 
     </span>
    </p>
   </div>
   <div class='ocr_carea' id='block_1_24' title="bbox 2158 1161 3749 1245">
    <p class='ocr_par' dir='ltr' id='par_1_24' title="bbox 2158 1161 3749 1245">
     <span class='ocr_line' id='line_1_24' title="bbox 2158 1161 3749 1245; baseline 0.009 -31"><span class='ocrx_word' id='word_1_151' title='bbox 2158 1177 2287 1231; x_wconf 87' lang='grc' dir='ltr'>χετο</span> <span class='ocrx_word' id='word_1_152' title='bbox 2318 1161 2376 1215; x_wconf 83' lang='grc' dir='ltr'>δὲ</span> <span class='ocrx_word' id='word_1_153' title='bbox 2403 1164 2570 1217; x_wconf 78' lang='grc' dir='ltr'>αὑτοῦ</span> <span class='ocrx_word' id='word_1_154' title='bbox 2597 1165 2708 1219; x_wconf 86' lang='grc' dir='ltr'><strong>τῶν</strong></span> <span class='ocrx_word' id='word_1_155' title='bbox 2734 1166 2920 1237; x_wconf 80' lang='grc' dir='ltr'>ὑγρῶν</span> <span class='ocrx_word' id='word_1_156' title='bbox 2940 1171 3376 1241; x_wconf 77' lang='grc' dir='ltr'><strong>περιττωμάτων</strong></span> <span class='ocrx_word' id='word_1_157' title='bbox 3400 1174 3435 1243; x_wconf 75' lang='grc' dir='ltr'>ἡ</span> <span class='ocrx_word' id='word_1_158' title='bbox 3468 1172 3749 1245; x_wconf 72' lang='grc' dir='ltr'>ἔκκρισις.</span> 
     </span>
    </p>
   </div>
   <div class='ocr_carea' id='block_1_25' title="bbox 2160 1251 3751 1337">
    <p class='ocr_par' dir='ltr' id='par_1_25' title="bbox 2160 1251 3751 1337">
     <span class='ocr_line' id='line_1_25' title="bbox 2160 1251 3751 1337; baseline 0.01 -34"><span class='ocrx_word' id='word_1_159' title='bbox 2160 1251 2304 1323; x_wconf 82' lang='grc' dir='ltr'>Πρὸς</span> <span class='ocrx_word' id='word_1_160' title='bbox 2350 1254 2559 1326; x_wconf 84' lang='grc' dir='ltr'>ταύτην</span> <span class='ocrx_word' id='word_1_161' title='bbox 2607 1257 2900 1313; x_wconf 76' lang='grc' dir='ltr'>ἐκαλοῦντο</span> <span class='ocrx_word' id='word_1_162' title='bbox 2931 1260 3034 1330; x_wconf 83' lang='grc' dir='ltr'>τὴν</span> <span class='ocrx_word' id='word_1_163' title='bbox 3088 1261 3389 1332; x_wconf 70' lang='grc' dir='ltr'>θεραπείαν</span> <span class='ocrx_word' id='word_1_164' title='bbox 3441 1265 3491 1317; x_wconf 83' lang='grc' dir='ltr'><strong>οἰ</strong></span> <span class='ocrx_word' id='word_1_165' title='bbox 3536 1266 3751 1337; x_wconf 74' lang='grc' dir='ltr'>ταύτην</span> 
     </span>
    </p>
   </div>
   <div class='ocr_carea' id='block_1_26' title="bbox 2151 1345 3759 1429">
    <p class='ocr_par' dir='ltr' id='par_1_26' title="bbox 2151 1345 3759 1429">
     <span class='ocr_line' id='line_1_26' title="bbox 2151 1345 3759 1429; baseline 0.011 -33"><span class='ocrx_word' id='word_1_166' title='bbox 2151 1345 2459 1417; x_wconf 73' lang='grc' dir='ltr'><strong>ἠσκημένοι</strong></span> <span class='ocrx_word' id='word_1_167' title='bbox 2506 1346 2606 1419; x_wconf 79' lang='grc' dir='ltr'>τὴν</span> <span class='ocrx_word' id='word_1_168' title='bbox 2637 1348 2857 1421; x_wconf 85' lang='grc' dir='ltr'>τέχνην.</span> <span class='ocrx_word' id='word_1_169' title='bbox 2912 1352 3263 1425; x_wconf 80' lang='grc' dir='ltr'>Ἡττωμένης</span> <span class='ocrx_word' id='word_1_170' title='bbox 3287 1355 3347 1408; x_wconf 77' lang='grc' dir='ltr'>δὲ</span> <span class='ocrx_word' id='word_1_171' title='bbox 3389 1357 3486 1409; x_wconf 79' lang='grc' dir='ltr'>καὶ</span> <span class='ocrx_word' id='word_1_172' title='bbox 3511 1357 3759 1429; x_wconf 79' lang='grc' dir='ltr'><strong>ταύτης,⁸</strong></span> 
     </span>
    </p>
   </div>
   <div class='ocr_carea' id='block_1_27' title="bbox 2150 1439 3749 1515">
    <p class='ocr_par' dir='ltr' id='par_1_27' title="bbox 2150 1439 3749 1515">
     <span class='ocr_line' id='line_1_27' title="bbox 2150 1439 3749 1515; baseline 0.008 -24"><span class='ocrx_word' id='word_1_173' title='bbox 2150 1439 2342 1507; x_wconf 76' lang='grc' dir='ltr'>ἠνιᾶτο</span> <span class='ocrx_word' id='word_1_174' title='bbox 2364 1442 2393 1493; x_wconf 83' lang='grc' dir='ltr'>ὁ</span> <span class='ocrx_word' id='word_1_175' title='bbox 2426 1439 2701 1510; x_wconf 77' lang='grc' dir='ltr'>βασιλεὺς,</span> <span class='ocrx_word' id='word_1_176' title='bbox 2732 1445 2828 1496; x_wconf 84' lang='grc' dir='ltr'>καὶ</span> <span class='ocrx_word' id='word_1_177' title='bbox 2846 1441 3163 1515; x_wconf 82' lang='grc' dir='ltr'>ὠλοφύρετο</span> <span class='ocrx_word' id='word_1_178' title='bbox 3182 1445 3211 1498; x_wconf 82' lang='grc'>6</span> <span class='ocrx_word' id='word_1_179' title='bbox 3232 1444 3340 1499; x_wconf 88' lang='grc' dir='ltr'><strong>τῶν</strong></span> <span class='ocrx_word' id='word_1_180' title='bbox 3371 1446 3553 1501; x_wconf 87' lang='grc' dir='ltr'>ἵππων</span> <span class='ocrx_word' id='word_1_181' title='bbox 3574 1465 3749 1503; x_wconf 72' lang='grc' dir='ltr'>πεπιει</span> 
     </span>
    </p>
   </div>
   <div class='ocr_carea' id='block_1_28' title="bbox 2152 1528 3748 1605">
    <p class='ocr_par' dir='ltr' id='par_1_28' title="bbox 2152 1528 3748 1605">
     <span class='ocr_line' id='line_1_28' title="bbox 2152 1528 3748 1605; baseline 0.008 -25"><span class='ocrx_word' id='word_1_182' title='bbox 2152 1528 2449 1598; x_wconf 76' lang='grc' dir='ltr'>στευμένος</span> <span class='ocrx_word' id='word_1_183' title='bbox 2476 1528 2579 1600; x_wconf 78' lang='grc' dir='ltr'>τὴν</span> <span class='ocrx_word' id='word_1_184' title='bbox 2612 1528 2956 1600; x_wconf 83' lang='grc' dir='ltr'>ἐπιμέλειαν.</span> <span class='ocrx_word' id='word_1_185' title='bbox 2991 1532 3238 1605; x_wconf 76' lang='grc' dir='ltr'>Εὐσεϐὴς</span> <span class='ocrx_word' id='word_1_186' title='bbox 3265 1533 3323 1588; x_wconf 63' lang='grc' dir='ltr'>δὲ</span> <span class='ocrx_word' id='word_1_187' title='bbox 3349 1533 3445 1602; x_wconf 83' lang='grc' dir='ltr'>ὢν,</span> <span class='ocrx_word' id='word_1_188' title='bbox 3476 1536 3572 1590; x_wconf 76' lang='grc' dir='ltr'><strong>καί</strong></span> <span class='ocrx_word' id='word_1_189' title='bbox 3598 1541 3748 1594; x_wconf 75' lang='grc' dir='ltr'>κατὰ</span> 
     </span>
    </p>
   </div>
   <div class='ocr_carea' id='block_1_29' title="bbox 2148 1617 3751 1700">
    <p class='ocr_par' dir='ltr' id='par_1_29' title="bbox 2148 1617 3751 1700">
     <span class='ocr_line' id='line_1_29' title="bbox 2148 1617 3751 1700; baseline 0.007 -29"><span class='ocrx_word' id='word_1_190' title='bbox 2148 1617 2249 1689; x_wconf 76' lang='grc' dir='ltr'>τὴν</span> <span class='ocrx_word' id='word_1_191' title='bbox 2279 1620 2464 1674; x_wconf 85' lang='grc' dir='ltr'>πίστιν</span> <span class='ocrx_word' id='word_1_192' title='bbox 2493 1621 2828 1693; x_wconf 79' lang='grc' dir='ltr'>ἐρρωμένος,</span> <span class='ocrx_word' id='word_1_193' title='bbox 2883 1623 3158 1695; x_wconf 79' lang='grc' dir='ltr'><strong>μεσούσης</strong></span> <span class='ocrx_word' id='word_1_194' title='bbox 3200 1626 3417 1699; x_wconf 74' lang='grc' dir='ltr'>ἡμέρας</span> <span class='ocrx_word' id='word_1_195' title='bbox 3458 1628 3751 1700; x_wconf 84' lang='grc' dir='ltr'>καταλαμ-</span> 
     </span>
    </p>
   </div>
   <div class='ocr_carea' id='block_1_30' title="bbox 2157 1710 3775 1789">
    <p class='ocr_par' dir='ltr' id='par_1_30' title="bbox 2157 1710 3775 1789">
     <span class='ocr_line' id='line_1_30' title="bbox 2157 1710 3775 1789; baseline 0.007 -25"><span class='ocrx_word' id='word_1_196' title='bbox 2157 1710 2309 1765; x_wconf 73' lang='grc' dir='ltr'>ϐάνει</span> <span class='ocrx_word' id='word_1_197' title='bbox 2337 1714 2435 1767; x_wconf 84' lang='grc' dir='ltr'>σὺν</span> <span class='ocrx_word' id='word_1_198' title='bbox 2462 1713 2539 1784; x_wconf 79' lang='grc' dir='ltr'>τῷ</span> <span class='ocrx_word' id='word_1_199' title='bbox 2565 1713 2719 1785; x_wconf 85' lang='grc' dir='ltr'>ἵππῳ</span> <span class='ocrx_word' id='word_1_200' title='bbox 2742 1713 2838 1768; x_wconf 83' lang='grc' dir='ltr'>τοῦ</span> <span class='ocrx_word' id='word_1_201' title='bbox 2864 1714 3103 1785; x_wconf 77' lang='grc' dir='ltr'><strong>μεγάλου</strong></span> <span class='ocrx_word' id='word_1_202' title='bbox 3149 1716 3457 1789; x_wconf 81' lang='grc' dir='ltr'>’Δφραάτου</span> <span class='ocrx_word' id='word_1_203' title='bbox 3479 1721 3541 1774; x_wconf 85' lang='grc' dir='ltr'>τὸ</span> <span class='ocrx_word' id='word_1_204' title='bbox 3571 1737 3775 1777; x_wconf 67' lang='grc' dir='ltr'>κατασ,</span> 
     </span>
    </p>
   </div>
   <div class='ocr_carea' id='block_1_31' title="bbox 2158 1802 3745 1883">
    <p class='ocr_par' dir='ltr' id='par_1_31' title="bbox 2158 1802 3745 1883">
     <span class='ocr_line' id='line_1_31' title="bbox 2158 1802 3745 1883; baseline 0.005 -27"><span class='ocrx_word' id='word_1_205' title='bbox 2158 1802 2384 1873; x_wconf 87' lang='grc' dir='ltr'>γώγιον,</span> <span class='ocrx_word' id='word_1_206' title='bbox 2417 1806 2512 1858; x_wconf 79' lang='grc' dir='ltr'>καὶ</span> <span class='ocrx_word' id='word_1_207' title='bbox 2539 1804 2602 1858; x_wconf 80' lang='grc' dir='ltr'>τὸ</span> <span class='ocrx_word' id='word_1_208' title='bbox 2633 1805 2808 1868; x_wconf 83' lang='grc' dir='ltr'>πάθος</span> <span class='ocrx_word' id='word_1_209' title='bbox 2837 1804 3039 1872; x_wconf 73' lang='grc' dir='ltr'>εἰπὼν,</span> <span class='ocrx_word' id='word_1_210' title='bbox 3078 1807 3174 1861; x_wconf 82' lang='grc' dir='ltr'>καὶ</span> <span class='ocrx_word' id='word_1_211' title='bbox 3206 1807 3304 1880; x_wconf 78' lang='grc' dir='ltr'>τὴν</span> <span class='ocrx_word' id='word_1_212' title='bbox 3350 1810 3535 1864; x_wconf 87' lang='grc' dir='ltr'>πίστιν</span> <span class='ocrx_word' id='word_1_213' title='bbox 3563 1811 3745 1883; x_wconf 83' lang='grc' dir='ltr'>δηλώ-</span> 
     </span>
    </p>
   </div>
   <div class='ocr_carea' id='block_1_32' title="bbox 464 1888 2045 1976">
    <p class='ocr_par' dir='ltr' id='par_1_32' title="bbox 464 1899 2045 1976">
     <span class='ocr_line' id='line_1_32' title="bbox 464 1899 2045 1976; baseline 0.003 -20"><span class='ocrx_word' id='word_1_214' title='bbox 464 1899 652 1956; x_wconf 84' lang='lat' dir='ltr'><strong>statim</strong></span> <span class='ocrx_word' id='word_1_215' title='bbox 676 1914 1003 1966; x_wconf 85' lang='lat' dir='ltr'><strong>conversus,</strong></span> <span class='ocrx_word' id='word_1_216' title='bbox 1026 1915 1224 1970; x_wconf 89' lang='lat' dir='ltr'><strong>aquam</strong></span> <span class='ocrx_word' id='word_1_217' title='bbox 1243 1916 1309 1956; x_wconf 80' lang='lat' dir='ltr'><strong>ex</strong></span> <span class='ocrx_word' id='word_1_218' title='bbox 1336 1911 1502 1972; x_wconf 89' lang='lat' dir='ltr'><strong>puteo</strong></span> <span class='ocrx_word' id='word_1_219' title='bbox 1527 1903 1757 1966; x_wconf 86' lang='lat' dir='ltr'><strong>hauriri,</strong></span> <span class='ocrx_word' id='word_1_220' title='bbox 1782 1904 2045 1976; x_wconf 77' lang='lat' dir='ltr'><strong>signoque</strong></span> 
     </span>
    </p>
   </div>
   <div class='ocr_carea' id='block_1_33' title="bbox 2152 1888 3749 1976">
    <p class='ocr_par' dir='ltr' id='par_1_33' title="bbox 2155 1893 3749 1967">
     <span class='ocr_line' id='line_1_33' title="bbox 2155 1893 3749 1967; baseline 0.004 -20"><span class='ocrx_word' id='word_1_221' title='bbox 2155 1910 2274 1958; x_wconf 89' lang='grc' dir='ltr'>σας,</span> <span class='ocrx_word' id='word_1_222' title='bbox 2306 1893 2520 1948; x_wconf 80' lang='grc' dir='ltr'>ἰκέτευε</span> <span class='ocrx_word' id='word_1_223' title='bbox 2547 1897 2825 1967; x_wconf 82' lang='grc' dir='ltr'>προσευχῇ</span> <span class='ocrx_word' id='word_1_224' title='bbox 2854 1894 3015 1950; x_wconf 86' lang='grc' dir='ltr'>λῦσαι</span> <span class='ocrx_word' id='word_1_225' title='bbox 3061 1897 3163 1966; x_wconf 78' lang='grc' dir='ltr'>τὴν</span> <span class='ocrx_word' id='word_1_226' title='bbox 3192 1897 3367 1953; x_wconf 91' lang='grc' dir='ltr'>νόσον.</span> <span class='ocrx_word' id='word_1_227' title='bbox 3416 1899 3475 1953; x_wconf 92' lang='lat'>&#39;0</span> <span class='ocrx_word' id='word_1_228' title='bbox 3499 1899 3555 1952; x_wconf 76' lang='grc' dir='ltr'>δὲ</span> <span class='ocrx_word' id='word_1_229' title='bbox 3586 1901 3749 1955; x_wconf 77' lang='grc' dir='ltr'>οὐδὲν</span> 
     </span>
    </p>
   </div>
   <div class='ocr_carea' id='block_1_34' title="bbox 380 1992 2051 2067">
    <p class='ocr_par' dir='ltr' id='par_1_34' title="bbox 380 1992 2051 2067">
     <span class='ocr_line' id='line_1_34' title="bbox 380 1992 2051 2067; baseline 0.005 -23"><span class='ocrx_word' id='word_1_230' title='bbox 380 2058 387 2063; x_wconf 88' lang='lat'>_</span> <span class='ocrx_word' id='word_1_231' title='bbox 468 1992 729 2046; x_wconf 86' lang='lat' dir='ltr'><strong>salutaris</strong></span> <span class='ocrx_word' id='word_1_232' title='bbox 760 1992 942 2049; x_wconf 90' lang='lat' dir='ltr'><strong>crucis</strong></span> <span class='ocrx_word' id='word_1_233' title='bbox 970 1992 1252 2063; x_wconf 85' lang='lat' dir='ltr'><strong>imposito,</strong></span> <span class='ocrx_word' id='word_1_234' title='bbox 1278 1995 1343 2049; x_wconf 88' lang='lat' dir='ltr'><strong>ad</strong></span> <span class='ocrx_word' id='word_1_235' title='bbox 1374 2011 1579 2066; x_wconf 88' lang='lat' dir='ltr'><strong>equum</strong></span> <span class='ocrx_word' id='word_1_236' title='bbox 1609 1995 1793 2051; x_wconf 75' lang='lat' dir='ltr'><strong>afferri</strong></span> <span class='ocrx_word' id='word_1_237' title='bbox 1832 1997 2004 2067; x_wconf 85' lang='lat' dir='ltr'><strong>jussit</strong></span> <span class='ocrx_word' id='word_1_238' title='bbox 2035 2016 2051 2053; x_wconf 86' lang='lat'><strong>:</strong></span> 
     </span>
    </p>
   </div>
   <div class='ocr_carea' id='block_1_35' title="bbox 463 2086 2055 2154">
    <p class='ocr_par' dir='ltr' id='par_1_35' title="bbox 463 2086 2055 2154">
     <span class='ocr_line' id='line_1_35' title="bbox 463 2086 2055 2154; baseline 0.006 -19"><span class='ocrx_word' id='word_1_239' title='bbox 463 2098 627 2154; x_wconf 89' lang='lat' dir='ltr'><strong>quam</strong></span> <span class='ocrx_word' id='word_1_240' title='bbox 650 2091 848 2153; x_wconf 69' lang='lat' dir='ltr'><strong>praeter</strong></span> <span class='ocrx_word' id='word_1_241' title='bbox 868 2098 1075 2140; x_wconf 90' lang='lat' dir='ltr'><strong>morem</strong></span> <span class='ocrx_word' id='word_1_242' title='bbox 1105 2100 1230 2140; x_wconf 78' lang='lat' dir='ltr'><strong>mox</strong></span> <span class='ocrx_word' id='word_1_243' title='bbox 1264 2086 1422 2141; x_wconf 89' lang='lat' dir='ltr'><strong>bibit.</strong></span> <span class='ocrx_word' id='word_1_244' title='bbox 1456 2086 1661 2143; x_wconf 86' lang='lat' dir='ltr'><strong>Deinde</strong></span> <span class='ocrx_word' id='word_1_245' title='bbox 1685 2088 1809 2143; x_wconf 90' lang='lat' dir='ltr'><strong>oleo</strong></span> <span class='ocrx_word' id='word_1_246' title='bbox 1835 2089 2055 2144; x_wconf 85' lang='lat' dir='ltr'><strong>invoca-</strong></span> 
     </span>
    </p>
   </div>
   <div class='ocr_carea' id='block_1_36' title="bbox 463 2172 2057 2246">
    <p class='ocr_par' dir='ltr' id='par_1_36' title="bbox 463 2172 2057 2246">
     <span class='ocr_line' id='line_1_36' title="bbox 463 2172 2057 2246; baseline 0.005 -20"><span class='ocrx_word' id='word_1_247' title='bbox 463 2173 611 2228; x_wconf 86' lang='lat' dir='ltr'><strong>ti0ue</strong></span> <span class='ocrx_word' id='word_1_248' title='bbox 640 2172 826 2227; x_wconf 87' lang='lat' dir='ltr'><strong>divina</strong></span> <span class='ocrx_word' id='word_1_249' title='bbox 861 2174 1151 2229; x_wconf 89' lang='lat' dir='ltr'><strong>benedicto</strong></span> <span class='ocrx_word' id='word_1_250' title='bbox 1181 2175 1307 2246; x_wconf 84' lang='lat' dir='ltr'><strong>equi</strong></span> <span class='ocrx_word' id='word_1_251' title='bbox 1332 2176 1513 2231; x_wconf 83' lang='lat' dir='ltr'><strong>alvum</strong></span> <span class='ocrx_word' id='word_1_252' title='bbox 1555 2176 1804 2244; x_wconf 79' lang='lat' dir='ltr'><strong>inunxit,</strong></span> <span class='ocrx_word' id='word_1_253' title='bbox 1832 2192 2057 2234; x_wconf 89' lang='lat' dir='ltr'><strong>manus-</strong></span> 
     </span>
    </p>
   </div>
   <div class='ocr_carea' id='block_1_37' title="bbox 462 2265 2057 2339">
    <p class='ocr_par' dir='ltr' id='par_1_37' title="bbox 462 2265 2057 2339">
     <span class='ocr_line' id='line_1_37' title="bbox 462 2265 2057 2339; baseline 0.004 -22"><span class='ocrx_word' id='word_1_254' title='bbox 462 2280 569 2335; x_wconf 87' lang='lat' dir='ltr'><strong>que</strong></span> <span class='ocrx_word' id='word_1_255' title='bbox 594 2272 851 2323; x_wconf 88' lang='lat' dir='ltr'><strong>contactu</strong></span> <span class='ocrx_word' id='word_1_256' title='bbox 883 2265 1108 2321; x_wconf 89' lang='lat' dir='ltr'><strong>morbus</strong></span> <span class='ocrx_word' id='word_1_257' title='bbox 1141 2267 1274 2322; x_wconf 91' lang='lat' dir='ltr'><strong>abiit</strong></span> <span class='ocrx_word' id='word_1_258' title='bbox 1298 2267 1581 2339; x_wconf 82' lang='lat' dir='ltr'><strong>evestigio,</strong></span> <span class='ocrx_word' id='word_1_259' title='bbox 1610 2275 1667 2323; x_wconf 91' lang='lat' dir='ltr'><strong>et</strong></span> <span class='ocrx_word' id='word_1_260' title='bbox 1697 2270 1873 2322; x_wconf 72' lang='lat' dir='ltr'><strong>urina:</strong></span> <span class='ocrx_word' id='word_1_261' title='bbox 1898 2278 2057 2324; x_wconf 84' lang='lat' dir='ltr'><strong>natu-</strong></span> 
     </span>
    </p>
   </div>
   <div class='ocr_carea' id='block_1_38' title="bbox 473 2357 2058 2434">
    <p class='ocr_par' dir='ltr' id='par_1_38' title="bbox 473 2357 2058 2434">
     <span class='ocr_line' id='line_1_38' title="bbox 473 2357 2058 2434; baseline 0.005 -24"><span class='ocrx_word' id='word_1_262' title='bbox 473 2357 610 2412; x_wconf 84' lang='lat' dir='ltr'><strong>ralis</strong></span> <span class='ocrx_word' id='word_1_263' title='bbox 649 2357 861 2428; x_wconf 88' lang='lat' dir='ltr'><strong>egestio</strong></span> <span class='ocrx_word' id='word_1_264' title='bbox 893 2366 1085 2413; x_wconf 88' lang='lat' dir='ltr'><strong>secuta</strong></span> <span class='ocrx_word' id='word_1_265' title='bbox 1110 2367 1218 2415; x_wconf 88' lang='lat' dir='ltr'><strong>est.</strong></span> <span class='ocrx_word' id='word_1_266' title='bbox 1250 2358 1434 2416; x_wconf 83' lang='lat' dir='ltr'><strong>Laetus</strong></span> <span class='ocrx_word' id='word_1_267' title='bbox 1468 2360 1634 2430; x_wconf 83' lang='lat' dir='ltr'><strong>igitur</strong></span> <span class='ocrx_word' id='word_1_268' title='bbox 1656 2361 1745 2417; x_wconf 92' lang='lat' dir='ltr'><strong>ille</strong></span> <span class='ocrx_word' id='word_1_269' title='bbox 1769 2377 1893 2417; x_wconf 83' lang='lat' dir='ltr'><strong>cum</strong></span> <span class='ocrx_word' id='word_1_270' title='bbox 1914 2376 2058 2434; x_wconf 90' lang='lat' dir='ltr'><strong>equo</strong></span> 
     </span>
    </p>
   </div>
   <div class='ocr_carea' id='block_1_39' title="bbox 461 2446 2057 2524">
    <p class='ocr_par' dir='ltr' id='par_1_39' title="bbox 461 2446 2057 2524">
     <span class='ocr_line' id='line_1_39' title="bbox 461 2446 2057 2524; baseline 0.006 -24"><span class='ocrx_word' id='word_1_271' title='bbox 461 2446 529 2501; x_wconf 91' lang='lat' dir='ltr'><strong>ad</strong></span> <span class='ocrx_word' id='word_1_272' title='bbox 590 2448 872 2503; x_wconf 88' lang='lat' dir='ltr'><strong>stabulum</strong></span> <span class='ocrx_word' id='word_1_273' title='bbox 896 2449 1075 2505; x_wconf 83' lang='lat' dir='ltr'><strong>rediit.</strong></span> <span class='ocrx_word' id='word_1_274' title='bbox 1105 2449 1219 2505; x_wconf 89' lang='lat' dir='ltr'><strong>Sub</strong></span> <span class='ocrx_word' id='word_1_275' title='bbox 1236 2466 1523 2521; x_wconf 83' lang='lat' dir='ltr'><strong>vesperam</strong></span> <span class='ocrx_word' id='word_1_276' title='bbox 1555 2460 1758 2519; x_wconf 88' lang='lat' dir='ltr'><strong>autem,</strong></span> <span class='ocrx_word' id='word_1_277' title='bbox 1789 2468 1895 2524; x_wconf 88' lang='lat' dir='ltr'><strong>qua</strong></span> <span class='ocrx_word' id='word_1_278' title='bbox 1922 2454 2057 2510; x_wconf 74' lang='lat' dir='ltr'><strong>liora</strong></span> 
     </span>
    </p>
   </div>
   <div class='ocr_carea' id='block_1_40' title="bbox 460 2539 2058 2613">
    <p class='ocr_par' dir='ltr' id='par_1_40' title="bbox 460 2539 2058 2613">
     <span class='ocr_line' id='line_1_40' title="bbox 460 2539 2058 2613; baseline 0.004 -19"><span class='ocrx_word' id='word_1_279' title='bbox 460 2539 736 2595; x_wconf 86' lang='lat' dir='ltr'><strong>stabulum</strong></span> <span class='ocrx_word' id='word_1_280' title='bbox 801 2542 982 2597; x_wconf 81' lang='lat' dir='ltr'><strong>visere</strong></span> <span class='ocrx_word' id='word_1_281' title='bbox 1011 2541 1225 2598; x_wconf 83' lang='lat' dir='ltr'><strong>solebat</strong></span> <span class='ocrx_word' id='word_1_282' title='bbox 1277 2544 1599 2613; x_wconf 83' lang='lat' dir='ltr'><strong>imperator,</strong></span> <span class='ocrx_word' id='word_1_283' title='bbox 1641 2559 1769 2599; x_wconf 90' lang='lat' dir='ltr'><strong>cum</strong></span> <span class='ocrx_word' id='word_1_284' title='bbox 1800 2545 1868 2601; x_wconf 89' lang='lat' dir='ltr'><strong>de</strong></span> <span class='ocrx_word' id='word_1_285' title='bbox 1904 2560 2058 2601; x_wconf 87' lang='lat' dir='ltr'><strong>more</strong></span> 
     </span>
    </p>
   </div>
   <div class='ocr_carea' id='block_1_41' title="bbox 461 2631 2054 2706">
    <p class='ocr_par' dir='ltr' id='par_1_41' title="bbox 461 2631 2054 2706">
     <span class='ocr_line' id='line_1_41' title="bbox 461 2631 2054 2706; baseline 0.006 -22"><span class='ocrx_word' id='word_1_286' title='bbox 461 2631 719 2699; x_wconf 76' lang='lat' dir='ltr'><strong>venisset,</strong></span> <span class='ocrx_word' id='word_1_287' title='bbox 742 2633 810 2689; x_wconf 92' lang='lat' dir='ltr'><strong>de</strong></span> <span class='ocrx_word' id='word_1_288' title='bbox 831 2648 977 2705; x_wconf 91' lang='lat' dir='ltr'><strong>equo</strong></span> <span class='ocrx_word' id='word_1_289' title='bbox 1000 2643 1357 2706; x_wconf 86' lang='lat' dir='ltr'><strong>percontatus</strong></span> <span class='ocrx_word' id='word_1_290' title='bbox 1383 2644 1469 2691; x_wconf 88' lang='lat' dir='ltr'><strong>est</strong></span> <span class='ocrx_word' id='word_1_291' title='bbox 1489 2636 1581 2704; x_wconf 81' lang='lat' dir='ltr'><strong>qui</strong></span> <span class='ocrx_word' id='word_1_292' title='bbox 1600 2636 1825 2693; x_wconf 81' lang='lat' dir='ltr'><strong>valeret.</strong></span> <span class='ocrx_word' id='word_1_293' title='bbox 1847 2637 2054 2693; x_wconf 86' lang='lat' dir='ltr'><strong>Etcum</strong></span> 
     </span>
    </p>
   </div>
   <div class='ocr_carea' id='block_1_42' title="bbox 469 2724 2058 2800">
    <p class='ocr_par' dir='ltr' id='par_1_42' title="bbox 469 2724 2058 2800">
     <span class='ocr_line' id='line_1_42' title="bbox 469 2724 2058 2800; baseline 0.003 -21"><span class='ocrx_word' id='word_1_294' title='bbox 469 2724 565 2780; x_wconf 90' lang='lat' dir='ltr'><strong>ille</strong></span> <span class='ocrx_word' id='word_1_295' title='bbox 584 2727 894 2781; x_wconf 80' lang='lat' dir='ltr'><strong>restitutam</strong></span> <span class='ocrx_word' id='word_1_296' title='bbox 925 2725 976 2783; x_wconf 87' lang='lat' dir='ltr'><strong>ei</strong></span> <span class='ocrx_word' id='word_1_297' title='bbox 1011 2726 1379 2782; x_wconf 81' lang='lat' dir='ltr'><strong>valetudinem</strong></span> <span class='ocrx_word' id='word_1_298' title='bbox 1405 2727 1802 2797; x_wconf 80' lang='lat' dir='ltr'><strong>respondisset,</strong></span> <span class='ocrx_word' id='word_1_299' title='bbox 1825 2742 2058 2800; x_wconf 87' lang='lat' dir='ltr'><strong>equum-</strong></span> 
     </span>
    </p>
   </div>
   <div class='ocr_carea' id='block_1_43' title="bbox 459 2816 2058 2886">
    <p class='ocr_par' dir='ltr' id='par_1_43' title="bbox 459 2816 2058 2886">
     <span class='ocr_line' id='line_1_43' title="bbox 459 2816 2058 2886; baseline 0.003 -15"><span class='ocrx_word' id='word_1_300' title='bbox 459 2831 572 2886; x_wconf 86' lang='lat' dir='ltr'><strong>que</strong></span> <span class='ocrx_word' id='word_1_301' title='bbox 623 2816 993 2886; x_wconf 80' lang='lat' dir='ltr'><strong>produxisset,</strong></span> <span class='ocrx_word' id='word_1_302' title='bbox 1043 2824 1107 2873; x_wconf 91' lang='lat' dir='ltr'><strong>ut</strong></span> <span class='ocrx_word' id='word_1_303' title='bbox 1149 2817 1421 2874; x_wconf 90' lang='lat' dir='ltr'><strong>valentem</strong></span> <span class='ocrx_word' id='word_1_304' title='bbox 1461 2818 1637 2885; x_wconf 92' lang='lat' dir='ltr'><strong>illum,</strong></span> <span class='ocrx_word' id='word_1_305' title='bbox 1672 2827 1727 2874; x_wconf 82' lang='lat' dir='ltr'><strong>et</strong></span> <span class='ocrx_word' id='word_1_306' title='bbox 1773 2821 2058 2877; x_wconf 83' lang='lat' dir='ltr'><strong>exsultau-</strong></span> 
     </span>
    </p>
   </div>
   <div class='ocr_carea' id='block_1_44' title="bbox 460 2904 2058 2982">
    <p class='ocr_par' dir='ltr' id='par_1_44' title="bbox 460 2904 2058 2982">
     <span class='ocr_line' id='line_1_44' title="bbox 460 2904 2058 2982; baseline 0.005 -22"><span class='ocrx_word' id='word_1_307' title='bbox 460 2916 591 2963; x_wconf 59' lang='lat' dir='ltr'><strong>temr</strong></span> <span class='ocrx_word' id='word_1_308' title='bbox 620 2904 1073 2979; x_wconf 83' lang='lat' dir='ltr'><strong>binnientemque</strong></span> <span class='ocrx_word' id='word_1_309' title='bbox 1140 2919 1195 2964; x_wconf 86' lang='lat' dir='ltr'><strong>et</strong></span> <span class='ocrx_word' id='word_1_310' title='bbox 1219 2908 1491 2965; x_wconf 76' lang='lat' dir='ltr'><strong>cervicem</strong></span> <span class='ocrx_word' id='word_1_311' title='bbox 1540 2913 1773 2982; x_wconf 87' lang='lat' dir='ltr'><strong>superbe</strong></span> <span class='ocrx_word' id='word_1_312' title='bbox 1805 2912 2058 2968; x_wconf 83' lang='lat' dir='ltr'><strong>attollen-</strong></span> 
     </span>
    </p>
   </div>
   <div class='ocr_carea' id='block_1_45' title="bbox 458 3000 2053 3077">
    <p class='ocr_par' dir='ltr' id='par_1_45' title="bbox 458 3000 2053 3077">
     <span class='ocr_line' id='line_1_45' title="bbox 458 3000 2053 3077; baseline 0.006 -26"><span class='ocrx_word' id='word_1_313' title='bbox 458 3009 564 3055; x_wconf 85' lang='lat' dir='ltr'><strong>tem</strong></span> <span class='ocrx_word' id='word_1_314' title='bbox 595 3000 768 3077; x_wconf 79' lang='lat' dir='ltr'><strong>vidit,</strong></span> <span class='ocrx_word' id='word_1_315' title='bbox 804 3000 1000 3056; x_wconf 87' lang='lat' dir='ltr'><strong>salutis</strong></span> <span class='ocrx_word' id='word_1_316' title='bbox 1035 3014 1259 3058; x_wconf 85' lang='lat' dir='ltr'><strong>causam</strong></span> <span class='ocrx_word' id='word_1_317' title='bbox 1294 3004 1668 3074; x_wconf 81' lang='lat' dir='ltr'><strong>interrogavit.</strong></span> <span class='ocrx_word' id='word_1_318' title='bbox 1721 3003 1820 3059; x_wconf 87' lang='lat' dir='ltr'><strong>Diu</strong></span> <span class='ocrx_word' id='word_1_319' title='bbox 1873 3015 2053 3061; x_wconf 87' lang='lat' dir='ltr'><strong>autem</strong></span> 
     </span>
    </p>
   </div>
   <div class='ocr_carea' id='block_1_46' title="bbox 458 3091 2057 3168">
    <p class='ocr_par' dir='ltr' id='par_1_46' title="bbox 458 3091 2057 3168">
     <span class='ocr_line' id='line_1_46' title="bbox 458 3091 2057 3168; baseline 0.007 -24"><span class='ocrx_word' id='word_1_320' title='bbox 458 3091 551 3146; x_wconf 90' lang='lat' dir='ltr'><strong>ille</strong></span> <span class='ocrx_word' id='word_1_321' title='bbox 583 3092 1004 3162; x_wconf 83' lang='lat' dir='ltr'><strong>tergiversatus,</strong></span> <span class='ocrx_word' id='word_1_322' title='bbox 1024 3094 1167 3163; x_wconf 92' lang='lat' dir='ltr'><strong>quod</strong></span> <span class='ocrx_word' id='word_1_323' title='bbox 1204 3095 1473 3150; x_wconf 88' lang='lat' dir='ltr'><strong>medicum</strong></span> <span class='ocrx_word' id='word_1_324' title='bbox 1518 3097 1750 3168; x_wconf 89' lang='lat' dir='ltr'><strong>prodere</strong></span> <span class='ocrx_word' id='word_1_325' title='bbox 1770 3097 2057 3155; x_wconf 86' lang='lat' dir='ltr'><strong>nonaude—</strong></span> 
     </span>
    </p>
   </div>
   <div class='ocr_carea' id='block_1_47' title="bbox 456 3182 2050 3262">
    <p class='ocr_par' dir='ltr' id='par_1_47' title="bbox 456 3182 2050 3262">
     <span class='ocr_line' id='line_1_47' title="bbox 456 3182 2050 3262; baseline 0.008 -28"><span class='ocrx_word' id='word_1_326' title='bbox 456 3190 559 3249; x_wconf 89' lang='lat' dir='ltr'><strong>ret,</strong></span> <span class='ocrx_word' id='word_1_327' title='bbox 595 3182 870 3239; x_wconf 82' lang='lat' dir='ltr'><strong>infensum</strong></span> <span class='ocrx_word' id='word_1_328' title='bbox 893 3183 971 3240; x_wconf 88' lang='lat' dir='ltr'><strong>illi</strong></span> <span class='ocrx_word' id='word_1_329' title='bbox 1002 3200 1126 3241; x_wconf 90' lang='lat' dir='ltr'><strong>esse</strong></span> <span class='ocrx_word' id='word_1_330' title='bbox 1146 3186 1329 3243; x_wconf 89' lang='lat' dir='ltr'><strong>sciens</strong></span> <span class='ocrx_word' id='word_1_331' title='bbox 1366 3204 1491 3243; x_wconf 91' lang='lat' dir='ltr'><strong>eum</strong></span> <span class='ocrx_word' id='word_1_332' title='bbox 1525 3193 1619 3262; x_wconf 92' lang='lat' dir='ltr'><strong>qui</strong></span> <span class='ocrx_word' id='word_1_333' title='bbox 1643 3191 2050 3260; x_wconf 87' lang='lat' dir='ltr'><strong>sciscitabatur,</strong></span> 
     </span>
    </p>
   </div>
   <div class='ocr_carea' id='block_1_48' title="bbox 459 3274 2051 3353">
    <p class='ocr_par' dir='ltr' id='par_1_48' title="bbox 459 3274 2051 3353">
     <span class='ocr_line' id='line_1_48' title="bbox 459 3274 2051 3353; baseline 0.008 -29"><span class='ocrx_word' id='word_1_334' title='bbox 459 3286 652 3326; x_wconf 90' lang='lat' dir='ltr'><strong>verum</strong></span> <span class='ocrx_word' id='word_1_335' title='bbox 709 3274 928 3328; x_wconf 89' lang='lat' dir='ltr'><strong>tandem</strong></span> <span class='ocrx_word' id='word_1_336' title='bbox 990 3275 1144 3330; x_wconf 76' lang='lat' dir='ltr'><strong>eﬂari</strong></span> <span class='ocrx_word' id='word_1_337' title='bbox 1180 3288 1406 3333; x_wconf 88' lang='lat' dir='ltr'><strong>coactus</strong></span> <span class='ocrx_word' id='word_1_338' title='bbox 1463 3288 1569 3345; x_wconf 89' lang='lat' dir='ltr'><strong>est,</strong></span> <span class='ocrx_word' id='word_1_339' title='bbox 1637 3282 2051 3353; x_wconf 87' lang='lat' dir='ltr'><strong>curationisque</strong></span> 
     </span>
    </p>
   </div>
   <div class='ocr_carea' id='block_1_49' title="bbox 462 3362 2048 3440">
    <p class='ocr_par' dir='ltr' id='par_1_49' title="bbox 462 3362 2048 3440">
     <span class='ocr_line' id='line_1_49' title="bbox 462 3362 2048 3440; baseline 0.008 -24"><span class='ocrx_word' id='word_1_340' title='bbox 462 3362 688 3416; x_wconf 91' lang='lat' dir='ltr'><strong>modum</strong></span> <span class='ocrx_word' id='word_1_341' title='bbox 737 3363 984 3419; x_wconf 89' lang='lat' dir='ltr'><strong>edocuit.</strong></span> <span class='ocrx_word' id='word_1_342' title='bbox 1011 3363 1311 3437; x_wconf 86' lang='lat' dir='ltr'><strong>Obstupuit</strong></span> <span class='ocrx_word' id='word_1_343' title='bbox 1341 3368 1565 3439; x_wconf 89' lang='lat' dir='ltr'><strong>quidem</strong></span> <span class='ocrx_word' id='word_1_344' title='bbox 1598 3368 1915 3440; x_wconf 85' lang='lat' dir='ltr'><strong>imperator,</strong></span> <span class='ocrx_word' id='word_1_345' title='bbox 1949 3374 2048 3430; x_wconf 84' lang='lat' dir='ltr'><strong>ab-</strong></span> 
     </span>
    </p>
   </div>
   <div class='ocr_carea' id='block_1_50' title="bbox 455 3452 2046 3527">
    <p class='ocr_par' dir='ltr' id='par_1_50' title="bbox 455 3452 2046 3527">
     <span class='ocr_line' id='line_1_50' title="bbox 455 3452 2046 3527; baseline 0.008 -21"><span class='ocrx_word' id='word_1_346' title='bbox 455 3452 886 3527; x_wconf 88' lang='lat' dir='ltr'><strong>mirandumque</strong></span> <span class='ocrx_word' id='word_1_347' title='bbox 948 3471 1179 3527; x_wconf 89' lang='lat' dir='ltr'><strong>prorsus</strong></span> <span class='ocrx_word' id='word_1_348' title='bbox 1244 3461 1417 3514; x_wconf 83' lang='lat' dir='ltr'><strong>virum</strong></span> <span class='ocrx_word' id='word_1_349' title='bbox 1452 3476 1575 3517; x_wconf 89' lang='lat' dir='ltr'><strong>esse</strong></span> <span class='ocrx_word' id='word_1_350' title='bbox 1600 3461 1888 3519; x_wconf 78' lang='lat' dir='ltr'><strong>confessus</strong></span> <span class='ocrx_word' id='word_1_351' title='bbox 1916 3471 2002 3519; x_wconf 85' lang='lat' dir='ltr'><strong>est</strong></span> <span class='ocrx_word' id='word_1_352' title='bbox 2031 3482 2046 3519; x_wconf 89' lang='lat'><strong>:</strong></span> 
     </span>
    </p>
   </div>
   <div class='ocr_carea' id='block_1_51' title="bbox 460 3545 2048 3619">
    <p class='ocr_par' dir='ltr' id='par_1_51' title="bbox 460 3545 2048 3619">
     <span class='ocr_line' id='line_1_51' title="bbox 460 3545 2048 3619; baseline 0.008 -20"><span class='ocrx_word' id='word_1_353' title='bbox 460 3561 490 3599; x_wconf 90' lang='lat' dir='ltr'><strong>a</strong></span> <span class='ocrx_word' id='word_1_354' title='bbox 522 3545 761 3617; x_wconf 88' lang='lat' dir='ltr'><strong>pristina</strong></span> <span class='ocrx_word' id='word_1_355' title='bbox 807 3559 994 3605; x_wconf 88' lang='lat' dir='ltr'><strong>tamen</strong></span> <span class='ocrx_word' id='word_1_356' title='bbox 1035 3550 1250 3607; x_wconf 82' lang='lat' dir='ltr'><strong>insania</strong></span> <span class='ocrx_word' id='word_1_357' title='bbox 1284 3568 1392 3607; x_wconf 90' lang='lat' dir='ltr'><strong>non</strong></span> <span class='ocrx_word' id='word_1_358' title='bbox 1422 3553 1653 3619; x_wconf 88' lang='lat' dir='ltr'><strong>destitit,</strong></span> <span class='ocrx_word' id='word_1_359' title='bbox 1707 3554 1803 3610; x_wconf 89' lang='lat' dir='ltr'><strong>sed</strong></span> <span class='ocrx_word' id='word_1_360' title='bbox 1850 3556 2048 3612; x_wconf 87' lang='lat' dir='ltr'><strong>adver-</strong></span> 
     </span>
    </p>
   </div>
   <div class='ocr_carea' id='block_1_52' title="bbox 460 3638 2045 3717">
    <p class='ocr_par' dir='ltr' id='par_1_52' title="bbox 460 3638 2045 3717">
     <span class='ocr_line' id='line_1_52' title="bbox 460 3638 2045 3717; baseline 0.006 -23"><span class='ocrx_word' id='word_1_361' title='bbox 460 3653 558 3695; x_wconf 89' lang='lat' dir='ltr'><strong>sus</strong></span> <span class='ocrx_word' id='word_1_362' title='bbox 593 3638 1170 3717; x_wconf 78' lang='lat' dir='ltr'><strong>Unigenitumi‘urere</strong></span> <span class='ocrx_word' id='word_1_363' title='bbox 1228 3647 1491 3717; x_wconf 82' lang='lat' dir='ltr'><strong>perstitit,</strong></span> <span class='ocrx_word' id='word_1_364' title='bbox 1526 3646 1707 3715; x_wconf 85' lang='lat' dir='ltr'><strong>quoad</strong></span> <span class='ocrx_word' id='word_1_365' title='bbox 1754 3647 2045 3704; x_wconf 88' lang='lat' dir='ltr'><strong>barbarico</strong></span> 
     </span>
    </p>
   </div>
   <div class='ocr_carea' id='block_1_53' title="bbox 455 3730 2044 3814">
    <p class='ocr_par' dir='ltr' id='par_1_53' title="bbox 455 3730 2044 3814">
     <span class='ocr_line' id='line_1_53' title="bbox 455 3730 2044 3814; baseline 0.008 -30"><span class='ocrx_word' id='word_1_366' title='bbox 455 3730 670 3787; x_wconf 84' lang='lat' dir='ltr'><strong>tandem</strong></span> <span class='ocrx_word' id='word_1_367' title='bbox 702 3732 827 3804; x_wconf 87' lang='lat' dir='ltr'><strong>igne</strong></span> <span class='ocrx_word' id='word_1_368' title='bbox 853 3744 1239 3807; x_wconf 87' lang='lat' dir='ltr'><strong>consumptus,</strong></span> <span class='ocrx_word' id='word_1_369' title='bbox 1262 3749 1313 3794; x_wconf 89' lang='lat' dir='ltr'><strong>et</strong></span> <span class='ocrx_word' id='word_1_370' title='bbox 1337 3754 1600 3796; x_wconf 86' lang='lat' dir='ltr'><strong>concessa</strong></span> <span class='ocrx_word' id='word_1_371' title='bbox 1625 3740 1843 3814; x_wconf 63' lang='grc'><strong>1184</strong></span> <span class='ocrx_word' id='word_1_372' title='bbox 1865 3740 2044 3797; x_wconf 83' lang='lat' dir='ltr'><strong>famu-</strong></span> 
     </span>
    </p>
   </div>
   <div class='ocr_carea' id='block_1_54' title="bbox 455 3823 2043 3899">
    <p class='ocr_par' dir='ltr' id='par_1_54' title="bbox 455 3823 2043 3899">
     <span class='ocr_line' id='line_1_54' title="bbox 455 3823 2043 3899; baseline 0.009 -23"><span class='ocrx_word' id='word_1_373' title='bbox 455 3823 523 3878; x_wconf 90' lang='lat' dir='ltr'><strong>lis</strong></span> <span class='ocrx_word' id='word_1_374' title='bbox 560 3837 626 3878; x_wconf 91' lang='lat' dir='ltr'><strong>ac</strong></span> <span class='ocrx_word' id='word_1_375' title='bbox 684 3825 959 3884; x_wconf 86' lang='lat' dir='ltr'><strong>mendicis</strong></span> <span class='ocrx_word' id='word_1_376' title='bbox 1020 3829 1308 3899; x_wconf 79' lang='lat' dir='ltr'><strong>sepultura</strong></span> <span class='ocrx_word' id='word_1_377' title='bbox 1362 3832 1610 3899; x_wconf 85' lang='lat' dir='ltr'><strong>privatus</strong></span> <span class='ocrx_word' id='word_1_378' title='bbox 1657 3841 1763 3888; x_wconf 89' lang='lat' dir='ltr'><strong>est.</strong></span> <span class='ocrx_word' id='word_1_379' title='bbox 1810 3833 2043 3891; x_wconf 84' lang='lat' dir='ltr'><strong>Divinus</strong></span> 
     </span>
    </p>
   </div>
   <div class='ocr_carea' id='block_1_55' title="bbox 453 3917 2041 3993">
    <p class='ocr_par' dir='ltr' id='par_1_55' title="bbox 453 3917 2041 3993">
     <span class='ocr_line' id='line_1_55' title="bbox 453 3917 2041 3993; baseline 0.007 -25"><span class='ocrx_word' id='word_1_380' title='bbox 453 3929 585 3970; x_wconf 87' lang='lat' dir='ltr'><strong>vero</strong></span> <span class='ocrx_word' id='word_1_381' title='bbox 623 3917 935 3988; x_wconf 83' lang='lat' dir='ltr'><strong>Aphraates</strong></span> <span class='ocrx_word' id='word_1_382' title='bbox 960 3928 1015 3976; x_wconf 86' lang='lat' dir='ltr'><strong>et</strong></span> <span class='ocrx_word' id='word_1_383' title='bbox 1037 3920 1091 3976; x_wconf 91' lang='lat' dir='ltr'><strong>in</strong></span> <span class='ocrx_word' id='word_1_384' title='bbox 1127 3920 1220 3976; x_wconf 91' lang='lat' dir='ltr'><strong>illa</strong></span> <span class='ocrx_word' id='word_1_385' title='bbox 1248 3931 1573 3993; x_wconf 87' lang='lat' dir='ltr'><strong>tempestate</strong></span> <span class='ocrx_word' id='word_1_386' title='bbox 1604 3925 1860 3979; x_wconf 80' lang='lat' dir='ltr'><strong>virtutem</strong></span> <span class='ocrx_word' id='word_1_387' title='bbox 1884 3939 2041 3982; x_wconf 90' lang='lat' dir='ltr'><strong>suam</strong></span> 
     </span>
    </p>
   </div>
   <div class='ocr_carea' id='block_1_56' title="bbox 452 4008 2043 4086">
    <p class='ocr_par' dir='ltr' id='par_1_56' title="bbox 452 4008 2043 4086">
     <span class='ocr_line' id='line_1_56' title="bbox 452 4008 2043 4086; baseline 0.008 -26"><span class='ocrx_word' id='word_1_388' title='bbox 452 4008 725 4076; x_wconf 76' lang='lat' dir='ltr'><strong>patefecit,</strong></span> <span class='ocrx_word' id='word_1_389' title='bbox 759 4019 814 4067; x_wconf 90' lang='lat' dir='ltr'><strong>et</strong></span> <span class='ocrx_word' id='word_1_390' title='bbox 847 4012 1063 4068; x_wconf 90' lang='lat' dir='ltr'><strong>reddita</strong></span> <span class='ocrx_word' id='word_1_391' title='bbox 1100 4017 1500 4086; x_wconf 87' lang='lat' dir='ltr'><strong>tranquillitate</strong></span> <span class='ocrx_word' id='word_1_392' title='bbox 1542 4016 1733 4071; x_wconf 85' lang='lat' dir='ltr'><strong>eadem</strong></span> <span class='ocrx_word' id='word_1_393' title='bbox 1777 4025 2043 4086; x_wconf 70' lang='lat' dir='ltr'><strong>pmstaro</strong></span> 
     </span>
    </p>
   </div>
   <div class='ocr_carea' id='block_1_57' title="bbox 448 4101 2035 4176">
    <p class='ocr_par' dir='ltr' id='par_1_57' title="bbox 448 4101 2035 4176">
     <span class='ocr_line' id='line_1_57' title="bbox 448 4101 2035 4176; baseline 0.006 -25"><span class='ocrx_word' id='word_1_394' title='bbox 448 4101 821 4166; x_wconf 85' lang='lat' dir='ltr'><strong>perseveravit</strong></span> <span class='ocrx_word' id='word_1_395' title='bbox 871 4121 886 4159; x_wconf 87' lang='lat'><strong>:</strong></span> <span class='ocrx_word' id='word_1_396' title='bbox 932 4103 1149 4176; x_wconf 91' lang='lat' dir='ltr'><strong>aliaque</strong></span> <span class='ocrx_word' id='word_1_397' title='bbox 1200 4106 1487 4162; x_wconf 90' lang='lat' dir='ltr'><strong>innumera</strong></span> <span class='ocrx_word' id='word_1_398' title='bbox 1534 4108 1706 4163; x_wconf 86' lang='lat' dir='ltr'><strong>edidit</strong></span> <span class='ocrx_word' id='word_1_399' title='bbox 1747 4107 2035 4174; x_wconf 88' lang='lat' dir='ltr'><strong>miracula,</strong></span> 
     </span>
    </p>
   </div>
   <div class='ocr_carea' id='block_1_58' title="bbox 447 4191 1819 4261">
    <p class='ocr_par' dir='ltr' id='par_1_58' title="bbox 447 4191 1819 4261">
     <span class='ocr_line' id='line_1_58' title="bbox 447 4191 1819 4261; baseline 0.009 -18"><span class='ocrx_word' id='word_1_400' title='bbox 447 4203 514 4243; x_wconf 80' lang='lat' dir='ltr'><strong>ex</strong></span> <span class='ocrx_word' id='word_1_401' title='bbox 558 4191 760 4261; x_wconf 91' lang='lat' dir='ltr'><strong>quibus</strong></span> <span class='ocrx_word' id='word_1_402' title='bbox 783 4209 950 4249; x_wconf 91' lang='lat' dir='ltr'><strong>unum</strong></span> <span class='ocrx_word' id='word_1_403' title='bbox 973 4203 1068 4252; x_wconf 88' lang='lat' dir='ltr'><strong>aut</strong></span> <span class='ocrx_word' id='word_1_404' title='bbox 1091 4197 1324 4254; x_wconf 90' lang='lat' dir='ltr'><strong>alterum</strong></span> <span class='ocrx_word' id='word_1_405' title='bbox 1349 4200 1819 4256; x_wconf 87' lang='lat' dir='ltr'><strong>commemorabo.</strong></span> 
     </span>
    </p>
   </div>
   <div class='ocr_carea' id='block_1_59' title="bbox 2159 1985 3753 2067">
    <p class='ocr_par' dir='ltr' id='par_1_59' title="bbox 2159 1985 3753 2067">
     <span class='ocr_line' id='line_1_59' title="bbox 2159 1985 3753 2067; baseline 0.005 -29"><span class='ocrx_word' id='word_1_406' title='bbox 2159 1985 2453 2058; x_wconf 79' lang='grc' dir='ltr'><strong>μελλήσας,</strong></span> <span class='ocrx_word' id='word_1_407' title='bbox 2479 1986 2617 2040; x_wconf 78' lang='grc' dir='ltr'>ἀλλὰ</span> <span class='ocrx_word' id='word_1_408' title='bbox 2652 1988 2972 2057; x_wconf 84' lang='grc' dir='ltr'>παραυτίκα</span> <span class='ocrx_word' id='word_1_409' title='bbox 2996 1986 3089 2041; x_wconf 75' lang='grc' dir='ltr'>τὸν</span> <span class='ocrx_word' id='word_1_410' title='bbox 3110 1987 3245 2043; x_wconf 83' lang='grc' dir='ltr'>Θεὸν</span> <span class='ocrx_word' id='word_1_411' title='bbox 3271 1989 3577 2058; x_wconf 80' lang='grc' dir='ltr'>ἱκετεύσας,</span> <span class='ocrx_word' id='word_1_412' title='bbox 3594 1990 3753 2067; x_wconf 80' lang='grc' dir='ltr'>ὕδωρ</span> 
     </span>
    </p>
   </div>
   <div class='ocr_carea' id='block_1_60' title="bbox 2154 2076 3746 2158">
    <p class='ocr_par' dir='ltr' id='par_1_60' title="bbox 2154 2076 3746 2158">
     <span class='ocr_line' id='line_1_60' title="bbox 2154 2076 3746 2158; baseline 0.004 -26"><span class='ocrx_word' id='word_1_413' title='bbox 2154 2078 2444 2132; x_wconf 82' lang='grc' dir='ltr'>ἐκέλευσεν</span> <span class='ocrx_word' id='word_1_414' title='bbox 2489 2080 2555 2132; x_wconf 86' lang='grc' dir='ltr'><strong>ἐκ</strong></span> <span class='ocrx_word' id='word_1_415' title='bbox 2595 2076 2691 2131; x_wconf 84' lang='grc' dir='ltr'>τοῦ</span> <span class='ocrx_word' id='word_1_416' title='bbox 2730 2079 2970 2150; x_wconf 82' lang='grc' dir='ltr'>φρέατος</span> <span class='ocrx_word' id='word_1_417' title='bbox 2996 2079 3393 2152; x_wconf 77' lang='grc' dir='ltr'>ἀνιμήσασθαι,</span> <span class='ocrx_word' id='word_1_418' title='bbox 3433 2086 3529 2137; x_wconf 74' lang='grc' dir='ltr'>καὶ</span> <span class='ocrx_word' id='word_1_419' title='bbox 3562 2084 3746 2158; x_wconf 82' lang='grc' dir='ltr'>τούτῳ</span> 
     </span>
    </p>
   </div>
   <div class='ocr_carea' id='block_1_61' title="bbox 2155 2168 3745 2246">
    <p class='ocr_par' dir='ltr' id='par_1_61' title="bbox 2155 2168 3745 2246">
     <span class='ocr_line' id='line_1_61' title="bbox 2155 2168 3745 2246; baseline 0.004 -25"><span class='ocrx_word' id='word_1_420' title='bbox 2155 2169 2250 2221; x_wconf 78' lang='grc' dir='ltr'><strong>τοῦ</strong></span> <span class='ocrx_word' id='word_1_421' title='bbox 2277 2168 2549 2239; x_wconf 76' lang='grc' dir='ltr'>σωτηρίου</span> <span class='ocrx_word' id='word_1_422' title='bbox 2579 2168 2812 2240; x_wconf 79' lang='grc' dir='ltr'>σταυροῦ</span> <span class='ocrx_word' id='word_1_423' title='bbox 2835 2168 2897 2222; x_wconf 79' lang='grc' dir='ltr'>τὸ</span> <span class='ocrx_word' id='word_1_424' title='bbox 2924 2169 3197 2240; x_wconf 72' lang='grc' dir='ltr'>σύμϐολον</span> <span class='ocrx_word' id='word_1_425' title='bbox 3230 2171 3461 2239; x_wconf 73' lang='grc' dir='ltr'>ἐπιθεὶς,</span> <span class='ocrx_word' id='word_1_426' title='bbox 3495 2174 3745 2246; x_wconf 75' lang='grc' dir='ltr'>προσφέ-</span> 
     </span>
    </p>
   </div>
   <div class='ocr_carea' id='block_1_62' title="bbox 2161 2260 3745 2334">
    <p class='ocr_par' dir='ltr' id='par_1_62' title="bbox 2161 2260 3745 2334">
     <span class='ocr_line' id='line_1_62' title="bbox 2161 2260 3745 2334; baseline 0.003 -21"><span class='ocrx_word' id='word_1_427' title='bbox 2161 2276 2272 2330; x_wconf 88' lang='grc' dir='ltr'>ρειν</span> <span class='ocrx_word' id='word_1_428' title='bbox 2297 2260 2375 2332; x_wconf 79' lang='grc' dir='ltr'>τῷ</span> <span class='ocrx_word' id='word_1_429' title='bbox 2422 2260 2574 2331; x_wconf 84' lang='grc' dir='ltr'>ἵππῳ</span> <span class='ocrx_word' id='word_1_430' title='bbox 2627 2260 2982 2333; x_wconf 78' lang='grc' dir='ltr'>προσέταξεν.</span> <span class='ocrx_word' id='word_1_431' title='bbox 3029 2261 3090 2315; x_wconf 88' lang='lat'><strong>&#39;0</strong></span> <span class='ocrx_word' id='word_1_432' title='bbox 3140 2261 3198 2316; x_wconf 73' lang='grc' dir='ltr'>δὲ</span> <span class='ocrx_word' id='word_1_433' title='bbox 3250 2264 3403 2334; x_wconf 80' lang='grc' dir='ltr'>παρὰ</span> <span class='ocrx_word' id='word_1_434' title='bbox 3438 2263 3501 2317; x_wconf 81' lang='grc' dir='ltr'>τὸ</span> <span class='ocrx_word' id='word_1_435' title='bbox 3549 2266 3745 2331; x_wconf 78' lang='grc' dir='ltr'>εἰωθὸς</span> 
     </span>
    </p>
   </div>
   <div class='ocr_carea' id='block_1_63' title="bbox 2155 2347 3746 2425">
    <p class='ocr_par' dir='ltr' id='par_1_63' title="bbox 2155 2347 3746 2425">
     <span class='ocr_line' id='line_1_63' title="bbox 2155 2347 3746 2425; baseline 0.002 -21"><span class='ocrx_word' id='word_1_436' title='bbox 2155 2349 2329 2404; x_wconf 68' lang='grc' dir='ltr'>ἔπιεν.</span> <span class='ocrx_word' id='word_1_437' title='bbox 2375 2347 2508 2407; x_wconf 77' lang='grc' dir='ltr'>Εἶτα</span> <span class='ocrx_word' id='word_1_438' title='bbox 2542 2351 2721 2406; x_wconf 67' lang='grc' dir='ltr'>ἔλαιον</span> <span class='ocrx_word' id='word_1_439' title='bbox 2764 2354 2830 2423; x_wconf 83' lang='grc' dir='ltr'>τῇ</span> <span class='ocrx_word' id='word_1_440' title='bbox 2866 2351 3154 2423; x_wconf 79' lang='grc' dir='ltr'>ἐπικλήσει</span> <span class='ocrx_word' id='word_1_441' title='bbox 3187 2354 3252 2425; x_wconf 78' lang='grc' dir='ltr'>τῇ</span> <span class='ocrx_word' id='word_1_442' title='bbox 3291 2352 3415 2425; x_wconf 78' lang='grc' dir='ltr'>θείᾳ</span> <span class='ocrx_word' id='word_1_443' title='bbox 3445 2352 3746 2424; x_wconf 83' lang='grc' dir='ltr'>πληρώσας</span> 
     </span>
    </p>
   </div>
   <div class='ocr_carea' id='block_1_64' title="bbox 2155 2442 3742 2518">
    <p class='ocr_par' dir='ltr' id='par_1_64' title="bbox 2155 2442 3742 2518">
     <span class='ocr_line' id='line_1_64' title="bbox 2155 2442 3742 2518; baseline 0.003 -21"><span class='ocrx_word' id='word_1_444' title='bbox 2155 2443 2409 2514; x_wconf 80' lang='grc' dir='ltr'>εὐλογίας</span> <span class='ocrx_word' id='word_1_445' title='bbox 2434 2484 2450 2510; x_wconf 84' lang='grc'><strong>,</strong></span> <span class='ocrx_word' id='word_1_446' title='bbox 2492 2443 2732 2516; x_wconf 81' lang='grc' dir='ltr'>ἐπιχρίει</span> <span class='ocrx_word' id='word_1_447' title='bbox 2781 2442 2881 2515; x_wconf 76' lang='grc' dir='ltr'>τὴν</span> <span class='ocrx_word' id='word_1_448' title='bbox 2902 2442 2997 2496; x_wconf 82' lang='grc' dir='ltr'>τοῦ</span> <span class='ocrx_word' id='word_1_449' title='bbox 3030 2445 3199 2497; x_wconf 86' lang='grc' dir='ltr'>ἵππου</span> <span class='ocrx_word' id='word_1_450' title='bbox 3228 2444 3495 2515; x_wconf 78' lang='grc' dir='ltr'>γαστέρα,</span> <span class='ocrx_word' id='word_1_451' title='bbox 3542 2446 3639 2500; x_wconf 80' lang='grc' dir='ltr'>καὶ</span> <span class='ocrx_word' id='word_1_452' title='bbox 3669 2450 3742 2518; x_wconf 76' lang='grc' dir='ltr'><strong>τῇ</strong></span> 
     </span>
    </p>
   </div>
   <div class='ocr_carea' id='block_1_65' title="bbox 2157 2534 3745 2609">
    <p class='ocr_par' dir='ltr' id='par_1_65' title="bbox 2157 2534 3745 2609">
     <span class='ocr_line' id='line_1_65' title="bbox 2157 2534 3745 2609; baseline -0.001 -17"><span class='ocrx_word' id='word_1_453' title='bbox 2157 2539 2268 2609; x_wconf 77' lang='grc' dir='ltr'><strong>ἀφῇ</strong></span> <span class='ocrx_word' id='word_1_454' title='bbox 2291 2536 2393 2607; x_wconf 84' lang='grc' dir='ltr'>τῆς</span> <span class='ocrx_word' id='word_1_455' title='bbox 2411 2535 2595 2608; x_wconf 80' lang='grc' dir='ltr'>χειρὸς</span> <span class='ocrx_word' id='word_1_456' title='bbox 2611 2535 2774 2598; x_wconf 84' lang='grc' dir='ltr'>εὐθὺς</span> <span class='ocrx_word' id='word_1_457' title='bbox 2789 2534 2956 2607; x_wconf 88' lang='grc' dir='ltr'>ἐλύθη</span> <span class='ocrx_word' id='word_1_458' title='bbox 2981 2535 3042 2589; x_wconf 84' lang='grc' dir='ltr'>τὸ</span> <span class='ocrx_word' id='word_1_459' title='bbox 3057 2534 3249 2600; x_wconf 84' lang='grc' dir='ltr'>πάθος,</span> <span class='ocrx_word' id='word_1_460' title='bbox 3278 2536 3373 2589; x_wconf 79' lang='grc' dir='ltr'>καὶ</span> <span class='ocrx_word' id='word_1_461' title='bbox 3393 2536 3745 2608; x_wconf 79' lang='grc' dir='ltr'>παραχρῆμα</span> 
     </span>
    </p>
   </div>
   <div class='ocr_carea' id='block_1_66' title="bbox 2155 2626 3747 2702">
    <p class='ocr_par' dir='ltr' id='par_1_66' title="bbox 2155 2626 3747 2702">
     <span class='ocr_line' id='line_1_66' title="bbox 2155 2626 3747 2702; baseline -0.001 -19"><span class='ocrx_word' id='word_1_462' title='bbox 2155 2630 2469 2702; x_wconf 77' lang='grc' dir='ltr'>ηεκκρισις</span> <span class='ocrx_word' id='word_1_463' title='bbox 2514 2629 2656 2682; x_wconf 81' lang='grc' dir='ltr'>κατὰ</span> <span class='ocrx_word' id='word_1_464' title='bbox 2701 2628 2866 2698; x_wconf 83' lang='grc' dir='ltr'>φύσιν</span> <span class='ocrx_word' id='word_1_465' title='bbox 2919 2628 3158 2697; x_wconf 79' lang='grc' dir='ltr'>ἐγένετο.</span> <span class='ocrx_word' id='word_1_466' title='bbox 3217 2626 3469 2700; x_wconf 83' lang='grc' dir='ltr'>Γεγηθὼς</span> <span class='ocrx_word' id='word_1_467' title='bbox 3503 2628 3683 2682; x_wconf 80' lang='grc' dir='ltr'>τοίνυν</span> <span class='ocrx_word' id='word_1_468' title='bbox 3712 2632 3747 2689; x_wconf 74' lang='grc' dir='ltr'><strong>ό</strong></span> 
     </span>
    </p>
   </div>
   <div class='ocr_carea' id='block_1_67' title="bbox 2155 2719 3749 2794">
    <p class='ocr_par' dir='ltr' id='par_1_67' title="bbox 2155 2719 3749 2794">
     <span class='ocr_line' id='line_1_67' title="bbox 2155 2719 3749 2794; baseline -0.001 -19"><span class='ocrx_word' id='word_1_469' title='bbox 2155 2722 2462 2794; x_wconf 76' lang='grc' dir='ltr'>ἄνθρωπος,</span> <span class='ocrx_word' id='word_1_470' title='bbox 2488 2720 2582 2774; x_wconf 78' lang='grc' dir='ltr'>τὸν</span> <span class='ocrx_word' id='word_1_471' title='bbox 2611 2720 2776 2775; x_wconf 80' lang='grc' dir='ltr'>ἵππον</span> <span class='ocrx_word' id='word_1_472' title='bbox 2807 2720 3010 2785; x_wconf 73' lang='grc' dir='ltr'>λαϐὼν,</span> <span class='ocrx_word' id='word_1_473' title='bbox 3035 2720 3129 2773; x_wconf 78' lang='grc' dir='ltr'>ἐπὶ</span> <span class='ocrx_word' id='word_1_474' title='bbox 3158 2719 3249 2774; x_wconf 81' lang='grc' dir='ltr'><strong>τὸν</strong></span> <span class='ocrx_word' id='word_1_475' title='bbox 3281 2719 3503 2773; x_wconf 89' lang='grc' dir='ltr'>ίππῶνα</span> <span class='ocrx_word' id='word_1_476' title='bbox 3523 2719 3749 2792; x_wconf 72' lang='grc' dir='ltr'>ἔτρεχε.</span> 
     </span>
    </p>
   </div>
   <div class='ocr_carea' id='block_1_68' title="bbox 2155 2810 3744 2883">
    <p class='ocr_par' dir='ltr' id='par_1_68' title="bbox 2155 2810 3744 2883">
     <span class='ocr_line' id='line_1_68' title="bbox 2155 2810 3744 2883; baseline 0.002 -17"><span class='ocrx_word' id='word_1_477' title='bbox 2155 2812 2345 2882; x_wconf 88' lang='grc' dir='ltr'>Δείλης</span> <span class='ocrx_word' id='word_1_478' title='bbox 2373 2811 2432 2865; x_wconf 85' lang='grc' dir='ltr'>δὲ</span> <span class='ocrx_word' id='word_1_479' title='bbox 2458 2812 2620 2881; x_wconf 81' lang='grc' dir='ltr'>ὀψίας</span> <span class='ocrx_word' id='word_1_480' title='bbox 2655 2811 2822 2882; x_wconf 78' lang='grc' dir='ltr'>(κατὰ</span> <span class='ocrx_word' id='word_1_481' title='bbox 2855 2811 3044 2865; x_wconf 77' lang='grc' dir='ltr'>τοῦτον</span> <span class='ocrx_word' id='word_1_482' title='bbox 3074 2810 3183 2883; x_wconf 84' lang='grc' dir='ltr'>γὰρ</span> <span class='ocrx_word' id='word_1_483' title='bbox 3214 2810 3307 2865; x_wconf 80' lang='grc' dir='ltr'>τὸν</span> <span class='ocrx_word' id='word_1_484' title='bbox 3336 2812 3528 2883; x_wconf 77' lang='grc' dir='ltr'>καιρὸν</span> <span class='ocrx_word' id='word_1_485' title='bbox 3555 2812 3744 2869; x_wconf 80' lang='grc' dir='ltr'>εἰώθει</span> 
     </span>
    </p>
   </div>
   <div class='ocr_carea' id='block_1_69' title="bbox 2154 2898 3746 2977">
    <p class='ocr_par' dir='ltr' id='par_1_69' title="bbox 2154 2898 3746 2977">
     <span class='ocr_line' id='line_1_69' title="bbox 2154 2898 3746 2977; baseline 0 -17"><span class='ocrx_word' id='word_1_486' title='bbox 2154 2907 2184 2960; x_wconf 86' lang='grc' dir='ltr'>ὁ</span> <span class='ocrx_word' id='word_1_487' title='bbox 2215 2903 2466 2975; x_wconf 82' lang='grc' dir='ltr'>βασιλεὺς</span> <span class='ocrx_word' id='word_1_488' title='bbox 2498 2905 2592 2958; x_wconf 79' lang='grc' dir='ltr'>ἐπὶ</span> <span class='ocrx_word' id='word_1_489' title='bbox 2610 2904 2702 2958; x_wconf 79' lang='grc' dir='ltr'>τὸν</span> <span class='ocrx_word' id='word_1_490' title='bbox 2736 2904 2956 2958; x_wconf 85' lang='grc' dir='ltr'>ἰππῶνα</span> <span class='ocrx_word' id='word_1_491' title='bbox 2988 2906 3202 2976; x_wconf 78' lang='grc' dir='ltr'>φοιτᾷν)</span> <span class='ocrx_word' id='word_1_492' title='bbox 3234 2898 3341 2977; x_wconf 79' lang='grc' dir='ltr'><strong>ἧκέ</strong></span> <span class='ocrx_word' id='word_1_493' title='bbox 3360 2921 3421 2958; x_wconf 88' lang='grc' dir='ltr'><strong>τε</strong></span> <span class='ocrx_word' id='word_1_494' title='bbox 3454 2907 3551 2960; x_wconf 80' lang='grc' dir='ltr'>καὶ</span> <span class='ocrx_word' id='word_1_495' title='bbox 3571 2905 3746 2977; x_wconf 73' lang='grc' dir='ltr'>ἧρετα</span> 
     </span>
    </p>
   </div>
   <div class='ocr_carea' id='block_1_70' title="bbox 2155 2995 3743 3068">
    <p class='ocr_par' dir='ltr' id='par_1_70' title="bbox 2155 2995 3743 3068">
     <span class='ocr_line' id='line_1_70' title="bbox 2155 2995 3743 3068; baseline -0.001 -17"><span class='ocrx_word' id='word_1_496' title='bbox 2155 2996 2305 3061; x_wconf 85' lang='grc' dir='ltr'>ὃπως</span> <span class='ocrx_word' id='word_1_497' title='bbox 2327 2995 2441 3067; x_wconf 73' lang='grc' dir='ltr'>ἔχει</span> <span class='ocrx_word' id='word_1_498' title='bbox 2465 2996 2496 3049; x_wconf 84' lang='grc' dir='ltr'><strong>ὁ</strong></span> <span class='ocrx_word' id='word_1_499' title='bbox 2527 2996 2714 3060; x_wconf 88' lang='grc' dir='ltr'>ἵππος.</span> <span class='ocrx_word' id='word_1_500' title='bbox 2749 2995 2856 3049; x_wconf 79' lang='grc' dir='ltr'><strong>Τοῦ</strong></span> <span class='ocrx_word' id='word_1_501' title='bbox 2891 2997 2949 3050; x_wconf 79' lang='grc' dir='ltr'><strong>δέ</strong></span> <span class='ocrx_word' id='word_1_502' title='bbox 2992 2995 3095 3067; x_wconf 83' lang='grc' dir='ltr'>τὴν</span> <span class='ocrx_word' id='word_1_503' title='bbox 3124 2996 3341 3066; x_wconf 78' lang='grc' dir='ltr'>ὑγίειαν</span> <span class='ocrx_word' id='word_1_504' title='bbox 3366 2997 3743 3068; x_wconf 81' lang='grc' dir='ltr'>σημάναντος,</span> 
     </span>
    </p>
   </div>
   <div class='ocr_carea' id='block_1_71' title="bbox 2157 3088 3749 3162">
    <p class='ocr_par' dir='ltr' id='par_1_71' title="bbox 2157 3088 3749 3162">
     <span class='ocr_line' id='line_1_71' title="bbox 2157 3088 3749 3162; baseline 0.003 -18"><span class='ocrx_word' id='word_1_505' title='bbox 2157 3092 2255 3145; x_wconf 75' lang='grc' dir='ltr'>καὶ</span> <span class='ocrx_word' id='word_1_506' title='bbox 2283 3089 2375 3143; x_wconf 78' lang='grc' dir='ltr'>τὸν</span> <span class='ocrx_word' id='word_1_507' title='bbox 2404 3088 2572 3143; x_wconf 86' lang='grc' dir='ltr'>ἵππον</span> <span class='ocrx_word' id='word_1_508' title='bbox 2609 3088 2992 3157; x_wconf 71' lang='grc' dir='ltr'>ἐξαγαγόντος,</span> <span class='ocrx_word' id='word_1_509' title='bbox 3019 3090 3332 3162; x_wconf 72' lang='grc' dir='ltr'>ἐρρωμένον</span> <span class='ocrx_word' id='word_1_510' title='bbox 3359 3090 3551 3144; x_wconf 83' lang='grc' dir='ltr'>τοῦτον</span> <span class='ocrx_word' id='word_1_511' title='bbox 3587 3089 3749 3161; x_wconf 64' lang='grc' dir='ltr'>ἰδὼν,-</span> 
     </span>
    </p>
   </div>
   <div class='ocr_carea' id='block_1_72' title="bbox 2158 3180 3749 3255">
    <p class='ocr_par' dir='ltr' id='par_1_72' title="bbox 2158 3180 3749 3255">
     <span class='ocr_line' id='line_1_72' title="bbox 2158 3180 3749 3255; baseline 0.001 -19"><span class='ocrx_word' id='word_1_512' title='bbox 2158 3183 2252 3237; x_wconf 73' lang='grc' dir='ltr'>καὶ</span> <span class='ocrx_word' id='word_1_513' title='bbox 2276 3180 2592 3252; x_wconf 84' lang='grc' dir='ltr'>γαυριῶντα</span> <span class='ocrx_word' id='word_1_514' title='bbox 2613 3225 2627 3246; x_wconf 84' lang='grc'><strong>,</strong></span> <span class='ocrx_word' id='word_1_515' title='bbox 2680 3180 2775 3234; x_wconf 76' lang='grc' dir='ltr'>καὶ</span> <span class='ocrx_word' id='word_1_516' title='bbox 2809 3180 3224 3252; x_wconf 79' lang='grc' dir='ltr'>χρεμετίζοντα,</span> <span class='ocrx_word' id='word_1_517' title='bbox 3271 3181 3374 3236; x_wconf 64' lang='grc' dir='ltr'>καὶ</span> <span class='ocrx_word' id='word_1_518' title='bbox 3414 3182 3506 3236; x_wconf 69' lang='grc' dir='ltr'>τὸν</span> <span class='ocrx_word' id='word_1_519' title='bbox 3531 3184 3749 3255; x_wconf 76' lang='grc' dir='ltr'>αὐχένα.</span> 
     </span>
    </p>
   </div>
   <div class='ocr_carea' id='block_1_73' title="bbox 2159 3268 3761 3347">
    <p class='ocr_par' dir='ltr' id='par_1_73' title="bbox 2159 3268 3761 3347">
     <span class='ocr_line' id='line_1_73' title="bbox 2159 3268 3761 3347; baseline 0.002 -20"><span class='ocrx_word' id='word_1_520' title='bbox 2159 3272 2406 3344; x_wconf 78' lang='grc' dir='ltr'>σοϐαρῶς</span> <span class='ocrx_word' id='word_1_521' title='bbox 2431 3268 2779 3326; x_wconf 77' lang='grc' dir='ltr'>ἀνατείνοντα</span> <span class='ocrx_word' id='word_1_522' title='bbox 2804 3312 2819 3337; x_wconf 84' lang='grc'><strong>,</strong></span> <span class='ocrx_word' id='word_1_523' title='bbox 2859 3272 2959 3341; x_wconf 85' lang='grc' dir='ltr'>τῆς</span> <span class='ocrx_word' id='word_1_524' title='bbox 2988 3271 3199 3341; x_wconf 74' lang='grc' dir='ltr'>ὑγιείας</span> <span class='ocrx_word' id='word_1_525' title='bbox 3250 3272 3583 3328; x_wconf 81' lang='grc' dir='ltr'>ἐπυνθάνετο</span> <span class='ocrx_word' id='word_1_526' title='bbox 3628 3275 3761 3347; x_wconf 68' lang='grc' dir='ltr'>τὴνε·</span> 
     </span>
    </p>
   </div>
   <div class='ocr_carea' id='block_1_74' title="bbox 2155 3363 3742 3437">
    <p class='ocr_par' dir='ltr' id='par_1_74' title="bbox 2155 3363 3742 3437">
     <span class='ocr_line' id='line_1_74' title="bbox 2155 3363 3742 3437; baseline -0.004 -17"><span class='ocrx_word' id='word_1_527' title='bbox 2155 3366 2353 3420; x_wconf 85' lang='grc' dir='ltr'>αἰτίαν.</span> <span class='ocrx_word' id='word_1_528' title='bbox 2402 3364 2491 3427; x_wconf 82' lang='grc' dir='ltr'>Ὠς</span> <span class='ocrx_word' id='word_1_529' title='bbox 2515 3363 2574 3417; x_wconf 79' lang='grc' dir='ltr'>δὲ</span> <span class='ocrx_word' id='word_1_530' title='bbox 2600 3363 2861 3428; x_wconf 83' lang='grc' dir='ltr'>πολλάκις</span> <span class='ocrx_word' id='word_1_531' title='bbox 2892 3364 3069 3417; x_wconf 83' lang='grc' dir='ltr'>εἰπεῖν</span> <span class='ocrx_word' id='word_1_532' title='bbox 3101 3363 3542 3437; x_wconf 77' lang='grc' dir='ltr'>ἀναϐαλλόμενος</span> <span class='ocrx_word' id='word_1_533' title='bbox 3577 3367 3742 3437; x_wconf 75' lang='grc' dir='ltr'>(ἐδε.</span> 
     </span>
    </p>
   </div>
   <div class='ocr_carea' id='block_1_75' title="bbox 2149 3455 3741 3532">
    <p class='ocr_par' dir='ltr' id='par_1_75' title="bbox 2149 3455 3741 3532">
     <span class='ocr_line' id='line_1_75' title="bbox 2149 3455 3741 3532; baseline 0 -18"><span class='ocrx_word' id='word_1_534' title='bbox 2149 3458 2251 3514; x_wconf 83' lang='grc' dir='ltr'>δίει</span> <span class='ocrx_word' id='word_1_535' title='bbox 2277 3457 2386 3532; x_wconf 82' lang='grc' dir='ltr'>γὰρ</span> <span class='ocrx_word' id='word_1_536' title='bbox 2418 3455 2696 3521; x_wconf 77' lang='grc' dir='ltr'>ὑποδεῖξαι</span> <span class='ocrx_word' id='word_1_537' title='bbox 2722 3456 2814 3510; x_wconf 82' lang='grc' dir='ltr'>τὸν</span> <span class='ocrx_word' id='word_1_538' title='bbox 2849 3455 3052 3528; x_wconf 66' lang='grc' dir='ltr'>ἰατρὸν,</span> <span class='ocrx_word' id='word_1_539' title='bbox 3085 3456 3328 3528; x_wconf 85' lang='grc' dir='ltr'>δυσμενῆ</span> <span class='ocrx_word' id='word_1_540' title='bbox 3353 3457 3452 3511; x_wconf 79' lang='grc' dir='ltr'>τὸν</span> <span class='ocrx_word' id='word_1_541' title='bbox 3474 3458 3741 3529; x_wconf 81' lang='grc' dir='ltr'>ἐρόμενον</span> 
     </span>
    </p>
   </div>
   <div class='ocr_carea' id='block_1_76' title="bbox 2151 3546 3737 3620">
    <p class='ocr_par' dir='ltr' id='par_1_76' title="bbox 2151 3546 3737 3620">
     <span class='ocr_line' id='line_1_76' title="bbox 2151 3546 3737 3620; baseline -0.001 -16"><span class='ocrx_word' id='word_1_542' title='bbox 2151 3549 2563 3619; x_wconf 84' lang='grc' dir='ltr'>ἐπιστάμενος),</span> <span class='ocrx_word' id='word_1_543' title='bbox 2592 3546 2691 3618; x_wconf 74' lang='grc' dir='ltr'><strong>ὀψέ</strong></span> <span class='ocrx_word' id='word_1_544' title='bbox 2720 3564 2851 3600; x_wconf 87' lang='grc' dir='ltr'>ποτε</span> <span class='ocrx_word' id='word_1_545' title='bbox 2868 3547 3102 3619; x_wconf 80' lang='grc' dir='ltr'>τάληθὲς</span> <span class='ocrx_word' id='word_1_546' title='bbox 3132 3550 3307 3602; x_wconf 86' lang='grc' dir='ltr'>εἰπεῖν</span> <span class='ocrx_word' id='word_1_547' title='bbox 3337 3549 3590 3620; x_wconf 76' lang='grc' dir='ltr'>ἐϐιάσθη,</span> <span class='ocrx_word' id='word_1_548' title='bbox 3637 3551 3737 3606; x_wconf 67' lang='grc' dir='ltr'>καὶ</span> 
     </span>
    </p>
   </div>
   <div class='ocr_carea' id='block_1_77' title="bbox 2149 3641 3733 3716">
    <p class='ocr_par' dir='ltr' id='par_1_77' title="bbox 2149 3641 3733 3716">
     <span class='ocr_line' id='line_1_77' title="bbox 2149 3641 3733 3716; baseline 0.002 -20"><span class='ocrx_word' id='word_1_549' title='bbox 2149 3641 2252 3713; x_wconf 84' lang='grc' dir='ltr'>τῆς</span> <span class='ocrx_word' id='word_1_550' title='bbox 2295 3641 2594 3712; x_wconf 77' lang='grc' dir='ltr'>θεραπείας</span> <span class='ocrx_word' id='word_1_551' title='bbox 2642 3641 2735 3695; x_wconf 84' lang='grc' dir='ltr'>τὸν</span> <span class='ocrx_word' id='word_1_552' title='bbox 2783 3642 2985 3713; x_wconf 88' lang='grc' dir='ltr'>τρόπον</span> <span class='ocrx_word' id='word_1_553' title='bbox 3027 3642 3285 3709; x_wconf 82' lang='grc' dir='ltr'>ἐδίδαξεν.</span> <span class='ocrx_word' id='word_1_554' title='bbox 3338 3644 3733 3716; x_wconf 80' lang='grc' dir='ltr'>Ἐκπλήττεται</span> 
     </span>
    </p>
   </div>
   <div class='ocr_carea' id='block_1_78' title="bbox 2154 3731 3725 3810">
    <p class='ocr_par' dir='ltr' id='par_1_78' title="bbox 2154 3731 3725 3810">
     <span class='ocr_line' id='line_1_78' title="bbox 2154 3731 3725 3810; baseline 0.001 -22"><span class='ocrx_word' id='word_1_555' title='bbox 2154 3735 2253 3807; x_wconf 76' lang='grc' dir='ltr'>μὲν</span> <span class='ocrx_word' id='word_1_556' title='bbox 2274 3735 2303 3787; x_wconf 86' lang='grc' dir='ltr'><strong>ό</strong></span> <span class='ocrx_word' id='word_1_557' title='bbox 2337 3733 2608 3805; x_wconf 79' lang='grc' dir='ltr'>βασιλεὺς,</span> <span class='ocrx_word' id='word_1_558' title='bbox 2634 3735 2728 3787; x_wconf 81' lang='grc' dir='ltr'>καὶ</span> <span class='ocrx_word' id='word_1_559' title='bbox 2749 3734 3079 3803; x_wconf 83' lang='grc' dir='ltr'>ἁξιάγαστον</span> <span class='ocrx_word' id='word_1_560' title='bbox 3107 3731 3247 3790; x_wconf 79' lang='grc' dir='ltr'>εἶναι</span> <span class='ocrx_word' id='word_1_561' title='bbox 3275 3738 3366 3790; x_wconf 74' lang='grc' dir='ltr'><strong>τὸν</strong></span> <span class='ocrx_word' id='word_1_562' title='bbox 3393 3736 3564 3810; x_wconf 73' lang='grc' dir='ltr'>ἄνδρα</span> <span class='ocrx_word' id='word_1_563' title='bbox 3591 3737 3725 3791; x_wconf 83' lang='grc' dir='ltr'>καθ-</span> 
     </span>
    </p>
   </div>
   <div class='ocr_carea' id='block_1_79' title="bbox 2148 3820 3726 3900">
    <p class='ocr_par' dir='ltr' id='par_1_79' title="bbox 2148 3820 3726 3900">
     <span class='ocr_line' id='line_1_79' title="bbox 2148 3820 3726 3900; baseline 0.002 -20"><span class='ocrx_word' id='word_1_564' title='bbox 2148 3826 2420 3897; x_wconf 77' lang='grc' dir='ltr'><strong>ομολογεῖ⁸</strong></span> <span class='ocrx_word' id='word_1_565' title='bbox 2458 3827 2533 3882; x_wconf 86' lang='grc' dir='ltr'><strong>Οὐ</strong></span> <span class='ocrx_word' id='word_1_566' title='bbox 2568 3825 2677 3897; x_wconf 78' lang='grc' dir='ltr'>μὴν</span> <span class='ocrx_word' id='word_1_567' title='bbox 2714 3828 2815 3896; x_wconf 78' lang='grc' dir='ltr'>τῆς</span> <span class='ocrx_word' id='word_1_568' title='bbox 2862 3820 3134 3898; x_wconf 74' lang='grc' dir='ltr'>προτέρας</span> <span class='ocrx_word' id='word_1_569' title='bbox 3184 3829 3477 3900; x_wconf 84' lang='grc' dir='ltr'>ἀπηλλάγη</span> <span class='ocrx_word' id='word_1_570' title='bbox 3509 3830 3726 3899; x_wconf 86' lang='grc' dir='ltr'>μανίας,</span> 
     </span>
    </p>
   </div>
   <div class='ocr_carea' id='block_1_80' title="bbox 2150 3915 3731 3988">
    <p class='ocr_par' dir='ltr' id='par_1_80' title="bbox 2150 3915 3731 3988">
     <span class='ocr_line' id='line_1_80' title="bbox 2150 3915 3731 3988; baseline 0.004 -18"><span class='ocrx_word' id='word_1_571' title='bbox 2150 3917 2267 3971; x_wconf 80' lang='grc' dir='ltr'>ἀλλ’</span> <span class='ocrx_word' id='word_1_572' title='bbox 2296 3916 2533 3988; x_wconf 81' lang='grc' dir='ltr'>ἐπέμενε</span> <span class='ocrx_word' id='word_1_573' title='bbox 2559 3918 2701 3971; x_wconf 79' lang='grc' dir='ltr'>κατὰ</span> <span class='ocrx_word' id='word_1_574' title='bbox 2729 3915 2823 3970; x_wconf 81' lang='grc' dir='ltr'><strong>τοῦ</strong></span> <span class='ocrx_word' id='word_1_575' title='bbox 2852 3916 3195 3987; x_wconf 83' lang='grc' dir='ltr'>Μονογενοῦς</span> <span class='ocrx_word' id='word_1_576' title='bbox 3221 3918 3459 3983; x_wconf 80' lang='grc' dir='ltr'>λυττῶν,</span> <span class='ocrx_word' id='word_1_577' title='bbox 3499 3921 3602 3985; x_wconf 77' lang='grc' dir='ltr'>ἕως</span> <span class='ocrx_word' id='word_1_578' title='bbox 3640 3920 3731 3976; x_wconf 79' lang='grc' dir='ltr'>ὅτε</span> 
     </span>
    </p>
   </div>
   <div class='ocr_carea' id='block_1_81' title="bbox 2153 4007 3733 4083">
    <p class='ocr_par' dir='ltr' id='par_1_81' title="bbox 2153 4007 3733 4083">
     <span class='ocr_line' id='line_1_81' title="bbox 2153 4007 3733 4083; baseline 0.004 -22"><span class='ocrx_word' id='word_1_579' title='bbox 2153 4007 2488 4083; x_wconf 75' lang='grc' dir='ltr'>βαρϐαρικοῦ</span> <span class='ocrx_word' id='word_1_580' title='bbox 2519 4008 2692 4078; x_wconf 78' lang='grc' dir='ltr'>πυρὸς</span> <span class='ocrx_word' id='word_1_581' title='bbox 2716 4008 2936 4077; x_wconf 73' lang='grc' dir='ltr'>ἐγένετο</span> <span class='ocrx_word' id='word_1_582' title='bbox 2961 4011 3363 4082; x_wconf 87' lang='grc' dir='ltr'>παρανάλωμα,</span> <span class='ocrx_word' id='word_1_583' title='bbox 3404 4013 3525 4067; x_wconf 77' lang='grc' dir='ltr'>οὐδὲ</span> <span class='ocrx_word' id='word_1_584' title='bbox 3549 4013 3733 4083; x_wconf 72' lang='grc' dir='ltr'>ταφῆς</span> 
     </span>
    </p>
   </div>
   <div class='ocr_carea' id='block_1_82' title="bbox 2150 4100 3733 4174">
    <p class='ocr_par' dir='ltr' id='par_1_82' title="bbox 2150 4100 3733 4174">
     <span class='ocr_line' id='line_1_82' title="bbox 2150 4100 3733 4174; baseline -0.001 -16"><span class='ocrx_word' id='word_1_585' title='bbox 2150 4105 2243 4158; x_wconf 79' lang='grc' dir='ltr'>τσα</span> <span class='ocrx_word' id='word_1_586' title='bbox 2264 4104 2378 4165; x_wconf 80' lang='grc' dir='ltr'>τοῖς</span> <span class='ocrx_word' id='word_1_587' title='bbox 2405 4101 2647 4166; x_wconf 82' lang='grc' dir='ltr'>οἰκέταις</span> <span class='ocrx_word' id='word_1_588' title='bbox 2673 4100 2707 4173; x_wconf 77' lang='grc' dir='ltr'>ἢ</span> <span class='ocrx_word' id='word_1_589' title='bbox 2746 4101 3073 4174; x_wconf 85' lang='grc' dir='ltr'>προσαίταις</span> <span class='ocrx_word' id='word_1_590' title='bbox 3112 4101 3384 4168; x_wconf 81' lang='grc' dir='ltr'>ἀξιωθείς.</span> <span class='ocrx_word' id='word_1_591' title='bbox 3418 4104 3479 4158; x_wconf 85' lang='lat'><strong>&#39;0</strong></span> <span class='ocrx_word' id='word_1_592' title='bbox 3507 4104 3564 4158; x_wconf 70' lang='grc' dir='ltr'>δὲ</span> <span class='ocrx_word' id='word_1_593' title='bbox 3585 4103 3733 4168; x_wconf 81' lang='grc' dir='ltr'>θεῖος</span> 
     </span>
    </p>
   </div>
   <div class='ocr_carea' id='block_1_83' title="bbox 2152 4194 3733 4268">
    <p class='ocr_par' dir='ltr' id='par_1_83' title="bbox 2152 4194 3733 4268">
     <span class='ocr_line' id='line_1_83' title="bbox 2152 4194 3733 4268; baseline 0 -18"><span class='ocrx_word' id='word_1_594' title='bbox 2152 4196 2486 4267; x_wconf 77' lang='grc' dir='ltr'>Ἀφραάτης,</span> <span class='ocrx_word' id='word_1_595' title='bbox 2510 4195 2606 4248; x_wconf 71' lang='grc' dir='ltr'>καὶ</span> <span class='ocrx_word' id='word_1_596' title='bbox 2629 4195 2687 4249; x_wconf 86' lang='grc' dir='ltr'><strong>ἐν</strong></span> <span class='ocrx_word' id='word_1_597' title='bbox 2708 4194 2893 4266; x_wconf 79' lang='grc' dir='ltr'>ἐκείνῃ</span> <span class='ocrx_word' id='word_1_598' title='bbox 2918 4196 2984 4265; x_wconf 84' lang='grc' dir='ltr'><strong>τῇ</strong></span> <span class='ocrx_word' id='word_1_599' title='bbox 3018 4194 3157 4268; x_wconf 78' lang='grc' dir='ltr'>ζάλῃ</span> <span class='ocrx_word' id='word_1_600' title='bbox 3181 4194 3281 4268; x_wconf 82' lang='grc' dir='ltr'>τὴν</span> <span class='ocrx_word' id='word_1_601' title='bbox 3300 4196 3504 4250; x_wconf 86' lang='grc' dir='ltr'>οἰκείαν</span> <span class='ocrx_word' id='word_1_602' title='bbox 3529 4195 3733 4264; x_wconf 75' lang='grc' dir='ltr'>ἔδειξεν</span> 
     </span>
    </p>
   </div>
   <div class='ocr_carea' id='block_1_84' title="bbox 446 4276 3733 4362">
    <p class='ocr_par' dir='ltr' id='par_1_84' title="bbox 446 4276 3733 4362">
     <span class='ocr_line' id='line_1_84' title="bbox 446 4276 3733 4362; baseline 0.004 -28"><span class='ocrx_word' id='word_1_603' title='bbox 446 4283 648 4357; x_wconf 74' lang='grc' dir='ltr'>ἀρετὴν</span> <span class='ocrx_word' id='word_1_604' title='bbox 680 4284 776 4339; x_wconf 62' lang='grc' dir='ltr'><strong>καὶ¹</strong></span> <span class='ocrx_word' id='word_1_605' title='bbox 828 4287 1073 4360; x_wconf 78' lang='grc' dir='ltr'>γαλήνης</span> <span class='ocrx_word' id='word_1_606' title='bbox 1101 4291 1401 4362; x_wconf 78' lang='grc' dir='ltr'>γενομένης</span> <span class='ocrx_word' id='word_1_607' title='bbox 1472 4292 1543 4347; x_wconf 69' lang='grc' dir='ltr'>τὰ</span> <span class='ocrx_word' id='word_1_608' title='bbox 1601 4292 1690 4347; x_wconf 86' lang='grc' dir='ltr'><strong>ἵσα</strong></span> <span class='ocrx_word' id='word_1_609' title='bbox 1751 4292 1897 4362; x_wconf 86' lang='grc' dir='ltr'>δρῶν</span> <span class='ocrx_word' id='word_1_610' title='bbox 1960 4290 2248 4346; x_wconf 77' lang='grc' dir='ltr'>διετέλεσε.</span> <span class='ocrx_word' id='word_1_611' title='bbox 2317 4289 2430 4342; x_wconf 73' lang='grc' dir='ltr'><strong>Καὶ</strong></span> <span class='ocrx_word' id='word_1_612' title='bbox 2474 4286 2610 4342; x_wconf 76' lang='grc' dir='ltr'>ἄλλα</span> <span class='ocrx_word' id='word_1_613' title='bbox 2638 4285 2696 4341; x_wconf 80' lang='grc' dir='ltr'>δὲ</span> <span class='ocrx_word' id='word_1_614' title='bbox 2729 4287 2897 4359; x_wconf 89' lang='grc' dir='ltr'>μυρία</span> <span class='ocrx_word' id='word_1_615' title='bbox 2940 4276 3257 4359; x_wconf 34' lang='grc' dir='ltr'>ωείργάσατο</span> <span class='ocrx_word' id='word_1_616' title='bbox 3322 4285 3579 4359; x_wconf 81' lang='grc' dir='ltr'>θαύματα</span> <span class='ocrx_word' id='word_1_617' title='bbox 3608 4328 3624 4355; x_wconf 90' lang='grc'><strong>,</strong></span> <span class='ocrx_word' id='word_1_618' title='bbox 3652 4282 3733 4347; x_wconf 76' lang='grc' dir='ltr'>ὧν</span> 
     </span>
    </p>
   </div>
   <div class='ocr_carea' id='block_1_85' title="bbox 450 4373 1181 4451">
    <p class='ocr_par' dir='ltr' id='par_1_85' title="bbox 450 4373 1181 4451">
     <span class='ocr_line' id='line_1_85' title="bbox 450 4373 1181 4451; baseline 0.011 -25"><span class='ocrx_word' id='word_1_619' title='bbox 450 4373 569 4437; x_wconf 76' lang='grc' dir='ltr'>ἐνὸς</span> <span class='ocrx_word' id='word_1_620' title='bbox 595 4373 629 4444; x_wconf 73' lang='grc' dir='ltr'><strong>ἢ</strong></span> <span class='ocrx_word' id='word_1_621' title='bbox 656 4375 749 4430; x_wconf 91' lang='grc' dir='ltr'><strong>δύο</strong></span> <span class='ocrx_word' id='word_1_622' title='bbox 775 4377 1181 4451; x_wconf 82' lang='grc' dir='ltr'>μνησθήσομαι.</span> 
     </span>
    </p>
   </div>
   <div class='ocr_carea' id='block_1_86' title="bbox 521 4464 2032 4546">
    <p class='ocr_par' dir='ltr' id='par_1_86' title="bbox 521 4464 2032 4546">
     <span class='ocr_line' id='line_1_86' title="bbox 521 4464 2032 4546; baseline 0.008 -27"><span class='ocrx_word' id='word_1_623' title='bbox 521 4464 719 4522; x_wconf 77' lang='lat' dir='ltr'><strong>Mulier</strong></span> <span class='ocrx_word' id='word_1_624' title='bbox 755 4470 1005 4540; x_wconf 68' lang='lat' dir='ltr'><strong>quaedam</strong></span> <span class='ocrx_word' id='word_1_625' title='bbox 1064 4472 1240 4543; x_wconf 88' lang='lat' dir='ltr'><strong>stirpe</strong></span> <span class='ocrx_word' id='word_1_626' title='bbox 1292 4471 1521 4537; x_wconf 85' lang='lat' dir='ltr'><strong>illustri,</strong></span> <span class='ocrx_word' id='word_1_627' title='bbox 1581 4475 1702 4530; x_wconf 91' lang='lat' dir='ltr'><strong>viro</strong></span> <span class='ocrx_word' id='word_1_628' title='bbox 1760 4475 2032 4546; x_wconf 86' lang='lat' dir='ltr'><strong>intempe-</strong></span> 
     </span>
    </p>
   </div>
   <div class='ocr_carea' id='block_1_87' title="bbox 2215 4470 3728 4547">
    <p class='ocr_par' dir='ltr' id='par_1_87' title="bbox 2215 4470 3728 4547">
     <span class='ocr_line' id='line_1_87' title="bbox 2215 4470 3728 4547; baseline -0.001 -21"><span class='ocrx_word' id='word_1_629' title='bbox 2215 4472 2357 4545; x_wconf 83' lang='grc' dir='ltr'>Γυνή</span> <span class='ocrx_word' id='word_1_630' title='bbox 2386 4489 2472 4535; x_wconf 89' lang='grc' dir='ltr'><strong>τις</strong></span> <span class='ocrx_word' id='word_1_631' title='bbox 2498 4472 2607 4524; x_wconf 83' lang='grc' dir='ltr'><strong>τῶν</strong></span> <span class='ocrx_word' id='word_1_632' title='bbox 2629 4470 2993 4541; x_wconf 78' lang='grc' dir='ltr'>εὐπατριδῶν,</span> <span class='ocrx_word' id='word_1_633' title='bbox 3031 4471 3316 4544; x_wconf 76' lang='grc' dir='ltr'>ἀκολάστῳ</span> <span class='ocrx_word' id='word_1_634' title='bbox 3355 4473 3510 4547; x_wconf 71' lang='grc' dir='ltr'>ἀνδρὶ</span> <span class='ocrx_word' id='word_1_635' title='bbox 3539 4474 3728 4533; x_wconf 71' lang='grc' dir='ltr'>συνέλ-</span> 
     </span>
    </p>
   </div>
   <div class='ocr_carea' id='block_1_88' title="bbox 449 4560 2045 4639">
    <p class='ocr_par' dir='ltr' id='par_1_88' title="bbox 449 4560 2035 4633">
     <span class='ocr_line' id='line_1_88' title="bbox 449 4560 2035 4633; baseline 0.005 -19"><span class='ocrx_word' id='word_1_636' title='bbox 449 4563 593 4615; x_wconf 84' lang='lat' dir='ltr'><strong>ranti</strong></span> <span class='ocrx_word' id='word_1_637' title='bbox 621 4560 811 4631; x_wconf 88' lang='lat' dir='ltr'><strong>juncta</strong></span> <span class='ocrx_word' id='word_1_638' title='bbox 846 4564 1223 4631; x_wconf 89' lang='lat' dir='ltr'><strong>matrimonio,</strong></span> <span class='ocrx_word' id='word_1_639' title='bbox 1264 4566 1330 4621; x_wconf 88' lang='lat' dir='ltr'><strong>ad</strong></span> <span class='ocrx_word' id='word_1_640' title='bbox 1366 4567 1586 4621; x_wconf 86' lang='lat' dir='ltr'><strong>beatum</strong></span> <span class='ocrx_word' id='word_1_641' title='bbox 1650 4568 1830 4623; x_wconf 91' lang='lat' dir='ltr'><strong>virum</strong></span> <span class='ocrx_word' id='word_1_642' title='bbox 1864 4569 2035 4633; x_wconf 87' lang='lat' dir='ltr'><strong>venit,</strong></span> 
     </span>
    </p>
   </div>
   <div class='ocr_carea' id='block_1_89' title="bbox 2152 4560 3732 4639">
    <p class='ocr_par' dir='ltr' id='par_1_89' title="bbox 2152 4562 3732 4639">
     <span class='ocr_line' id='line_1_89' title="bbox 2152 4562 3732 4639; baseline -0.003 -20"><span class='ocrx_word' id='word_1_643' title='bbox 2152 4581 2314 4619; x_wconf 74' lang='grc' dir='ltr'>κουσα</span> <span class='ocrx_word' id='word_1_644' title='bbox 2344 4563 2433 4617; x_wconf 82' lang='grc' dir='ltr'>τὸν</span> <span class='ocrx_word' id='word_1_645' title='bbox 2463 4562 2558 4618; x_wconf 81' lang='grc' dir='ltr'>τοῦ</span> <span class='ocrx_word' id='word_1_646' title='bbox 2585 4562 2765 4633; x_wconf 86' lang='grc' dir='ltr'>γάμου</span> <span class='ocrx_word' id='word_1_647' title='bbox 2790 4562 2975 4631; x_wconf 79' lang='grc' dir='ltr'>ζυγὸν,</span> <span class='ocrx_word' id='word_1_648' title='bbox 3000 4563 3230 4633; x_wconf 82' lang='grc' dir='ltr'>ἀφίκετο</span> <span class='ocrx_word' id='word_1_649' title='bbox 3259 4565 3396 4638; x_wconf 78' lang='grc' dir='ltr'>πρὸς</span> <span class='ocrx_word' id='word_1_650' title='bbox 3423 4567 3514 4621; x_wconf 75' lang='grc' dir='ltr'><strong>τὸν</strong></span> <span class='ocrx_word' id='word_1_651' title='bbox 3543 4573 3732 4639; x_wconf 83' lang='grc' dir='ltr'>μακά-</span> 
     </span>
    </p>
   </div>
   <div class='ocr_carea' id='block_1_90' title="bbox 449 4655 2033 4733">
    <p class='ocr_par' dir='ltr' id='par_1_90' title="bbox 449 4655 2033 4733">
     <span class='ocr_line' id='line_1_90' title="bbox 449 4655 2033 4733; baseline 0.006 -24"><span class='ocrx_word' id='word_1_652' title='bbox 449 4655 748 4725; x_wconf 87' lang='lat' dir='ltr'><strong>deplorans</strong></span> <span class='ocrx_word' id='word_1_653' title='bbox 804 4657 1175 4713; x_wconf 78' lang='lat' dir='ltr'><strong>calamitatem</strong></span> <span class='ocrx_word' id='word_1_654' title='bbox 1203 4673 1385 4714; x_wconf 89' lang='lat' dir='ltr'><strong>suam.</strong></span> <span class='ocrx_word' id='word_1_655' title='bbox 1444 4657 1637 4714; x_wconf 79' lang='lat' dir='ltr'><strong>Aiebat</strong></span> <span class='ocrx_word' id='word_1_656' title='bbox 1667 4662 1811 4716; x_wconf 89' lang='lat' dir='ltr'><strong>enim</strong></span> <span class='ocrx_word' id='word_1_657' title='bbox 1853 4662 2033 4733; x_wconf 90' lang='lat' dir='ltr'><strong>pellici</strong></span> 
     </span>
    </p>
   </div>
   <div class='ocr_carea' id='block_1_91' title="bbox 448 4747 2036 4824">
    <p class='ocr_par' dir='ltr' id='par_1_91' title="bbox 448 4747 2036 4824">
     <span class='ocr_line' id='line_1_91' title="bbox 448 4747 2036 4824; baseline 0.007 -24"><span class='ocrx_word' id='word_1_658' title='bbox 448 4747 730 4802; x_wconf 83' lang='lat' dir='ltr'><strong>addictum</strong></span> <span class='ocrx_word' id='word_1_659' title='bbox 774 4750 1012 4815; x_wconf 80' lang='lat' dir='ltr'><strong>magicis</strong></span> <span class='ocrx_word' id='word_1_660' title='bbox 1044 4750 1376 4819; x_wconf 89' lang='lat' dir='ltr'><strong>quibusdam</strong></span> <span class='ocrx_word' id='word_1_661' title='bbox 1411 4752 1714 4824; x_wconf 67' lang='lat' dir='ltr'><strong>praestigiis</strong></span> <span class='ocrx_word' id='word_1_662' title='bbox 1745 4753 1920 4811; x_wconf 77' lang='lat' dir='ltr'><strong>fuisse</strong></span> <span class='ocrx_word' id='word_1_663' title='bbox 1948 4756 2036 4810; x_wconf 85' lang='lat' dir='ltr'><strong>in-</strong></span> 
     </span>
    </p>
   </div>
   <div class='ocr_carea' id='block_1_92' title="bbox 449 4840 2035 4920">
    <p class='ocr_par' dir='ltr' id='par_1_92' title="bbox 449 4840 2035 4920">
     <span class='ocr_line' id='line_1_92' title="bbox 449 4840 2035 4920; baseline 0.007 -27"><span class='ocrx_word' id='word_1_664' title='bbox 449 4847 750 4904; x_wconf 84' lang='lat' dir='ltr'><strong>cantatum,</strong></span> <span class='ocrx_word' id='word_1_665' title='bbox 817 4848 872 4895; x_wconf 87' lang='lat' dir='ltr'><strong>et</strong></span> <span class='ocrx_word' id='word_1_666' title='bbox 906 4840 1032 4896; x_wconf 85' lang='lat' dir='ltr'><strong>odio</strong></span> <span class='ocrx_word' id='word_1_667' title='bbox 1072 4841 1273 4899; x_wconf 84' lang='lat' dir='ltr'><strong>habere</strong></span> <span class='ocrx_word' id='word_1_668' title='bbox 1302 4857 1360 4898; x_wconf 89' lang='lat' dir='ltr'><strong>se</strong></span> <span class='ocrx_word' id='word_1_669' title='bbox 1385 4843 1624 4914; x_wconf 84' lang='lat' dir='ltr'><strong>legitimo</strong></span> <span class='ocrx_word' id='word_1_670' title='bbox 1651 4847 1906 4920; x_wconf 88' lang='lat' dir='ltr'><strong>conjugio</strong></span> <span class='ocrx_word' id='word_1_671' title='bbox 1933 4849 2035 4920; x_wconf 90' lang='lat' dir='ltr'><strong>ipsi</strong></span> 
     </span>
    </p>
   </div>
   <div class='ocr_carea' id='block_1_93' title="bbox 448 4930 2035 5009">
    <p class='ocr_par' dir='ltr' id='par_1_93' title="bbox 448 4930 2035 5009">
     <span class='ocr_line' id='line_1_93' title="bbox 448 4930 2035 5009; baseline 0.009 -24"><span class='ocrx_word' id='word_1_672' title='bbox 448 4931 785 5001; x_wconf 84' lang='lat' dir='ltr'><strong>copulatam.</strong></span> <span class='ocrx_word' id='word_1_673' title='bbox 819 4930 945 4988; x_wconf 82' lang='lat' dir='ltr'><strong>Haec</strong></span> <span class='ocrx_word' id='word_1_674' title='bbox 977 4940 1160 4989; x_wconf 89' lang='lat' dir='ltr'><strong>autem</strong></span> <span class='ocrx_word' id='word_1_675' title='bbox 1185 4933 1254 4989; x_wconf 91' lang='lat' dir='ltr'><strong>ad</strong></span> <span class='ocrx_word' id='word_1_676' title='bbox 1287 4935 1589 4992; x_wconf 90' lang='lat' dir='ltr'><strong>atriensem</strong></span> <span class='ocrx_word' id='word_1_677' title='bbox 1612 4939 1841 5009; x_wconf 75' lang='lat' dir='ltr'><strong>ianuam</strong></span> <span class='ocrx_word' id='word_1_678' title='bbox 1878 4950 2035 4999; x_wconf 88' lang='lat' dir='ltr'><strong>stans</strong></span> 
     </span>
    </p>
   </div>
   <div class='ocr_carea' id='block_1_94' title="bbox 448 5022 2030 5103">
    <p class='ocr_par' dir='ltr' id='par_1_94' title="bbox 448 5022 2030 5103">
     <span class='ocr_line' id='line_1_94' title="bbox 448 5022 2030 5103; baseline 0.007 -26"><span class='ocrx_word' id='word_1_679' title='bbox 448 5022 649 5080; x_wconf 88' lang='lat' dir='ltr'><strong>mulier</strong></span> <span class='ocrx_word' id='word_1_680' title='bbox 697 5024 938 5082; x_wconf 85' lang='lat' dir='ltr'><strong>dicebat.</strong></span> <span class='ocrx_word' id='word_1_681' title='bbox 970 5026 1046 5081; x_wconf 92' lang='lat' dir='ltr'><strong>lbi</strong></span> <span class='ocrx_word' id='word_1_682' title='bbox 1080 5027 1229 5082; x_wconf 89' lang='lat' dir='ltr'><strong>enim</strong></span> <span class='ocrx_word' id='word_1_683' title='bbox 1258 5026 1503 5086; x_wconf 80' lang='lat' dir='ltr'><strong>feminas</strong></span> <span class='ocrx_word' id='word_1_684' title='bbox 1532 5031 1738 5102; x_wconf 82' lang='lat' dir='ltr'><strong>alloqui</strong></span> <span class='ocrx_word' id='word_1_685' title='bbox 1797 5035 2030 5103; x_wconf 86' lang='lat' dir='ltr'><strong>solebat,</strong></span> 
     </span>
    </p>
   </div>
   <div class='ocr_carea' id='block_1_95' title="bbox 446 5117 2033 5196">
    <p class='ocr_par' dir='ltr' id='par_1_95' title="bbox 446 5117 2033 5196">
     <span class='ocr_line' id='line_1_95' title="bbox 446 5117 2033 5196; baseline 0.009 -28"><span class='ocrx_word' id='word_1_686' title='bbox 446 5132 627 5186; x_wconf 88' lang='lat' dir='ltr'><strong>neque</strong></span> <span class='ocrx_word' id='word_1_687' title='bbox 663 5117 834 5171; x_wconf 88' lang='lat' dir='ltr'><strong>ullam</strong></span> <span class='ocrx_word' id='word_1_688' title='bbox 868 5118 1015 5172; x_wconf 90' lang='lat' dir='ltr'><strong>intra</strong></span> <span class='ocrx_word' id='word_1_689' title='bbox 1047 5119 1277 5189; x_wconf 86' lang='lat' dir='ltr'><strong>januam</strong></span> <span class='ocrx_word' id='word_1_690' title='bbox 1301 5124 1512 5195; x_wconf 88' lang='lat' dir='ltr'><strong>recepit</strong></span> <span class='ocrx_word' id='word_1_691' title='bbox 1546 5141 1812 5196; x_wconf 83' lang='lat' dir='ltr'><strong>unquam.</strong></span> <span class='ocrx_word' id='word_1_692' title='bbox 1838 5125 2033 5183; x_wconf 84' lang='lat' dir='ltr'><strong>Mulie-</strong></span> 
     </span>
    </p>
   </div>
   <div class='ocr_carea' id='block_1_96' title="bbox 447 5208 2029 5285">
    <p class='ocr_par' dir='ltr' id='par_1_96' title="bbox 447 5208 2029 5285">
     <span class='ocr_line' id='line_1_96' title="bbox 447 5208 2029 5285; baseline 0.007 -26"><span class='ocrx_word' id='word_1_693' title='bbox 447 5222 561 5260; x_wconf 83' lang='lat' dir='ltr'><strong>rem</strong></span> <span class='ocrx_word' id='word_1_694' title='bbox 593 5222 726 5277; x_wconf 82' lang='lat' dir='ltr'><strong>ergo</strong></span> <span class='ocrx_word' id='word_1_695' title='bbox 776 5209 1077 5277; x_wconf 85' lang='lat' dir='ltr'><strong>ejulaulem</strong></span> <span class='ocrx_word' id='word_1_696' title='bbox 1109 5208 1435 5275; x_wconf 70' lang='lat' dir='ltr'><strong>miseratus,</strong></span> <span class='ocrx_word' id='word_1_697' title='bbox 1472 5216 1878 5285; x_wconf 70' lang='lat' dir='ltr'><strong>praestigiarum</strong></span> <span class='ocrx_word' id='word_1_698' title='bbox 1919 5216 2029 5270; x_wconf 86' lang='lat' dir='ltr'><strong>vim</strong></span> 
     </span>
    </p>
   </div>
   <div class='ocr_carea' id='block_1_97' title="bbox 449 5298 2029 5371">
    <p class='ocr_par' dir='ltr' id='par_1_97' title="bbox 449 5298 2029 5371">
     <span class='ocr_line' id='line_1_97' title="bbox 449 5298 2029 5371; baseline 0.006 -20"><span class='ocrx_word' id='word_1_699' title='bbox 449 5298 706 5365; x_wconf 79' lang='lat' dir='ltr'><strong>precibus</strong></span> <span class='ocrx_word' id='word_1_700' title='bbox 735 5303 1024 5371; x_wconf 87' lang='lat' dir='ltr'><strong>repressit,</strong></span> <span class='ocrx_word' id='word_1_701' title='bbox 1061 5312 1117 5357; x_wconf 89' lang='lat' dir='ltr'><strong>et</strong></span> <span class='ocrx_word' id='word_1_702' title='bbox 1144 5304 1372 5359; x_wconf 84' lang='lat' dir='ltr'><strong>allatum</strong></span> <span class='ocrx_word' id='word_1_703' title='bbox 1398 5305 1467 5360; x_wconf 87' lang='lat' dir='ltr'><strong>ab</strong></span> <span class='ocrx_word' id='word_1_704' title='bbox 1505 5321 1569 5365; x_wconf 83' lang='lat' dir='ltr'><strong>ea</strong></span> <span class='ocrx_word' id='word_1_705' title='bbox 1604 5308 1894 5362; x_wconf 90' lang='lat' dir='ltr'><strong>vasculum</strong></span> <span class='ocrx_word' id='word_1_706' title='bbox 1925 5307 2029 5361; x_wconf 91' lang='lat' dir='ltr'><strong>olei</strong></span> 
     </span>
    </p>
   </div>
   <div class='ocr_carea' id='block_1_98' title="bbox 447 5388 2030 5469">
    <p class='ocr_par' dir='ltr' id='par_1_98' title="bbox 447 5388 2030 5469">
     <span class='ocr_line' id='line_1_98' title="bbox 447 5388 2030 5469; baseline 0.008 -28"><span class='ocrx_word' id='word_1_707' title='bbox 447 5388 632 5441; x_wconf 86' lang='lat' dir='ltr'><strong>divina</strong></span> <span class='ocrx_word' id='word_1_708' title='bbox 669 5390 1015 5447; x_wconf 82' lang='lat' dir='ltr'><strong>invocatione</strong></span> <span class='ocrx_word' id='word_1_709' title='bbox 1073 5394 1455 5460; x_wconf 77' lang='lat' dir='ltr'><strong>sanctiﬁcans,</strong></span> <span class='ocrx_word' id='word_1_710' title='bbox 1489 5412 1555 5450; x_wconf 87' lang='lat' dir='ltr'><strong>eo</strong></span> <span class='ocrx_word' id='word_1_711' title='bbox 1601 5398 1778 5452; x_wconf 90' lang='lat' dir='ltr'><strong>virum</strong></span> <span class='ocrx_word' id='word_1_712' title='bbox 1838 5398 2030 5469; x_wconf 79' lang='lat' dir='ltr'><strong>inungi</strong></span> 
     </span>
    </p>
   </div>
   <div class='ocr_carea' id='block_1_99' title="bbox 460 5478 2033 5554">
    <p class='ocr_par' dir='ltr' id='par_1_99' title="bbox 460 5478 2033 5554">
     <span class='ocr_line' id='line_1_99' title="bbox 460 5478 2033 5554; baseline 0.01 -22"><span class='ocrx_word' id='word_1_713' title='bbox 460 5478 643 5546; x_wconf 83' lang='lat' dir='ltr'><strong>iussit.</strong></span> <span class='ocrx_word' id='word_1_714' title='bbox 674 5481 828 5545; x_wconf 82' lang='lat' dir='ltr'><strong>Quod</strong></span> <span class='ocrx_word' id='word_1_715' title='bbox 866 5484 957 5538; x_wconf 87' lang='lat' dir='ltr'><strong>illa</strong></span> <span class='ocrx_word' id='word_1_716' title='bbox 990 5501 1112 5539; x_wconf 90' lang='lat' dir='ltr'><strong>cum</strong></span> <span class='ocrx_word' id='word_1_717' title='bbox 1162 5484 1406 5554; x_wconf 69' lang='lat' dir='ltr'><strong>iecisset,</strong></span> <span class='ocrx_word' id='word_1_718' title='bbox 1436 5489 1539 5544; x_wconf 85' lang='lat' dir='ltr'><strong>viri</strong></span> <span class='ocrx_word' id='word_1_719' title='bbox 1577 5503 1817 5545; x_wconf 89' lang='lat' dir='ltr'><strong>amorem</strong></span> <span class='ocrx_word' id='word_1_720' title='bbox 1873 5488 1928 5543; x_wconf 92' lang='lat' dir='ltr'><strong>in</strong></span> <span class='ocrx_word' id='word_1_721' title='bbox 1973 5506 2033 5547; x_wconf 91' lang='lat' dir='ltr'><strong>se</strong></span> 
     </span>
    </p>
   </div>
   <div class='ocr_carea' id='block_1_100' title="bbox 451 5571 2029 5652">
    <p class='ocr_par' dir='ltr' id='par_1_100' title="bbox 451 5571 2029 5652">
     <span class='ocr_line' id='line_1_100' title="bbox 451 5571 2029 5652; baseline 0.012 -33"><span class='ocrx_word' id='word_1_722' title='bbox 451 5571 757 5637; x_wconf 85' lang='lat' dir='ltr'><strong>transtulit,</strong></span> <span class='ocrx_word' id='word_1_723' title='bbox 790 5573 949 5645; x_wconf 86' lang='lat' dir='ltr'><strong>eique</strong></span> <span class='ocrx_word' id='word_1_724' title='bbox 982 5578 1263 5647; x_wconf 86' lang='lat' dir='ltr'><strong>persuasit</strong></span> <span class='ocrx_word' id='word_1_725' title='bbox 1294 5591 1353 5634; x_wconf 92' lang='lat' dir='ltr'><strong>ut</strong></span> <span class='ocrx_word' id='word_1_726' title='bbox 1388 5579 1677 5650; x_wconf 81' lang='lat' dir='ltr'><strong>illegitimo</strong></span> <span class='ocrx_word' id='word_1_727' title='bbox 1721 5588 1843 5638; x_wconf 86' lang='lat' dir='ltr'><strong>toro</strong></span> <span class='ocrx_word' id='word_1_728' title='bbox 1894 5582 2029 5652; x_wconf 83' lang='lat' dir='ltr'><strong>legi-</strong></span> 
     </span>
    </p>
   </div>
   <div class='ocr_carea' id='block_1_101' title="bbox 454 5659 2030 5745">
    <p class='ocr_par' dir='ltr' id='par_1_101' title="bbox 454 5659 2030 5745">
     <span class='ocr_line' id='line_1_101' title="bbox 454 5659 2030 5745; baseline 0.013 -36"><span class='ocrx_word' id='word_1_729' title='bbox 454 5659 648 5712; x_wconf 85' lang='lat' dir='ltr'><strong>timum</strong></span> <span class='ocrx_word' id='word_1_730' title='bbox 690 5670 1068 5732; x_wconf 81' lang='lat' dir='ltr'><strong>anteponeret.</strong></span> <span class='ocrx_word' id='word_1_731' title='bbox 1115 5664 1322 5724; x_wconf 85' lang='lat' dir='ltr'><strong>Ferunt</strong></span> <span class='ocrx_word' id='word_1_732' title='bbox 1344 5671 1531 5737; x_wconf 87' lang='lat' dir='ltr'><strong>etiam,</strong></span> <span class='ocrx_word' id='word_1_733' title='bbox 1572 5683 1696 5725; x_wconf 87' lang='lat' dir='ltr'><strong>cmn</strong></span> <span class='ocrx_word' id='word_1_734' title='bbox 1752 5670 1806 5725; x_wconf 93' lang='lat' dir='ltr'><strong>in</strong></span> <span class='ocrx_word' id='word_1_735' title='bbox 1850 5675 2030 5745; x_wconf 81' lang='lat' dir='ltr'><strong>regio-</strong></span> 
     </span>
    </p>
   </div>
   <div class='ocr_carea' id='block_1_102' title="bbox 451 5758 2031 5829">
    <p class='ocr_par' dir='ltr' id='par_1_102' title="bbox 451 5758 2031 5829">
     <span class='ocr_line' id='line_1_102' title="bbox 451 5758 2031 5829; baseline 0.015 -27"><span class='ocrx_word' id='word_1_736' title='bbox 451 5769 569 5805; x_wconf 72' lang='lat' dir='ltr'><strong>nem</strong></span> <span class='ocrx_word' id='word_1_737' title='bbox 625 5769 847 5826; x_wconf 74' lang='lat' dir='ltr'><strong>repente</strong></span> <span class='ocrx_word' id='word_1_738' title='bbox 908 5758 1204 5828; x_wconf 82' lang='lat' dir='ltr'><strong>aliquando</strong></span> <span class='ocrx_word' id='word_1_739' title='bbox 1263 5760 1553 5820; x_wconf 87' lang='lat' dir='ltr'><strong>irruissent</strong></span> <span class='ocrx_word' id='word_1_740' title='bbox 1590 5765 1605 5782; x_wconf 81' lang='lat'><strong><em>&#39;</em></strong></span> <span class='ocrx_word' id='word_1_741' title='bbox 1667 5761 1921 5829; x_wconf 53' lang='lat' dir='ltr'><strong>locusta,</strong></span> <span class='ocrx_word' id='word_1_742' title='bbox 1979 5774 2031 5820; x_wconf 75' lang='lat' dir='ltr'><strong>rt</strong></span> 
     </span>
    </p>
   </div>
   <div class='ocr_carea' id='block_1_103' title="bbox 450 5844 2024 5920">
    <p class='ocr_par' dir='ltr' id='par_1_103' title="bbox 450 5844 2024 5920">
     <span class='ocr_line' id='line_1_103' title="bbox 450 5844 2024 5920; baseline 0.01 -23"><span class='ocrx_word' id='word_1_743' title='bbox 450 5844 589 5912; x_wconf 71' lang='lat' dir='ltr'><strong>ignis</strong></span> <span class='ocrx_word' id='word_1_744' title='bbox 648 5849 822 5904; x_wconf 76' lang='lat' dir='ltr'><strong>instar</strong></span> <span class='ocrx_word' id='word_1_745' title='bbox 854 5849 1037 5905; x_wconf 85' lang='lat' dir='ltr'><strong>omnia</strong></span> <span class='ocrx_word' id='word_1_746' title='bbox 1071 5864 1476 5913; x_wconf 75' lang='lat' dir='ltr'><strong>consumerent.</strong></span> <span class='ocrx_word' id='word_1_747' title='bbox 1519 5860 1750 5920; x_wconf 61' lang='lat' dir='ltr'><strong>segetes,</strong></span> <span class='ocrx_word' id='word_1_748' title='bbox 1781 5856 2024 5913; x_wconf 71' lang='lat' dir='ltr'><strong>arbores.</strong></span> 
     </span>
    </p>
   </div>
   <div class='ocr_carea' id='block_1_104' title="bbox 2141 4654 3736 4734">
    <p class='ocr_par' dir='ltr' id='par_1_104' title="bbox 2141 4654 3736 4734">
     <span class='ocr_line' id='line_1_104' title="bbox 2141 4654 3736 4734; baseline 0.003 -23"><span class='ocrx_word' id='word_1_749' title='bbox 2141 4673 2257 4728; x_wconf 84' lang='grc' dir='ltr'>ριον</span> <span class='ocrx_word' id='word_1_750' title='bbox 2297 4656 2507 4710; x_wconf 81' lang='grc' dir='ltr'>ἐκεῖνον</span> <span class='ocrx_word' id='word_1_751' title='bbox 2557 4654 2866 4726; x_wconf 75' lang='grc' dir='ltr'>ἄνθρωπον,</span> <span class='ocrx_word' id='word_1_752' title='bbox 2895 4655 2995 4726; x_wconf 84' lang='grc' dir='ltr'>τὴν</span> <span class='ocrx_word' id='word_1_753' title='bbox 3024 4656 3233 4712; x_wconf 85' lang='grc' dir='ltr'>οἰκείαν</span> <span class='ocrx_word' id='word_1_754' title='bbox 3267 4660 3559 4714; x_wconf 82' lang='grc' dir='ltr'>κωκύουσα</span> <span class='ocrx_word' id='word_1_755' title='bbox 3594 4678 3736 4734; x_wconf 85' lang='grc' dir='ltr'>συμ-</span> 
     </span>
    </p>
   </div>
   <div class='ocr_carea' id='block_1_105' title="bbox 2138 4744 3731 4821">
    <p class='ocr_par' dir='ltr' id='par_1_105' title="bbox 2138 4744 3731 4821">
     <span class='ocr_line' id='line_1_105' title="bbox 2138 4744 3731 4821; baseline 0.003 -20"><span class='ocrx_word' id='word_1_756' title='bbox 2138 4746 2332 4820; x_wconf 84' lang='grc' dir='ltr'>φοράν.</span> <span class='ocrx_word' id='word_1_757' title='bbox 2370 4747 2620 4816; x_wconf 80' lang='grc' dir='ltr'>Ἔφασκε</span> <span class='ocrx_word' id='word_1_758' title='bbox 2659 4744 2769 4816; x_wconf 78' lang='grc' dir='ltr'>γὰρ</span> <span class='ocrx_word' id='word_1_759' title='bbox 2800 4745 2892 4798; x_wconf 79' lang='grc' dir='ltr'><strong>τὸν</strong></span> <span class='ocrx_word' id='word_1_760' title='bbox 2922 4745 3093 4818; x_wconf 76' lang='grc' dir='ltr'>ἄνδρα</span> <span class='ocrx_word' id='word_1_761' title='bbox 3140 4746 3432 4802; x_wconf 86' lang='grc' dir='ltr'>παλλακίδι</span> <span class='ocrx_word' id='word_1_762' title='bbox 3464 4752 3731 4821; x_wconf 87' lang='grc' dir='ltr'>προσκεί-</span> 
     </span>
    </p>
   </div>
   <div class='ocr_carea' id='block_1_106' title="bbox 2141 4839 3730 4914">
    <p class='ocr_par' dir='ltr' id='par_1_106' title="bbox 2141 4839 3730 4914">
     <span class='ocr_line' id='line_1_106' title="bbox 2141 4839 3730 4914; baseline 0.003 -20"><span class='ocrx_word' id='word_1_763' title='bbox 2141 4857 2302 4914; x_wconf 87' lang='grc' dir='ltr'>μενον</span> <span class='ocrx_word' id='word_1_764' title='bbox 2344 4841 2577 4911; x_wconf 77' lang='grc' dir='ltr'>γοητικῇ</span> <span class='ocrx_word' id='word_1_765' title='bbox 2627 4856 2735 4893; x_wconf 86' lang='grc' dir='ltr'>τινι</span> <span class='ocrx_word' id='word_1_766' title='bbox 2787 4839 3103 4910; x_wconf 72' lang='grc' dir='ltr'>μαγγανεία</span> <span class='ocrx_word' id='word_1_767' title='bbox 3158 4842 3730 4913; x_wconf 83' lang='grc' dir='ltr'>καταγεγοητεῦσθαι,</span> 
     </span>
    </p>
   </div>
   <div class='ocr_carea' id='block_1_107' title="bbox 2134 4930 3736 5005">
    <p class='ocr_par' dir='ltr' id='par_1_107' title="bbox 2134 4930 3736 5005">
     <span class='ocr_line' id='line_1_107' title="bbox 2134 4930 3736 5005; baseline 0.002 -18"><span class='ocrx_word' id='word_1_768' title='bbox 2134 4933 2234 4987; x_wconf 78' lang='grc' dir='ltr'>καὶ</span> <span class='ocrx_word' id='word_1_769' title='bbox 2271 4930 2678 5004; x_wconf 81' lang='grc' dir='ltr'>ἀπεχθάνεσθαι</span> <span class='ocrx_word' id='word_1_770' title='bbox 2701 4931 2838 5001; x_wconf 79' lang='grc' dir='ltr'>πρὸς</span> <span class='ocrx_word' id='word_1_771' title='bbox 2867 4931 3038 5002; x_wconf 79' lang='grc' dir='ltr'>αὐτὴν</span> <span class='ocrx_word' id='word_1_772' title='bbox 3075 4931 3256 5003; x_wconf 89' lang='grc' dir='ltr'>γάμου</span> <span class='ocrx_word' id='word_1_773' title='bbox 3279 4934 3430 5005; x_wconf 83' lang='grc' dir='ltr'>νόμῳ</span> <span class='ocrx_word' id='word_1_774' title='bbox 3470 4936 3736 4999; x_wconf 73' lang='grc' dir='ltr'>συνεζευο</span> 
     </span>
    </p>
   </div>
   <div class='ocr_carea' id='block_1_108' title="bbox 2135 5024 3731 5102">
    <p class='ocr_par' dir='ltr' id='par_1_108' title="bbox 2135 5024 3731 5102">
     <span class='ocr_line' id='line_1_108' title="bbox 2135 5024 3731 5102; baseline 0.003 -22"><span class='ocrx_word' id='word_1_775' title='bbox 2135 5026 2369 5098; x_wconf 80' lang='grc' dir='ltr'>γμένην.</span> <span class='ocrx_word' id='word_1_776' title='bbox 2408 5026 2601 5096; x_wconf 80' lang='grc' dir='ltr'>Ἔλεγε</span> <span class='ocrx_word' id='word_1_777' title='bbox 2631 5024 2688 5080; x_wconf 82' lang='grc' dir='ltr'><strong>δέ</strong></span> <span class='ocrx_word' id='word_1_778' title='bbox 2716 5025 2945 5096; x_wconf 80' lang='grc' dir='ltr'>ταύταή</span> <span class='ocrx_word' id='word_1_779' title='bbox 2979 5026 3116 5097; x_wconf 84' lang='grc' dir='ltr'>γυνὴ</span> <span class='ocrx_word' id='word_1_780' title='bbox 3161 5025 3269 5098; x_wconf 76' lang='grc' dir='ltr'><strong>πρὸ</strong></span> <span class='ocrx_word' id='word_1_781' title='bbox 3310 5027 3410 5099; x_wconf 85' lang='grc' dir='ltr'><strong>τῆς</strong></span> <span class='ocrx_word' id='word_1_782' title='bbox 3455 5027 3731 5102; x_wconf 81' lang='grc' dir='ltr'>αύλ[ε]ίο·.›</span> 
     </span>
    </p>
   </div>
   <div class='ocr_carea' id='block_1_109' title="bbox 2139 5118 3747 5194">
    <p class='ocr_par' dir='ltr' id='par_1_109' title="bbox 2139 5118 3747 5194">
     <span class='ocr_line' id='line_1_109' title="bbox 2139 5118 3747 5194; baseline 0.002 -20"><span class='ocrx_word' id='word_1_783' title='bbox 2139 5120 2311 5191; x_wconf 87' lang='grc' dir='ltr'>θύρας</span> <span class='ocrx_word' id='word_1_784' title='bbox 2363 5118 2596 5174; x_wconf 79' lang='grc' dir='ltr'>ἑστῶσα.</span> <span class='ocrx_word' id='word_1_785' title='bbox 2629 5118 2787 5174; x_wconf 76' lang='grc' dir='ltr'>Οὕτω</span> <span class='ocrx_word' id='word_1_786' title='bbox 2820 5119 2929 5189; x_wconf 86' lang='grc' dir='ltr'><strong>γὰρ</strong></span> <span class='ocrx_word' id='word_1_787' title='bbox 2958 5118 3138 5174; x_wconf 85' lang='grc' dir='ltr'>εἰώθει</span> <span class='ocrx_word' id='word_1_788' title='bbox 3187 5120 3288 5191; x_wconf 79' lang='grc' dir='ltr'>τὴν</span> <span class='ocrx_word' id='word_1_789' title='bbox 3320 5121 3457 5193; x_wconf 87' lang='grc' dir='ltr'>πρὸς</span> <span class='ocrx_word' id='word_1_790' title='bbox 3487 5121 3548 5175; x_wconf 83' lang='grc' dir='ltr'>τὸ</span> <span class='ocrx_word' id='word_1_791' title='bbox 3587 5122 3747 5194; x_wconf 40' lang='grc' dir='ltr'>θῆλυν</span> 
     </span>
    </p>
   </div>
   <div class='ocr_carea' id='block_1_110' title="bbox 2136 5210 3728 5286">
    <p class='ocr_par' dir='ltr' id='par_1_110' title="bbox 2136 5210 3728 5286">
     <span class='ocr_line' id='line_1_110' title="bbox 2136 5210 3728 5286; baseline 0 -20"><span class='ocrx_word' id='word_1_792' title='bbox 2136 5214 2408 5268; x_wconf 82' lang='grc' dir='ltr'>ποιεῖσθαι</span> <span class='ocrx_word' id='word_1_793' title='bbox 2458 5210 2729 5276; x_wconf 80' lang='grc' dir='ltr'>διάλεξιν·</span> <span class='ocrx_word' id='word_1_794' title='bbox 2772 5213 2906 5266; x_wconf 85' lang='grc' dir='ltr'>εἵσω</span> <span class='ocrx_word' id='word_1_795' title='bbox 2949 5211 3059 5286; x_wconf 83' lang='grc' dir='ltr'><strong>γὰρ</strong></span> <span class='ocrx_word' id='word_1_796' title='bbox 3090 5212 3192 5283; x_wconf 84' lang='grc' dir='ltr'>τῆς</span> <span class='ocrx_word' id='word_1_797' title='bbox 3239 5211 3413 5284; x_wconf 86' lang='grc' dir='ltr'>θύρας</span> <span class='ocrx_word' id='word_1_798' title='bbox 3464 5213 3728 5284; x_wconf 77' lang='grc' dir='ltr'>οὐδεμίαν</span> 
     </span>
    </p>
   </div>
   <div class='ocr_carea' id='block_1_111' title="bbox 2133 5303 3725 5377">
    <p class='ocr_par' dir='ltr' id='par_1_111' title="bbox 2133 5303 3725 5377">
     <span class='ocr_line' id='line_1_111' title="bbox 2133 5303 3725 5377; baseline 0.001 -17"><span class='ocrx_word' id='word_1_799' title='bbox 2133 5305 2440 5371; x_wconf 80' lang='grc' dir='ltr'>εἰσεδέξατο</span> <span class='ocrx_word' id='word_1_800' title='bbox 2461 5303 2702 5359; x_wconf 82' lang='grc' dir='ltr'>πώποτε.</span> <span class='ocrx_word' id='word_1_801' title='bbox 2731 5305 2866 5358; x_wconf 87' lang='grc' dir='ltr'>Τότε</span> <span class='ocrx_word' id='word_1_802' title='bbox 2885 5305 3066 5359; x_wconf 85' lang='grc' dir='ltr'>τοίνυν</span> <span class='ocrx_word' id='word_1_803' title='bbox 3090 5303 3363 5376; x_wconf 84' lang='grc' dir='ltr'>οἰκτείρας</span> <span class='ocrx_word' id='word_1_804' title='bbox 3390 5304 3491 5377; x_wconf 78' lang='grc' dir='ltr'>τὴν</span> <span class='ocrx_word' id='word_1_805' title='bbox 3528 5309 3725 5375; x_wconf 75' lang='grc' dir='ltr'>γυναϊο</span> 
     </span>
    </p>
   </div>
   <div class='ocr_carea' id='block_1_112' title="bbox 2135 5395 3723 5468">
    <p class='ocr_par' dir='ltr' id='par_1_112' title="bbox 2135 5395 3723 5468">
     <span class='ocr_line' id='line_1_112' title="bbox 2135 5395 3723 5468; baseline -0.003 -17"><span class='ocrx_word' id='word_1_806' title='bbox 2135 5415 2206 5451; x_wconf 85' lang='grc' dir='ltr'><strong>κα</strong></span> <span class='ocrx_word' id='word_1_807' title='bbox 2228 5397 2624 5467; x_wconf 76' lang='grc' dir='ltr'>ποτνιωμένην,</span> <span class='ocrx_word' id='word_1_808' title='bbox 2686 5396 2819 5467; x_wconf 74' lang='grc' dir='ltr'><strong>εὐχῇ</strong></span> <span class='ocrx_word' id='word_1_809' title='bbox 2870 5396 2971 5465; x_wconf 82' lang='grc' dir='ltr'>τῆς</span> <span class='ocrx_word' id='word_1_810' title='bbox 3016 5395 3272 5467; x_wconf 86' lang='grc' dir='ltr'>γοητείας</span> <span class='ocrx_word' id='word_1_811' title='bbox 3326 5395 3569 5467; x_wconf 80' lang='grc' dir='ltr'>ἀμαυροῖ</span> <span class='ocrx_word' id='word_1_812' title='bbox 3617 5397 3723 5468; x_wconf 70' lang='grc' dir='ltr'>τὴν</span> 
     </span>
    </p>
   </div>
   <div class='ocr_carea' id='block_1_113' title="bbox 2134 5486 3723 5562">
    <p class='ocr_par' dir='ltr' id='par_1_113' title="bbox 2134 5486 3723 5562">
     <span class='ocr_line' id='line_1_113' title="bbox 2134 5486 3723 5562; baseline -0.002 -18"><span class='ocrx_word' id='word_1_813' title='bbox 2134 5491 2434 5562; x_wconf 77' lang='grc' dir='ltr'>ἐνέργειαν,</span> <span class='ocrx_word' id='word_1_814' title='bbox 2465 5490 2559 5542; x_wconf 74' lang='grc' dir='ltr'>καὶ</span> <span class='ocrx_word' id='word_1_815' title='bbox 2604 5487 2787 5542; x_wconf 83' lang='grc' dir='ltr'>ἐλαίου</span> <span class='ocrx_word' id='word_1_816' title='bbox 2841 5486 3095 5558; x_wconf 79' lang='grc' dir='ltr'>ληκύθιον</span> <span class='ocrx_word' id='word_1_817' title='bbox 3130 5488 3223 5540; x_wconf 82' lang='grc' dir='ltr'><strong>ὑπ’</strong></span> <span class='ocrx_word' id='word_1_818' title='bbox 3253 5488 3426 5558; x_wconf 75' lang='grc' dir='ltr'>αὐτῆς</span> <span class='ocrx_word' id='word_1_819' title='bbox 3453 5506 3723 5560; x_wconf 75' lang='grc' dir='ltr'>προσενεο</span> 
     </span>
    </p>
   </div>
   <div class='ocr_carea' id='block_1_114' title="bbox 2133 5579 3727 5655">
    <p class='ocr_par' dir='ltr' id='par_1_114' title="bbox 2133 5579 3727 5655">
     <span class='ocr_line' id='line_1_114' title="bbox 2133 5579 3727 5655; baseline -0.001 -18"><span class='ocrx_word' id='word_1_820' title='bbox 2133 5584 2260 5654; x_wconf 79' lang='grc' dir='ltr'><strong>χθέν</strong></span> <span class='ocrx_word' id='word_1_821' title='bbox 2293 5587 2357 5655; x_wconf 78' lang='grc' dir='ltr'>τῇ</span> <span class='ocrx_word' id='word_1_822' title='bbox 2386 5583 2504 5654; x_wconf 76' lang='grc' dir='ltr'>θείᾳ</span> <span class='ocrx_word' id='word_1_823' title='bbox 2536 5582 2825 5653; x_wconf 73' lang='grc' dir='ltr'>ἐπικλήσει</span> <span class='ocrx_word' id='word_1_824' title='bbox 2848 5579 3213 5648; x_wconf 81' lang='grc' dir='ltr'>καθαγιάσας,</span> <span class='ocrx_word' id='word_1_825' title='bbox 3239 5580 3531 5654; x_wconf 82' lang='grc' dir='ltr'>χρίσασθαι</span> <span class='ocrx_word' id='word_1_826' title='bbox 3557 5582 3727 5635; x_wconf 77' lang='grc' dir='ltr'>τοῦτο</span> 
     </span>
    </p>
   </div>
   <div class='ocr_carea' id='block_1_115' title="bbox 2136 5675 3711 5749">
    <p class='ocr_par' dir='ltr' id='par_1_115' title="bbox 2136 5675 3711 5749">
     <span class='ocr_line' id='line_1_115' title="bbox 2136 5675 3711 5749; baseline -0.001 -19"><span class='ocrx_word' id='word_1_827' title='bbox 2136 5676 2452 5747; x_wconf 80' lang='grc' dir='ltr'>προσέταξε.</span> <span class='ocrx_word' id='word_1_828' title='bbox 2484 5677 2761 5746; x_wconf 86' lang='grc' dir='ltr'>Ταύταςή</span> <span class='ocrx_word' id='word_1_829' title='bbox 2801 5676 2937 5746; x_wconf 79' lang='grc' dir='ltr'>γυνὴ</span> <span class='ocrx_word' id='word_1_830' title='bbox 2980 5675 3319 5748; x_wconf 76' lang='grc' dir='ltr'>πληρώσασα</span> <span class='ocrx_word' id='word_1_831' title='bbox 3356 5676 3463 5741; x_wconf 71' lang='grc' dir='ltr'>’τὰς</span> <span class='ocrx_word' id='word_1_832' title='bbox 3505 5676 3711 5749; x_wconf 56' lang='lat' dir='ltr'><strong>emes-</strong></span> 
     </span>
    </p>
   </div>
   <div class='ocr_carea' id='block_1_116' title="bbox 2134 5765 3712 5837">
    <p class='ocr_par' dir='ltr' id='par_1_116' title="bbox 2134 5765 3712 5837">
     <span class='ocr_line' id='line_1_116' title="bbox 2134 5765 3712 5837; baseline 0 -18"><span class='ocrx_word' id='word_1_833' title='bbox 2134 5784 2254 5830; x_wconf 80' lang='grc' dir='ltr'>κας,</span> <span class='ocrx_word' id='word_1_834' title='bbox 2289 5765 2590 5837; x_wconf 75' lang='grc' dir='ltr'>μετέθηκεν</span> <span class='ocrx_word' id='word_1_835' title='bbox 2621 5768 2701 5832; x_wconf 77' lang='grc' dir='ltr'><strong>εἰς</strong></span> <span class='ocrx_word' id='word_1_836' title='bbox 2732 5765 2932 5835; x_wconf 79' lang='grc' dir='ltr'>ἑαυτὴν</span> <span class='ocrx_word' id='word_1_837' title='bbox 2966 5765 3055 5819; x_wconf 76' lang='grc' dir='ltr'><strong>τὸν</strong></span> <span class='ocrx_word' id='word_1_838' title='bbox 3085 5765 3178 5820; x_wconf 80' lang='grc' dir='ltr'>τοῦ</span> <span class='ocrx_word' id='word_1_839' title='bbox 3207 5765 3478 5837; x_wconf 80' lang='grc' dir='ltr'>ὁμοζύγου</span> <span class='ocrx_word' id='word_1_840' title='bbox 3510 5765 3712 5837; x_wconf 73' lang='grc' dir='ltr'>ἔρωτα,</span> 
     </span>
    </p>
   </div>
   <div class='ocr_carea' id='block_1_117' title="bbox 2137 5856 3718 5933">
    <p class='ocr_par' dir='ltr' id='par_1_117' title="bbox 2137 5856 3718 5933">
     <span class='ocr_line' id='line_1_117' title="bbox 2137 5856 3718 5933; baseline 0.001 -22"><span class='ocrx_word' id='word_1_841' title='bbox 2137 5861 2227 5911; x_wconf 59' lang='grc' dir='ltr'>καὶ</span> <span class='ocrx_word' id='word_1_842' title='bbox 2261 5859 2487 5912; x_wconf 79' lang='grc' dir='ltr'>πέπεικε</span> <span class='ocrx_word' id='word_1_843' title='bbox 2518 5857 2895 5929; x_wconf 79' lang='grc' dir='ltr'>προαιρεῖσθαι</span> <span class='ocrx_word' id='word_1_844' title='bbox 2925 5856 3024 5927; x_wconf 75' lang='grc' dir='ltr'>τῆς</span> <span class='ocrx_word' id='word_1_845' title='bbox 3060 5858 3377 5933; x_wconf 77' lang='grc' dir='ltr'>παρανόμου</span> <span class='ocrx_word' id='word_1_846' title='bbox 3402 5858 3587 5930; x_wconf 84' lang='grc' dir='ltr'>κοίτης</span> <span class='ocrx_word' id='word_1_847' title='bbox 3613 5857 3718 5930; x_wconf 68' lang='grc' dir='ltr'>τὴν</span> 
     </span>
    </p>
   </div>
  </div>
