4030 6406
271 403 422 472 13η

1453 413 1864 475 RELIGIOSA
1907 413 2296 475 HISTORIA.

3376 402 3511 468 1378

249 535 499 604 ἰννομον.
532 532 667 586 Φασὶ
688 532 745 586 δέ
777 549 907 586 ποτε
935 532 1032 586 καὶ
1056 530 1281 602 ἀκρίδας
1305 529 1631 594 ἐξαπιναίως
1653 545 1826 600 προσ-

1941 528 2178 598 paludes,
2234 534 2411 597 prata,
2487 531 2543 579 et
2624 535 2849 578 nemora
2883 560 2896 585 ,
2954 519 3169 575 venisse
3237 518 3303 574 ad
3355 521 3510 574 illum

249 625 522 688 ϐαλούσας
567 627 635 695 τῇ
671 627 764 696 γῇ,
829 625 924 678 καὶ
976 625 1113 693 πυρὶ
1163 623 1563 696 παραπλησίως
1618 623 1830 674 ἅπαντα

249 715 750 786 προσδαπανώσας,
786 714 880 767 καὶ
905 713 1055 784 λήῖα,
1092 714 1186 766 καὶ
1225 713 1389 782 φυτά,
1425 711 1518 764 καὶ
1564 711 1682 778 ἕλη,
1738 709 1832 762 καὶ

246 805 419 874 ἄλση,
453 804 548 858 καὶ
583 804 894 875 λειμῶνας,
944 800 1048 875 ἧκέ
1099 821 1182 866 τις
1232 803 1360 874 παρ’
1407 801 1570 854 αὐτὸν
1603 799 1832 869 εὐσεϐὴς

245 893 416 965 ἀνὴρ,
447 893 741 948 ἀντιϐολῶν
769 893 1065 964 ἐπαμῦναι,
1095 894 1190 946 ἕνα
1227 893 1325 964 μὲν
1357 892 1524 964 ἀγρὸν
1544 890 1740 961 ἔχοντι,
1768 892 1833 943 ἐκ

245 985 446 1038 τούτου
474 985 531 1039 δὲ
557 986 651 1038 καὶ
679 985 890 1048 ἑαυτὸν,
931 986 1026 1040 καὶ
1055 987 1312 1053 γυναῖκα,
1341 985 1436 1037 καὶ
1462 986 1680 1046 παῖδας,
1741 981 1835 1034 καὶ

243 1077 490 1140 οἰκείους
515 1077 791 1147 τρέφοντι,
831 1079 927 1129 καὶ
966 1076 1104 1147 πρὸς
1157 1076 1369 1139 τούτοις
1415 1073 1516 1144 τὴν
1549 1073 1834 1144 βασιλικὴν

246 1167 518 1238 εἰσφορὰν
546 1166 1016 1238 είσπραττομένῳ.
1053 1166 1222 1220 Πάλιν
1247 1165 1424 1217 τοίνυν
1448 1165 1476 1216 ὁ
1506 1163 1602 1234 τὴν
1629 1165 1830 1214 Δεσπο-

245 1257 417 1326 τικὴν
444 1255 861 1328 φιλανθρωπίαν
899 1256 1254 1329 μιμούμενος,
1294 1256 1424 1325 χόαν
1465 1254 1654 1318 ὓδατος
1683 1254 1834 1324 αὐτῷ

245 1347 683 1418 προσενεχθῆναι
734 1349 1086 1420 προσέταξεν.
1127 1348 1216 1410 Ὠς
1264 1347 1320 1400 δὲ
1352 1347 1444 1400 τὸν
1495 1347 1623 1418 χόαν
1662 1365 1833 1419 προσ-

246 1437 490 1506 ήνεγκεν
511 1438 540 1490 ό
558 1436 654 1508 τὴν
683 1438 849 1508 εὐχὴν
877 1437 1247 1505 ἐπαγγέλλων,
1271 1436 1508 1490 ἐπετίθει
1538 1437 1635 1506 μὲν
1661 1437 1834 1508 τούτῳ

247 1528 356 1598 τὴν
396 1530 572 1598 χεῖρα,
609 1527 819 1580 ἱκέτευε
845 1527 901 1581 δὲ
934 1527 1025 1580 τὸν
1051 1527 1185 1581 Θεὸν
1230 1528 1514 1597 δυνάμεως
1548 1527 1697 1590 Θείας
1731 1529 1834 1599 ἐμ-

248 1618 564 1688 φορηθῆναι
614 1618 676 1671 τὸ
728 1619 896 1688 νᾶμα.
947 1613 1080 1671 Εἶτα
1124 1617 1221 1688 τὴν
1246 1618 1410 1689 εὐχὴν
1454 1619 1834 1688 συμπεράνας,

246 1709 624 1780 παρηγγύησε
681 1711 794 1773 τοῖς
852 1708 947 1762 τοῦ
1000 1710 1201 1781 χωρίου
1258 1711 1404 1781 ὅροις
1433 1711 1725 1781 ἐπιῤῥᾶναι
1776 1711 1836 1764 τὸ

248 1803 425 1875 ὕδωρ·
456 1806 726 1872 πεποίηκε
757 1805 813 1858 δὲ
849 1807 878 1858 ὁ
909 1805 1066 1858 τοῦτο
1097 1805 1468 1876 κομισάμενος
1567 1805 1836 1874 προσετά-

1933 619 2222 691 quemdam
2257 627 2419 673 rectae
2446 616 2896 674 ﬁdei'hominem.
2951 622 3007 668 et
3063 628 3252 668 orasse
3311 622 3368 668 ut
3412 613 3514 682 ipsi

1933 727 2089 783 opem
2123 711 2306 772 ferret,
2340 725 2528 780 agrum
2560 709 2782 763 unicum
2819 706 3063 771 babenti,
3089 721 3199 775 quo
3228 721 3288 760 se
3335 706 3514 774 ipsum

1937 812 1992 857 et
2027 819 2277 864 uxorem.
2310 812 2363 856 et
2391 804 2617 865 liberos,
2656 809 2710 856 et
2741 799 3002 854 familiam
3027 799 3219 859 aleret,
3257 813 3320 852 ac
3349 798 3519 865 impe-

1933 897 2193 948 ratoriam
2242 903 2506 965 praeterea
2562 894 2860 947 illationem
2919 891 3200 961 penderet.
3275 889 3516 941 Rursum

1934 1001 2084 1056 ergo,
2120 986 2210 1054 qui
2246 984 2580 1038 Dominicam
2622 983 2944 1037 imitabatur
2976 981 3392 1047 benignitatem,
3423 994 3517 1032 vas

1937 1096 2094 1150 aquae
2169 1079 2352 1134 atl‘erri
2386 1080 2452 1131 ad
2486 1092 2545 1132 se
2593 1076 2774 1142 jussit.
2813 1073 2916 1129 Ubi
2948 1089 3044 1128 vas
3077 1073 3260 1127 attulit
3295 1071 3388 1140 qui
3421 1084 3516 1123 ro-

1939 1172 2128 1242 gabat,
2162 1185 2382 1223 manum
2417 1184 2571 1238 aqua:
2603 1167 2887 1236 imposuit,
2911 1165 3190 1232 Deumque
3219 1162 3421 1226 oravit,
3459 1168 3516 1213 ut

1936 1263 2120 1318 divina
2165 1263 2368 1317 virtute
2435 1260 2651 1332 1185
2718 1258 2982 1313 ﬂuentum
3015 1257 3291 1327 impleret.
3330 1254 3514 1308 Finita

1937 1364 2120 1409 autem
2151 1355 2421 1416 oratione,
2463 1351 2723 1422 praecepit
2750 1357 2809 1404 ut
2842 1364 3038 1417 aquam
3089 1359 3186 1416 per
3224 1345 3341 1415 agri
3377 1344 3516 1397 lines

1936 1450 2271 1512 aspergeret.
2322 1439 2512 1495 Paruit
2555 1440 2721 1494 homo
2761 1438 3064 1508 imperatis,
3109 1445 3162 1490 et
3215 1433 3364 1505 agris
3408 1432 3518 1486 illis

1937 1531 2037 1586 fuit
2076 1547 2214 1600 aqua
2246 1545 2344 1600 pro
2378 1531 2517 1585 vallo
2586 1528 2996 1599 inexpugnabili
3054 1535 3217 1595 atque
3273 1523 3510 1578 inviola-

1937 1622 2055 1679 bili.
2089 1621 2168 1674 Ad
2195 1621 2460 1675 terminos
2480 1622 2624 1676 enim
2658 1620 2778 1674 illos
2802 1633 2975 1688 usque
2992 1624 3270 1687 reptantes
3287 1615 3522 1670 circum-

1939 1714 2302 1782 volantesque
2342 1712 2521 1766 instar
2573 1711 2853 1766 exercitus
2901 1710 3152 1770 locustae,
3213 1705 3522 1760 retrocede-

1942 1805 2072 1860 bant
2097 1805 2230 1858 hinc
2259 1817 2476 1867 rursus,
2516 1803 2747 1856 inditam
2798 1800 3240 1857 benedictionem
3290 1798 3521 1853 extime-

245 1897 387 1968 χθη,
435 1897 529 1949 καὶ
575 1899 696 1952 ἀντὶ
749 1897 946 1967 ἕρκους
995 1896 1212 1968 ἀμάχου
1253 1915 1312 1950 τε
1358 1898 1456 1951 καὶ
1494 1897 1694 1950 ἀσύλου
1717 1900 1835 1960 ταῖς

1941 1905 2180 1961 scentes,
2220 1903 2274 1949 et
2321 1906 2582 1965 tanquam
2617 1895 2772 1950 freno
2805 1893 3042 1963 quodam
3069 1890 3332 1954 inhibitze,
3358 1896 3521 1958 atque

245 1989 523 2062 ἀρούραις
569 1990 806 2054 ἐκείναις
863 1991 1100 2059 ἐγένετο.
1154 1991 1332 2062 Μέχρι
1381 1991 1490 2062 γὰρ
1539 1990 1648 2044 τῶν
1697 1992 1838 2061 ὅρων

241 2080 482 2134 ἐκείνων
539 2081 805 2152 ἐρπουσαί
840 2099 901 2135 τε
941 2083 1034 2136 καὶ
1068 2082 1496 2153 περιπετόμεναι
1539 2085 1838 2154 στρατοπέ-

242 2172 362 2225 δων
395 2172 552 2243 δίκην
585 2174 643 2225 αί
689 2172 931 2245 ἀκρίδες,
977 2174 1058 2237 είς
1095 2173 1336 2226 τούπίσω
1381 2173 1541 2227 πάλιν
1575 2173 1837 2246 ἐχώρουν,

243 2264 356 2334 τὴν
387 2261 730 2318 ἐπιτεθεῖσαν
783 2264 1033 2332 εὐλογίαν
1087 2265 1480 2334 δειμαίνουσαι,
1512 2266 1606 2318 καὶ
1647 2266 1838 2338 ὥσπερ

242 2353 364 2408 τινὶ
391 2353 592 2424 χαλινῷ
629 2355 932 2425 άγχόμεναι
959 2397 974 2420 ,
1017 2357 1110 2410 καὶ
1165 2354 1259 2408 ἐπὶ
1295 2355 1356 2407 τὸ
1404 2357 1591 2426 πρόσω
1639 2359 1840 2427 χωρεῖν

247 2444 625 2514 κωλυόμενοιι.
683 2444 792 2497 Καὶ
839 2443 893 2497 τί
945 2444 1028 2497 δεῖ
1073 2444 1253 2498 πάντα
1296 2445 1473 2513 λέγειν
1501 2446 1570 2498 τά
1613 2446 1716 2499 ὐπὸ
1741 2447 1841 2516 τῆς

239 2535 541 2606 μακαρίας
577 2535 795 2604 ἐκείνης
823 2533 1224 2605 ἐξειργασμένα
1251 2535 1460 2608 ψυχῆςς
1519 2538 1698 2591 Ἱκανὰ
1731 2538 1838 2608 γάρ

247 2627 355 2680 καὶ
391 2625 564 2680 ταῦτα
612 2626 713 2695 τῆς
740 2626 1060 2695 ἐνοικούσης
1093 2628 1244 2697 αὐτῷ
1301 2629 1523 2700 χάριτος
1572 2630 1838 2696 ἐπιδεῖξαι

249 2720 356 2789 τὴν
391 2717 606 2788 αἴγλην.
641 2718 844 2771 Τούτου
874 2717 1032 2786 κάγὼ
1067 2718 1266 2790 θεατὴς
1297 2721 1585 2791 ἐγενόμην,
1616 2721 1710 2774 καὶ
1741 2721 1840 2791 τῆς

250 2809 422 2876 ἁγίας
452 2809 666 2878 ἐκείνης
696 2807 876 2873 δεξιᾶς
908 2808 1007 2879 τὴν
1028 2807 1281 2877 εὐλογίαν
1315 2810 1612 2881 ἐτρύγησα,
1644 2810 1842 2880 μειρά-

245 2915 376 2951 κιον
402 2898 500 2966 μέν
519 2897 594 2950 ῶν
630 2898 728 2958 ἐτι,
768 2903 832 2970 τῇ
857 2898 914 2951 δέ
953 2900 1124 2969 μητρὶ
1175 2901 1510 2970 κοινωνήσας
1554 2901 1650 2970 τῆς
1700 2899 1838 2971 πρὸς

248 2991 346 3043 τὸν
376 2991 546 3061 ἄνδρα
597 2991 843 3062 πορείας.
883 2993 988 3044 Καὶ
1029 2991 1199 3063 αὐτὴν
1243 2991 1342 3062 μὲν
1391 2991 1530 3045 κατὰ
1561 2991 1622 3044 τὸ
1650 2991 1839 3054 εἰωθὸς

250 3083 552 3148 ὑπανοίξας
603 3084 704 3146 τὴν
755 3083 925 3156 θύραν
981 3085 1270 3151 διαλέξεὼς
1319 3101 1380 3138 τε
1439 3085 1534 3139 καὶ
1587 3085 1840 3153 εὐλογίας

250 3174 488 3243 ἠξίωσεν
513 3191 527 3204 ο
560 3175 661 3246 ἐμὲ
683 3174 740 3227 δὲ
761 3175 1140 3246 εἰσδεξάμενος
1167 3175 1336 3241 ἔνδον,
1365 3175 1460 3230 τοῦ
1481 3177 1582 3247 τῆς
1608 3195 1840 3249 προσευ-

1945 1989 2180 2043 ulterius
2217 1988 2474 2057 progredi
2505 1986 2706 2041 vetitae.
2741 1985 2883 2052 Quid
2911 1999 3081 2056 porro
3110 1984 3305 2038 attinet
3333 1984 3520 2037 omnia

1942 2093 2061 2149 quae
2091 2092 2121 2132 a
2159 2077 2313 2133 beata
2370 2078 2462 2131 illa
2517 2077 2702 2131 anima
2750 2085 2902 2148 gesta
2951 2083 3079 2130 sunt
3127 2075 3334 2138 dicere,
3394 2087 3520 2126 cum

1945 2167 2217 2223 sufficiant
2254 2169 2377 2232 ista,
2415 2176 2473 2223 ut
2505 2168 2840 2223 habitantem
2873 2169 2927 2222 in
2960 2183 3025 2222 eo
3062 2168 3250 2238 gratim
3270 2165 3524 2235 splendo-

1943 2276 2057 2316 rem
2083 2260 2465 2316 demonstrent
2488 2260 2510 2313 ?
2533 2258 2720 2314 Oculis
2752 2259 2906 2313 illum
2949 2259 3064 2328 ipse
3081 2258 3364 2326 conspexi,
3395 2270 3524 2310 san-

1942 2359 2153 2422 ctaeque
2193 2351 2343 2405 illius
2378 2351 2618 2406 dexterae
2649 2351 3092 2407 benedictionem
3124 2352 3363 2422 percepi,
3392 2366 3520 2405 eum

1945 2443 2396 2498 adolescentulus
2432 2443 2614 2498 adimo
2648 2453 2880 2500 matrem
2938 2443 3004 2497 ad
3033 2458 3158 2498 eum
3218 2441 3521 2513 profeCIam

1940 2547 2120 2588 essem
2179 2533 2496 2587 comitatus.
2563 2535 2744 2603 Atque
2800 2535 2948 2588 illam
2988 2533 3206 2604 quidem
3259 2531 3329 2587 de
3369 2547 3525 2588 more

1942 2632 2134 2694 aperta
2190 2623 2360 2692 jauua
2399 2624 2678 2694 colloquio
2723 2633 2776 2678 et
2809 2624 3203 2680 benedictione
3264 2624 3524 2695 dignatus

1940 2729 2024 2772 est
2057 2736 2070 2772 :
2103 2732 2188 2771 me
2225 2732 2355 2772 vero
2386 2718 2770 2773 intromissum
2811 2733 3045 2788 precum
3071 2732 3300 2774 suarum
3324 2718 3524 2789 Opibus

1943 2808 2226 2879 impertiit.
2274 2807 2488 2874 Quibus
2533 2811 2742 2863 utinam
2784 2824 2929 2863 nunc
2959 2823 3178 2879 quoque
3205 2807 3376 2875 fruar,
3429 2806 3524 2876 qui

1941 2900 2124 2955 vivere
2156 2901 2334 2970 ipsum
2375 2901 2562 2967 credo,
2590 2909 2643 2956 et
2669 2901 2990 2971 angelorum
3016 2901 3202 2957 choris
3255 2903 3523 2956 interesse

1939 2993 2248 3062 majorique
2271 3007 2431 3062 quam
2468 2993 2598 3046 olim
2631 2993 2774 3063 apud
2798 2993 2966 3047 Deum
2999 2993 3206 3049 ﬁducia
3231 2995 3329 3048 uti.
3369 2993 3524 3048 Tunc

1939 3083 2160 3154 quidem
2195 3085 2432 3139 mortale
2474 3085 2622 3138 illam
2657 3100 2858 3156 corpus
2891 3085 3238 3150 metiebatur,
3271 3101 3340 3140 ne
3367 3100 3524 3140 arro-

1943 3177 2137 3247 gantim
2195 3177 2543 3232 occasionem
2608 3176 2928 3233 redundans
2981 3177 3179 3232 fiducia
3233 3177 3519 3248 praeberet.

251 3267 354 3336 χῆς
387 3283 477 3336 μοι
507 3266 780 3336 μετέδωκε
810 3267 1060 3320 πλούτου.
1091 3267 1311 3333 Ταύτης
1342 3270 1436 3321 καὶ
1473 3267 1569 3321 νῦν
1600 3268 1835 3322 ἀπολαύ-

1944 3267 2102 3323 Nunc
2160 3282 2313 3334 vero,
2371 3269 2850 3339 perturbationum
2909 3286 3077 3326 onere
3125 3269 3405 3340 deposito,
3461 3279 3522 3324 ut

253 3373 436 3424 σαιμι,
469 3357 568 3428 ζῇν
601 3358 762 3410 αὐτὸν
787 3358 1057 3411 πιστεύων
1081 3397 1095 3421 ,
1139 3359 1234 3411 καὶ
1263 3359 1377 3422 τοῖς
1418 3359 1670 3427 ἀγγέλοις
1704 3376 1836 3428 συγο

249 3449 518 3520 χορεύειν,
553 3451 648 3504 καὶ
674 3451 878 3504 πλείονι
907 3451 939 3522 ἢ
969 3451 1136 3505 πάλαι
1166 3451 1302 3522 πρὸς
1333 3452 1422 3504 τὸν
1443 3452 1577 3506 Θεὸν
1612 3454 1830 3524 παρρη-

1943 3358 2384 3412 athleta‘victor
2420 3359 2564 3427 apud
2613 3361 3002 3430 agonothetam
3053 3361 3228 3416 utitur
3293 3360 3518 3425 ﬁducia,

1939 3449 2122 3517 Quare
2135 3449 2254 3520 ejus
2274 3465 2493 3522 quoque
2517 3453 2964 3509 intercessionem
2998 3463 3055 3509 ut
3075 3469 3381 3525 consequar
3405 3469 3527 3509 oro.

252 3541 348 3611 σίᾳ
410 3540 736 3611 κεχρῆσθαι.
791 3542 928 3594 Τότε
977 3543 1077 3613 μὲν
1123 3544 1233 3614 γάρ
1278 3543 1420 3615 αὐτη
1475 3543 1554 3614 τῷ
1599 3541 1778 3613 θνητῷ
1808 3541 1902 3595 τοῦ
1927 3541 2180 3611 σώματος
2230 3543 2547 3612 ἐμετρεῖτο,
2610 3545 2696 3597 ἵνα
2727 3545 2802 3617 μὴ
2853 3547 3126 3618 πρόφασις
3182 3546 3440 3609 ἀπονοίας
3491 3547 3525 3616 ὴ

253 3631 453 3684 πλείων
479 3634 701 3703 γένηται
732 3634 1034 3706 παρῤησία.
1067 3634 1180 3687 Νῦν
1212 3635 1268 3688 δὲ
1296 3634 1402 3687 τῶν
1469 3633 1658 3687 παθῶν
1728 3631 2066 3700 ἀποθέμενος
2103 3631 2164 3684 τὸ
2207 3632 2450 3702 φορτίον,
2484 3635 2560 3698 ὡς
2606 3636 2904 3706 νικηφόρος
2953 3637 3190 3708 ἀθλητὴς
3253 3638 3387 3709 πρὸς
3434 3637 3524 3690 τὸν

249 3722 594 3793 ἀγωνοθέτην
630 3724 1084 3795 παρρησιάζεται.
1121 3717 1196 3775 Οὐ
1236 3723 1393 3795 χάριν
1433 3724 1525 3776 καλ⁵
1554 3723 1655 3793 τῆς
1692 3723 1822 3794 παρ’
1863 3720 2028 3775 αὐτοῦ
2056 3721 2351 3792 πρεσϐείας
2385 3723 2610 3778 ἱκετεύω
2633 3728 2835 3796 τυχεῖν.

795 3813 871 3868 Θ’.
896 3844 966 3852 -
983 3813 1273 3868 ΠΕΤΡΟΣ.

322 3905 571 3969 Γαλάτας
597 3905 868 3977 ἀκούομεν
899 3907 1026 3968 τοὺς
1063 3908 1120 3958 ἐν
1148 3910 1214 3978 τῇ
1248 3906 1482 3979 Εὐρώπῃ
1515 3909 1642 3971 τοὺς
1669 3909 1834 3960 ἐσπε-

256 3997 407 4069 ρίους
435 4012 450 4026 °
492 3997 650 4067 ἴσμεν
683 3998 739 4051 δὲ
766 3999 890 4061 τοὺς
938 4001 996 4052 ἐν
1026 4001 1090 4069 τῇ
1124 4000 1301 4071 Ἀσίᾳ,
1332 4001 1458 4063 τοὺς
1489 4000 1716 4054 ἐκείνων
1745 4003 1836 4054 ἐκο

256 4088 472 4155 γόνους,
499 4087 549 4140 οἳ
578 4105 656 4140 πα
667 4089 737 4158 ρὰ
769 4089 860 4141 τὸν
892 4087 1142 4152 Εὔξεινον
1168 4090 1588 4162 κατῳκίσθησαν
1615 4090 1834 4144 Πόντον.

270 4179 362 4233 Ἐκ
391 4177 596 4232 τούτων
617 4183 646 4234 ὁ
679 4179 946 4250 μακάριος
986 4180 1078 4233 καὶ
1112 4182 1230 4251 τρὶς
1255 4181 1412 4234 τοῦτο
1455 4181 1551 4235 καὶ
1579 4182 1836 4245 πολλάκις

254 4270 556 4340 ἐϐλάστησε
579 4271 804 4342 Πέτρος.
835 4270 1008 4324 Ἐπτά
1033 4273 1111 4338 δὲ,
1129 4272 1205 4335 ῶς
1231 4290 1415 4341 φασιν,
1439 4274 1499 4338 ἐξ
1511 4273 1718 4328 ὠδίνων
1736 4275 1831 4345 ἐτη

2467 3815 2558 3871 IX.
2587 3847 2657 3858 ---
2682 3815 2978 3873 PETRUS.

2005 3906 2192 3966 Gallos
2215 3911 2472 3967 audimus
2504 3927 2601 3967 eos
2627 3912 2720 3981 qui
2757 3909 2812 3965 in
2839 3910 3058 3981 Europa
3093 3919 3224 3964 sunt
3265 3909 3523 3966 occiden-

1936 4001 2120 4058 tales:
2165 4004 2417 4061 novimus
2465 4015 2524 4061 et
2570 4021 2667 4061 eos
2714 4005 2806 4075 qui
2859 4013 2989 4059 sunt
3024 4005 3077 4058 in
3111 4005 3276 4071 Asia,
3312 4005 3381 4060 ab
3410 4005 3520 4062 illis

1940 4093 2228 4162 oriundos,
2251 4097 2424 4167 quiad
2448 4096 2680 4151 Pontum
2699 4097 2969 4151 Euxinum
2990 4097 3146 4152 sedes
3164 4097 3419 4152 ﬁxerunt.
3441 4097 3520 4153 Ex

1939 4185 2028 4242 his
2050 4188 2240 4244 beatus
2261 4204 2326 4244 ac
2345 4197 2429 4243 ιρι·
2463 4191 2680 4262 1186
2707 4193 3016 4260 saepiusque
3038 4190 3231 4245 beatus
3254 4202 3409 4246 ortus
3437 4200 3522 4246 est

1937 4279 2152 4337 Petrus.
2176 4285 2193 4305 ⁹
2223 4280 2326 4347 Qui
2349 4293 2579 4352 septem,
2602 4290 2660 4336 ut
2682 4281 2888 4348 ferunt,
2909 4283 3068 4337 annis
3099 4284 3239 4352 apud
3266 4293 3520 4354 parentes

253 4363 406 4433 παρὰ
435 4366 547 4425 τοῖς
585 4361 805 4431 γονεῦσι
837 4363 1090 4434 τραφεὶς,
1123 4363 1214 4417 τὸν
1260 4363 1446 4417 λοιπὸν
1479 4364 1694 4419 ἅπαντα
1719 4364 1830 4436 βίον

1941 4371 2227 4437 educatus,
2252 4373 2518 4444 reliquam
2537 4380 2713 4428 'totam
2739 4375 2904 4429 vitam
2937 4375 2992 4428 in
3023 4373 3381 4445 philosophiae
3404 4390 3524 4430 cer-

253 4459 312 4510 ἒν
343 4460 459 4518 τοῖς
486 4457 584 4524 τῆς
601 4456 920 4526 φιλοσοφίας
935 4457 1236 4510 διετέλεσεν
1257 4457 1438 4520 ἄθλοις
1468 4474 1482 4487 '
1508 4457 1830 4526 τελευτῆσαι

1938 4466 2241 4522 taminibus
2266 4468 2606 4537 consmipsit
2635 4487 2648 4522 :
2693 4467 2898 4523 obiisse
2926 4476 3108 4522 autem
3139 4467 3363 4532 dicitur,
3396 4482 3519 4521 cum

250 4548 308 4602 δὲ
367 4548 584 4614 λέγεται
620 4547 714 4618 ἐτη
761 4546 966 4618 βιώσας
999 4549 1153 4602 ἐννέα
1185 4549 1279 4601 καὶ
1308 4549 1682 4619 ἐννενήκοντα.
1728 4548 1833 4601 Τὸν

1941 4556 2167 4613 vixisset
2219 4572 2395 4612 annos
2422 4573 2618 4612 novem
2651 4567 2706 4614 et
2735 4561 3052 4630 nonaginta.
3095 4559 3229 4612 Eum
3264 4574 3396 4629 ergo
3429 4561 3520 4628 qui

250 4641 435 4694 τοίνυν
485 4639 578 4692 δύο
613 4641 704 4692 καὶ
737 4640 1095 4710 ἐννενήκοντα
1128 4640 1537 4710 ἀγωνισάμενον
1585 4639 1701 4710 ἔτη,
1741 4640 1836 4691 καὶ

251 4730 341 4783 διὰ
405 4730 584 4799 πάσης
627 4729 838 4802 ἡμέρας
892 4745 951 4782 τε
1005 4729 1099 4781 καὶ
1131 4727 1320 4790 νυκτὸς
1367 4729 1660 4798 νικηφόρον
1691 4728 1835 4782 ὁδεύ-

255 4839 450 4885 σαντα,
487 4823 570 4884 τίς
601 4821 666 4875 ἂν
690 4823 854 4887 ἀξίως
891 4821 1192 4892 θαυμάσειε
1221 4836 1234 4885 ;
1272 4821 1402 4873 ποία
1424 4821 1467 4872 δ’
1489 4818 1555 4872 ἂν
1581 4822 1835 4892 ἀρκέσειε

252 4916 394 4987 πρὸς
426 4915 676 4985 διήγησιν
703 4914 937 4983 γλῶττα,
961 4915 1071 4969 τῶν
1103 4915 1162 4966 ἐν
1193 4913 1464 4983 μειρακίῳ
1494 4915 1586 4966 καὶ
1616 4915 1834 4985 παιδίῳ,

253 5004 354 5056 καὶ
386 5002 539 5072 ἀνδρὶ
576 5001 787 5072 τελείῳ,
817 5003 911 5055 καὶ
947 5001 1250 5073 πρεσϐύτῃ,
1278 5001 1375 5054 καὶ
1409 5003 1625 5072 γέροντι
1666 5021 1836 5075 πονησ-

255 5093 458 5148 ὓὲντων
515 5092 958 5163 κατορθωμάτων
987 5109 1001 5158 ;
1029 5093 1122 5156 Τίς
1166 5092 1232 5145 ἂν
1262 5094 1472 5147 ἐκείνου
1515 5095 1607 5147 τὺν
1641 5095 1837 5165 ἱδρῶτα

261 5183 551 5252 μετρήσειε
578 5197 593 5245 ;
627 5182 707 5244 τίς
739 5182 784 5234 δ’
813 5183 878 5236 ἂν
898 5181 994 5245 τὰς
1016 5184 1073 5234 ἐν
1094 5183 1330 5253 τοσούτῳ
1352 5184 1528 5254 χρόνῳ
1540 5185 1839 5257 γενομένας

257 5271 582 5342 ἀριθμήσειε
613 5273 790 5336 πάλας
819 5291 834 5338 ;
860 5276 1009 5338 ποῖος
1039 5275 1083 5327 δ’
1113 5275 1178 5328 ἂν
1207 5275 1448 5343 ἐφίκοιτο
1469 5276 1646 5345 λόγος,
1676 5278 1838 5348 ἢτῶν

256 5365 352 5418 ὐπ’
398 5365 564 5418 αὐτοῦ
598 5365 1049 5436 καταϐληθέντων
1099 5367 1448 5436 σπερμάτων,
1495 5369 1526 5438 ἢ
1573 5369 1679 5422 τῶν
1710 5369 1837 5422 συλ-

253 5457 523 5525 λεγέντων
567 5458 938 5529 δραγμάτων;
980 5457 1076 5520 Τίς
1125 5457 1296 5521 οὕτως
1352 5459 1552 5528 ὑψηλὸς
1587 5460 1684 5530 τὴν
1719 5461 1839 5514 διά-

255 5565 428 5612 νοιαν,
471 5547 546 5611 ὡς
589 5548 825 5602 κατιδεῖν
865 5547 1110 5618 ἀκριϐῶς
1155 5550 1252 5618 τὴν
1282 5549 1348 5601 ἐκ
1377 5550 1476 5616 τῆς
1518 5550 1689 5620 καλῆς
1741 5553 1840 5622 ὲμο

257 5642 455 5712 πορίας
487 5641 964 5711 συναθροισθεῖσαν
993 5643 1350 5711 περιουσίαν;
1385 5637 1518 5695 Οἶδα
1549 5643 1658 5694 τῶν
1696 5645 1840 5697 ἐκείο

256 5753 352 5787 νου
370 5731 812 5804 κατορθωμάτων
828 5732 888 5786 τὸ
914 5732 1174 5800 πέλαγος,
1194 5732 1287 5786 καὶ
1303 5733 1389 5785 διὰ
1407 5733 1563 5788 τοῦτο
1585 5735 1838 5800 πελάζειν

252 5829 322 5895 τῇ
356 5825 455 5894 τῆς
486 5824 789 5894 διηγήσεως
827 5822 1036 5896 ἱστορίᾳ
1073 5823 1350 5893 δειμαίνω,
1398 5824 1483 5877 ἴνα
1512 5824 1587 5896 μὴ
1620 5826 1647 5877 ό
1681 5824 1838 5894 λόγος

1941 4649 2238 4718 nonaginta
2261 4657 2314 4703 et
2332 4649 2472 4704 duos
2491 4665 2666 4706 annos
2686 4649 3006 4716 dcccrtavit,
3022 4650 3201 4704 etdies
3225 4659 3522 4720 noctesque

1941 4753 2158 4808 semper
2178 4741 2355 4795 victor
2389 4743 2644 4807 incessit,
2681 4758 2778 4813 pro
2803 4743 3066 4812 dignitate
3095 4742 3220 4812 quis
3243 4741 3524 4798 laudabit?

1939 4839 2036 4882 aut
2058 4847 2179 4900 qua:
2218 4832 2400 4903 lingua
2435 4836 2714 4902 pra-claris
2745 4834 3111 4900 facinoribus,
3147 4850 3267 4905 quae
3301 4850 3435 4904 puer
3466 4845 3521 4890 et

1941 4922 2279 4986 adolescens,
2306 4927 2604 4996 quaequein
2624 4927 2768 4981 virili
2793 4928 2872 4983 vel
2890 4927 3208 4996 aﬂectajam
3227 4935 3406 4990 :etate,
3425 4938 3519 4982 aut

1942 5011 1994 5064 in
2017 5013 2205 5066 ultima
2223 5015 2330 5086 egit
2350 5024 2654 5082 senectute,
2672 5015 3170 5070 commemorandis
3187 5030 3287 5085 par
3313 5015 3518 5074 fuerit?

1947 5103 2083 5169 Quis
2110 5105 2341 5161 sudores
2361 5106 2480 5175 ejus
2498 5107 2850 5162 dimetiatur?
2871 5106 2995 5174 quis
3014 5109 3341 5165 commissas
3364 5118 3518 5163 tanto

1942 5200 2188 5262 tempore
2210 5195 2385 5250 luctas
2402 5197 2718 5251 enumeret?
2733 5213 2854 5265 qua:
2877 5198 3051 5252 oratio
3070 5199 3151 5253 vel
3166 5212 3356 5268 sparsa
3371 5200 3437 5255 ab
3453 5216 3519 5255 eo

1941 5287 2168 5348 semina,
2227 5287 2307 5341 vel
2345 5290 2604 5343 collectos
2639 5290 2950 5360 manipulos
2987 5292 3346 5360 percenseat?
3381 5293 3519 5359 Quis

1941 5377 2170 5429 tamalta
2197 5384 2376 5431 mente
2407 5378 2686 5446 praeditus,
2707 5386 2764 5431 ut
2786 5389 3076 5449 congestas
3090 5395 3154 5434 ex
3179 5379 3346 5434 nobill
3371 5395 3517 5434 mer-

1942 5475 2128 5521 catura
2153 5469 2442 5523 facultates
2465 5468 2674 5537 liquido
2697 5470 3023 5540 perspiciat?
3047 5469 3233 5526 Sentio
3250 5487 3428 5525 rerum
3451 5473 3520 5524 ah

1941 5573 2006 5611 eo
2024 5569 2298 5634 gestarum
2320 5561 2545 5630 pelagus
2569 5562 2933 5616 immensum:
2968 5563 3203 5632 ideoque
3238 5564 3302 5618 ad
3329 5578 3517 5618 earum
3595 5610 3600 5614 .

1940 5651 2318 5718 explicandam
2346 5652 2629 5706 historiam
2659 5653 2919 5708 accedere
2949 5653 3298 5723 pertimesco,
3330 5669 3397 5708 ne
3419 5669 3520 5707 uu-

1941 5739 2028 5794 dis
2060 5741 2329 5795 obruatur
2358 5743 2555 5796 oratio.
2593 5739 2775 5807 Quare
2802 5750 3027 5812 propter
3073 5743 3228 5797 littus
3265 5743 3518 5798 incedam

1943 5839 1994 5886 et
2027 5832 2198 5889 maris
2232 5849 2353 5904 quae
2409 5833 2714 5890 continenti
2757 5835 3006 5905 proxima
3042 5841 3171 5891 sunt
3205 5831 3519 5890 admirabor
