4030 6474
502 450 638 518 1379
1485 440 1972 502 TI-IEODORETI
2013 437 2352 499 EPISCOPI
2379 437 2746 499 CYRENSIS
3553 415 3560 419 “
3621 433 3766 500 1380

500 572 556 618 et
583 574 851 631 exponam
893 577 904 612 :
940 555 1273 628 profundum
1312 560 1496 608 autem
1531 552 1608 604 illi
1640 550 1952 618 relinquam
1984 547 2078 618 qui
2111 601 2112 607 η

2221 546 2515 618 ποϐρύχιος
2567 547 2814 617 γένηται.
2870 536 2945 599 Οὗ
3003 543 3191 597 ἕνεκεν
3242 543 3393 614 παρὰ
3453 541 3548 615 τὴν
3607 543 3771 614 ἠϊόνα

502 655 662 725 juxta
699 652 914 706 divinas
947 648 1185 705 Litteras
1213 655 1236 686 ι
1268 642 1538 715 profunda
1572 648 1872 702 scrutatur,
1905 646 1960 693 et
1989 652 2084 692 oc-

2215 638 2502 709 ιαδιοῦμαι,
2549 638 2644 692 καὶ
2686 638 2756 692 τὰ
2806 635 2960 708 παρὰ
2987 635 3085 706 τὴν
3116 636 3344 707 ἤπειρον
3373 634 3465 688 τοῦ
3493 634 3774 704 πελάγους

505 746 651 800 culta
675 740 982 812 cognoscit.

2215 729 2541 800 λαυμάσομαί
2559 747 2619 784 τε
2665 729 2760 784 καὶ
2794 727 3126 798 διηγήσομαι
3151 745 3166 760 ο
3193 727 3288 780 τὸν
3310 726 3368 780 δέ
3399 725 3558 796 βυθὸν
3591 743 3765 781 κατα-ο

2189 823 2362 893 λείψω
2383 823 2462 893 τῷ
2493 821 2634 876 κατὰ
2665 821 2763 890 τὴν
2781 820 2930 874 θείαν
2948 819 3170 890 Γραφὴν
3192 818 3261 872 τὰ
3285 817 3424 889 βάθη
3449 818 3774 888 ἐρευνῶντι,

2190 917 2288 972 καὶ
2343 915 2415 970 τὰ
2451 914 2745 986 ἀπόκρυφα
2796 913 3140 981 τινώσκοντι.

2269 1001 2438 1070 Οὗτος
2459 1006 2638 1059 τοίνυν
2663 1007 2719 1060 ἐν
2736 1004 2976 1074 Γαλατίᾳ
2999 1003 3091 1057 τὸν
3110 1003 3323 1073 πρῶτον
3335 1001 3539 1072 ῆθλησε
3557 1002 3780 1074 χρόνον.

2205 1095 2447 1149 Ἐκεῖθεν
2502 1095 2746 1166 ἱστορίας
2799 1095 2983 1148 εἵνεκα
3007 1091 3106 1164 τὴν
3134 1091 3503 1163 Παλαιστίνην
3533 1092 3776 1146 κατέλαια

2193 1189 2309 1252 ϐεν,
2342 1187 2430 1241 ἵνα
2471 1187 2598 1250 τοὺς
2635 1186 2704 1240 τὰ
2736 1186 2980 1256 σωτήρια
3011 1183 3160 1255 πάθη
3206 1182 3538 1253 δεξαμένους
3577 1184 3775 1237 θεασάο

589 999 691 1054 Hic
735 997 899 1070 igitur
934 995 1128 1063 primis
1164 993 1322 1051 annis
1355 991 1407 1044 in
1433 990 1644 1046 Galatia
1680 988 1931 1046 certavit.
1964 987 2092 1042 Inde

505 1091 717 1147 visendi
747 1087 930 1146 studio
959 1088 1095 1146 abiit
1119 1088 1169 1140 in
1188 1084 1564 1145 Palaestinam,
1586 1089 1646 1136 ut
1668 1081 1979 1149 conspectis
2011 1081 2089 1134 lo-

504 1184 586 1238 cis
618 1183 672 1240 in
705 1182 905 1251 quibus
936 1178 1196 1238 salutaris
1249 1174 1434 1246 passio
1461 1179 1720 1248 suscepta
1758 1182 1868 1235 est,
1896 1169 2092 1226 Serva-

508 1284 683 1334 torem
737 1272 906 1328 Deum
957 1273 1015 1328 in
1061 1271 1170 1325 illis
1237 1269 1518 1330 adoraret,
1575 1280 1686 1319 non
1748 1263 1910 1340 quasi
1969 1263 2092 1316 loco

507 1365 995 1434 circumscriptum
1082 1356 1690 1428 (incircumscriptam
1770 1355 1915 1410 enim
1973 1353 2093 1422 ejus

507 1467 764 1514 naturam
803 1469 911 1510 non
940 1453 1233 1524 ignorabat
1257 1458 1296 1516 ).
1329 1448 1425 1506 sed
1455 1455 1516 1504 ut
1545 1447 1736 1501 oculos
1757 1446 1919 1501 etiam
1945 1444 2093 1514 ipsos

2198 1296 2355 1349 μενος
2379 1279 2602 1341 τόπους,
2645 1279 2702 1330 ἐν
2749 1279 2929 1341 αὐτοῖς
2969 1277 3062 1331 τὸν
3109 1276 3387 1332 σεσωκότα
3418 1277 3788 1350 προσκυνήσῃ

2191 1369 2326 1424 Θεόν
2358 1385 2370 1399 ³
2398 1370 2494 1439 οὐχ
2532 1369 2606 1432 ὡς
2635 1369 2784 1438 τόπῳ
2837 1369 3314 1439 περιγραφόμενον
3343 1368 3638 1438 (ἠπίστατο
3666 1363 3788 1438 γὰρ

2195 1460 2363 1514 αὑτοῦ
2400 1461 2462 1514 τὸ
2497 1461 2598 1530 τῆς
2639 1460 2856 1530 φύσεως
2905 1459 3335 1531 ἀπερίγραφον),
3376 1459 3493 1513 ἀλλ’
3533 1460 3623 1513 ἵνα
3681 1463 3788 1515 καὶ

508 1551 586 1606 rei
628 1550 892 1602 adamata:
957 1541 1418 1613 contemplatione
1478 1545 1768 1612 pasceret,
1829 1552 1930 1592 nec
1978 1537 2093 1591 sola

2215 1554 2322 1617 τοὺς
2353 1553 2666 1624 ὀφθαλμοὺς
2698 1555 2924 1624 ἐστιὰσῃ
2948 1555 3013 1624 τῇ
3032 1552 3238 1624 θεωρίᾳ
3259 1551 3367 1605 τῶν
3397 1553 3786 1623 ποθουμένων,

511 1644 712 1702 mentis
743 1643 890 1695 acies
914 1639 1033 1694 sine
1069 1637 1191 1693 visu
1234 1633 1619 1704 spiritualibus
1674 1645 1771 1703 per
1804 1630 1964 1684 ﬁdem
2001 1629 2096 1684 de-

2215 1643 2292 1694 ιαὶ
2333 1643 2408 1712 μὴ
2437 1643 2595 1712 μόνον
2621 1643 2679 1700 τὸ
2709 1643 2804 1712 τῆς
2826 1642 3008 1711 ψυχῆς
3022 1641 3269 1705 ὀπτικδν,
3298 1642 3423 1712 δίχα
3448 1642 3548 1712 τῆς
3573 1643 3785 1713 ὅψεως,

509 1737 653 1792 liciis
681 1733 894 1802 1187
914 1730 1212 1790 frueretur.
1251 1726 1444 1782 Solent
1470 1739 1708 1792 namque
1739 1723 1830 1794 qui
1857 1722 2095 1790 aliquem

2215 1733 2298 1803 rip;
2350 1733 2728 1802 πνευματικῆς
2753 1733 2840 1786 διὰ
2861 1736 2961 1803 τῆς
2986 1732 3224 1796 πίστεως
3251 1733 3504 1805 ἀπολαύῃ
3541 1736 3792 1806 τρυφῆς.

509 1841 698 1881 amore
732 1829 1172 1894 prosequuntur,
1201 1835 1308 1874 non
1344 1833 1409 1874 ex
1444 1817 1598 1872 illius
1629 1823 1840 1870 tantum
1871 1821 2094 1884 aspectu

2215 1821 2485 1890 Πεφύκασι
2530 1825 2640 1893 γάρ
2679 1841 2796 1887 πως
2820 1827 2868 1876 oi
2907 1825 3279 1896 φιλοστόργως
3328 1827 3453 1895 περί
3497 1843 3619 1879 τινα
3668 1827 3796 1881 δια-

520 1918 663 1970 allici
728 1888 937 1977 laetitia,
971 1914 1067 1968 sed
1095 1921 1147 1966 et
1175 1912 1423 1978 domum,
1453 1916 1508 1965 et
1537 1915 1741 1974 vestes,
1799 1913 1853 1962 et
1880 1905 2096 1960 calcea-

2215 1888 2464 1990 κείμενοι,
2521 1888 2620 1971 οὐκ
2649 1918 2756 1972 ἀπὸ
2793 1921 2892 1988 τῆς
2919 1888 3052 1982 ’θέας
3085 1888 3266 1975 αύτοῦ
3297 1888 3466 1989 μόνης
3509 1919 3792 1989 θυμηδίαν

511 2018 693 2066 menta
735 2023 951 2066 summa
979 2022 1104 2066 cum
1147 2006 1428 2074 voluptate
1477 2000 1864 2070 contemplari.
1907 1997 2093 2072 Talem

2215 2009 2568 2081 καρποῦσθαι,
2600 2009 2741 2063 ἀλλά
2775 2010 2870 2063 καὶ
2900 2011 2996 2081 τὴν
3015 2011 3215 2072 οὶκίαν,
3237 2009 3332 2063 καὶ
3365 2011 3674 2080 ἐσθήματα,
3694 2014 3792 2066 καὶ

509 2119 638 2172 erga
671 2104 945 2171 Sponsum
972 2114 1217 2154 amorem
1254 2112 1451 2167 gerens
1485 2097 1540 2152 in
1567 2093 1797 2154 Cantica
1829 2090 2097 2148 cantico—

510 2211 632 2249 rum
675 2200 974 2248 memorata
1015 2190 1228 2260 Sponsa
1287 2189 1541 2246 clamans
1583 2185 1763 2240 aiebat
1819 2201 1831 2238 :
1895 2201 1914 2233 ‹
1945 2181 2099 2236 Sicut

515 2287 693 2348 malus
737 2285 878 2340 inter
904 2284 1049 2353 ligna
1081 2282 1368 2346 silvarum,
1396 2279 1478 2334 sic
1504 2277 1739 2332 dilectus
1767 2291 1924 2332 meus
1959 2275 2100 2329 inter

515 2379 678 2432 lilios.
714 2377 827 2434 Sub
859 2376 1058 2436 umbra
1117 2374 1266 2428 illius
1291 2387 1452 2442 quem
1486 2370 1925 2430 desideraverant
1957 2365 2096 2433 sedi,

512 2479 566 2524 et
603 2469 814 2529 [uictus
843 2469 970 2536 ejus
1009 2466 1188 2524 dulcis
1213 2463 1420 2535 gutturi
1480 2473 1670 2526 meoa.
1715 2479 1748 2514 ι.
1772 2459 1919 2519 Nihil
1966 2471 2099 2525 ergo

516 2560 742 2621 absurdi
775 2559 883 2630 egit
914 2559 998 2612 vir
1036 2557 1124 2612 hic
1155 2557 1402 2618 divinus,
1432 2555 1523 2623 qui
1553 2550 1741 2610 eodem
1772 2564 1901 2620 erga
1924 2549 2102 2618 Spon-

519 2668 641 2710 sum
683 2665 871 2712 amore
923 2656 1140 2718 captus,
1191 2644 1384 2702 iisdem
1429 2643 1633 2712 quibus
1665 2638 1882 2710 Sponsa
1919 2636 2102 2692 verbis

529 2743 688 2805 dixit,
726 2759 744 2790 ι
785 2738 1082 2796 Vulnerata
1115 2750 1302 2790 amore
1334 2748 1454 2786 sum
1477 2732 1526 2799 ι),
1553 2749 1571 2782 ›
1611 2744 1677 2784 ac
1706 2727 1872 2784 veluti
1900 2727 2088 2799 sponsi

523 2833 776 2890 umbram
828 2831 1067 2899 aliquam
1113 2826 1295 2881 videre
1324 2824 1663 2884 desiderans.
1708 2823 1828 2877 loca
1861 2820 2104 2899 inquire-

521 2924 635 2992 hut,
683 2938 748 2978 ex
810 2920 1015 2993 quibus
1082 2918 1354 2975 salutares
1409 2915 1668 2970 omnibus
1713 2915 1729 2933 '
1787 2897 2104 2974 hominibus

523 3016 704 3070 fontes
757 3013 1156 3086 proﬂuxcrattt.
1191 3007 1409 3081 Optatis
1453 3009 1638 3078 itaque
1667 3005 1879 3077 potitus
1913 3003 2107 3060 Antiov

522 3109 702 3160 chiam
735 3121 795 3159 se
837 3103 1094 3166 contulit,
1160 3099 1423 3170 urbisque
1480 3099 1792 3168 religiosam
1846 3095 2106 3166 pietatem

517 3197 902 3258 considerans,
954 3202 1236 3248 externam
1292 3191 1572 3262 regionem
1624 3189 1818 3260 patria:
1871 3195 2106 3256 antepo-

524 3291 656 3355 suit,
690 3290 837 3342 cives
870 3295 1158 3360 reputans,
1198 3297 1308 3338 non
1337 3298 1434 3340 eos
1463 3281 1560 3352 qui
1591 3297 1656 3336 ex
1692 3279 1884 3335 eadem
1919 3284 2108 3340 essent
2136 3246 2176 3302 Ο

524 3389 686 3456 gente
715 3395 780 3433 ac
837 3392 1062 3447 genere,
1106 3375 1203 3430 sed
1235 3375 1328 3446 qui
1361 3374 1609 3442 ejusdem
1643 3371 1932 3428 sententiae.
1961 3369 2112 3430 ﬁdei-

525 3486 636 3542 que
665 3470 962 3541 participes
986 3473 1198 3531 essenl,
1229 3473 1285 3522 et
1321 3464 1510 3536 jugum
1537 3463 1681 3519 idem
1710 3463 1992 3522 traherent
2027 3477 2114 3520 re-

527 3563 771 3635 ligionis.
825 3560 906 3615 ibi
961 3567 1146 3615 autem
1191 3557 1440 3616 habitare
1479 3571 1603 3612 cum
1641 3555 1950 3620 statuisset,
2004 3569 2110 3608 non
2159 3571 2163 3574 ·

530 3653 950 3711 tabernaculum
1009 3648 1277 3714 extendit,
1333 3663 1440 3704 non
1478 3647 1754 3718 tugurium
1811 3647 1944 3710 ﬁxit,
2004 3659 2113 3704 non

528 3746 920 3803 domunculam
970 3741 1249 3810 excitavit,
1308 3740 1402 3798 sed
1455 3742 1510 3795 in
1546 3740 1723 3794 alieno
1751 3739 2002 3807 sepulcro
2031 3745 2118 3794 to-

529 3849 644 3894 tum
677 3846 896 3905 tempus
929 3833 1220 3906 transegit.
1251 3831 1425 3901 Cujus
1453 3845 1582 3904 pars
1605 3828 1861 3898 superior
1894 3827 2104 3898 promi-

528 3947 668 3990 nens
700 3930 933 3985 habebat
959 3926 1284 3990 tabulatum,
1315 3925 1402 3980 cui
1427 3939 1687 3982 connexa:
1717 3921 1883 3976 scalae
1903 3920 2112 3978 aditum

498 4024 602 4094 liis
630 4025 858 4087 dabant,
896 4019 991 4090 qui
1026 4017 1328 4077 ascendere
1373 4015 1659 4072 volebant.
1701 4013 1816 4070 Hoc
1879 4013 2001 4067 loco
2036 4014 2120 4066 in-

531 4117 718 4174 clusus
753 4110 1079 4182 longissimo
1100 4116 1344 4178 tempore
1357 4106 1618 4178 perstitit,
1649 4104 1901 4175 frigidam
1927 4102 2120 4158 bibens

533 4211 822 4276 aquam,et
837 4201 953 4262 solo
967 4212 1107 4270 pane
1123 4212 1371 4264 vescens,
1390 4211 1566 4271 neque
1581 4194 1634 4248 id
1647 4193 1910 4270 quotidie,
1926 4193 2021 4256 sed
2035 4191 2122 4246 die

534 4314 644 4354 uno
660 4297 880 4368 jejunus
895 4307 1144 4357 manens,
1164 4289 1428 4361 postridie
1460 4289 1573 4344 haec
1596 4287 1865 4342 sumebat.
1891 4285 2027 4344 Cum
2053 4285 2122 4340 ad

534 4405 659 4450 eum
688 4385 1017 4444 furibundus
1035 4383 1257 4456 quidam
1271 4381 1548 4454 ct1188
1567 4378 1868 4440 insaniens,
1887 4377 2126 4446 malique

536 4479 802 4540 dretuonis
827 4486 996 4535 oestro
1015 4474 1251 4546 agitatus
1274 4473 1538 4539 venisset,
1558 4470 1673 4525 suis
1697 4469 1848 4524 illum
1870 4467 2124 4538 precibus

2205 2100 2548 2172 ὑποδήματα,
2588 2101 2728 2168 μετὰ
2762 2101 2943 2171 πάσης
2990 2101 3216 2172 θεωρεῖν
3246 2101 3606 2173 εὐφροσύνης.
3647 2104 3791 2159 Τοῦ-

2201 2208 2293 2249 τον
2322 2191 2519 2264 ἔχουσα
2564 2189 2655 2243 τὸν
2709 2191 2890 2262 ἔρωτα
2938 2192 3068 2263 περὶ
3117 2190 3207 2245 τὸν
3255 2193 3487 2262 νυμφίον
3523 2196 3794 2262 ήέν-τοῖς

2210 2284 2455 2353 ’ᾼσμασι
2484 2281 2594 2336 τῶν
2616 2283 2874 2354 ᾀσμάτων
2898 2284 3170 2356 φερομένη
3187 2283 3248 2336 νύ
3259 2303 3372 2354 μφη
3397 2285 3494 2356 βοᾷ
3515 2287 3750 2354 λέγουσα
3773 2305 3789 2320 ο

2211 2393 2230 2431 ι
2282 2377 2371 2440 Ὠς
2437 2375 2604 2446 μῆλον
2668 2377 2725 2428 ἐν
2771 2379 2882 2438 τοῖς
2934 2375 3112 2440 ξύλοις
3167 2377 3262 2431 τοῦ
3318 2379 3546 2450 δρυμοῦ,
3610 2380 3792 2444 οὕτως

2205 2469 2234 2521 ὁ
2265 2467 2575 2537 ἀδελφιδοῦς
2621 2485 2726 2538 μου
2775 2467 3050 2538 ἀναμέσον
3093 2468 3202 2522 τῶν
3234 2470 3388 2525 υἱῶν.
3428 2473 3517 2525 Ἐν
3557 2476 3623 2543 τῇ
3661 2475 3794 2544 σκιᾷ

2206 2559 2374 2615 αὐτοῦ
2399 2558 2721 2629 ἐπεθύμησα
2748 2560 2842 2613 καὶ
2863 2560 3116 2625 ἐκάθισα,
3150 2561 3360 2631 καρπὸς
3385 2563 3549 2616 αὑτοῦ
3585 2564 3794 2633 γλυκὺς

2207 2651 2267 2704 ἐν
2316 2647 2551 2720 λάρυγγί
2596 2666 2718 2719 μου.
2757 2667 2775 2700 ι
2820 2649 2986 2703 Οὐδὲν
3026 2645 3121 2704 οὖν
3170 2651 3396 2716 ἀπεικὸς
3442 2654 3562 2707 ούδέ
3589 2657 3616 2708 ὀ
3647 2655 3794 2720 θεῖος

2208 2735 2365 2805 οὗτος
2397 2741 2694 2811 πεποίηκεν
2725 2740 3032 2812 ἅνθρωπος,
3063 2742 3154 2795 τὸν
3192 2744 3354 2797 αὑτὸν
3387 2745 3510 2815 περὶ
3544 2745 3635 2799 τὸν
3657 2765 3798 2816 νυμ-

2211 2834 2333 2902 φίον
2379 2831 2673 2903 δεξάμενος
2703 2831 2903 2904 ἔρωτα,
2939 2835 3170 2897 καὶτοῖς
3209 2836 3308 2906 τῆς
3334 2835 3552 2907 νύμφης
3582 2838 3796 2909 χρησά-

2216 2943 2377 2997 μενος
2428 2927 2658 2998 ῥήμασιν
2691 2927 3022 2998 Τετρωμένη
3051 2927 3421 2997 ἀγάπηςέγώ.
3464 2931 3722 3002 Ποθήσας
3738 2931 3796 2984 δέ

2213 3017 2466 3088 καθάπερ
2521 3017 2644 3070 τινὰ
2689 3015 2784 3069 τοῦ
2829 3016 3063 3087 νυμφίου
3117 3016 3393 3090 θεωρῆσαι
3448 3020 3627 3086 σκιὰν,
3665 3019 3797 3084 τοὺς

2213 3109 2422 3163 ἅπασιν
2472 3105 2788 3178 ἀνθρώποις
2838 3108 2937 3171 τὰς
2991 3109 3290 3180 σωτηρίους
3338 3111 3521 3181 πηγὰς
3558 3110 3794 3165 ἀναϐλύ.
3851 3153 3858 3158 .

2218 3217 2416 3263 σαντας
2470 3197 2780 3270 ἐπεζήτησε
2829 3200 3050 3264 τόπους.
3113 3202 3455 3266 Ἀπολαύσας
3504 3205 3800 3276 τοιγαροῦν

2209 3285 2286 3346 ὧν
2339 3291 2673 3363 ἐπεπόθησε,
2735 3291 2983 3363 κατήχθη
3028 3292 3130 3364 μὲν
3164 3295 3243 3356 είς
3269 3295 3366 3365 τὴν
3404 3295 3745 3367 Ἀντιόχειαν
3779 3315 3796 3331 ο

2209 3382 2546 3452 θεασάμενος
2595 3380 2652 3437 δὲ
2683 3380 2782 3450 τῆς
2811 3380 3022 3443 πόλεως
3043 3382 3103 3435 τὸ
3125 3382 3392 3450 φιλόθεον,
3419 3383 3515 3453 τῆς
3541 3384 3801 3454 πατρίδος

2209 3475 2309 3547 τὴν
2352 3474 2509 3545 ξένην
2556 3473 2859 3544 προείλετο,
2911 3475 3137 3532 πολίτας
3181 3476 3503 3546 ἡγούμενος,
3557 3477 3619 3529 ού
3669 3478 3800 3541 τοὺς

2211 3567 2518 3637 ὁμοφύλους
2563 3567 2657 3620 καὶ
2699 3568 3008 3636 συγγενεῖς,
3041 3565 3178 3622 ἀλλὰ
3226 3569 3352 3629 τοὺς
3385 3568 3794 3638 ὁμογνώμονας,

2213 3661 2310 3716 καί¹
2345 3660 2448 3731 τῆς
2503 3659 2739 3724 πίστεως
2767 3661 3078 3726 κοινωνοὺς,
3108 3660 3202 3715 καὶ
3230 3661 3322 3714 τὸν
3345 3660 3507 3714 αύτὺν
3542 3662 3794 3729 ἐφέλκον-

2213 3772 2313 3817 τας
2344 3755 2444 3823 τῆς
2480 3753 2760 3817 εὐσεϐείας
2800 3752 2983 3821 ζυγόν.
3021 3753 3244 3822 Ταύτην
3273 3751 3330 3806 δὲ
3373 3752 3473 3824 τὴν
3507 3752 3784 3823 διατριϐὴν

2215 3845 2530 3913 ἀγαπήσας,
2585 3844 2647 3897 οὐ
2692 3843 2899 3914 σκηνὴν
2944 3841 3228 3907 ἐξέτεινεν,
3271 3843 3333 3896 οὐ
3369 3841 3611 3911 καλύϐην
3657 3842 3792 3912 ἐπήο

2217 3933 2368 4000 ξατο,
2401 3933 2502 3986 οὐκ
2533 3933 2776 3990 οἰκίσκον
2797 3933 3112 4004 ἀνήγειρεν,
3135 3933 3248 3986 ἀλλ’
3275 3934 3330 3986 ἐν
3357 3932 3623 4006 ἀλλοτρίῳ
3644 3933 3798 4002 τάφῳ

2215 4023 2309 4078 τὸν
2343 4025 2520 4078 πάντα
2546 4023 2814 4077 διετέλεσε
2841 4022 3052 4095 χρόνον.
3083 4021 3363 4094 ’Υπερῷον
3381 4023 3438 4078 δέ
3460 4023 3606 4094 εἶχεν
3621 4018 3801 4090 οὗτος,

2220 4117 2313 4171 καὶ
2346 4117 2653 4190 δρύφακτόν
2687 4133 2810 4171 τινα
2859 4116 3322 4188 προϐεϐλημένον,
3357 4110 3402 4184 ᾧ
3449 4116 3652 4185 κλίμαξ
3703 4134 3803 4169 συ-

2221 4208 2576 4279 νηρμοσμένη
2607 4209 2731 4270 τοὺς
2764 4207 3030 4276 ἀναϐῆναι
3069 4207 3426 4278 βουλομένους
3448 4207 3680 4278 ἐδέχετο.
3713 4208 3806 4261 Ἐν

2219 4298 2395 4369 τούτῳ
2443 4298 2844 4369 καθειργμένος
2877 4299 2960 4351 ὅτι
2998 4297 3250 4352 πλεῖστον
3289 4298 3552 4351 διετέλεσε
3583 4297 3804 4368 χρόνον,

2225 4389 2377 4454 ὕδατι
2419 4389 2518 4460 μὲν
2558 4390 2750 4461 ψυχρῷ
2795 4389 3099 4461 χρώμενος,
3145 4390 3308 4461 ἄρτον
3348 4389 3403 4443 δέ
3440 4389 3597 4460 μόνον
3625 4389 3810 4442 σιτού-

2229 4497 2408 4551 μενος,
2462 4479 2560 4533 καὶ
2604 4479 2775 4533 ταῦτα
2825 4481 2888 4534 ού
2929 4481 3051 4534 καθ’
3102 4483 3338 4552 ἑκάστην
3384 4481 3618 4553 ἡμέραν,
3668 4480 3809 4536 ἀλλὰ

538 4573 845 4637 inundavit,
860 4581 912 4625 et
932 4570 1000 4623 ab
1020 4567 1115 4624 illo
1132 4567 1334 4624 diaboli
1355 4562 1822 4622 furoreliberavit.
1847 4560 1952 4616 Sed
1972 4559 2112 4615 abire

2230 4571 2355 4641 μίαν
2400 4571 2500 4642 μὲν
2543 4573 2728 4635 ἄσιτος
2773 4572 3063 4644 διαμένων,
3109 4577 3174 4645 τῇ
3223 4573 3281 4627 δέ
3308 4573 3573 4644 ὑστεραίᾳ
3598 4573 3807 4628 τούτων

537 4668 837 4733 nolentem,
867 4672 1262 4734 rogantemque
1286 4657 1392 4714 sibi
1430 4664 1489 4711 ut
1518 4654 1869 4710 liberatiouis
1901 4668 2117 4710 merce-

537 4759 659 4815 dem
699 4770 858 4812 suum
891 4751 997 4824 ipsi
1021 4749 1394 4808 ministerium
1423 4744 1725 4816 rependere
1761 4745 1974 4808 liceret,
2009 4743 2114 4802 ad-

538 4849 690 4906 misit
717 4849 767 4902 in
801 4841 1252 4902 contubernium.
1283 4838 1347 4894 Et
1375 4838 1526 4893 hunc
1554 4835 1722 4892 etiam
1753 4850 1854 4913 ego
1891 4835 2037 4902 novi,
2063 4843 2119 4890 et

539 4940 793 4996 miraculi
825 4935 1071 5002 metnini,
1102 4941 1156 4990 et
1191 4930 1498 4990 curationis
1545 4930 1855 4990 mercedem
1905 4929 2040 4996 ridi,
2064 4937 2118 4985 et

539 5032 719 5090 audivi
743 5044 867 5088 cum
894 5027 995 5100 ipsi
1030 5027 1096 5082 de
1125 5041 1214 5084 me
1244 5038 1554 5081 sermonem
1583 5022 1724 5077 inter
1745 5037 1804 5076 se
1831 5021 2118 5076 haberent.

541 5125 764 5184 Dicebat
791 5123 936 5178 enim
972 5119 1182 5181 Daniel,
1233 5118 1338 5173 hoc
1393 5117 1592 5188 quippe
1625 5115 1702 5167 illi
1731 5129 1952 5176 nomen,
1985 5127 2121 5183 prae-

541 5216 678 5272 clari
715 5212 878 5280 hujus
904 5209 1199 5268 ministerii
1225 5224 1310 5264 me
1344 5220 1566 5277 quoque
1596 5204 1919 5274 participem
1959 5203 2114 5256 futu-

544 5318 685 5358 rum.
722 5303 791 5354 At
840 5301 926 5354 vir
967 5300 1214 5362 divinus,
1277 5303 1565 5366 parentum
1600 5307 1725 5363 erga
1763 5307 1849 5345 me
1879 5305 2118 5344 amorem

545 5392 930 5457 considerans,
966 5391 1019 5446 id
1051 5389 1299 5446 futurum
1342 5386 1599 5461 negabat.
1641 5381 1797 5452 Saepe
1827 5390 2010 5436 autem
2038 5397 2124 5436 me

545 5488 780 5557 genibus
829 5488 946 5544 suis
976 5487 1299 5558 impositum
1333 5498 1439 5536 uva
1487 5496 1648 5551 passa
1689 5494 1936 5549 paneque
1965 5479 2122 5536 aluit.

546 5578 720 5633 Mater
745 5579 915 5642 enim,
956 5577 1304 5650 spiritualem
1346 5575 1467 5645 ejus
1489 5573 1722 5644 gratiam
1751 5580 1999 5639 experta,
2032 5589 2121 5627 se-

548 5671 653 5725 mel
684 5670 739 5723 in
769 5668 1109 5730 hebdomada
1151 5668 1595 5731 benedictionem
1635 5663 1782 5720 illam
1845 5667 2125 5733 percipere

535 5897 540 5909 .
622 5845 689 5902 ιι
726 5841 854 5897 Cor.
887 5860 943 5908 ιι,
991 5843 1072 5899 10.
1153 5856 1178 5885 ει
1211 5840 1371 5900 Cant.
1402 5857 1460 5909 ιι,
1499 5841 1550 5896 ’5.
1631 5839 1657 5878 ι’
1686 5836 1842 5893 Cant.
1873 5849 1927 5904 ν,
1958 5831 2013 5889 8.

2223 4664 2402 4718 αὐτῶν
2443 4665 2883 4735 μεταλαγχάνων,
2929 4665 3145 4736 Ἐπειδὴ
3175 4665 3232 4718 δέ
3265 4682 3348 4727 τις
3388 4664 3618 4734 ἀφίκετο
3647 4682 3810 4736 κορυ-

2221 4755 2455 4811 ϐαντιῶν
2481 4758 2578 4812 καὶ
2609 4756 2892 4828 μεμηνὼς,
2919 4758 3015 4810 καὶ
3039 4758 3138 4827 τῆς
3161 4755 3256 4809 τοῦ
3287 4756 3526 4826 πονηροῦ
3551 4756 3805 4826 δαίμονος

2223 4848 2500 4920 ἐνεργείας
2535 4849 2846 4912 ἀνάπλεως,
2897 4849 3136 4918 ἐκάθαρε
3165 4847 3264 4920 μὲν
3301 4849 3464 4902 αὐτὸν
3502 4850 3801 4917 προσευξάο

2229 4955 2388 5008 μενος
2411 4978 2425 5001 ,
2459 4937 2557 4992 καὶ
2581 4939 2683 5008 τῆς
2722 4937 3037 5008 διαϐολικῆς
3065 4939 3279 5011 ἐκείνης
3302 4937 3647 5009 ἠλευθέρωσε
3674 4939 3797 5008 βακ-

2226 5029 2397 5100 χείας.
2449 5028 2697 5082 Ἀπιέναι
2733 5029 2789 5081 δὲ
2823 5029 2896 5099 μὴ
2951 5028 3298 5099 βουλόμενον,
3349 5026 3486 5080 ἀλλὰ
3515 5027 3615 5097 τῆς
3647 5028 3804 5098 θερα-

2225 5123 2386 5185 πείας
2423 5123 2638 5194 ἐκείνης
2688 5123 2996 5176 ἀντιδοῦναι
3032 5122 3131 5191 τήν
3174 5120 3451 5175 διακονίαν
3492 5119 3806 5175 καθικετεύο

2227 5231 2414 5277 σαντα,
2471 5212 2718 5268 σύνοικον
2767 5213 3080 5284 ἐποιήσατο.
3129 5207 3261 5266 Οἶδα
3293 5213 3390 5266 καὶ
3442 5211 3633 5265 τοῦτον
3671 5210 3804 5277 ἐγὼ,

2225 5306 2321 5358 καὶ
2363 5305 2456 5358 τοῦ
2486 5305 2768 5375 θαύματος
2804 5307 3111 5375 μέμνημαι,
3141 5303 3237 5357 καὶ
3265 5303 3356 5357 τὸν
3383 5305 3480 5374 τῆς
3508 5303 3806 5374 θεραπείας

2225 5394 2540 5467 ἐθεασάμην
2594 5396 2808 5467 μισθὸν,
2859 5398 2954 5450 καὶ
2983 5398 3084 5458 τῆς
3139 5395 3269 5466 περὶ
3319 5395 3454 5465 ἐμοῦ
3503 5394 3806 5468 γενομένης

2225 5486 2411 5550 αὐτοῖς
2460 5487 2673 5556 ἀκήκοα
2702 5485 3008 5550 διαλέξεως.
3041 5484 3100 5539 '0
3139 5485 3236 5555 μὲν
3257 5486 3366 5557 γὰρ
3399 5483 3598 5553 Δανιὴλ
3649 5484 3805 5552 ἔλεγε

2226 5577 2408 5647 (τοῦτο
2443 5577 2550 5650 γὰρ
2596 5577 2745 5648 αὐτῷ
2769 5577 2986 5647 ὄνομα),
3015 5577 3089 5641 ὡς
3119 5595 3138 5628 ι
3171 5577 3283 5646 Τῆς
3313 5576 3497 5646 καλῆςδ
3518 5574 3668 5646 αὐτῷ
3693 5575 3807 5629 δια-

2227 5667 2410 5732 κονίας
2459 5669 2774 5738 κοινωνήσω
2815 5669 2989 5736 κάγώ.
3033 5688 3051 5723 ι
3103 5668 3242 5723 Ὃδέ
3272 5668 3558 5732 θεσπέσιος
3597 5669 3806 5731 ἐκεῖνος
