4030 6420
342 395 471 458 i381

1552 396 1966 462 RELIGIOSA’
2003 400 2386 463 HISTORIA.

3463 411 3602 474 1382

328 508 470 578 ἀνὴρ
505 507 567 560 οὐ
614 510 979 579 συνωμολόγει
1013 511 1170 565 τοῦτο
1213 512 1488 580 γενέσθαι,
1527 513 1588 565 τὺ
1638 515 1767 582 περὶ
1815 511 1906 582 ἐμὲ

2021 529 2106 568 me
2155 514 2408 582 jubchat.
2465 515 2602 586 Ejus
2651 533 2818 588 porro
2869 518 3117 573 notitiam
3171 519 3277 576 hac
3311 522 3603 578 occasione

328 599 442 652 τῶν
470 601 877 670 γεγεννηκότων
904 601 1257 671 λογιζόμενος
1292 605 1532 673 φίλτρον.
1572 604 1842 667 Πολλάκις
1859 605 1906 659 δέ

2022 605 2218 675 adepta
2255 614 2384 663 est:
2424 606 2738 666 Laborabat
2773 610 2849 665 illi
2901 613 3041 666 alter
3069 611 3355 665 oculorum
3407 617 3605 668 morbo

331 708 402 761 με
455 694 567 754 τοῖς
614 693 838 759 γόνασιν
881 694 1230 758 ἐπικαθίσας,
1264 697 1506 767 σταφυλῇ
1545 714 1612 766 με
1645 698 1740 752 καὶ
1768 698 1918 768 ἄρτῳ

331 783 606 854 διέθρεψε.
641 786 845 856 Πεῖραν
875 787 980 856 γὰρ
1019 785 1185 840 αὐτοῦ
1211 787 1308 855 τῆς
1353 787 1727 856 πνευματικῆς
1756 787 1916 857 χάρι-

327 893 420 940 τος
451 877 484 946 ή
520 879 702 948 μήτηρ
736 877 1029 948 δεξαμένη,
1065 878 1210 943 ἅπαξ
1242 898 1308 950 με
1335 881 1434 950 τῆς
1467 881 1756 951 ἑϐδομάδος
1789 880 1918 934 ἐκά-

325 986 468 1039 στης
517 971 724 1040 τρυγᾷν
758 970 973 1040 ἐκείνην
1016 969 1114 1039 τὴν
1150 971 1404 1037 εὐλογίαν
1450 972 1688 1025 ἐκέλευε.
1720 971 1914 1039 Γέγονε

324 1061 383 1114 δὲ
439 1062 573 1132 αὐτῇ
631 1060 908 1132 γνώριμος
959 1061 1018 1127 ἐξ
1062 1061 1240 1125 αἰτίας
1284 1062 1742 1125 τοιᾶσδε-’Πάθος
1776 1063 1913 1133 αὐτῇ

327 1151 548 1223 θατέρῳ
571 1153 678 1205 τῶν
723 1153 1018 1223 ὀφθαλμῶν
1068 1153 1402 1223 ὲπισκῆψαν,
1451 1157 1699 1226 κρεῖττον
1740 1155 1912 1226 ἐφάνη

329 1246 587 1316 ίατρικῆς
619 1245 932 1316 ἐπιστήμης
959 1261 972 1274 ·
1012 1245 1164 1299 οὐδὲν
1197 1246 1306 1314 γὰρ
1334 1241 1425 1316 ἦν,
1465 1245 1498 1316 ἢ
1526 1248 1638 1308 τοῖς
1667 1247 1914 1309 παλαιοῖς

327 1337 844 1407 συγγεγραμμένον,
879 1337 911 1408 ἢ
943 1339 1054 1400 τοῖς
1076 1335 1301 1407 ὕστερον
1344 1338 1660 1406 γενομένοις
1690 1336 1914 1408 ἐξευρη-

329 1429 514 1496 μένον,
552 1425 580 1478 ὃ
615 1427 689 1498 μὴ
729 1426 1074 1496 προσηνέχθη
1112 1429 1178 1497 τῇ
1221 1425 1383 1497 νόσῳ.
1417 1427 1636 1496 Ἐπειδὴ
1679 1427 1736 1479 δὲ
1759 1426 1916 1497 ήλεγ-

324 1521 420 1586 ξεν
469 1520 705 1585 ἅπαντα,
749 1520 844 1574 καὶ
886 1519 1122 1585 ἐδίδαξεν
1169 1519 1424 1588 οὐδεμίαν
1471 1519 1658 1590 ὄνησιν
1693 1519 1908 1589 ἔχοντα,

326 1609 434 1684 ἧκέ
458 1630 542 1676 τις
570 1612 680 1665 τῶν
712 1612 958 1680 συνήθων
987 1611 1078 1667 τὸν
1115 1612 1256 1664 θεῖον
1283 1611 1452 1682 ἄνδρα
1484 1611 1787 1682 μηνύουσα,
1818 1611 1913 1664 καὶ

325 1704 389 1758 τὸ
442 1701 812 1774 γεγενημένον
854 1703 947 1756 ὑπ’
977 1702 1145 1756 αὐτοῦ
1191 1700 1519 1756 διδάσκουσα
1558 1701 1763 1770 θαῦμα.
1799 1702 1911 1772 Τὴν

326 1795 440 1867 γὰρ
485 1795 730 1865 ὁμόζυγα
781 1793 936 1863 ἔλεγε
966 1793 1060 1848 τοῦ
1093 1794 1349 1864 τηνικάδε
1372 1794 1474 1864 τῆς
1499 1794 1613 1848 Ἕω
1654 1794 1910 1864 κατέχον-

325 1903 420 1948 τος
437 1886 504 1939 τὰ
521 1885 756 1955 πηδάλια
781 1885 1117 1957 (Περγάμιος
1131 1886 1187 1939 δὲ
1212 1882 1281 1957 ἦν
1305 1878 1506 1954 οὗτος),
1525 1884 1602 1954 τῷ
1619 1885 1906 1957 παθήματι
1941 1869 1981 1923 Β
2012 1891 2236 1936 textam.

324 1977 466 2045 τῷδε
510 1975 934 2048 περιπεσοῦσαν,
965 1975 1218 2032 ἰάσασθαι
1241 1976 1401 2029 αὐτὸν
1443 1977 1575 2047 εὐχῇ
1603 1976 1698 2032 καὶ
1730 1993 1904 2048 σφρα·

327 2069 437 2138 γίδι
484 2068 849 2140 χρησάμενον.
908 2067 1180 2121 Ἤκουσεν
1223 2068 1256 2136 ἡ
1305 2067 1506 2138 μήτηρ,
1549 2066 1645 2119 καὶ
1693 2083 1906 2137 παραυσ

326 2159 458 2213 τίκα
489 2159 624 2230 πρὸς
655 2158 749 2211 τὸν
783 2157 926 2211 θεῖον
965 2156 1252 2229 ἄνθρωπον
1285 2156 1506 2227 έδραμε.
1539 2157 1908 2228 Περικείμενα

325 2252 386 2305 δὲ
423 2246 568 2322 εἶχεν
594 2251 832 2324 ἕρματα.
864 2251 958 2304 καὶ
987 2249 1330 2321 περιδέραια,
1363 2253 1458 2304 καὶ
1487 2250 1654 2305 τᾶλλα
1683 2251 1904 2322 χρυσία,

326 2342 427 2397 καὶ
471 2343 569 2419 τὴν
599 2344 852 2414 ποικίλην
888 2341 1093 2412 ἐσθῆτα
1131 2342 1229 2412 τὴν
1258 2343 1323 2396 ὲκ
1358 2343 1602 2413 σηρικῶν
1648 2343 1907 2415 νημάτων

327 2433 668 2503 ὑφασμένην.
693 2432 919 2486 Οὐδέπω
961 2434 1070 2503 γὰρ
1101 2433 1201 2502 τῆς
1221 2433 1424 2504 ἀρετῆς
1443 2435 1540 2505 τῆς
1564 2435 1906 2506 τελειοτέρας

325 2524 566 2593 ἐγεύετο·
597 2523 749 2594 ἤνθει
787 2524 844 2577 δὲ
902 2527 997 2578 καὶ
1047 2525 1124 2592 τῷ
1164 2524 1362 2594 χρόνῳ,
1402 2525 1495 2576 καὶ
1528 2525 1622 2578 τοῦ
1657 2526 1756 2596 τῆς
1792 2525 1907 2578 νεό-

324 2631 488 2682 τητος
523 2614 769 2685 ἠνείχετο
801 2613 1027 2685 κόσμου.
1073 2614 1132 2666 Ἠ
1179 2612 1442 2668 θεσπεσία
1477 2615 1656 2669 τοίνυν
1691 2616 1904 2688 κεφαλὴ

323 2705 396 2758 τὰ
443 2705 668 2760 τοιαῦτα
727 2704 1061 2775 θεασαμένη,
1111 2708 1210 2776 τῆς
1247 2705 1604 2777 φιλοκοσμίας
1640 2707 1905 2780 πρότερον

322 2797 425 2868 τὴν
471 2796 782 2868 ἀρρωστίαν
845 2797 1053 2861 ἰάσατο,
1120 2797 1347 2850 τοιοῖσδε
1398 2797 1576 2866 λόγοις
1620 2800 1906 2872 χρησάμε-

323 2907 435 2953 νος·
471 2908 488 2939 ι
523 2889 656 2942 Εἰπέ
707 2906 817 2958 μοι,
847 2887 975 2957 ἔφη,
1033 2888 1224 2941 τέκνον
1267 2889 1353 2959 (τῇ
1403 2888 1510 2958 γὰρ
1557 2889 1720 2942 αὐτοῦ
1775 2890 1908 2960 χρή-

325 2997 493 3049 σομαι
533 2983 708 3051 φωνῇ,
770 2981 864 3034 καὶ
915 2981 1013 3033 οὐκ
1078 2981 1296 3051 ἀμείψω
1330 2981 1431 3048 τῆς
1484 2981 1645 3051 ἁγίας
1689 2981 1906 3052 ἐκείνης

323 3073 570 3142 γλώττης
608 3073 668 3124 τὸ
712 3071 1054 3143 πρόσρημα),
1092 3073 1144 3124 εῐ
1169 3090 1254 3136 τις
1299 3072 1611 3144 ζωγράφος,
1647 3068 1704 3126 εὗ
1760 3073 1906 3141 μάλα

322 3167 423 3233 τὴν
461 3164 657 3235 τέχνην
690 3165 1024 3235 ⁴ήσκημένος,
1076 3166 1262 3218 εἰκόνα
1316 3164 1439 3218 τινὰ
1489 3164 1774 3238 γράψειεν,
1830 3165 1904 3226 ὼς

321 3257 488 3326 νόμος
526 3256 859 3326 ὑπαγορεύει
900 3256 1000 3326 τῆς
1038 3256 1257 3326 τέχνης,
1292 3257 1383 3309 καὶ
1429 3257 1633 3328 ταύτην
1675 3257 1902 3329 προθείη

320 3350 435 3411 τοῖς
485 3345 830 3418 βουλομένοις
883 3348 1035 3418 ὁρᾷν·
1085 3347 1419 3416 ἀφικόμενος
1463 3347 1521 3400 δέ
1570 3366 1653 3412 τις
1696 3349 1903 3419 ἕτερος,

321 3439 538 3507 ἐκείνην
575 3439 672 3508 μὲν
710 3439 807 3509 τὴν
856 3440 1048 3509 τέχνην
1080 3439 1181 3491 οὐκ
1236 3438 1479 3508 ἀκριϐῶς
1521 3439 1902 3510 ἐπιστάμενος,

324 3529 619 3600 σχεδιάζων
640 3531 696 3583 δὲ
728 3531 863 3601 πρὸς
899 3530 956 3584 τὸ
981 3530 1170 3584 δοκοῦν
1203 3529 1237 3589 δι
1266 3529 1582 3600 ἀναγράψαι
1606 3531 1901 3599 θελήσειενο

321 3619 443 3675 εἶτα
472 3623 828 3694 μεμψάμενος
853 3625 920 3693 τῇ
947 3623 1168 3692 τεχνικῇ
1200 3620 1384 3694 ἐκείνῃ
1408 3621 1722 3693 ζωγραφίᾳ,
1742 3639 1906 3694 προσ-

323 3716 443 3785 θείη
479 3715 578 3785 μὲν
610 3717 729 3778 ταῖς
762 3713 963 3784 ὀφρύσι
1013 3713 1107 3768 καὶ
1143 3716 1263 3777 ταῖς
1301 3712 1586 3784 βλεφαρίσι
1637 3713 1904 3785 μακροτέ-

327 3824 428 3880 ρας
441 3808 729 3879 γραμμὰς,
750 3807 1071 3877 λευκότερον
1094 3805 1150 3858 δὲ
1169 3807 1230 3858 τὸ
1258 3805 1550 3876 πρόσωπον
1580 3808 1900 3878 ἀποφήνειε,

322 3899 420 3954 καὶ
447 3902 564 3958 ταῖς
597 3900 850 3965 παρειαῖς
873 3896 966 3950 τοῦ
1002 3896 1232 3968 ἐρυθροῦ
1263 3896 1551 3967 χρώματος
1581 3897 1900 3968 ἐπεμὸάλοι,

321 3986 384 4041 οὗ
427 4005 509 4041 σοι
548 3986 696 4040 δοκεῖ
719 3985 810 4038 τὸν
837 3987 1105 4056 πρότερον
1132 3986 1358 4046 εἰκότως
1389 3986 1769 4056 ἀγανακτῆσαι
1799 3985 1904 4050 ζω-

320 4080 556 4150 γράφον,
588 4078 663 4142 ὡς
692 4078 790 4147 τῆς
836 4079 1031 4148 τέχνης
1078 4077 1227 4148 αὐτῷ
1257 4078 1379 4130 λίαν
1420 4077 1773 4152 ὑϐρισμένης,
1808 4077 1903 4131 καὶ

323 4173 645 4244 προσθήκας
687 4163 762 4224 ὧν
793 4170 892 4223 οὐκ
922 4170 1090 4222 ἐδεῖτο
1120 4170 1223 4223 ὐπὸ
1261 4169 1504 4240 ἀμαθοῦς
1532 4171 1709 4237 δεξιᾶς
1750 4168 1904 4236 δεξα-

326 4263 530 4334 μένης;
566 4262 795 4326 Οὐκοῦν,
826 4262 950 4332 ἔφη,
976 4264 1068 4314 καὶ
1102 4263 1193 4314 τὸν
1218 4252 1612 4316 τῶνὰπάντων
1640 4265 1906 4336 Δημιουρ-

321 4356 442 4423 γὸν,
479 4355 571 4408 καὶ
611 4355 709 4424 τῆς
741 4356 1014 4424 ἡμετέρας
1065 4354 1278 4421 φύσεως
1302 4355 1553 4426 Πλάστην
1583 4362 1643 4408 τε
1683 4358 1910 4414 καὶΖωέ

323 4446 536 4518 γράφον
565 4445 895 4514 ἀγανακτεῖν
931 4445 1238 4508 πιστεύετε,
1281 4447 1363 4498 ὅτι
1395 4448 1492 4516 τῆς
1537 4449 1778 4520 ἀρρήτου
1816 4466 1902 4502 σο-

2023 699 2316 766 ejusmodi,
2350 700 2441 754 cui
2472 699 2668 756 cedere
2707 716 2800 757 ars
2851 703 3061 756 medica
3099 701 3411 756 videbatur.
3457 703 3601 758 Nihil

2020 791 2167 844 enim
2205 799 2347 853 erat,
2381 792 2464 846 vel
2495 793 2870 862 conscriptum
2906 794 2974 846 ab
3013 794 3298 864 antiquis,
3341 794 3480 848 vela
3515 812 3605 850 re-

2019 881 2364 935 ceutioribus
2389 882 2693 946 inventum,
2720 884 2864 952 quod
2891 883 3020 938 huic
3038 883 3288 937 curando
3311 884 3601 939 admotum

2029 986 2139 1026 non
2163 970 2378 1028 fuisset.
2400 971 2695 1041 Postquam
2724 984 2905 1028 autem
2931 974 3116 1028 omnia
3137 976 3353 1039 revicit,
3373 984 3422 1030 et
3444 991 3602 1044 opem

2017 1063 2224 1120 nullam
2277 1062 2474 1119 aﬁ'crre
2527 1063 2741 1130 docuit,
2805 1066 3071 1120 indicavit
3124 1066 3274 1120 illum
3333 1068 3600 1122 accedens

2017 1153 2215 1208 mulier
2243 1154 2493 1222 quaedam
2519 1170 2549 1209 e
2579 1156 2921 1218 domesticis,
2969 1156 3208 1226 factique
3235 1157 3304 1211 ab
3334 1173 3401 1212 eo
3431 1157 3602 1211 mira-

2013 1243 2124 1298 culi
2181 1245 2513 1299 meutionem
2571 1245 2720 1300 fecit.
2755 1245 2948 1300 Aiebat
2977 1247 3120 1301 enim
3169 1261 3395 1302 uxorem
3457 1246 3604 1302 illius

2013 1336 2106 1404 qui
2143 1343 2275 1390 tunc
2324 1337 2552 1406 regebat.
2610 1337 2908 1400 Uricntem,
2951 1337 3274 1407 Pergamius
3310 1349 3492 1392 autem
3549 1339 3598 1392 is

2020 1438 2162 1493 erat,
2197 1443 2322 1483 etim
2344 1429 2537 1484 eodem
2571 1429 2765 1483 morbo
2795 1437 3138 1498 premeretur
3171 1431 3239 1481 ah
3256 1445 3324 1484 eo
3353 1437 3602 1484 curatam

2016 1519 2191 1578 fuisse
2227 1521 2485 1589 precibus
2515 1531 2568 1575 et
2597 1521 2782 1577 crucis
2811 1521 3124 1589 signaculo.
3150 1521 3375 1575 Audivit
3409 1529 3604 1583 mater,

2013 1611 2419 1680 confestimque
2439 1612 2504 1667 ad
2528 1611 2776 1668 divinant
2809 1611 3085 1668 hominem
3120 1627 3180 1666 se
3206 1611 3463 1671 contulit.
3493 1609 3603 1664 lla-

2017 1701 2176 1756 beliat
2200 1708 2386 1756 autem
2443 1701 2536 1756 illa
2570 1701 2719 1760 circa
2751 1716 2810 1757 se
2839 1708 2896 1755 et
2943 1703 3185 1762 inaures.
3215 1711 3270 1758 et
3302 1701 3525 1758 monilia
3551 1710 3604 1756 et

2011 1792 2118 1844 alia
2146 1807 2213 1846 ex
2233 1805 2392 1855 auro,
2417 1800 2470 1850 et
2501 1798 2707 1850 vestem
2770 1790 2974 1844 variam
3007 1806 3073 1846 ex
3104 1791 3296 1846 sericis
3340 1791 3445 1844 lilis
3471 1806 3605 1842 cou-

2327 1880 2581 1940 Nondum
2639 1882 2786 1940 enim
2869 1880 3254 1952 perfectiorem
3328 1883 3600 1948 Nirtutem

2011 1973 2235 2044 .1189
2262 1972 2598 2043 degustarat.
2633 1981 2688 2030 et
2732 1972 2833 2029 llos
2858 1983 2977 2032 erat
3027 1973 3229 2034 aetatis,
3261 1972 3601 2041 iuventutis.-

2011 2079 2121 2135 que
2149 2075 2346 2122 ornatu
2379 2065 2776 2122 delectabatur.
2809 2063 3065 2123 Divinum
3111 2079 3240 2133 ergo
3267 2071 3432 2132 caput
3485 2062 3603 2120 lucc
3669 2119 3672 2123 .

2011 2154 2256 2219 intuens,
2286 2154 2471 2214 nimiae
2500 2153 2788 2225 elegantiae
2826 2155 3064 2223 primum
3093 2153 3477 2224 mgritudinem
3508 2167 3600 2210 sa-

2010 2247 2182 2312 navit,
2216 2247 2272 2302 in
2297 2247 2444 2302 hunc
2470 2246 2618 2302 illam
2650 2247 2872 2302 modum
2899 2247 3186 2316 alloquens
3216 2265 3228 2300 :
3262 2263 3281 2300 ι
3319 2244 3416 2299 Dic
3445 2243 3600 2308 milii,

2009 2339 2212 2409 inquit,
2276 2339 2388 2393 ﬁlia
2423 2339 2588 2410 (ipsa
2623 2339 2769 2394 enim
2831 2339 2950 2410 ejus
2996 2339 3164 2394 verba
3198 2336 3500 2408 proferam,
3548 2345 3603 2391 ct

2009 2441 2217 2490 sancta)
2255 2434 2402 2492 illius
2425 2435 2628 2504 linguae
2657 2434 3040 2490 allocutionem
3069 2449 3178 2490 non
3209 2432 3554 2502 immutabo)
3583 2469 3598 2492 .

2010 2529 2056 2585 si
2079 2529 2204 2598 quis
2241 2529 2422 2599 pictor
2470 2529 2609 2584 artis
2662 2543 2775 2583 sua:
2841 2528 3232 2595 peritissimus,
3300 2525 3590 2593 imaginem

2010 2620 2246 2690 aliquam
2271 2635 2336 2674 ex
2367 2620 2502 2674 artis
2527 2619 2738 2690 legibus
2770 2628 3027 2674 accurate
3048 2619 3329 2687 depingat,
3373 2628 3425 2672 et
3459 2616 3601 2672 hanc

2009 2713 2199 2768 videre
2227 2712 2538 2768 volentibus
2577 2711 2927 2781 spectandam
2953 2715 3227 2780 proponat
3255 2726 3268 2762 :
3301 2707 3600 2775 veniatque

2012 2807 2156 2861 alius
2185 2804 2461 2876 quispiam
2496 2803 2551 2863 in
2583 2812 2703 2858 arte
2736 2803 2916 2866 rudis,
2954 2801 3022 2854 ad
3066 2799 3349 2859 libidinem
3382 2814 3444 2858 ea
3482 2796 3582 2850 tiu-

2009 2912 2142 2969 gens
2174 2913 2296 2967 qum
2331 2897 2556 2967 pingorc
2597 2895 2877 2953 voluerit:
2913 2890 3112 2950 deinde
3142 2889 3500 2944 artificiosam
3534 2888 3597 2940 il-

2011 2991 2118 3049 lam
2154 2990 2424 3061 picturam
2485 2986 2918 3057 reprehendens,
2970 2982 3282 3054 superciliis
3337 2994 3392 3034 et
3442 2979 3585 3034 ciliis

2011 3083 2188 3138 lineas
2241 3081 2407 3136 addat
2471 3080 2774 3149 longiores,
2840 3085 2894 3140 et
2945 3072 3323 3132 candidiorem
3383 3069 3594 3124 vultum

2009 3175 2224 3238 reddat,
2265 3179 2318 3227 et
2352 3174 2580 3228 rubrum
2611 3171 2766 3240 genis
2796 3168 3033 3226 colorem
3067 3163 3310 3226 inducat,
3347 3177 3414 3216 an
3452 3161 3596 3230 prio-

2010 3281 2124 3322 rem
2181 3267 2440 3335 pictorem
2482 3273 2642 3334 putas
2691 3277 2800 3316 non
2842 3269 3235 3316 succensurum
3264 3294 3280 3320 ,
3339 3261 3597 3321 tanquam

2007 3358 2112 3412 arti
2144 3371 2258 3412 suae
2289 3357 2443 3426 gravi
2476 3354 2620 3408 facta
2655 3353 2877 3422 injuria,
2899 3359 2953 3406 et
2975 3345 3360 3406 additamentis
3399 3343 3601 3413 quibus

2006 3461 2146 3516 Opus
2184 3462 2294 3500 non
2327 3451 2447 3500 erat
2485 3443 2554 3498 ab
2586 3441 2810 3498 indocta
2848 3455 3013 3496 manu
3056 3435 3384 3506 impositis?
3435 3433 3597 3502 Ergo,

2004 3537 2206 3607 inquit,
2226 3535 2580 3590 Conditorem
2597 3548 2818 3604 quoque
2833 3532 3103 3595 omnium,
3147 3536 3471 3595 natumque
3498 3541 3597 3578 no-

2003 3625 2391 3697 stracFigulum
2410 3624 2766 3690 etPictorem,
2789 3622 3058 3692 indignari
3078 3619 3304 3685 credite,
3323 3616 3465 3688 quod
3493 3616 3600 3670 im.

2002 3731 2244 3771 mensam
2266 3715 2410 3768 illam
2430 3712 2755 3784 sapientiam
2776 3709 3067 3782 imperitiae
3119 3707 3374 3778 arguitis.
3410 3705 3596 3773 Neque

2001 3810 2146 3866 enim
2168 3807 2482 3871 rubeum,et
2511 3805 2789 3873 album,ct
2819 3803 3042 3873 nigrum
3071 3801 3311 3854 colorem
3334 3797 3596 3854 infunde-

2003 3901 2156 3965 retis,
2177 3899 2280 3953 nisi
2299 3899 2405 3953 hoc
2427 3895 2802 3956 additamenta
2819 3908 2980 3965 egere
2990 3907 3090 3947 vos
3106 3889 3390 3960 putaretis.
3426 3888 3600 3958 Egere

2003 4003 2182 4054 autem
2222 3991 2310 4047 bis
2323 4005 2526 4060 corpus
2547 3987 2674 4046 dum
2693 3985 2938 4052 creditis,
2954 3981 3344 4046 imbecillitatis
3367 3981 3598 4036 damna—

2002 4086 2073 4142 tis
2095 4092 2393 4140 auctorem.
2437 4082 2600 4153 Atqui
2621 4079 2906 4140 sciendum
2943 4085 3046 4140 est,
3078 4075 3340 4132 voluntati
3405 4089 3591 4146 parem

2002 4178 2152 4234 illum
2210 4176 2410 4234 habere
2471 4180 2814 4246 potestatem.
2849 4190 2869 4224 ε
2906 4169 3100 4228 Omnia
3152 4167 3321 4232 enim,
3361 4187 3380 4222 ι
3419 4166 3596 4237 inquit

2003 4269 2194 4336 David,
2218 4287 2237 4320 ι
2261 4282 2601 4339 quaecunque
2615 4264 2929 4322 voluitfecit
2949 4274 2971 4304 ο
2997 4282 3010 4319 :
3039 4282 3058 4315 ι
3078 4262 3172 4319 sed
3189 4262 3432 4317 omnium
3447 4260 3594 4315 utili-

2003 4362 2102 4418 tati
2141 4361 2441 4417 consulens
2487 4374 2551 4416 ea
2614 4373 2717 4416 non
2756 4358 2853 4414 dat
2887 4372 3009 4427 quae
3045 4355 3304 4414 damnum
3338 4352 3594 4412 alierum.

2001 4455 2185 4523 Quare
2243 4451 2532 4523 imaginem
2575 4449 2666 4512 Dei
2696 4466 2766 4505 ne
2789 4449 3178 4519 corrumpatis,
3214 4462 3394 4517 neque
3449 4445 3590 4514 adji-

325 4537 455 4604 φίας
501 4537 715 4607 ἐκείνης
749 4535 990 4606 ἀμαθίαν
1041 4539 1421 4607 κατηγορεῖτε.
1457 4539 1532 4590 Οὐ
1583 4539 1689 4610 γὰρ
1729 4534 1795 4592 ἂν
1841 4540 1902 4592 τὸ

2009 4563 2132 4604 cere
2184 4547 2464 4604 conemini
2538 4559 2658 4614 quae
2716 4544 2993 4614 sapienter
3038 4556 3150 4600 non
3199 4541 3370 4605 dedit,
3418 4556 3600 4609 neque

321 4631 575 4704 ἐρυθρὸν,
616 4630 712 4683 καὶ
745 4629 961 4692 λευκὸν,
994 4630 1088 4682 καὶ
1115 4629 1284 4698 μέλαν
1307 4629 1570 4700 ὲπεχέατε
1604 4629 1822 4702 χρῶμα,
1853 4633 1900 4688 εἰ

325 4723 404 4795 μὴ
447 4722 614 4776 ἐνδεῖν
665 4722 794 4792 ὑμῖν
852 4719 1057 4789 ταύτης
1100 4719 1378 4789 ἐνομίζετε
1413 4721 1511 4790 τῆς
1561 4721 1898 4794 προσθήκης·

321 4815 530 4870 δεῖσθαι
577 4815 634 4868 δὲ
671 4813 876 4867 τούτων
902 4811 1382 4883 ὑπολαμϐάνουσαι
1421 4812 1485 4864 τὸ
1521 4812 1704 4882 σῶμα,
1738 4813 1903 4868 ἀσθέ-

321 4924 474 4963 νειαν
521 4905 968 4976 καταψηφίζεσθε
1021 4905 1116 4960 τοῦ
1157 4903 1404 4974 ποιητοῦ.
1439 4905 1713 4983 Προσήκει
1744 4905 1802 4960 δὲ
1828 4907 1906 4960 εί-

319 5001 494 5067 δέναι,
544 5001 624 5053 ὅτι
658 4999 972 5070 σύμμετρον
998 4998 1108 5068 ἔχει
1141 4999 1206 5068 τῇ
1246 4996 1497 5068 βουλήσει
1525 4996 1624 5068 τὴν
1652 4998 1900 5070 δύναμιν.

331 5109 350 5140 ε
390 5091 574 5146 Πάντα
605 5085 790 5165 γὰρ,ᾗ
829 5106 994 5159 φησιν
1040 5091 1067 5141 ὁ
1093 5087 1276 5148 Δαϐιδ,
1318 5088 1417 5140 ὅσα
1457 5075 1719 5158 ἠθέλησεν
1744 5090 1772 5141 ὁ
1802 5088 1908 5144 Κύ-

327 5199 439 5256 ριος
473 5182 714 5251 ἐποίησε·
762 5201 780 5232 ι
815 5181 876 5234 τὸ
910 5181 966 5234 δὲ
1015 5182 1255 5235 συνοῖσον
1297 5179 1467 5234 ἅπασι
1517 5179 1906 5254 προμηθούμε-

324 5291 434 5338 νος,
469 5275 568 5328 ὅσα
597 5273 840 5328 λωϐᾶται
894 5273 956 5325 οὐ
1003 5272 1207 5327 δίδωσι.
1242 5271 1334 5342 Μὴ
1366 5272 1541 5325 τοίνυν
1564 5270 1905 5342 διαφθείρετε

324 5364 421 5418 τοῦ
482 5365 617 5418 Θεοῦ
662 5364 761 5435 τὴν
809 5363 1012 5428 εἰκόνα,
1069 5363 1204 5435 μηδὲ
1252 5361 1513 5435 πειρᾶσθε
1556 5361 1905 5434 προστιθέναι

328 5454 471 5525 ἆπερ
503 5456 530 5507 ό
571 5453 734 5524 σοφὸς
769 5453 868 5506 οὐκ
924 5453 1113 5515 ἔδωκε,
1148 5452 1281 5523 μηδὲ
1320 5453 1381 5504 τὸ
1412 5451 1564 5507 νόθον
1601 5450 1760 5506 τοῦτο
1792 5454 1910 5505 ἐπι-

327 5549 498 5600 νοεῖτε
541 5547 755 5609 κάλλος,
805 5545 833 5600 ὃ
863 5547 956 5600 καὶ
998 5547 1118 5610 ταῖς
1150 5545 1556 5617 σωφρονούσαις
1581 5544 1907 5616 λυμαίνεται

325 5640 439 5702 τοῖς
469 5638 668 5710 ὁρῶσιν
697 5636 1070 5694 ἐπιϐουλεῦον.
1107 5655 1126 5692 ι
1162 5638 1400 5692 Ἤκουσε
1428 5636 1691 5707 τούτωνὴ
1729 5637 1906 5692 πάντα

401 5827 424 5854 ε
449 5817 592 5874 Psal.
626 5833 782 5883 cxiii,
806 5819 861 5874 5.

2009 4638 2372 4695 adulterinam
2443 4635 2659 4708 1190
2723 4633 3045 4704 excogitetis
3096 4631 3594 4702 pulchritudinem,

2009 4744 2130 4798 quae
2161 4734 2216 4783 et
2251 4727 2478 4798 pudicas
2533 4725 2810 4790 labefacit,
2843 4723 3160 4787 videntibus
3191 4722 3426 4780 tendens
3454 4723 3596 4780 insi-

2012 4821 2153 4874 dias.
2195 4837 2214 4871 ι
2268 4817 2460 4872 Audiit
2487 4816 2606 4872 haec
2634 4816 2842 4875 femina
2881 4815 3048 4887 longe
3075 4814 3302 4885 optima,
3336 4813 3599 4884 Petrique

2011 4911 2112 4967 reti
2143 4923 2270 4963 mox
2307 4915 2466 4978 capta
2496 4913 2606 4964 est.
2642 4905 2778 4966 Nam
2815 4913 2873 4964 et
2896 4906 2988 4962 hic
3022 4920 3244 4975 quoque
3305 4905 3593 4975 COgnomi-

2014 5001 2102 5060 nis
2134 5001 2218 5056 sui
2251 4999 2500 5068 exemplo
2533 4999 2870 5069 piscabatur,
2893 4995 3235 5068 pedibusque
3274 4996 3396 5065 ejus
3424 4995 3593 5049 advo-

2011 5093 2123 5148 luta
2155 5098 2208 5145 et
2230 5091 2535 5153 ubtcstans,
2569 5089 2863 5148 sanitatem
2893 5089 3058 5144 oculo
3086 5087 3303 5144 restitui
3337 5087 3590 5156 rogabat.

2012 5183 2078 5238 At
2101 5183 2191 5242 ille
2223 5181 2500 5238 hominem
2538 5197 2598 5237 se
2625 5181 2842 5238 dicebat
2870 5196 3016 5245 esse,
3047 5187 3212 5250 atque
3233 5178 3426 5235 eadem
3462 5193 3592 5236 cum

1958 5319 1980 5332 .
2009 5273 2125 5346 ipsa
2165 5273 2450 5347 praeditum
2486 5280 2686 5334 natura
2718 5292 2731 5328 :
2759 5287 2923 5343 grave
2945 5279 3206 5343 praeterea
3241 5279 3592 5340 peccatorum

2009 5367 2026 5387 ⁶
2059 5380 2200 5421 onus
2222 5365 2517 5429 sustinere,
2539 5381 2770 5435 eamque
2806 5365 2876 5420 ob
2939 5379 3165 5424 causam
3224 5363 3344 5420 sine
3391 5361 3593 5418 ﬁducia

2014 5456 2155 5526 apud
2179 5455 2346 5514 Deum
2377 5471 2524 5512 csse.
2548 5455 2798 5526 Cumque
2821 5455 3029 5525 lugeret
3059 5464 3232 5514 math
3258 5461 3313 5509 et
3333 5455 3591 5510 obsecra~

2016 5558 2120 5614 ret,
2153 5563 2252 5602 nec
2285 5549 2462 5617 ipsum
2495 5547 2814 5603 relicturam
2858 5561 2918 5602 se
2952 5545 3250 5602 aﬂirmaret
3291 5545 3398 5604 nisi
3437 5544 3593 5599 sani«

2017 5645 2180 5692 tatem
2212 5638 2510 5702 obtineret,
2534 5637 2703 5696 Deum
2729 5637 2923 5694 borum
2959 5647 3268 5696 curatorem
3291 5650 3412 5694 esse
3433 5633 3594 5700 dixit,
