4030 6456
419 429 559 495 1383

1442 420 1932 483 THEODORETI
1959 418 2299 482 EPISCOPI
2328 423 2694 485 CYRENSIS

3546 423 3684 491 1385

399 555 726 611 semperque
757 538 1113 594 credentibus
1144 549 1264 607 quae
1324 534 1606 604 postulant
1655 534 1977 589 concedere.

2107 531 2285 603 ἰρίστη
2348 533 2508 603 γυνή,
2567 533 2660 586 καὶ
2688 531 3003 602 παραυτίκα
3043 531 3176 584 εἵσω
3205 531 3300 602 τῆς
3338 530 3430 585 τοῦ
3472 531 3678 602 Πέτρου

404 651 424 684 ι
468 633 706 689 Proinde
745 633 897 687 dabit
929 646 1076 686 nunc
1106 631 1293 693 etiam,
1329 629 1530 698 inquit,
1556 644 1664 682 non
1703 628 1834 680 mihi
1858 642 1990 698 gra-

403 730 536 782 tiam
580 728 849 792 tribuens,
877 723 973 780 sed
998 723 1155 778 [idem
1212 731 1358 775 tuam
1390 719 1774 775 considerans.
1809 717 1993 784 Quare

403 819 449 874 si
488 820 628 871 hanc
679 819 943 886 integram
999 814 1168 868 habes
1199 819 1251 867 ct
1287 813 1584 875 sinceram,
1644 819 1699 864 et
1727 811 1796 864 ab
1844 811 1992 864 omni

403 909 743 964 dubitatione
775 908 1024 968 liberam,
1056 903 1373 958 valedicens
1402 914 1457 956 et
1483 901 1714 956 medicis
1748 908 1804 954 et
1834 900 1994 969 phar-

403 1001 600 1066 macis,
629 999 896 1054 divinitus
938 997 1129 1051 datum
1187 995 1376 1064 accipe
1435 994 1541 1047 hoc
1602 992 1928 1047 remedium.
1971 1010 1988 1043 ι

405 1093 501 1147 His
520 1092 704 1155 dictis,
729 1091 890 1144 oculo
910 1103 1129 1143 manum
1157 1085 1442 1156 imposuit,
1474 1093 1528 1138 et
1554 1083 1815 1138 salutaris
1838 1083 1994 1154 signo

404 1184 588 1239 crucis
616 1196 882 1253 expresso
918 1181 1171 1236 morbum
1196 1180 1429 1249 depulit.
1467 1177 1594 1232 Inde
1627 1178 1851 1231 domum
1906 1191 1995 1232 re-

401 1289 581 1340 versa,
641 1275 790 1328 eluto
827 1273 1152 1343 pharmaco,
1201 1270 1554 1339 ascititioque
1611 1268 1760 1321 omni
1797 1277 1995 1321 ornatu

409 1363 649 1430 abjecto,
685 1362 852 1415 vitam
884 1376 952 1414 ex
984 1360 1329 1430 prazscriptis
1359 1373 1390 1411 a
1419 1357 1637 1412 medico
1664 1358 1879 1428 legibus
1904 1358 1993 1412 in-

404 1454 609 1515 stituit,
644 1467 745 1506 nec
768 1453 974 1506 variam
1022 1450 1260 1505 induens
1321 1457 1554 1512 vestem,
1614 1464 1713 1502 nec
1755 1463 1891 1502 auro
1940 1465 1998 1504 se

404 1555 836 1603 convenustans.
899 1549 1076 1615 Atque
1129 1545 1243 1600 hazc
1277 1559 1403 1598 cum
1447 1543 1671 1612 juvenis
1703 1543 1995 1597 admodum

405 1651 576 1704 esset,
622 1655 829 1694 annum
881 1639 1091 1692 scilicet
1132 1636 1313 1692 aetatis
1353 1650 1520 1704 agens
1537 1635 1856 1690 vicesimum
1887 1643 1998 1690 ter-

408 1735 568 1796 tium,
600 1733 833 1786 necdum
865 1731 1030 1785 etiam
1060 1737 1235 1783 mater
1269 1727 1436 1790 facta,
1469 1733 1592 1798 post
1621 1735 1827 1796 septem
1851 1728 1997 1782 enim

410 1826 548 1879 alios
577 1839 752 1878 annos
785 1838 871 1878 me
905 1821 1124 1876 tandem
1157 1821 1322 1875 enixa
1365 1827 1468 1886 est,
1526 1818 1620 1888 qui
1670 1819 1879 1888 primus
1923 1819 1997 1872 illi

409 1921 574 1984 atque
602 1913 828 1966 ultimus
879 1921 1071 1979 partus
1097 1909 1218 1962 fuit.
1253 1907 1489 1961 Tantum
1533 1907 1610 1960 illi
1637 1907 1818 1976 magni
1851 1906 1994 1961 Petri

409 2004 700 2075 disciplina
750 2001 979 2074 profuit,
1015 2009 1077 2056 ut
1108 2000 1379 2070 duplicem
1410 1999 1605 2068 adepta
1659 1998 1731 2052 sit
1758 2000 2004 2052 curatio-

411 2112 555 2151 nem.
605 2095 834 2165 Corpori
881 2095 1024 2149 enim
1080 2091 1402 2149 medicinam
1444 2106 1716 2160 quaerens,
1781 2091 1990 2160 1191

411 2190 608 2244 animae
662 2187 825 2244 simul
861 2185 1302 2240 incolumitatem
1359 2191 1653 2237 consecuta
1708 2191 1814 2236 est.
1845 2182 1996 2236 Talia

413 2283 503 2337 ille
542 2283 773 2352 loquens
794 2279 1172 2352 operabatur:
1225 2276 1386 2331 talem
1444 2289 1611 2330 orans
1667 2283 1994 2346 potestatem

412 2373 667 2429 habebaL

412 2467 553 2520 κατὰ
582 2465 708 2528 τοὺς
748 2463 853 2518 ὑπὸ
916 2463 1008 2516 τοῦ
1060 2461 1245 2533 ἰατροῦ
1295 2460 1548 2524 τεθέντας
1601 2461 1799 2531 νόμους
1849 2461 2214 2528 ἐπολιτεύετο,
2286 2462 2409 2517 οὔτε

2097 626 2342 693 σαγήνης
2366 625 2604 692 ἐγένετο.
2662 624 2752 694 Τῷ
2783 625 2891 694 γάρ
2942 623 3221 695 ὁμωνύμῳ
3275 624 3685 694 παραπλησίως

2095 717 2191 768 καὶ
2238 711 2392 777 οὗτος
2427 715 2632 787 ήλίευε,
2695 715 2791 766 καὶ
2855 715 2962 766 τῶν
3011 715 3186 766 ποδῶν
3245 715 3550 784 ἁπτομένη,
3585 715 3686 765 καί¹

2097 807 2444 876 ποτνιωμένη
2512 805 2590 875 τῷ
2644 805 2906 876 ὀφθαλμῷ
2958 805 3177 876 δοθῆναι
3223 807 3321 876 τὴν
3384 807 3686 872 θεραπείαν

2097 899 2365 952 ἰκέτευεν.
2430 899 2494 950 't)
2532 898 2590 950 δέ
2623 897 2908 967 ἄνθρωπος
2950 897 3048 967 μὲν
3081 898 3266 964 ἔλεγεν
3297 893 3434 950 εἰναι
3460 897 3554 948 καὶ
3583 899 3688 966 τὴν

2095 990 2265 1059 αὐτὴν
2324 989 2468 1060 ἔχειν
2517 988 2680 1057 φύσιν
2721 990 2884 1059 αὐτῇ,
2941 989 3104 1043 πολὺν
3160 989 3218 1041 δέ
3271 989 3688 1059 ἁμαρτημάτων

2096 1082 2327 1151 φορυτδν
2370 1081 2753 1152 ἐπιφέρεσθαι,
2809 1082 2903 1135 καὶ
2958 1081 3145 1136 τούτου
3192 1082 3376 1134 εἵνεκα
3417 1081 3515 1150 τῆς
3549 1081 3688 1151 πρὸς

2096 1174 2189 1226 τὸν
2232 1172 2364 1226 Θεὸν
2409 1173 2721 1242 παρρησίας
2759 1173 3203 1245 ἀποστερεῖσθαι.
3249 1173 3337 1236 Ὠς
3377 1173 3432 1226 δὲ
3471 1173 3688 1225 ἔκλαιεν

2097 1266 2131 1334 ή
2172 1265 2374 1335 μήτηρ,
2413 1265 2507 1317 καὶ
2525 1265 2817 1334 ἠντιϐόλει,
2859 1267 2950 1318 καί
2976 1266 3179 1334 ἔφασκε
3217 1265 3290 1336 μὴ
3310 1266 3684 1335 καταλείψειν,

2097 1358 2146 1410 εἰ
2179 1357 2255 1428 μή
2285 1358 2438 1427 τύχοι
2471 1357 2569 1428 τῆς
2598 1359 2861 1427 ἰατρείας,
2897 1358 2986 1412 τὸν
3026 1358 3159 1412 Θεὸν
3186 1359 3286 1428 ἐφη
3314 1358 3519 1412 τούτων
3543 1354 3686 1411 εἶναι

2098 1450 2464 1522 θεραπευτὴν,
2526 1454 2781 1522 χορηγεῖν
2826 1451 2882 1504 δὲ
2938 1451 3026 1503 ἀεὶ
3071 1453 3185 1514 τοῖς
3221 1451 3536 1504 πιστεύουσι
3586 1451 3688 1515 τὰς

2097 1544 2362 1614 αἰτήσεις.
2401 1559 2420 1592 t
2466 1541 2637 1594 Δώσει
2682 1541 2884 1603 τοίνυν,
2934 1537 3077 1605 εἷπε,
3121 1543 3214 1594 καί
3263 1541 3379 1604 νῦν,
3423 1542 3523 1596 οὐκ
3561 1540 3688 1612 ἐμοὶ

2098 1633 2200 1704 τὴν
2239 1632 2400 1702 χάριν
2434 1632 2796 1703 δωρούμενος.
2828 1634 2962 1687 ἀλλὰ
2991 1634 3088 1706 τήν
3134 1635 3231 1706 σὴν
3257 1635 3438 1688 πίστιν
3471 1634 3687 1705 θεώμει

2099 1742 2208 1788 νος.
2238 1725 2300 1776 Εἰ
2337 1725 2517 1777 τοίνυν
2552 1725 2756 1794 ταύτην
2781 1724 2926 1796 ἔχεις
2955 1725 3234 1796 ἀκραιφνῆ
3263 1728 3358 1780 καὶ
3393 1727 3685 1800 εἰλικρινῆ,

2101 1820 2196 1872 καὶ
2230 1817 2411 1887 πάσης
2441 1818 2772 1888 ἀμφιϐολίας
2809 1818 3256 1888 ἀπηλλαγμένην,
3293 1818 3564 1890 ἐρρῶσθαι
3594 1819 3692 1871 καὶ

2102 1913 2308 1982 ἰατροῖς
2359 1911 2614 1981 φράσασα
2665 1913 2761 1965 καὶ
2816 1911 3148 1982 φαρμάκοις,
3203 1912 3360 1965 τοῦτο
3430 1911 3575 1976 δέξαι
3627 1913 3690 1964 τδ

2103 2003 2380 2057 θεόσδοτον
2431 2003 2744 2072 φάρμακον.
2778 2022 2795 2054 ›
2850 2003 3014 2056 Ταῦτ’
3065 2003 3253 2067 εἰπὼν,
3297 2002 3533 2073 ἐπέθηκε
3587 2003 3690 2072 τὴν

2103 2097 2262 2166 χεῖρα
2296 2094 2374 2165 τῷ
2413 2095 2698 2166 ὀφθαλμῷ,
2734 2097 2828 2149 καὶ
2880 2095 2973 2148 τοῦ
3025 2096 3293 2167 σωτηρίου
3346 2096 3578 2166 σταυροῦ
3628 2097 3691 2149 τὸ

2105 2189 2332 2256 σημεῖον
2357 2187 2649 2253 τυπώσας,
2673 2187 2769 2258 τὴν
2807 2187 2961 2240 νόσον
2992 2186 3289 2258 ἀπήλασεν.
3336 2185 3579 2242 Ἐκεῖθεν
3609 2189 3692 2249 εἰς

2103 2278 2202 2348 τὴν
2231 2278 2406 2332 οἰκίαν
2450 2279 2841 2343 ἐπανελθοῦσα,
2879 2279 2972 2332 καὶ
3004 2280 3064 2331 τδ
3099 2281 3390 2351 φάρμακον
3431 2279 3694 2348 ἀπονιψα-

2109 2371 2265 2440 μένη,
2285 2371 2485 2424 καὶτὸν
2507 2371 2828 2424 ἐπείσακτον
2850 2372 3063 2425 ἅπαντα
3087 2371 3440 2442 ἀπορρίψασα
3463 2372 3689 2451 κόσμονν

2487 2463 2739 2534 ποικίλην
2782 2462 2985 2534 ἐσθῆτα
3038 2462 3494 2534 περιϐαλλομένη,
3564 2460 3694 2515 οὔτε

420 2556 667 2627 χρυσίοις
706 2556 1088 2626 ὼραῖζομένη·
1123 2555 1216 2607 καὶ
1254 2553 1423 2606 ταῦτα
1454 2553 1577 2606 νέαν
1611 2552 1820 2619 ἄγουσα
1872 2553 1973 2624 τήν
2011 2554 2229 2624 ἡλικίαν
2281 2558 2498 2628 κομιδῇ·
2545 2557 2728 2627 τρίτον
2776 2556 2884 2626 γὰρ
2933 2556 3027 2608 καί
3075 2556 3318 2609 εἰκοστὸν
3365 2559 3428 2608 ἐκ
3463 2553 3694 2622 γενετῆς

411 2646 547 2719 ἦγεν
587 2650 723 2713 ἔτος,
757 2650 938 2720 μήτηρ
974 2648 1189 2701 οὐδέπω
1216 2645 1507 2715 γενομένη·
1552 2644 1694 2698 ἑπτὰ
1723 2647 1832 2716 γάρ
1859 2647 1995 2700 ἄλλα
2033 2648 2376 2702 ἐπιϐιώσασα
2409 2649 2526 2720 ἐτη,
2567 2649 2709 2702 οὕτω
2746 2649 2844 2711 τὰς
2883 2647 3022 2718 ἐμὰς
3088 2647 3281 2711 ὠδῖνας
3325 2645 3562 2711 ἐδέξατο,
3623 2643 3695 2708 ἃς

414 2743 511 2796 καὶ
552 2740 774 2811 πρώτας
817 2743 911 2794 καὶ
961 2742 1127 2810 μόνας
1175 2739 1414 2806 ἐδέξατο.
1455 2738 1723 2792 Τοσοῦτον
1759 2741 1861 2809 τῆς
1905 2742 1999 2795 τοῦ
2043 2743 2282 2814 μεγάλου
2355 2745 2566 2817 Πέτρου
2616 2745 2967 2806 διδασκαλίας
3029 2742 3302 2796 ἀπώνατο·
3359 2743 3448 2795 καὶ
3496 2741 3694 2811 διπλῆν

414 2829 632 2898 ἐδέξατο
661 2832 974 2902 θεραπείαν,
1012 2831 1108 2885 καὶ
1132 2831 1210 2901 τῷ
1253 2830 1466 2900 σώματι
1496 2830 1596 2901 τὴν
1621 2831 1866 2902 ἰατρείαν
1897 2834 2266 2904 μαστεύουσα,
2325 2839 2419 2890 καὶ
2471 2837 2567 2908 τὴν
2607 2827 2704 2906 τῆς
2726 2835 2905 2906 ψυχῆς
2969 2837 3380 2907 προσεκτήσατο
3451 2835 3690 2899 εὐεξίαν.

415 2923 654 2977 Τοιαῦτα
677 2925 770 2976 καὶ
795 2923 970 2991 λέγων
1005 2926 1210 2987 ἐκεῖνος
1238 2926 1480 2995 ἐνήργει,
1511 2929 1604 2980 καὶ
1629 2928 2064 2999 προσευχόμενος
2107 2933 2314 3004 ῖσχυεν.

486 3018 606 3071 ΑΙἰο
631 3033 759 3071 vero
795 3025 1036 3086 tempore
1063 3016 1327 3072 famulum
1351 3035 1588 3089 coquum
1635 3036 1664 3074 a
1696 3023 1839 3075 malo
1865 3038 2006 3092 quo-

415 3109 542 3164 dam
573 3109 828 3164 daamone
881 3119 1163 3177 vexatum,
1210 3127 1333 3167 cum
1363 3111 1428 3165 ad
1465 3129 1587 3167 eum
1632 3113 2002 3183 perduxisset,

417 3202 643 3272 ejusque
673 3217 830 3272 opem
853 3203 1222 3271 implorasset,
1259 3206 1506 3260 oratione
1541 3204 1703 3269 facta,
1731 3208 1814 3260 vir
1864 3207 2006 3259 divi-

419 3311 523 3350 nus
554 3295 842 3365 imperavit
871 3295 1105 3349 daemoni
1161 3303 1221 3349 ut
1261 3295 1400 3351 datae
1449 3298 1554 3352 sibi
1607 3298 1876 3353 adversus
1911 3297 2002 3351 Dei

419 3395 731 3440 creaturam
779 3389 1073 3454 potestatis
1108 3402 1328 3441 causam
1383 3389 1667 3444 eﬂaretur.
1708 3389 1845 3443 Tum
1893 3391 2003 3452 ille,

422 3489 680 3546 tanquam
726 3475 1001 3530 homicida
1035 3476 1305 3546 quispiam
1373 3479 1455 3532 vel
1524 3483 1662 3534 muri
1726 3479 2008 3550 perfossor

423 3569 830 3638 coramjndicis
863 3579 1020 3624 stans
1053 3569 1344 3635 tribunali,
1379 3579 1432 3625 et
1457 3586 1483 3624 a
1505 3587 1563 3626 se
1582 3581 1793 3642 patrata
1819 3571 2003 3641 eloqui

418 3662 632 3732 jussus,
669 3661 860 3716 ordine
890 3665 1094 3726 omnia,
1132 3677 1317 3716 verum
1356 3672 1555 3732 praeter
1591 3680 1796 3718 morem
1823 3665 2009 3719 dicere

425 3762 571 3808 metu
605 3760 848 3817 coactus,
890 3753 1193 3807 enarravit.
1256 3752 1523 3824 HeliOpoli
1578 3755 1756 3810 aiebat
1814 3755 2008 3810 {annuli

427 3844 590 3913 hujus
619 3844 897 3898 dominmn
937 3852 1256 3914 aegrotasse,
1305 3853 1360 3902 et
1385 3846 1660 3901 dominam
1695 3847 1918 3918 eonjugi
1951 3854 2011 3902 ut

424 3945 628 4006 aegroto
658 3935 958 4000 assedisse,
1019 3938 1248 3992 ancillas
1301 3952 1466 4008 porro
1500 3937 1698 3993 domus
1754 3939 1922 4002 illius,
1955 3938 2010 3992 in

425 4044 533 4100 qua
560 4029 873 4091 manebant,
915 4030 1333 4095 monachorum,
1360 4030 1453 4100 qui
1478 4029 1783 4085 Antiochiae
1835 4029 2012 4099 philo-

427 4120 824 4189 sophabamur,
860 4122 1025 4176 vitam
1061 4137 1552 4188 commemorasse,
1605 4130 1661 4178 et
1711 4131 1916 4194 quanta
1933 4123 2011 4190 min

425 4211 702 4265 daeinones
727 4211 942 4282 praediti
995 4220 1186 4268 essent
1216 4220 1508 4283 potestate.
1540 4213 1651 4268 llas
1681 4213 1903 4279 deinde,
1957 4221 2017 4268 ut

429 4303 640 4373 puellas
673 4304 802 4357 ludo
832 4303 1157 4373 gaudentes,
1189 4303 1560 4361 daemoniacas
1583 4311 1640 4360 et
1670 4305 1910 4360 l'uriosas
1938 4304 2015 4359 si-

427 4396 690 4459 mulasse,
710 4395 977 4450 famulum
1010 4404 1192 4452 autem
1218 4398 1370 4453 illum
1398 4398 1599 4468 ipsum,
1625 4396 1847 4467 pellicea
1867 4402 2017 4451 veste

427 4487 712 4549 amictum,
764 4487 1166 4543 monachorum
1221 4489 1333 4543 ritu
1391 4505 1488 4545 eos
1535 4488 1845 4557 adjurasse.
1883 4485 2017 4552 Quae

429 4580 562 4634 dum
607 4579 827 4645 ﬁerent,
868 4598 886 4631 ι
927 4596 1048 4652 ego,
1106 4581 1305 4651 inquit,
1363 4589 1487 4634 ante
1527 4578 1674 4634 fores
1731 4586 1908 4642 stans,
1960 4587 2016 4633 et

429 4671 665 4741 gloriosa
695 4674 714 4691 '
741 4670 834 4724 illa
874 4672 940 4727 de
962 4671 1252 4726 monachis
1279 4671 1443 4726 verba
1477 4677 1585 4725 non
1608 4669 1810 4729 ferens.
1843 4687 2003 4741 expe-

430 4763 528 4817 riri
549 4765 726 4833 reipsa
751 4763 925 4831 volui,
952 4778 1120 4832 quam
1153 4763 1282 4818 illos
1305 4763 1506 4819 habere
1532 4762 1817 4831 jactabant
1849 4771 2008 4833 pote-

431 4861 652 4908 statem.
687 4853 873 4922 Itaque
906 4854 1108 4909 missas
1127 4851 1336 4909 faciens
1367 4854 1617 4915 ancillas,
1645 4854 1699 4908 in
1732 4854 1876 4908 hunc
1929 4869 2013 4908 me

430 4946 657 5005 intrusi,
702 4947 845 5000 scire
887 4945 1116 5014 cupiens
1164 4959 1275 5015 quo
1326 4955 1487 5016 pacto
1523 4960 1552 4999 a
1585 4946 1871 5000 monachis
1918 4961 2014 5000 ex—

432 5037 678 5107 pellerer.
705 5037 866 5091 Nunc
895 5052 1026 5091 vero
1052 5035 1340 5107 perdidici,
1369 5052 1470 5092 nec
1505 5037 1610 5090 alia
1638 5052 1778 5106 opus
1837 5037 2014 5092 habeo

431 5129 766 5194 experientia
803 5141 1010 5196 :quare
1035 5128 1197 5197 jussu
1249 5139 1344 5182 tuo
1393 5143 1519 5183 mox
1565 5143 1721 5183 exeo.
1755 5147 1774 5180 ι
1837 5130 2015 5197 Atque

433 5217 549 5270 h.t-c
575 5220 762 5274 dicens
795 5219 950 5289 fugit,
971 5230 1024 5273 et
1051 5221 1288 5276 famulus
1321 5221 1630 5275 libertatem
1660 5219 1892 5290 adeptus
1910 5231 2013 5274 est.

432 5309 676 5364 Alterum
709 5327 926 5381 quoque
948 5313 1212 5367 rusticum
1235 5315 1424 5367 matris
1454 5312 1575 5382 ejus
1605 5315 1800 5377 mater,
1828 5314 2016 5366 nutrix

436 5415 564 5454 vero
598 5417 740 5464 mea,
775 5403 1178 5458 ammoniacum
1207 5405 1275 5457 ad
1303 5405 1566 5458 vitiorum
1606 5403 1814 5457 hostem
1846 5401 2018 5455 addu-

437 5505 590 5555 cens,
622 5493 800 5545 oravit
833 5499 892 5546 ut
919 5495 968 5548 ei
1003 5509 1161 5564 opem
1215 5496 1403 5549 ferret.
1463 5495 1636 5557 Quem
1684 5495 1777 5548 ille
1826 5507 2018 5548 rursus

439 5581 814 5648 interrogavit,
838 5584 998 5652 cujus
1032 5595 1200 5652 esset,
1240 5594 1294 5639 et
1325 5601 1353 5639 a
1397 5600 1639 5655 quonam
1687 5592 2016 5654 potestatem

443 5672 658 5743 1192
711 5672 765 5724 in
831 5673 924 5729 Dei
983 5685 1293 5731 creaturam
1353 5677 1709 5746 accepisset?
1772 5676 2019 5747 Cumque

439 5771 642 5819 tacitus
683 5760 773 5814 ille
803 5766 1152 5832 subsisteret,
1206 5767 1455 5837 nihilque
1491 5767 1872 5839 responderet,
1925 5783 2018 5838 gev

441 5853 603 5909 uibus
629 5851 782 5909 ﬂexis
810 5856 979 5913 Deum
1032 5859 1234 5921 orarit,
1281 5859 1582 5918 obsecrans
1651 5869 1708 5914 ut
1747 5861 2019 5916 scelerato

2189 3029 2411 3082 Ἀλλοτε
2467 3028 2522 3080 δὲ
2561 3026 2778 3095 οἰκέτην
2825 3025 3080 3094 ὀψοποιὸν
3125 3022 3228 3076 ὑπό
3277 3037 3420 3087 τινος
3453 3020 3694 3092 πονηροῦ

2110 3119 2362 3189 δαίμονος
2398 3117 2784 3190 ἐνοχλούμενον
2812 3114 3197 3184 άπαγαγοῦσα,
3233 3115 3332 3184 τῆς
3360 3116 3488 3180 παρ’
3525 3114 3696 3166 αὑτοῦ

2111 3213 2293 3283 τυχεῖν
2327 3210 2646 3280 ἐπικουρίας
2683 3208 2915 3262 ἱκέτευε.
2949 3206 3392 3278 Προσευξάμενος
3423 3205 3478 3259 δέ
3498 3208 3526 3259 ό
3551 3206 3700 3266 θεῖος

2110 3304 2270 3374 ἀνὴρ,
2303 3299 2555 3356 ἐκέλευσε
2589 3300 2664 3370 τῷ
2695 3297 2908 3370 δαίμονι
2937 3299 3036 3370 τῆς
3069 3298 3210 3353 κατὰ
3234 3298 3325 3352 τοῦ
3359 3297 3503 3350 θείου
3538 3301 3703 3370 ποιῆ-

2115 3410 2280 3464 ματος
2315 3392 2561 3459 ἐξουσίας
2614 3392 2714 3461 τὴν
2761 3389 2942 3443 αἰτίαν
2991 3390 3180 3442 εἰπεῖν.
3233 3391 3290 3440 Ὀ
3319 3387 3399 3453 δὲ,
3443 3387 3700 3451 καθάπερ

2109 3503 2196 3547 τις
2233 3482 2559 3555 ἀνδροφόνος
2587 3481 2619 3553 ἢ
2666 3483 3002 3552 τοιχωρύχος
3031 3482 3138 3552 πρὸ
3164 3479 3480 3534 δικαστικοῦ
3513 3478 3700 3551 βήμα-

2110 3592 2202 3638 τος
2237 3573 2431 3638 ἐστὼς,
2471 3573 2567 3626 καὶ
2626 3572 2809 3642 λέγειν
2842 3569 2878 3625 ἃ.
2923 3571 3150 3642 δέδρακε
3203 3569 3693 3642 προσταττόμενος,

2111 3668 2285 3731 οὕτως
2340 3665 2556 3719 ἅπαντα
2589 3664 2809 3736 διεξῄει,
2845 3663 2998 3735 παρὰ
3029 3663 3089 3716 τὸ
3157 3663 3348 3726 εἰωθὸς
3399 3663 3505 3715 ὑπὸ
3543 3663 3694 3721 δέους

2114 3759 2394 3830 ἀληθεύειν
2433 3757 2893 3828 ἀναγκαζόμενος,
2927 3755 3021 3808 καὶ
3049 3754 3284 3825 ἔφασκεν
3313 3757 3368 3808 ἐν
3417 3743 3694 3809 Ἦλιουπόέ

2111 3853 2193 3905 λει
2221 3838 2310 3905 τὸν
2349 3851 2446 3921 μὲν
2475 3850 2567 3903 τοῦ
2601 3850 2816 3903 οἰκέτου
2855 3847 3214 3923 άρῤωστῆσαι
3256 3847 3543 3918 δεσπότην,
3597 3848 3695 3915 τὴν

2113 3943 2168 3997 δέ
2205 3961 2268 4013 γε
2316 3942 2602 3996 δέσποιναν
2657 3941 2735 4010 τῷ
2773 3941 3002 4012 όμόζυγι
3048 3939 3143 3993 ἆτε
3199 3939 3263 4013 δὴ
3325 3938 3700 4012 ἀρρωστοῦντι

2116 4034 2562 4106 παρακαθῆσθαι·
2604 4033 2701 4097 τὰς
2753 4032 2810 4085 δὲ
2853 4031 3146 4095 παιδίσκας
3182 4033 3282 4102 τῆς
3335 4032 3534 4094 οἰκίας,
3567 4032 3626 4083 ἐν
3667 4023 3702 4104 ᾗ

2115 4127 2433 4198 κατέμενον,
2467 4126 2575 4180 τῶν
2611 4127 2668 4179 ἐν
2718 4125 3020 4197 Ἀντιοχείᾳ
3061 4124 3493 4194 φιλοσοφούντων
3534 4141 3702 4194 μονα-

2115 4219 2226 4289 χῶν
2273 4218 2578 4288 διηγεῖσθαι
2606 4218 2697 4271 τὸν
2729 4215 2864 4288 βίον,
2919 4218 3013 4270 καὶ
3061 4217 3192 4286 ὅσην
3238 4215 3378 4269 κατὰ
3428 4215 3703 4285 δαιμόνων

2116 4308 2300 4379 ἔχουσι
2332 4308 2429 4379 τὴν
2455 4307 2630 4378 ἰσχύν.
2667 4303 2802 4360 Εἶτα
2831 4306 3055 4372 ταύτας,
3089 4300 3178 4360 οἷα
3202 4305 3264 4376 δὴ
3310 4304 3478 4374 κόρας
3511 4305 3703 4375 παιδιᾷ

2115 4398 2435 4470 χαιρούσας,
2461 4396 2848 4470 ὑποκρίνεσθαι
2873 4397 2972 4459 τὰς
3001 4393 3363 4465 δαιμονιώσας
3385 4393 3478 4447 καὶ
3520 4410 3700 4463 μεμη-

2116 4490 2291 4556 νυίας,
2319 4489 2482 4544 αὑτὸν
2524 4489 2582 4542 δέ
2626 4491 2835 4541 ἐκεῖνον
2878 4488 2969 4540 τὸν
3012 4488 3230 4554 οἰκέτην
3275 4484 3503 4554 σισύραν
3537 4501 3699 4555 περι-

2046 4611 2087 4665 D
2119 4581 2468 4652 ϐαλλόμενον,
2531 4579 2840 4654 μοναχικῶς
2881 4578 3182 4665 ἐξορκίζειν
3210 4576 3460 4665 ἐκείνας.
3563 4575 3706 4665 Τού-

2119 4689 2248 4736 των,
2281 4671 2464 4741 φησίν,
2511 4668 2963 4738 ἐπιτελουμένων,
3005 4663 3267 4737 παρὰτην
3305 4663 3472 4733 θύραν
3505 4659 3702 4724 ἑστὼς,

2116 4764 2211 4818 καὶ
2240 4764 2360 4825 τοὺς
2398 4761 2754 4824 άλαζονικοὺς
2784 4759 2916 4830 περὶ
2955 4757 3064 4811 τῶν
3098 4755 3346 4827 μοναχῶν
3377 4754 3568 4821 λόγους
3601 4753 3706 4806 οὐκ

2114 4855 2374 4922 ἐνεγκὼν,
2405 4857 2470 4923 τῇ
2511 4853 2674 4923 πείρᾳ
2714 4850 2904 4921 μαθεῖν
2930 4845 3259 4918 ἠϐουλήθην,
3286 4849 3351 4918 ἣν
3393 4846 3534 4914 ἔχειν
3559 4841 3707 4897 ἐκεῖ-

2114 4963 2239 5008 νους
2271 4942 2673 4997 ἐνεανιεύσαντο
2712 4941 2963 5011 δύναμιν.
2990 4939 3191 4992 Τούτου
3218 4937 3401 4991 εἵνεκα
3445 4935 3543 4998 τὰς
3570 4951 3706 4988 παι-

2116 5039 2310 5101 δίσκας
2357 5036 2695 5095 καταλιπὼν,
2746 5038 2824 5097 εἰς
2869 5033 3056 5086 τοῦτον
3099 5033 3332 5102 ἐμαυτὸν
3375 5030 3703 5101 εἰσέφρησα,

2121 5129 2312 5201 μαθεῖν
2341 5129 2624 5199 ἐθελήσας,
2661 5128 2808 5190 ὅπως
2849 5126 2955 5178 ὑπὸ
2996 5125 3104 5178 τῶν
3143 5123 3392 5194 μο“ιαχῶν
3421 5120 3706 5186 ἐξελαύνο-

2123 5237 2240 5290 μαι.
2282 5218 2391 5272 Καὶ
2415 5218 2532 5284 νῦν,
2563 5216 2689 5286 ἔφη,
2720 5215 3037 5286 μεμάθηκα,
3073 5217 3168 5266 καὶ
3201 5214 3398 5285 πείρας
3425 5212 3618 5282 ἐτέρας
3641 5213 3704 5266 οῦ

2117 5309 2326 5378 δέομαι·
2348 5310 2664 5379 παραυτίκα
2695 5308 2750 5360 δὲ
2785 5307 2878 5360 σοῦ
2913 5305 3226 5368 κελεύοντος
3256 5305 3451 5376 ἔξειμι.
3475 5323 3491 5356 ι
3517 5302 3704 5355 Ταῦτα

2117 5401 2293 5469 λέγων
2345 5399 2695 5472 ἐδραπέτευε,
2753 5400 2846 5452 καὶ
2885 5399 2986 5467 τῆς
3037 5396 3353 5466 ἐλευθερίας
3413 5397 3441 5446 ὁ
3487 5394 3706 5462 οἰκέτης

2119 5491 2385 5559 ἀπήλαυε.
2413 5493 2520 5543 Καὶ
2553 5491 2742 5562 ἕτερον
2761 5491 2817 5543 δὲ
2851 5489 3108 5559 ἄγροικον
3139 5487 3240 5558 τῆς
3294 5485 3500 5558 μητρὸς
3533 5487 3632 5555 μὲν
3668 5485 3705 5555 ή

2124 5583 2330 5652 μήτηρ,
2382 5581 2490 5652 ἐμὴ
2539 5581 2596 5635 δὲ
2650 5581 2825 5650 τιτθὴ,
2885 5578 3222 5649 δαιμονῶντα
3276 5575 3711 5649 προσαγαγοῦσα

2121 5675 2400 5746 ἐπαμῦναι
2440 5673 2740 5745 παρεκάλει
2773 5675 2864 5725 τὸν
2897 5674 2998 5742 τῆς
3044 5672 3242 5735 κακίας
3293 5671 3606 5724 ἀντίπαλον.
3647 5668 3707 5721 'U

2121 5768 2177 5820 δέ
2213 5766 2374 5820 πάλιν
2412 5765 2762 5831 ἐπυνθάνετο,
2812 5767 2975 5820 πόθεν
3009 5784 3069 5819 τε
3111 5768 3218 5838 εἰη,
3255 5767 3347 5820 καὶ
3389 5763 3541 5837 παρὰ
3565 5763 3708 5827 τίνος

2124 5861 2284 5915 ἔλαϐε
2318 5861 2414 5931 τὴν
2460 5861 2601 5916 κατὰ
2634 5860 2730 5914 τοῦ
2767 5861 2912 5915 θείου
2949 5863 3252 5933 ποιήματος
3293 5862 3564 5925 ἐξουσίαν.
3620 5860 3707 5922 Ὠς

3249 5959 3277 6000 Ι
