4030 6406
327 411 477 477 1385

1557 392 1973 464 'RELIGIOSA
2004 396 2393 465 HISTORIA.

3472 398 3613 470 I386

327 528 391 584 δὲ.
420 526 590 598 σιγῶν
640 508 846 590 ἐκεῖνος
875 522 1119 595 εἱστήκει
1164 518 1262 594 τὴν
1297 520 1590 591 ἀπόκρισιν
1627 520 1706 588 μὴ·
1728 516 1918 570 ποιούο

2026 515 2361 571 famulorum
2402 530 2637 572 suorum
2690 516 2844 573 'vircs
2898 514 3232 576 ostenderet.
3286 517 3608 596 Iterumquc

330 636 516 693 μενος,
538 617 607 672 τά
656 616 861 685 γόνατα
906 614 1095 677 κλίνας
1124 609 1489 683 προσηύχετο,
1536 607 1749 660 καὶτὸν
1783 604 1918 658 Θεὸν

332 707 604 781 ὴντιϐὀλει
642 705 811 770 δεῖξαι
850 704 931 775 τῷ
969 700 1235 772 ἀλιτηρίῳ
1263 699 1372 753 τῶν
1403 696 1618 752 οἰκείων
1652 694 1919 765 θεραπόν-⁹

330 818 442 853 των
489 800 589 872 τὴν
629 797 882 868 δύναμιν.
914 794 1041 850 ,Καὶ
1083 791 1247 846 πάλιν
1297 791 1571 852 ἀνίστατο,
1620 788 1717 841 καί⁵
1757 784 1920 840 πάλιν

332 894 541 955 ἐκεῖνος
571 889 888 944 ἀντιτείνων
927 886 1107 955 ἐσίγα,
1137 884 1233 938 καὶ
1269 881 1444 937 ταῦτα
1474 880 1670 953 μέχρις
1691 877 1919 947 ὲννάτης

329 985 564 1051 ἐγίνετο.
612 981 833 1051 Ἐπειδὴ
883 979 941 1032 δὲ
973 974 1314 1049 θερμοτέραν
1355 975 1450 1029 καὶ
1492 970 1920 1041 σπουδαιοτέραν

326 1076 409 1145 τῷ
438 1074 687 1145 Δεσπότῃ
732 1071 1095 1143 προσενήνοχε
1131 1065 1458 1138 προσευχὴν,
1495 1063 1735 1127 ἀναστὰς
1765 1061 1919 1131 ἔλεγε

333 1164 472 1235 πρὸς
505 1164 596 1216 τὸν
625 1162 929 1233 ἀλιτήριον⁸
960 1177 986 1211 ε
1021 1156 1096 1211 Οὔ
1128 1173 1212 1210 σοι
1236 1156 1518 1210 ἐπιτάττει
1543 1153 1776 1224 Πέτρος,
1801 1151 1919 1205 ἀλλ’

326 1260 357 1311 ὁ
398 1256 607 1327 Πέτρου
657 1253 815 1317 Θεός·
851 1251 1144 1321 ἀπόκριναι
1194 1249 1377 1304 τοίνυν
1415 1247 1520 1300 ὑπὸ
1571 1247 1672 1317 τῆς
1706 1246 1918 1301 ἐκείνου

324 1347 617 1417 δυνάμεως
672 1341 1251 1413 καταναγκαζόμενος.
1306 1357 1325 1392 ι
1392 1337 1645 1411 ᾘδέσθη,
1711 1337 1918 1409 καίπερ

327 1439 687 1509 ἀναίσχυντος
715 1434 814 1501 ὢν,
833 1438 861 1489 ὀ
884 1434 1143 1503 ἀλάστωρ
1164 1432 1263 1504 τὴν
1287 1430 1382 1487 τοῦ
1413 1431 1570 1500 ἁγίου
1593 1430 1916 1494 ἐπιείκειαν,

326 1533 426 1586 καὶ
475 1531 627 1601 φωνῇ
663 1529 895 1600 μεγίστῃ
940 1525 1287 1599 χρησάμενος
1340 1523 1493 1588 ὲϐὁα,
1555 1523 1631 1586 ὡς
1673 1521 1752 1592 τῷ
1800 1521 1918 1592 δρει

330 1623 435 1695 μὲν
494 1621 575 1694 τῷ
619 1619 841 1693 Ἅμανῷ
900 1617 1172 1691 σχολάζον
1231 1636 1251 1670 ι
1281 1616 1482 1671 Τοῦτον
1516 1616 1579 1669 δὲ
1631 1614 1779 1689 κατά
1819 1614 1918 1686 τὴν

326 1715 448 1771 ὁδὸν
491 1715 831 1783 θεασάμενος
874 1710 1018 1782 ὕδωρ
1069 1709 1180 1764 ἀπό
1216 1726 1362 1773 τινος
1406 1708 1589 1778 πηγῆς
1614 1707 1917 1779 ἀρυόμενὼ

325 1824 391 1861 τε
424 1806 521 1860 καὶ
545 1804 791 1870 πίνοντα,
835 1802 1080 1874 ἠθέλησα
1107 1801 1423 1872 οἰκητήριον
1449 1800 1649 1853 οἰκεῖον
1686 1799 1918 1870 ποιήσα-

2023 608 2288 672 surrexit,
2322 615 2376 661 et
2406 607 2496 662 ille
2521 616 2717 662 contra
2766 610 3011 666 renitens
3064 613 3262 666 iterum
3310 614 3604 683 obmutuit,

2023 707 2184 769 atque
2206 700 2310 753 hoc
2328 701 2492 756 modo
2514 700 2580 754 ad
2615 701 2804 755 horam
2824 718 3011 772 usque
3041 720 3242 761 nonam
3268 720 3364 763 res
3388 724 3607 778 proces—

2023 790 2115 845 sit.
2151 789 2348 845 Postea
2372 805 2658 855 vero,cum
2682 792 3029 849 ardentiores
3051 793 3282 852 Domino
3321 806 3377 854 et
3429 800 3608 856 inten-

2022 879 2195 935 tiores
2227 895 2420 951 preces
2478 881 2796 948 obtulisset,
2857 899 3112 955 surgens,
3164 891 3610 962 sceleratumque

2021 973 2380 1043 compellans,
2421 993 2440 1024 ι
2474 972 2832 1038 ΝοιιῬειτιιε,
2890 976 2990 1042 ait,
3043 977 3143 1032 tibi
3202 979 3452 1048 imperat,
3511 985 3606 1039 sed

2022 1064 2166 1120 Petri
2195 1064 2364 1131 Deus;
2387 1082 2557 1137 quare
2579 1066 2726 1123 illius
2746 1068 2975 1123 adactus
2998 1070 3240 1139 potentia
3259 1075 3547 1143 responde.
3580 1097 3599 1127 ι

2020 1152 2313 1211 Reveritus
2340 1165 2428 1212 est
2458 1156 2722 1223 nefarius,
2770 1158 3063 1229 impudens
3106 1161 3252 1231 licet,
3289 1167 3466 1221 sancti
3501 1168 3603 1222 viri

2019 1244 2368 1313 modestiam,
2402 1263 2705 1319 magnaque
2737 1264 2872 1305 voce
2900 1251 3250 1308 exclamans:
3286 1272 3304 1306 t
3344 1255 3403 1309 In
3436 1257 3606 1330 Ama-

2021 1354 2115 1405 no,
2152 1339 2349 1407 inquit,
2379 1349 2564 1395 monte
2584 1356 2778 1397 versor
2808 1359 2823 1407 ;
2881 1342 3028 1398 hunc
3062 1351 3244 1399 autem
3291 1360 3490 1415 aquam
3546 1349 3602 1403 in

2020 1431 2107 1484 via
2138 1445 2166 1485 e
2198 1431 2348 1486 fonte
2373 1431 2721 1488 haurientem
2755 1442 2815 1489 et
2851 1434 3285 1492 bibentem'cum
3320 1438 3600 1504 vidissem,

2019 1521 2077 1576 in
2128 1538 2192 1578 eo
2254 1512 2387 1580 mihi
2451 1525 2791 1580 domicilium
2850 1530 3186 1584 constituere
3237 1530 3605 1587 volui.—At

2018 1612 2299 1683 egredere,
2353 1614 2433 1669 ait
2485 1615 2650 1670 homo
2702 1616 2818 1681 Dei,
2876 1617 2972 1671 tibi
3006 1617 3118 1673 hoc
3144 1618 3244 1673 illo
3274 1620 3600 1691 imperante,

2019 1706 2232 1775 quipro
2253 1706 2388 1762 orbe
2429 1713 2699 1762 terrarum
2731 1708 2960 1764 sutiixos
2991 1719 3075 1765 est
3125 1711 3300 1767 cruci.
3338 1731 3357 1764 ι
3417 1713 3603 1769 Audiit

2017 1794 2112 1851 ille
2149 1804 2204 1851 et
2234 1795 2393 1866 fugit,
2418 1798 2734 1869 uutricique
2767 1799 2907 1855 liber
2934 1815 2965 1854 a
3004 1799 3203 1857 furore
3239 1803 3488 1861 redditus
3515 1818 3601 1861 est

329 1895 477 1951 σθαι.
537 1920 606 1935 --
672 1892 813 1947 Ἀλλ’
856 1890 1013 1957 ἔξιθι,
1077 1890 1265 1959 έλεγεν
1324 1892 1353 1943 ὁ
1384 1889 1480 1943 τοῦ
1520 1887 1657 1942 Θεοῦ
1703 1888 1913 1960 ἀνθρω-

2021 1887 2286 1958 agricola.
2321 1888 2472 1945 Alias
2495 1890 2547 1944 id
2582 1906 2756 1961 genus
2780 1892 3102 1950 innumeras
3148 1895 3217 1950 de
3286 1897 3445 1952 beata
3503 1898 3599 1953 illa

331 1998 457 2050 πος,
490 1982 587 2036 τοῦ
616 1980 1029 2053 σταυρωθέντος
1075 1981 1216 2052 ὑπὲρ
1248 1979 1365 2051 τῆς
1389 1978 1716 2050 οἰκουμένης
1757 1978 1916 2032 τοῦτό

334 2093 419 2131 σοι
466 2073 911 2147 παρεγγυῶντος.
960 2092 980 2125 ι
1019 2074 1256 2127 Ἥκουεν
1296 2074 1526 2138 ἐκεῖνος,
1554 2071 1652 2125 καὶ
1685 2070 1912 2140 ἔφευγε,

329 2168 428 2222 καὶ
455 2167 553 2238 τῆς
578 2165 1085 2238 λύττηςὲλεύθερος
1108 2163 1389 2219 ἀπεδίδοτο
1411 2167 1476 2236 τῇ
1507 2162 1660 2234 τιτθῇ
1690 2163 1720 2215 ὀ
1741 2179 1914 2235 γεωρ-

326 2260 446 2331 γός.
503 2260 616 2314 Καὶ
659 2260 826 2330 ἕτερα
862 2259 930 2312 ’δὲ
1000 2258 1169 2330 μυρία
1219 2258 1319 2329 τῆς
1373 2254 1650 2327 μακαρίας
1696 2254 1915 2323 ἐκείνης

327 2354 510 2425 ψυχῆς
536 2352 762 2407 τοιαῦτα
788 2352 925 2422 ἔχων
953 2350 1290 2422 διηγήματα,
1315 2346 1636 2418 παραλείψω
1666 2344 1734 2398 τὰ
1764 2344 1915 2398 πλεῖ-

2020 1978 2203 2033 anima
2223 1979 2570 2037 narrationes
2601 1982 2832 2047 habens,
2858 1986 3124 2055 plurimas
3152 1990 3595 2058 praetermittam,

2024 2069 2324 2127 multorum
2356 2079 2608 2129 metuens
2661 2075 2983 2144 inﬁrmitati,
3018 2081 3114 2151 qui
3157 2081 3210 2136 in
3247 2085 3457 2154 seipsos
3510 2085 3597 2140 in-

2021 2165 2261 2224 tuentes,
2279 2171 2594 2218 sanctorum
2618 2164 2858 2222 virorum
2882 2169 3167 2227 miraculis
3193 2173 3349 2230 [idem
3373 2186 3594 2247 negant,

2021 2266 2303 2322 unumque
2357 2262 2413 2308 et
2462 2254 2697 2310 alterum
2748 2259 2845 2314 ubi
2878 2276 3237 2332 exposuero,
3305 2266 3374 2322 ad
3426 2269 3595 2323 alium

2020 2343 2284 2399 athletam
2330 2348 2676 2418 progrediar.

332 2467 454 2516 στα,
486 2449 597 2502 τῶν
630 2447 840 2502 πολλῶν
869 2445 1056 2509 δεδιὼς
1083 2447 1181 2516 τὴν
1204 2443 1509 2498 ἀσθένειαν
1544 2442 1624 2505 είς
1648 2441 1790 2511 σφᾶς
1812 2439 1922 2510 γὰρ
1959 2438 2297 2512 ἀφορῶντες,
2331 2443 2452 2505 ταῖς
2486 2442 2595 2497 τῶν
2653 2442 2811 2500 θείων
2876 2447 3086 2520 ἀνδρῶν
3134 2451 3421 2507 ἀπιστοῦσι
3465 2453 3598 2510 θαυ-

333 2543 715 2614 ματουργίαις.
759 2542 859 2595 Ἐν
885 2542 943 2594 δὲ
977 2541 1012 2611 ἢ
1032 2538 1136 2594 δύο
1161 2538 1583 2610 διηγησάμενος,
1614 2536 1700 2604 ἐφ’
1732 2534 1918 2605 ἕτερον
1953 2533 2259 2605 ἀγωνιστὴν
2285 2536 2684 2609 μεταϐήσομαι.

402 2630 512 2689 Ἦν
536 2651 621 2699 τις
639 2634 960 2696 ἀκόλαστος,
994 2630 1301 2703 στρατηγὸς
1331 2630 1388 2681 ὲν
1408 2630 1522 2691 τοῖς
1553 2625 1665 2680 ἀνω
1681 2622 1914 2695 χρόνοις.

2092 2620 2192 2677 Vir
2236 2634 2356 2679 erat
2407 2625 2741 2685 libidinosus
2776 2668 2792 2695 ,
2844 2632 3081 2688 militum
3117 2635 3248 2690 olim
3284 2640 3545 2708 magister
3577 2658 3594 2695 :

328 2729 486 2801 Κόρη
509 2729 687 2781 τοίνυν
724 2742 807 2788 τις
839 2724 1239 2796 ἀπειρόγαμος,
1272 2720 1433 2794 ῶραν
1467 2719 1669 2789 ἔχουσα
1706 2716 1913 2788 γάμου,

2020 2714 2200 2785 puella
2255 2723 2436 2772 autem
2478 2720 2722 2789 quaedam
2778 2723 3018 2778 nondum
3056 2735 3247 2797 nupta,
3310 2729 3406 2785 sed
3437 2732 3598 2787 nubi-

328 2821 438 2874 ὑπὸ
469 2819 569 2888 τὴν
598 2817 793 2872 τούτου
828 2814 1148 2869 δεσποτείαν
1177 2812 1426 2877 τελοῦσα,
1460 2810 1561 2881 τήν
1585 2806 1793 2880 μητέρα
1817 2822 1916 2862 κα-

2020 2807 2112 2873 lis,
2144 2822 2269 2878 qua:
2301 2808 2408 2864 sub
2463 2811 2586 2881 ejus
2620 2819 2740 2867 erat
2779 2814 3046 2882 dominio,
3090 2829 3265 2874 matre
3304 2821 3495 2875 relicta
3541 2833 3598 2879 et

327 2906 656 2970 ταλιποῦσα,
695 2906 791 2960 καὶ
826 2905 953 2965 τοὺς
980 2902 1239 2965 οἰκείους,
1271 2901 1351 2964 είς
1385 2898 1752 2968 γυναικονῖτιν
1777 2910 1915 2947 κατ-

2022 2898 2165 2962 suis,
2201 2898 2269 2954 ad
2312 2915 2631 2971 gynaeceum
2681 2906 2961 2974 quoddam
2991 2924 3051 2964 se
3088 2912 3341 2978 contulit,
3380 2914 3434 2968 in
3488 2929 3600 2986 quo

327 2999 500 3071 ἔφυγε
555 2995 867 3070 συμμορίαν
917 2993 1145 3064 ἔχουσαν
1196 2990 1467 3061 ἀθλητῶν.
1532 2984 1913 3056 Ἀγωνίζονται

2022 2999 2202 3046 cauus
2234 3003 2354 3047 erat
2376 2992 2741 3050 athletarum.
2787 2994 3076 3054 Decertant
3130 3003 3276 3057 enim
3315 3005 3479 3059 etiam
3506 2984 3598 3061 vfe-

327 3091 441 3164 γὰρ
470 3092 564 3144 καὶ
585 3091 845 3159 γυναῖκες
863 3088 975 3149 τοῖς
995 3083 1220 3155 ἀνδράσι
1251 3078 1667 3152 παραπλησίως,
1698 3076 1793 3134 καὶ
1829 3076 1913 3139 είς

2023 3074 2207 3148 mina,
2241 3080 2704 3149 quemadmodum
2763 3086 2889 3150 viri,
2921 3097 2975 3142 et
3008 3091 3066 3144 in
3095 3091 3332 3147 stadium
3366 3095 3594 3152 virtutis

326 3185 392 3239 τὸ
418 3183 520 3254 τῆς
548 3181 752 3254 ἀρετῆς
784 3175 1174 3232 καταϐαίνουσι
1218 3173 1452 3227 στάδιον.
1479 3164 1916 3271 Ταύτηςμαθὼν

2021 3166 2381 3226 descendunt.
2426 3171 2598 3242 IIujus
2635 3176 2858 3245 cognita
2899 3177 3046 3248 fuga,
3085 3182 3346 3252 magister
3369 3195 3596 3241 matrem

329 3282 361 3333 ὀ
391 3275 700 3348 στρατηγὸς
728 3273 827 3343 τὴν
876 3269 1073 3341 φυγὴν,
1108 3266 1410 3339 ἐμαστίγου
1456 3262 1553 3333 τὴν
1584 3261 1795 3333 μητέρα
1825 3257 1919 3311 καὶ

2021 3256 2210 3331 ﬂagris
2255 3263 2478 3328 cecidit,
2525 3273 2579 3319 et
2616 3265 2830 3336 1193
2857 3268 3100 3324 vinctam
3154 3275 3463 3343 suspendit,
3492 3291 3597 3332 nec

331 3369 671 3439 ἑκρεμάννψ
705 3365 800 3419 καὶ
833 3363 895 3416 οὐ
955 3360 1221 3432 πρότερον
1249 3356 1432 3425 ἀφῆκε
1457 3351 1818 3424 δεσμῶν,ἓως
1858 3348 1919 3402 τὸ

2022 3354 2262 3411 vinculis
2308 3357 2466 3426 prius
2496 3360 2724 3424 exemit,
2754 3365 2771 3381 '
2800 3375 2966 3430 quam
3033 3363 3419 3434 religiosarum
3476 3384 3600 3422 mu-

329 3461 441 3515 τῶν
491 3457 734 3512 εὐσεϐῶν
783 3452 1061 3525 γυναικῶν
1113 3447 1362 3513 ὑπέδειξε
1416 3443 1786 3514 καταγώγιον.
1837 3441 1917 3512 Τῇ

2021 3444 2219 3501 lierum
2282 3448 2657 3504 habitaculum
2693 3453 2959 3507 ostendit.
3022 3454 3181 3510 Illinc
3215 3471 3368 3528 ergo,
3422 3458 3601 3514 furori

329 3549 503 3621 λύττῃ
546 3547 727 3601 τοίνυν
782 3548 848 3617 τῇ
874 3543 1051 3615 οἰκείᾳ
1092 3539 1457 3613 χρησάμενος,
1490 3536 1743 3607 ἥρπασεν
1777 3535 1922 3587 ἐκεῖ·

331 3640 426 3693 θεν
491 3638 590 3710 τὴν
650 3637 839 3709 κόρην,
890 3635 986 3689 καὶ
1015 3635 1096 3696 είς
1120 3630 1219 3701 τὴν
1256 3628 1465 3683 οἰκείαν
1508 3626 1689 3679 οἰκίαν
1748 3625 1918 3676 ἐπάν.

331 3733 531 3803 ήγαγεο
562 3728 656 3783 καὶ
684 3728 911 3799 ήλπισεν
953 3728 982 3780 ὀ
1028 3724 1257 3786 δείλαιος
1288 3720 1388 3792 τὴν
1430 3717 1637 3773 οἰκείαν
1672 3714 1919 3787 κορέσειν

329 3823 649 3877 ἀκολασίαν.
707 3819 847 3876 Ἀλλ’
894 3820 924 3872 ὀ
960 3816 1052 3872 τὸν
1096 3813 1298 3887 Φαραὼ
1344 3812 1603 3883 ὲτασμοὶς
1660 3807 1921 3880 μεγάλοις

331 3918 431 3972 καί
464 3916 722 3987 πονηροῖς
745 3912 947 3975 ὲτάσας
981 3908 1113 3980 περὶ
1140 3905 1360 3980 Σάρρας
1386 3903 1485 3975 τῆς
1527 3898 1786 3971 γυναικὸς
1827 3899 1920 3987 Ἀξ-

333 4004 545 4075 ϐραάμ,
590 3985 700 4056 καὶ
748 3999 1028 4067 ἀνέπαφον
1071 3994 1315 4066 φυλάξας
1347 3992 1448 4061 τὴν
1489 3987 1763 4059 σώφρονα,
1821 3985 1918 4039 καὶ

331 4096 465 4159 τοὺς
512 4091 808 4162 Σοδομίτας
854 4087 1103 4154 πατάξας
1137 4083 1395 4157 ἁορασίᾳ,
1434 4078 1790 4163 ὲμπαροινξῖν
1840 4077 1919 4140 ὡς

334 4186 508 4252 ξένοις
534 4187 646 4248 τοίς
668 4182 982 4253 ἀσωμάτοις
1008 4179 1484 4250 ἐπιχειρήσαντας,
1505 4164 1658 4235 οὗτος
1678 4168 1775 4225 καὶ
1797 4167 1921 4222 τού-

331 4295 430 4332 του
451 4276 513 4330 τὸ
533 4274 755 4331 ὀπτικὺν
772 4270 1011 4343 ἀορασία
1041 4266 1240 4340 βαλὼν,
1273 4269 1338 4321 ὲκ
1371 4263 1535 4336 μέσου
1558 4261 1667 4315 τῶν
1686 4257 1920 4315 δικτύων

332 4369 397 4422 τδ
421 4368 648 4440 θήραμα
690 4363 978 4434 διαφυγεῖν
1008 4357 1412 4433 παρεσκεύασε·
1442 4356 1536 4411 καὶ
1570 4355 1652 4417 είς
1688 4353 1781 4406 τὸν
1819 4350 1921 4404 θά-

333 4457 511 4528 λαμον
544 4455 710 4519 αὐτὸς
749 4452 847 4524 μὲν
878 4448 1075 4520 εἰσῄει,
1095 4447 1279 4518 εκείνη
1304 4446 1364 4500 δὲ
1394 4444 1542 4499 ἔνδον
1572 4442 1922 4512 διαφυλαττο·

2020 3536 2358 3608 obsequens,
2385 3541 2623 3609 puellam
2651 3543 2858 3613 rapuit,
2880 3551 2935 3599 et
2959 3544 3180 3600 domum
3214 3564 3370 3603 suam
3398 3551 3603 3619 perdu-

2019 3628 2123 3693 xit,
2152 3644 2384 3698 sperans
2412 3631 2606 3686 infelix
2636 3648 2697 3688 se
2726 3634 3013 3690 libidinem
3046 3651 3202 3692 suam
3228 3640 3597 3709 expleturum.

2022 3718 2129 3775 Sed
2152 3722 2244 3790 qui
2276 3722 2622 3779 Pharaonem
2658 3728 2872 3794 magnis
2904 3737 2956 3783 et
2989 3730 3251 3798 gravibus
3301 3734 3599 3803 suppliciis

2020 3813 2202 3870 ali'ecit
2229 3823 2453 3886 propter
2487 3815 2680 3872 Saram
2712 3819 2951 3874 Ahrahze
2975 3821 3290 3892 coniugem,
3359 3834 3412 3879 et
3452 3825 3598 3880 inta-

2018 3913 2163 3961 ctam
2199 3909 2438 3964 servavit
2486 3911 2888 3979 continentem;
2918 3913 3017 3983 qui
3054 3925 3109 3969 et
3143 3913 3454 3974 Sodomitas
3490 3896 3600 3974 cm.-

2019 3998 2184 4052 citate
2206 3999 2559 4069 perstrinxit.
2589 4014 2713 4054 cum
2742 4001 3013 4058 adversus
3032 4005 3286 4074 corporis
3305 4015 3580 4077 expertes,

2017 4099 2283 4161 tauquam
2330 4091 2387 4145 in
2433 4090 2683 4162 hospites
2743 4092 2993 4149 insanire
3032 4106 3390 4161 conarentur,
3454 4097 3597 4154 idem

2019 4182 2189 4254 hujus
2216 4199 2439 4255 quoque
2468 4185 2646 4241 oculis
2686 4186 2979 4256 caliginem
3030 4186 3341 4256 oll‘undens,
3375 4190 3508 4245 fecit
3537 4200 3599 4246 ut

2019 4275 2203 4345 praeda
2222 4274 2419 4331 mediis
2450 4292 2516 4332 ex
2540 4276 2753 4332 retibus
2772 4278 3092 4334 elaheretur
3122 4298 3137 4336 :
3166 4283 3239 4335 ita
3267 4292 3327 4338 ut
3356 4284 3445 4338 ille
3470 4286 3597 4355 qui-

2020 4368 2142 4423 dem
2177 4368 2482 4423 thalamum
2533 4370 2790 4437 intraret,
2825 4370 2942 4426 haec
2966 4387 3117 4439 vero,
3146 4389 3269 4444 qua:
3314 4376 3465 4432 intus
3494 4393 3598 4432 cu-

2021 4461 2387 4525 stodiebatur,
2419 4460 2603 4516 subito
2629 4462 2896 4524 evolaret.
2929 4478 3109 4534 eoque
3138 4464 3404 4523 frustrato
3431 4483 3597 4539 expe-

337 4545 476 4617 μένη
507 4544 821 4617 παραυτίκα
863 4539 1011 4611 ὶξῄει
1046 4539 1141 4592 καὶ
1172 4535 1402 4627 φροῦδος
1449 4530 1547 4627 ἦνἶ
1589 4533 1685 4587 καὶ
1710 4531 1919 4627 τὸλτριτ

2022 4550 2181 4606 titum
2210 4549 2315 4606 sibi
2339 4552 2762 4607 contubernium
2791 4530 3267 4623 repeteret.Quare
3292 4530 3597 4627 agnoscens

335 4638 572 4709 πόοητον
610 4636 751 4707 αὐτῇ
776 4631 1045 4688 κατέλαϐε
1084 4626 1448 4697 καταγώγιον.
1477 4621 1635 4678 Οὕτω
1680 4619 1869 4692 μαθὼν
1889 4623 1919 4676 ὀ

334 4729 586 4799 ἀνόητος,
633 4727 708 4791 ὼς
742 4725 842 4797 τῆς
884 4723 978 4778 τὸν
1011 4722 1153 4776 θεῖον
1202 4718 1492 4791 μνηστῆρα
1544 4714 1920 4787 προελομένης

333 4820 398 4873 οὐ
423 4821 727 4892 περιέσται,
768 4816 1000 4889 ἡσυχίαν
1029 4813 1183 4881 ἄγειν
1208 4808 1575 4882 ἠναγκάζετο,
1607 4806 1791 4860 οὐκέτι
1822 4804 1921 4876 τὴν

337 4910 575 4964 ἁλοῦσαν
630 4909 728 4964 καὶ
775 4907 896 4979 θείᾳ
946 4904 1173 4974 δυνάμει
1216 4897 1584 4971 διαφυγοῦσαν
1622 4895 1917 4968 ἐπιζητῶν.

336 5003 487 5061 Αὕτη
511 5002 707 5074 χρόνου
735 4999 1034 5062 διελθόντος
1054 4996 1337 5067 παθήματι
1358 4992 1655 5064 περιέπεσε
1677 4989 1918 5061 χαλεπῷ-

337 5098 599 5167 κιρκῖνος
627 5094 685 5149 δὲ
713 5093 776 5148 τὸ
809 5090 981 5156 πάθος
1009 5086 1098 5163 ἦν·
1132 5088 1210 5159 τῷ
1237 5087 1294 5142 δὲ
1325 5083 1513 5156 μαστῷ
1541 5081 1922 5154 ὲξογκουμένῳ

339 5189 440 5244 καὶ
473 5190 507 5259 ή
535 5187 695 5259 ὀδύνη
736 5185 1050 5255 συνηύξετο.
1095 5180 1259 5236 Ἀλλά
1284 5179 1376 5233 τόν
1414 5180 1588 5249 μέγαν
1609 5174 1792 5230 ἐκάλει
1814 5176 1921 5230 Πέ-

338 5296 469 5348 τρον
495 5282 553 5334 ὲν
580 5282 646 5351 τῇ
674 5279 773 5348 τῆς
797 5278 988 5349 ὀδύνης
1017 5277 1190 5348 ἀκμῇ,
1217 5273 1312 5329 καὶ
1359 5272 1596 5342 ἔφασκεν
1618 5271 1778 5334 εὐθὺς
1822 5269 1920 5339 τῆς

345 5373 495 5442 ἱερᾶς
524 5372 741 5441 ἐκείνης
778 5371 964 5441 φωνῆς
994 5372 1070 5434 είς
1110 5369 1178 5423 τὰ
1220 5362 1336 5423 ὦτα
1362 5363 1714 5437 βαλλομένης,
1740 5362 1922 5414 πᾶσαν

342 5463 560 5537 ἐκείνην
589 5465 687 5537 τὴν
723 5463 917 5535 ὀδύνην
965 5460 1331 5534 κοιμίζεσθαι,
1364 5460 1457 5513 καὶ
1491 5455 1624 5529 μηδὲ
1662 5455 1921 5526 βραχεῖαν

343 5555 595 5628 αἰσθησιν
622 5556 828 5609 ὲκεῖθεν
865 5553 1095 5629 ἀνιαράν
1127 5549 1500 5623 ὑποδέχεσθαι.
1532 5545 1734 5601 Τούτου
1762 5544 1921 5617 χάριν

292 5698 297 5701 _
342 5648 505 5703 αὑτὸν
551 5649 645 5702 καὶ
693 5647 1013 5719 συχνότερον
1058 5642 1528 5719 μεταπεμπομένη
1565 5635 1935 5710 ψυχαγωγίας.

343 5738 640 5812 ἁπήλαυεν.
671 5742 922 5798 ’Λπαντα
955 5738 1063 5811 γὰρ
1098 5737 1249 5808 ἔλεγε
1276 5737 1368 5792 τὸν
1405 5737 1502 5806 τῆς
1544 5733 1749 5788 ἐκείνου
1779 5748 1920 5805 παρα

342 5833 530 5897 casia;
575 5833 767 5904 καιρὸν
796 5830 1070 5899 παντελῶς
1114 5831 1212 5893 τὰς
1240 5828 1536 5898 ἀλγηδόνας
1567 5823 1917 5896 ἀφίστασθαι.

665 5926 936 5986 Pauor“
982 5924 1100 5986 Gn.
1136 5919 1456 5984 LXXXII.

2019 4652 2233 4700 vecors,
2261 4654 2322 4694 se
2351 4639 2499 4694 illam
2550 4655 2672 4711 quae
2699 4638 2947 4697 divinum
2979 4640 3248 4712 Sponsum
3284 4648 3598 4715 praetulerat

2018 4729 2241 4785 vincere
2271 4746 2381 4786 non
2416 4747 2600 4802 posse,
2635 4734 2921 4804 quiescere
2956 4742 3185 4791 coactus
3206 4743 3311 4803 est,
3342 4753 3446 4793 nec
3475 4753 3597 4794 am-

2022 4819 2167 4885 plius
2195 4834 2317 4876 eam
2376 4823 2660 4893 persequi.
2693 4840 2820 4895 qua:
2853 4831 3012 4895 capta
3045 4839 3171 4880 cum
3205 4836 3355 4883 esset
3385 4844 3484 4900 per
3512 4831 3597 4886 di-

2017 4907 2201 4963 vinam
2261 4911 2563 4979 potentiam
2617 4920 2891 4968 evaserat.
2954 4911 3081 4968 Haec
3114 4913 3233 4983 ipsa
3263 4918 3598 4984 procedente

2021 5006 2266 5068 tempore
2286 5016 2506 5071 gravem
2526 5003 2582 5058 in
2607 5005 2857 5059 morbum
2890 5004 3085 5059 incidit
3121 5004 3196 5076 (et
3225 5020 3425 5062 cancer
3445 5023 3603 5064 mor.

2019 5091 2125 5147 bus
2148 5092 2237 5147 hic
2253 5092 2417 5165 erat),
2433 5095 2787 5167 mamillaque
2804 5095 3201 5152 intumescente
3215 5095 3373 5151 dolor
3391 5101 3599 5166 pariter

2021 5182 2389 5239 increscebat.
2425 5183 2533 5240 Sed
2562 5199 2687 5240 cum
2718 5186 2927 5242 doloris
2944 5186 3180 5241 maxima
3198 5187 3283 5242 vis
3313 5195 3456 5254 erat,
3480 5203 3623 5246 ma-.

2023 5288 2185 5343 gnum
2208 5271 2431 5329 Petrum
2466 5275 2778 5335 invocabat.
2802 5276 3115 5346 aiebatque,
3149 5278 3313 5332 simul
3339 5293 3404 5332 ac
3437 5295 3598 5339 sacra

2024 5364 2116 5419 illa
2152 5380 2257 5418 vox
2300 5366 2533 5421 auribus
2563 5368 2914 5435 insonuerat,
2948 5376 3124 5422 totum
3158 5367 3311 5421 illum
3348 5367 3597 5426 dolorem

2023 5456 2208 5513 sedari
2243 5457 2442 5521 solere,
2476 5458 2800 5529 nullumque
2833 5475 2900 5515 ex
2931 5475 2999 5514 eo
3045 5459 3337 5515 molestum
3370 5476 3595 5518 sensum

2023 5549 2286 5605 residere.
2321 5548 2477 5605 L'nde
2505 5548 2846 5620 frequentius
2878 5550 3028 5604 illum
3057 5566 3278 5622 quoque
3304 5565 3595 5608 accersens

2022 5640 2405 5696 consolatione
2464 5639 2772 5697 fruebatur.
2859 5640 3179 5697 Aliirmahat
3258 5645 3428 5709 etiim,
3481 5659 3595 5713 quo

2024 5739 2271 5803 tempore
2332 5747 2577 5803 praesens
2610 5731 2824 5798 aderat,
2859 5747 3053 5788 omnes
3074 5740 3321 5804 'prorsus
3374 5732 3593 5788 dolores

2024 5822 2387 5884 abscessisse.
2418 5824 2624 5903 ,Verum
2658 5826 2805 5883 illam
2853 5826 3073 5899 quidem
3100 5835 3223 5898 post
3257 5826 3384 5881 talia
3416 5835 3603 5882 certa-

3170 5916 3267 5975 ιι
