4030 6412
440 369 574 434 1387
1481 373 1970 435 THEODORETI
1999 372 2343 436 EPISCOPI
2379 371 2744 439 CYRENSIS
3571 381 3710 447 1388

437 489 585 543 min‘a
626 502 693 544 ex
752 489 856 546 hac
890 489 1004 546 vita
1056 488 1412 547 excedentem
1469 490 1721 547 victoriae
1755 491 1981 548 laudibu

2131 490 2272 546 Ἀλλ’
2303 494 2519 564 ἐκείνην
2572 494 2670 565 μὲν
2719 492 2892 558 οὕτως
2943 495 3366 567 ἀγωνισαμένην
3407 496 3543 568 μετὰ
3595 498 3710 552 τῶν

435 592 768 654 prosecutus
800 594 906 642 est.
940 587 1152 640 Rursus
1185 599 1316 640 vero
1348 592 1581 640 matrem
1625 601 1828 650 meam,
1891 601 1982 657 pos

2123 586 2407 640 ἐπινικίων
2441 586 2676 640 ἐπαίνων
2711 585 2864 640 τοῦδε
2889 587 2981 642 τοῦ
3016 587 3132 659 βίου
3168 589 3510 660 προέπεμψε.
3537 592 3710 645 Πάλιν

433 684 651 745 partum
685 691 794 746 quo
827 692 914 732 me
938 677 1103 732 enixa
1141 685 1229 730 est
1268 675 1434 730 morti
1472 677 1804 746 proximam,
1834 677 1982 731 nutri

2121 678 2180 732 δὲ
2225 678 2325 750 τὴν
2375 679 2592 751 μητέρα
2643 679 2743 750 τήν
2787 679 2948 752 ἐμὴν,
2981 682 3118 752 μετὰ
3169 683 3266 746 τὰς
3317 683 3458 754 ἐμὰς
3510 685 3708 748 ὠδῖνας

433 767 515 822 eis
554 767 768 840 1194
799 769 1053 838 precibus
1114 778 1393 836 exoratus,
1427 769 1726 824 adveniens
1756 785 1786 824 e
1820 769 1981 824 morti

2123 767 2252 838 παρ’
2293 767 2458 820 αὐτοῦ
2487 769 2787 840 γενομένην
2824 770 2920 823 τοῦ
2965 771 3196 826 θανάτου
3230 775 3329 836 τὰς
3373 772 3570 838 πύλας,
3600 774 3709 827 ὐπὸ

431 859 685 914 faucibus
736 861 959 930 eripuit.
1029 861 1397 917 Decumbebat
1471 861 1618 917 enim
1671 861 1920 928 medicis,
1953 878 1982 922 υ

2117 859 2218 929 τῆς
2265 858 2453 927 τιτθῆς
2497 859 2824 931 λιπαρηθείς
2867 862 3223 932 ἀφικόμενος,
3265 863 3539 936 ἐξήρπασε
3597 865 3709 918 τῶν

433 951 638 1014 ferunt,
689 953 1134 1022 desperantibus,
1188 953 1507 1024 lugentibus
1563 953 1911 1018 domesticis,
1958 969 1982 1010 ε

2116 949 2211 1004 τοῦ
2259 951 2492 1005 Θανάτου
2530 953 2748 1024 χειρῶν.
2805 954 3023 1007 Ἐκειτο
3065 956 3196 1027 γὰρ,
3241 955 3319 1020 ὣς
3365 973 3550 1026 φασιν,
3593 958 3706 1010 άπ-

428 1045 640 1100 obitum
678 1047 1154 1115 prmstolantibus,
1197 1048 1405 1102 clausis
1439 1047 1619 1102 oculis
1648 1061 1842 1118 magna
1883 1061 1982 1101 cun

2117 1043 2420 1113 ειρηκότων
2466 1045 2564 1115 μὲν
2606 1045 2715 1099 τῶν
2757 1046 2978 1118 ἰατρῶν,
3010 1047 3120 1102 τῶν
3155 1049 3213 1103 δὲ
3245 1050 3462 1104 οἰκείων
3507 1051 3706 1120 ὀλοφυ-

426 1137 578 1192 febre
606 1136 954 1203 con’l'lictans,
985 1137 1341 1192 familiarium
1375 1138 1648 1192 nemiuem
1683 1151 2008 1207 agnoscens.

2118 1133 2384 1205 ρομένων,
2425 1136 2522 1188 καὶ
2563 1136 3014 1206 προσδεχομένων
3055 1137 3119 1190 τὸ
3156 1137 3330 1202 τέλος,
3385 1141 3706 1208 μεμυκότας

424 1224 496 1282 Ut
526 1235 709 1283 autem
745 1229 967 1284 advenit
1001 1229 1115 1296 ille,
1148 1231 1242 1299 qui
1266 1229 1638 1300 apostolicum
1676 1243 1876 1284 nomen
1909 1244 1982 1298 get

2106 1223 2313 1294 ἔχουσα
2345 1225 2469 1290 τοὺς
2502 1226 2838 1296 ὀφθαλμοὺς,
2873 1227 3060 1299 λάϐρῳ
3086 1228 3306 1301 πυρετῷ
3333 1234 3704 1304 κατεχομένη,

422 1320 578 1376 rebat
614 1328 668 1376 et
700 1321 957 1390 gratiam,
1008 1329 1062 1377 et
1095 1341 1113 1374 ‹
1138 1321 1252 1375 Pax
1297 1322 1418 1386 tibi,
1477 1321 1585 1376 lilia
1621 1341 1638 1372 ι
1670 1321 1806 1376 dixit
1868 1321 2008 1390 (haec

421 1413 569 1468 enim
629 1414 750 1482 ejus
787 1424 906 1469 erat
963 1415 1287 1483 salutatio),
1347 1413 1644 1470 confestim
1705 1413 2001 1484 palpebras

419 1520 700 1561 reserasse
725 1505 951 1570 dicitur,
981 1517 1034 1562 et
1064 1507 1118 1562 in
1158 1508 1311 1562 illum
1347 1507 1468 1561 lixis
1494 1507 1670 1561 oculis
1695 1506 1999 1576 aspexisse.

417 1599 933 1669 benedictionisque
995 1600 1239 1654 fructum
1291 1600 1627 1670 postulasse.
1700 1598 1999 1668 Postquam

418 1694 648 1748 ululavit
682 1692 1010 1749 feminarum
1041 1694 1247 1749 chorus
1302 1692 1504 1763 (mista
1538 1691 1685 1747 enim
1717 1706 1842 1747 cum
1897 1691 1998 1746 do-

415 1786 532 1840 lore
565 1785 735 1840 animi
769 1785 955 1840 laetitia
1001 1786 1298 1842 clamorem
1331 1788 1350 1808 ⁶
1380 1785 1535 1839 illum
1595 1791 1996 1854 expresserat),

2098 1316 2301 1370 οὐδένα
2334 1317 2442 1370 τῶν
2483 1318 2730 1389 συνήθων
2766 1320 3224 1389 ἐπιγινώσκουσα.
3279 1325 3368 1388 Ὠς
3401 1325 3458 1378 δὲ
3481 1320 3616 1396 ἧκεν

2109 1408 2210 1478 τῆς
2258 1408 2623 1479 ἀποστολικῆς
2672 1409 2768 1464 καὶ
2821 1413 3196 1484 προσηγορίας
3251 1413 3550 1484 ἠξιωμένος
3607 1418 3702 1468 καὶ

2110 1497 2352 1570 χάριτος,
2414 1499 2528 1561 καὶ,
2587 1517 2605 1550 ι
2636 1500 2844 1572 Εἰρήνη
2897 1519 3003 1566 σοι,
3052 1503 3284 1568 τεκνίον,
3321 1524 3339 1556 ι
3399 1503 3702 1573 ἐφθέγξατο

2109 1593 2289 1664 (τοῦτο
2315 1594 2423 1668 γὰρ
2477 1591 2550 1666 ἦν
2585 1595 2737 1666 αὐτῷ
2771 1597 3112 1670 πρόσρημα),
3145 1597 3460 1670 παραυτίκα
3481 1597 3700 1667 λέγεται

2107 1688 2204 1740 καί
2255 1688 2323 1740 τὰ
2361 1687 2609 1759 βλέφαρα
2668 1689 2993 1756 ἀναπτύξαι,
3042 1690 3136 1743 καὶ
3183 1690 3372 1753 ἀτενὲς
3401 1693 3480 1754 εἰς
3534 1689 3698 1744 αὐτὸν

2109 1782 2260 1843 ἰδεῖν,
2321 1782 2414 1834 καὶ
2471 1781 2574 1852 τῆς
2627 1782 2878 1850 εὐλογίας
2925 1784 3017 1836 τὸν
3079 1783 3293 1855 καρπὸν
3347 1785 3694 1852 ἐπαγγεῖλαι.

413 1876 675 1946 prmo-cpit
704 1875 788 1929 vir
818 1875 1039 1930 divinus
1065 1884 1121 1930 ut
1147 1882 1375 1929 orarent
1399 1891 1526 1930 cum
1560 1875 1680 1944 ipso
1698 1874 1982 1929 universae.

2110 1869 2198 1933 Ὡς
2232 1871 2289 1924 δὲ
2318 1871 2616 1936 ἀνολώλυξε
2658 1872 2766 1927 τῶν
2827 1874 3101 1942 γυναικῶν
3143 1876 3172 1928 6
3218 1875 3398 1945 χορὸς,
3453 1875 3694 1946 (ἀθυμία

409 1968 503 2022 Sic
541 1970 685 2022 enim
717 1968 952 2023 salutem
989 1969 1268 2038 recepisse
1299 1968 1524 2025 dicebat
1559 1965 1874 2034 Tabitham,
1908 1967 1995 2022 vi.

411 2061 538 2115 duis
574 2059 1008 2132 lacrymantibus
1042 2067 1096 2113 et
1131 2074 1328 2129 magno
1385 2058 1553 2114 Petro
1608 2057 1826 2112 illarum
1884 2056 1995 2111 Deo

408 2152 684 2222 lacrymas
709 2149 1030 2206 olIerented.
1053 2151 1312 2217 Orarunt,
1337 2150 1676 2220 utjusserat,
1705 2157 1761 2203 et
1784 2148 1994 2219 adeptae

408 2251 537 2298 sunt
561 2251 617 2297 ut
645 2242 918 2312 przedixit.
940 2241 1119 2296 Finita
1147 2243 1294 2297 enim
1336 2242 1608 2309 oratione,
1670 2242 1832 2296 linem
1853 2255 1991 2310 quo-

406 2351 514 2403 que
551 2336 776 2391 morbus
805 2335 1016 2404 accepit
1050 2353 1066 2392 :
1098 2335 1380 2405 sudorque
1415 2349 1540 2389 mox
1581 2333 1828 2404 undique
1860 2347 1991 2402 pro-

403 2425 582 2482 ﬂuens
613 2426 868 2482 ardorem
901 2427 1056 2482 illum
1105 2428 1394 2493 exstinx-it,
1429 2435 1484 2482 et
1509 2440 1816 2496 apparuere
1843 2423 1991 2479 indi-

408 2519 493 2572 cia
529 2519 807 2574 sanitatis.
837 2517 962 2573 Haec
1005 2519 1215 2575 nostris
1243 2519 1408 2573 etiam
1459 2516 1798 2587 temporibus
1822 2517 1990 2570 mira-

402 2609 528 2662 cula
558 2623 652 2678 per
705 2607 940 2664 famulos
973 2624 1104 2664 suos
1133 2608 1264 2663 facit
1297 2608 1580 2662 Dominus.
1629 2606 1804 2676 Hujus
1850 2621 1989 2678 quo-

402 2715 531 2768 que,
567 2699 712 2755 sicut
745 2699 1053 2755 beatissimi
1085 2699 1262 2768 Pauli,
1297 2699 1624 2755 vestimenta
1676 2699 1990 2768 operahan-

401 2801 493 2847 tur
522 2803 544 2830 ο
582 2811 594 2846 :
659 2790 804 2860 quod
836 2792 1056 2861 quidem
1106 2807 1211 2846 non
1265 2792 1710 2864 exaggerationis
1751 2792 1986 2861 alicujus

401 2884 588 2941 studio
644 2887 828 2957 posui,
863 2885 959 2942 sed
985 2885 1237 2941 veritatis
1269 2884 1445 2941 fretus
1476 2884 1820 2940 testimonio.
1848 2883 1984 2939 Nam

400 2993 540 3034 zona
602 2994 702 3034 sua
756 2977 1013 3033 bifariam
1067 2977 1266 3044 divisa,
1323 2978 1435 3032 lata
1494 2979 1699 3048 quippe
1731 2984 1785 3031 et
1823 2977 1983 3047 longa

396 3080 535 3136 erat,
558 3085 762 3134 crasso
789 3086 818 3125 e
847 3071 958 3124 lino
981 3077 1262 3135 contexta,
1292 3079 1446 3140 parte
1473 3085 1579 3124 una
1606 3070 1827 3126 lumbos
1847 3087 1982 3127 suos

395 3165 590 3228 cinxit,
656 3163 828 3218 altera
881 3177 1053 3218 meos.
1082 3161 1236 3216 lianc
1293 3170 1468 3218 mater
1496 3163 1784 3234 egrotanti
1846 3162 1979 3217 mihi

2103 1962 2213 2034 γὰρ
2261 1960 2355 2014 καὶ
2389 1960 2627 2033 εὐθυμία
2664 1963 2808 2016 κατὰ
2840 1963 3038 2017 ταυτὸν
3083 1963 3445 2034 ἐκράθησαν),
3477 1965 3572 2017 καὶ
3591 1963 3697 2034 τὴν

2103 2053 2230 2126 βοὴν
2276 2054 2492 2125 ἐκείνην
2537 2055 2886 2126 εἰργάσαντο,
2920 2057 3210 2127 παρεγγυᾷ
3248 2058 3276 2109 ὀ
3303 2057 3446 2119 θεῖος
3477 2054 3693 2126 ἄνθρω-

2100 2163 2202 2210 πος
2225 2146 2552 2217 κοινωνῆσαι
2589 2145 2738 2216 αὐτῷ
2780 2145 2882 2215 τῆς
2909 2148 3220 2218 προσευχῆς
3257 2149 3496 2211 ἁπάσας·
3549 2147 3696 2202 οὓτω

2098 2236 2209 2308 γὰρ
2259 2237 2411 2306 ἔλεγε
2443 2239 2538 2291 καὶ
2565 2238 2662 2308 τὴν
2703 2237 2944 2291 Ταὸίθαν
2991 2239 3089 2310 τῆς
3138 2239 3412 2310 σωτηρίας
3444 2258 3682 2312 τετυχη-

2099 2329 2276 2382 κέναι·
2309 2330 2419 2383 τῶν
2450 2331 2548 2400 μὲν
2598 2329 2781 2400 χηρῶν
2821 2330 3184 2402 ὀδυρομένων,
3216 2331 3312 2384 τοῦ
3341 2330 3399 2383 δὲ
3451 2332 3690 2403 μεγάλου

2098 2421 2306 2492 Πέτρου
2339 2420 2409 2474 τὰ
2467 2421 2691 2476 ἐκείνων
2725 2421 2936 2494 δάκρυα
2981 2422 3385 2494 προσφέροντος
3439 2424 3516 2495 τῷ
3546 2425 3688 2496 Θεῷ.

2107 2515 2375 2568 Ἰκέτενον
2402 2514 2476 2580 ὡς
2494 2516 2768 2578 ἐκέλευσε,
2803 2518 2895 2569 καὶ
2921 2516 3226 2584 ἐλάμϐανον
3249 2516 3325 2579 ὡς
3362 2518 3686 2589 προείρηκε.

2095 2605 2261 2670 Τέλος
2292 2607 2398 2677 γὰρ
2439 2608 2536 2677 τῆς
2569 2607 2732 2679 εὐχῆς
2765 2607 3086 2679 δεξαμένης,
3138 2609 3292 2672 τέλος
3325 2611 3420 2663 καὶ
3469 2611 3500 2682 ή
3531 2611 3690 2675 νόσος

2093 2699 2332 2769 ἐδέχετο,
2367 2700 2462 2752 καὶ
2494 2698 2654 2769 ἱδρὼς
2698 2701 2965 2754 πάντοθεν
3009 2701 3270 2773 ἐξαίφνης
3308 2704 3482 2774 ἔρρει,
3513 2705 3689 2757 καὶτὸ

2094 2791 2206 2862 πῦρ
2241 2793 2416 2844 ἐκεῖνο
2446 2792 2756 2857 ἐσϐέννυτο,
2790 2795 2884 2847 κα)¹
2908 2793 2975 2847 τά
3005 2795 3104 2864 τῆς
3139 2795 3323 2863 ὐγείας
3366 2795 3690 2865 ἀνεφαίνετο

2093 2887 2314 2954 σημεῖα.
2345 2883 2586 2938 Τοιαῦτα
2616 2886 2710 2938 καὶ
2743 2887 2801 2938 ἐν
2850 2889 2963 2950 τοῖς
2993 2888 3284 2958 ἡμετέροις
3333 2888 3548 2959 χρόνοις
3594 2889 3686 2944 διὰ

2091 2975 2202 3028 τῶν
2254 2976 2398 3028 ἰδίων
2455 2963 2618 3028 αὐτοῦ
2664 2976 3020 3046 θεραπόντων
3063 2981 3091 3032 6
3139 2981 3420 3050 Δεσπότης
3468 2980 3685 3052 θαυμα-

2088 3071 2330 3138 τουργεῖ.
2361 3066 2561 3120 Τούτου
2587 3067 2682 3119 καί
2732 3068 2760 3119 6
2783 3067 2928 3136 χρὼς
2966 3068 3072 3122 τῶν
3103 3070 3334 3138 ἱματίων
3364 3071 3406 3102 ¹⁰
3434 3071 3512 3141 τῷ
3542 3071 3687 3127 θειο-

2090 3156 2238 3227 τάτῳ
2277 3156 2475 3227 Παύλῳ
2521 3157 2920 3228 παραπλησίως
2963 3161 3206 3229 ἐνήργει·
3246 3162 3526 3216 καὶτοῦτο
3579 3165 3684 3235 οὐχ

395 3272 539 3326 szepe
567 3224 878 3325 imponens,
919 3253 1130 3324 1195
1166 3269 1309 3324 saepe
1337 3256 1500 3310 etiam
1531 3224 1697 3326 patri.
1734 3256 1982 3310 morbum

2095 3224 2368 3318 ὑπερϐολῇ
2396 3224 2500 3301 τινι
2532 3224 2812 3320 χρώμενος
2836 3224 3079 3316 τέθεικα,
3110 3224 3261 3305 ⁷όιλλὰ
3293 3255 3391 3320 τὴν
3421 3224 3684 3326 ἀλήθειαν
3761 3302 3771 3311 .

394 3345 622 3413 depulit,
671 3343 971 3412 eodemque
1006 3344 1071 3397 ad
1104 3345 1390 3398 sanitatem
1414 3344 1528 3414 ipsa
1557 3344 1720 3399 etiam
1750 3358 1982 3413 persaepe

2095 3340 2563 3409 συνομολογοῦσαν
2619 3343 2778 3412 έχων.
2811 3344 2922 3414 Τὴν
2953 3345 3062 3417 γὰρ
3093 3347 3298 3401 οἰκείαν
3350 3346 3526 3420 ζώνην
3555 3349 3680 3420 διχῆ

395 3453 496 3494 usa
551 3445 635 3492 est
694 3435 957 3491 remedio.
1023 3434 1127 3490 Sed
1157 3444 1210 3491 et
1254 3437 1560 3490 amicorum
1593 3437 1853 3506 permulti
1884 3435 1982 3490 hoc

2092 3433 2274 3502 τεμὼν
2307 3433 2556 3502 (πλατεῖα
2589 3434 2642 3487 δὲ
2670 3431 2738 3507 ἦν
2776 3436 2870 3489 καὶ
2917 3436 3126 3508 μακρὰ,
3159 3438 3266 3492 ἀπὸ
3301 3437 3444 3493 λίνου
3472 3440 3679 3511 παχέος

393 3528 654 3592 scientes,
686 3542 880 3581 zonam
911 3525 980 3580 ad
1029 3541 1207 3596 egros
1239 3527 1610 3582 sublevandos
1674 3525 1975 3581 identidem

392 3620 754 3690 accipiebant.
790 3627 843 3674 et
889 3619 1079 3691 gratia:
1109 3619 1256 3675 illius
1289 3620 1396 3673 vim
1424 3619 1628 3689 ubique
1645 3617 1978 3674 declarabat.

391 3715 512 3779 Quo
546 3713 692 3767 illam
726 3712 890 3766 modo
920 3727 1046 3765 cum
1078 3709 1304 3782 quidam
1356 3710 1712 3776 obtinuisset,
1753 3725 1850 3767 eos
1881 3711 1975 3781 qui

391 3804 655 3859 dederant
681 3804 932 3874 ingratus
962 3817 1092 3873 erga
1142 3802 1420 3857 beneficos
1452 3801 1544 3855 illa
1579 3802 1854 3872 privavit:
1893 3810 1974 3857 at-

355 3968 360 3974 ι
389 3909 499 3965 que
541 3895 616 3948 ita
643 3909 746 3950 nos
775 3894 920 3948 dono
946 3893 1054 3948 isto
1079 3893 1302 3964 spoliati
1329 3908 1544 3948 sumus.
1585 3891 1678 3948 Sic
1714 3894 1806 3950 ille
1834 3909 1961 3950 cum

387 3985 844 4056 resplenduisset,
875 3993 929 4040 et
962 3983 1310 4039 Antiochiam
1334 3985 1504 4041 radiis
1537 3986 1655 4044 suis
1690 3986 1972 4043 illustras-

388 4086 493 4138 set.
557 4079 919 4133 certaminum
975 4079 1137 4132 linem
1184 4084 1382 4133 nactus
1423 4086 1527 4141 est,
1564 4078 1858 4147 repositam
1891 4077 1971 4132 vi-

385 4170 574 4224 ctoriae
603 4185 862 4225 coronam
898 4176 1250 4240 exspectans.
1287 4167 1401 4239 Ego
1452 4184 1583 4225 vero
1612 4185 1778 4240 quam
1807 4169 1876 4224 alt
1905 4184 1971 4226 eo

383 4261 828 4316 benedictionem
849 4260 977 4313 dum
1001 4271 1283 4331 superstes
1301 4267 1448 4317 esset
1461 4267 1798 4316 consecutus
1822 4276 1972 4328 sum,

383 4349 574 4405 eadem
607 4359 666 4404 ut
709 4364 858 4404 nunc
892 4351 1057 4405 etiam
1096 4349 1204 4404 frui
1265 4350 1427 4405 liceat
1465 4351 1789 4414 obsecrans,
1844 4349 1974 4404 huic

381 4455 604 4510 quoque
633 4440 934 4494 narrationi
969 4441 1130 4510 linem
1167 4440 1468 4511 imponam.

2089 3525 2487 3599 πεπλεγμένη),
2533 3527 2612 3596 τῷ
2677 3528 2774 3596 μὲν
2824 3528 3012 3598 ἡμίσει
3063 3531 3266 3601 ταύτης
3317 3530 3416 3602 τὴν
3466 3533 3677 3589 οἰκείαν

2086 3618 2278 3686 ὀσφῦν,
2339 3618 2414 3688 τῷ
2472 3619 2645 3689 ἑτέρῳ
2690 3618 2746 3671 δὲ
2793 3618 3018 3684 διέζωσε
3083 3621 3180 3692 τήν
3227 3623 3389 3692 ἐμήν.
3452 3623 3674 3695 Ταύτην

2083 3711 2347 3774 πολλάκις
2379 3713 2476 3780 μὲν
2505 3711 2630 3782 ἐμοὶ
2665 3710 2912 3765 νοσοῦντι
2955 3713 3204 3767 ἐπιθεῖσα
3237 3715 3269 3782 ή
3306 3715 3510 3785 μήτηρ,
3539 3717 3668 3769 πολ-

2079 3801 2236 3864 λάκις
2265 3801 2322 3854 δὲ
2359 3800 2440 3870 τῷ
2465 3801 2653 3868 πατρὶ,
2679 3800 2779 3871 τὴν
2819 3801 2972 3854 νόσον
3003 3801 3275 3872 ἀπήλασε·
3299 3803 3390 3856 καὶ
3441 3802 3578 3874 αὐτὴ
3611 3803 3667 3857 δὲ

2079 3891 2258 3961 τούτῳ
2283 3890 2362 3960 τῷ
2393 3891 2670 3961 φαρμάκῳ
2712 3889 2849 3961 πρὸς
2893 3889 3080 3958 ὐγείαν
3130 3886 3418 3962 ἐχρήσατο.
3476 3891 3670 3945 Πολλοὶ

2073 3983 2130 4036 δὲ
2152 3981 2247 4036 καὶ
2271 3982 2380 4035 τῶν
2403 3981 2696 4052 γνωρίμων
2737 3981 2895 4035 τοῦτο
2918 3981 3300 4053 μεμαθηκότες
3327 3984 3566 4053 συνεχῶς
3589 3987 3672 4049 εἰς

2077 4073 2398 4146 ἐπικουρίαν
2414 4073 2524 4128 τῶν
2549 4071 2851 4128 νοσούντων
2894 4073 2992 4144 τὴν
3023 4073 3200 4146 ζώνην
3220 4075 3544 4147 ἐλάμϐανον·
3573 4077 3672 4130 καὶ

2079 4165 2360 4237 πανταχοῦ
2384 4166 2482 4236 τῆς
2504 4167 2714 4221 ἐκείνου
2747 4165 2970 4239 χάριτος
2988 4167 3233 4223 ἐδίδασκε
3248 4167 3346 4240 τὴν
3362 4169 3668 4241 ἐνέργειαν.

2079 4257 2238 4312 Οὕτω
2266 4276 2349 4324 τις
2387 4259 2559 4329 αὐτὴν
2605 4257 2788 4314 λαϐὼν
2828 4260 2955 4324 τοὺς
2999 4259 3305 4326 δεδωκότας
3345 4263 3668 4335 ἐστέρησεν,

2081 4351 2354 4421 ἀγνώμων
2413 4351 2544 4425 περὶ
2595 4353 2724 4416 τοὺς
2769 4353 3067 4424 εὐεργέτας
3114 4355 3425 4425 γενόμενος·
3477 4354 3671 4409 τοῦτον

2073 4442 2166 4496 τὸν
2224 4447 2426 4515 τρόπον
2498 4443 2713 4515 ἐκείνης
2773 4445 2872 4516 τῆς
2934 4445 3146 4515 δωρεᾶς
3241 4446 3666 4519 ἐγυμνώθημεν.

382 4532 542 4586 Οῦτω
602 4531 850 4603 -λάμψας,
923 4533 1015 4586 καὶ
1053 4531 1151 4602 τὴν
1198 4531 1475 4603 Ἀντιόχου
1525 4533 1642 4595 ταῖς
1678 4532 1863 4585 ἀκτῖσι
1887 4531 2154 4602 φωτίσας,
2187 4534 2293 4602 ἔξω
2318 4534 2424 4588 τῶν
2459 4534 2690 4605 ἀγώνων
2719 4536 2960 4605 ἐγένετο,
2985 4536 3077 4591 τὸν
3132 4538 3493 4609 ἀποκείμενον
3542 4542 3662 4602 τοῖς

379 4629 695 4700 νικηφόροις
740 4627 1006 4698 στέφανον
1027 4627 1339 4698 ἀναμένων.
1398 4625 1539 4698 Ἐγὼ
1590 4628 1649 4682 δὲ
1691 4621 1762 4701 ἧς
1809 4630 2097 4702 περιόντος
2141 4631 2435 4704 ἁπήλαυσα
2477 4631 2752 4698 εὐλογίας,
2799 4633 3005 4706 ταύτης
3069 4635 3164 4689 καὶ
3201 4634 3298 4691 νῦν
3357 4635 3670 4693 ἀπολαῦσαι

379 4723 797 4790 καθικετεύσας,
829 4724 1003 4795 πέρας
1032 4723 1282 4796 ἐπιθήσω
1355 4724 1451 4777 καὶ
1492 4722 1628 4795 τῷδε
1679 4724 1758 4796 τῷ
1829 4725 2150 4799 διηγήματι.

846 4813 918 4870 Χ.
953 4844 1021 4856 —
1063 4812 1529 4871 THEODOSIUS.

449 4904 671 4961 Rhosus
703 4901 938 4959 Cilicum
969 4903 1101 4959 urbs
1156 4912 1260 4968 est,
1317 4905 1384 4959 ad
1441 4906 1690 4963 dextram
1753 4909 1820 4966 iis
1869 4909 1961 4981 qui

2569 4821 2627 4875 l'.
2661 4849 2730 4861 —-
2766 4819 3159 4876 ΘΕΟΔΟΣῙΟΣ.

2147 4910 2352 4976 Ῥὦσός
2369 4912 2486 4964 ἐστι
2517 4911 2814 4966 Κιλίκισσα
2840 4912 3016 4980 πόλις,
3062 4913 3120 4964 ἐν
3152 4913 3302 4986 δεξιᾷ
3347 4913 3663 4971 εἰσπλέοντι

315 4962 319 4968 Ι
376 4997 584 5054 Cilicia;
632 4995 814 5053 sinum
865 4962 1271 5066 ingrediuntur.
1318 4993 1495 5068 Hujus
1545 4962 1850 5056 adfert—uin
1876 4962 1961 5056 ³έὶ

2092 4962 2430 5056 traxe...
2447 4962 2456 4964 “
2472 4962 2680 5057 .63....
2783 4962 3016 5073 ius:
3034 4962 3176 5075 τέῥδξ
3185 4962 3428 5061 ita;
3443 4962 3664 5080 έλξξςζιέλζ

377 5087 659 5144 meridiem
683 5102 841 5143 mons
869 5095 954 5142 est
991 5087 1159 5154 altus,
1200 5088 1480 5158 spatiosus
1554 5097 1608 5145 et
1640 5091 1961 5156 umbrosus,

376 5177 548 5244 quiet
577 5176 721 5233 feras
751 5192 968 5247 quoque
1009 5186 1252 5248 agrestes
1279 5178 1334 5232 in
1382 5180 1536 5236 silvis
1593 5181 1710 5236 alit.
1765 5183 1824 5236 In
1859 5183 1962 5236 hoc

378 5268 576 5322 saltum
610 5267 900 5337 quemdam
924 5267 989 5323 ad
1025 5283 1177 5325 mare
1235 5279 1549 5339 vergentem
1583 5281 1802 5338 nactus,
1844 5287 1958 5326 mae

377 5374 517 5428 gnus
584 5360 1082 5430 celeberrimusque
1159 5359 1508 5420 Theodosius
1545 5401 1558 5428 ,
1613 5379 1780 5434 parva
1853 5366 1959 5422 sibi

445 5534 472 5575 ιι
492 5534 614 5590 Aet.
636 5549 711 5599 ix,
736 5535 824 5590 40.
901 5545 921 5568 ·
951 5538 1072 5593 Aet.
1096 5554 1212 5604 xix,
1244 5536 1329 5592 l2.

2067 5093 2250 5164 δρίαν,
2279 5095 2404 5166 ὅρος
2426 5095 2577 5149 ἐστὶν
2596 5095 3172 5168 ὑψηλὸν,ἁμφιλαφὶς,
3203 5099 3298 5152 καὶ
3334 5100 3657 5156 κατάσκιον·

2064 5185 2256 5256 τρέφει
2285 5189 2342 5241 δὲ
2393 5189 2487 5242 καί
2511 5189 2683 5259 θῆρας
2731 5190 2789 5242 ἐν
2821 5191 2943 5253 ταῖς
2989 5189 3223 5261 λόχμαις
3270 5192 3520 5263 ἀγρίους.
3568 5193 3659 5247 Ἐν

2066 5277 2242 5349 τούτῳ
2261 5282 2439 5351 νάπην
2467 5280 2642 5352 εὑρών
2678 5299 2820 5347 τινα,
2865 5283 3004 5353 πρὸς
3031 5282 3304 5338 θάλασσαν
3329 5283 3657 5339 ἀποκλίνουα

2071 5384 2189 5434 σαν,
2231 5373 2259 5424 6
2299 5369 2474 5441 μέγας
2511 5372 2607 5426 καὶ
2637 5371 3077 5445 πολυθρύλλητος
3115 5373 3417 5442 Θεοδόσιος,
3448 5373 3656 5446 βραχύν

1651 5652 1882 5708 VARUE
1927 5608 2308 5718 l.EC'l‘l()NES

447 5743 490 5828 ξο
519 5745 602 5825 an
631 5745 920 5815 legendum
953 5749 1078 5804 ιδιὰ
1109 5748 1220 5803 τῶν
1257 5748 1508 5817 ἱματίων,
1534 5763 1588 5818 q,
1621 5747 1678 5805 d.
1714 5765 1912 5820 corpus
1942 5768 1982 5808 s.

2092 5755 2172 5828 itis
2201 5772 2286 5825 per
2337 5760 2554 5814 vestes?
2669 5761 2709 5793 "

377 5813 645 5871 habuisse.

2769 5761 2964 5818 πόντον
3009 5763 3226 5819 videtur
3257 5762 3478 5818 Hervcti
3505 5763 3646 5820 liber
