4030 6430
227 469 372 543 1389

1469 485 1875 546 RELIGIOSA
1914 485 2276 546 HISTORIA
2289 534 2301 546 .

3374 495 3508 562 1390

226 615 356 653 τινα
384 592 629 652 οἰκίσκον
682 598 1066 671 οἰκοδομήσας,
1123 599 1282 671 μόνος
1316 602 1413 673 τὴν
1457 602 1813 672 εὐαγγελικὴν

1925 608 2212 655 exstructa
2273 599 2645 666 domuncula,
2691 600 2860 655 vitam
2913 602 3063 659 solus
3090 609 3370 675 amplexus
3422 620 3507 666 est

130 760 137 764 _
226 690 511 760 ἠσπάζετο
567 690 863 745 πολιτείαν.
913 692 1079 762 Ἀνὴρ
1128 692 1193 745 ἐκ
1268 692 1367 763 τῆς
1410 694 1681 765 Ἀντιόχου
1720 693 1818 764 μὲν

227 780 591 851 ὁρμώμενος,
654 780 921 852 ἐπίσημος
974 782 1032 836 δὲ
1081 781 1157 836 ὣν
1210 784 1318 837 ἀπὸ
1353 783 1455 854 τῆς
1499 785 1593 838 τοῦ
1627 785 1820 853 γένους

220 870 616 941 λαμπρότητος
640 887 657 902 ι
683 870 801 924 ἀλλ’
825 873 974 942 ὅμως
995 873 1090 927 καὶ
1114 875 1313 938 οἰκίαν,
1348 876 1444 930 καὶ
1475 877 1816 945 συγγένειαν,

222 966 323 1017 καὶ
344 964 515 1018 τᾶλλα
542 964 723 1018 πάντα
752 964 1089 1031 καταλιπὼν,
1120 967 1213 1021 τὸν
1256 967 1623 1040 πολυτίμητον
1650 969 1818 1037 εὐαγ-

220 1053 465 1123 γελικῶς
506 1055 681 1109 εἰπεῖν
706 1056 938 1127 ἐπρίατο
993 1058 1361 1130 μαργαρίτην.
1394 1059 1531 1131 Περὶ
1582 1059 1682 1130 μὲν
1724 1055 1818 1113 οὖν

219 1144 524 1208 ἀπαστίας,
554 1144 651 1198 καὶ
681 1147 1005 1215 χαμευνίας,
1037 1149 1133 1205 καὶ
1189 1146 1291 1217 τῆς
1321 1149 1387 1201 ὲκ
1414 1147 1616 1219 τριχῶν
1638 1149 1820 1220 ἀμπεε

219 1236 411 1306 χόνης,
446 1234 706 1307 περιττόν
725 1239 842 1291 ὲστι
899 1237 1079 1310 λέγειν
1130 1241 1244 1302 τοῖς
1286 1240 1413 1304 τοὺς
1440 1238 1652 1294 ἐκείνου
1695 1240 1816 1295 θια-

174 1379 177 1383 .
222 1328 408 1392 σὼτας
433 1328 529 1381 καὶ
552 1329 815 1399 φοιτητὰς
837 1330 1155 1405 θεωμένοις,
1174 1333 1269 1387 καὶ
1296 1332 1500 1403 ταύτην
1537 1335 1595 1387 ὲν
1634 1333 1818 1399 αὐτοῖς

212 1419 395 1491 ’δρῶσι
454 1420 555 1491 τὴν
617 1422 919 1477 πολιτείαν.
965 1426 1345 1497 Διαφερόντως
1377 1424 1436 1479 δὲ
1463 1427 1613 1496 ὅμως
1643 1426 1817 1480 ταῦτα

220 1513 436 1576 ἐκεῖνος
473 1513 685 1585 μετῄει,
718 1514 814 1568 {ire
843 1513 909 1587 δὴ
944 1516 1299 1586 παράδειγμα
1315 1516 1509 1570 ἑαυτὸν
1538 1517 1819 1590 προτιθεὶς

216 1606 334 1667 τοῖς
364 1606 771 1675 εἰσαγομένοις.
798 1606 1118 1678 Προσετίθει
1149 1607 1207 1661 δὲ
1253 1602 1467 1671 τούτοις
1488 1608 1548 1661 τὸ
1580 1609 1645 1662 ἐκ
1669 1607 1818 1680 σιδήε

218 1711 319 1766 pou
357 1695 581 1767 φορτίον
614 1696 828 1766 αὐχένι,
861 1698 955 1751 καὶ
983 1696 1166 1765 ὀσφύϊ,
1204 1698 1297 1752 καὶ
1342 1698 1546 1769 ἀμφοῖν
1567 1702 1688 1753 ταῖν
1719 1715 1814 1770 χε-

219 1790 358 1859 ροῖν.
387 1788 500 1841 Καὶ
521 1789 700 1860 κόμην
723 1789 781 1843 δὲ
810 1789 1006 1862 ἔφερεν
1037 1791 1352 1863 αὐχμηρὰν,
1374 1791 1470 1845 καὶ
1496 1792 1691 1864 μέχρις
1718 1793 1815 1847 αὐ·-

212 1882 330 1936 ’τῶν
354 1882 651 1951 διήκουσαν
680 1882 791 1936 τῶν
841 1883 1040 1949 ποδῶν,
1074 1884 1169 1937 καὶ
1224 1883 1539 1957 περαιτέρω
1581 1884 1813 1956 προϐαί-

1922 693 2294 763 cvangelicam
2324 734 2338 757 ,
2368 693 2453 747 vir
2474 699 2597 747 ortu
2629 693 2849 764 quidem
2885 695 3282 764 Antiochenus,
3313 717 3509 771 genere

1922 792 2104 838 autem
2130 783 2296 837 nobili
2327 783 2604 839 etillustri
2634 823 2649 849 ,
2692 783 2788 839 sed
2818 784 2934 855 qui,
2978 786 3143 842 domo
3201 782 3508 862 ct'cogna-

1922 875 2077 931 tione
2108 883 2162 930 et
2188 876 2448 931 omnibus
2476 876 2601 931 aliis
2630 876 2861 940 relictis,
2896 878 3216 945 pretiosam,
3240 882 3389 951 quod
3419 892 3506 938 cst

1918 967 1977 1022 in
2021 966 2314 1039 Evangelio
2341 970 2381 1033 ',
2425 967 2557 1023 emit
2605 969 2975 1038 margaritam.
3035 968 3112 1025 De
3150 971 3314 1041 hujus
3374 988 3505 1042 ergo

1918 1058 2270 1126 abstinentia,
2301 1059 2564 1129 humique
2597 1059 2918 1125 cubatione,
2947 1074 3011 1115 ac
3058 1072 3212 1118 veste
3258 1063 3501 1127 'cilicino,

1920 1165 2392 1221 supervacaneum
2413 1151 2485 1205 sit
2506 1150 2574 1206 iis
2616 1164 2841 1205 narrare
2902 1151 2996 1221 qui
3034 1151 3154 1222 ejus
3203 1155 3505 1225 discipulos

1918 1241 2131 1306 vident,
2174 1241 2432 1311 idemque
2481 1241 2538 1295 in
2595 1242 2705 1298 illis
2763 1241 3075 1298 institutum
3131 1248 3501 1316 consmciunt.

1920 1331 2210 1403 lnsigniter
2235 1340 2416 1389 tamen
2446 1333 2563 1388 haec
2586 1334 2675 1389 ille
2700 1335 3022 1405 praestabat,
3071 1345 3133 1390 ut
3171 1339 3264 1407 qui
3316 1354 3506 1395 exem-

1917 1424 2065 1495 plum
2103 1424 2171 1481 iis
2200 1438 2342 1496 quos
2371 1425 2701 1481 instituebat
2751 1425 2991 1496 seipsum
3032 1427 3247 1499 1196
3302 1445 3505 1502 propo-

1919 1520 2095 1569 neret.
2130 1514 2211 1569 Ad
2246 1515 2365 1570 haec
2394 1523 2579 1571 autem
2616 1514 2749 1571 ferri
2776 1531 2997 1586 quoque
3030 1519 3244 1587 pondus
3278 1521 3422 1575 collo
3442 1537 3507 1577 ac

1916 1604 2143 1669 lumbis,
2171 1616 2226 1661 et
2254 1605 2524 1661 ambabus
2557 1607 2813 1663 manibus
2842 1607 3061 1676 adjecit.
3099 1608 3325 1664 Comam
3361 1627 3506 1680 prai-

1915 1704 2065 1753 terea
2099 1698 2350 1768 gestabat
2381 1697 2716 1768 squalidam,
2748 1707 2801 1754 et
2834 1699 2900 1754 ad
2927 1701 3077 1771 ipsos
3112 1718 3286 1772 usque
3338 1706 3505 1775 pedes

1917 1790 2338 1860 pdi‘tlngentem,
2359 1793 2522 1860 atque
2538 1789 2768 1847 ulterius
2787 1792 2947 1847 etiam
2980 1795 3313 1863 tendentem,
3329 1812 3505 1868 eoque

1916 1881 2121 1937 lumbis
2167 1882 2465 1952 alligatam.
2514 1878 2767 1936 Orationi
2807 1893 2861 1938 et
2906 1884 3218 1955 hymnodiae
3275 1903 3503 1957 operam
3610 1910 3621 1917 -

210 1982 441 2035 νουσαν,
508 1971 603 2024 καὶ
647 1970 839 2025 τούτου
885 1973 1048 2043 χάριν
1090 1976 1157 2044 τῇ
1195 1972 1302 2037 ίξύῖ
1356 1973 1811 2046 προσδεδεμένην.

1914 1971 2154 2026 navabat
2174 1968 2475 2037 assiduam.
2504 1969 2879 2041 Cupiditatem
2905 1981 2961 2027 et
2991 1977 3126 2028 iram
3167 1984 3221 2030 et
3254 1973 3488 2039 fastum.

214 2060 510 2135 Προσευχῇ
536 2064 594 2118 δὲ
622 2064 716 2116 καὶ
758 2064 1002 2135 ὑμνῳδίᾳ
1041 2063 1307 2135 διηνεκῶς
1344 2063 1648 2137 χρώμενος,
1702 2067 1815 2119 ἐπι-

212 2154 449 2225 θυμίαν,
482 2155 577 2208 καὶ
602 2153 794 2224 θυμὸν,
834 2156 928 2208 καὶ
988 2154 1178 2224 τῦφον,
1213 2156 1307 2210 καὶ
1360 2155 1531 2210 τᾶλλα
1551 2156 1619 2211 τὰ
1648 2156 1815 2229 ἀγρια

212 2245 319 2314 τῆς
370 2244 551 2315 ψυχῆς
612 2242 964 2314 κατεκοίμιζε
1031 2244 1229 2316 θηρία’
1277 2245 1462 2311 πόνοις
1509 2246 1567 2300 δὲ
1612 2246 1814 2312 πόνους

213 2333 475 2402 ὲπαύξων
508 2332 616 2403 ἀεὶ,
650 2337 746 2390 καὶ
791 2335 891 2408 τὴν
939 2336 1141 2408 χειρῶν
1171 2338 1437 2408 ἐργασίαν
1466 2338 1682 2410 μετῄει,
1715 2340 1811 2393 νῦν

216 2429 321 2500 μὲν
344 2427 448 2491 τὰς
477 2428 824 2499 καλουμένας
847 2427 1064 2498 ῥιπίδας
1107 2428 1349 2498 ὕφαίνων
1405 2430 1500 2485 καὶ
1522 2430 1809 2503 σπυρίδας,

213 2521 317 2573 νῦν
338 2519 395 2573 δὲ
419 2519 624 2594 μικρὰς
641 2518 882 2589 ἀρούρας
907 2519 966 2573 ὲν
993 2522 1060 2591 τῇ
1083 2519 1232 2593 νάπῃ
1251 2521 1700 2588 κατασκευάζων,
1716 2524 1812 2578 καὶ

215 2611 519 2683 σπέρματα
553 2610 934 2674 καταϐάλλων,
968 2611 1064 2663 καὶ
1102 2609 1203 2682 τὴν
1242 2611 1575 2684 ἀποχρῶσαν
1603 2611 1812 2666 ἐκεῖθεν

214 2702 497 2770 συλλέγων
542 2702 773 2773 τροφήν.
810 2701 1030 2773 Ἐπειδὴ
1081 2701 1140 2755 δὲ
1173 2701 1268 2756 τοῦ
1294 2704 1489 2774 χρόνου
1528 2705 1813 2775 προϊόντος

217 2794 489 2850 πάντοθεν
544 2794 710 2847 αὑτοῦ
737 2794 799 2847 τὸ
823 2794 980 2859 κλέος
1034 2793 1298 2866 διέτρεχε,
1331 2794 1584 2850 συνέθεον
1621 2795 1812 2850 πολλοὶ

217 2883 580 2956 πολλαχόθεν,
608 2885 939 2956 κοινωνῆσαι
967 2884 1117 2957 αὐτῷ
1152 2885 1249 2940 καὶ
1277 2886 1565 2958 οἰκήσεως,
1587 2886 1683 2942 καὶ
1713 2887 1811 2940 πό·

215 2994 347 3043 νων,
377 2977 475 3032 καὶ
499 2976 778 3040 πολιτείας
805 2977 1228 3047 ἐπιθυμοῦντες
1262 2980 1356 3033 καὶ⁸
1373 2979 1597 3051 τούτους
1626 2980 1815 3034 ὑποδε-

214 3069 472 3140 χόμενος,
509 3067 604 3121 ἐπὶ
630 3066 822 3122 τοῦτον
854 3069 1114 3140 ὲποδήγει
1133 3069 1226 3124 τὸν
1254 3068 1397 3141 βίον·
1427 3069 1524 3125 καὶ
1554 3065 1624 3143 ἦν
1660 3072 1811 3139 ίδεῖν,

211 3161 345 3224 τοὺς
386 3159 487 3230 μὲν
506 3159 672 3227 ἱστία,
702 3159 828 3226 τοὺς
850 3159 907 3214 δὲ
938 3160 1154 3233 δέρρεις
1182 3161 1431 3233 τριχίνας
1460 3164 1809 3234 ὑφαίνοντας,

214 3253 343 3317 τοὺς
366 3251 424 3304 δὲ
443 3250 542 3316 τὰς
560 3251 781 3322 ῥιπίδας
803 3252 837 3323 ἢ
880 3253 980 3318 τὰς
1005 3254 1273 3325 σπυρίδας
1289 3254 1700 3323 διαπλέκοντας,
1716 3256 1815 3312 ἀλ-

1916 2071 2253 2132 cteterasque
2274 2061 2443 2116 animi
2467 2060 2612 2117 feras
2630 2061 2921 2117 edomabat
2942 2082 2955 2118 :
2983 2063 3197 2121 labores
3216 2066 3502 2124 laboribus

1916 2168 2131 2224 semper
2159 2167 2386 2224 augens,
2419 2167 2681 2208 manuum
2700 2168 2921 2224 quoque
2945 2156 3164 2226 opiﬁcia
3201 2159 3498 2225 tractabat,

1915 2260 2063 2301 nunc
2089 2244 2301 2301 ﬂabella
2324 2260 2446 2316 quae
2472 2253 2690 2311 vocant,
2709 2247 3108 2318 sportellasque
3131 2257 3339 2316 texens,
3355 2267 3504 2307 nunc

1915 2338 2120 2409 agellos
2156 2338 2210 2392 in
2247 2337 2391 2393 saltu
2411 2351 2635 2407 parans,
2664 2345 2719 2391 et
2769 2338 2987 2393 semina
3032 2354 3319 2410 spargens,
3358 2342 3503 2397 unde

1915 2429 2230 2485 necessaria
2250 2428 2374 2484 vita:
2409 2429 2668 2484 alimenta
2694 2428 2996 2501 colligeret.
3038 2430 3333 2502 Postquam
3365 2448 3498 2488 vero

1914 2520 2178 2590 temporis
2206 2534 2504 2590 progressu
2553 2520 2673 2588 ejus
2727 2520 2870 2574 fama
2920 2520 3032 2577 late
3083 2521 3358 2592 divulgata
3391 2535 3498 2588 est,

1915 2612 2070 2665 multi
2102 2611 2291 2667 multis
2329 2625 2396 2666 ex
2431 2610 2569 2665 locis
2599 2620 2983 2677 accurrerunt,
3004 2612 3059 2666 in
3085 2612 3206 2682 ejus
3252 2612 3501 2684 discipli-

1916 2718 2001 2759 na:
2035 2704 2502 2772 babitationisque
2562 2704 2880 2758 societatem
2939 2705 3128 2759 venire
3172 2705 3498 2775 cupientes:

1917 2810 2055 2868 quos
2083 2796 2368 2867 excipiens
2397 2796 2464 2850 ad
2505 2795 2610 2850 hoc
2655 2793 2782 2849 vitae
2826 2809 2999 2864 genus
3045 2794 3388 2852 instituebat.
3421 2797 3503 2853 Ac

1917 2887 2107 2943 videre
2134 2894 2254 2943 erat
2275 2886 2376 2943 bos
2410 2887 2550 2948 vela,
2608 2886 2733 2941 illos
2789 2885 2970 2952 cilicia
3028 2893 3298 2950 texentes,
3362 2888 3503 2943 alios

1915 2976 2158 3047 ﬂabella,
2184 2978 2325 3034 alios
2370 2978 2664 3049 sportellas
2704 2978 3028 3049 plectente‘s,
3078 2980 3215 3035 alios
3260 2981 3503 3051 agricul-

1916 3079 2053 3126 turae
2084 3084 2307 3141 operam
2336 3070 2550 3126 dantes.
2579 3070 2643 3125 Et
2686 3070 2817 3140 quia
2879 3071 3017 3125 mari
3064 3069 3329 3126 ﬁnitimus
3381 3079 3501 3127 erat

1917 3162 2093 3226 locus,
2131 3162 2383 3234 cymbam
2441 3163 2605 3218 etiam
2652 3169 2848 3232 postea
2897 3162 3196 3228 labricans,
3239 3177 3302 3216 ea
3364 3179 3500 3219 usus
3579 3225 3591 3236 ,

1917 3262 2003 3310 est
2037 3253 2107 3309 ad
2134 3269 2306 3309 onera
2349 3254 2728 3319 convehenda,
2781 3262 3078 3324 exportans
3135 3257 3502 3311 contuberna-

213 3345 341 3410 λους
351 3344 408 3399 δὲ
423 3343 521 3416 τὴν
532 3361 604 3416 γη
611 3361 708 3399 πον
716 3345 801 3401 ίαν
818 3345 1412 3415 ἀναδεδεγμένους.Καὶ
1431 3347 1618 3420 ἐπειδὴ
1637 3360 1813 3422 παρα-

1917 3343 2050 3399 lium
2078 3343 2555 3415 opera,invehens
2593 3357 2715 3413 quae
2743 3350 2899 3397 erant
2926 3343 3262 3399 necessaria.
3297 3342 3504 3400 Memor

213 3438 509 3494 θαλάσσιον
559 3433 630 3509 ἦν
659 3437 720 3492 τὸ
756 3437 977 3509 χωρίον,
1004 3437 1100 3492 καὶ
1132 3439 1431 3511 πορθμεῖον
1457 3437 1685 3513 ὕστερον
1713 3454 1814 3496 κα-

211 3525 586 3590 τασκευάσας,
616 3526 792 3598 τούτῳ
824 3528 906 3591 είς
934 3528 1033 3598 τὴν
1055 3526 1165 3582 τῶν
1213 3528 1517 3599 ἀγωγίμων
1541 3529 1811 3602 ἐκέχρητο

212 3616 429 3689 χρείαν,
463 3615 777 3686 ἐκκομίξων
795 3616 906 3671 τῶν
946 3617 1208 3673 συνοίκων
1228 3620 1298 3672 τά
1322 3618 1481 3689 ἔργα,
1509 3619 1607 3673 καὶ
1631 3621 1813 3675 εἰσκο-

214 3707 399 3777 μίζων
424 3705 492 3760 τὰ
510 3705 723 3759 δέονται
760 3705 873 3777 Τῆς
905 3705 1276 3776 ἀποπολικῆς
1321 3706 1430 3778 γὰρ
1462 3707 1812 3779 μεμνημένος

209 3801 426 3875 φωνῆς,
447 3798 545 3869 τῆς
577 3797 863 3869 λεγούσηςδ
890 3816 908 3851 ι
930 3797 1144 3863 Νυκτὸς
1161 3798 1253 3852 καὶ
1276 3797 1493 3870 ἡμέρας
1509 3796 1814 3870 ἐργαζόμε-

211 3909 320 3958 νοι,
338 3892 421 3957 είς
435 3890 496 3944 τὸ
525 3888 599 3962 μὴ
618 3889 948 3962 ἐπιϐαρῆσαί
972 3906 1095 3943 τινα
1126 3888 1333 3960 ὑμῶν’)
1359 3888 1473 3955 καὶ,
1496 3907 1516 3942 ι
1533 3889 1600 3943 Αἱ
1627 3891 1810 3960 χεῖρες

210 3978 384 4039 αὗται
414 3982 542 4055 ἐμοὶ
566 3983 663 4038 καὶ
697 3985 810 4047 τοῖς
838 3984 935 4037 σὺν
969 3981 1095 4053 ἐμοὶ
1123 3983 1459 4053 ὲπήρκεσαψ
1507 4000 1527 4033 ι
1557 3980 1719 4043 αὑτός
1749 3990 1812 4034 τε

208 4075 532 4150 εἰργάξετο,
565 4077 662 4132 καὶ
718 4076 849 4140 τοὺς
883 4076 1226 4147 ὁμοσκήνους
1270 4071 1506 4145 παρῄνει
1526 4075 1638 4137 τοῖς
1668 4072 1812 4128 κατά

211 4168 401 4240 ψυχὴν
423 4166 611 4230 πόνοις
630 4165 863 4229 καὶτοὺς
884 4165 1235 4236 σωματικοὺς
1258 4163 1632 4236 συνεισφέρειν
1651 4161 1815 4234 ἱδρῶ-

216 4268 339 4322 τας.
362 4254 478 4311 Καὶ
506 4255 615 4325 γὰρ
642 4253 864 4321 ἄτοπον,
887 4253 1016 4318 τοὺς
1035 4253 1132 4325 μὲν
1172 4253 1231 4308 ἐν
1260 4253 1361 4326 βίῳ
1388 4253 1810 4325 στρεφομένους,

210 4347 317 4404 καὶ
367 4347 561 4403 παιδία
610 4346 709 4403 καὶ
771 4347 1038 4417 γυναῖκας
1106 4345 1657 4418 ταλαιπωρουμένους
1719 4345 1815 4400 καὶ

207 4439 523 4503 Mucium;
558 4437 916 4513 ἀποτρέφειν,
948 4436 1201 4510 καὶπρὸς
1238 4436 1452 4502 τούτοις
1484 4437 1579 4492 καὶ
1613 4437 1814 4510 φόρους

207 4531 516 4605 εἰσφέρειν,
578 4531 674 4586 καὶ
720 4530 964 4601 δασμοὺς
1005 4528 1380 4593 ἀπαιτεῖσθαι,
1411 4527 1536 4585 ’καὶ
1571 4527 1652 4600 τῷ
1692 4527 1812 4599 Θεῷ

208 4623 559 4696 προσφέρειν
585 4622 688 4687 τὰς
739 4620 1019 4693 ἀπαρχὰς,
1079 4621 1178 4675 καὶ⁸
1222 4620 1334 4675 τῶν
1387 4620 1701 4692 προσαιτῶν
1731 4622 1814 4686 είς

202 4711 453 4788 δύναμιν
481 4715 808 4787 θεραπεύειν
828 4716 928 4785 τὴν
956 4713 1166 4768 ἔνδειαν
1190 4732 1203 4746 '
1248 4714 1396 4786 ἡμᾶς
1424 4712 1484 4769 δὲ
1508 4713 1610 4784 τὴν
1635 4714 1810 4783 ἀναγσ
1841 4697 1886 4757 Π

206 4808 383 4863 καίαν
414 4809 601 4863 ἐκτῶν
628 4809 808 4863 πόνων
828 4806 905 4879 μὴ
927 4804 1247 4877 πορίζεσθαι
1269 4805 1491 4877 χρείανδ
1520 4805 1809 4861 καὶταῦτα

203 4896 434 4952 εὐτελεῖ
466 4898 567 4969 μὲν
616 4899 793 4971 τροφῇ
845 4897 943 4951 καὶ
1000 4894 1251 4968 βραχείᾳ,
1296 4894 1508 4950 εὐτελεῖ
1524 4896 1582 4950 δὲ
1614 4896 1810 4968 ἐσθῆτι

203 4988 540 5064 χρωμένους
564 5004 578 5020 ⁶
615 4989 753 5044 ἀλλὰ
771 4987 1044 5059 καθῆσθαι
1061 4987 1194 5042 εἴσω
1217 4988 1317 5052 τὰς
1341 4989 1531 5059 χεῖρας
1561 4986 1807 5060 ἔχοντας,

204 5082 316 5137 καὶ
337 5079 448 5136 τῶν
468 5081 769 5155 ἀλλοτρίων
794 5081 994 5154 χειρῶν
1014 5081 1450 5152 καρπουμένους.
1489 5080 1675 5135 Ταῦτα
1714 5083 1810 5137 καὶ

204 5179 289 5233 τὰ
317 5175 546 5232 τοιαῦτα
606 5176 804 5247 λέγων,
856 5178 951 5231 ἐπὶ
994 5176 1093 5248 τὴν
1157 5175 1421 5248 ἐργασίαν
1471 5175 1809 5249 προέτρεπε*

209 5269 323 5334 τὰς
351 5268 453 5341 μὲν
503 5268 786 5341 πανταχοῦ
826 5268 1223 5342 νενομισμένας
1270 5268 1422 5333 θείας
1470 5263 1812 5340 λειτουργίας

211 5360 492 5415 ἐπιτελῶν
521 5363 601 5426 είς
619 5361 813 5429 καιρόν
835 5377 848 5391 ·
884 5362 976 5416 τὸν
1006 5361 1065 5415 δὲ
1080 5360 1285 5433 μεταξὺ
1305 5361 1499 5432 χρόνον
1520 5359 1813 5432 ἀπονέμων

211 5460 290 5527 τῇ
315 5455 571 5527 ἐργασίᾳ.
595 5456 708 5526 Οὐχ
736 5455 938 5526 ἥκιστα
961 5453 1019 5508 δὲ
1043 5454 1141 5526 τῆς
1172 5452 1280 5509 τῶν
1306 5453 1470 5520 ξένων
1491 5453 1814 5525 ἐπεμελεῖτο

215 5532 559 5619 θεραπείας·
608 5546 840 5618 ἀνδράσι
888 5528 1161 5619 πραότητι
1204 5545 1299 5600 καὶ
1332 5546 1681 5616 φρονήματος
1714 5562 1810 5616 με-

214 5641 470 5712 τριότητι
524 5637 984 5709 κεκοσμημῶνοις,
1027 5638 1123 5692 καὶ
1171 5639 1273 5709 τὴν
1321 5638 1453 5710 περὶ
1498 5637 1591 5692 τὸν
1637 5636 1809 5702 πέλας

216 5731 588 5809 κεκτημένοις
647 5729 893 5801 ἀγάπην,
939 5728 1146 5800 ταύτην
1183 5729 1496 5805 ἐγχειρίσας
1535 5728 1633 5802 τὴν
1681 5728 1809 5801 πρόο

302 5909 322 5951 ί
369 5908 390 5963 ι
423 5872 620 5965 Tlicss.
653 5924 712 5975 ll,
743 5907 796 5964 9.
877 5918 901 5959 ι
944 5910 1067 5964 Act.
1110 5923 1204 5973 xx,
1239 5907 1329 5962 54.

1914 3437 2060 3493 enim
2093 3436 2382 3493 sententiae
2404 3435 2760 3506 apostolicae:
2803 3452 2823 3486 ι
2863 3432 3037 3491 Nocte
3056 3449 3120 3490 ac
3146 3435 3234 3491 die
3264 3450 3502 3506 operan-

1914 3534 2020 3594 tos,
2053 3544 2123 3583 ne
2142 3543 2306 3598 quem
2338 3538 2578 3583 vestrum
2601 3540 2961 3598 gravaremus
2987 3525 3034 3593 f;
3066 3545 3085 3578 ι
3118 3535 3210 3583 et:
3250 3546 3270 3580 ‹
3308 3525 3392 3581 Ad
3437 3541 3504 3583 ea

1915 3633 2038 3689 qua:
2064 3618 2196 3673 mihi
2225 3634 2367 3688 opus
2391 3625 2573 3683 erant,
2603 3628 2660 3672 et
2675 3618 2762 3672 his
2791 3617 2887 3687 qui
2933 3632 3151 3673 mecum
3193 3625 3342 3683 sunt,
3396 3617 3504 3670 mi-

1912 3709 2291 3765 nistraverunt
2329 3724 2528 3763 manus
2554 3708 2673 3764 ista:
2703 3710 2749 3774 ε,
2792 3726 2810 3762 ι
2849 3713 2906 3763 et
2968 3708 3302 3778 operabatur
3356 3708 3495 3778 ipse,

1848 3820 1851 3823 ν
1912 3809 1969 3858 et
1992 3800 2177 3857 socios
2201 3808 2261 3855 ut
2282 3814 2405 3854 cum
2425 3800 2625 3854 animae
2674 3798 2959 3855 laboribus
3016 3798 3269 3868 corporis
3331 3799 3500 3853 etiam

1913 3892 2130 3948 labores
2146 3890 2544 3962 conjungerent
2564 3889 2911 3944 hortabatur.
2939 3887 3153 3943 Etenim
3192 3887 3500 3944 absurdum

1911 3998 2035 4040 esse
2057 3996 2174 4047 eos,
2203 3981 2296 4052 qui
2324 3980 2381 4035 in
2428 3979 2630 4035 saeculo
2683 3984 2998 4043 versantur,
3055 3984 3111 4033 et
3168 3977 3377 4033 liberos
3437 3984 3494 4033 et

1912 4090 2115 4146 uxores
2145 4074 2336 4130 multis
2361 4086 2487 4128 cum
2510 4070 2775 4127 aerumnis
2825 4078 2881 4125 et
2928 4066 3213 4125 laboribus
3277 4066 3494 4138 1197

1912 4167 2081 4231 alere,
2116 4173 2285 4236 atque
2304 4166 2532 4235 insuper
2552 4163 2758 4219 tributa
2789 4159 3078 4226 conferre,
3115 4168 3171 4216 et
3202 4160 3497 4230 vectigalia

1912 4256 2173 4330 pendere,
2217 4264 2273 4312 et
2322 4250 2435 4312 Deo
2472 4253 2748 4327 primitias
2802 4251 3026 4318 otl'erre,
3083 4266 3498 4323 pauperumque

1911 4348 2110 4419 inopiae
2137 4363 2236 4420 pro
2258 4347 2473 4404 viribus
2487 4346 2780 4403 subvenire
2807 4363 2823 4400 :
2855 4359 2958 4403 nos
2980 4358 3113 4400 vero
3129 4358 3221 4400 res
3242 4359 3501 4401 necessa-

1912 4442 2027 4498 rias
2060 4442 2343 4501 laboribus
2371 4441 2579 4498 nostris
2622 4454 2733 4496 non
2776 4452 2996 4510 parare,
3037 4435 3339 4507 praesertim
3373 4450 3501 4492 cum

1911 4533 2011 4590 vili
2098 4548 2166 4591 ac
2247 4533 2467 4591 modico
2535 4532 2682 4599 cibo,
2762 4531 2969 4602 vilique
3022 4536 3172 4584 veste
3231 4534 3496 4593 utamur,

1913 4623 2013 4682 sed
2056 4624 2396 4696 compressis
2454 4622 2712 4679 manibus
2762 4619 2978 4685 sedere,
3036 4617 3344 4688 alienisque
3387 4616 3498 4673 frui

1913 4716 2196 4773 manibus.
2219 4714 2318 4772 His
2355 4715 2593 4786 aliisque
2624 4712 2899 4770 similibus
2931 4710 3115 4766 verbis
3144 4710 3210 4766 ad
3253 4710 3502 4767 laborem

1912 4808 2039 4866 illos
2067 4796 2679 4875 excitabat,consueta
2727 4803 2934 4875 ubique
2984 4801 3174 4857 divina
3220 4800 3395 4859 oﬂicia
3444 4803 3502 4857 in

1912 4909 2161 4971 tempore
2186 4914 2474 4972 peragens,
2505 4896 2654 4970 quod
2709 4911 2840 4953 vero
2893 4893 3275 4951 intercedebat
3332 4894 3500 4964 spatii

1912 4990 2065 5063 operi
2093 4988 2347 5046 faciendo
2373 4986 2721 5059 impendens.
2750 4984 3040 5055 Hospitum
3079 4991 3263 5039 autem
3305 4997 3499 5038 curam

1911 5082 2131 5156 gerebat
2159 5096 2270 5137 non
2302 5081 2498 5147 levem,
2527 5079 2666 5134 viris
2716 5073 3143 5133 mansuetudine
3201 5072 3501 5129 modestia-

1916 5190 2024 5244 que
2050 5173 2286 5242 ornatis,
2313 5180 2375 5230 et
2403 5179 2668 5244 spectatae
2717 5172 2773 5226 in
2821 5168 3136 5242 proximum
3189 5165 3502 5230 charitatis,

1915 5269 2018 5326 has
2045 5277 2235 5340 partes
2268 5264 2643 5322 committens.
2691 5263 2816 5335 Ipse
2866 5277 2998 5320 vero
3055 5259 3385 5332 inspiciebat
3444 5265 3505 5316 et

1913 5359 2238 5430 explorabat
2260 5357 2467 5423 omnia,
2511 5369 2580 5411 an
2615 5370 2680 5411 ex
2744 5353 3083 5427 pmscriptis
3136 5352 3347 5423 legibus
3401 5365 3506 5407 sua

1913 5453 2149 5524 quisque
2182 5450 2368 5506 munia
2390 5449 2590 5506 obiret.
2633 5447 2795 5505 Tanti
2828 5461 2995 5519 porro
3018 5444 3261 5503 nominis
3304 5443 3502 5507 evasit,

1914 5552 1977 5600 ut
1997 5544 2097 5615 qui
2128 5543 2490 5614 navigabant,
2510 5550 2567 5599 et
2591 5541 2744 5598 mille
2763 5539 3001 5612 amplius
3023 5537 3219 5597 stadiis
3252 5537 3501 5600 aberant,

1914 5632 2207 5694 Theodosii
2236 5634 2405 5691 Deum
2434 5635 2493 5691 in
2523 5633 2785 5707 periculis
2809 5633 3151 5700 invocarent,
3175 5628 3505 5686 Theodosii‘

1914 5746 2021 5800 que
2042 5727 2410 5800 appellatione
2432 5725 2691 5784 sedarent
2719 5724 2888 5786 maris
2915 5730 3318 5796 tempestatem.
3344 5717 3502 5776 Hunc
