4030 6434
554 439 684 506 1391

1544 432 2035 493 THEODOBETI
2059 432 2398 498 EPISCOPI
2431 438 2797 503 CYRENSIS

3670 448 3805 516 ιιπ

548 558 737 613 hostes
764 566 980 624 quoque
1003 549 1101 606 feri
1134 556 1187 604 et
1236 546 1502 602 immanes
1556 546 1777 602 reveriti
1841 554 1991 611 sunt,
2043 547 2132 618 qui

2242 568 2410 606 νοιαν.
2463 552 2794 609 Ἐπεσκόπει
2845 552 2900 609 δὲ
2938 554 3096 619 αὐτὸς
3145 553 3360 611 ἅπαντα
3383 559 3806 631 διερευνώμενος,

544 644 1060 718 magnamOrientis
1085 650 1295 714 partem
1324 638 1568 710 populati
1601 647 1750 704 siint,
1780 642 2140 711 captivosque

547 738 913 794 abduxerunt.
945 734 1079 800 Quis
1118 732 1262 787 enim
1293 745 1485 786 eorum
1522 732 1616 801 qui
1655 732 1754 785 has
1803 740 1980 787 terras
2034 746 2138 785 no-

546 840 695 887 stras
732 828 995 888 incolunt,
1034 834 1339 893 temporum
1373 822 1589 877 illorum
1631 822 1972 879 calamitates
2027 840 2139 879 non

548 924 780 984 audivit,
814 919 884 974 ab
942 919 1009 972 iis
1046 917 1317 981 invectas,
1372 915 1465 986 qui
1525 915 1658 969 olim
1718 914 1947 985 Solyrni,
1993 930 2139 971 nunc

547 1014 721 1068 Isauri
755 1019 1144 1082 nuncupantur
1171 1009 1193 1063 ἰ
1219 1008 1325 1064 Sed
1350 1008 1428 1063 illi
1453 1016 1667 1071 tamen,
1717 1008 1813 1079 qui
1866 1024 1970 1063 nec
2014 1009 2137 1064 urbi

548 1106 667 1169 ulli,
696 1120 800 1161 nec
848 1103 969 1158 vico
999 1109 1381 1173 pepercerant,
1425 1099 1544 1167 sed,
1606 1107 1876 1170 quotquot
1941 1114 2141 1170 capere

472 1229 484 1239 -
546 1196 1043 1267 licuit,dircptioni
1080 1194 1428 1265 ﬂammisque
1476 1192 1837 1253 tradiderant,
1887 1192 2138 1264 philoso-

543 1290 727 1360 phiam
766 1290 928 1343 istam
957 1287 1179 1343 reveriti
1229 1294 1380 1351 sunt,
1419 1295 1474 1340 et
1504 1299 1702 1355 panem
1756 1291 1966 1339 tantum
2032 1299 2137 1355 po-

542 1393 783 1440 scemes.
828 1392 883 1438 et
927 1389 985 1436 ut
1020 1397 1119 1451 pro
1158 1396 1217 1435 se
1246 1388 1472 1436 orarent
1523 1378 1838 1442 innuentes,
1872 1377 2138 1433 intactum

456 1516 474 1561 ι’
541 1479 675 1535 illud
716 1476 1137 1541 monasterium,
1175 1475 1393 1547 1198
1417 1490 1527 1529 non
1564 1474 1757 1540 semel,
1816 1473 1912 1529 sed
1938 1473 2136 1529 iterum

540 1571 907 1643 reliquerunt.
936 1570 1193 1625 Attamen
1226 1569 1386 1624 veriti
1430 1566 1803 1623 Eeclesiarum
1836 1564 2138 1632 antistites,

450 1650 461 1679 ⁵
542 1680 611 1720 ne
638 1663 892 1720 diabolus
920 1663 1165 1734 pecunia:
1184 1660 1541 1731 cupiditatem
1575 1657 1826 1714 barbaris
1859 1656 2136 1727 injiciens,

541 1761 736 1810 auctor
762 1762 907 1812 esset
938 1762 997 1809 ut
1034 1768 1293 1824 magnum
1337 1752 1523 1807 lumen
1558 1748 1695 1804 illud
1731 1749 2012 1819 captivum
2042 1750 2139 1801 ah-

540 1852 806 1909 ducerent
838 1850 985 1921 (nec
1005 1850 1152 1902 enim
1189 1844 1417 1901 dubium
1464 1850 1606 1909 erat,
1635 1841 1771 1914 quin
1811 1840 2140 1911 redemptio-

2244 644 2292 695 εἰ
2334 644 2477 698 κατά
2507 646 2633 711 τοὺς
2688 649 2976 717 κειμένους
3009 647 3238 701 ἕκαστον
3281 649 3578 705 ὲπιτελοῖτο
3604 653 3804 724 νόμους.

2242 735 2398 789 Οὕτω
2426 736 2483 789 δὲ
2542 737 2981 809 πολυθρύλλητος
3007 740 3240 807 ἐγένετο,
3275 740 3350 805 ὡς
3378 742 3504 807 τοὺς
3546 746 3809 806 ναυτιλλο-

2243 826 2460 897 μένους,
2499 830 2594 882 καὶ
2625 829 2869 884 πλείοσιν
2904 831 2936 902 ἢ
2973 832 3165 901 χιλίοις
3214 832 3534 902 ἀφεστῶτας
3572 836 3808 902 σταδίοις,

2239 918 2331 971 τὸν
2362 914 2646 973 Θεοδοσίου
2682 921 2866 975 καλεῖν
2912 923 2970 975 έν
3007 924 3121 986 τοῖς
3153 923 3417 990 κινδύνοις
3456 924 3609 990 Θεὸν,
3634 928 3728 981 καὶ
3750 932 3813 1000 τι

2239 1008 2521 1063 Θεοδοσίου
2576 1012 2920 1086 προσηγορίᾳ
2970 1014 3388 1085 κατακοιμίζειν
3424 1016 3522 1085 τῆς
3552 1017 3816 1087 θαλάσσης

2238 1103 2339 1174 τὴν
2372 1103 2565 1175 ζάλην.
2607 1103 2811 1158 Τοῦτον
2840 1105 3146 1178 ᾐδέσθησαν
3169 1106 3266 1161 καὶ
3296 1107 3547 1179 πολέμιοι
3603 1109 3816 1181 θρασεῖς

2239 1195 2331 1248 καὶ
2385 1195 2675 1267 ἀνήμεροι,
2698 1197 2750 1249 οἰ
2781 1198 2879 1267 τῆς
2904 1196 2980 1249 ἕω
3011 1195 3072 1249 τὸ
3118 1197 3373 1251 πλεῖστον
3407 1197 3723 1270 ληῖσέιμενοί
3763 1218 3815 1255 τι

2239 1285 2336 1340 καὶ
2362 1284 2974 1358 ἐξανδραποδισάμενοι.
3014 1287 3111 1351 Τίς
3144 1289 3254 1358 γὰρ
3287 1288 3395 1343 τιίν
3415 1291 3514 1362 τὴν
3538 1293 3660 1346 καθ’
3680 1295 3817 1363 ἡμᾶς

2238 1376 2569 1449 οἰκουμένην
2606 1378 2901 1432 οἰκούντων
2943 1377 3177 1450 ἀνήκοος
3206 1379 3317 1432 τῶν
3349 1382 3472 1434 κατ’
3499 1382 3703 1437 ἐκεῖνον
3726 1385 3810 1437 τὸν

2240 1470 2430 1541 καιρὸν
2491 1470 2920 1541 συμϐεϐηκότων
2978 1471 3200 1538 κακῶν,
3242 1472 3349 1527 ὑπὸ
3391 1473 3502 1528 τῶν
3537 1474 3702 1529 πάλαι
3726 1475 3816 1547 μὲν

2238 1563 2518 1634 Σολύμων,
2536 1564 2656 1618 νυνὶ
2676 1564 2733 1618 δὲ
2753 1563 3012 1636 Ἰσαύρων
3033 1564 3455 1638 ὀνομαζομένων
3477 1585 3492 1637 ;
3528 1567 3817 1639 ’Δλλ’δμως

2241 1657 2318 1728 μὴ
2342 1656 2571 1723 πόλεως,
2611 1657 2687 1727 μὴ
2718 1656 2914 1729 κώμης
2933 1659 3133 1711 ἐκεῖνοι
3154 1658 3500 1730 φεισάμενοι,
3547 1659 3663 1715 ἀλλ’
3689 1661 3819 1715 άπά·

2240 1765 2340 1812 σας
2365 1748 2498 1812 ὅσας
2525 1745 2665 1801 ἑλεῖν
2686 1746 3031 1819 ἠδυνήθησαν
3044 1748 3483 1821 ληϊσάμενοιηκαὶ
3500 1750 3635 1822 πυρὶ
3656 1768 3820 1822 παρα·

2238 1838 2441 1904 δόντες,
2474 1837 2691 1909 ἐκείνην
2707 1839 2807 1909 τὴν
2829 1837 3149 1910 φιλοσοφίαν
3162 1841 3492 1913 ᾐδέσθησαν,
3522 1841 3619 1896 καί
3636 1842 3819 1913 ἄρτους

538 1946 628 2001 nis
686 1943 919 2017 pretium
983 1956 1084 2012 pro
1138 1955 1209 1994 eo
1282 1937 1687 2008 amplissimum
1747 1935 1857 1991 illis
1911 1932 2132 1988 missuri

2243 1931 2440 2002 μόνους
2470 1931 2822 2001 αἰτήσαντες,
2858 1933 2954 1985 καὶ
2984 1934 3152 2003 εὐχὰς
3188 1934 3648 2004 ἐπαγγείλαντες,
3685 1931 3816 1986 ἀλώ-

539 2045 727 2093 essent
745 2048 938 2091 omnes
966 2031 1059 2103 qui
1092 2046 1178 2087 res
1231 2030 1451 2085 divinas
1504 2027 1705 2083 habent
1750 2026 1803 2081 in
1863 2024 2083 2095 pretio)
2119 2064 2136 2090 ,

538 2131 761 2185 hortatu
788 2141 894 2184 suo
920 2130 1316 2197 persuaserunt
1364 2129 1425 2178 ut
1476 2137 1543 2177 se
1602 2119 1882 2176 conferret
1942 2118 2137 2174 Antio-

540 2219 743 2274 chiam.
776 2214 1076 2273 Jamenim
1107 2214 1359 2285 captivos
1388 2221 1617 2284 egerant
1667 2209 1811 2266 duos
1854 2209 2137 2264 Ecclesia-

539 2325 661 2365 rum
707 2307 989 2381 praesules,
1021 2313 1077 2362 et
1119 2304 1272 2361 omni
1297 2303 1520 2375 quidem
1553 2302 1681 2359 illos
1718 2299 1897 2356 allicio
1944 2298 2134 2355 colue—

542 2412 692 2466 rant,
748 2400 847 2456 sed
895 2396 1318 2471 quatuordecim
1369 2409 1666 2450 aureorum
1735 2407 1838 2464 pro
1894 2402 2131 2462 utroque

537 2494 784 2550 millibus
816 2491 1060 2563 acceptis
1119 2491 1197 2545 ita
1257 2489 1476 2543 demum
1527 2486 1707 2541 redire
1764 2499 1875 2555 quo
1926 2484 2132 2539 vellent

537 2587 924 2655 permiseram.
959 2582 1305 2638 Antiochiam
1329 2595 1462 2650 ergo
1495 2593 1621 2633 cum
1653 2577 1916 2644 venisset,
1967 2575 2129 2630 habi-

537 2676 674 2732 tavit
702 2678 757 2731 in
780 2672 1330 2731 diversoriorﬂumini
1372 2671 1576 2735 vicino,
1615 2683 1920 2740 omnesque
1955 2667 2025 2722 ad
2069 2681 2131 2724 se

535 2767 824 2839 pertraxit,
856 2766 950 2837 qui
985 2766 1116 2821 talia
1148 2765 1444 2835 decerpere
1477 2771 1766 2817 noverunt.

2240 2021 2406 2092 ϐητον
2442 2022 2504 2075 τὸ
2562 2021 2861 2092 ἀσκητικὸν
2910 2023 3089 2077 έκεῖνο
3137 2025 3437 2079 κατέλιπον
3463 2026 3816 2096 καταγώγιον,

2240 2113 2337 2165 καὶ
2368 2111 2526 2166 τοῦτο
2554 2114 2653 2183 οὐχ
2688 2112 2856 2179 ἅπαξ,
2889 2113 3027 2168 ἀλλά
3078 2116 3172 2170 καὶ
3205 2116 3285 2180 δὶς
3328 2119 3686 2188 πεποιήκασι.
3714 2118 3819 2172 Δεί·

2241 2219 2435 2267 σαντες
2473 2203 2517 2256 δ’
2566 2204 2717 2275 ὅμως
2754 2204 2863 2257 τῶν
2912 2206 3252 2277 Ἐκκλησιῶν
3310 2209 3362 2262 οἰ
3422 2209 3694 2281 πρόεδροι.
3751 2208 3817 2278 μὴ

2240 2295 2542 2367 χρημάτων
2586 2295 2767 2367 ἔρωτα
2807 2300 2918 2360 τοῖς
2972 2297 3272 2371 βαρϐάροις
3309 2302 3343 2354 ό
3379 2300 3628 2364 διάϐολος
3664 2299 3819 2371 ἐμϐα-

2239 2387 2368 2453 λὼν,
2400 2386 2742 2461 δορυάλωτον
2778 2389 3037 2457 γενέσθαι
3089 2394 3498 2464 παρασκευάσῃ
3537 2391 3627 2445 τὸν
3661 2391 3819 2463 μέγαν

2237 2482 2443 2535 ἐκεῖνον
2497 2482 2764 2553 φωστῆρα
2786 2496 2800 2511 ⁶
2876 2482 2973 2537 καὶ
3006 2482 3116 2554 γὰρ
3171 2481 3239 2557 ἦν
3281 2486 3439 2549 εἰκὸς
3469 2485 3643 2557 λύτρα
3672 2486 3822 2555 πάμ-

2238 2572 2416 2627 πολλα
2437 2572 2781 2645 πανταχόθεν
2808 2573 2949 2647 ὑπὲρ
2982 2575 3150 2629 αὑτοῦ
3184 2576 3340 2647 παρὰ
3370 2577 3594 2632 πάντων
3627 2575 3819 2630 τῶν-τά

2239 2665 2357 2719 θεῖα
2392 2665 2681 2736 τιμώντων
2701 2666 3122 2739 πεμφθήσεσθαι
3152 2669 3344 2733 αὐτοῖς
3371 2686 3385 2700 ο
3415 2669 3821 2742 παρακαλέσανο

2234 2774 2327 2821 τες
2355 2758 2600 2813 πείθουσι
2624 2759 2724 2829 τὴν
2760 2759 3092 2830 Ἀντιόχειαν
3151 2761 3516 2816 καταλαϐεῖν.
3553 2762 3689 2833 Ἤδη
3722 2759 3822 2830 γὰρ

534 2859 632 2915 δύο
661 2858 773 2914 τῶν
805 2858 1141 2930 Ἑκκλησιῶν
1171 2858 1471 2929 προέδρους
1496 2853 1879 2927 αἰχμαλώτους
1935 2851 2211 2922 εἰλήφασι,
2252 2850 2345 2904 καί
2368 2849 2663 2921 θεραπείας
2679 2851 2778 2921 μὲν
2809 2852 3027 2922 ἀπάσης
3059 2852 3322 2923 ἠξίωσαν.
3359 2854 3823 2926 Τετρακισχιλίους

533 2957 592 3011 δὲ
615 2957 709 3011 καὶ
743 2957 971 3030 μυρίους
1001 2955 1143 3027 ὑπὲρ
1186 2954 1514 3026 ἀμφοτέρων
1545 2952 1831 3023 δεξάμενοι
1864 2948 2123 3021 χρυσοῦς.
2163 2945 2339 3010 οὕτως
2364 2945 2676 3028 ἐπέτρεψαν
2695 2948 3017 3002 ἐπανελθεῖν
3044 2949 3167 3003 ὅποι
3234 2949 3547 3020 βούλοιντο.
3621 2949 3822 3021 Ἐπειδὴ

534 3054 593 3107 ὂδ
623 3055 703 3117 εἰς
737 3052 837 3123 τὴν
877 3051 1217 3121 Ἀντιόχειαν
1275 3050 1529 3116 ἀφίκετο,
1565 3046 1752 3119 ᾤκησε
1814 3046 1917 3117 μὲν
1947 3046 2293 3114 καταγώγιον
2348 3043 2424 3114 τῷ
2476 3043 2708 3115 ποταμῷ
2766 3045 3208 3117 παρακείμενον
3276 3047 3503 3113 πάντας
3574 3049 3629 3103 δὲ
3697 3046 3822 3116 πρὸς

536 3149 729 3205 ἑαυτὸν
761 3149 978 3204 εἵλκυσε
1008 3150 1135 3211 τοὺς
1192 3148 1261 3201 τὰ
1299 3146 1525 3201 τοιαῦτα
1570 3145 1779 3217 τρυγᾷν
1816 3142 2239 3213 ἐπισταμένους.

606 3245 877 3300 Caeterum
905 3242 1176 3299 orationis
1201 3257 1371 3296 cursu
1413 3241 1678 3311 abreptus
1721 3238 2061 3295 miraculum.
2099 3252 2130 3291 a

537 3335 727 3391 divino
775 3334 896 3389 viro
953 3332 1157 3387 laetum
1206 3331 1554 3402 praetermisi,
1600 3331 1747 3403 quod
1806 3329 2132 3385 incredibile

537 3429 775 3505 fortasse
798 3425 986 3480 multis
1013 3423 1311 3487 videbitur,
1337 3422 1432 3477 sed
1463 3423 1647 3477 manet
1669 3422 1938 3478 hactenus
1964 3421 2126 3478 tidem
2158 3456 2201 3513 ο

538 3517 843 3573 narrationi
898 3528 1177 3579 asserens,
1219 3514 1535 3584 doeensque
1581 3514 1798 3584 qualem
1851 3514 1942 3569 ille
1984 3513 2130 3584 apud

539 3609 708 3664 Deum
731 3606 964 3679 gratiam
986 3604 1356 3675 ﬁduciamque
1372 3606 1668 3659 obtineret.
1715 3603 1891 3674 Supra
1936 3618 2132 3659 mona—

537 3701 768 3759 steriqu
802 3702 870 3754 ab
904 3713 969 3755 eo
1018 3697 1303 3753 conditum
1356 3704 1633 3769 praerupta
1686 3711 1852 3767 rupes
1902 3697 2127 3760 eminet,

537 3795 689 3850 arida
712 3800 898 3847 autem
939 3790 1030 3845 illa
1089 3789 1222 3844 olim
1290 3802 1517 3856 prorsus
1573 3796 1714 3852 erat,
1771 3799 1826 3842 et
1881 3787 2130 3842 humoris

534 3898 751 3956 expers.
780 3881 839 3937 In
871 3882 977 3937 hoc
1022 3881 1114 3937 ille
1173 3881 1617 3952 aquaductuma
1659 3879 1868 3935 vertice
1900 3879 1967 3934 ad
2012 3893 2133 3934 mo-

535 3975 841 4030 nasterium
871 3978 1049 4044 usque
1069 3971 1402 4038 designavit,
1433 3971 1595 4042 quasi
1611 3985 1886 4042 aquarum
1914 3968 2128 4023 tlinum

532 4067 758 4123 haberet
784 4067 839 4122 in
884 4081 984 4122 sua
1045 4072 1334 4137 potestate.
1385 4063 1588 4120 Plenus
1642 4078 1773 4135 ergo
1820 4062 2035 4118 ﬁducia:
2074 4062 2129 4116 in

530 4157 727 4224 Deum,
787 4163 1104 4227 certusque,
1138 4162 1197 4210 ut
1227 4162 1488 4225 apparet,
1519 4154 1815 4225 propitium
1851 4153 1954 4208 sibi
2006 4166 2132 4207 esse

532 4250 851 4317 Dominum,
886 4256 941 4305 et
972 4248 1133 4304 ﬁdem
1172 4263 1369 4320 gerens
1412 4246 1767 4318 intrepidam,
1810 4254 1977 4301 noctu
2017 4245 2132 4300 evi-

535 4343 714 4412 gilans
755 4341 824 4396 ad
871 4355 1149 4396 summum
1216 4340 1605 4412 aquaeductum
1646 4337 1918 4401 ascendit,
1952 4338 2132 4408 prius-

535 4449 702 4505 quam
746 4433 967 4492 sodales
1019 4439 1086 4489 ail
1141 4442 1437 4489 consuetas
1504 4445 1697 4501 preces
1741 4436 2128 4500 exsurgerent.

535 4527 820 4597 Deumque
849 4527 1084 4597 supplex
1137 4540 1327 4590 orans,
1361 4533 1416 4580 et
1442 4523 1520 4577 illi
1549 4521 1834 4577 conlidens
1868 4522 1963 4593 qui
2000 4520 2134 4576 facit

530 4621 864 4676 voluntatem
884 4617 1416 4688 tinienttum1199
1431 4616 1633 4686 ipsum,
1656 4629 1842 4685 rupem
1863 4616 2009 4686 virga
2025 4630 2132 4685 qua

532 4712 878 4766 innitebatur
939 4709 1238 4780 percussit,
1277 4717 1334 4763 et
1368 4706 1461 4761 illa
1488 4721 1616 4762 mox
1646 4706 1865 4776 dirupta
1886 4705 2130 4763 ﬂuminis

2323 3238 2459 3292 Ὑπὸ
2490 3238 2547 3292 δὲ
2578 3238 2677 3308 τῆς
2711 3236 2805 3292 τοῦ
2845 3237 3006 3308 λόγου
3052 3240 3233 3311 ῥύμης
3263 3239 3593 3314 ἑλκόμενος,
3612 3243 3822 3317 παρῆκα

2237 3330 2601 3403 διηγήσασθαι
2627 3329 2835 3402 θαῦμα,
2866 3332 2971 3385 ὑπὸ
3007 3332 3103 3386 τοῦ
3136 3332 3438 3389 θεσπεσίου
3467 3335 3658 3390 τούτου
3682 3336 3821 3405 γενό·
3850 3389 3857 3395 ,
3955 3381 3961 3388 .

2239 3441 2420 3495 μενον.
2449 3427 2515 3477 Ὃ
2534 3424 2677 3494 τάχα
2715 3426 2830 3489 τοῖς
2864 3424 3084 3489 πολλοῖς
3107 3426 3204 3481 καὶ
3227 3426 3477 3482 ἄπιστον
3506 3425 3645 3483 εἶναι
3673 3426 3817 3495 δόξει,

2232 3517 2478 3587 διαμένει
2524 3517 2777 3585 μέντοιγε
2827 3517 3142 3589 μαρτυροῦν
3203 3518 3284 3589 τῷ
3350 3521 3503 3591 λόγῳ
3549 3521 3702 3592 μέχρι
3734 3517 3815 3572 καὶ

2232 3606 2349 3673 νῦν,
2387 3611 2484 3662 καὶ
2545 3608 2794 3662 δεικνύον
2853 3609 2973 3672 οἵας
3029 3610 3221 3681 ἔτυχεν
3255 3614 3283 3664 ὁ
3335 3613 3647 3685 θαυμάσιος
3679 3604 3814 3673 οὗτος

2233 3702 2374 3772 ἀνὴρ
2406 3701 2651 3773 παρὰτῷ
2673 3701 2795 3774 Θεῷ
2823 3693 3059 3773 χάριτός
3098 3721 3158 3757 τε
3190 3703 3284 3759 καὶ
3315 3708 3659 3779 παρρησίας.
3684 3706 3810 3774 Κρη-

2235 3792 2456 3865 μνώδης
2485 3811 2568 3857 τις
2599 3795 2776 3866 πέτρα
2836 3796 3160 3866 ὑπέρκειται
3209 3796 3306 3851 τοῦ
3374 3797 3804 3872 φροντιστήριον.

2231 3877 2406 3955 οὗπερ
2431 3883 2594 3946 αὐτὸς
2625 3884 2896 3956 ἐδείματο,
2952 3884 3186 3958 ἄνικμος
3221 3888 3278 3941 δὲ
3317 3892 3420 3944 καὶ
3472 3890 3615 3962 ξηρά
3635 3900 3810 3941 παντε-

2231 3968 2341 4033 λῶς
2392 3969 2608 4041 ὑπῆρχε
2656 3970 2716 4024 τὸ
2764 3972 3053 4042 πρότερον.
3109 3973 3201 4028 Ἐν
3259 3977 3446 4050 ταύτῃ
3496 3973 3819 4046 ὑδραγώγιον

2233 4060 2493 4132 ἐποίησεν
2524 4060 2633 4114 ἀπὸ
2658 4062 2758 4133 τῆς
2783 4064 3031 4135 κορυφῆς
3052 4064 3147 4118 ἐπὶ
3176 4065 3236 4119 τὸ
3271 4070 3652 4140 μοναστήριον
3674 4062 3820 4135 φερό-

2235 4170 2418 4223 μενον,
2446 4152 2636 4224 ὥσπερ
2678 4154 2784 4208 ὑπὸ
2811 4157 2972 4229 χεῖρα
3022 4155 3164 4227 ἔχων
3201 4158 3300 4224 τὴν
3353 4160 3471 4215 τῶν
3497 4161 3704 4215 ὑδάτων
3734 4172 3825 4224 φο·

2235 4246 2355 4318 ράν.
2385 4246 2777 4317 Πεποιθήσεως
2821 4247 2879 4300 δὲ
2926 4246 3114 4319 γέμων
3145 4249 3225 4312 εἰς
3249 4249 3414 4317 Θεὸν,
3453 4252 3555 4307 καὶ
3595 4248 3822 4322 θαρρῶν.

2232 4337 2310 4402 ώς
2345 4338 2513 4402 εἰκὸς,
2536 4338 2744 4409 εὐμενῆ
2768 4338 2860 4392 τὸν
2894 4338 3177 4410 Δεσπότην
3216 4342 3602 4413 κεκτημένος,
3632 4340 3724 4395 καὶ⁵
3749 4338 3831 4392 πί-

2237 4446 2355 4483 στιν
2387 4429 2527 4501 έχων
2579 4430 2927 4495 ἁδίστακτον,
2984 4431 3182 4496 νυκτὸς
3232 4431 3583 4507 διεγερθεὶς,
3631 4424 3845 4487 ἄνεισιν

2233 4521 2328 4574 ἐπὶ
2357 4519 2457 4593 τὴν
2485 4519 2662 4590 ἄκραν
2709 4517 2809 4573 τοῦ
2863 4519 3207 4592 ὑδραγωγοῧ,
3242 4522 3379 4593 πρὶν
3402 4524 3539 4588 τοὺς
3566 4520 3833 4583 θιασώτας

2233 4614 2329 4667 ἐπὶ
2372 4612 2471 4677 τὰς
2504 4612 2758 4682 συνήθεις
2791 4612 2960 4684 εὐχὰς
2990 4612 3368 4684 διαναστῆναι.
3405 4617 3521 4670 Kal.
3543 4616 3634 4670 διὰ
3666 4628 3828 4686 προσ-

2234 4708 2409 4777 ευχῶν
2434 4708 2526 4761 τὸν
2560 4706 2690 4759 Θεὸν
2734 4706 3047 4772 ἱκετεύσας,
3081 4706 3303 4779 θαρρῶν
3355 4707 3440 4779 τῷ
3495 4709 3747 4762 ποιοῦντι
3779 4705 3833 4757 τὸ

533 4803 710 4857 instar
745 4815 947 4872 aquam
1001 4798 1242 4856 eﬂ'ndit:
1284 4813 1406 4869 quae
1461 4799 1515 4853 in
1574 4799 1963 4853 monasterium
2028 4813 2125 4870 per

2235 4798 2450 4870 θέλημα
2511 4797 2621 4852 τῶν
2680 4798 3034 4869 φοϐουμένων
3062 4798 3248 4862 αὐτὸν,
3304 4802 3375 4870 τῇ
3449 4800 3666 4873 ῥάϐδῳ,
3710 4791 3828 4871 ἔρνῇ

532 4893 919 4965 aquzeductum
959 4891 1180 4960 delata,
1216 4906 1464 4962 ususque
1517 4890 1595 4946 illi
1651 4905 1844 4947 omnes
1906 4893 2125 4947 abunde

532 4984 987 5048 subministratis,
1016 4981 1143 5038 inde
1188 4983 1242 5037 in
1272 4998 1425 5039 mare
1462 4982 1776 5053 proximum
1830 4983 2123 5040 evolvitur.

462 5064 473 5069 ﬁ
531 5075 598 5132 Et
630 5076 865 5131 Mosaica
893 5076 1075 5144 magni
1096 5073 1587 5145 Theodosiigratia
1644 5075 1700 5127 in
1757 5073 1904 5128 hunc
1948 5090 2126 5143 usque

533 5169 676 5223 diem
719 5182 957 5237 operans
985 5168 1316 5223 ostenditur.
1352 5166 1616 5237 Satisque
1648 5164 1755 5219 hoc
1818 5182 1987 5219 unum
2039 5174 2127 5220 est

533 5260 600 5313 ad
623 5260 772 5314 illius
789 5275 917 5329 erga
960 5259 1129 5314 Deum
1153 5260 1410 5314 ﬁduciam
1434 5258 1940 5313 demonstrandam.
1965 5255 2125 5311 Brevi

534 5356 715 5403 autem
771 5349 915 5419 apud
966 5350 1317 5405 Antiochiam
1382 5357 1631 5419 tempore
1697 5359 2000 5419 superstes,
2070 5349 2125 5402 in

534 5437 852 5504 angelorum
893 5448 1095 5493 emtum
1129 5448 1382 5510 receptus
1403 5448 1509 5495 est.
1554 5437 1881 5507 Elatumquc
1911 5446 1996 5492 est
2028 5452 2128 5507 per

2230 4890 2671 4963 σκηριπτόμενος
2721 4888 3039 4961 ἐτύγχανεν,
3096 4889 3257 4960 ἔτυψε
3289 4890 3394 4963 τὴν
3436 4893 3660 4965 πέτραν
3680 4911 3693 4925 ·
3720 4894 3753 4964 ἡ
3780 4889 3831 4943 δὲ

2231 4984 2463 5053 ραγεῖσα
2492 4980 2640 5052 ὕδωρ
2696 4980 3010 5052 ποταμηδὸν
3065 4980 3327 5035 ἀνέϐλυσε
3361 4998 3376 5011 ·
3414 4985 3519 5036 καὶ
3576 4984 3713 5038 εἴσω
3746 4981 3830 5035 τοῦ

2232 5077 2597 5148 μοναστηρίου
2647 5077 2736 5130 διὰ
2788 5076 2884 5130 τοῦ
2921 5077 3242 5148 ὑδραγωγοῦ
3278 5079 3613 5149 γενόμενον,
3637 5080 3737 5133 καὶ
3764 5078 3836 5135 εἰς

2229 5173 2412 5225 πᾶσαν
2439 5172 2630 5242 χρείαν
2656 5170 2927 5235 πλουσίως
2966 5169 3260 5242 χορηγοῦν,
3293 5172 3377 5234 εἰς
3431 5172 3542 5241 τὴν
3573 5184 3837 5243 παρακειν

2230 5261 2401 5333 μένην
2451 5260 2730 5316 θάλασσαν
2772 5261 3116 5332 ἐκκρίνεται.
3172 5260 3286 5315 Καὶ
3312 5258 3617 5318 δείκνυται
3682 5260 3840 5333 μέχρι

2221 5349 2402 5421 δεῦρο,
2463 5353 2558 5406 τοῦ
2617 5352 2855 5423 μεγάλου
2924 5350 3206 5406 Θεοδοσίου
3254 5353 3289 5423 ή
3335 5350 3635 5423 Μωσαῖκὴ
3685 5352 3842 5424 χάρις

2223 5441 2541 5514 ὲνεργοῦσα.
2588 5444 2829 5514 Ἀπόχρη
2883 5442 2941 5497 δὲ
2999 5442 3097 5496 καὶ
3133 5442 3292 5496 τοῦτο
3322 5441 3501 5511 μόνον
3542 5440 3724 5509 δεῖξαι
3750 5436 3841 5494 τοῦ

530 5524 770 5578 mediam
812 5526 1000 5582 urbem
1045 5544 1265 5585 sacrum
1315 5543 1562 5599 corpus,
1616 5536 1881 5597 tanquam
1941 5528 2126 5585 aureis

532 5615 864 5681 quihusdam
907 5623 1126 5677 coronis
1160 5620 1307 5675 ferro
1350 5621 1442 5676 illo
1477 5627 1828 5686 exornatum,
1866 5636 2120 5691 praeeun-

536 5708 680 5762 tibus
705 5708 941 5775 cunctis,
958 5711 1122 5765 etiam
1139 5727 1386 5767 summos
1405 5713 1759 5781 magistratus
1776 5712 2114 5784 gerentibus.

532 5795 771 5866 Eratque
802 5798 945 5856 circa
981 5803 1241 5857 feretrum
1270 5804 1338 5858 lis
1366 5812 1421 5858 et
1450 5805 1812 5869 concertatio,
1851 5804 2116 5861 omnibus

535 5886 676 5943 fcrre
717 5891 1197 5959 contendentibus,
1237 5893 1607 5965 ﬂuentemque
1661 5911 1726 5951 ex
1758 5911 1822 5952 eo
1888 5895 2135 5960 benedi-,

2224 5532 2416 5604 ἀνδρὸς
2436 5532 2535 5603 τὴν
2571 5533 2709 5605 πρὸς
2733 5533 2827 5586 τὸν
2857 5532 2991 5585 Θεὸν
3042 5531 3385 5605 παρρησίαν.
3442 5531 3673 5601 Ὀλίγον
3697 5530 3756 5585 δὲ
3786 5529 3841 5580 ὲν

2238 5625 2543 5697 Ἀντιοχείᾳ
2585 5623 2890 5689 ἐπιϐιώσας
2915 5625 3127 5697 χρόνον,
3183 5624 3321 5696 πρὸς
3363 5622 3475 5693 τὴν
3538 5620 3843 5694 ἀγγελικὴν

2231 5715 2468 5786 μετέστη
2499 5716 2742 5787 χορείαν.
2768 5714 2864 5769 Διά
2891 5715 2948 5769 δὲ
2975 5715 3142 5785 μέσου
3170 5713 3265 5767 τοῦ
3279 5714 3487 5776 ἄστεος
3514 5714 3580 5767 τὸ
3599 5714 3766 5784 σῶμα
3786 5709 3845 5762 τὸ

2226 5807 2368 5878 ἱερὸν
2396 5808 2641 5880 ἐφέρετο,
2673 5806 2785 5862 οἷόν
2814 5825 2924 5862 τισι
2959 5808 3247 5878 στεφάνοις
3267 5808 3510 5878 χρυσοῖς
3543 5808 3624 5877 τῷ
3640 5806 3844 5877 σιδήρῳ

2224 5896 2420 5967 ἐκείνῳ
2457 5897 2852 5969 ώραϊζόμενον,
2909 5897 3126 5951 πάντων
3184 5893 3549 5969 ἡγουμένων,
3607 5896 3701 5950 καὶ
3736 5894 3843 5947 τῶν
