4030 6408
288 374 432 439 1393

1525 378 1932 440 RELIGIOSA
1968 378 2355 440 HISTORIA.

3422 379 3555 443 13974

281 487 384 550 τὰς
447 487 690 556 μεγάλας
749 487 926 561 ἀρχὰς
977 490 1446 560 πεπιστευμένων.
1494 491 1650 562 Ἔρις
1693 489 1752 543 δέ
1793 485 1857 560 ἦν

1969 493 2204 545 ctionem
2228 489 2633 560 expetentibus.
2670 488 2763 546 Sic
2791 489 2992 551 elatus,
3023 489 3077 544 in
3099 489 3212 544 aede
3240 503 3552 546 sanetormn

282 574 415 646 περὶ
443 574 545 646 τὴν
574 575 784 648 κλίνην,
823 579 919 634 καὶ
958 579 1198 652 διαμάχη
1234 579 1424 650 φέρειν
1452 579 1658 651 ταύτην
1685 580 1862 634 ἁπάν-

279 681 394 718 των
423 667 822 738 ἐπειγομένων,
843 670 937 724 καὶ⁸
968 670 1070 741 τῆς
1098 671 1348 726 ἐντεῦθεν
1369 671 1621 741 εὐλογίας
1641 671 1864 742 ἐφιεμέ-

277 775 410 814 νων.
439 758 598 814 Οὕτω
620 762 939 834 φερόμενος,
974 765 1054 828 είς
1081 764 1172 818 τὸν
1211 763 1319 818 τῶν
1367 765 1538 833 ἁγίων
1567 763 1864 835 μαρτύρων

277 852 450 921 σηκὸν
497 853 871 920 κατατίθεται,
936 853 1222 909 Ἰουλιανοῦ
1267 855 1362 910 τοῦ
1419 858 1716 929 νικηφόρου
1764 859 1863 929 τῆς

274 942 568 1008 εὐσεϐείας
592 945 896 1013 άγωνιστοῦ
943 947 1251 1017 ὁμόσκηνός
1315 965 1375 1001 τε
1415 949 1508 1003 καὶ
1533 950 1862 1020 ὁμορρόφιος

273 1033 544 1100 γεγονώς.
582 1035 739 1107 om
781 1037 839 1090 δέ
879 1037 1042 1091 αὐτὸν
1112 1037 1428 1105 ὑπεδέξατο,
1460 1039 1495 1110 ἢ
1526 1040 1624 1092 καὶ
1649 1039 1739 1092 τὸν
1769 1039 1860 1092 θε-

274 1125 506 1178 σπέσιον
529 1128 623 1179 καὶ
655 1129 932 1200 μακάριον
971 1130 1304 1202 Ἀφραάτην.
1352 1130 1463 1202 Τὴν
1509 1131 1566 1184 δὲ
1594 1130 1695 1200 τῆς
1727 1131 1860 1198 ἀγέ-

271 1214 376 1280 λης
408 1217 704 1288 ἡγεμονίαν
749 1220 1024 1286 Ἐλλάδιος
1045 1223 1075 1274 6
1119 1221 1424 1292 Θαυμάσιος
1462 1221 1734 1287 διεδέξατο
1759 1240 1772 1252 ·
1803 1222 1862 1286 ὃς

271 1307 546 1378 ιξήκοντα
576 1309 677 1379 μὲν
701 1311 760 1364 ἐν
784 1312 1012 1376 ἐκείνοις
1055 1313 1169 1376 τοῖς
1197 1312 1379 1375 πόνοις
1408 1310 1710 1368 διετέλεσεν
1739 1313 1859 1385 ἐτη,

270 1394 399 1453 εἶτα
426 1401 526 1472 τὴν
560 1401 803 1456 Κιλίκων
844 1402 1030 1458 θεόθεν
1089 1403 1309 1470 ἐδέξατο
1368 1403 1692 1475 προεδρίαν·
1737 1403 1860 1458 οὔτε

268 1492 376 1564 τὴν
410 1492 734 1564 φιλοσοφίαν
787 1497 886 1568 τὴν
941 1497 1217 1568 προτέραν
1245 1496 1584 1561 καταλιπὼν,
1619 1497 1714 1550 καὶ
1747 1499 1862 1562 τοῖς

269 1584 460 1648 πόνοις
491 1585 722 1651 ἐκείνοις
751 1587 877 1651 τοὺς
899 1589 997 1660 τῆς
1029 1589 1440 1661 ἀρχιερωσύνης
1481 1587 1711 1660 ἱδρῶτας
1767 1588 1861 1642 ὀσ-

269 1679 489 1751 ημέραι
515 1683 853 1753 προστιθείς.
881 1685 1083 1740 Τούτου
1119 1689 1214 1742 καὶ
1249 1687 1523 1759 Ῥώμυλος
1547 1689 1576 1742 ὁ
1593 1689 1860 1760 μακάριος

269 1772 552 1845 ἀκροατὴς
587 1775 850 1843 γεγονὼς,
903 1778 1104 1850 ἀγέλης
1153 1781 1417 1852 μεγίστης
1462 1779 1689 1851 ἡγεμὼν
1754 1782 1861 1835 άπ-

1973 591 2278 653 martyrum
2322 580 2608 652 depositus
2645 588 2799 646 εει,
2862 581 3066 634 Juliani
3093 623 3107 645 ,
3164 582 3553 652 triumphantis

1926 661 2194 727 Iathletze
2253 671 2492 743 pietatis,
2533 673 2953 728 contubernalis
3017 673 3258 742 lectique
3323 689 3554 729 consors

1974 761 2174 826 factus,
2206 761 2508 832 eademque
2527 763 2645 833 ipsa
2672 777 2776 832 qua
2803 762 3021 817 divinus
3053 771 3107 814 et
3131 762 3324 816 beatus
3349 762 3554 832 Apbra-

1973 861 2092 908 ates
2133 867 2258 930 area
2290 853 2566 908 conditus.
2596 851 2790 924 Gregis
2833 866 2962 906 vero
2997 850 3380 920 praefecturam
3434 869 3558 907 sus-

1971 944 2115 1016 cepit
2137 945 2490 1002 admirandus
2508 945 2804 1010 Helladius,
2822 945 2938 1015 qui,
2965 959 3060 1014 per
3080 959 3255 998 annos
3271 945 3553 1014 sexaginta

1971 1037 2254 1091 laboribus
2289 1037 2397 1092 illis
2437 1037 2751 1102 defunctus,
2772 1034 3005 1090 Cilicum
3045 1035 3308 1091 divinitus
3363 1044 3554 1104 postea

1971 1127 2150 1183 factus
2176 1139 2261 1183 est
2299 1129 2552 1194 antistes,
2586 1129 2877 1198 pristinam
2903 1143 3011 1182 non
3060 1129 3320 1182 deserens
3375 1128 3552 1196 philo-

1969 1220 2244 1291 s0phiam,
2279 1221 2372 1276 sed
2412 1222 2693 1276 laboribus
2729 1221 2840 1276 illis
2907 1220 3248 1290 pontiﬁcales
3303 1220 3552 1288 quotidie

1969 1312 2202 1366 sudores
2228 1311 2517 1382 adjiciens.
2548 1309 2726 1381 Hujus
2755 1325 2976 1382 quoque
3003 1311 3132 1365 olim
3161 1310 3379 1364 auditor
3423 1311 3550 1365 bea-

1973 1411 2072 1460 tus
2119 1402 2394 1459 Romulus
2446 1403 2675 1458 maximi
2738 1403 2921 1474 gregis
2967 1411 3149 1457 rector
3185 1403 3372 1457 factus
3418 1410 3548 1458 est:

1969 1503 2265 1566 manetque
2322 1495 2610 1566 hucusque
2656 1495 2804 1550 illius
2866 1505 3048 1550 emtas
3102 1493 3244 1549 idem
3307 1493 3550 1549 retinens

1971 1589 2308 1644 institutum.
2345 1588 2578 1660 Adjacet
2598 1598 2785 1644 autem
2807 1587 2927 1658 ejus
2979 1588 3320 1643 monasterio
3372 1588 3548 1649 vicus.

1969 1682 2060 1737 cui
2093 1682 2324 1754 Syriaca
2351 1682 2539 1750 lingua
2589 1696 2789 1736 nomen
2823 1689 2910 1736 est
2959 1679 3189 1736 Marato.
3259 1679 3369 1750 Ego
3421 1693 3550 1733 vero

1970 1775 2308 1829 narrationis
2381 1773 2547 1844 hujus
2607 1773 2768 1828 tinem
2835 1773 2924 1828 hic
2977 1781 3247 1837 statuens,
3312 1788 3412 1827 oro
3490 1780 3550 1825 ut

269 1863 484 1933 εφάνθη
507 1883 522 1897 ·
553 1867 648 1920 καὶ
675 1867 910 1938 διέμεινέ
928 1885 988 1924 τε
1013 1873 1108 1924 καὶ
1133 1873 1162 1925 6
1189 1872 1395 1926 ἐκείνου
1423 1871 1583 1944 χορὸς
1601 1875 1680 1936 είς
1696 1871 1856 1944 δεῦρο

1962 1870 2084 1926 inde
2126 1883 2348 1938 quoque
2375 1867 2773 1923 benedictionis
2806 1865 3079 1936 particeps
3123 1866 3268 1920 llam.

269 1962 371 2030 τῆς
408 1959 582 2028 αὐτῆς
633 1961 914 2028 πολιτείας
954 1965 1231 2036 ἐχόμενος.
1285 1966 1622 2038 Παράκειται
1673 1965 1731 2019 δέ
1777 1965 1857 2036 τῷ
1919 1963 2320 2036 φροντιστηρίῳ
2376 1961 2559 2031 κώμη,
2622 1957 2867 2030 Μαρατὼ
2931 1958 3150 2030 Συριστὶ
3214 1955 3546 2027 καλουμένη⁹

284 2046 427 2116 Ἐγὼ
481 2051 537 2104 δὲ
585 2051 744 2107 τοῦδε
796 2054 890 2108 τοῦ
942 2056 1281 2128 διηγήματος
1321 2057 1479 2111 τοῦτο
1519 2057 1890 2132 ποιησάμενος
1926 2058 2120 2128 πέρας,
2157 2055 2388 2108 ἱκετεύω
2447 2051 2543 2106 καὶ
2599 2051 2699 2122 τῆς
2747 2048 2996 2104 ἐντεῦθεν
3049 2051 3339 2120 μετασχεῖν
3399 2047 3551 2101 εὐλο-

267 2139 416 2208 γίας.

769 2239 870 2294 1Α¹.
916 2270 986 2284 —
1015 2241 1359 2300 ΡΩΜΑΝΟΣ.

354 2325 414 2380 '0
447 2325 544 2396 μέν
565 2320 659 2382 οὖν
694 2327 870 2399 μέγας
925 2330 1201 2396 Θεοδόσιος
1246 2335 1355 2387 ἀπὸ
1401 2336 1498 2406 τῆς
1539 2335 1857 2408 Ἀντιοχέων

265 2416 614 2488 ὁρμώμενος,
672 2420 767 2474 καὶ
824 2423 884 2473 ἐν
944 2425 1054 2486 τοῖς
1113 2424 1393 2489 Ῥωσικοῖς
1446 2428 1856 2499 ἀγωνισάμενος

270 2511 478 2580 ὄρεσιν,
506 2511 587 2573 είς
609 2509 709 2582 τὴν
756 2510 1030 2582 Ἀντιόχου
1047 2513 1201 2567 πόλιν
1225 2516 1557 2582 ἐπανελθών,
1582 2517 1724 2572 οὕτω
1756 2521 1852 2574 τοῦ

269 2599 389 2667 βίου
428 2600 490 2652 τδ
537 2601 688 2667 τέλος
741 2602 980 2668 ἐδέξατο.
1032 2605 1311 2676 Ῥωμανὸς
1342 2608 1398 2660 δὲ
1446 2611 1475 2663 ὁ
1513 2609 1675 2677 θεῖος,
1705 2612 1762 2662 ἐν
1785 2614 1850 2684 τῇ

279 2691 472 2762 Ῥώσῳ
505 2693 602 2746 καὶ
626 2693 860 2764 τεχθεὶς,
887 2697 980 2749 καὶ
1003 2695 1071 2750 τὰ
1108 2698 1302 2768 πρῶτα
1341 2701 1590 2769 τραφεὶς,
1625 2702 1683 2754 ἐν
1735 2703 1854 2756 Ἀνο

267 2784 478 2853 τιοχεὶα
511 2786 638 2848 τοὺς
652 2784 776 2856 *τῆς
805 2788 1006 2859 ἀρετῆς
1031 2789 1326 2855 ὑπεδέξατο
1355 2792 1570 2857 ἄθλους,
1603 2794 1710 2858 ἔξω
1755 2795 1855 2864 μὲν

267 2873 376 2927 τῶν
422 2875 517 2929 τοῦ
580 2878 771 2942 ἄστεος
829 2881 1130 2951 περιϐόλων
1161 2923 1176 2946 ,
1244 2885 1393 2956 παρά
1433 2884 1531 2956 τὴν
1578 2885 1856 2958 ὑπώρειαν

268 2965 672 3037 ἐσκηνωμένος,
723 2969 788 3022 ἐν
836 2969 1103 3042 ἀλλοτρίῳ
1151 2971 1208 3026 δέ
1254 2975 1483 3046 οίκιδίῳ,
1541 2977 1635 3029 καὶ
1680 2977 1856 3048 τούτῳ

270 3056 512 3128 σμικρῷ,
548 3059 724 3112 πάντα
781 3060 875 3114 τὸν
929 3061 1118 3132 χρόνον
1146 3063 1461 3130 διαδιώσας.
1488 3068 1766 3122 Διετέλεσε
1795 3069 1852 3122 δὲ

271 3147 432 3218 μέχρι
458 3149 665 3221 γήρως,
689 3152 828 3222 μήτε
858 3154 991 3224 πυρὶ
1013 3155 1381 3226 χρησάμενος,
1417 3160 1553 3229 μήτε
1582 3158 1854 3230 λυχνιαῖον

266 3233 560 3305 δεξάμενος
585 3238 918 3310 φῶς.Τροφὴ
945 3241 1054 3313 γάρ
1087 3239 1156 3315 ἦν
1194 3245 1343 3317 αὐτῷ
1370 3247 1536 3318 ἄρτος
1564 3250 1658 3303 καὶ
1687 3250 1815 3316 ἆλες
1837 3267 1851 3280 ·

269 3325 422 3396 πόμα
443 3326 498 3381 δὲ
521 3307 803 3400 κρηνιαῖον
1020 3307 1166 3404 κόμη
1206 3335 1262 3390 δὲ
1409 3307 1636 3410 μεγάλῳ
1670 3307 1858 3394 88060-
1882 3307 1925 3366 θ

269 3419 372 3489 σὶῳ
395 3423 778 3493 παραπλησία,
812 3427 908 3478 καὶ
958 3426 1120 3498 ἐσθὴς
1156 3427 1252 3481 καὶ
1310 3429 1529 3503 σίδηρος
1567 3431 1853 3497 ὡσαύτως.

281 3509 654 3567 Ἑπλεονέκτει
683 3513 741 3566 δὲ
771 3510 923 3578 οὗτος
945 3515 1107 3588 ἤθους
1134 3518 1418 3590 ἁπλότητι,
1457 3521 1549 3574 καὶ
1587 3522 1855 3593 πραότητι

269 3601 511 3670 τρόπων,
556 3603 650 3656 καὶ
681 3607 1032 3677 φρονήματος
1081 3614 1418 3682 μετριότητι.
1487 3612 1596 3666 Καὶ
1660 3613 1853 3667 τούτου

268 3693 455 3748 εἵνεκα
482 3696 583 3766 τῆς
615 3696 764 3762 θείας
812 3700 1033 3769 χάριτος
1065 3701 1216 3771 ἠφίει
1265 3703 1364 3774 τὴν
1414 3704 1630 3774 αἴγλην.
1665 3723 1683 3755 ι
1732 3707 1854 3760 Ἐπὶ

269 3787 389 3840 τίνα
427 3788 556 3859 γάρ,
588 3790 772 3860 φησὶν,
825 3793 1121 3863 ἐπιϐλέψω,
1178 3794 1291 3848 ἀλλ’
1325 3795 1358 3868 ἢ
1398 3797 1490 3849 ἐπὶ
1535 3797 1626 3849 τὸν
1657 3794 1853 3869 πρᾶον,

270 3879 368 3932 καὶ
394 3879 641 3951 ἡσύχιον,
671 3883 764 3938 καὶ
807 3885 1083 3956 τρέμοντα
1125 3904 1226 3956 μου
1271 3888 1398 3951 τοὺς
1438 3887 1660 3956 λόγους;
1693 3908 1712 3941 ι
1746 3889 1856 3942 Kal

268 3977 381 4038 τοῖς
418 3974 568 4039 ἰδίοις
597 3976 652 4029 δέ
677 3977 838 4030 πάλιν
882 3977 1035 4048 ἔλεγε
1081 3980 1352 4052 μαθηταῖς
1380 3997 1391 4010 ·
1433 4001 1450 4033 ι
1489 3981 1706 4035 Μάθετε
1759 3983 1854 4035 ἀπ’

269 4069 426 4138 ἐμοῦ,
477 4071 560 4124 ὅτι
632 4072 809 4142 πρᾶός
857 4074 998 4142 εἰμι,
1047 4074 1142 4126 καὶ
1200 4073 1460 4136 ταπεινὸς
1514 4075 1580 4145 τῇ
1633 4075 1854 4146 καρδίᾳ,

270 4164 362 4215 καὶ
394 4162 655 4235 εὑρήσετε
710 4165 1018 4218 ἀνάπαυσιν
1063 4169 1182 4229 ταῖς
1214 4166 1416 4236 ψυχαῖς
1465 4165 1642 4236 ὑμῶν.
1690 4185 1708 4218 ι
1745 4167 1855 4220 Kal

271 4254 466 4309 πάλιν·
507 4275 526 4308 ι
559 4258 836 4330 Μακάριοι
873 4258 922 4310 οἱ
962 4261 1176 4328 πραεῖς,
1207 4260 1288 4313 ὅτι
1331 4259 1486 4313 αὐτοὶ
1521 4259 1858 4331 κληρονομή-

270 4365 424 4402 σουσι
454 4349 552 4419 τὴν
584 4350 706 4421 γῆν.
743 4371 762 4403 ι
800 4351 910 4404 Καὶ
940 4351 1166 4405 Μωῢσεῖ
1191 4353 1250 4406 δέ
1297 4351 1375 4424 τῷ
1407 4352 1676 4425 νομοθέτῃ
1699 4353 1858 4407 τοῦτο

266 4436 337 4511 ἦν
360 4440 420 4493 τὸ
447 4440 557 4493 τῶν
585 4441 1024 4512 κατορθωμάτων
1054 4443 1346 4516 ἐπίσημον.
1373 4463 1391 4496 ι
1417 4440 1528 4498 Ἦν
1555 4444 1854 4516 γὰρ,φησὶ,

268 4533 512 4602 Μωῦσῆς
564 4535 871 4603 πραότατος
931 4535 1088 4606 παρὰ
1113 4537 1326 4601 πάντας
1373 4536 1695 4606 ἀνθρώπους
1726 4537 1857 4600 τοὺς

2299 2231 2511 2302 1200
2542 2228 2633 2284 XI.
2664 2259 2733 2268 —
2767 2225 3120 2282 ROMANUS.

2036 2327 2267 2398 Magnus
2309 2339 2441 2395 ergo
2507 2321 2852 2378 Theodosius
2909 2321 3200 2376 Antiochia
3247 2325 3542 2385 oriundus.

1962 2435 2086 2475 cum
2120 2420 2176 2473 in
2218 2417 2472 2473 Rhosicis
2510 2414 2800 2489 montibus
2839 2414 3197 2480 decertasset,
3257 2416 3311 2469 in
3358 2418 3547 2471 urbem

1961 2511 2360 2566 Antiochenam
2419 2515 2610 2577 postea
2665 2521 2959 2572 reversus,
3010 2507 3082 2560 ita
3133 2507 3297 2560 vitam
3350 2509 3487 2562 liniit
3529 2526 3543 2574 ;

1959 2604 2182 2660 divinus
2213 2617 2346 2656 vero
2376 2599 2686 2661 Romanus,
2731 2606 2786 2653 et
2845 2596 3019 2653 Rbosi
3073 2599 3313 2668 genitus,
3365 2609 3419 2655 et
3474 2606 3544 2660 ibi

1957 2696 2197 2767 primum
2227 2694 2518 2758 educatus,
2556 2690 2772 2744 virtutis
2813 2689 3114 2744 certamina
3141 2693 3384 2760 suscepit
3434 2691 3548 2746 Au-

1957 2789 2201 2854 tiocbiaz,
2233 2794 2388 2841 extra
2417 2785 2570 2840 urbis
2595 2782 2828 2845 mmnia,
2878 2783 2988 2835 imo
3019 2783 3072 2836 in
3129 2792 3316 2837 monte
3363 2783 3544 2838 sedem

1961 2880 2158 2950 ﬁgens,
2190 2887 2244 2933 et
2269 2879 2446 2932 aliena
2482 2878 2536 2931 in
2591 2876 2730 2932 cella
2775 2890 2951 2944 eaque
3001 2885 3236 2945 angusta
3281 2881 3547 2944 perpetuo

1956 2973 2171 3028 vivens.
2195 2971 2346 3025 Vixit
2378 2978 2562 3024 autem
2599 2969 2669 3023 ad
2715 2979 2990 3024 senectam
3036 2982 3232 3038 usque,
3275 2983 3374 3021 nec
3425 2967 3548 3038 igne

1959 3070 2142 3123 utens,
2167 3077 2267 3116 nec
2289 3061 2528 3116 lucerna:
2559 3061 2742 3113 lumen
2773 3058 3086 3113 admittens.
3108 3057 3276 3112 Cibus
3309 3073 3549 3127 namque

1956 3157 2034 3212 illi
2089 3157 2246 3228 panis
2280 3165 2398 3210 erat
2430 3170 2552 3210 cum
2601 3153 2736 3219 sale,
2780 3162 2940 3222 potus
2981 3166 3110 3206 vero
3146 3165 3287 3220 aqua
3315 3166 3344 3205 e
3373 3150 3545 3214 fonte,

1958 3250 2213 3307 caesaries
2247 3263 2442 3319 magno
2476 3263 2576 3319 par
2598 3245 2934 3309 Theodosio,
2959 3245 3237 3314 vestisque
3259 3253 3312 3299 et
3342 3242 3545 3299 ferrum

1959 3343 2233 3399 similiter.
2263 3340 2566 3396 Prastabat
2597 3340 2684 3393 hic
2707 3347 2890 3394 autem
2928 3353 3145 3391 morum
3190 3335 3548 3406 simplicitate

1959 3444 2015 3490 et
2065 3433 2316 3495 lenitate,
2366 3431 2649 3500 animique
2707 3428 2998 3494 modestia,
3063 3444 3297 3498 eamque
3328 3428 3398 3482 ob
3435 3444 3547 3480 rem

1961 3524 2160 3579 divinae
2188 3525 2376 3593 gratiae
2400 3523 2570 3577 radiis
2600 3521 2890 3576 emicabat.
2917 3538 2937 3571 ι
2969 3520 3048 3573 Ad
3086 3535 3246 3590 quem
3269 3519 3437 3580 enim,
3473 3518 3550 3570 ait

1961 3613 2249 3677 Dominus,
2271 3613 2588 3683 respiciam,
2610 3610 2716 3665 nisi
2748 3624 2917 3679 super
2953 3610 3141 3663 mitem
3174 3623 3239 3663 ac
3271 3609 3545 3678 quietum,

1959 3715 2015 3758 et
2061 3711 2400 3759 reverentem
2460 3715 2746 3756 sermones
2783 3714 2934 3755 meos
2964 3697 3039 3752 h?
3071 3718 3088 3750 ι
3150 3699 3214 3752 Ει
3258 3698 3544 3768 discipulis

1958 3789 2076 3846 suis
2098 3802 2316 3842 rursum
2349 3787 2528 3840 aiebat
2563 3803 2576 3839 :
2618 3803 2636 3835 ι
2665 3783 2865 3839 Discite
2897 3798 2924 3837 a
2957 3798 3061 3844 me,
3095 3782 3220 3851 quia
3257 3781 3401 3834 mitis
3423 3796 3546 3834 sum

1957 3890 2012 3937 et
2046 3880 2270 3934 humilis
2326 3878 2512 3941 corde,
2553 3886 2605 3932 et
2637 3875 2929 3931 invenietis
2978 3874 3222 3943 requiem
3255 3871 3545 3926 animabus

1958 3974 2158 4028 vestris
2197 3973 2254 4036 i;
2300 3989 2318 4021 ι
2369 3979 2423 4024 et
2482 3970 2721 4024 iterum:
2766 3985 2784 4019 ι
2851 3965 2999 4020 Beati
3035 3965 3221 4027 mites,
3283 3964 3542 4032 (uiciniam

1959 4064 2061 4133 ipsi
2091 4062 2450 4134 possidebunt
2477 4068 2678 4114 terram
2715 4057 2762 4113 i.
2809 4077 2826 4110 ι
2859 4057 2922 4110 Ει
2946 4055 3400 4126 Mesilegislatori
3439 4055 3543 4107 hnc

1960 4154 2260 4210 illustrium
2315 4153 2620 4207 facinorum
2675 4150 2778 4204 fuit
2838 4148 3072 4219 insigne,
3108 4167 3126 4199 ι
3192 4148 3320 4200 Erat
3370 4145 3539 4208 enim,

1960 4247 2158 4318 inquit,
2191 4244 2369 4301 Moses
2403 4244 2486 4298 vir
2509 4243 2838 4298 mitissimus
2868 4256 3035 4310 super
3062 4255 3254 4294 omnes
3290 4238 3542 4292 homines

1959 4343 2051 4411 qui
2087 4339 2291 4395 suntin
2326 4346 2472 4392 terra
2497 4337 2544 4390 ιι.
2578 4355 2596 4387 ι
2637 4335 2746 4390 Hoc
2807 4335 2988 4405 ipsum
3037 4340 3091 4388 et
3153 4331 3222 4386 de
3277 4331 3542 4403 propheta

1961 4433 2163 4491 Davide
2197 4439 2432 4487 testatus
2455 4441 2537 4486 est
2577 4429 2816 4500 Spiritus
2879 4436 3107 4483 sanctus
3135 4443 3148 4480 :
3181 4444 3198 4476 ι
3239 4424 3534 4484 Memento.

1965 4524 2216 4586 Domine,
2251 4520 2493 4589 Davidis,
2533 4532 2583 4577 et
2618 4520 2800 4575 omnis
2837 4517 3281 4575 mansuetudinis
3313 4517 3432 4585 ejus
3458 4512 3536 4568 ι.»

269 4625 432 4686 bna;
455 4623 547 4676 ἐπὶ
579 4623 676 4694 τῆς
707 4625 831 4695 γῆς.
875 4643 894 4676 ι
933 4625 1106 4679 τοῦτο
1143 4627 1240 4680 καὶ
1296 4625 1375 4697 τῷ
1403 4627 1658 4698 προφήτῃ
1689 4625 1857 4680 Δαϐὶδ

1963 4617 2027 4670 Et
2054 4617 2119 4672 de
2150 4615 2458 4686 patriarcha
2491 4613 2698 4668 Jacobo
2721 4611 3041 4672 didicimus,
3066 4608 3214 4679 quod
3261 4609 3342 4661 vir
3378 4606 3543 4661 fuerit

269 4714 334 4765 τδ
369 4712 637 4782 πανάγιον
671 4713 1019 4786 ἐμαρτύρησε
1050 4715 1278 4785 Πνεῦμα
1300 4731 1313 4744 '
1353 4734 1370 4767 t
1401 4716 1690 4786 Μνήσθητι
1716 4717 1848 4788 γάρ,

270 4806 430 4876 φησὶ,
461 4805 555 4858 τοῦ
587 4805 772 4873 Δαϐἱδ,
805 4807 898 4859 καὶ
926 4806 1108 4878 πάσης
1140 4805 1241 4876 τῆς
1272 4806 1576 4878 πραότητος
1604 4807 1792 4861 αὑτοῦ,
1829 4827 1847 4860 ι

269 4898 384 4953 Καὶ
424 4897 1030 4969 περὶτούπατριάρχου
1083 4897 1278 4952 Ἰακὼϐ
1322 4899 1746 4971 μεμαθήκαμεν,
1773 4901 1855 4955 ὅτι

266 4988 548 5054 ἄπλαστος
576 4986 666 5062 ἦν,
691 4990 857 5044 οίκῶν
880 4991 1078 5045 οἰκίαν.
1090 4990 1306 5055 Ταύτας
1339 4996 1490 5063 δίκην
1516 4992 1774 5065 μελίττης
1790 4996 1856 5047 ἐκ

201 5132 216 5146 _
269 5080 384 5135 τών
408 5081 568 5135 θείων
585 5082 808 5135 ἐκείνων
836 5082 1117 5153 λειμώνων
1146 5083 1242 5146 τὰς
1271 5084 1472 5154 ἀρετὰς
1497 5084 1777 5155 ἀθροίσας,
1795 5085 1856 5138 τὺ

205 5197 212 5227 ;
269 5175 373 5242 τῆς
399 5173 658 5244 ἀληθείας
684 5174 1057 5228 κατεσκεύασε
1095 5175 1236 5246 μέλι.
1300 5175 1439 5229 Ἀλλ’
1471 5177 1532 5230 ού
1571 5177 1729 5245 μόνος
1751 5177 1858 5230 τῶν

273 5263 456 5317 πόνων
485 5263 787 5334 ἁπήλαυσε.
842 5265 1135 5334 Προύχεῖτο
1179 5265 1236 5318 δέ
1297 5266 1460 5320 αὖτοῦ
1492 5267 1584 5318 καὶ
1615 5267 1695 5328 είς
1731 5266 1860 5330 τοὺς

272 5355 382 5420 ἔξω
411 5355 480 5408 τὰ
502 5355 694 5426 ἥδιστα
726 5355 943 5425 νάματα
967 5373 979 5389 ο
1007 5358 1100 5411 καὶ
1116 5361 1228 5421 τοῖς
1257 5358 1391 5427 πρὸς
1421 5359 1582 5411 αὑτὸν
1610 5359 1858 5427 άφικνουυ

276 5447 482 5518 μένοις,
527 5450 594 5518 τῇ
657 5447 860 5518 πραείᾳ
920 5450 1011 5501 καὶ
1041 5449 1268 5518 γλυκείᾳ
1306 5449 1646 5520 κεχρημένος
1682 5451 1855 5520 φωνῇ,

275 5538 479 5601 πολλὰς
507 5540 605 5609 μὲν
638 5541 764 5609 περὶ
822 5539 1188 5609 φιλαδελφίας,
1221 5539 1421 5603 πολλὰς
1450 5541 1504 5593 δὲ
1557 5541 1686 5610 περὶ
1723 5541 1856 5611 ὀμο-

274 5634 426 5695 νοέας
449 5651 505 5686 τε
536 5635 628 5687 καὶ
655 5634 1192 5704 εἰρήνηςπροσὲφερε
1221 5636 1566 5704 παραινέσεις
1588 5652 1599 5664 ’
1631 5633 1857 5697 πολλοὺς

349 5811 376 5854 ³
412 5811 515 5866 Isa.
551 5827 696 5876 ιλιι,
727 5811 778 5862 ‘2.

865 5814 878 5850 ί
917 5810 1099 5864 Matth.
1135 5827 1209 5875 τι,
1244 5812 1332 5866 9.9.
1416 5811 1426 5860 ἱ
1471 5808 1659 5866 Matth.
1697 5826 1745 5863 v.
1785 5811 1836 5866 ι.
1916 5808 1938 5847 ¹ι
1967 5808 2128 5864 Num.
2166 5825 2261 5877 xu,
2293 5810 2344 5863 '5.

1962 4708 2212 4775 simplex,
2249 4706 2395 4759 domi
2447 4721 2505 4760 sc
2545 4704 2834 4759 continens
2865 4713 2924 4754 ω.
2972 4698 3081 4753 Has
3136 4700 3362 4752 virtutes
3416 4715 3540 4750 cum

1963 4799 2108 4853 velut
2133 4799 2249 4866 apis
2281 4813 2343 4851 ex
2375 4796 2575 4850 divinis
2618 4794 2824 4863 1201
2856 4793 2962 4847 illis
3009 4792 3183 4862 pratis
3207 4790 3541 4858 collegisset,

1963 4893 2068 4947 mel
2099 4889 2334 4945 confecit
2364 4903 2505 4941 verae
2535 4886 2912 4956 pbiIOSOphiae.
2950 4885 3017 4937 At
3047 4899 3153 4937 nou
3175 4883 3326 4939 solus
3358 4881 3539 4936 fructu

1961 4984 2210 5038 laborum
2245 4981 2450 5051 potitus
2480 4989 2584 5034 est.
2635 4978 2926 5032 lllauabant
2970 4977 3134 5030 etiam
3195 4975 3258 5028 ad
3324 4983 3542 5030 exteros

1963 5075 2294 5130 suavissima
2323 5072 2466 5126 illius
2496 5071 2805 5126 ﬂuentazet
2827 5071 2892 5124 iis
2915 5070 3007 5140 qui
3038 5069 3218 5138 ipsum
3248 5067 3542 5122 convenie-

1961 5167 2114 5229 bant,
2141 5163 2246 5218 leni
2278 5163 2534 5231 dulcique
2569 5176 2722 5224 voce,
2753 5162 2952 5215 multas
2973 5161 3039 5214 de
3067 5159 3308 5212 fraterno
3337 5172 3542 5218 amore.

1963 5257 2166 5311 multas
2195 5256 2260 5310 de
2288 5253 2604 5316 concordia,
2633 5254 2832 5306 multas
2850 5251 2917 5306 de
2958 5268 3089 5322 pace
3143 5250 3545 5305 admonitiones

1964 5350 2290 5420 suggerebat
2320 5367 2332 5403 :
2363 5346 2565 5402 multos
2611 5346 2776 5400 etiam
2827 5345 2944 5399 solo
2974 5353 3196 5414 aspectu
3229 5344 3542 5397 divinarum

1965 5457 2142 5496 rerum
2173 5448 2446 5495 amatores
2466 5437 2664 5495 eﬂ'ecit.
2697 5437 2830 5503 Quis
2863 5439 3007 5490 enim
3037 5451 3143 5491 non
3183 5447 3266 5491 est
3307 5437 3545 5491 admira-

1964 5541 2075 5595 tus,
2098 5549 2280 5588 senem
2313 5535 2690 5602 contemplans
2722 5527 2984 5583 membris
3016 5526 3350 5590 conlectum,
3396 5528 3546 5581 ferro

1969 5629 2204 5699 plurimo
2226 5643 2321 5682 sua
2357 5636 2548 5698 sponte
2593 5633 2873 5688 onustum,
2909 5630 2962 5678 et
2988 5622 3204 5676 cilicina
3231 5632 3377 5676 ιρειο
3405 5625 3542 5673 ami-

2442 5807 2454 5845 ι
2496 5806 2638 5861 Psal.
2666 5823 2849 5872 cum,
2898 5806 2944 5858 ί.
3053 5815 3089 5835 ”¹
3118 5807 3246 5859 Cm.
3294 5821 3414 5866 λιι,
3446 5806 3544 5858 5.7.
