4030 6412
465 365 601 431 1395

1447 355 1940 420 THEODORETI
1968 355 2309 425 EPISCOPI
2339 358 2707 420 CYRENSIS‘

3595 345 3741 412 1396

460 493 635 544 etum,
683 477 918 547 ciboque
963 475 1059 546 qui
1101 482 1332 541 mortem
1394 474 1778 530 tantummodo
1833 479 2037 529 arceret

2146 473 2206 527 δὲ
2239 473 2348 528 τῶν
2373 475 2534 529 θείων
2559 475 2655 530 καὶ
2669 474 2832 545 μόνον
2858 473 3136 545 ὁρώμενος
3151 470 3434 542 ἀπέφηνεν
3463 468 3728 540 ἐραστάς.

465 572 845 628 victitantem?
865 568 1066 624 Prmter
1094 566 1528 638 magnitudinem
1567 581 1736 638 porro
1759 576 1817 623 et
1862 566 2049 624 multi-

462 663 709 718 tudinem
734 662 1002 724 laborum,
1036 673 1159 730 quae
1189 661 1246 715 in
1275 674 1340 715 eo
1364 658 1593 718 ﬂorebat
1624 660 1823 731 gratia,
1856 664 1874 682 θ
1901 668 1960 717 ut
1989 661 2045 713 in

462 757 827 810 admiratione
849 756 1163 825 honoreque
1185 761 1352 819 esset,
1379 754 1638 810 omnibus
1661 752 2053 823 persuadebat.

463 847 758 901 Multorum
790 844 956 900 etiam
985 859 1128 914 saepe
1153 858 1350 914 graves
1380 843 1604 899 morbos
1641 843 1871 924 depulit,
1912 843 2047 897 mul-

463 941 538 996 tis
559 939 840 995 sterilibus
871 937 1092 994 feminis
1124 939 1328 994 liberos
1355 937 1691 1008 impetravit.
1730 935 1797 990 Et
1830 943 2042 994 tantam

463 1046 493 1086 a
525 1032 712 1085 divino
749 1030 956 1100 Spiritu
1022 1037 1351 1102 potestatem
1411 1030 1666 1100 adeptus,
1721 1029 1938 1100 inopem
1985 1044 2046 1085 se

461 1121 887 1190 mendieumque
917 1119 1252 1190 appellabat.
1289 1118 1499 1178 Omnes.
1536 1134 1668 1190 ergo
1719 1119 1831 1194 qui
1861 1119 2042 1189 ipsum

460 1211 908 1280 frequentabant,
943 1219 998 1265 et
1036 1219 1286 1281 aspectu,
1315 1218 1371 1266 et
1430 1225 1686 1266 sermone
1736 1209 2040 1276 beneﬂciis,

459 1306 639 1374 quoad
669 1303 822 1368 vixit,
860 1304 1148 1360 cumulare
1196 1318 1310 1358 non
1365 1303 1611 1359 destitit:
1647 1309 1704 1359 et.
1749 1309 2040 1373 postquam

458 1394 589 1450 hinc
615 1394 770 1461 abiit,
797 1395 1231 1465 angelorumque
1257 1393 1322 1448 in.
1347 1400 1552 1448 emtum
1594 1394 1896 1450 translatus
1932 1401 2038 1460 est,

457 1487 780 1542 memoriam
827 1485 1068 1555 reliquit,
1118 1501 1228 1541 nou
1279 1500 1388 1540 una
1406 1500 1534 1542 cum
1566 1498 1801 1556 corpore
1838 1500 2038 1542 consc-

459 1578 689 1646 pultam,
716 1577 808 1632 sed
836 1592 957 1647 quae
976 1575 1136 1632 ﬂoret
1161 1575 1440 1646 vigetque,
1473 1581 1532 1630 et
1560 1573 1887 1630 iuexstincta
1918 1589 2046 1646 per-1

460 1679 626 1740 petuo
641 1677 843 1736 manet,
859 1683 923 1725 ac
940 1668 1250 1727 volentibus
1267 1681 1426 1738 opem
1463 1667 1607 1723 ferre
1629 1675 1831 1738 potest.
1853 1666 2038 1733 Quare

2155 566 2253 630 Τίς
2271 567 2381 637 γὰρ
2409 567 2510 621 οὐκ
2541 567 2610 622 ἂν
2635 565 2994 638 ὑπερηγάσθη
3024 562 3338 636 πρεσὸύτην
3365 560 3638 631 θειίιμενος
3667 560 3742 613 τὺ.

2151 661 2313 732 σῶμα
2341 661 2773 733 τετρυχωμένον,
2798 659 2894 718 καὶ
2923 658 3141 730 σίδηρον
3159 659 3244 711 ὅτι
3270 656 3517 710 πλεῖστον
3540 655 3740 726 φέρειν.

2146 752 2495 824 αἱρούμενον,
2520 751 2615 807 καὶ
2646 751 2724 823 τῷ
2754 752 2821 805 ἐκ
2851 749 3055 822 τριχῶν
3079 747 3726 820 ὲσθήματινκεχρημένον,

2146 847 2243 902 καὶ
2266 847 2470 918 τροφῆς
2524 844 2869 900 ἀπολαύοντα
2922 841 3163 897 κωλύσαι
3210 831 3368 913 μόνον
3398 838 3738 912 ἀποχρώσης-

2145 938 2236 991 τὸν
2264 937 2330 991 ὲκ
2363 935 2523 1008 λιμοῦ
2573 937 2801 992 θάνατον
2827 952 2842 1002 ;
2883 935 3029 1006 Πρδς
3082 934 3141 988 δὲ
3164 932 3244 1004 τῷ
3271 933 3492 1004 μεγέθει
3527 933 3622 986 καὶ
3650 931 3730 1001 τῷ

2145 1028 2342 1100 πλήθει
2373 1028 2483 1082 τῶν
2511 1029 2714 1092 πόνων,
2747 1028 2843 1082 καὶ
2864 1027 2897 1098 ἡ
2921 1024 3231 1081 ἐπανθοῦσα
3246 1025 3404 1097 χάρις
3429 1023 3730 1095 θαυμάζειν

2144 1118 2309 1173 αὐτὸν
2330 1118 2577 1184 ἃπαντας
2607 1119 2704 1173 καὶ
2749 1117 3030 1190 γεραίρειν
3070 1115 3346 1170 ἀνέπειθε.
3374 1113 3594 1168 Πολλῶν
3628 1113 3736 1182 μὲν.

2141 1211 2252 1282 γὰρ
2278 1212 2540 1277 πολλάκις
2590 1210 3127 1288 χαλεπὰςρπήλασε
3172 1208 3380 1273 νόσους,
3417 1206 3645 1269 πολλαῖς
3671 1204 3732 1258 δὲ

2141 1303 2356 1372 γυναιξὶ
2387 1304 2673 1376 στερίφαις
2729 1301 3028 1373 ἐχαρίσατο
3069 1300 3289 1364 παῖδας.
3319 1298 3430 1352 Καὶ
3455 1296 3730 1365 τοσαύτην

2141 1393 2294 1466 παρὰ
2321 1393 2416 1448 τοῦ
2451 1392 2600 1448 θείου
2629 1392 2948 1465 Πνεύματος
2980 1391 3272 1463 δεξάμενος
3299 1389 3549 1461 δύναμιν,
3580 1404 3728 1442 me,

2139 1487 2235 1559 χδν
2251 1486 2444 1540 ἑαυτὸν
2471 1485 2568 1540 καὶ
2600 1483 2903 1556 προσαίτην
2946 1483 3252 1554 ὠνόμαζεν.
3289 1481 3506 1546 Πάντας
3544 1480 3736 1537 τοίνυν,

2137 1581 2266 1644 τοὺς
2291 1579 2419 1650 παρ’
2439 1577 2591 1649 αὐτῷ
2613 1577 2938 1646 φοιτῶντας,
2955 1575 3056 1630 καὶ
3065 1576 3410 1647 φαινόμενος,
3433 1575 3532 1629 καὶ
3559 1573 3728 1643 φθεγ-

2137 1671 2386 1743 γόμενος,
2437 1669 2708 1739 ὠφελείας
2765 1668 2988 1740 πληρῶν
3051 1666 3146 1722 τὸν
3198 1667 3420 1722 ἅπαντα
3455 1663 3728 1720 διετέλεσε

462 1762 592 1817 hinc
648 1771 702 1818 et
761 1779 862 1833 ego
916 1760 1358 1818 benedictionem
1406 1775 1732 1830 exposcens,
1795 1760 2032 1816 aliorum

2139 1763 2274 1835 βίον.
2301 1763 2412 1818 Καὶ
2438 1761 2693 1816 ἐντεῦθεν
2708 1760 2769 1814 δὲ
2792 1760 3130 1832 ἐκδημήσας,
3149 1758 3247 1814 καὶ
3267 1760 3350 1823 εἰς
3373 1756 3474 1827 τὴν
3502 1753 3698 1824 ἀγγελι
3713 1780 3728 1794 -

457 1869 676 1925 quoque
703 1854 1034 1910 athletarum
1061 1862 1355 1924 resgestas
1375 1867 1476 1922 pro
1496 1852 1712 1908 viribus
1733 1867 2029 1923 exponam.

2139 1853 2237 1926 κήν
2278 1853 2498 1926 χορείαν
2547 1850 2887 1921 μετατεθεὶς,
2935 1850 3206 1907 κατέλιπε
3256 1849 3478 1920 μνήμην
3495 1847 3560 1900 οὐ
3593 1861 3736 1899 συν-ι.

457 1948 720 2014 ταφεῖσαν
749 1946 984 2017 σώματι,
1013 1945 1126 2000 ἀλλ’
1155 1944 1442 2013 ἀνθοῦσαν,
1471 1945 1567 1998 καὶ
1609 1945 1920 2016 τεθηλυῖαν,
1945 1946 2040 2000 καὶ
2077 1947 2340 2002 ἄσϐεστον
2377 1949 2457 2012 είς
2515 1947 2606 2003 ἀεὶ
2649 1945 3033 2017 διαμένουσαν,
3077 1944 3171 1998 καὶ
3233 1945 3315 2005 εἱς
3359 1942 3548 2011 ὄνησιν
3611 1939 3727 1998 τοῖς

461 2039 806 2110 βουλομένοις
823 2040 1119 2112 ἀρκοῦσαν.
1152 2038 1264 2093 Καὶ
1286 2039 1388 2111 τὴν
1424 2039 1674 2094 ἐντεῦθεν
1709 2042 1884 2094 τοίνυν
1909 2041 2300 2114 ὲρανισάμενος
2329 2041 2602 2111 εὐλογίαν,
2629 2040 2724 2096 καὶ
2741 2038 2814 2097 τὰ
2847 2036 2990 2097 κατὰ
3046 2038 3172 2101 τοὺς
3225 2036 3419 2101 ἄλλους
3479 2033 3728 2105 ἀθλητὰς

457 2133 533 2197 ὠς
578 2127 689 2185 οἶόν
715 2149 776 2185 τε
802 2133 1132 2204 διηγήσομαι

1021 2224 1139 2281 XII.
1161 2257 1231 2281 —.-
1267 2224 1470 2280 ZENO.

528 2313 926 2370 Admirandum
959 2330 1088 2370 vero
1133 2315 1406 2372 Zenonem
1457 2331 1568 2371 non
1615 2316 1772 2370 multi
1813 2316 2042 2387 quidem.

458 2415 711 2469 norunt,
743 2407 838 2462 sed
864 2407 958 2477 qui
996 2417 1202 2464 norunt
1232 2409 1459 2463 laudare
1490 2423 1590 2478 pro
1611 2407 1879 2479 dignitate
1924 2423 2036 2462 non

458 2505 713 2568 possunt.
767 2497 869 2554 Hic
917 2499 1064 2555 enim
1112 2501 1326 2574 1202
1361 2499 1720 2569 amplissimis
1751 2498 1950 2569 opibus
1982 2499 2038 2554 in

458 2589 632 2657 patria
659 2629 675 2655 ,
707 2589 811 2644 hoc
834 2597 950 2656 est,
983 2590 1036 2644 in
1069 2589 1244 2645 Ponto
1265 2629 1280 2655 ,
1313 2589 1562 2659 .relictis,
1593 2588 1784 2644 Basilii
1809 2589 1991 2660 magni
2020 2629 2036 2653 ,

462 2690 518 2734 ut
543 2680 759 2744 aiebat,
793 2682 1038 2737 vicinam
1083 2681 1489 2752 Cappadociam
1540 2680 1826 2751 irrigantis
1859 2679 2032 2739 imbu-

385 2795 400 2810 -
459 2775 551 2822 tus
577 2775 662 2822 est
697 2766 950 2834 ﬂuentis,
1001 2778 1056 2823 et
1099 2772 1317 2826 fructus
1371 2771 1691 2840 irrigatione
1721 2770 1809 2825 illa
1838 2769 2039 2841 dignos

461 2854 604 2909 tulit.
638 2853 815 2910 Simul
851 2871 915 2912 ac
949 2859 1094 2913 enim
1132 2857 1336 2916 Valens
1373 2859 1674 2929 imperator
1699 2875 1731 2914 θ
1763 2859 1872 2913 vita
1903 2858 2036 2914 sub-

459 2949 603 3002 latus
623 2955 728 3012 est,
763 2949 972 3004 militiae
993 2951 1279 3022 cingulum
1306 2951 1584 3022 deposuit,
1609 2966 1736 3007 cum
1764 2951 1819 3006 in
1842 2965 2032 3006 eorum

396 3039 400 3043 ’
458 3054 691 3094 numero
727 3040 1025 3107 militaret,
1053 3043 1146 3112 qui
1185 3043 1574 3114 imperatorum
1601 3043 1813 3098 litteras
1836 3042 2065 3115 celeri-I

459 3139 542 3186 ter
568 3130 846 3187 deferunt.
871 3131 954 3186 Ex
979 3134 1182 3203 palatio
1209 3141 1391 3190 autem
1422 3134 1478 3188 in
1516 3134 1829 3204 sepulcrum
1861 3133 2035 3203 quod-

458 3221 582 3275 dam
621 3237 681 3276 se
714 3223 1006 3279 conferens
1028 3264 1042 3290 ,
1091 3225 1401 3295 cuiusmodi
1435 3227 1490 3279 in
1525 3225 1703 3280 vicino
1732 3225 2036 3279 Antiochiae

460 3321 644 3367 monte
674 3321 804 3368 sunt
851 3314 1086 3384 plurima
1112 3357 1126 3381 ,
1183 3317 1336 3371 solus
1381 3316 1457 3372 ibi
1497 3317 1765 3386 degebat,
1795 3319 2032 3371 animam

460 3402 797 3471 puriﬁcans,
833 3405 1065 3474 ejusque
1108 3407 1281 3462 aciem
1335 3423 1680 3479 expurgans,
1731 3416 1786 3463 et
1837 3407 2036 3462 divinas

460 3508 661 3550 vacans
717 3497 1211 3566 contemplationi,
1282 3497 1489 3570 Deique
1562 3499 1914 3556 escensiones
1978 3501 2031 3555 in

459 3587 626 3642 corde
674 3604 776 3644 suo
839 3589 1167 3659 disponens,
1219 3598 1273 3646 et
1316 3592 1431 3647 alas
1475 3600 1672 3662 aptans
1720 3593 1898 3648 instar
1940 3608 2035 3648 co-

460 3678 772 3740 Itunba»,et
825 3681 878 3732 in
929 3679 1171 3735 divinam
1217 3683 1462 3751 requiem
1507 3685 1728 3740 evolare
1781 3684 2031 3755 cupiens.

457 3766 825 3833 Quamobrem
867 3770 1068 3826 lectum
1113 3786 1223 3828 non
1264 3773 1491 3841 habuit,
1549 3790 1660 3830 non
1710 3775 2030 3842 lucernam,

457 3877 567 3915 non
612 3861 792 3918 focum
814 3903 830 3925 ,
863 3877 970 3916 non
1005 3863 1167 3918 ollam
1193 3903 1208 3929 ,
1241 3879 1351 3920 non
1381 3865 1678 3936 lecythum,
1722 3881 1831 3921 non
1869 3881 2034 3921 arcu-

458 3953 604 4019 lam,
680 3969 791 4008 non
865 3954 1098 4021 librum,
1154 3971 1264 4013 non
1319 3956 1468 4012 aliud
1517 3957 1815 4029 quidquam
1874 3973 1888 4010 :
1937 3958 2032 4013 sed

455 4044 688 4098 vetustis
744 4045 1104 4100 amiciebatur
1172 4046 1463 4113 amiculis,
1522 4054 1576 4102 et
1637 4050 2032 4104 calceamentis

455 4134 729 4202 similiter,
774 4151 897 4206 quae
934 4137 1004 4192 ob
1039 4136 1272 4193 detritas
1318 4138 1500 4194 soleas
1536 4139 1774 4196 vinculis
1822 4140 2034 4210 indige-

458 4235 599 4282 rent.
633 4228 717 4282 Ab
763 4243 876 4283 uno
911 4236 1124 4284 tantum
1177 4244 1243 4285 ex
1297 4230 1494 4286 amicis
1528 4231 1734 4286 victum
1770 4246 2031 4288 necessa-

456 4317 600 4371 rium
643 4319 972 4389 accipiebat.
1019 4318 1071 4376 Is
1125 4328 1308 4375 autem
1361 4331 1480 4377 erat
1517 4323 1679 4393 panis
1719 4339 1863 4378 unus
1893 4325 2032 4378 duos

459 4413 512 4466 in
547 4411 667 4466 dies
693 4411 1013 4467 attributus.
1043 4411 1256 4482 Aquam
1289 4415 1482 4484 procul
1511 4415 1767 4470 haustam
1805 4415 2033 4484 ipsemet

2662 2217 2764 2273 IB'.
2799 2247 2870 2257 —
2906 2216 3164 2271 ΖΗΝΩΝ.

2209 2312 2432 2383 Ζήνωνα
2459 2311 2552 2364 τὸν
2587 2309 2890 2379 θαυμάσιον
2910 2307 2973 2360 οὐ
3003 2305 3189 2361 πολλοὶ⁹
3213 2305 3311 2377 μὲν
3338 2304 3735 2374 γινώσκουσιν,

2137 2402 2187 2454 οί
2219 2401 2276 2455 δὲ
2302 2399 2661 2470 γινώσκοντες
2699 2396 2999 2466 θαυμάζειν
3029 2395 3194 2461 ἀξίως
3226 2395 3285 2448 ού
3310 2394 3593 2450 δύνανται.
3617 2390 3721 2450 Οῦο

2137 2509 2229 2556 τος
2259 2490 2369 2562 γάρ
2403 2487 2633 2543 πλοῦτον
2659 2490 2743 2543 ὅτι
2774 2486 3008 2557 μάλιστα
3031 2485 3282 2539 πλεῖστον
3317 2486 3376 2538 ὲν
3405 2489 3471 2557 τῇ
3498 2487 3724 2558 πατρίδι

2138 2580 2454 2637 καταλιπὼν
2486 2578 2646 2652 (αὐτη
2684 2579 2743 2632 δὲ
2768 2575 2836 2650 ἦν
2873 2579 2901 2631 ό
2935 2577 3186 2646 Πόντος),
3241 2577 3526 2648 ἀπήλαυσε
3597 2580 3720 2650 μὲν,

2139 2674 2214 2740 ὡς
2240 2673 2413 2743 ἔλεγε,
2438 2672 2546 2726 τῶν
2576 2671 2858 2725 Βασιλείου
2888 2669 2983 2723 τοῦ
3048 2669 3288 2740 μεγάλου
3322 2671 3580 2740 ναμάτων
3607 2689 3723 2739 γειρ

2135 2763 2464 2828 τονεύοντος,
2495 2762 2587 2816 καὶ
2612 2761 2709 2833 τὴν
2743 2761 3132 2818 Καππαδοκῶν
3165 2760 3503 2830 ἀρδεύοντος,
3529 2763 3630 2832 τῆς
3663 2763 3726 2816 δὲ

2137 2855 2359 2928 ἀρδείας
2415 2854 2600 2918 ἀξίους
2655 2854 2907 2909 ἀπέδωκε
2939 2854 3067 2918 τοὺς
3092 2853 3359 2924 καρπούς.
3396 2855 3574 2920 Εὐθὺς
3619 2856 3723 2928 μὲν

2139 2946 2248 3016 γὰρ
2296 2945 2593 3008 Οὐάλεντος
2654 2944 2747 2998 τοῦ
2812 2943 3076 3014 βασιλέως
3139 2944 3556 3014 ἀναιρεθέντος,
3619 2945 3724 3016 τὴν

2142 3036 2537 3109 στρατιωτικὴν
2579 3035 2811 3090 ἀπέθετο
2839 3035 3034 3104 ζώνην.
3081 3034 3493 3103 Ἐγκατείλεκτο
3515 3036 3573 3089 δὲ
3604 3040 3724 3098 τοῖς

2139 3129 2209 3182 τὰ
2263 3128 2527 3199 βασιλέως
2569 3128 2737 3194 ὀξέως
2781 3125 3157 3197 διακομίζουσι
3218 3127 3541 3198 γράμματα.
3586 3127 3725 3181 Ἀπὸ

2136 3222 2192 3275 δὲ
2222 3221 2330 3275 τῶν
2373 3220 2661 3292 βασιλείων
2693 3221 2771 3285 είς
2809 3235 2929 3275 τινα
2958 3219 3126 3290 τάφον
3173 3221 3422 3290 ὁρμήσας
3469 3219 3730 3286 (πολλοὺς

2135 3315 2192 3368 δὲ
2217 3314 2328 3384 ἔχει
2359 3314 2422 3366 τὸ
2451 3315 2517 3384 τῇ
2557 3313 2862 3384 Ἀντιοχείᾳ
2895 3311 3301 3384 παρακείμενον
3339 3312 3488 3383 ὅρος)
3510 3329 3524 3342 ·
3560 3314 3742 3383 μόνος

2135 3406 2311 3477 διῆγε,
2341 3405 2438 3476 τὴν
2475 3405 2654 3476 ψυχὴν
2695 3403 3065 3477 ἐκκαθαίρων,
3097 3403 3193 3458 καὶ
3226 3403 3288 3456 τὸ
3330 3403 3532 3475 ταύτης
3563 3403 3726 3458 ὀπτιρ

2136 3497 2232 3552 κδν
2257 3495 2648 3569 ἀπορῤύπτων,
2686 3496 2780 3550 καὶ
2805 3495 2903 3564 τὴν
2930 3494 3081 3549 θείαν
3124 3494 3534 3565 φανταζόμενος
3579 3495 3723 3548 θεω-

2138 3590 2278 3660 ρίαν,
2329 3591 2423 3643 καὶ
2468 3588 2566 3652 τὰς
2621 3589 2715 3642 τοῦ
2765 3586 2902 3642 Θεοῦ
2969 3587 3262 3651 ἀναδάσεις
3307 3589 3364 3640 ὲν
3403 3590 3468 3658 τῇ
3519 3587 3722 3658 καρδίᾳ

2134 3681 2435 3752 τιθέμενος,
2485 3681 2578 3734 καὶ
2617 3681 2895 3750 πτέρυγας
2955 3679 3139 3734 λαϐεῖν
3201 3679 3335 3732 ὡσεὶ
3389 3682 3721 3750 περιστερᾶς·

2135 3772 2440 3842 ἐφιέμενος,
2476 3771 2569 3824 καὶ
2602 3771 2683 3834 εἰς
2725 3772 2823 3842 τὴν
2845 3771 2997 3824 θείαν
3029 3771 3378 3824 κατάπαυσιν
3405 3770 3723 3838 ἀναπτῆναι

2136 3862 2336 3919 ποθῶν.
2389 3863 2590 3918 Τούτου
2653 3863 2832 3933 χάριν,
2873 3863 2934 3916 οὐ
2979 3862 3168 3934 κλίνην
3215 3859 3382 3932 εἶχεν,
3409 3863 3470 3916 οὐ
3501 3862 3714 3934 λύχιον,

2135 3955 2234 4009 οὐκ
2272 3955 2530 4026 ἐσχάραν,
2553 3956 2615 4009 οὐ
2645 3951 2873 4026 χύτραν,
2905 3955 2966 4010 οὐ
3001 3954 3259 4026 ληκύθιον
3280 3993 3295 4018 ,
3333 3955 3392 4008 οὐ
3439 3954 3716 4016 κιϐώτιον,

2135 4049 2194 4102 οὐ
2237 4048 2460 4118 βιϐλίον,
2485 4049 2586 4103 οὐκ
2621 4047 2750 4103 ἄλλο
2771 4065 2824 4101 τι
2852 4064 2864 4077 ο
2885 4047 3022 4101 ἀλλὰ
3078 4047 3246 4117 ῥάκια
3278 4047 3376 4117 μὲν
3415 4045 3724 4117 ἠμπείχετο

2135 4140 2361 4206 παλαιὰ,
2385 4141 2480 4194 καὶ
2508 4140 2831 4212 ὑποδήματα
2856 4139 2912 4193 δὲ
2929 4139 3191 4202 ὡσαύτως
3212 4139 3428 4210 δεσμῶν
3455 4139 3714 4210 δεόμενα·

2133 4233 2356 4304 διῄρητο
2408 4231 2517 4304 γὰρ
2563 4232 2673 4286 τῶν
2732 4232 3094 4304 καττυμάτων
3139 4231 3209 4285 τά
3256 4230 3522 4303 δέρματα,
3579 4231 3721 4301 Παρ’

2136 4321 2254 4386 ἐνὸς
2283 4322 2339 4374 δὲ
2374 4322 2536 4391 μόνου
2567 4321 2676 4376 τῶν
2712 4323 3006 4394 γνωρίμων
3030 4324 3130 4394 τὴν
3155 4323 3460 4390 ἀναγκαίαν
3507 4323 3720 4391 τροφὴν

2135 4414 2451 4486 ἐπορίζετο·
2492 4413 2632 4484 αὕτη
2657 4413 2714 4467 δὲ
2751 4409 2820 4485 ἦν
2848 4408 2929 4478 εἷς
2957 4414 3122 4486 ἄρτος
3169 4413 3262 4467 δύο
3309 4413 3722 4485 χορηγούμενος

458 4501 744 4558 aﬂ'erebat.
788 4500 1034 4573 Rogatus
1064 4513 1246 4560 autem
1276 4520 1306 4558 a
1342 4508 1615 4575 quodam,
1651 4506 1898 4573 quicum
1929 4507 2033 4563 sub

2139 4506 2370 4578 ἡμέραις
2405 4522 2419 4536 °
2465 4505 2524 4559 τὸ
2554 4506 2613 4559 δὲ
2662 4505 2806 4577 ὕδωρ
2851 4505 3134 4578 πόρρωθεν
3195 4507 3498 4578 ἀρυόμενος
3553 4507 3719 4571 αὐτὸς

455 4610 623 4650 onere
648 4594 894 4660 viderat,
932 4601 992 4650 ut
1037 4597 1275 4653 allevare
1305 4597 1562 4664 liceret‘,
1586 4599 1764 4668 primo
1808 4599 2027 4669 quidem

457 4687 686 4750 restitit,
755 4686 901 4743 ferre
960 4703 1019 4744 se
1070 4705 1182 4746 non
1239 4705 1404 4760 posse
1457 4687 1688 4755 dicens,
1738 4698 1797 4745 ut
1831 4707 2032 4761 aquam

460 4787 704 4836 sumeret
734 4795 899 4850 quam
935 4781 1074 4834 alter
1100 4781 1398 4837 attulisset.
1426 4779 1496 4836 Ut
1525 4796 1651 4836 vero
1682 4797 1742 4837 se
1772 4798 1881 4837 non
1916 4800 2035 4853 per-

458 4870 692 4926 suadere
716 4870 1142 4936 animadvertit,
1180 4885 1350 4925 urnas
1383 4870 1613 4926 tradidit
1655 4889 1668 4924 :
1707 4871 1844 4926 duas
1888 4873 2032 4926 enim

455 4963 722 5017 ambabus
753 4960 1258 5017 manibusferebat.
1284 4959 1389 5016 Sed
1411 4977 1535 5016 cum
1564 4961 1631 5016 ad
1659 4963 1784 5017 atrii
1806 4962 2030 5032 januam

455 5053 823 5124 pervenisset,
850 5051 1026 5108 eﬂ‘usa
1049 5068 1190 5122 aqua
1213 5060 1268 5108 et
1288 5052 1536 5123 dispersa
1558 5092 1574 5118 ,
1608 5051 1806 5108 iterum
1836 5068 2036 5106 cucur-

456 5146 527 5200 rit
561 5145 628 5199 ad
661 5143 865 5200 fontem
887 5182 917 5210 ,
955 5157 1018 5198 ea
1052 5159 1175 5214 quae
1221 5143 1436 5198 dixerat
1478 5157 1643 5213 opere
1675 5141 2032 5197 confirmans.

460 5235 571 5306 Ego
599 5251 819 5306 quoque
849 5236 968 5306 ipse
995 5275 1010 5299 ,
1049 5251 1174 5290 cum
1206 5236 1443 5306 primum
1478 5235 1601 5304 ejus
1633 5233 1853 5289 videndi
1899 5233 2038 5287 desi-

462 5327 616 5380 derio
645 5327 700 5379 in
720 5332 960 5382 montem
987 5326 1236 5392 ascendi,
1257 5343 1425 5382 urnas
1447 5328 1703 5382 manibus
1728 5325 1939 5395 1203
1959 5334 2037 5378 te-

464 5426 679 5473 ucntem
708 5417 815 5471 vidi
840 5436 852 5470 :
883 5417 1086 5474 deinde
1113 5433 1238 5473 cum
1268 5419 1610 5482 sciscitarer,
1640 5417 1866 5473 ubinam
1893 5425 2038 5477 esset

463 5506 772 5564 admirandi
801 5509 1038 5566 Zenonis
1085 5510 1462 5566 habitaculum
1489 5549 1505 5575 ,
1540 5510 1753 5564 nullum
1791 5523 1851 5563 se
1875 5523 2037 5563 nosse

463 5598 792 5654 mouachum
821 5601 959 5656 dixit
984 5645 999 5670 ,
1041 5603 1135 5673 qui
1171 5602 1274 5658 hoc
1306 5604 1529 5659 nomine
1549 5607 1857 5658 vocaretur.
1880 5599 2036 5657 Unde

463 5687 612 5740 illum
647 5688 822 5756 ipsum
846 5705 969 5746 esse
998 5690 1289 5746 verborum
1320 5708 1385 5747 ex
1414 5691 1683 5747 modestia
1714 5690 2035 5761 conjiciens,

462 5785 684 5837 secutus
714 5792 863 5845 sum,
885 5778 1226 5850 januamque
1253 5780 1629 5852 introgressus
1651 5824 1664 5849 ,
1699 5782 1898 5838 lectum
1923 5781 2031 5837 vidi

2135 4599 2318 4670 ἔφερε.
2344 4599 2454 4652 Καί
2486 4597 2614 4653 ποτέ
2637 4615 2718 4664 τις
2745 4597 2904 4652 αὐτὸν
2925 4597 3334 4671 ἀχθοφοροῦντα
3358 4597 3718 4670 θεασάμενος.

2137 4693 2379 4748 ἱκέτευσε
2429 4693 2686 4761 κουφῖσαι
2741 4690 2836 4744 τοῦ
2892 4691 3055 4744 πόνου
3091 4707 3103 4720 ⁸
3139 4690 3246 4744 ὁδὲ
3273 4690 3342 4743 τὰ
3379 4689 3474 4760 μὲν
3523 4689 3722 4757 πρώτα

2135 4785 2411 4840 ἀντέτεινε
2438 4823 2453 4849 ,
2499 4784 2768 4838 διδάσκων
2811 4784 2887 4848 ὡς
2939 4785 3039 4839 οὐκ
3093 4783 3342 4850 ἀνέξεται
3392 4782 3721 4853 μεταλαὸεῖν

2136 4878 2328 4942 ὓδατος
2359 4878 2452 4932 ὐπ’
2495 4877 2657 4932 ἀλλου
2712 4876 3089 4948 κομισθέντος.
3125 4877 3214 4940 Ὠς
3238 4876 3295 4930 δὲ
3330 4877 3432 4929 οὐκ
3477 4875 3720 4939 ἔπεισεν,

2135 4969 2303 5024 ἔδωκε
2336 4968 2404 5023 τὰ
2444 4970 2702 5040 σταμνία·
2763 4968 2857 5022 δύο
2889 4969 2997 5038 γὰρ
3025 4970 3225 5039 ἀμφοῖν
3257 4971 3377 5024 ταῖν
3400 4969 3581 5040 χεροῖν
3615 4969 3720 5020 ἐπ.

2141 5061 2386 5130 εφέρετο.
2435 5058 2522 5122 Ὦς
2550 5059 2608 5112 δὲ
2636 5058 2768 5112 εἴσω
2790 5058 2890 5128 τῆς
2924 5058 3108 5113 αὐλίου
3145 5057 3315 5129 θύρας
3350 5059 3586 5127 ἐγένετο,
3621 5057 3718 5110 ἐκ·

2136 5155 2265 5218 χέας
2297 5148 2358 5200 τὸ
2384 5146 2527 5218 ὕδωρ
2567 5148 2660 5200 καὶ
2695 5147 3014 5219 διαρῤάνας,
3049 5149 3212 5202 πάλιν
3243 5148 3478 5220 ἔδραμεν
3504 5149 3598 5201 ἐπὶ
3624 5147 3737 5206 τὸν.

2136 5239 2387 5309 κρουνὸν,
2436 5240 2583 5310 ἔργῳ
2618 5239 2923 5310 βεϐαιώσας
2945 5241 3070 5304 τοὺς
3098 5239 3312 5308 λόγους.
3354 5238 3524 5307 Κάγὼ
3547 5239 3603 5292 δὲ
3623 5240 3718 5293 ὅτε

2138 5329 2352 5400 πρῶτον
2378 5329 2537 5383 αὐτὸν
2563 5329 2844 5400 ἱστορῆσαι
2870 5330 3112 5401 ποθήσας
3135 5332 3214 5394 είς
3228 5330 3290 5383 τὸ
3314 5329 3438 5401 ὅρος
3460 5329 3718 5400 ἀνῆλθον,

2137 5418 2454 5491 ἐθεασάμην
2485 5421 2606 5474 ταῖν
2651 5423 2830 5492 χεροῖν
2856 5419 2926 5473 τὰ
2961 5420 3195 5490 σταμνία
3233 5421 3548 5490 κατέχοντα.
3581 5414 3721 5474 Εἶτα

2137 5511 2376 5582 ἠρόμην,
2408 5512 2542 5565 ὅπου
2570 5512 2655 5583 εἴη
2697 5511 2759 5566 τὸ
2787 5511 2881 5565 τοῦ
2929 5511 3232 5582 θαυμασίου
3277 5512 3522 5582 Ζήνωνος
3576 5527 3718 5564 κατ-

2139 5599 2398 5668 αγώγιον·
2423 5602 2450 5654 ὁ
2471 5599 2528 5654 δὲ
2548 5600 2750 5671 ἥκιστα
2782 5600 2966 5668 ἔλεγεν
2986 5599 3181 5653 εἰδέναι
3208 5599 3510 5670 μονάζοντα
3540 5597 3721 5671 ταύτῃ

2135 5695 2200 5763 τῇ
2243 5692 2587 5764 προσηγορίᾳ
2645 5691 3000 5764 καλούμενον.
3065 5690 3206 5760 Ἐγὼ
3253 5690 3312 5744 δὲ
3355 5689 3515 5744 αὐτὸν
3576 5684 3719 5744 εἶναι

2136 5784 2378 5848 ττι-πάσας
2409 5784 2659 5857 εἱπόμην,
2697 5785 2999 5862 τεκμήριον
3036 5783 3357 5856 ποιούμενος
3401 5781 3509 5840 τῶν
3540 5781 3734 5859 λόγων,
