4030 6404
426 385 561 451 1399

1378 376 1869 443 THEUDORETI
1935 374 2277 442 EPISCOPI
2327 384 2695 449 CYRENSIS

3558 369 3711 454 uno

422 510 535 555 tem
575 496 797 569 120$
819 494 1142 553 venundare
1166 494 1482 561 verebatur,
1516 510 1587 551 ne
1606 495 1653 551 si
1683 495 1909 553 avarius
1939 496 2010 551 ab

2121 497 2175 552 τὸ
2215 501 2386 573 μέρος
2439 504 2655 569 ἐδεδίει,
2689 507 2766 579 μῆ
2812 507 3100 581 πλεονεξίᾳ
3125 510 3184 562 οἱ·
3223 510 3518 582 ὠνούμενοι
3557 510 3706 565 κατὰ

422 593 768 664 emptoribus
811 597 1190 645 tractarentur
1234 586 1468 643 fratrum
1517 586 1659 656 ﬁlii,
1716 588 1774 643 in
1825 588 2008 659 ipsum

424 683 729 738 calumnia
756 679 1151 736 redundarent.
1202 677 1331 734 Haec
1372 677 1520 748 apud
1565 693 1629 735 se
1674 679 1861 734 animo
1890 694 2011 733 ver-

425 787 560 830 sans
580 771 951 827 venditionem
988 770 1083 825 diu
1119 769 1356 825 distulit.
1396 769 1596 826 Postea
1636 784 1764 825 cum
1791 770 2011 826 cuidam

423 878 493 918 ea
527 864 635 920 sibi
689 863 843 917 notis
864 861 1052 917 omnia
1083 861 1457 928 vendidisset,
1514 877 1767 934 magnam
1798 872 2008 935 partem

424 953 548 1025 Ipse
596 953 885 1009 distribuit
905 992 939 1018 ,.
977 967 1043 1008 ac
1089 951 1171 1009 de-
1206 954 1425 1009 caeteris
1477 953 1785 1010 deliberare
1818 955 2012 1010 morbo

423 1046 829 1107 lnterveniente
879 1054 1108 1114 coactus
1154 1053 1261 1101 est.
1313 1045 1508 1101 Accito
1554 1046 1725 1116 igitur
1768 1045 2011 1103 civitatis

422 1137 675 1193 antistite
716 1138 797 1207 (is
819 1145 1002 1193 autem
1046 1145 1169 1192 erat
1198 1153 1443 1208 magnus.
1464 1136 1803 1206 Alexander,
1827 1137 2013 1207 splen-

425 1230 530 1284 dor
565 1230 899 1299 religionis,
951 1230 1236 1301 exemplar
1268 1229 1492 1287 virtutis
1517 1269 1533 1295 ,
1585 1237 1781 1286 exacta
1829 1230 2013 1300 imago

423 1320 851 1394 philosophias):
891 1340 912 1375 ι
948 1322 1229 1379 Adesdum
1255 1371 1275 1392 ,
1317 1323 1536 1394 inquit,
1577 1337 1611 1377 ο
1635 1321 2009 1379 venerandum

423 1416 560 1471 mihi
585 1424 755 1486 caput
779 1458 795 1482 ,
821 1426 942 1472 esto
970 1416 1203 1474 istarum
1227 1432 1449 1488 quoque
1467 1416 1831 1487 pecuniarum
1862 1415 2011 1487 opti-

424 1524 552 1564 mus
586 1509 956 1579 dispensator,
987 1524 1083 1565 eas
1120 1510 1281 1579 juxta
1307 1508 1403 1566 Dei
1450 1511 1788 1565 voluntatem
1820 1508 2011 1565 distri-

424 1598 605 1655 buens
629 1638 645 1662 ,
678 1607 942 1669 tanquam
1001 1598 1106 1669 ipsi
1141 1597 1329 1669 judici-
1363 1599 1634 1654 rationem
1670 1598 2007 1654 redditurus.

426 1691 580 1747 Alias
604 1692 752 1747 enim
784 1706 915 1747 mea
942 1692 1060 1761 ipse
1083 1706 1264 1746 manu.
1284 1705 1451 1762 quam
1483 1690 1690 1762 optime
1713 1691 1896 1746 visum
1925 1696 2013 1746 est

426 1778 744 1851 dispensari
773 1820 790 1845 ,
828 1789 888 1837 et
933 1782 1179 1853 reliquas
1221 1782 1480 1838 similiter
1511 1781 1841 1852 dispensare
1889 1780 2011 1835 ani-

428 1886 556 1927 mus
581 1883 720 1928 erat.
759 1871 868 1928 Sed
891 1873 1156 1945 quoniam
1182 1873 1338 1930 abire
1365 1888 1441 1930 ex.
1458 1874 1476 1894 '
1509 1873 1614 1928 hac
1637 1873 1753 1928 vita
1785 1872 2008 1944 jubeor,

429 1962 714 2019 barumte
751 1964 1195 2035 dispensatorem
1232 1966 1504 2033 instituo,
1541 1966 1643 2035 qui
1674 1972 1737 2021 et
1764 1963 2010 2035 pontifex

430 2069 514 2122 es,
565 2063 621 2110 et
660 2054 984 2124 pontiﬁcatu
1036 2057 1264 2129 dignam
1293 2057 1463 2113 vitam
1501 2056 1644 2127 agis.
1681 2075 1709 2109 ιη
1742 2055 2016 2113 Pecunias

429 2162 563 2220 ergo
595 2149 751 2204 velut
771 2149 961 2205 divino
993 2150 1259 2221 qumstori
1293 2149 1521 2204 tradidit
1551 2168 1565 2203 :
1596 2150 1713 2219 ipse
1738 2163 1882 2207 vero
1902 2163 2013 2203 non

430 2239 605 2294 multo
652 2249 777 2311 post
808 2247 1057 2311 tempore
1107 2230 1429 2312 superstes,
1471 2248 1733 2311 tanquam
1771 2239 2016 2311 Olympi-

429 2345 531 2387 cus
568 2330 746 2387 victor
778 2331 1055 2402 quispiam
1111 2347 1179 2387 ex
1228 2332 1413 2387 stadio
1447 2332 1728 2394 decessit.
1779 2345 1889 2385 non
1947 2329 2016 2383 ab

429 2423 748 2480 hominibus
786 2424 1209 2488 tantummodo,
1263 2424 1359 2480 sed
1407 2424 1476 2480 ab
1530 2422 1745 2495 angelis
1792 2436 2016 2491 quoque

432 2512 620 2570 laudes
645 2513 910 2572 referens.
942 2514 1057 2585 Ego
1088 2523 1273 2571 autem
1300 2515 1450 2571 hunc
1490 2514 1655 2569 etiam
1702 2512 1836 2567 mihi
1868 2511 2015 2583 apud

430 2603 603 2660 Deum
641 2602 1065 2660 intercessorem
1117 2603 1460 2675 deposcens,
1504 2602 1574 2658 ad
1605 2603 1836 2659 alteram
1887 2618 2019 2657 nar-

432 2693 709 2750 rationem
746 2693 1010 2766 deinceps
1034 2708 1123 2751 me
1154 2701 1496 2750 convertam.

858 2878 1003 2935 XIII.
1032 2908 1099 2922 -
1116 2876 1585 2936 MACEDONIUS.

504 2971 888 3029 Macedonium
919 2986 1055 3029 vero
1074 3011 1090 3037 ,
1128 2973 1226 3043 qui
1248 2971 1615 3044 Critopbagus
1642 2971 1720 3044 (id
1744 2979 1862 3038 est,
1888 2974 2019 3028 hor-

431 3063 589 3118 deum
642 3063 825 3135 edens)
870 3063 1180 3135 appellatus
1218 3071 1305 3119 est
1343 3062 1471 3135 (hoc
1497 3063 1644 3119 enim
1676 3063 1761 3120 illi
1806 3078 2018 3135 cogno-

2113 591 2222 646 τῶν
2251 594 2498 665 ἀδελφῶν
2528 601 2892 671 χρησάμενοι,
2930 603 3304 676 βλασφημίαις
3350 604 3515 660 αὐτὸν
3542 620 3700 673 περι-

2114 686 2343 741 ϐάλωσι.
2374 688 2613 754 Τούτους
2642 694 2702 746 ἐν
2724 693 2904 766 ἐαυτῷ
2930 697 3181 768 στρέφων
3216 699 3345 762 τοὺς
3372 697 3707 767 λογισμοὺς..

2113 777 2282 832 πολὺν
2310 778 2411 850 τὴν
2449 780 2710 836 ἀπόδοσιν
2735 784 3062 840 ἀνεϐάλλετο
3107 788 3323 860 χρόνον,
3379 785 3609 857 ὕστερον
3641 783 3702 837 δέ

2110 886 2220 923 τινι
2272 869 2383 923 τῶν
2436 872 2733 944 γνωρίμων
2787 875 3125 949 ἀποδόμενος
3179 877 3428 940 ἃπαντα,
3475 875 3546 929 τὰ
3599 874 3705 947 μὲν

2114 962 2345 1018 πλεῖστα
2375 964 2638 1037 διένειμε,
2673 968 2878 1041 μεταξὺ
2906 968 2962 1023 δὲ
2987 970 3269 1043 ἀρρωστία
3292 969 3549 1040 συμϐᾶσα
3572 967 3704 1039 περὶ

2111 1054 2221 1109 τῶν
2248 1055 2602 1131 λειπομένωνς
2630 1060 3025 1130 βουλεύσασθαι
3057 1061 3470 1131 κατηνάγκασε.
3515 1060 3706 1113 Μετα-

2113 1145 2474 1217 πεμψάμενος
2504 1148 2685 1202 τοίνυν
2717 1148 2810 1205 τδν
2844 1150 2948 1222 τῆς
2983 1151 3192 1212 πόλεως
3227 1149 3495 1221 πρόεδρον
3521 1143 3610 1219 (ἦν
3642 1148 3702 1201 δὲ

2110 1234 2142 1291 ὁ
2169 1235 2347 1307 μέγας
2376 1237 2779 1311 Ἀλέξανδρος),
2814 1239 2877 1294 τὸ
2906 1240 3007 1311 τῆς
3050 1238 3336 1304 εὐσεϐείας
3397 1237 3711 1309 ἀγλάϊσμα,

2112 1329 2214 1400 τῆς
2236 1329 2442 1401 ἀρετῆς
2462 1330 2524 1384 τὸ
2554 1331 2887 1402 ἀρχέτυπον,
2914 1335 2950 1404 ἡ
2980 1332 3220 1404 ἀκριϐὴς
3247 1334 3349 1403 τῆς
3379 1331 3704 1402 φιλοσοφίας

2112 1419 2298 1486 εἰκὼν,
2344 1421 2571 1494 «Δεῦρο,
2605 1422 2733 1495 ἔφη,
2759 1417 2956 1477 ὧλίδεία
2991 1440 3082 1495 μοι
3120 1423 3357 1496 κεφαλὴ,
3381 1421 3542 1492 γενοῦ
3603 1422 3707 1475 καῖ
3822 1422 3833 1431 ’

2112 1510 2282 1566 τῶνδε
2309 1511 2433 1566 τῶν
2476 1513 2777 1585 χρημάτων
2824 1515 3048 1586 ἄριστος
3101 1514 3408 1584 οἰκονόμος,
3434 1511 3578 1567 κατά
3607 1510 3704 1564 τὸν

2115 1602 2258 1657 θετον
2321 1604 2466 1658 αὐτὰ
2520 1589 2792 1677 διανέμων
2840 1605 3065 1669 σκοπὸν,
3096 1605 3172 1668 ὡς
3205 1605 3401 1675 ἐκείνῳ
3422 1603 3501 1675 τῷ
3535 1605 3702 1674 κριτῇ

2113 1696 2215 1759 τὰς
2239 1695 2471 1759 εὐθύνας
2502 1695 2734 1764 ὑφέξων.
2765 1695 2888 1749 Τῶν
2921 1697 3022 1768 μὲν
3045 1696 3154 1768 γάρ
3178 1696 3356 1751 ἄλλων
3397 1695 3705 1767 αὐτουργὸς

2115 1786 2387 1858 ἐγενόμην
2422 1788 2554 1857 ἐγὼ.
2583 1790 2679 1842 καὶ
2718 1783 3006 1862 διέδωκανῇ
3045 1788 3298 1859 ἐνόμιζον
3343 1787 3574 1860 ἄριστα·
3603 1786 3709 1840 atat

2118 1880 2186 1933 τὰ
2216 1879 2515 1951 λειπόμενα
2545 1880 2602 1934 δέ
2630 1881 3031 1953 παραπλησίως
3050 1881 3354 1952 οἰκονομεῖν
3376 1878 3702 1950 ἐϐουλόμην.

2132 1974 2352 2044 Ἐπειδὴ
2372 1973 2435 2027 δὲ
2453 1974 2527 2027 ἐκ·
2544 1973 2701 2027 τοῦδε
2741 1972 2838 2027 τοῦ
2867 1972 2983 2044 βίου
3028 1973 3334 2044 μεταϐῆναι
3380 1970 3719 2042 κελεύομαιμ

2121 2066 2180 2118 σέ
2211 2067 2420 2121 τούτων
2448 2066 2733 2137 οἰκονόμον
2766 2066 3092 2138 καθίστημι,
3134 2065 3400 2138 ἀρχιερέα
3442 2082 3502 2118 τε
3549 2064 3713 2129 ὂντα,

2118 2160 2216 2213 καὶ
2273 2159 2374 2227 τῆς
2419 2160 2832 2231 ἀρχιερωσύνης
2884 2159 3054 2226 ἀξίως
3104 2157 3543 2228 πολιτευόμενον.
3571 2174 3590 2208 t
3620 2154 3709 2209 Τὰ

2122 2251 2221 2321 μὲν
2251 2246 2345 2305 οὖν
2370 2252 2632 2323 χρήματα
2663 2252 2740 2315 ὡς
2778 2250 2908 2323 θείῳ
2939 2250 3113 2322 ταμίᾳ
3160 2248 3577 2322 παραδέδωκεν
3603 2248 3705 2302 αὖ·

2117 2341 2210 2406 τὸς
2228 2341 2286 2396 δὲ
2316 2343 2377 2395 ού
2424 2343 2592 2398 πολὺν
2638 2341 2941 2407 ἐπιϐιώσας
2992 2343 3209 2415 χρόνον,
3260 2338 3351 2396 οἷά
3378 2358 3464 2405 τις
3501 2340 3704 2410 Ὀλυμ-

2119 2434 2374 2505 πιονίκης
2432 2434 2541 2488 ἀπὸ
2588 2434 2699 2488 τῶν
2751 2433 3095 2505 σκαμμάτων
3142 2431 3394 2505 ἀπῆρεν,
3441 2431 3503 2485 ού
3554 2430 3708 2502 παρᾶ

2119 2524 2426 2598 ἀνθρώπων
2459 2525 2641 2596 μόνον,
2681 2525 2818 2579 ἀλλὰ
2860 2525 2956 2579 καὶ
2989 2523 3143 2595 παρὰ
3194 2524 3442 2594 ἀγγέλων
3476 2522 3576 2595 τὴν
3616 2523 3708 2575 εύ-

2120 2619 2331 2689 φημίαν
2386 2618 2702 2689 δεξάμενος.
2757 2616 2903 2686 Ἐγὼ
2945 2617 3002 2670 δὲ
3052 2617 3145 2671 καὶ
3192 2616 3382 2670 τοῦτον
3426 2614 3564 2687 πρὸς
3613 2613 3718 2668 τὸν

2120 2710 2399 2780 Δεσπότην
2456 2710 2595 2780 ὑπὲρ
2645 2708 2780 2779 ἐμοῦ
2827 2707 3151 2779 πρεσϐεύειν
3211 2707 3594 2774 ἀντιϐολήσας,
3626 2706 3724 2772 εἰς

2120 2801 2317 2875 ἐτέραν
2345 2802 2596 2872 διήγησιν
2620 2801 2711 2856 τοῦ
2751 2800 2942 2855 λοιποῦ
2968 2800 3399 2873 μετατρέψομαι.

2583 2894 2757 2948 ΙΓ’.-
2790 2892 3263 2948 ΜΑΚΕΔΟΝῙΟΣ.

2192 2985 2524 3042 Μακεδόνιον
2564 2985 2641 3051 δέ,
2697 2984 2790 3039 τὸν
2839 2985 3069 3056 ἐπίκλην
3116 2983 3469 3054 Κριθοφάγον
3495 2980 3562 3054 (ἡ
3597 2980 3713 3053 γάρ

2120 3079 2299 3135 τοιάδε
2320 3078 2496 3152 τροφὴ
2523 3079 2728 3151 ταύτην
2760 3077 2911 3149 αύτῷ
2944 3078 3046 3150 τὴν
3065 3077 3386 3147 ἐπωνυμίαν
3411 3075 3708 3146 ἐπέθηκεν)

431 3170 557 3212 men
601 3171 732 3213 esca
785 3156 937 3213 dedit
970 3171 1080 3227 qua
1108 3156 1491 3228 vescebatur),
1540 3163 1748 3212 norunt
1788 3156 2009 3227 quidem

2125 3171 2272 3225 ἴσασι
2296 3171 2395 3242 μὲν
2423 3171 2685 3235 ἅπαντες,
2713 3170 2961 3235 Φοίνικές
2989 3186 3071 3237 τε,
3103 3170 3199 3223 καὶ
3220 3169 3401 3241 Σύροι,
3428 3168 3523 3223 καὶ⁸
3551 3167 3710 3221 Κίλι-

429 3263 625 3305 omnes
652 3256 708 3305 et
735 3247 1022 3305 Pbmnices
1041 3289 1057 3316 ,
1088 3255 1144 3305 et
1173 3246 1334 3320 Syri,
1356 3258 1411 3303 et
1437 3247 1636 3304 Cilices
1661 3267 1676 3315 ;
1724 3254 1934 3303 norunt
1961 3257 2017 3303 et

431 3341 667 3397 istorum
701 3340 868 3396 vicini
899 3348 1064 3411 atque
1090 3337 1303 3394 ﬁnitimi
1331 3355 1347 3393 :
1371 3354 1607 3409 quorum
1627 3338 1720 3393 alii
1752 3338 2018 3393 miracula

432 3430 541 3487 viri
580 3431 761 3487 oculis
807 3429 930 3487 suis
958 3429 1257 3499 viderunt,
1282 3428 1378 3483 alii
1415 3428 1632 3499 1206
1676 3427 1876 3484 famam
1925 3428 2017 3483 illa

433 3521 826 3593 pradicantem
860 3530 916 3578 ct
962 3522 1333 3578 celebrantem
1377 3522 1727 3576 audiverunt.
1769 3518 1882 3575 Nec
1931 3530 2017 3576 ta-

430 3629 561 3670 men
589 3613 775 3669 omnia
807 3614 991 3669 sciunt
1027 3628 1224 3670 omnes
1257 3632 1272 3669 :
1324 3612 1422 3670 sed
1460 3628 1588 3668 cum
1624 3612 1733 3667 boc
1774 3612 1904 3676 isti,
1936 3614 2014 3669 illi

430 3706 582 3763 aliud
611 3706 946 3772 didicerint,
995 3708 1142 3779 quod
1169 3708 1408 3780 quisque
1452 3715 1694 3773 norunt,
1738 3707 1790 3762 id
1820 3708 2018 3763 merito

430 3798 1008 3855 solum-admirantur.
1059 3797 1173 3869 Ego
1224 3805 1447 3862 autem,
1484 3796 1579 3868 qui
1629 3796 1813 3852 divini.
1851 3798 2017 3867 lmjus

428 3890 534 3945 viri
592 3906 681 3947 res
737 3890 955 3947 caeteris
1002 3890 1322 3946 accuratius
1389 3889 1555 3956 novi,
1604 3889 1808 3960 quippe
1851 3905 2014 3960 quem

404 3981 498 4037 ad
525 3997 650 4038 eum
682 3981 972 4038 visendum
1004 3980 1536 4053 suspiciendumque
1575 3982 1743 4036 multa
1771 3980 2018 4051 impelle—

428 4075 603 4140 bant,
640 4074 860 4145 singula
914 4088 1018 4144 pro
1070 4073 1295 4129 viribus
1342 4072 1813 4143 meisexponam.
1859 4069 2016 4125 Hunc

429 4173 616 4222 autem
653 4166 731 4221 illi
757 4166 1011 4222 ordinem
1039 4166 1320 4222 reservavi
1349 4205 1365 4229 ,
1407 4176 1462 4222 et
1492 4172 1622 4237 post
1658 4164 2019 4234 multosvejus

427 4257 769 4314 mentionem
813 4257 1084 4315 collocavi
1112 4298 1127 4323 ,
1178 4272 1289 4315 non
1319 4258 1468 4330 quod
1503 4258 1708 4313 virtute
1742 4257 2018 4328 posterior

429 4351 557 4408 aliis
583 4359 742 4407 esset
754 4350 904 4422 (cum
931 4353 1168 4409 summis
1192 4353 1343 4410 enim
1373 4352 1686 4423 primisque
1717 4349 2027 4421 certabat),

430 4446 528 4503 sed
563 4444 693 4517 quia
736 4459 863 4501 cum
917 4445 1297 4516 longissimam
1347 4445 1550 4503 vixerit
1592 4449 1808 4500 aetatem
1835 4483 1851 4508 ,
1893 4452 2021 4514 post

432 4537 557 4593 lllos
587 4537 791 4609 quibus
817 4538 1044 4593 memini
1075 4539 1319 4595 excessit
1353 4554 1386 4594 e
1417 4538 1551 4593 vita.

500 4625 604 4683 Hic
632 4642 766 4699 ergo
806 4643 908 4700 pro
929 4629 1195 4700 palaestra
1231 4635 1288 4685 et
1320 4629 1505 4685 stadio
1537 4628 1812 4685 montium
1844 4629 2018 4684 verti-

429 4735 525 4777 ces
554 4720 745 4777 habuit
767 4762 781 4786 ,
817 4736 925 4777 non
957 4737 1072 4777 uno
1099 4723 1224 4778 loco
1245 4719 1442 4778 aﬁixus
1466 4762 1482 4788 ,
1520 4721 1616 4779 sed
1647 4737 1795 4779 nunc
1826 4722 1883 4777 in
1914 4723 2019 4779 hoc

430 4814 669 4885 degens,
703 4829 852 4870 nunc
877 4813 1207 4886 migransin
1240 4813 1430 4870 alium.
1464 4814 1625 4883 Quod
1654 4814 1879 4887 quidem
1908 4830 2017 4871 non

430 4918 499 4959 eo
547 4902 821 4969 faciebat,
866 4904 1015 4977 quod
1048 4905 1168 4960 loca
1200 4906 1364 4962 taedio
1394 4915 1624 4975 essent,
1662 4906 1759 4964 sed
1794 4913 1855 4962 ut
1887 4922 2021 4963 con-

432 4996 721 5051 ﬂuentium
771 4994 839 5051 ad
884 5010 943 5052 se
986 5004 1041 5052 et
1078 4997 1326 5070 undique
1368 5000 1778 5055 accurrentium
1828 4999 2019 5054 turbas

433 5085 719 5158 eﬁ‘ugeret.
752 5088 946 5144 Annos
974 5089 1221 5162 quinque
1253 5099 1309 5146 et
1330 5092 1695 5164 quadraginta
1721 5091 1827 5146 hoc
1854 5091 2019 5146 modo

432 5176 613 5242 duxit,
638 5178 792 5234 nullo
814 5190 976 5237 utens
1009 5181 1390 5247 tabernaculo,
1426 5198 1530 5239 nec
1555 5184 1793 5254 tugurio,
1823 5182 1918 5238 sed
1964 5183 2018 5235 in

435 5267 708 5339 profunda
755 5278 993 5327 caverna
1038 5289 1308 5330 manens:
1337 5275 1484 5330 unde
1524 5284 1580 5331 et
1610 5274 1821 5331 Gubam
1863 5274 2017 5329 illum

433 5357 659 5429 quidam
678 5362 1302 5434 cognominabant,qum
1321 5380 1448 5429 vox,
1476 5362 1742 5438 Syrorum
1760 5365 2019 5435 linguain

434 5451 680 5508 Graecam
710 5466 995 5518 conversa,
1033 5455 1211 5510 lacum
1234 5456 1531 5527 signiﬁcat.
1561 5456 1695 5513 Post
1721 5456 1773 5511 id
1803 5464 2020 5525 tempus

432 5542 543 5613 jam
584 5537 769 5593 senior
814 5540 993 5597 factus
1018 5586 1033 5610 ,
1065 5544 1354 5602 orantibus
1381 5546 1583 5608 cessit,
1633 5552 1693 5601 et
1732 5546 2017 5617 tugurium

436 5627 713 5685 exstruxit
768 5647 781 5683 :
840 5645 905 5685 ac
962 5642 1150 5701 postea
1229 5635 1398 5691 etiam
1460 5635 1765 5691 amicorum
1827 5648 2016 5707 rogatu

434 5720 790 5776 domunculis
814 5721 831 5741 ⁸
861 5737 1080 5795 quoque
1128 5742 1265 5782 usus
1298 5734 1421 5796 est,
1453 5744 1562 5784 non
1605 5726 1844 5799 propriis
1875 5771 1888 5797 ,
1926 5733 2019 5785 scil

438 5808 1019 5886 alienis.:.peregiupte
1050 5816 1105 5873 in
1139 5818 1360 5889 tugurio
1384 5818 1809 5885 etdomunculis
1842 5837 2015 5880 annos

2118 3280 2213 3328 κες
2230 3280 2244 3293 ο
2280 3264 2429 3317 ῐσασι
2459 3262 2517 3316 δέ
2533 3263 2628 3317 καὶ
2644 3261 2915 3316 οἱτούτων
2929 3260 3118 3333 ὄμοροί
3139 3278 3199 3313 τε
3223 3259 3318 3314 καὶ
3330 3258 3573 3328 γείτονες
3606 3273 3620 3286 ⁸
3644 3258 3713 3311 ol‘

2121 3352 2220 3424 μὲν
2248 3352 2511 3406 αὐτόπται
2535 3352 2643 3406 τῶν
2662 3352 2755 3406 τοῦ
2780 3350 2972 3420 ἀνδρὸς
2998 3348 3294 3419 θαυμάτων
3317 3347 3624 3418 γενόμενοι,
3657 3348 3728 3399 of“

2117 3443 2175 3497 δέ
2186 3444 2287 3515 τῆς
2298 3444 2488 3514 φήμης
2517 3441 2750 3515 ᾀδούσης
2767 3441 2938 3496 ταῦτα
2955 3442 3049 3495 καὶ
3086 3439 3415 3513 θρυλλούσης
3438 3436 3715 3493 ἀκούσαν-

2118 3549 2228 3595 τες.
2244 3532 2319 3587 Οὐ
2337 3532 2442 3603 μὴν
2452 3531 2689 3595 ἅπαντες
2706 3533 2885 3585 ἴσασιν
2897 3528 3133 3595 ἅπαντα,
3152 3529 3268 3583 ἀλλ’
3285 3530 3334 3583 οί
3351 3527 3450 3600 μὲν
3468 3526 3648 3591 τοῦτο,
3660 3528 3727 3580 οε·

2124 3622 2183 3675 δὲ
2215 3624 2389 3677 ἐκεῖνο
2412 3622 2815 3694 μεμαθηκότες,
2832 3621 2860 3674 δ
2885 3621 3249 3691 γινώσκουσιν
3269 3618 3501 3682 εἰκότως
3533 3618 3715 3689 μόνον⁴

2119 3715 2511 3787 θαυμάζουσιν.
2558 3714 2699 3784 Ἐγὼ
2725 3714 2806 3778 δὲ,
2838 3713 2908 3769 τά
2953 3714 3101 3768 κατά
3132 3713 3236 3783 τὴν
3268 3711 3417 3766 θείαν
3457 3710 3585 3781 ἐμοὶ
3619 3726 3711 3761 κε·

2119 3807 2297 3878 φαλὴν
2326 3807 2439 3860 τῶν
2469 3805 2678 3861 πολλῶν
2709 3806 3100 3882 ἀκριϐέστερον
3129 3804 3491 3876 ἐπιστάμενος
3516 3802 3721 3875 (πολλά-

2118 3900 2227 3970 γάρ
2252 3916 2343 3970 μοι
2363 3899 2496 3970 παρ’
2521 3897 2684 3952 αὑτὸν
2711 3899 2861 3953 ίέναι
2875 3897 2970 3952 καὶ
3001 3896 3306 3968 θαυμάζειν
3337 3893 3710 3966 προέτρεπε),

2117 3989 2448 4060 διηγήσομαι
2481 3986 2559 4050 ὡς
2593 3986 2661 4040 ἂν
2692 3984 3193 4057 ἕκαστα-δύνωμαι.
3226 3982 3449 4053 Ταύτην
3474 3978 3533 4033 δέ
3558 3977 3727 4048 αὐτῷ

2121 4082 2219 4155 τὴν
2238 4080 2394 4147 τάξιν
2453 4083 2757 4153 τετήρηκα,
2817 4082 2911 4136 καὶ
2973 4079 3112 4150 μετὰ
3173 4076 3404 4141 πολλοὺς
3456 4072 3623 4128 αὐτοῦ
3650 4071 3726 4125 τὸν

2119 4172 2368 4244 διήγημα
2386 4170 2633 4234 τέθεικα,
2663 4172 2765 4225 οὐκ
2786 4170 2974 4241 ἐπειδὴ
2999 4169 3253 4241 δεύτερος
3275 4168 3384 4222 τῶν
3411 4165 3589 4221 ἀλλων
3612 4162 3724 4234 τὴν

2120 4265 2324 4336 ἀρετὴν
2342 4263 2473 4334 (τοῖς
2501 4264 2611 4337 γὰρ
2642 4264 2830 4336 ἄκροις
2864 4264 2960 4318 καὶ
2992 4263 3229 4337 πρώτοις
3262 4259 3563 4332 ἐφάμιλλος
3593 4251 3713 4327 ἦν).

2121 4357 2237 4412 ἀλλ’
2265 4358 2348 4412 ὅτι
2376 4356 2566 4428 χρόνον
2599 4354 2880 4429 βεϐιωκὼς
2906 4357 2989 4410 ὅτι
3029 4355 3267 4426 μάλιστα
3290 4353 3563 4414 πλεῖστον,
3592 4347 3730 4420 μετ’·

2122 4450 2365 4513 ἐκείνους
2387 4442 2462 4503 ὧν
2484 4449 2765 4521 ἐμνήσθην
2786 4447 2880 4502 τοῦ
2911 4446 3028 4518 βίου
3056 4447 3117 4501 τὸ
3136 4447 3317 4517 πέρας
3346 4444 3586 4510 ἐδέξατο.

2194 4624 2366 4696 Οὗτος
2408 4632 2592 4686 τοίνυν
2637 4631 2983 4703 παλαίστραν
3029 4630 3179 4702 ἔσχε,
3214 4630 3309 4684 καὶ
3335 4628 3568 4694 στάδιον,
3612 4631 3727 4692 τὰς

2120 4726 2230 4780 τῶν
2256 4723 2400 4796 ὀρῶν
2433 4723 2704 4797 κορυφὰς,
2744 4724 2845 4778 οὐκ
2878 4725 2964 4794 ἐφ’
2992 4724 3112 4788 ὲνδς
3156 4720 3446 4795 ἱδρυμένος
3484 4722 3715 4794 χωρίου,

2120 4816 2257 4873 ἀλλά
2287 4815 2385 4871 νῦν
2414 4817 2514 4889 μὲν
2549 4815 2727 4888 τούτῳ
2763 4816 3202 4887 ἐνδιαιτώμενος,
3224 4815 3320 4870 νῦν
3349 4814 3408 4868 δέ
3431 4817 3510 4878 είς
3532 4816 3721 4869 ἐκεῖνο

2123 4908 2490 4981 μεταϐαίνων.
2537 4909 2745 4963 Ἐποίει
2787 4908 2845 4962 δέ
2865 4907 3045 4975 τοῦτο,
3069 4909 3132 4962 οὐ
3165 4907 3237 4961 τὰ
3278 4907 3459 4979 χωρία
3518 4906 3714 4976 δυσχε-

2124 4999 2343 5068 ραίνων,
2372 4997 2511 5057 ἀλλὰ
2534 4997 2643 5051 τῶν
2668 4998 2745 5062 ὼς
2782 4997 2950 5053 αὑτὸν
2994 4998 3288 5052 συνιόντων
3317 4997 3414 5051 καὶ
3443 4995 3715 5051 πάντοθεν

2122 5089 2455 5146 συνθεόντων
2506 5090 2917 5163 ἀποδιδράσκων
2960 5090 3029 5145 τὰ
3090 5090 3294 5162 πλήθη.
3348 5089 3595 5143 Πέντεδέ
3618 5090 3714 5144 καὶ

2121 5181 2535 5252 τετταράκοντα
2571 5181 2668 5253 ιτη
2697 5181 3130 5252 τοῦτονηδιάγων
3168 5182 3437 5236 διετέλεσε
3475 5183 3568 5235 τὸν
3581 5182 3712 5254 τρό-

2123 5290 2243 5339 πον,
2270 5275 2331 5327 οὺ
2360 5276 2534 5346 σκηνῇ
2601 5272 2907 5347 χρώμενος,
2935 5274 2997 5329 ού
3032 5275 3267 5348 καλύϐῃ,
3315 5274 3431 5329 ἀλλ’
3462 5277 3522 5328 ἐν
3577 5274 3711 5345 ὀρύ-

2120 5381 2290 5436 γματι
2318 5364 2473 5435 βαθεί
2506 5365 2606 5436 τὴν
2637 5366 2826 5420 στάσιν
2851 5365 3195 5437 ποιούμενος,
3222 5365 3347 5419 ὅθεν
3374 5367 3468 5420 καὶ
3497 5364 3712 5419 Γουϐᾶν

2121 5455 2283 5510 αὐτόν
2303 5472 2447 5521 τινες
2471 5457 2830 5528 ἐπωνόμαζον
2854 5474 2868 5487 ·
2896 5458 3010 5511 ἀπὸ
3035 5457 3093 5510 δὲ
3124 5457 3225 5527 τῆς
3252 5456 3322 5509 Σύ
3333 5474 3431 5529 ρας
3463 5456 3712 5526 γλώττης

2121 5548 2201 5611 είς
2222 5547 2320 5618 τὴν
2334 5548 2561 5603 Ἐλλάδα
2575 5550 2734 5603 τοῦτο
2755 5550 3196 5622 μεταφερόμενον
3211 5550 3446 5604 λάκκον
3459 5548 3715 5620 σημαίνει

2119 5638 2181 5692 τὸ
2224 5639 2413 5710 ὃνομα.
2468 5641 2624 5695 Μετά
2667 5641 2725 5695 δὲ
2757 5641 2947 5696 τοῦτον
2994 5642 3086 5696 τὸν
3138 5643 3331 5713 χρόνον
3396 5640 3714 5713 πρεσϐύτης

2121 5732 2431 5803 γενόμενος,
2492 5732 2602 5800 εἶξε
2637 5739 2749 5799 τοῖς
2802 5735 3130 5803 ἱκετεύουσι,
3160 5736 3256 5790 καὶ
3300 5735 3546 5808 καλύϐην
3577 5736 3715 5807 ἐπή-

2123 5823 2270 5888 ξατο.
2299 5825 2567 5898 Ὕστερον
2587 5827 2643 5882 δὲ
2669 5827 2777 5884 τῶν
2797 5828 3092 5904 γνωρίμων
3142 5827 3592 5894 ἀντιϐολούντων,
3619 5828 3727 5888 καὶ
