4030 6406
296 383 434 451 11401

1526 387 1932 448 RELIGIOSA
1973 388 2360 450 HISTORIA.

3431 392 3579 459 14θῖ

291 501 568 568 οἱκιδίοις,
622 501 727 555 οῦκ·
767 501 1010 566 οίκείσις.
1068 499 1184 554 ἀλλ’
1235 501 1536 573 ἀλλοτρίοις
1586 503 1874 573 ἐχρήσατο.

1986 503 2124 559 alios
2154 503 2350 574 viginti
2383 501 2671 574 quinque:
2717 501 2790 556 ita
2821 510 2880 556 ut
2908 503 2974 557 ad
3015 517 3191 558 annos
3220 507 3570 576 septuaginta

294 595 468 650 Ηέντε
489 595 546 650 δὲ
581 598 676 650 καί⁵
709 597 885 650 εἴκοσι
905 595 1279 650 διατετέλεκεν
1305 596 1397 668 ἐτη
1427 599 1494 666 τῇ
1537 591 1748 670 καλύϐῃ
1782 598 1878 650 καὶ

289 695 406 756 τοῖς
441 691 686 754 οίκιδίοις
722 689 1136 761 ἐνδιαιτώμενος
1170 706 1182 720 ·
1209 689 1284 753 ώς
1328 690 1662 759 συνάγεσθαι
1690 690 1879 744 λοιπὸν

289 779 668 852 ἐϐδομήκοντα
724 779 820 852 ἔτη
851 779 962 834 τῶν
1001 779 1228 848 ἀγώνων
1256 779 1348 834 τὸν
1369 780 1582 851 χρόνον.
1607 782 1794 853 Τροφῇ
1821 782 1878 835 δέ

287 872 581 942 ὁκέχρητο,
614 873 718 925 οὐκ
744 871 918 944 ἀρτῳ,
951 871 1072 926 οὐδὲ
1131 873 1404 944 ὀσπρίοις,
1463 873 1600 927 ἀλλά
1660 875 1880 945 κριθαῖς

286 967 708 1036 πτισαομέναις,
747 966 844 1018 καὶ
869 964 1018 1037 μόνῳ
1039 965 1194 1019 ὕδατι
1221 966 1566 1037 δευομέναις.
1599 969 1710 1021 Καὶ
1735 967 1871 1022 ταύο

284 1075 393 1127 την
417 1057 568 1129 αὑτῷ
594 1058 694 1128 τὴν
716 1057 925 1130 τροφὴν
952 1061 986 1131 ἡ
1018 1059 1202 1130 μήτηρ
1232 1061 1266 1130 ἠ
1304 1059 1432 1131 ἐμὴ,
1456 1059 1723 1131 γενομένη
1759 1077 1881 1114 συν-

286 1150 453 1220 ήθης,
492 1149 585 1202 ἐπὶ
633 1149 890 1203 πλεῖστον
951 1151 1259 1222 ἐχορήγησε
1322 1151 1535 1223 χρόνον.
1591 1153 1699 1207 Καί
1746 1168 1880 1206 ποτε

286 1242 430 1313 πρὸς
458 1242 630 1313 αὐτὴν
657 1241 1053 1314 ἀρρωστοῦσαν
1100 1244 1455 1316 ἀφικόμενος,
1491 1241 1680 1316 μαθὼν
1711 1246 1788 1310 ὡς
1817 1246 1878 1299 οὐ

287 1333 543 1388 πείθεται
602 1335 812 1405 τροφῆς
873 1335 1211 1407 καταλλήλου
1256 1340 1324 1408 τῇ
1363 1338 1505 1408 νόσῳ
1553 1337 1880 1409 μεταλαϐεῖν

287 1425 404 1495 (τὸν
429 1425 741 1495 ἀσκητικὸν
759 1425 869 1498 γὰρ
901 1427 1086 1480 λοιπὸν
1112 1427 1206 1484 καὶ
1229 1427 1368 1499 αὑτὴ
1385 1427 1667 1500 ἠσπάζετο
1697 1427 1813 1499 βίον
1836 1429 1877 1498 ),

286 1513 430 1582 εἶξαι
450 1517 685 1590 παρῄνει
705 1521 818 1582 τοῖς
846 1520 1071 1588 ίατροῖς,
1097 1521 1192 1575 καὶ
1209 1520 1503 1592 φάρμακον
1523 1521 1747 1592 νομίσαι
1777 1521 1878 1593 τὴν

285 1609 552 1681 τοιαύτην
569 1613 796 1683 τροφήν·
816 1611 938 1667 οὐδὲ
965 1613 1077 1684 γάρ
1102 1614 1316 1685 τρυφῆς
1336 1614 1516 1686 χάριν,
1531 1615 1668 1670 ἀλλά
1689 1616 1882 1687 χρείας

286 1702 700 1774 προσφέρεται·
726 1722 746 1755 ι
776 1704 886 1758 Καὶ
928 1704 1037 1775 γὰρ
1078 1704 1189 1774 ἐγὼ
1219 1749 1234 1773 ,
1288 1705 1416 1777 ἔφη,
1471 1707 1882 1778 τετταράκοντα

287 1795 384 1864 ῑτη
436 1795 562 1858 ταῖς
607 1793 848 1866 κριθαῖς,
911 1795 988 1860 ὡς
1030 1793 1224 1862 οἶσθα,
1263 1798 1614 1868 χρησάμενος
1669 1798 1878 1869 μόναις,

1982 596 2349 650 certaminum
2391 597 2516 664 ejus
2547 611 2762 651 summa
2796 596 3106 666 perveniat.
3147 596 3319 652 Cibus
3351 599 3426 652 illi
3461 616 3572 654 non

1981 689 2179 758 panis,
2238 703 2340 743 nec
2396 688 2712 759 legumina,
2768 687 2865 744 sed
2919 688 3190 743 hordeum
3239 698 3574 756 contusum,

1980 793 2124 848 aqua
2184 780 2301 834 sola
2356 779 2730 835 madefactum
2780 796 2793 833 :
2847 788 3015 850 atque
3062 779 3211 835 hunc
3258 780 3338 835 illi
3382 776 3574 836 icibum

1985 871 2198 942 1207
2245 878 2423 927 mater
2466 886 2588 926 mea
2616 913 2632 939 ,
2686 881 2977 942 postquam
3010 871 3302 929 familiaris
3349 874 3398 929 ei
3431 873 3575 927 facta

1979 971 2065 1017 est
2091 1003 2106 1029 ,
2137 962 2470 1034 longissimo
2502 970 2751 1034 tempore
2795 963 3194 1034 suppeditavit.
3242 963 3310 1018 Et
3349 980 3475 1020 cum
3507 964 3575 1018 ad

1980 1063 2343 1126 aegrotantem
2387 1055 2538 1110 illam
2591 1055 2894 1127 aliquando
2935 1055 3216 1122 venisset,
3265 1056 3578 1112 didicisset-

1980 1164 2091 1220 que
2153 1148 2354 1204 adduci
2407 1162 2521 1203 non
2567 1163 2767 1220 posse,
2828 1155 2888 1204 ut
2939 1155 3332 1218 congruentem
3381 1149 3578 1204 morbo

1979 1242 2168 1298 cibum
2204 1249 2448 1297 sumeret
2497 1241 2889 1312 (monasticam
2934 1239 3082 1296 enim
3113 1250 3168 1295 et
3205 1241 3324 1312 ipsa
3355 1257 3577 1312 quoque

1981 1335 2155 1390 vitam
2181 1341 2305 1390 erat
2329 1333 2635 1403 amplexa),
2665 1333 2920 1390 hortatus
2950 1343 3036 1390 est
3073 1342 3133 1388 ut
3158 1335 3388 1391 medicis
3417 1337 3578 1391 cede-

1981 1434 2110 1492 ret,
2145 1441 2211 1482 ac
2259 1425 2622 1496 pbarmacum
2661 1440 2786 1481 esse
2815 1425 2964 1481 hunc
2997 1425 3180 1482 cibum
3219 1435 3476 1497 putaret,
3518 1435 3578 1482 ut

1981 1535 2144 1592 quem
2173 1535 2285 1575 non
2308 1518 2636 1575 deliciarum
2663 1559 2680 1586 ,
2708 1519 2805 1575 sed
2827 1520 3181 1576 necessitatis
3207 1519 3385 1592 gratia
3413 1535 3580 1575 usur-

1981 1619 2162 1685 paret.
2204 1630 2223 1665 ι
2281 1609 2418 1665 Nam
2463 1621 2520 1666 et
2548 1625 2683 1682 ego,
2719 1611 2934 1681 inquit,
2971 1611 3068 1682 qui
3114 1627 3213 1682 per
3235 1627 3412 1668 annos
3444 1628 3582 1683 qua-

1982 1703 2235 1775 draginta
2277 1703 2487 1759 hordeo
2515 1703 2636 1759 solo
2664 1703 2773 1758 vixi
2799 1744 2814 1769 ,
2849 1711 2908 1759 ut
2932 1703 3076 1759 nosti
3100 1744 3115 1769 ,
3150 1718 3277 1758 cum
3317 1704 3576 1760 hesterna

1984 1798 2074 1853 die
2127 1796 2420 1852 inilrmitas
2469 1811 2556 1852 me
2597 1796 2848 1867 quaedam
2902 1795 3234 1864 invasisset,
3282 1796 3580 1853 contuber-

285 1885 579 1950 ἀσθενείας
627 1903 718 1956 μοι
761 1890 829 1959 τῇ
860 1888 1164 1960 προτεραίᾳ
1207 1889 1514 1960 γενομένης
1551 1889 1721 1954 τινὸς,
1785 1891 1879 1946 τὸν

1986 1890 2096 1945 nali
2131 1905 2255 1945 meo
2298 1904 2538 1960 parvum
2561 1889 2698 1944 mihi
2745 1903 2944 1960 panem
2993 1904 3245 1961 quaerere
3291 1895 3346 1944 et
3380 1888 3581 1946 atl‘erre

289 1978 543 2032 σύνοικον
558 1978 820 2034 ἐκέλευσα
845 1980 1012 2051 ἄρτον
1034 1981 1244 2052 βραχὺν
1261 1981 1487 2052 αίτῆσαί
1513 1999 1574 2035 τε
1601 1982 1698 2036 καὶ
1723 1982 1882 2054 κομί-

288 2068 511 2124 σασθαι.
537 2070 756 2124 Ἔννοια
785 2070 896 2144 γάρ
925 2071 1008 2135 τίς
1040 2089 1129 2143 μοι
1158 2071 1404 2142 γέγονεν,
1432 2073 1508 2137 ώς
1530 2075 1577 2126 εί
1599 2073 1877 2147 τεθναίην,

289 2160 525 2225 εὐθύνας
573 2161 758 2230 ὑφέξω
783 2163 878 2216 τοῦ
908 2163 1140 2218 θανάτου
1172 2165 1326 2237 παρά
1360 2164 1436 2236 τῷ
1464 2166 1659 2236 δικαίῳ
1691 2170 1876 2240 κριτῇ,

286 2255 367 2318 ὼς
387 2255 516 2316 τοὺς
543 2253 765 2323 ἀγῶνας
819 2256 1099 2326 ἐκφυγὼν,
1135 2259 1232 2311 καὶ
1264 2258 1364 2329 τῆς
1395 2258 1644 2324 δουλείας
1673 2259 1880 2330 δραπε-

285 2345 490 2411 τεύσας
521 2349 649 2411 τοὺς
682 2351 900 2413 πόνους.
933 2349 1174 2403 Δυνατοῦ
1215 2351 1325 2421 γὰρ
1353 2350 1509 2415 ὄντος
1537 2355 1712 2424 τροφῇ
1739 2351 1875 2424 βρα-

286 2439 413 2511 χείᾳ
472 2438 777 2511 κωλυθῆναι
833 2439 924 2494 τὸν
982 2439 1249 2505 θάνατον,
1306 2442 1401 2494 καὶ
1454 2441 1588 2512 τῷδε
1637 2441 1718 2513 τῷ
1774 2443 1875 2514 βίῳ

288 2535 619 2604 προσμεῖναι
653 2531 918 2585 πονοῦντα
950 2534 1044 2586 καὶ
1073 2533 1615 2605 ταλαιπωρούμενον,
1650 2536 1748 2588 καὶ
1777 2537 1872 2590 τὸν

289 2624 540 2678 ἐντεῦθεν
567 2623 950 2696 συνεγείροντα
983 2625 1232 2691 πλοῦτον,
1260 2627 1362 2698 τὴν
1391 2627 1455 2680 ἐκ
1487 2627 1650 2698 λιμοῦ
1689 2628 1878 2683 τελευο

287 2715 388 2787 τὴν
422 2717 522 2787 τῆς
545 2717 603 2768 ἐν
629 2717 920 2789 φιλοσοφίᾳ
972 2717 1116 2787 ζωῆς
1157 2717 1524 2789 αἱρετωτέραν
1582 2720 1876 2776 ὑπέλαϐον.

287 2806 557 2876 Δείματος
585 2806 766 2860 τοίνυν
805 2805 1055 2860 ἐντεῦθεν
1093 2807 1449 2878 ἐμφορηθεὶς,
1482 2810 1576 2862 καὶ
1606 2809 1700 2862 τοῦ
1738 2809 1880 2878 λογι-

1979 1982 2150 2053 jussi.
2183 1980 2276 2037 Sic
2304 1981 2453 2037 enim
2504 1995 2720 2036 mecum
2768 1981 3092 2052 reputabam
3119 2022 3134 2047 ,
3173 1981 3327 2052 apud
3350 1996 3570 2052 aequum

1978 2075 2224 2146 judicem
2275 2089 2399 2137 me,
2435 2073 2480 2129 si
2532 2088 2803 2140 morerer,
2842 2073 3115 2128 rationem
3174 2073 3369 2130 mortis
3399 2072 3580 2128 reddi-

1981 2175 2172 2222 turum
2198 2206 2214 2230 ,
2263 2165 2425 2238 quasi
2477 2166 2782 2221 certamina
2817 2164 3160 2237 refugerem,
3207 2175 3260 2220 et
3294 2165 3580 2220 servitutis

1981 2261 2204 2315 labores
2253 2259 2641 2314 declinarem:
2699 2266 2760 2312 ut
2809 2258 2943 2328 qui,
3015 2273 3140 2311 cum
3198 2257 3397 2328 exiguo
3450 2257 3580 2311 cibo

1981 2350 2267 2424 prohiberi
2300 2365 2451 2406 mors
2479 2359 2706 2420 posset,
2735 2357 2902 2419 atque
2922 2341 2985 2403 in
3017 2350 3123 2403 hac
3143 2349 3258 2403 vita
3295 2349 3580 2404 laboribus

1983 2455 2038 2501 et
2067 2444 2333 2499 aerumnis
2359 2442 2664 2500 exercitum
2695 2457 2919 2497 manere
2951 2449 3007 2497 et
3038 2452 3262 2512 paratas
3293 2441 3422 2495 inde
3444 2455 3582 2512 opes

1982 2552 2281 2610 congerere
2303 2537 2530 2601 liceret,
2561 2535 2743 2592 inedia
2787 2535 2969 2600 mori,
3015 2548 3180 2604 quam
3221 2548 3290 2588 ex
3329 2531 3582 2603 philoso-

1983 2631 2112 2702 phia
2142 2631 2332 2685 vivere
2365 2629 2678 2684 maluerim.
2717 2627 2902 2693 Quare
2935 2626 3042 2680 hoc
3078 2632 3226 2680 metu
3268 2623 3580 2693 perculsus,

1983 2723 2449 2795 cogitationisque
2481 2721 2703 2776 aculeos
2755 2718 3052 2774 retundere
3081 2715 3313 2786 cupiens
3335 2753 3352 2780 ,
3387 2723 3442 2769 et
3470 2712 3591 2785 peti-

1986 2830 2182 2887 panem
2221 2813 2404 2884 jussi,
2445 2820 2500 2867 et
2549 2813 2779 2866 allatum
2830 2809 3045 2865 comedi
3082 2826 3096 2864 :
3135 2807 3344 2876 tibique
3395 2804 3586 2876 praeciu

290 2896 430 2967 σμοῦ
459 2895 558 2959 τὰς
585 2895 779 2960 ἀκίδας
805 2896 1077 2968 ἀμϐλῦναι
1123 2896 1380 2968 θελήσας,
1441 2897 1665 2967 αίτῆσαί
1694 2916 1752 2952 τε
1788 2898 1878 2953 τὸν

1986 2907 2106 2977 pio,
2147 2921 2217 2961 ne
2268 2907 2400 2960 mihi
2449 2905 2688 2974 amplius
2735 2901 3025 2965 hordeum,
3061 2897 3156 2956 sed
3190 2913 3384 2969 panem
3443 2911 3582 2966 pra:-

287 2991 452 3060 ἇρτον
473 2988 756 3054 ἐκέλευσα,
789 2990 885 3043 καὶ
916 2989 1270 3060 κομισθέντος
1302 2989 1620 3060 μετέλαϐον.
1663 2991 1774 3045 Καὶ
1796 2991 1878 3045 σοὶ

1986 2999 2136 3054 beas.
2202 3017 2221 3052 ι
2266 2997 2342 3052 Ex
2397 2996 2640 3052 veridica
2701 2996 2873 3064 igitur
2923 2994 3112 3063 lingua
3168 2991 3376 3046 hordeo
3427 2991 3580 3044 illum

286 3085 468 3137 τοίνυν
499 3083 824 3154 παρεγγυῶ,
872 3083 1071 3154 μηκέτι
1112 3101 1202 3155 μοι
1241 3083 1341 3147 τὰς
1369 3083 1586 3155 κριθὰς,
1615 3085 1752 3140 ἀλλά
1787 3086 1878 3142 τδν

1986 3089 2149 3144 annis
2173 3087 2545 3159 quadraginta
2577 3086 2785 3141 vixisse
2807 3084 3128 3150 didicimus,
3156 3089 3210 3136 et
3239 3096 3402 3151 quam
3440 3088 3587 3136 stre-

286 3177 451 3248 ἄρτον
485 3177 770 3247 παρέχειν.
801 3196 819 3227 ι
862 3177 958 3230 Ἐκ
987 3176 1087 3247 τῆς
1125 3176 1394 3246 ἀψευδοῦς
1425 3177 1604 3232 τοίνυν
1632 3177 1875 3250 ἀκηκόα-

1986 3197 2130 3238 nuus
2169 3189 2358 3237 asceta
2402 3179 2730 3249 laborisque
2770 3191 2966 3232 amans
3003 3177 3089 3230 vir
3121 3173 3290 3229 luerit
3313 3213 3328 3238 ,
3365 3171 3593 3227 abundo

292 3285 392 3337 μεν
422 3267 694 3339 γλώττης,
721 3269 798 3334 ώς
827 3269 1240 3340 τεσσαράκοντα
1266 3268 1364 3340 ἐτη
1397 3269 1498 3334 τὰς
1523 3270 1719 3343 κριθὰς
1745 3289 1876 3343 τρο-

1988 3273 2096 3329 ista
2134 3275 2454 3329 declarant:
2483 3271 2876 3343 antiquitatem
2912 3283 3044 3324 vero
3073 3276 3128 3324 et
3159 3267 3601 3345 simplicitatem_

288 3359 395 3431 φῆν
423 3361 737 3431 ἐποιήσατο.
763 3360 838 3414 Τὸ
866 3361 964 3432 μέν
993 3355 1086 3413 οῦν
1111 3361 1412 3430 ἀσκητικὸν
1435 3360 1532 3414 τοῦ
1562 3363 1758 3432 ἀνδρὸς
1780 3364 1878 3416 καὶ

1991 3380 2208 3420 morum
2257 3365 2380 3436 eius
2405 3381 2472 3421 ex
2507 3365 2632 3419 aliis
2661 3363 3049 3426 ostendemus.

288 3449 576 3517 φιλόπονον
629 3450 788 3504 ίκανά
837 3451 934 3504 καὶ
979 3449 1156 3506 ταῦτα
1191 3451 1606 3524 τεκμηριῶσαιο
1660 3455 1761 3525 τὴν
1814 3456 1871 3508 δὲ
1903 3455 2248 3530 ἀρχαιότητα
2300 3459 2397 3513 καὶ
2446 3458 2727 3528 ἁπλότητα
2763 3457 2873 3511 τῶν
2903 3453 3052 3526 ἠθῶν
3123 3453 3194 3507 δι’
3232 3451 3410 3507 ἄλλων
3491 3446 3588 3520 δη-

286 3540 557 3613 λώσομεν.

372 3635 592 3706 Ἐπειδὴ
620 3627 730 3706 γὰρ
780 3637 810 3691 δ
847 3637 1023 3709 μέγας
1053 3636 1352 3702 Φλαϐιανδς
1373 3637 1475 3710 τὴν
1508 3638 1752 3709 μεγάλην
1779 3637 1879 3692 τοῦ

2062 3638 2365 3710 Postquam
2411 3637 2556 3694 enim
2592 3651 2828 3707 magnus
2888 3631 3191 3687 Flavianus
3248 3647 3449 3702 magno
3487 3629 3581 3686 Dei

288 3726 424 3781 Θεοῦ
447 3729 685 3798 ποίμνην
723 3730 1033 3800 ποιμαίνειν
1067 3729 1302 3800 ἐτάχθη,
1339 3728 1438 3800 τὴν
1468 3731 1526 3783 δέ
1550 3730 1647 3784 τοῦ
1686 3730 1880 3802 ἀνδρὸς

1992 3733 2140 3803 gregi
2176 3740 2367 3801 pastor
2395 3739 2478 3786 est
2505 3728 2821 3792 ordinatus,
2860 3735 2916 3782 et
2948 3725 3055 3780 viri
3091 3724 3350 3778 virtutem
3383 3737 3594 3792 cogno-

287 3821 493 3892 ιμαθεν
537 3821 738 3892 ἀρετὴν
793 3822 975 3894 (ᾔδετο
1021 3822 1130 3893 γὰρ
1158 3861 1172 3885 ,
1209 3823 1305 3876 καὶ
1351 3823 1410 3874 ἐν
1459 3825 1572 3885 τοῖς
1623 3822 1879 3875 ἁπάντων

1990 3826 2072 3880 vit
2125 3822 2560 3896 (pranlicabatur
2603 3819 2750 3875 enim
2800 3825 2856 3873 et
2883 3829 2982 3888 per
3010 3815 3260 3870 omnium
3305 3829 3401 3868 ora
3439 3813 3584 3869 fere.

286 3913 516 3984 ἐφέρετο
546 3913 830 3985 στόμασιν)
860 3954 875 3979 ,
911 3915 1034 3984 ἄγει
1064 3913 1162 3985 μὲν
1195 3913 1354 3967 αὑτὸν
1394 3917 1456 3968 ἐκ
1477 3913 1577 3982 τῆς
1607 3913 1703 3966 τοῦ
1723 3913 1881 3984 ὅρους

1991 3917 2204 3985 batur),
2270 3917 2338 3969 de
2405 3913 2609 3968 montis
2681 3911 2836 3964 illum
2912 3908 3117 3963 vertice
3182 3921 3279 3976 per
3341 3905 3584 3976 speciem

287 4007 555 4077 κορυφῆς,
581 4005 657 4069 ὡς
685 4007 904 4077 γραφῆς
942 4009 1062 4060 κατ’
1106 4005 1274 4060 αὑτοῦ
1319 4005 1622 4076 γενομένης
1658 4021 1672 4033 ο
1700 4005 1800 4075 τῆς
1825 4003 1881 4057 δέ

1999 4009 2219 4081 1208
2258 4008 2485 4076 obieetae
2521 4001 2900 4060 accusationis
2936 3999 3188 4062 abduxit,
3221 4007 3276 4053 et
3307 3999 3411 4054 sub
3454 4013 3575 4069 my-

291 4101 561 4171 μυστικῆς
585 4099 896 4170 ίερουργίας
924 4099 1296 4171 προκειμένης
1315 4140 1330 4163 ,
1359 4098 1626 4169 προσάγει
1675 4097 1757 4168 τῷ
1789 4096 1881 4150 θυ-

1996 4104 2200 4158 sticum
2232 4099 2568 4154 sacrificium
2601 4095 2760 4150 altari
2801 4093 3072 4158 admovit,
3098 4090 3494 4162 cooptavitque
3529 4089 3585 4143 in

291 4192 617 4262 σιαστηρίῳ,
659 4192 755 4244 καὶ
802 4192 915 4254 τοῖς
962 4191 1204 4262 ἱερεῦσιν
1251 4181 1637 4260 ἐγκαταλέγει.
1685 4189 1775 4253 Ὦς
1826 4189 1881 4243 δέ

1996 4209 2290 4249 numerum
2357 4189 2733 4248 sacerdotum.
2785 4186 3036 4256 Cumque
3086 4192 3309 4256 peracta
3364 4181 3585 4253 liturgia

287 4285 440 4349 τέλος
465 4283 659 4337 ἐλαϐεν
691 4283 1086 4355 ήλειτουργία,
1121 4283 1222 4337 καί
1267 4300 1349 4345 τις
1382 4281 1533 4352 αὐτῷ
1580 4281 1740 4336 τοῦτο
1789 4299 1881 4352 p.5-

1996 4287 2102 4342 hoc
2130 4287 2206 4341 illi
2241 4286 2462 4357 quidam
2494 4273 2799 4337 indicasset
2829 4281 3151 4351 (ignorabat
3176 4276 3322 4332 enim
3357 4289 3587 4345 prorsus

291 4377 504 4447 μὴνυκε
519 4377 773 4445 (πάμπαν
793 4374 902 4445 γὰρ
919 4375 1102 4442 ἠγνόει
1119 4375 1179 4428 τὸ
1195 4373 1462 4443 γεγονὸς),
1482 4373 1551 4427 τά
1576 4373 1676 4444 μέν
1694 4372 1881 4444 πρῶτα

1993 4378 2127 4450 quid
2160 4376 2448 4450 egissent),
2479 4377 2718 4448 primum
2743 4373 2966 4445 quidem
2993 4371 3262 4426 conviciis
3293 4369 3588 4438 verbisque

290 4469 614 4539 ἐλοιδορεῖτο
639 4469 732 4522 καὶ
773 4467 954 4536 λόγοις
995 4467 1218 4521 ἔϐαλλεν
1247 4468 1497 4532 ἅπαντας
1518 4482 1531 4496 ⁸
1565 4465 1795 4538 ὕστερον
1828 4465 1881 4518 δέ

1995 4473 2210 4542 asperis
2248 4469 2516 4542 proscidit
2551 4468 2850 4524 universos
2877 4484 2890 4521 :
2919 4467 2945 4486 ’
2977 4462 3178 4519 deinde
3227 4469 3454 4530 arrepto
3486 4462 3586 4514 ba-

287 4563 390 4633 τὴν
439 4536 745 4632 βακτηρίαν
793 4561 976 4615 λαϐὼν
1034 4561 1242 4630 (εἰώθει
1290 4561 1401 4632 γὰρ
1445 4536 1881 4631 σκηριπτόμενος

1995 4564 2144 4626 culo,
2177 4564 2230 4618 in
2267 4577 2376 4632 quo
2425 4559 2652 4615 innixus
2711 4564 2941 4628 propter
2995 4553 3211 4610 senium
3277 4548 3582 4612 incedebat,

294 4654 380 4713 διὰ
413 4654 475 4707 τδ
506 4657 683 4726 γῆρας
719 4653 1000 4724 βαδίζειν),
1040 4653 1269 4707 ἐδίωκεν
1311 4654 1474 4707 αὐτόν
1509 4670 1569 4706 τε
1613 4653 1704 4706 τὸν
1731 4654 1889 4724 ἀρχις

290 4747 444 4817 ερέα,
477 4747 570 4798 καὶ
598 4747 725 4808 τοὺς
774 4743 969 4808 ἄλλους
1000 4745 1118 4798 ὅτοι
1161 4747 1441 4816 παρῆσαν.
1495 4743 1888 4813 ’Υπελάμϐανε

288 4837 404 4908 γὰρ
433 4837 529 4908 τὴν
558 4836 894 4908 χειροτονίαν
941 4836 1044 4905 τῆς
1091 4835 1188 4888 τοῦ
1241 4835 1402 4906 ὅρους
1445 4835 1608 4888 αὑτὸν
1642 4835 1889 4906 κορυφῆς

292 4930 392 4982 καὶ
420 4929 520 4998 τῆς
542 4928 884 4999 ποθουμένης
905 4927 1116 4998 διαίτης
1147 4927 1567 4997 ἀποστερήσειν.
1587 4925 1751 4978 Ἀλλά
1768 4925 1892 4978 τότε

299 5021 401 5091 μὲν
435 5022 598 5074 αὐτὸν
640 5023 794 5093 μόλις
840 5022 983 5085 τινὲς
1028 5021 1136 5074 τῶν
1178 5022 1428 5092 συνήθων
1478 5019 1893 5089 ἀγανακτοῦντα

295 5111 672 5167 κατέπαυσαν.
690 5111 909 5184 Ἐπειδὴ
924 5113 991 5166 δέ-
1009 5115 1036 5166 ὁ
1064 5113 1161 5183 τῆς
1185 5111 1482 5183 ἑϐδομάδος
1512 5111 1889 5183 ωνεπεράνθη

298 5201 536 5268 κύκλος,
575 5205 669 5257 καὶ
700 5199 803 5276 ἧκε
870 5205 1033 5258 πάλιν
1081 5205 1182 5275 τῆς
1239 5205 1580 5274 Δεσποτικῆς
1627 5204 1825 5274 ἑορτῆς
1857 5205 1891 5275 ἡ

300 5291 508 5363 ἡμέρα.
524 5290 684 5356 αὖθις
711 5293 873 5346 αὑτὸν
890 5294 918 5345 ὁ
940 5295 1115 5364 μέγας
1136 5294 1436 5358 Φλαϐιανὸς
1475 5293 1889 5364 μετεπέμψατο,

299 5383 406 5455 τῆς
434 5385 797 5456 πανηγύρεως
847 5387 1176 5457 κοινωνῆσαι
1225 5386 1378 5454 σφίσι
1416 5385 1786 5456 παρακαλῶν.
1831 5384 1890 5438 Ὀ

301 5478 362 5531 δὲ
407 5477 542 5549 πρὸς
592 5480 719 5542 τοὺς
774 5479 1137 5549 ἀφικομένους
1168 5519 1182 5542 ,
1223 5497 1240 5530 ι
1291 5479 1406 5532 Ούκ
1457 5477 1673 5548 ἀπόχρη
1722 5479 1887 5547 ὑμῖν,

303 5570 433 5639 ἔφη,
473 5570 542 5622 τά
575 5570 672 5641 ἤδη
733 5571 1097 5641 γεγενημένα,
1125 5571 1262 5624 ἀλλά
1318 5570 1482 5624 πάλιν
1520 5587 1588 5641 με
1632 5567 1888 5640 βούλεσθε

305 5659 711 5731 προϐάλλεσθαι
745 5661 1114 5732 πρεσϐύτερον
1147 5679 1162 5729 ;
1205 5683 1221 5714 ι
1259 5663 1378 5716 Τῶν
1421 5663 1476 5716 δέ
1507 5661 1796 5732 λεγόντων,
1815 5662 1892 5723 ὡς

384 5849 410 5879 ι
444 5838 630 5894 Matth.
664 5855 816 5906 mn,
855 5841 906 5895 ὅ.

1992 4653 2314 4722 pontiﬁcem
2367 4653 2574 4724 ipsum,
2619 4657 2674 4706 et
2703 4651 2844 4704 alios
2885 4647 2979 4718 qui
3019 4645 3253 4700 aderant
3303 4643 3586 4696 insecutus

1993 4755 2099 4812 est,
2133 4745 2544 4802 ordinationem
2581 4743 2728 4798 hanc
2755 4752 2909 4796 ratus
2951 4737 3156 4793 montis
3181 4733 3450 4789 verticem
3483 4731 3588 4787 sibi

1993 4849 2354 4911 optatamque
2385 4835 2781 4891 habitationem
2814 4842 3150 4902 erepturam.
3186 4825 3433 4883 Sed‘tum
3463 4824 3589 4894 qui-

1996 4931 2120 4985 dem
2166 4929 2245 4984 sic
2283 4927 2659 4998 indignantem
2721 4938 2866 4994 a‘gre
2905 4919 3126 4976 tandem
3163 4917 3328 4972 amici
3364 4915 3584 4986 quidam

1999 5023 2356 5079 sedaverunt.
2399 5018 2629 5089 Expleto
2687 5024 2870 5072 autem
2929 5009 3289 5069 hebdomade
3337 5007 3582 5066 circulo.

1995 5129 2119 5169 cum
2155 5111 2413 5166 rediisset
2437 5109 2554 5164 dies
2588 5105 2934 5167 Dominicus,
2967 5103 3164 5158 iterum
3197 5103 3393 5152 evocat
3429 5094 3584 5149 illum

1996 5217 2232 5274 magnus
2277 5200 2598 5264 Flavianus,
2665 5205 2934 5268 rogatque
2989 5200 3048 5247 ut
3112 5186 3416 5245 celebritati
3457 5201 3584 5240 cum

1996 5292 2134 5362 ipsis
2163 5291 2405 5346 intersit.
2449 5289 2588 5343 Tum
2619 5287 2708 5342 ille
2735 5287 2801 5341 ad
2830 5300 2924 5340 eos
2956 5282 3049 5354 qui
3086 5288 3390 5336 venerant:
3441 5296 3459 5328 ι
3499 5277 3583 5329 An

1997 5384 2181 5449 vobis,
2216 5383 2314 5448 ait,
2355 5397 2464 5436 non
2496 5381 2785 5436 surliciunt
2818 5393 2939 5449 qua:
2967 5377 3080 5446 jam
3134 5381 3252 5428 acta
3287 5384 3437 5432 sunt,
3489 5370 3584 5425 sed

2010 5475 2213 5529 iterum
2247 5491 2336 5528 me
2389 5473 2772 5544 presbyterum
2835 5483 3027 5523 creare
3061 5463 3272 5520 vultis?
3305 5480 3324 5516 ι
3393 5461 3459 5516 Et
3503 5475 3595 5515 re-

2001 5565 2402 5636 spondentibus
2436 5563 2544 5620 illis
2591 5562 2706 5619 ﬁeri
2737 5575 2845 5617 non
2869 5574 3051 5632 posse,
3073 5555 3239 5612 utbis
3265 5553 3455 5610 eadem
3485 5550 3580 5604 [lat

2005 5672 2266 5714 manuum
2325 5656 2623 5728 impositio,
2676 5669 2788 5710 non
2824 5652 3120 5724 acquievit,
3157 5664 3258 5706 nec
3303 5645 3592 5718 profectus
