4030 6436
475 384 611 448 1ίθ3

1458 381 1949 444 THEODORETI
1978 366 2322 446 EPISCOPI
2347 383 2717 447 CYRENSIS

3617 367 3765 429 1404

469 504 580 559 est,
608 494 785 550 donec
812 493 967 549 illum
996 499 1218 563 tempus
1244 501 1300 548 et
1329 489 1631 550 familiares
1680 492 1789 549 hoc
1843 493 2051 564 saepius

2177 494 2218 547 ιύ
2241 494 2468 550 δυνατὸν
2494 495 2584 566 εἴη
2609 495 2694 560 δὶς
2727 494 2829 567 τήν
2857 494 3028 568 αὐτὴν
3046 494 3368 568 ἐπιτεθῆναι
3391 496 3753 568 χειροτονίαν,

470 587 834 643 edocuerunt.
869 585 1089 641 Scimus
1116 600 1252 640 sane
1290 583 1439 639 baud
1485 585 1815 642 laudandam
1867 587 2057 645 multis

469 680 653 733 visum
693 677 761 732 iri
800 677 940 731 hanc
971 675 1340 730 narrationem
1371 693 1386 731 :
1420 678 1652 747 apposui
1688 686 1902 744 tamen,
1937 694 2057 736 tne-

473 769 797 824 morabilem
820 766 1106 839 judicans,
1156 774 1218 822 ut
1253 767 1506 824 idoneam
1550 771 1619 825 ad
1675 770 1881 827 mentis
1934 771 2057 843 eius

475 862 891 933 simplicitatem
942 861 1253 934 animaeque
1302 863 1598 933 puritatem
1655 862 2053 922 demonstran-

475 953 622 1010 dam.
680 950 907 1010 Talibus
962 954 1113 1011 enim
1175 950 1448 1013 Dominus
1499 956 1765 1013 cmlorum
1821 974 2054 1032 regnum

473 1045 753 1116 promisit,
778 1045 1009 1103 dicens:
1046 1064 1066 1099 ι
1101 1047 1274 1103 Amen
1305 1047 1434 1105 dico
1459 1049 1642 1115 vobis,
1665 1049 1773 1106 nisi
1799 1048 2057 1108 conversi

476 1137 718 1204 fueritis.
748 1147 804 1195 et
831 1138 1147 1196 etliciamini
1177 1140 1325 1196 sicut
1367 1141 1608 1214 parvuli,
1638 1157 1753 1199 non
1778 1120 2076 1201 intrabitis'

475 1231 532 1285 in
595 1245 827 1300 regnum
893 1232 1164 1288 ctelorum
1191 1231 1241 1288 ιι.
1302 1250 1326 1285 ι
1370 1232 1645 1299 Quoniam
1706 1249 1838 1307 ergo
1883 1232 2057 1292 animi

478 1318 603 1390 ejus
661 1320 1043 1378 characterem
1110 1321 1304 1393 paucis
1354 1323 1738 1392 ostendimus,
1792 1323 2056 1383 ﬁduciam

477 1412 646 1468 etiam
673 1428 742 1468 ex
763 1412 970 1470 virtute
997 1420 1183 1469 natam
1218 1412 1602 1473 ostendamus.

551 1681 672 1738 Dux
705 1682 929 1754 quidam
960 1682 1228 1750 militum,
1252 1685 1350 1756 qui
1371 1661 1676 1742 venatione
1706 1685 1926 1759 1209
1963 1686 2059 1743 de-

480 1773 806 1844 lectabatur,
838 1775 893 1832 iu
941 1783 1180 1833 montem
1225 1785 1528 1835 venaturus
1575 1779 1926 1845 ascenderat,
1965 1794 2058 1836 se-

2159 586 2262 640 οὐκ
2291 581 2459 654 εἶξεν,
2496 587 2618 641 οὐδὲ
2651 586 2908 656 ἀφίκετο,
2933 586 3040 650 ἕως
3074 585 3245 641 αὑτὸν.
3267 588 3299 640 6
3338 587 3533 658 χρόνος
3572 587 3671 642 καὶ
3698 588 3754 641 οι

2161 680 2417 751 συνήθεις
2464 679 2626 735 τοῦτο
2663 678 2929 745 πολλάκις
2962 679 3231 746 ἐδίδαξαν.
3267 680 3502 753 οῖδαμεν
3546 678 3648 736 οὖν
3670 680 3753 745 ὡς

2157 772 2221 826 οὑ
2255 772 2476 836 πολλοῖς
2497 770 2658 828 τοῦτο
2679 772 3012 842 ἀξιιάγαστον
3048 769 3191 828 εῖναι
3216 773 3281 828 τὸ
3310 773 3558 847 διήγημα
3580 773 3747 840 δόξει·

2157 864 2383 919 τέθεικα
2413 864 2472 919 δὲ
2516 864 2670 932 αὐτὸ,
2694 865 3195 937 ἀξιομνημόνευτον
3216 860 3363 920 εἶναι
3391 865 3652 937 νομίζων,
3673 864 3755 929 ὡς

2161 955 2345 1010 ἱκανὸν
2363 955 2748 1029 τεκμηριῶσαι
2768 958 2866 1013 καὶ
2886 956 3130 1022 διανοίας
3150 957 3432 1029 ἁπλότητα
3456 957 3552 1012 καὶ
3569 955 3758 1028 ψυχῆς

2160 1046 2534 1119 καθαρότητα.
2569 1045 2696 1113 Τοῖς
2721 1046 2983 1112 τοιούτοις
3013 1047 3123 1121 γὰρ
3146 1048 3179 1102 ό
3213 1046 3495 1117 Δεσπότης
3514 1046 3615 1118 τήν
3639 1045 3761 1102 τῶν

2157 1138 2408 1212 οὐρανῶν
2450 1138 2719 1210 ὑπέσχετο
2772 1138 3056 1211 βασιλείαν
3084 1155 3105 1173 ι
3144 1158 3170 1193 ι
3220 1139 3393 1212 Ἀμήν
3443 1139 3577 1211 γὰρ,
3620 1137 3753 1210 εφη,

2158 1229 2305 1300 λέγω
2338 1229 2501 1300 ὑμῖν,
2550 1228 2647 1284 ἐὰν
2708 1230 2785 1301 μὴ
2834 1231 3116 1303 στραφῆτε
3161 1231 3259 1286 καὶ
3298 1230 3532 1303 γένησθε
3563 1230 3645 1295 ὡς
3682 1231 3759 1287 τὰ

2159 1319 2374 1386 παιδία,
2403 1320 2466 1374 οὒ
2501 1319 2578 1392 μὴ
2607 1320 2893 1393 εἰσέλθητε
2934 1322 3017 1386 είς
3051 1322 3161 1393 ,τὴν
3212 1321 3493 1394 βασιλείαν
3521 1320 3636 1377 τῶν
3662 1321 3757 1377 οὑ-

2160 1410 2361 1487 ρανῶν.
2391 1430 2411 1463 ι
2452 1411 2678 1484 Ἐπειδὴ
2719 1413 2900 1468 τοίνυν
2946 1413 3007 1468 έν
3049 1413 3335 1485 κεφαλαίῳ
3379 1412 3475 1468 καὶ
3508 1413 3603 1466 τὸν
3648 1413 3761 1483 τῆς

2159 1502 2340 1575 ψυχῆς
2371 1501 2657 1575 ἐδείξαμεν
2683 1504 3035 1577 χαρακτῆρα,
3078 1504 3218 1576 φέρε
3246 1505 3348 1560 καὶ
3377 1505 3480 1578 τὴν
3514 1504 3628 1561 ἀπὺ
3651 1505 3759 1577 τῆς

2156 1598 2364 1671 ἀρετῆς
2401 1595 2568 1651 αὐτοῦ
2600 1595 2867 1668 δείξωμεν
2902 1595 3241 1670 παρρησίαν.

2230 1687 2548 1760 Στρατηγός
2574 1704 2658 1752 τις
2690 1687 3041 1761 κυνηγεσίοις
3091 1688 3305 1761 χαίρων
3355 1687 3643 1763 θηρεύσων
3670 1689 3765 1756 είς

2161 1781 2224 1837 τὸ
2251 1781 2381 1853 ὅρος
2424 1780 2659 1853 ἀνῆλθεν
2679 1797 2693 1812 ·
2716 1780 2938 1836 εἵποντο
2986 1780 3045 1836 δὲ
3090 1781 3245 1854 αύτῷ
3282 1782 3380 1838 καὶ
3430 1781 3631 1849 κύνες,
3660 1783 3763 1838 καὶ

482 1867 906 1938 quebanturque
928 1883 1096 1924 canes
1118 1883 1183 1924 ac
1207 1868 1435 1933 milites,
1468 1876 1523 1925 et
1547 1877 1749 1926 caetera
1780 1871 2059 1927 venationi

2177 1840 2532 1945 repentinae.
2554 1872 2653 1927 καὶ
2696 1874 2800 1928 ὅσα
2818 1874 2906 1938 εἰς
2946 1872 3121 1945 θήραν
3152 1840 3304 1929 ἐστὶν
3326 1840 3636 1946 emendata,
3668 1875 3763 1939 Ὦς

482 1969 811 2031 opportuna.
850 1960 904 2016 ls
934 1974 1065 2017 vero
1098 1971 1159 2016 ut
1192 1963 1471 2021 hominem
1502 1964 1700 2034 procul
1751 1963 1911 2030 vidit,
1940 1974 1994 2021 et
2031 1978 2062 2019 a

482 2052 780 2108 comitibus
806 2052 932 2124 quis
959 2060 1109 2109 esset
1136 2053 1430 2120 intellexit,
1461 2070 1530 2111 ex
1557 2070 1706 2127 equo
1750 2071 1878 2113 mox
1913 2055 2066 2113 desi-

481 2142 623 2199 liens
645 2127 868 2215 propius
887 2146 1145 2212 accessit,
1168 2145 1581 2216 salutatumque
1607 2147 1736 2219 quid
1772 2148 1847 2203 ibi
1881 2164 2064 2205 rerum

484 2246 670 2307 ageret
702 2236 1084 2309 interrogavit.
1121 2241 1191 2293 At
1222 2239 1316 2297 ille
1370 2240 1614 2297 vicissim
1670 2240 2062 2312 interrogans:

489 2343 510 2377 ι
547 2324 629 2382 Tu
654 2342 807 2393 vero,
839 2328 1043 2399 inquit,
1100 2345 1268 2401 quem
1324 2329 1381 2385 in
1414 2332 1576 2386 finem
1611 2332 1719 2387 huc
1753 2332 2002 2389 venisti?
2036 2351 2062 2387 ι

482 2415 552 2471 Ει
583 2433 708 2473 cum
733 2419 802 2475 ad
829 2421 1143 2477 venandum
1177 2438 1239 2479 se
1265 2423 1483 2479 venisse
1503 2423 1621 2479 dux
1652 2424 2068 2495 respondisset:

488 2525 510 2560 ι
558 2508 672 2580 Ego
698 2526 852 2576 vero,
886 2512 963 2567 ait
992 2512 1108 2579 ille,
1135 2512 1308 2569 Deum
1342 2530 1526 2570 meum
1553 2530 1751 2581 venor,
1787 2522 1842 2570 et
1871 2531 2068 2588 capere

484 2604 648 2673 cupio
679 2619 695 2670 ;
725 2606 745 2625 ⁴
773 2605 958 2662 videre
994 2605 1150 2661 illum
1183 2607 1462 2675 desidero,
1513 2623 1694 2678 neque
1720 2625 1964 2681 unquam
1999 2610 2072 2667 ab

488 2693 593 2749 bac
616 2696 850 2766 pulchra
882 2698 1177 2755 venatione
1199 2700 1546 2756 abstinebo.»
1574 2699 1671 2758 His
1701 2700 1926 2769 auditis,
1957 2701 2070 2758 dux

487 2800 613 2841 cum
643 2784 1030 2853 admiratione,
1062 2797 1122 2844 ut
1156 2806 1257 2861 par
1293 2803 1432 2856 erat,
1467 2788 1747 2849 discessit.
1779 2793 1901 2850 Alio
1929 2801 2072 2849 tem-

487 2897 646 2953 pore,
676 2896 801 2936 eum
830 2884 1026 2940 civitas
1057 2900 1087 2939 a
1125 2885 1268 2942 malo
1298 2885 1535 2956 quodam
1580 2887 1831 2944 daemone
1868 2889 2072 2960 agitata

486 2973 544 3028 in
573 2972 754 3043 regias
807 2981 1025 3032 statuas
1083 2975 1331 3032 furorem
1380 2978 1741 3046 exseruisset,
1801 2990 2073 3037 venerunt

486 3065 929 3136 praestantissimi
962 3065 1199 3121 militum
1229 3068 1504 3138 magistri,
1538 3069 1721 3125 ultimi
1752 3071 1908 3126 exitii
1939 3087 2073 3127 sen-

486 3157 721 3211 tentiam
756 3156 974 3214 civibus
1002 3157 1316 3215 afferentes.
1351 3158 1453 3215 llic
1478 3176 1613 3216 vero
1634 3161 1709 3218 de
1745 3171 1933 3218 monte
1971 3164 2069 3219 de-

488 3248 782 3315 scendens,
818 3251 1017 3306 ambos
1053 3253 1347 3323 magistros
1371 3269 1469 3325 per
1516 3253 1700 3309 forum
1749 3266 1944 3313 euntes
1990 3258 2072 3311 in-

490 3340 688 3395 hibuit.
716 3339 841 3407 Qui,
874 3342 1096 3412 cognito
1118 3342 1244 3412 quis
1272 3352 1448 3410 esset,
1476 3344 1549 3400 de
1576 3350 1594 3366 '
1634 3346 1795 3416 equis
1823 3361 1950 3401 mox
1983 3346 2078 3402 de-

491 3431 706 3497 siliunt,
741 3447 1050 3505 manusque
1077 3441 1133 3489 et
1176 3450 1352 3507 genua
1407 3436 1836 3508 prehendentes,
1854 3434 2083 3491 salutem

493 3522 845 3595 impertiunt.
889 3524 1011 3596 Ipse
1041 3540 1171 3582 vero
1199 3528 1523 3596 imperatori
1579 3530 1902 3584 renuntiare
1946 3530 2076 3586 illos

491 3613 667 3687 jubet,
731 3615 1008 3672 hominem
1061 3618 1244 3689 ipsum
1299 3634 1445 3686 esse,
1518 3626 1831 3690 naturaque
1885 3620 2078 3676 eadem

492 3707 810 3779 prmditum,
848 3723 957 3780 qua
981 3709 1074 3779 qui
1107 3711 1501 3766 contumeliam
1532 3709 1799 3767 fecerant.
1828 3711 1896 3766 Et
1953 3727 2077 3768 cum

495 3798 632 3851 iram
673 3804 872 3852 natura
923 3800 1106 3855 metiri
1141 3800 1458 3866 conveniat,
1526 3800 1887 3858 immoderata
1927 3802 2079 3857 illum

495 3891 577 3947 ira
600 3891 826 3947 ductum
860 3906 1004 3959 esse,
1033 3892 1130 3964 qui
1165 3906 1393 3948 suarum
1442 3891 1742 3964 imaginum
1784 3908 1955 3951 causa
1996 3893 2083 3949 di-

497 3983 650 4038 vinas
677 3982 943 4054 imagines
969 3983 1061 4038 det
1084 3982 1276 4047 exitio,
1311 3989 1369 4037 et
1396 3998 1496 4053 pro
1524 3984 1686 4040 aereis
1710 3985 1917 4041 statuis
1949 3999 2081 4039 cor-

498 4091 631 4145 pora
652 4074 817 4131 morti
844 4073 1047 4131 tradat.
1079 4094 1098 4127 ι
1131 4068 1198 4128 Ει
1221 4075 1381 4131 nobis
1406 4075 1654 4146 quidem,
1682 4077 1886 4141 aiebat,
1910 4091 2083 4132 aereas

501 4168 771 4239 refingere
812 4178 868 4224 et
902 4166 1211 4224 reformare
1243 4166 1407 4225 facile
1446 4183 1512 4224 ac
1540 4169 1785 4240 proclive
1816 4178 1938 4225 est:
1987 4185 2084 4225 ex-

502 4261 706 4316 stincta
739 4277 871 4317 vero
899 4275 1129 4332 corpora
1162 4261 1231 4317 ad
1256 4261 1421 4316 vitam
1452 4276 1737 4327 revocare,
1766 4261 1823 4315 in
1852 4266 1971 4326 tua,
2008 4260 2086 4316 sis

503 4353 629 4408 licet
665 4353 987 4422 imperator,
1042 4361 1325 4424 potestate
1366 4369 1480 4409 non
1529 4360 1638 4408 est.
1671 4351 1739 4405 Et
1777 4349 1909 4423 quid
1954 4351 2088 4407 dico

502 4443 780 4515 corpora?
822 4460 946 4500 nam
980 4461 1049 4502 ne
1103 4447 1274 4516 pilum
1314 4445 1537 4516 quidem
1576 4444 1797 4514 1210
1828 4442 2088 4517 efﬁngere

2166 1962 2225 2018 δὲ
2252 1962 2537 2036 πόρρωθεν
2584 1957 2696 2017 εἶδε
2739 1961 2832 2016 τὸν
2884 1961 3089 2034 ἄνδρα,
3118 1962 3213 2019 καὶ
3242 1962 3395 2034 παρά
3426 1963 3538 2018 τῶν
3564 1963 3761 2019 συνόν-

2165 2073 2274 2112 των
2325 2055 2529 2126 ἔμαθεν
2562 2055 2713 2118 ὅστις
2746 2055 2860 2127 εἴη,
2899 2054 3064 2121 εὐθὺς
3104 2055 3216 2109 ἀπὸ
3261 2055 3357 2109 τοῦ
3388 2056 3557 2110 ἰππου
3589 2071 3761 2109 κατα-

2166 2148 2436 2221 πηδήσας,
2465 2144 2741 2219 προσῆλθέ
2772 2162 2833 2199 τε
2879 2145 2978 2200 καὶ
3015 2147 3285 2215 προσεῖπε
3308 2186 3324 2212 ,
3359 2146 3455 2201 καὶ
3506 2147 3673 2219 ἦρετο
3703 2143 3760 2200 τί

2169 2241 2338 2297 ποιῶν
2386 2239 2622 2295 ἐνταῦθα
2663 2238 2864 2309 διάγει.
2903 2238 2962 2292 Ὀ
3012 2239 3073 2293 δὲ
3114 2239 3420 2311 ἀντήρειδον
3463 2256 3482 2291 ι
3521 2240 3595 2293 Σὺ
3621 2238 3684 2292 δὲ
3707 2238 3762 2292 τί

2168 2333 2412 2405 ποιήσων
2475 2329 2715 2384 ἐνταῦθα
2768 2327 3107 2400 ἀνελήλυθας
3144 2347 3159 2398 ;
3209 2328 3510 2401 Είρηκὸτος
3556 2328 3620 2383 δὲ
3666 2327 3767 2382 τοῦ

2171 2421 2480 2496 στρατηγοῦ
2509 2425 2593 2479 ὅτι
2621 2422 2888 2497 θηρεῦσαι
2909 2440 2923 2454 ο
2952 2443 2972 2477 ι
3014 2422 3208 2493 Κάγὼ,
3237 2422 3363 2493 ἔφη,
3393 2423 3486 2478 τὸν
3507 2423 3641 2494 ἐμὸν
3666 2421 3763 2493 θη-

2169 2515 2316 2590 ρεύω
2344 2515 2500 2581 Θεὸν,
2531 2516 2628 2571 καὶ
2664 2514 2851 2569 λαϐεῖν
2878 2516 3130 2586 ἐφίεμαι,
3157 2515 3255 2569 καὶ
3285 2514 3564 2587 θεωρῆσαι
3588 2513 3765 2579 ποθῶ,

2171 2606 2392 2679 καὶτῆς
2419 2606 2595 2676 καλῆς
2628 2604 2838 2678 ταύτης
2874 2607 2978 2660 οὐκ
3029 2605 3307 2677 ἀφέξομαι
3336 2606 3533 2677 θήρας.
3568 2623 3589 2657 ο
3626 2605 3766 2659 Τού⁸

2170 2716 2280 2754 των
2317 2697 2559 2761 ἀκούσας
2586 2699 2613 2751 ὁ
2644 2697 2975 2768 στρατηγὸς,
3010 2696 3106 2751 καὶ
3146 2696 3459 2766 θαυμάσας,
3484 2697 3565 2760 ὡς
3593 2696 3762 2761 εἰκὸς,

2172 2789 2533 2861 ἀπελήλυθεν.
2582 2787 2807 2842 ’Δλλοτε
2856 2787 2912 2841 δὲ
2937 2827 2955 2855 ,
2985 2788 3084 2859 τῆς
3133 2788 3340 2852 πόλεως
3378 2789 3423 2820 ⁸⁸
3468 2788 3575 2842 ὑπό
3621 2805 3769 2852 τινος

2174 2880 2414 2953 πονηροῦ
2445 2880 2699 2952 δαίμονος
2751 2879 3168 2950 βακχευθείσης,
3197 2880 3294 2933 καὶ
3332 2882 3398 2950 τῇ
3424 2878 3597 2950 μανίᾳ
3624 2879 3769 2933 κατά

2172 2973 2283 3027 τῶν
2302 2970 2605 3043 βασιλικῶν
2632 2971 2992 3042 χρησαμένης
3029 2969 3265 3041 στηλῶν,
3296 2970 3561 3040 ἀφίκοντο
3586 2972 3686 3040 μὲν
3715 2972 3767 3025 οί

2174 3067 2387 3137 ἄριστοι
2410 3065 2520 3118 τῶν
2566 3063 2889 3135 στρατηγῶν
2913 3103 2929 3126 ,
2970 3062 3348 3134 πανωλεθρίας
3382 3062 3562 3134 ψῆφον
3621 3062 3767 3117 κατά

2174 3156 2278 3228 τῆς
2318 3156 2526 3220 πόλεως
2579 3154 2862 3226 φέροντες.
2909 3153 3173 3219 Καταϐἀς
3203 3153 3262 3207 δὲ
3300 3146 3458 3218 οὗτος
3508 3153 3622 3209 ἀπὸ
3672 3152 3769 3206 τοῦ

2177 3249 2359 3321 ὅρους,
2393 3248 2561 3319 ἄμφω
2605 3246 2841 3317 κατέσχε
2898 3244 3044 3300 κατὰ
3088 3245 3187 3315 τὴν
3221 3244 3433 3317 ἀγορὰν
3468 3243 3776 3316 παριόντας

2178 3338 2306 3403 τοὺς
2338 3336 2705 3411 στρατηγούς.
2752 3336 2817 3388 Οί
2855 3334 2913 3389 δὲ
2936 3335 3019 3398 τίς
3063 3335 3147 3406 εῐη
3196 3332 3613 3405 μεμαθηκότες,
3638 3350 3774 3387 κατ-

2180 3430 2458 3501 επήδησάν
2501 3446 2560 3483 τε
2588 3429 2702 3484 ἀπὸ
2737 3425 2844 3482 τῶν
2875 3427 3082 3491 ἵππων,
3122 3426 3219 3479 καὶ
3260 3425 3461 3497 χειρῶν
3510 3426 3774 3495 ἥπτοντο,

2180 3525 2275 3580 καὶ
2306 3523 2576 3593 γονάτων,
2596 3521 2689 3576 καὶ
2724 3520 3002 3593 σωτηρίαν
3032 3518 3394 3591 ἐπήγγελλον.
3437 3517 3495 3572 '0
3520 3517 3577 3571 δὲ
3605 3517 3774 3587 φάναι

2177 3616 2258 3687 τῷ
2296 3615 2509 3687 βασιλεῖ
2552 3612 2890 3686 παρηγγύα,
2928 3613 3013 3666 ὅτι
3057 3611 3346 3684 ἅνθρωπος
3386 3610 3504 3681 είη,
3541 3609 3637 3663 καί¹
3672 3608 3773 3679 τὴν

2182 3710 2352 3781 αὐτὴν
2381 3708 2495 3780 ἔχει
2526 3708 2689 3779 φύσιν
2720 3708 2832 3770 τοῖς
2861 3705 3133 3778 ὑϐρικόσι,
3155 3704 3250 3759 καὶ
3278 3705 3343 3774 τῇ
3367 3702 3532 3772 φύσει
3556 3703 3766 3772 μετρεῖν

2182 3803 2282 3876 τὴν
2322 3802 2492 3872 ὀργὴν
2536 3800 2655 3855 δέον
2679 3838 2694 3866 ,
2735 3799 2963 3869 ἀμέτρῳ
3001 3796 3273 3869 κέχρηται
3322 3793 3403 3865 τῷ
3446 3792 3640 3865 θυμῷ,
3676 3790 3768 3845 καὶ

2181 3891 2294 3947 τῶν
2319 3893 2543 3946 εἰκόνων
2590 3890 2775 3944 εἵνεκα
2807 3888 2917 3943 τῶν
2950 3887 3168 3942 οἰκείων
3198 3884 3299 3949 τὰς
3355 3884 3505 3948 θείας
3556 3882 3770 3946 εἰκόνας

2184 3986 2368 4055 σφαγῇ
2402 3981 2762 4054 παραδίδωσι,
2798 3981 2895 4035 καὶ
2944 3980 3065 4033 ἀντὶ
3120 3977 3340 4050 χαλκῶν
3390 3976 3626 4049 στηλῶν,
3669 3974 3779 4028 σὼ-

2184 4094 2336 4149 ματα
2371 4074 2733 4144 παραπέμπει
2755 4073 2993 4145 θανάτῳ.
3025 4091 3046 4125 t
3080 4071 3193 4126 Καὶ
3214 4072 3346 4143 ἡμῖν
3381 4070 3501 4142 μὲν,
3527 4069 3656 4140 ἔφη,
3678 4067 3782 4131 τὰς

2187 4169 2396 4240 χαλκᾶς
2430 4166 2744 4223 ἀναπλάσαι
2795 4166 2890 4219 καὶ
2917 4162 3318 4236 ἀναμορφῶσαι
3358 4162 3540 4234 ῥᾴδιόν
3576 4178 3641 4215 τε
3686 4160 3783 4215 καὶ

2189 4260 2417 4324 εὐπετές
2441 4276 2457 4291 °
2483 4260 2567 4313 σοὶ
2592 4259 2650 4313 δὲ
2689 4259 2784 4312 καὶ
2816 4256 3027 4328 βασιλεῖ
3059 4257 3173 4310 ὄντι
3218 4253 3480 4309 ἀδύνατον
3511 4253 3581 4306 τὰ
3606 4268 3784 4307 κατα-

2194 4353 2472 4424 σφαγέντα
2528 4350 2758 4420 σώματα
2805 4349 3178 4419 ἐπαναγαγεῖν
3233 4347 3315 4410 είς
3371 4346 3538 4417 ζωήν.
3570 4344 3684 4399 Καὶ
3730 4343 3786 4397 τί

2199 4446 2343 4514 λέγω
2392 4443 2667 4516 σώματα;
2708 4440 2849 4496 Οὔτε
2873 4442 2983 4514 γὰρ
3026 4439 3189 4512 τρίχα
3249 4438 3379 4511 μίαν
3437 4455 3518 4492 σοι
3551 4436 3788 4492 δυνατὸν

507 4544 682 4606 potes.
731 4555 749 4588 ι
784 4535 911 4594 Haec
940 4538 1032 4594 ille
1071 4538 1304 4611 Syriaca
1336 4538 1523 4607 lingua
1562 4535 1926 4606 proferebat:
1963 4553 2074 4607 qua

2197 4534 2529 4591 ἀναπλάσαι.
2579 4554 2598 4586 ι
2655 4533 2844 4589 Ταῦτα
2890 4535 2957 4604 τῇ
3018 4531 3178 4603 Σύρῳ
3242 4529 3579 4601 κεχρημένος
3626 4526 3787 4596 ἔλεγε

506 4629 582 4684 illi
604 4644 703 4700 per
733 4629 1090 4701 interpretem
1116 4627 1304 4686 Graece
1328 4628 1545 4685 reddita
1576 4628 1864 4685 audientes
1895 4630 2089 4685 obstu-

505 4730 764 4789 puerunt,
796 4729 849 4776 et
883 4722 1204 4792 imperatori
1240 4736 1299 4775 se
1343 4722 1762 4777 renuntiaturos
1800 4720 2084 4793 significa-

507 4817 662 4866 runt.
702 4809 814 4881 Ego
853 4825 1012 4874 vero,
1045 4811 1179 4880 quin
1213 4809 1387 4866 divini
1421 4806 1664 4881 Spiritus
1693 4813 1884 4883 gratia:
1923 4814 2092 4870 verba

508 4904 627 4961 hac
683 4902 912 4969 fuerint,
967 4902 1244 4958 neminem
1298 4903 1543 4959 arbitror
1592 4903 1795 4960 iturum
1849 4903 2083 4961 inficias.

506 4995 728 5067 Alioqui
767 5011 882 5067 quo
932 5004 1096 5066 pacto
1135 4995 1251 5051 haec
1301 4995 1524 5052 locutus
1580 5003 1730 5053 esset
1795 4996 1880 5050 vir
1907 4998 2094 5053 omnis

508 5090 838 5146 eruditionis
884 5103 1104 5157 expers,
1133 5088 1189 5144 in
1229 5089 1379 5161 agris
1416 5088 1710 5155 educatus,
1742 5096 1800 5145 et
1848 5089 1902 5143 in
1934 5105 2095 5144 mon-

510 5183 648 5239 tium
672 5181 1055 5239 cacuminibus
1072 5181 1239 5237 vitam
1259 5197 1447 5254 agens,
1469 5196 1740 5237 summam
1763 5180 2093 5251 simplicita-

511 5280 623 5330 tem
653 5275 840 5332 animo
869 5274 1293 5343 circumferens,
1319 5283 1374 5332 et
1403 5275 1461 5330 in
1488 5274 1696 5332 divinis
1728 5273 1958 5329 Litteris
1990 5271 2095 5326 mi-

517 5365 667 5421 nime
698 5366 992 5422 versatus?
1018 5365 1204 5434 Quare
1228 5382 1356 5422 cum
1389 5365 1697 5437 spiritalem
1719 5364 1840 5436 ejus
1869 5364 2095 5434 sapien-

519 5456 653 5513 tiam
678 5459 1104 5526 ostenderimus.
1132 5467 1188 5517 et
1225 5467 1623 5531 congruentem
1649 5458 1803 5530 justo
1838 5456 2091 5512 fiduciam

590 5574 623 5616 ι
647 5572 848 5631 Matth.
876 5592 1037 5645 svnt,
1066 5580 1122 5636 5.

2193 4628 2409 4700 γλώττῃ
2432 4643 2445 4657 ·
2478 4627 2530 4681 οί
2551 4626 2609 4681 δὲ
2639 4626 2734 4680 τοῦ
2759 4624 3044 4698 ἑρμηνέως
3068 4625 3148 4688 είς
3183 4622 3280 4694 τὴν
3325 4620 3555 4675 Ἐλλάδα
3594 4619 3785 4690 φωνὴν

2198 4721 2618 4796 μεταφέροντος,
2644 4717 2915 4790 ἐπήκουον
2964 4734 3023 4770 τε
3073 4715 3167 4770 καὶ
3197 4713 3473 4787 ἔφριττον.
3519 4711 3614 4765 καὶ
3664 4709 3784 4764 δια-

2196 4813 2531 4887 πορθμεύειν
2555 4810 2702 4865 αὺτά
2741 4807 3141 4880 ἐπηγγέλλοντο
3175 4805 3253 4876 τῷ
3296 4805 3527 4877 βασιλεῖ.
3564 4802 3708 4872 Ἐγὼ
3729 4802 3786 4856 δὲ

2195 4906 2405 4979 νομίζω
2453 4905 2664 4967 πάντας
2696 4901 2763 4956 ἂν
2797 4900 3131 4972 ὁμολογῆσαι
3162 4898 3263 4969 τῆς
3294 4897 3388 4951 τοῦ
3431 4895 3575 4951 θείου
3610 4893 3785 4949 Ilvati-

2202 5015 2370 5070 ματος
2413 4992 2554 5050 εῖναι
2585 4993 2761 5048 ταῦτα
2786 4991 2858 5046 τά
2900 4992 3122 5063 ῥήματα
3154 4988 3398 5061 χάριτος.
3437 4985 3562 5051 Πῶς
3581 4987 3692 5058 γὰρ
3720 4986 3784 5040 ἂν

2199 5092 2377 5155 ἄλλως
2414 5086 2592 5144 ταῦτα
2642 5084 2946 5157 ἐφθέγξατο
2974 5081 3113 5155 ἀνὴρ
3158 5080 3407 5145 παιδείας
3437 5079 3537 5152 μὲν
3566 5078 3789 5149 ἀπάσης

2199 5182 2465 5255 ἀμύητος,
2511 5181 2568 5235 ὲν
2613 5177 2872 5251 ἀγροικίᾳ
2897 5175 2957 5229 δὲ
2987 5174 3398 5247 τεθραμμένος,
3428 5174 3551 5237 ταῖς
3593 5171 3653 5225 δὲ
3678 5171 3791 5225 τῶν

2199 5275 2342 5346 ὁρῶν
2371 5270 2792 5344 ἐνδιαιτώμενος
2843 5270 3130 5341 κορυφαῖς,
3170 5267 3454 5338 ἀπλὸτητα
3495 5264 3554 5318 δὲ
3602 5266 3792 5319 πᾶσαν

2199 5368 2258 5420 ὲν
2278 5365 2345 5437 τῇ
2381 5366 2527 5436 ψυχῇ
2583 5362 2921 5437 περιφέρων,
2955 5361 3049 5414 καὶ
3081 5359 3202 5413 οὐδὲ
3247 5360 3362 5422 τοῖς
3388 5356 3555 5420 θείοις
3583 5355 3793 5424 λογίοις

2203 5433 2550 5529 ἐσχολακῶςς
2574 5433 2878 5525 Τοιγαροῦν
2912 5450 3008 5506 καὶ
3035 5451 3133 5523 τὴν
3182 5448 3561 5521 πνευματικὴν
3592 5447 3790 5517 σοφίαν

1799 5666 2036 5729 VARLE
2064 5664 2474 5727 LECTIONES.

594 5762 1125 5836 V-AIttldAJoannem
1161 5766 1564 5825 Damascenum
1593 5773 1734 5836 orat.
1766 5764 1824 5830 3,
1867 5762 1946 5836 De
1966 5759 2327 5836 imaginibus,
2348 5767 2387 5815 t.
2411 5756 2452 5821 l,
2485 5755 2558 5814 Le
2574 5734 2821 5836 Quienii,
2856 5769 2910 5826 p.
2935 5752 3042 5836 389
3074 5752 3187 5836 hate
3227 5751 3300 5805 ita
3342 5750 3630 5836 leguntur
3685 5747 3786 5821 τῆς

519 5818 874 5893 πόλεως’ἀπόή
900 5818 1127 5902 τζιδξξξ
1163 5818 1724 5909 ἑ’“βᾶἧίῖζ’ὗξ“δῆθέν
1750 5818 2161 5905 ἀποδιῶξαι,’τῇ
2198 5818 2367 5903 μανίᾳ
2398 5818 2452 5882 κζ
2486 5845 2534 5881 τ.
2571 5818 2626 5898 βῖ
2656 5818 2819 5900 χρησ.
2858 5818 3249 5898 ’στηάνοήτωῆ
3276 5838 3334 5877 κ.
3362 5818 3417 5877 τξ
3440 5818 3515 5886 ἐξ.

906 6112 985 6123 ειη..
