4030 6406
391 357 536 425 Ηθᾰ.

1533 450 1543 457 ,
1605 375 2018 441 summa
2050 376 2445 453 HISTORIA,

3510 391 3648 461 Ῑιίῦϐ

384 466 670 573 δηλώσας,
702 468 826 573 ικαξ
868 470 969 573 την
1014 472 1210 547 δικαίῳ
1271 456 1611 550 πρέπουσαν
1651 485 1934 558 παρρησία

2031 530 2039 549 .
2067 488 2270 559 (justus
2299 494 2447 551 enim
2486 495 2718 553 conﬁdit
2743 505 2804 555 ut
2831 494 2965 569 leo),
2995 496 3067 555 ad
3097 498 3363 556 miracula
3405 456 3641 573 gradum

388 556 622 628 (δίκαιος
652 560 762 637 γὰρ
784 562 860 627 ὡς
879 560 1019 619 λέων
1045 565 1324 638 πέποιθεν)
1348 586 1362 601 ⁸
1383 570 1477 625 ἐπὶ
1496 573 1566 627 τὰ
1585 556 1841 646 θαύματα
1869 594 1965 649 με·

381 649 715 723 ταϐήσομαι.

452 736 592 829 Γυνή
619 758 706 806 τις
729 742 837 797 τῶν
859 744 1112 818 εὐπόρων
1126 748 1292 817 τινὸς,
1314 749 1650 825 ἀδδηφαγίας
1666 755 1960 829 περιέπεσε

383 826 577 883 πάθει·
603 831 699 885 και
733 833 782 886 οί
812 833 913 902 μὲν
951 834 1207 907 δαίμονος
1246 839 1477 899 ἐκάλουν
1521 843 1585 898 τὸ
1609 826 1781 911 need;
1810 847 1961 919 ινέρ.

378 935 439 988 γε
447 922 602 987 ιαν,οί
620 921 677 976 δὲ
696 921 943 995 σώματος
958 927 1268 1001 ἀρρωστίαν
1286 931 1554 1004 ἐνόμιζον.
1571 934 1697 991 Είτε
1708 937 1764 995 δὲ
1777 937 1958 1007 τοῦτο,

376 1011 490 1069 εἴτε
536 1012 714 1068 έκεῖνο
738 1009 808 1085 ἦν
828 1057 843 1083 ,
877 1018 1080 1073 τοιόνδε
1119 1014 1187 1092 ἦν
1210 1035 1224 1050 ο
1254 1023 1548 1095 τριάκοντα
1579 1027 1751 1095 αὐτὴν
1773 1029 1960 1101 ἔλεγον

372 1101 475 1171 τῆς
488 1104 703 1176 ἡμέρας
723 1107 899 1180 δρνεις
913 1109 1222 1180 ἐσθίουσαν,
1237 1114 1314 1187 μὴ
1327 1116 1607 1174 σϐεννύναι
1625 1118 1724 1192 τὴν
1746 1120 1961 1192 ἔφεσιν,

371 1195 489 1251 ἀλλ’
515 1197 596 1252 ἔτι
646 1199 852 1272 ἑτέρων
880 1204 1194 1276 ὀρέγεσθαι.
1243 1208 1400 1263 Οὕτω
1450 1212 1629 1268 τοίνυν
1671 1214 1752 1277 είς
1782 1215 1955 1287 αὐτὴν

373 1289 473 1379 τῆς
513 1288 704 1356 οὐσίας
760 1292 1194 1371 δαπανωμένης,
1244 1302 1616 1374 οἰκτείραντες
1668 1307 1721 1361 oi
1776 1324 1949 1379 προσ-

369 1378 630 1469 ήκοντες,
657 1380 750 1455 τὸν
786 1383 928 1441 θετον
981 1387 1192 1444 δκείνον
1244 1392 1487 1449 ίκέτευον
1536 1378 1847 1469 ἄνθρωπον.
1894 1399 1952 1455 ’0

372 1467 434 1561 δὲ
452 1468 682 1561 ἀφίκετο
705 1472 804 1543 μιν
828 1476 923 1532 καὶ
944 1477 1309 1550 προσηύξατο,
1341 1484 1438 1539 καὶ
1456 1482 1613 1540 ὕδατι
1636 1467 1737 1561 τῂν
1767 1486 1951 1557 δεξιὰν

360 1559 598 1628 ἐπιθεὶς,
626 1563 724 1621 καὶ
770 1564 870 1636 τὴν
896 1568 1165 1640 σωτήριον
1194 1572 1513 1639 ἑντυπώσας
1539 1559 1831 1650 σφραγῖδα,
1852 1579 1950 1637 καὶ

366 1650 515 1740 πιεῖν
541 1651 828 1720 κελεύσας,
865 1654 927 1709 τδ
960 1657 1134 1724 πάθος
1173 1660 1391 1719 ίάσατοο
1425 1665 1521 1723 καὶ
1550 1663 1697 1721 οὕτω
1739 1668 1948 1740 σφόδρα

363 1738 605 1812 ἤμϐλυνε
628 1743 727 1815 τὴν
743 1745 844 1816 τῆς
861 1743 1095 1819 ὀρέξεως
1120 1750 1412 1825 ἀμετρίαν,
1437 1754 1514 1820 ὡς
1530 1756 1613 1821 είς
1638 1757 1732 1814 τὸν
1752 1738 1951 1820 ἔπειτα

2064 579 2291 641 faciam.

2132 761 2287 821 Uxor
2317 763 2506 823 divitis
2530 764 2826 837 cujusdam
2854 766 3146 824 edacitatis
3176 767 3373 825 morbo
3419 769 3640 825 labora-

2060 853 2279 913 bat:et
2305 858 2557 914 morbum
2591 860 2740 915 hunc
2783 858 3011 931 quidam
3067 857 3339 917 damonis
3393 876 3638 932 operam,

2056 945 2154 1002 alii
2186 948 2444 1019 corporis
2477 947 2854 1006 inﬁrmitatem
2901 949 3338 1007 arbitrabantur.
3374 949 3503 1007 Sive
3530 950 3640 1007 hoc

2053 1044 2264 1104 autem,
2315 1039 2435 1097 sive
2464 1039 2602 1095 illud
2636 1041 2765 1108 fuit,
2813 1041 3089 1112 ejusmodi
3118 1050 3271 1110 erat,
3297 1050 3358 1099 ut
3406 1044 3638 1115 triginta

2052 1128 2292 1200 singulis
2347 1130 2546 1188 diebus
2596 1132 2838 1205 gallinas
2893 1149 3022 1190 cum
3052 1133 3260 1197 ederet,
3310 1134 3635 1191 aviditatem

2051 1236 2166 1277 non
2187 1222 2457 1294 expleret,
2483 1223 2582 1283 sed
2612 1224 2757 1281 alias
2812 1238 2980 1297 porro
3028 1233 3336 1297 appeteret,
3370 1225 3511 1282 Cum
3552 1227 3635 1283 sic

2051 1327 2191 1383 opes
2214 1329 2348 1371 suas
2384 1323 2763 1381 consumeret,
2803 1316 3019 1375 miserti
3048 1317 3171 1387 ejus
3201 1317 3495 1389 propinqui
3545 1318 3634 1373 di-

2050 1405 2168 1462 vini
2218 1405 2374 1463 illius
2432 1407 2676 1467 hominis
2726 1422 2887 1479 opem
2947 1408 3272 1480 implorant.
3323 1407 3488 1466 Venit
3517 1409 3629 1477 ille,

2050 1495 2337 1572 Deumque
2368 1505 2657 1570 precatus,
2693 1505 2751 1555 et
2800 1499 3087 1557 dexteram
3116 1515 3274 1572 aqua:
3309 1500 3629 1572 imponens,

2049 1604 2116 1645 ac
2142 1589 2365 1661 signum
2393 1592 2583 1649 crucis
2623 1590 2915 1664 elingens,
2954 1592 3143 1649 bibere
3166 1592 3357 1663 jussit,
3401 1601 3457 1648 et
3485 1608 3633 1649 mor-

2047 1679 2179 1737 bum
2210 1683 2457 1748 sanavit,
2481 1692 2647 1755 atque
2678 1684 3104 1741 immoderatam
3138 1685 3509 1756 sppetcntiam
3550 1686 3630 1742 ita

2046 1775 2337 1844 repressit,
2367 1783 2430 1830 ut
2481 1773 2561 1829 illi
2603 1774 2874 1846 deinceps
2902 1774 2969 1832 ad
3003 1774 3215 1830 vietum
3279 1773 3337 1830 in
3379 1774 3629 1846 singulos

362 1831 556 1938 χρόνον
574 1832 826 1938 βραχύ-τι
855 1838 1046 1938 μόριον
1072 1841 1287 1915 δρνιθος
1308 1844 1431 1901 καθ’
1463 1846 1704 1920 ἑκάστην
1723 1848 1935 1923 ἡμέραν

2040 1831 2165 1923 dies
2203 1831 2404 1938 exigua
2464 1866 2688 1936 gallina;
2744 1831 3018 1936 particula
3070 1863 3370 1921 sutiiceret.
3437 1831 3505 1918 Εἶ
3536 1863 3628 1919 hic

362 1922 463 1995 τὴν
481 1924 584 1994 τῆς
604 1931 814 2000 τροφῆς
845 1930 981 2004 αὐτῇ
1002 1933 1194 2004 χρείαν
1225 1935 1486 2008 πληροῦν.
1524 1939 1695 1995 Τοῦτο
1742 1922 1849 2012 μὲν
1881 1943 1945 1997 τὸ

364 2014 539 2105 πάθος
580 2018 838 2092 τοιαύτην
883 2023 1180 2097 θεραπείαν
1211 2028 1447 2093 ἐδέξατο.
1477 2031 1661 2105 Κόρης
1699 2032 1755 2087 δέ
1797 2050 1948 2100 τινας

361 2103 443 2163 ἔτι
469 2105 939 2185 θαλαμευομένης,
959 2115 1054 2174 καὶ
1079 2118 1318 2189 πονηροῦ
1345 2103 1598 2192 δαίμονος
1613 2121 1943 2188 ἐξαπιναίως

359 2194 662 2271 δεξαμένης
687 2201 990 2274 ἐνέργειαν,
1004 2205 1244 2278 ἔδραμεν
1264 2208 1292 2261 ό
1320 2209 1513 2283 πατὴρ.
1528 2212 1665 2283 πρὸς
1685 2211 1777 2267 τὸν
1798 2213 1942 2268 θεῖον

359 2287 664 2361 ἄνθρωπον,
692 2293 986 2350 ἀντιϐολῶν
1032 2298 1128 2352 καὶ
1175 2299 1570 2370 ποτνιώμενος.
1612 2302 1709 2358 καὶ
1753 2306 1943 2375 τυχεῖν

357 2378 556 2445 ἰάσεως
582 2385 917 2456 παρακαλῶν
943 2386 1007 2442 τὸ
1042 2388 1351 2463 θυγάτριον.
1383 2392 1443 2446 '0
1475 2392 1534 2449 δὲ
1563 2394 1939 2466 προσευξάμε·

356 2486 446 2534 νος
477 2472 761 2532 ἐκέλευσεν
791 2477 1175 2552 ἀπαλλαγῆναι
1201 2483 1516 2555 παραυτίκα
1537 2485 1637 2556 τῆς
1656 2474 1826 2558 κόρης
1844 2487 1943 2541 τὸν

354 2561 607 2636 δαίμονα.
646 2566 706 2623 ὐ
737 2569 795 2624 δὲ
839 2570 1069 2641 ἔφασκε,
1100 2573 1177 2645 μὴ
1218 2573 1362 2628 ἑκὼν
1416 2575 1771 2644 ὑπεισδύναι,
1799 2578 1939 2633 ἀλλά

356 2656 670 2730 μαγγανεία
704 2658 996 2733 βιασθῆναι
1026 2669 1351 2739 γοητευτικῇ
1377 2684 1392 2696 ⁸
1421 2667 1574 2737 ἔλεγε
1610 2668 1668 2723 δὲ
1712 2669 1807 2727 καὶ
1836 2671 1938 2744 τὴν

350 2746 445 2800 τοῦ
473 2746 804 2821 βιασαμένου
856 2757 1232 2828 προσηγορίαν
1253 2799 1267 2821 ,
1298 2760 1394 2813 καὶ
1440 2759 1620 2831 ἔρωτα
1656 2757 1797 2818 εἶναι
1836 2765 1936 2834 τὴν

348 2834 450 2909 τῆς
485 2840 744 2911 γοητείας
787 2844 987 2902 αἰτίαν.
1045 2845 1211 2900 Ἀλλὰ
1262 2848 1468 2903 τούτων
1517 2850 1793 2917 ἀκούσας,
1835 2853 1936 2907 οὐκ

347 2924 578 3001 ἤνεγκεν
628 2933 657 2985 ὁ
695 2933 876 3006 πατὴρ
904 2935 1004 3006 τὴν
1061 2935 1158 2992 τοῦ
1219 2939 1393 3013 θυμοῦ
1440 2941 1783 3014 προσϐολὴν,
1814 2944 1936 2998 οὐδὲ

347 3019 447 3091 τὴν
471 3022 582 3097 τῆς.
608 3024 799 3090 παιδὸς
845 3024 1152 3098 θεραπείαν.
1177 3031 1464 3103 ἀνέμεινεν
1487 3050 1503 3067 ο
1531 3033 1667 3088 ἀλλά
1690 3034 1781 3088 τὸν
1822 3035 1933 3089 τῶν

350 3109 618 3183 μειζόνων
650 3115 931 3186 ἀρχόντων
958 3120 1288 3175 καταλαϐὼν
1316 3122 1573 3196 ἄρχοντα,
1612 3125 1720 3180 τῶν
1750 3125 1934 3179 πλειό-

2043 1956 2264 2027 quidem
2298 1956 2525 2013 morbus
2555 1955 2663 2011 hoc
2692 1955 2860 2011 modo
2888 1961 3122 2010 curatus
3148 1960 3253 2011 est.
3284 1952 3491 2010 Puellae
3522 1968 3628 2007 au-

2042 2055 2175 2114 tem,
2206 2063 2328 2119 quae
2367 2047 2595 2102 thalami
2629 2046 2937 2118 parietibus
2971 2045 3155 2101 adhuc
3211 2044 3624 2106 continebatur,

2036 2146 2098 2197 et
2128 2154 2159 2193 a
2196 2139 2343 2194 malo
2370 2137 2622 2194 daemone
2649 2145 2909 2209 correpta
2937 2135 3125 2192 subito
3175 2134 3377 2200 fuerat,
3423 2148 3624 2189 cucur-

2040 2231 2114 2286 rit
2139 2236 2297 2300 pater
2326 2229 2395 2285 ad
2424 2229 2703 2284 hominem
2736 2228 3010 2292 divinum,
3027 2241 3199 2282 orans
3226 2233 3283 2283 et
3309 2225 3620 2291 obtestans,

2039 2331 2096 2380 et
2127 2321 2421 2378 sanitatem
2476 2320 2604 2377 tiliae
2648 2319 2804 2376 reddi
2870 2320 3081 2393 1211
3141 2318 3452 2390 postulans.
3479 2315 3623 2382 Qui'

2038 2429 2164 2470 cum
2198 2412 2337 2470 fusis
2381 2413 2643 2484 precibus
2675 2413 2982 2470 (immunem
3038 2426 3069 2466 a
3099 2411 3280 2482 puella
3329 2408 3620 2464 confestim

2037 2501 2337 2559 abscedere
2356 2501 2602 2573 juberet,
2628 2502 2722 2556 ille
2753 2516 2814 2557 se
2840 2516 2955 2556 non
3001 2513 3104 2555 sua
3136 2504 3334 2569 sponte
3381 2496 3621 2550 intrasse

2035 2593 2199 2661 dixit,
2224 2594 2325 2649 sed
2350 2592 2580 2664 magicis
2606 2592 2907 2664 praestigiis
2954 2597 3238 2656 coactum,
3288 2586 3615 2655 addiditque

2035 2692 2092 2741 et
2121 2700 2322 2740 nomen
2355 2684 2479 2754 ejus
2517 2684 2611 2755 qui
2639 2691 2919 2755 coegerat,
2950 2689 3006 2737 et
3042 2679 3443 2752 praestigiarum
3489 2692 3621 2732 cau-

2036 2792 2154 2831 sam
2191 2790 2436 2831 amorem
2473 2774 2783 2831 exstitisse.
2814 2773 2938 2843 Quo
2962 2774 3176 2839 audito,
3218 2775 3313 2828 irae
3354 2774 3619 2843 impetum

2035 2882 2197 2939 pater
2229 2882 2342 2923 non
2380 2867 2532 2932 tulit,
2565 2882 2746 2937 neque
2781 2866 2907 2921 filiae
2939 2867 3283 2923 curationem
3326 2870 3622 2935 exspecta-

2034 2960 2111 3016 vit
2141 2983 2152 3016 :
2185 2960 2284 3017 sed
2310 2959 2585 3029 majorum
2620 2958 2920 3031 prmsidum
2948 2958 3239 3027 praesidem
3290 2957 3501 3021 adiens,
3524 2955 3617 3025 qui

2034 3051 2223 3123 plures
2262 3050 2582 3121 provincias
2621 3049 2865 3121 regebat,
2932 3048 3210 3103 hominem
3269 3057 3515 3113 accusat,
3564 3053 3622 3100 et

2033 3141 2252 3199 facinus
2282 3142 2529 3212 exponit.
2566 3139 2668 3196 Hic
2698 3148 2882 3195 autem
2926 3138 2982 3193 in
3018 3137 3293 3209 judicium
3337 3136 3610 3191 adductus

346 3220 453 3299 νων
488 3204 667 3299 έθνῶν
710 3211 1173 3281 προστατεύοντα,
1199 3194 1473 3286 γράφεται
1506 3217 1597 3271 τὸν
1620 3216 1929 3290 ἄνθρωπον,

2035 3231 2411 3298 inficiabatur,
2446 3241 2503 3288 et
2533 3231 2944 3287 accusationem
2990 3230 3326 3285 calumniam
3375 3228 3620 3299 appella-

344 3295 441 3353 καὶ
482 3295 750 3368 διηγεῖται
793 3300 854 3355 τὸ
900 3301 1107 3375 δρᾶμα.
1150 3305 1208 3359 ’0
1255 3307 1312 3361 δὲ
1367 3306 1652 3380 ἀγώγιμος
1691 3308 1933 3380 γεγονὼς

345 3388 585 3461 ἠρνεῖτο,
620 3393 716 3446 καὶ
765 3396 1131 3464 συκοφαντίαν
1167 3396 1423 3468 ὠνόμαζε
1464 3399 1564 3470 τὴν
1599 3402 1841 3472 γραφήν.
1869 3401 1932 3458 '0

343 3477 401 3534 δὲ
432 3483 688 3556 μάρτυρα
715 3486 902 3541 ἐκάλει
932 3489 1031 3560 οὐχ
1062 3487 1270 3563 ἕτερον,
1314 3489 1449 3544 ἀλλά
1477 3491 1570 3545 τὸν
1605 3494 1673 3564 τῇ
1704 3492 1931 3564 γοητείᾳ

232 3644 241 3651 Ι
345 3572 741 3647 διακονήσαντα
778 3578 1029 3651 δαίμονα,
1082 3580 1178 3634 καὶ
1233 3580 1325 3635 τὸν
1378 3581 1640 3654 δικαστὴν
1695 3582 1926 3649 ἱκέτευε,

347 3665 498 3736 παρὰ
520 3666 614 3720 τὸν
644 3665 788 3722 θετον
813 3668 1019 3724 ἐκεῖνον
1053 3670 1302 3742 δραμεῖν,
1337 3672 1433 3725 καὶ
1465 3672 1563 3744 τὴν
1595 3673 1689 3728 τοῦ
1738 3673 1929 3746 δαίμο-

345 3772 435 3818 νος
455 3756 712 3822 δέξασθαι
740 3761 1069 3834 μαρτυρίαν.
1090 3761 1197 3816 Τοῦ
1222 3762 1277 3816 δὲ
1307 3762 1691 3833 λέγοντος,οὑκ
1703 3754 1931 3835 ἔννομον

344 3840 505 3913 εἶναι,
539 3850 662 3905 οὐδὲ
692 3852 799 3924 μὴν
825 3853 992 3920 ὅσιον,
1046 3855 1105 3909 ὲν
1143 3853 1428 3927 ἀσκητικῷ
1462 3854 1647 3927 χωρίῳ
1674 3856 1926 3924 γενέσθαι

343 3942 441 4011 τὴν
470 3941 724 4012 βάσανον,
761 3944 910 4010 ἄξειν
955 3947 1034 4011 είς
1083 3945 1145 4001 τὸ
1186 3947 1537 4019 δικαστήριον
1577 3949 1606 4001 ὁ
1630 3948 1728 4019 τῆς
1755 3949 1926 4021 κόρης

344 4035 527 4105 πατὴρ
547 4034 638 4088 τὸν
668 4033 809 4089 θεῖον
862 4036 1130 4109 ὑπέσχετο
1154 4039 1489 4099 Μακεδόνων
1519 4054 1533 4067 ·
1569 4039 1661 4095 καὶ
1700 4039 1924 4112 δραμὼν

341 4123 526 4180 ἔπεισέ
544 4144 605 4179 τε
623 4127 719 4182 καὶ
746 4127 1227 4199 ἦγαγεν.Ἔξωθεν
1253 4131 1310 4186 δὲ
1334 4130 1432 4186 τοῦ
1449 4131 1671 4204 ἀρχείου
1697 4134 1925 4199 καθίσας

339 4218 372 4270 ὁ
391 4217 669 4290 δικαστὴς,
700 4220 821 4291 οὐχὶ
858 4220 1118 4293 δικαστὴς
1146 4223 1385 4292 ἐγένετο,
1416 4222 1555 4278 ἀλλὰ
1593 4224 1826 4296 θεατής’
1856 4226 1926 4280 τὰ

340 4305 606 4395 δικαστῶν
630 4309 740 4380 γάρ
767 4311 795 4363 ὁ
822 4309 997 4382 μέγας
1014 4312 1349 4376 Μακεδόνιος
1366 4313 1518 4384 ἔδρα,
1538 4317 1604 4388 τῇ
1633 4316 1923 4393 ὲνοικούσῃ

340 4398 566 4471 δυνάμει
601 4400 902 4472 χρώμενος,
938 4404 1033 4457 καὶ
1079 4404 1180 4476 τῷ,
1207 4403 1421 4478 δαίμονι
1474 4409 1926 4481 παρακελευόμε-

342 4507 452 4559 νος,
475 4492 539 4545 τὸ
573 4492 678 4563 μὲν
708 4492 937 4564 σύνηθες
978 4493 1174 4564 ψεῦδος
1204 4498 1318 4568 ὲᾷν,
1345 4496 1444 4550 σὺν
1467 4496 1697 4571 ἀληθείᾳ
1727 4499 1783 4553 δὲ
1817 4503 1925 4554 πᾶ-

343 4593 442 4632 σαν
473 4578 568 4633 τοῦ
606 4580 882 4652 δράματος
930 4583 1235 4654 διηγεῖσθαι
1274 4586 1374 4655 τὴν
1412 4587 1742 4659 τραγῳδίαν.
1783 4590 1842 4643 Ὀ
1864 4590 1922 4645 δὲ

343 4670 449 4728 ὑπὸ
469 4674 569 4742 τῆς
604 4674 869 4744 μεγίστης
887 4675 1135 4748 ἀνάγκης
1159 4677 1492 4748 ὠθούμενος,
1527 4681 1622 4734 καὶ
1648 4680 1739 4735 τὸν
1753 4680 1935 4755 ἄνδρα,

342 4760 632 4816 ὑπεδείκνυ
680 4762 771 4816 τὸν
807 4765 926 4828 ταῖς
953 4768 1326 4836 γοητευτικαίς
1347 4768 1514 4839 ᾠδαῖς
1559 4769 1914 4843 βιασάμενον,

340 4853 435 4912 καὶ
462 4853 560 4927 τὴν
593 4854 916 4926 παιδίσκην,
964 4856 1030 4910 δι’
1057 4851 1126 4929 ἧς
1160 4859 1189 4911 ὁ
1232 4858 1446 4914 κυκεὼν
1494 4861 1701 4926 ἐκεῖνος
1751 4881 1921 4934 προσ-

341 4944 544 5016 ηνέχθη
590 4948 655 5017 τῇ
691 4946 827 5018 κόρῃ
848 4962 860 4975 ·
897 4946 974 5010 ὡς
1002 4946 1060 5001 δὲ
1113 4948 1208 5002 καὶ
1234 4948 1399 5021 ἕτερα
1431 4951 1612 5021 λέγειν
1639 4955 1920 5027 ἠπείγετο,

341 5034 497 5089 ἃ.ὑπ“
520 5033 695 5093 ἄλλων
730 5032 893 5090 τινῶν
926 5035 1169 5108 βιασθεὶς
1201 5039 1482 5112 ὲδεδράκει
1509 5085 1524 5110 ,
1561 5043 1655 5098 τοῦ
1688 5044 1789 5116 μὲν
1821 5047 1920 5117 ἐμ-

342 5125 560 5196 πρήσας
584 5125 682 5200 τὴν
713 5126 913 5194 οίκίαν,
950 5127 1045 5183 τοῦ
1071 5128 1128 5181 δὲ
1156 5129 1227 5183 τὰ
1255 5131 1427 5204 κτήνη
1451 5132 1789 5207 διαφθείρας,
1825 5136 1932 5195 τοῦ.

340 5215 401 5269 δὲ
421 5216 548 5277 ἀλλο
569 5234 622 5271 τι
638 5214 1047 5290 λυμηνάμενος,
1081 5221 1239 5293 σιγὴν
1267 5223 1421 5292 ἄγειν
1450 5226 1739 5283 ἐκέλευσεν
1770 5231 1800 5284 ὁ
1822 5231 1938 5286 τοῦ.

342 5304 477 5360 Θεοῦ
509 5305 817 5380 ἄνθρωπος,
852 5310 948 5364 καὶ
987 5312 1307 5383 παραυτίκα
1336 5315 1528 5390 πόρῤω
1556 5335 1660 5374 που
1685 5322 1783 5374 καὶ¹
1819 5322 1920 5393 τῆς

341 5396 510 5470 κόρης
532 5397 738 5454 καὶτοῦ
764 5399 956 5464 ἄστεος
991 5401 1256 5470 γίνεσθαι.
1303 5403 1361 5459 ’0
1393 5405 1575 5474 δὲ,ῶς
1604 5411 1919 5485 Δεσποτικῷ

344 5487 663 5559 πειθόμενος
706 5490 879 5562 νόμῳ,
909 5492 971 5545 τδ
1020 5492 1309 5548 κελευσθὲν
1359 5497 1572 5567 ἐποίει,
1608 5503 1704 5557 καὶ
1753 5504 1917 5570 εὐθὺς

342 5578 723 5650 ἐδραπέτευεν.
749 5582 906 5638 Οὕτω
926 5581 981 5636 δὲ
1001 5584 1205 5656 ταύτην
1234 5589 1263 5640 ὁ
1288 5585 1430 5654 θεῖος
1465 5593 1670 5658 ἐκείνος
1699 5595 1914 5668 ἀνθρω-

343 5685 446 5733 πος
473 5672 571 5742 τῆς
605 5673 803 5743 μανίας
830 5673 1221 5745 ἐλευθερώσας,
1259 5678 1466 5734 καὶτὸν
1494 5683 1731 5741 δείλαιον
1771 5688 1905 5742 ὲκεί-

343 5778 435 5818 νον
480 5762 753 5843 ἐξήρπασε
795 5767 893 5839 τῆς
936 5766 1152 5838 γραφῆς
1178 5808 1192 5831 ,
1245 5771 1337 5823 καὶ
1370 5774 1462 5828 τοῦ
1507 5777 1759 5834 δικαστοῦ
1818 5782 1912 5838 τὴν

2034 3326 2152 3383 bat.
2188 3324 2286 3381 llle
2313 3338 2446 3380 vero
2476 3331 2673 3379 testem
2701 3322 2865 3375 alium
2895 3336 3006 3377 non
3051 3314 3276 3385 citabat,
3307 3333 3472 3390 quam
3508 3319 3620 3375 ds:-

2035 3430 2250 3470 monem
2283 3413 2487 3485 ipsum,
2519 3412 2615 3484 qui
2646 3411 2905 3467 minister
2958 3409 3141 3467 fuerat
3194 3409 3614 3475 incantatiouis,

2026 3504 2385 3575 judicemque
2408 3504 2628 3566 orabat,
2664 3509 2723 3556 ut
2750 3501 2815 3556 ad
2851 3500 3101 3557 divinum
3143 3500 3321 3554 virum
3376 3499 3500 3562 iret,
3533 3508 3616 3552 te-

2026 3594 2460 3663 stimoniumque
2511 3592 2801 3662 reciperet.
2828 3589 2932 3656 Qui
2965 3605 3091 3645 eum
3118 3588 3204 3646 fas
3246 3605 3351 3643 non
3381 3604 3505 3644 csse
3532 3587 3619 3642 di-

2029 3692 2200 3748 ceret,
2233 3699 2338 3739 nec
2365 3686 2606 3754 justum,
2638 3693 2697 3737 ut
2734 3683 2787 3736 in
2820 3681 3158 3737 monasterio
3186 3680 3418 3750 quaestio
3448 3678 3621 3733 habe-m

2027 3779 2204 3839 retur,
2235 3772 2609 3828 adducturum
2660 3785 2720 3826 se
2783 3770 2836 3824 in
2895 3769 3168 3839 judicium
3223 3776 3380 3839 pater
3419 3767 3620 3837 puellm

2029 3862 2409 3920 Macedonium
2456 3862 2684 3932 recepit,
2717 3871 2771 3916 et
2814 3874 3150 3923 occurrens,
3186 3861 3458 3929 persuasit
3510 3859 3609 3924 illi,

2027 3964 2081 4013 et
2135 3955 2385 4010 adduxit.
2437 3953 2646 4011 Sedens
2687 3960 2868 4008 autem
2913 3961 3065 4007 extra
3100 3951 3371 4020 judicium
3422 3950 3610 4023 judex,

2027 4062 2138 4102 non
2173 4046 2338 4117 judex
2376 4046 2470 4103 sed
2499 4052 2777 4117 spectator
2810 4042 2989 4098 factus
3021 4049 3128 4097 est.
3163 4039 3418 4096 Jndicum
3465 4042 3620 4098 enim

2027 4147 2213 4212 partes
2230 4139 2426 4210 agebat
2456 4152 2690 4207 magnus
2724 4133 3103 4199 Macedonius,
3133 4133 3298 4189 insita
3321 4131 3425 4188 sibi
3453 4139 3606 4185 utens

2027 4238 2324 4303 potestate,
2356 4228 2706 4301 daemonique
2731 4225 3077 4298 praecipiens,
3102 4233 3180 4286 ut,
3211 4225 3415 4294 rejecto
3446 4220 3616 4277 (atrii-

2025 4325 2151 4381 liari
2179 4322 2279 4380 sibi
2320 4321 2628 4379 mendacio.
2657 4328 2825 4376 totam
2856 4318 2937 4374 rei
2974 4317 3296 4389 tragmdiam
3327 4332 3454 4371 vera
3482 4329 3613 4369 nar.

2030 4418 2248 4475 ratione
2274 4421 2599 4486 exponeret.
2617 4411 2756 4467 Tum
2784 4411 2899 4474 ille,
2916 4425 3131 4466 summa
3158 4409 3486 4465 necessitate
3512 4405 3612 4460 ad-

1955 4524 2005 4586 ι)
2030 4516 2210 4575 actus,
2244 4507 2515 4563 etivirum
2547 4503 2812 4569 ostendit,
2863 4503 2958 4571 qui
3012 4501 3242 4571 magicis
3272 4498 3614 4554 carminibus

2025 4602 2137 4655 vim
2172 4600 2457 4664 attulerat,
2486 4605 2540 4653 et
2573 4596 2857 4660 ancillam,
2882 4609 2983 4665 per
3031 4604 3194 4664 quam
3238 4591 3391 4663 potio
3420 4591 3614 4660 puellm

2025 4695 2153 4749 data
2207 4692 2407 4748 fuerat.
2444 4689 2696 4762 Cumque
2748 4689 2854 4743 alia
2903 4686 3068 4743 etiam
3128 4685 3317 4740 dicere
3368 4690 3609 4755 pararet,

2024 4799 2146 4855 quae
2171 4783 2241 4838 ab
2292 4783 2418 4838 aliis
2475 4779 2807 4850 quibusdam
2865 4776 3137 4848 impulsus
3187 4783 3453 4848 patrarat,
3484 4773 3616 4829 huic

2023 4878 2249 4932 domum
2315 4873 2656 4939 incendens,
2693 4871 2845 4927 illius
2909 4870 3160 4940 jumenta
3233 4868 3558 4924 interimens
3591 4907 3610 4935 ,

2022 4969 2190 5025 alium
2222 4966 2332 5021 alio
2377 4965 2639 5037 quopiam
2685 4965 2892 5020 damno
2935 4962 3192 5026 alliciens,
3249 4962 3410 5019 silere
3455 4961 3609 5015 illum

2018 5060 2189 5131 jussit
2215 5059 2302 5114 vir
2361 5054 2496 5124 Dei,
2530 5056 2837 5128 proculque
2866 5070 2897 5110 a
2928 5054 3114 5125 puella
3170 5060 3226 5109 et
3280 5053 3350 5108 ab
3391 5050 3608 5124 1212

2023 5152 2164 5209 urbe
2202 5149 2389 5208 statim
2444 5148 2789 5205 abscedere:
2823 5152 2879 5202 et
2930 5144 3038 5210 ille,
3084 5152 3343 5214 tanquam
3391 5141 3607 5197 Domini

2021 5244 2125 5317 legi
2153 5242 2487 5312 obsequens,
2521 5238 2653 5297 fecit
2683 5239 2971 5309 imperata,
3023 5235 3274 5307 fugitque
3310 5231 3603 5304 evestigio.

2020 5331 2101 5391 ita
2129 5336 2352 5392 divinus
2372 5334 2457 5389 vir
2506 5332 2659 5389 hanc
2713 5330 2959 5387 liberans
3006 5343 3037 5382 a
3086 5327 3293 5393 furore,
3340 5326 3604 5382 miserum

2019 5441 2239 5498 quoque
2266 5425 2421 5481 illum
2469 5423 2676 5495 eripuit
2706 5421 3076 5485 accusationi,
3116 5418 3510 5491 probibuitque
3534 5429 3606 5473 ne

2014 5516 2185 5589 judex
2220 5517 2420 5589 capitis
2468 5515 2800 5572 sententiam
2858 5511 3061 5575 ferret,
3093 5518 3347 5566 sanetum
3393 5524 3607 5582 negans

2018 5620 2162 5670 esse,
2185 5602 2312 5663 u'tis
2344 5603 2436 5676 qui
2476 5602 2653 5675 ipsius
2685 5616 2857 5673 opera
2891 5601 3195 5657 convictus
3223 5599 3405 5656 fuerat
3424 5606 3614 5654 morte

2017 5696 2369 5766 plecteretur,
2394 5705 2451 5750 ct
2479 5706 2588 5748 non
2625 5691 2777 5747 salus
2799 5691 2847 5748 ei
2878 5691 3062 5762 potius
3096 5706 3195 5763 per
3217 5689 3617 5762 paenitentiam:

2016 5788 2333 5845 donaretur.
2376 5771 2521 5842 Satis
2559 5798 2688 5857 ergo
2723 5798 2999 5859 superque
3026 5790 3183 5841 erant
3220 5782 3346 5850 ista,
3375 5788 3432 5837 ut
3455 5794 3609 5838 eone-
