4030 6408
468 375 490 438 ι
505 375 600 437 107

1461 370 1957 436 THEODORETT
1994 369 2324 434 EPISCUPI
2358 369 2730 435 CYIlENSIS

3600 376 3749 443 μοι

465 502 640 543 cessa:
665 486 738 540 illi
770 485 970 544 divina:
997 490 1190 560 gratia
1217 488 1632 545 exuberantiam
1667 489 2036 553 ostenderent,

2152 485 2532 559 θανατηφόρον
2574 486 2812 542 ἐκώλυσε
2853 489 3053 560 ψῆφον,
3087 489 3185 560 οὐχ
3223 488 3370 542 ὅσιον
3397 482 3533 541 εἶναι
3559 492 3736 559 φήσας

464 595 567 648 ego
594 588 779 634 tamen
810 581 973 635 etiam
1009 583 1116 637 alia
1161 581 1630 638 commemorabo.

2158 580 2272 642 τοῖς
2299 578 2367 631 δι’
2399 579 2566 633 αὑτοῦ
2594 580 2908 651 γενομένοις
2949 580 3191 651 ἐλέγχοις
3243 579 3559 650 ἐπιτεθῆναι
3601 594 3740 647 σφα-

466 671 589 742 γὴν,
622 671 759 726 ἀλλὰ
791 674 990 745 μᾶλλον
1026 675 1124 747 τὴν
1149 675 1239 730 διὰ
1276 676 1566 747 μετανοίας
1595 677 1744 749 αὐτῷ
1767 676 2045 749 σωτηρίαν
2084 671 2483 747 χορηγηθῆναι.
2519 673 2760 746 ’Δπόχρη
2804 674 2905 746 μέν
2930 670 3022 729 οὖν
3049 675 3144 728 καὶ
3174 672 3345 728 ταῦτα
3394 674 3494 745 τῆς
3554 691 3738 746 παρα-

468 761 755 833 σχεθείσης
778 763 928 835 αὐτῷ
972 765 1122 830 θείας
1170 765 1454 837 δυνάμεως
1489 767 1659 833 δεῖξαι
1704 767 2046 840 περιουσίαν.
2101 764 2245 834 Ἐγὼ
2271 763 2329 816 δὲ
2350 764 2498 835 ὅμως
2531 764 2625 818 καὶ
2648 764 2813 837 ἐτερα
2857 766 3209 838 διηγήσομαι.

534 856 747 914 Nobilis
797 860 1049 928 quaedam
1099 875 1164 915 ac
1204 861 1472 931 prted'n'es
1519 861 1760 931 femina,
1791 863 2041 919 Astrium

465 949 706 1012 nomine,
735 950 936 1005 mentis
982 951 1161 1020 impos
1193 950 1361 1019 facta,
1391 954 1472 1009 sic
1499 961 1560 1007 ut
1601 969 1826 1009 suorum
1866 954 2045 1009 nemi-

465 1054 590 1094 nem
630 1050 977 1111 agnoseeret,
1021 1043 1322 1115 cibumque
1365 1058 1430 1098 ae
1467 1054 1657 1115 potum
1708 1060 1928 1101 omnem
1966 1060 2047 1102 reo

463 1139 710 1199 spueret,
740 1130 906 1201 longo
930 1132 1044 1199 jam
1075 1139 1327 1203 tempore
1353 1135 1405 1187 in
1435 1134 1539 1189 hoc
1561 1133 1759 1189 delirio
1782 1149 2042 1204 perseve-

461 1219 620 1275 rabat
643 1222 823 1292 :quod
847 1223 1069 1294 quidem
1100 1225 1192 1279 alii
1216 1224 1481 1281 daunonis
1506 1240 1684 1296 Operae
1706 1226 2043 1291 tribuebant,

464 1309 665 1366 medici
716 1327 850 1368 vero
898 1315 1118 1370 cerebri
1154 1317 1409 1377 morbum
1458 1316 1825 1388 appellabant.
1862 1316 2046 1384 Quare

462 1402 611 1456 omni
647 1412 764 1460 arte
818 1398 1168 1476 consumpta,
1194 1421 1320 1461 cum
1356 1408 1623 1461 auxilium
1677 1408 2044 1464 iudeuullum

461 1499 775 1563 exsisteret,
802 1498 886 1552 vir
912 1499 1035 1569 ejus
1062 1501 1399 1566 Avodianus,
1422 1500 1750 1571 magistratu
1776 1510 1833 1556 et
1860 1501 2046 1572 digni-

464 1595 579 1643 tate
623 1592 829 1653 clarus,
859 1592 926 1646 ad
967 1592 1217 1648 divinum
1258 1594 1395 1649 illud
1446 1601 1612 1664 caput
1662 1592 1966 1663 profectus,
1991 1601 2048 1649 et

463 1680 721 1754 conjugis
758 1683 1131 1740 calamitatem
1174 1684 1455 1754 exposuit,
1502 1690 1557 1739 et
1607 1683 1913 1739 remedium
1945 1698 2045 1739 ex-

2215 859 2337 913 Τῶν
2363 861 2705 932 εὐπατριδῶν
2737 879 2823 925 τις
2848 862 3006 934 γυνὴ,
3038 863 3134 918 καὶ
3167 861 3289 917 λίαν
3339 860 3747 932 εὐπορωτάτων
3776 884 3783 891 ·

2142 950 2428 1023 (Ἃστριον
2446 952 2489 983 ⁸³
2499 952 2557 1006 δέ
2571 953 2742 1022 αὐτὴν
2757 952 3322 1026 προσηγόρευον),ἐξω
3345 953 3441 1024 μὲν
3468 953 3575 1006 τῶν
3605 968 3742 1023 φρε-

2141 1039 2249 1094 νῶν
2296 1040 2538 1110 ἐγεγόνει
2581 1082 2597 1107 ,
2628 1042 2964 1112 ἐπεγίνωσκε
3000 1043 3057 1097 δέ
3105 1043 3215 1097 τῶν
3270 1042 3485 1098 οἰκείων
3519 1041 3737 1107 οὐδένα,

2144 1129 2329 1185 σιτίων
2349 1130 2405 1185 δέ
2438 1132 2472 1204 ἢ
2522 1132 2704 1187 ποτῶν
2737 1134 3069 1206 μεταλαϐεῖν
3107 1135 3210 1188 οὐκ
3234 1134 3527 1205 ἠνέσχετο·
3552 1150 3739 1207 παρα-

2144 1222 2381 1277 παίουσα
2410 1223 2469 1278 δέ
2522 1224 2871 1279 ἐπιπλεῖστον
2899 1226 3168 1280 διετέλεσε
3196 1225 3408 1297 χρόνον,
3459 1225 3553 1278 καὶ
3576 1222 3738 1280 τοῦτο

2143 1315 2197 1368 οἰ
2232 1315 2334 1387 μὲν
2362 1314 2514 1370 ἄλλοι
2539 1315 2796 1386 δαίμονος
2825 1316 3056 1372 ἐκάλουν
3087 1315 3451 1387 ἐνέργειανρί
3476 1315 3537 1369 δέ·
3561 1314 3739 1386 ἰατροὶ

2141 1406 2237 1461 τοῦ
2282 1407 2589 1477 ἐγκεφάλου
2623 1408 3030 1481 προσηγόρευον
3064 1407 3296 1478 νόσημα.
3338 1406 3529 1476 Πάσης
3556 1405 3736 1458 τοίνυν

2147 1497 2547 1570 δαπανηθείσης
2563 1501 2665 1571 τῆς
2689 1501 2910 1572 τέχνης,
2943 1501 3039 1555 καὶ
3071 1499 3346 1571 μηδεμιᾶς
3382 1498 3590 1552 ἐκεῖθεν
3614 1499 3742 1573 ἐπι-τ

2141 1589 2369 1659 κουρίας
2403 1591 2869 1664 προσγενομένης,
2888 1593 2917 1645 ὁ
2939 1592 3144 1661 ταύτης
3172 1590 3312 1662 ἀνὴρ
3358 1588 3670 1655 (Αὐοδιανός
3688 1588 3747 1621 “-

2141 1679 2198 1733 δὲ
2219 1673 2376 1744 οὗτος
2404 1676 2522 1754 ἦν),
2554 1682 2694 1754 ἀνὴρ
2726 1682 2837 1737 τῶν
2864 1684 2922 1737 ἐν
2942 1682 3088 1737 τέλει
3128 1683 3225 1738 καὶ
3260 1680 3741 1761 ἀξιώματαπαρᾲ

463 1773 641 1844 petiit.
676 1775 863 1831 Cessit
895 1774 1060 1831 homo
1098 1774 1215 1839 Dei.
1262 1776 1495 1847 ejusque
1517 1773 1741 1831 domum
1776 1776 1947 1841 venit,
1986 1786 2036 1830 et

2145 1771 2246 1843 τὴν
2270 1772 2418 1827 θείαν
2457 1774 2672 1845 ἐκείνην
2716 1774 2941 1846 δραμὼν
2980 1776 3255 1848 κεφαλῆν,
3285 1777 3381 1830 καὶ
3410 1775 3511 1846 τῆς
3532 1773 3734 1846 ὁμοζύ-

465 1866 633 1919 Ιὶειιπι
692 1880 890 1936 magna
943 1867 1303 1922 contentione
1356 1876 1612 1940 precatus
1654 1878 1760 1922 est.
1812 1866 2045 1923 Peracta

461 1956 731 2021 oratione,
764 1971 965 2027 aquam
1020 1955 1202 2012 aﬂ‘erri
1243 1972 1370 2013 cum
1427 1957 1712 2025 jussisset,
1741 1959 1904 2028 eique
1956 1972 2045 2013 sa-

462 2045 643 2102 lutare
700 2047 919 2117 signum
967 2048 1379 2118 impressisset,
1408 2048 1595 2105 bibere
1651 2049 1805 2103 illam
1852 2048 2041 2118 jussit.

460 2134 912 2193 Reclamanlibus
963 2138 1198 2195 medicis
1228 2180 1243 2205 ,
1280 2140 1439 2211 quasi
1500 2139 1703 2211 frigido
1755 2147 1887 2211 potu
1953 2140 2043 2194 hic

459 2224 689 2286 morbus
722 2240 1037 2301 augeretur,
1072 2233 1329 2297 maritus,
1369 2241 1479 2288 tota
1510 2234 1730 2289 illorum
1756 2234 1918 2289 turba
1947 2248 2044 2288 ex-

460 2322 639 2391 pulsa,
686 2324 847 2377 uxori
885 2324 1171 2393 potionem
1228 2324 1483 2395 praebuit,
1514 2332 1568 2381 et
1622 2326 1713 2381 illa
1753 2334 1813 2378 ut
1849 2322 2040 2389 ebibit,

457 2412 526 2467 ad
551 2428 611 2469 se
642 2429 768 2469 mox
801 2415 987 2483 rediit,
1029 2415 1243 2486 1213
1274 2418 1584 2488 mentisque
1610 2431 1839 2486 compos
1874 2414 2040 2480 facta,

455 2513 509 2556 et
540 2519 571 2558 a
598 2505 789 2561 morbo
818 2521 1049 2576 prorsus
1080 2508 1273 2570 libera,
1299 2517 1550 2564 sanctum
1589 2509 1765 2563 virum
1795 2507 2039 2578 agnovit,

2146 1880 2247 1932 γου
2304 1863 2545 1936 διηγεῖτο
2580 1865 2643 1918 τὸ
2689 1864 2883 1931 πάθος,
2920 1867 3015 1921 καὶ
3051 1869 3238 1938 τυχεῖν
3289 1865 3391 1936 τῆς
3437 1863 3737 1935 θεραπείας

2147 1956 2412 2012 ἰκέτευεν.
2464 1951 2621 2021 Είξεν
2660 1958 2688 2011 ό
2724 1956 3013 2022 θεσπέσιος
3059 1957 3347 2031 ἄνθρωπος
3367 1997 3384 2023 ,
3413 1957 3508 2010 καὶ
3532 1955 3631 2027 τὴν
3655 1956 3738 2008 οἰ-

2146 2047 2274 2103 κίαν
2330 2048 2622 2114 κατέλαϐε,
2654 2051 2749 2104 καὶ
2782 2050 3080 2104 σπουδαίαν
3106 2047 3184 2120 τῷ
3230 2048 3350 2119 Θεῷ
3387 2047 3486 2119 τὴν
3523 2045 3736 2100 ἰκεσίαν

2146 2140 2516 2211 προσήνεγκε.
2568 2140 2682 2212 Τὴν
2732 2139 2790 2194 δέ
2837 2140 3148 2212 προσευχὴν
3206 2139 3604 2211 συμπεράνας,
3640 2138 3737 2191 καὶ

2147 2229 2293 2302 ὕδωρ
2333 2231 2659 2303 κομισθῆναι
2700 2231 2985 2297 κελεύσας,
3042 2232 3140 2286 καὶ
3192 2231 3292 2303 τὴν
3339 2231 3609 2303 σωτήριον
3650 2231 3738 2282 ἐνο

2139 2323 2402 2386 τυπώσας
2465 2324 2764 2395 σφραγῖδα,
2807 2326 2954 2378 πιεῖν
3003 2324 3139 2396 αὐτῇ
3190 2322 3577 2395 παρηγγύησε.
3609 2320 3736 2374 Τῶν

2138 2414 2198 2469 δέ
2255 2414 2457 2485 ἰατρῶν
2517 2416 3101 2488 άπαγορευόντων,ὼς
3151 2418 3216 2487 τῇ
3267 2414 3613 2487 ψυχροποσίᾳ
3638 2411 3736 2466 αὖ·

2142 2505 2296 2578 ξησιν
2336 2507 2630 2578 δεχομένου
2685 2506 2780 2562 τοῦ
2832 2508 3060 2576 πάθους,
3121 2510 3305 2562 πᾶσαν
3362 2507 3586 2560 ἐκείνων
3636 2507 3737 2576 τὴν

456 2591 690 2665 ejusque
714 2595 965 2651 dextram
987 2599 1218 2668 supplex
1236 2600 1677 2670 apprehendens,
1711 2598 1889 2653 oculis
1923 2597 2036 2652 suis

2142 2598 2455 2669 συμμορίαν
2485 2599 2513 2650 ὁ
2544 2599 2683 2671 ἀνὴρ
2716 2600 3082 2671 ἀπωσάμενος
3103 2640 3117 2664 ,
3142 2601 3214 2671 τῇ
3238 2598 3459 2669 γυναικὶ
3492 2597 3553 2651 τδ
3583 2596 3737 2667 πόμα

456 2682 740 2753 imposuit,
760 2697 811 2742 et
836 2689 918 2743 ori
948 2688 1210 2755 admovit,
1230 2698 1284 2745 et
1314 2707 1447 2746 sana
1477 2700 1658 2747 mente
1676 2691 1732 2745 in
1754 2696 2036 2762 posterum

2146 2691 2504 2762 προσέφερεν.
2561 2692 2627 2744 Ἠ
2658 2691 2713 2746 δὲ
2761 2691 2913 2746 ἔπινέ
2956 2710 3016 2746 τε
3071 2692 3210 2764 ἅμα,
3260 2694 3357 2746 καὶ
3404 2694 3486 2755 εἰς
3537 2688 3741 2760 ἑαυτὴν

454 2779 627 2845 potita
656 2792 755 2835 est.
2146 2780 2373 2851 ἐπανῄει
2424 2781 2518 2833 καὶ
2565 2784 2845 2853 φρενήρης
2889 2783 3129 2852 ἐγίνετο’
3164 2785 3259 2838 καὶ
3293 2784 3527 2855 πάμπαν
3560 2779 3739 2835 ἀπαλ-

453 2867 758 2945 λαττομένη
782 2876 874 2929 τοῦ
906 2879 1244 2947 πάθους,τδν
1274 2878 1416 2933 θεῖον
1449 2878 1819 2946 ἐπεγίνωσκεν
1845 2872 2035 2943 ἄνδρα,
2072 2871 2169 2925 καὶ
2211 2872 2312 2943 τὴν
2345 2871 2528 2937 δεξιὰν
2565 2872 2751 2925 λαϐεῖν
2805 2874 3051 2938 ἱκέτευε,
3112 2876 3205 2929 καὶ
3264 2876 3380 2939 τοῖς
3431 2872 3735 2944 ὀφθαλμοῖς

453 2962 714 3031 ἐπετίθει,
768 2967 864 3020 καὶ
911 2969 990 3039 τῷ
1045 2972 1275 3043 στόματι
1310 2971 1653 3043 προσέφερε·
1684 2970 1778 3024 καὶ
1860 2967 1941 3030 εἰς
1984 2964 2077 3018 τὸν
2146 2963 2339 3017 ἔπειτα
2385 2963 2626 3036 διέμεινε
2692 2966 2886 3036 χρόνον
2938 2968 3127 3057 φρεσίν
3182 2968 3522 3041 ἐρρωμέναις
3583 2984 3734 3039 χρω-

455 3056 615 3127 μένηο

526 3150 663 3206 Cum
720 3163 902 3209 autem
936 3155 1101 3209 vitam
1153 3168 1337 3228 ageret
1361 3158 1416 3213 in
1451 3166 1657 3224 monte,
1695 3165 1887 3229 pastor
1915 3152 2036 3223 qui-

2229 3145 2420 3200 Ἦνίκα
2443 3146 2498 3199 δὲ
2532 3148 2631 3218 τὴν
2665 3148 2844 3220 ὄρειον
2889 3149 3165 3204 πολιτείαν
3197 3148 3493 3220 ἠσπάζετο,
3527 3152 3741 3225 ποιμήν

452 3242 602 3306 dam,
629 3243 876 3311 palantes
910 3262 1164 3315 quaerens
1187 3264 1339 3315 oves,
1375 3252 1441 3306 ad
1473 3251 1649 3307 locum
1682 3251 1949 3323 pervenit,
1981 3250 2038 3306 in

451 3350 565 3405 quo
598 3343 715 3390 erat
746 3338 833 3391 vir
882 3338 999 3393 Dei.
1030 3339 1285 3396 Obscura
1317 3359 1482 3414 porro
1530 3360 1637 3399 nox
1672 3353 1815 3411 erat,
1840 3352 1896 3401 et
1943 3344 2037 3399 uix

452 3426 626 3481 multa
677 3426 1085 3486 descenderat:
1118 3434 1387 3506 viditque,
1417 3444 1478 3491 ut
1506 3436 1799 3501 referebat,
1845 3452 2035 3508 pyram

452 3517 602 3574 circa
627 3518 805 3589 ipsum
841 3536 1156 3591 accensam,
1186 3535 1242 3581 et
1273 3526 1413 3584 duos
1455 3528 1579 3584 alba
1606 3538 1758 3584 veste
1789 3528 2033 3598 indutos,

451 3614 547 3683 qui
583 3614 868 3671 materiam
917 3615 1032 3688 igni
1087 3618 1595 3676 subministrarent.
1622 3620 1835 3692 Quippe
1865 3623 2035 3677 animi

453 3703 796 3762 alacritatem
815 3706 1069 3775 aﬂ'erens,
1114 3708 1304 3775 divina
1333 3727 1437 3782 ope
1478 3713 1785 3769 fruebatur.
1820 3713 1926 3771 Sed
1980 3724 2036 3772 et

454 3797 759 3868 prephetici
807 3815 1027 3873 quoque
1055 3802 1186 3857 doni
1222 3804 1503 3875 particeps
1541 3804 1666 3860 fuit.
1702 3805 1840 3861 Cum
1884 3809 2032 3862 enim

418 3934 423 3940 .
453 3887 523 3943 ad
541 3907 667 3946 eum
690 3893 931 3950 venisset
952 3896 1211 3967 magister
1234 3897 1491 3962 militum,
1516 3898 1784 3968 religione
1804 3899 2034 3955 illustris

452 3980 727 4055 (Lupicini
758 3986 905 4041 enim
952 3988 1211 4043 virtutem
1242 3989 1371 4059 quis
1401 3991 1579 4046 nescit
1600 3992 1668 4063 ?),
1703 3993 2035 4048 sollicitum-

449 4088 558 4142 que
609 4090 669 4130 se
705 4092 829 4132 esse
885 4076 1094 4135 diceret
1126 4080 1194 4135 de
1245 4081 1598 4151 quibusdam,
1633 4084 1727 4154 qui
1779 4084 1850 4140 ab
1895 4084 2036 4140 urbe

450 4167 599 4239 regia
624 4184 713 4225 res
741 4170 847 4225 sibi
887 4174 1233 4230 necessarias
1264 4174 1401 4229 mari
1447 4175 1789 4249 advehebant
1816 4192 1831 4243 ;
1867 4178 2033 4247 quin-

447 4260 712 4330 quaginta
742 4276 980 4333 namque
999 4265 1181 4320 aiebat
1212 4266 1433 4338 elapsos
1467 4268 1587 4324 dies
1618 4283 1765 4334 esse,
1806 4285 1933 4324 cum
1966 4285 2033 4324 ex

448 4360 609 4422 portu
637 4352 955 4421 solvissent,
977 4372 1079 4413 uec
1100 4357 1169 4413 de
1189 4358 1298 4415 illis
1321 4359 1388 4415 ad
1416 4375 1476 4416 se
1498 4358 1701 4415 famam
1724 4361 1891 4416 ullam
1910 4376 2036 4432 per-

447 4443 684 4509 venisse,
713 4444 802 4501 ille
834 4445 973 4501 nihil
998 4457 1323 4506 cunctatus:
1347 4468 1367 4504 ‹
1394 4450 1579 4517 Navis,
1608 4452 1809 4522 inquit,
1833 4453 2029 4521 amice,

447 4550 558 4590 una
593 4537 781 4608 periit,
810 4540 981 4596 altera
1016 4540 1283 4598 Seleuciae
1321 4551 1542 4614 portum
1584 4559 1710 4600 eras
1738 4545 2025 4603 intrabit.»

447 4625 512 4681 Et
543 4625 658 4682 hac
686 4628 910 4699 quidem
939 4631 1129 4687 divino
1157 4632 1253 4687 illo
1274 4647 1341 4688 ex
1364 4648 1460 4689 ore
1492 4633 1725 4704 audivit,
1742 4635 2043 4715 verborum.

446 4728 630 4779 autem
656 4723 943 4780 veritatem
967 4726 1310 4797 experientia
1360 4726 1673 4798 perdidicit.

516 4988 718 5046 Verqu
770 4998 849 5059 ut,
879 4992 1004 5048 aliis
1038 4992 1289 5060 omissis,
1320 5010 1383 5051 ea
1409 5011 1625 5054 narrem
1656 5014 1778 5071 quae
1809 5000 1877 5056 ad
1911 5016 2027 5058 meo

445 5085 624 5154 ipsum
682 5095 957 5157 spectant,
993 5089 1253 5145 tredecim
1289 5106 1467 5148 annos
1524 5108 1648 5148 cum
1703 5103 1860 5166 patre
1903 5111 2028 5151 meo

444 5184 620 5233 mater
650 5192 774 5232 cum
807 5180 1363 5246 habitasset,liberos
1385 5185 1627 5241 nondum
1663 5196 1983 5258 susceperat
2010 5205 2024 5242 :

442 5268 652 5325 sterilis
708 5272 855 5326 enim
910 5281 1049 5339 erat,
1080 5284 1133 5329 et
1188 5291 1259 5331 ne
1319 5275 1561 5333 fructum
1604 5278 1772 5335 ferret
1827 5288 2026 5334 natura

442 5360 790 5429 prohibebat.
823 5362 955 5431 Quae
989 5381 1074 5421 res
1104 5366 1281 5437 ipsam
1313 5369 1533 5438 quidem
1558 5371 1703 5427 male
1730 5373 2026 5427 admodum

443 5464 556 5504 non
588 5450 860 5517 habebat;
897 5456 950 5509 in
1001 5456 1204 5514 divinis
1244 5460 1390 5515 enim
1432 5461 1648 5517 erudita
1688 5461 1741 5516 id
1770 5461 2028 5531 expedire

443 5541 741 5597 credebat:
777 5555 981 5613 patrem
1017 5563 1143 5603 vero
1206 5566 1386 5606 mcum
1426 5552 1637 5608 orbitas
1676 5553 2023 5612 vehementer

2138 3258 2223 3305 τις
2256 3241 2542 3312 μαστεύων
2574 3243 2832 3315 ἀλώμενοι
2850 3246 3118 3316 πρόϐατα,
3141 3247 3221 3310 εἰς
3243 3248 3419 3301 ἐκεῖνο
3445 3246 3505 3301 τὸ
3530 3249 3743 3321 χωρίον

2138 3333 2384 3403 ἀφίκετο,
2417 3334 2547 3389 ἔνθα
2577 3335 2607 3388 ό
2634 3336 2729 3390 τοῦ
2763 3336 2899 3391 Θεοῦ
2931 3338 3219 3410 ἄνθρωπος
3267 3334 3358 3410 ἦν.
3415 3338 3532 3404 Νὺξ
3568 3340 3626 3394 δέ
3661 3336 3737 3406 ἦν

2140 3424 2350 3495 βαθεῖα,
2407 3428 2502 3481 καὶ
2557 3428 2774 3497 νιφετὸς
2820 3429 3012 3501 κατῄει
3076 3431 3266 3497 πολὺς,
3310 3430 3406 3485 καὶ
3443 3426 3605 3493 είδεν.
3655 3432 3736 3497 ὡς

2137 3518 2329 3590 ἔφησε,
2364 3519 2546 3592 πυρὰν
2574 3521 2704 3593 περί
2731 3520 2897 3575 αὐτὸν
2939 3522 3279 3592 ἁπτομένην,
3321 3522 3417 3576 καί
3452 3521 3547 3576 δύο
3579 3523 3737 3588 τινάς

2136 3610 2651 3683 λευχειμονοῦντας,
2708 3611 2842 3685 ὕλην
2875 3613 2953 3685 τῷ
2994 3614 3131 3687 πυρὶ
3177 3614 3570 3686 χορηγοῦντας.
3621 3614 3737 3688 Τὴν

2136 3704 2245 3775 γὰρ
2274 3704 2582 3777 προθυμίαν
2612 3707 2906 3779 εἰσφέρων,
2937 3707 3036 3778 τῆς
3070 3706 3225 3772 θείας
3281 3709 3608 3780 ἐπικουρίας
3632 3711 3733 3765 άπ-

2136 3794 2327 3865 ήλαυε.
2377 3797 2488 3850 Καὶ
2516 3798 2851 3871 προφητικοῦ
2903 3798 2961 3852 δὲ
3013 3799 3329 3871 μετειλήφει
3372 3800 3729 3873 χαρίσματος.

2136 3887 2247 3941 Καί
2298 3904 2431 3941 ποτε
2466 3889 2603 3960 πρὸς
2641 3890 2806 3944 αὐτὸν
2836 3890 3170 3961 ἀφικόμενος
3202 3892 3527 3964 στρατηγὸς,
3576 3895 3734 3947 εὐσε-

2136 3979 2262 4052 ϐείᾳ
2291 3979 2744 4053 λαμπρυνάμενος
2780 3983 2888 4050 (τίς
2915 3982 2971 4037 δέ
3008 3984 3196 4052 ἀγνοεῖ
3216 3985 3544 4040 Λουπικίνου
3573 3985 3617 4019 ¹⁸
3632 3985 3736 4058 τὴν

2135 4071 2359 4143 ἀρετήν)
2382 4116 2396 4140 ,
2433 4074 2737 4144 φροντίζειν
2762 4074 2937 4144 ἔλεγε,
2967 4075 3095 4145 περί
3128 4093 3288 4131 τινων
3311 4077 3418 4131 ἀπὸ
3442 4078 3543 4149 τῆς
3575 4077 3737 4149 βασι·

2135 4162 2400 4235 λευούσης
2438 4165 2646 4231 πόλεως
2685 4166 2774 4221 διὰ
2814 4168 2911 4239 τῆς
2944 4167 3220 4239 θαλάσσης
3248 4169 3397 4241 αὑτῷ
3426 4170 3494 4224 τὰ
3531 4171 3732 4244 ἐπιτή-

2135 4252 2251 4308 δεια
2308 4255 2663 4327 κομιζόντων.
2708 4259 3058 4330 Πεντήκοντα
3106 4259 3215 4332 γὰρ
3255 4260 3456 4329 ἔφασκε
3485 4261 3738 4333 διεληλυ-

2137 4344 2286 4399 θέναι
2332 4348 2570 4418 ἡμέρας,
2616 4350 2674 4415 ἐξ
2702 4342 2772 4403 ὀὗ
2814 4349 2909 4404 τοῦ
2956 4350 3174 4422 λιμένος
3211 4353 3545 4425 ἀνήχθησαν,
3578 4354 3733 4408 οὐδε-

2139 4438 2267 4509 μίαν
2313 4439 2371 4493 δέ
2422 4441 2550 4511 περί
2595 4442 2777 4495 αὐτῶν
2828 4440 3085 4506 δέξασθαι
3120 4444 3333 4516 φήμην.
3389 4445 3444 4501 '0
3473 4447 3529 4500 δέ
3560 4446 3734 4517 μηδὲν

2064 4507 2109 4564 D
2141 4507 2417 4605 μελλήσας
2442 4574 2457 4598 ,
2496 4507 2612 4587 ὲτδ
2647 4533 2727 4602 ἐν,
2762 4535 2888 4606 ἔφη,
2924 4507 3152 4606 σκάφος.
3258 4507 3430 4610 φίλος,
3456 4507 3730 4595 ἀπόλωλεο

2138 4623 2202 4678 τὸ
2234 4625 2421 4698 ἕτερον
2456 4626 2514 4680 δέ
2560 4629 2628 4699 τῇ
2678 4628 2944 4702 ὑστεραίᾳ
2982 4629 3075 4684 τὸν
3121 4630 3443 4695 Σελευκείας
3490 4632 3733 4703 καταλή-

2137 4714 2300 4786 ψεται
2325 4715 2541 4788 λιμένα.
2572 4737 2590 4770 ι
2647 4720 2759 4773 Καὶ
2817 4720 2978 4774 τοῦτο
3018 4721 3220 4793 ἢκουσε
3269 4722 3370 4792 μὲν
3416 4721 3518 4793 τῆς
3575 4722 3730 4787 θείας

2138 4808 2353 4881 ἐκείνης
2378 4811 2860 4884 ἐπιφθεγξαμένης
2883 4811 3153 4885 γλώττης,
3187 4813 3361 4885 ἔμαθε
3386 4813 3443 4869 δὲ
3466 4817 3531 4887 τῇ
3562 4815 3731 4888 πείρᾳ

2134 4899 2236 4973 τὴν
2267 4901 2376 4956 τῶν
2401 4901 2574 4972 λόγων
2598 4904 2877 4976 ἀλήθειαν.

2210 4992 2327 5048 Ἵνα
2352 4993 2408 5048 δὲ
2446 4995 2515 5049 τὰ
2548 4994 2684 5049 ἄλλα
2728 4996 3035 5065 καταλίπω,
3077 4997 3138 5052 τὸ
3176 4997 3301 5053 καθ’
3345 5000 3492 5070 ἡμᾶς
3528 4998 3729 5063 αὐτοὺς

2133 5082 2485 5158 διηγήσομαι.
2535 5086 2907 5159 Τριακαίδεκα
2937 5088 3035 5161 ἐτη
3096 5091 3471 5162 συνοικήσασα
3498 5088 3576 5161 τῷ
3606 5090 3729 5162 ἐμῷ

2135 5176 2304 5246 πατρὶ
2337 5178 2369 5247 ή
2400 5179 2584 5251 μήτηρ
2610 5180 2818 5234 παίδων
2847 5181 2949 5235 οὐκ
2976 5182 3195 5250 ἐγένετο
3227 5184 3445 5255 μήτηρ⁶
3495 5186 3726 5255 στεριφὴ

2135 5268 2243 5338 γὰρ
2278 5264 2367 5340 ἦν,
2396 5271 2583 5343 φέρειν
2608 5270 2820 5344 καρπὸν
2845 5274 2951 5327 ὑπὸ
2999 5274 3097 5344 τῆς
3133 5275 3350 5344 φύσεως
3385 5276 3680 5348 εἰργομένη
3707 5294 3721 5308 ’

2136 5359 2231 5411 καὶ
2257 5359 2414 5415 τοῦτο
2439 5362 2538 5433 τὴν
2567 5363 2666 5435 μὲν
2699 5366 2758 5417 οὐ
2797 5365 2917 5419 λίαν
2941 5366 3094 5436 ἠνία’
3132 5366 3203 5420 τὰ
3231 5367 3340 5438 γὰρ
3371 5367 3489 5420 θεῖα
3526 5386 3725 5421 πεπαι-

2133 5451 2366 5527 δευμένη
2402 5454 2560 5511 τοῦτο
2604 5458 2883 5531 συμφέρον
2927 5461 3249 5514 ἐπίστευεν·
3302 5461 3492 5515 ἐλύπει
3532 5462 3591 5516 δὲ
3631 5461 3724 5514 τὸν

2132 5544 2341 5614 πατέρα
2392 5545 2573 5617 λίανή
2619 5549 2867 5615 ἀπαιδία,
2917 5551 3010 5602 καὶ
3072 5551 3305 5603 πάντοσε
3361 5550 3719 5623 περινοστῶν,

1744 5668 1972 5725 ι-Αιιιλε
2012 5673 2441 5754 Lacrimas,

458 5792 461 5795 ’
524 5798 571 5833 ¹⁸
614 5801 899 5875 Ἀσσύριον
930 5810 1140 5866 videtur
1183 5812 1235 5867 in
1265 5811 1482 5870 Herveti
1521 5815 1663 5872 libro
1688 5816 1879 5873 fuisse.

1961 5821 1998 5851 "
2042 5821 2407 5895 Ἀϐροδιανός.
2445 5824 2658 5884 Hcrveti
2694 5828 2847 5885 liber.
2930 5831 2970 5861 ⁸⁵
3005 5828 3393 5884 Λουπικιάνον.
3422 5825 3639 5889 Hervet.
