4030 6404
377 440 518 505 1409

1604 373 2004 495 RELIéIOSA
2050 436 2435 497 HISTORIA.

3505 435 3641 501 1610

384 552 612 616 ἱκέτευε,
667 549 790 612 τοὺς
841 547 1016 612 θείους
1071 547 1408 618 θεράποντας
1462 545 1682 614 attigui
1724 547 1769 596 οἱ
1811 545 1960 616 παρᾶ

2067 545 2323 614 angebat,
2354 544 2408 599 et
2431 529 2876 614 quoquoversum
2901 543 3164 598 oberrans
3189 542 3278 597 Dei
3307 559 3494 599 servos
3517 560 3641 598 ora-

379 643 476 698 τοῦ
504 642 639 696 Θεοῦ
668 641 878 704 παῖδας.
916 642 977 694 Οἱ
1011 640 1108 711 μὲν
1141 635 1232 692 οὖν
1262 639 1408 692 ἄλλοι
1437 633 1959 706 καῖπροσεύχεσθαι

383 733 759 802 ὑπισχνοῦντο,
802 732 896 784 καὶ
941 731 1190 800 στέργειν
1234 729 1393 783 αὐτὸν
1433 729 1494 781 τὸ
1537 729 1676 781 θεῖον
1713 728 1959 799 βούλημα

384 824 743 896 παρηγγύων.
790 824 850 875 '0
873 823 927 875 δέ
949 823 1087 884 θεῖος
1115 816 1270 884 οὗτος
1303 819 1608 891 ἄνθρωπος,
1661 820 1960 892 διαρρήδην

381 915 596 983 αίτησιν
627 912 1008 982 ἐπηγγείλετο,
1058 913 1150 966 καὶ
1207 912 1322 964 υἱὸν
1367 913 1463 964 ἕνα
1513 913 1664 982 παρὰ
1711 912 1807 964 τοῦ
1851 912 1959 966 τῶν

380 1005 521 1058 ὅλων
554 1003 898 1074 Δημιουργοῦ
935 1004 1202 1074 λήψεσθαι
1222 1005 1556 1073 ὑπισχνεῖτο.
1581 1002 1761 1074 Τριῶν
1782 1004 1960 1056 τοίνυν

381 1097 699 1150 διελθόντων
747 1095 1032 1161 ἐνιαυτῶν,
1081 1098 1173 1150 καί
1219 1097 1318 1166 τῆς
1361 1096 1692 1164 ἐπαγγελίας
1723 1095 1784 1148 τὸ
1811 1094 1962 1160 τέλος

378 1192 442 1244 οὐ
467 1190 789 1261 δεξαμένης,
824 1189 985 1242 πάλιν
1017 1189 1237 1259 ἔτρεχεν
1264 1191 1292 1244 6
1321 1189 1504 1260 πατὴρ
1536 1189 1635 1260 τὴν
1669 1188 1960 1260 ὑπόσχεσιν

380 1282 653 1336 ἀπαιτῶν.
713 1282 771 1335 '0
817 1282 874 1335 δέ
922 1281 1242 1351 πεμφθῆναι
1289 1280 1437 1350 αὐτῷ
1487 1280 1818 1351 προσέταττε
1861 1279 1961 1351 τὴν

371 1376 648 1446 -όμόςυγον
668 1391 682 1406 ο
716 1375 1051 1446 ἀφικομένης
1073 1374 1131 1426 δὲ
1159 1374 1258 1443 τῆς
1290 1373 1517 1444 μητρὸς,
1546 1372 1731 1441 ἔλεγεν
1757 1373 1785 1424 6
1818 1371 1961 1435 θεῖος

379 1467 543 1538 ἀνὴρ,
574 1467 650 1530 ὼς
679 1466 772 1520 καὶ
804 1469 1035 1536 αἰτήσει,
1086 1466 1180 1518 καὶ
1219 1465 1449 1535 λήψεται
1482 1464 1544 1518 τὸ
1590 1462 1820 1527 παιδίον,
1868 1465 1960 1516 καὶ

379 1557 457 1621 ὼς
488 1558 756 1629 προσήκει
786 1557 946 1610 τοῦτο
975 1557 1052 1628 τῷ
1079 1557 1333 1610 δεδωκότι
1363 1556 1725 1626 ἁντιδοθῆναι.
1767 1557 1876 1625 Τῆς
1903 1556 1959 1609 δὲ

383 1650 590 1720 μητρὸς
626 1650 898 1721 σωτηρίαν
930 1651 1108 1721 ψυχῆς
1147 1651 1312 1720 μόνην
1344 1649 1730 1719 ἀντιϐολούσης
1751 1649 1956 1714 λαϐεῖν,

381 1743 478 1795 καὶ
500 1743 600 1808 τὴν
629 1742 728 1812 τῆς
753 1745 975 1813 γεέννης
1008 1742 1354 1812 ἀπαλλαγήν·
1390 1761 1407 1792 ι
1435 1742 1578 1814 Πρὸς
1609 1741 1804 1812 τούτῳ,
1827 1742 1955 1812 ἔφη,

380 1833 590 1887 καὶτὸν
619 1834 732 1886 υἰὸν
772 1835 800 1886 6
841 1833 1222 1904 μεγαλόδωρος
1248 1832 1430 1887 δώσει.
1451 1835 1576 1898 Τοῖς
1597 1834 1704 1905 γὰρ
1733 1834 1959 1904 εἰλικρι-

2063 636 2175 701 biit,
2205 634 2419 707 1214
2453 644 2512 688 ιιι
2546 636 2650 688 sibi
2685 637 2886 689 liberos
2919 649 2947 685 a
2982 633 3092 688 Deo
3138 635 3499 704 postularent.
3532 639 3637 691 Alii

2060 741 2214 795 ergo,
2249 738 2302 780 et
2331 736 2585 780 oraturos
2610 743 2668 780 se
2691 726 3099 795 promitteiant,
3129 735 3180 779 et
3208 736 3258 780 ut
3288 729 3341 782 in
3377 726 3468 781 Dei
3503 738 3638 782 nutu

2062 819 2439 886 acquit'Sreret
2495 819 2872 874 hortabantur.
2906 819 2974 870 At
3011 819 3088 870 \‘ir
3120 818 3359 880 divinus,
3399 831 3451 873 et
3500 822 3638 888 peti-

2063 912 2195 963 tioni
2249 910 2455 980 liquido
2508 909 2724 970 annuit,
2753 921 2804 963 et
2836 909 3002 962 lilium
3049 926 3216 963 unum
3251 911 3321 963 ab
3355 913 3640 966 universo-

2063 1020 2185 1056 runt
2223 1005 2462 1057 Auctore
2509 1011 2863 1072 accepturum
2913 1003 3188 1072 pollicitus
3220 1010 3321 1057 est.
3368 1003 3496 1056 Post
3527 1015 3639 1058 tres

2059 1111 2234 1150 annos
2261 1136 2276 1158 ,
2307 1111 2431 1148 cum
2468 1097 2674 1150 exitum
2727 1095 3022 1163 promissio
3073 1094 3269 1148 sortita
3323 1110 3429 1147 non
3466 1104 3634 1158 esset,

2062 1185 2223 1240 rcdiit
2276 1187 2472 1240 iterum
2521 1193 2675 1256 pater
2705 1186 2978 1255 promissa
3028 1200 3345 1254 reposcens.
3385 1185 3476 1240 Ille
3510 1201 3637 1241 vero

2061 1280 2199 1333 mitti
2232 1279 2297 1332 ad
2332 1293 2391 1332 se
2447 1279 2734 1347 conjugem
2770 1277 2962 1345 jussit.
3011 1278 3072 1331 Et
3112 1293 3233 1332 cmn
3264 1279 3486 1333 adesset
3519 1295 3635 1331 nia-

2062 1379 2164 1436 ter,
2194 1370 2334 1424 dixit
2363 1370 2410 1424 ei
2453 1371 2533 1424 vir
2583 1372 2826 1435 divinus,
2863 1381 2915 1425 et
2946 1371 3239 1440 petiturum
3298 1387 3376 1436 se,
3399 1381 3452 1425 et
3485 1372 3634 1425 illam

2063 1462 2230 1515 lilium
2263 1474 2615 1532 accepturam
2652 1479 2664 1514 :
2695 1463 2788 1518 sed
2842 1463 2987 1516 hunc
3014 1463 3264 1517 donatori
3295 1463 3444 1518 reddi
3473 1480 3636 1534 opor-

2059 1562 2194 1609 tere.
2219 1555 2464 1624 Cumque
2499 1572 2659 1610 unam
2694 1555 2798 1612 sibi
2835 1555 3030 1610 animae
3071 1557 3325 1617 salutem,
3351 1556 3636 1625 gehent-

2059 1664 2164 1718 que
2195 1649 2574 1703 liberationem
2619 1649 2672 1702 in
2700 1649 2842 1704 votis
2867 1664 2989 1702 esse
3028 1657 3202 1702 mater
3230 1649 3589 1714 responderet
3617 1664 3631 1701 :

2068 1761 2086 1794 ι
2118 1742 2362 1811 Insuper,
2391 1743 2586 1811 inquit.
2609 1751 2662 1796 et
2687 1741 2853 1794 lilium
2877 1739 3340 1795 dabitmunil‘lcus
3361 1739 3632 1810 Largitor.

2063 1833 2134 1888 lis
2158 1833 2302 1886 enim
2323 1833 2416 1902 qui
2443 1833 2660 1886 sincere
2683 1839 2874 1900 petunt
2910 1831 2964 1883 in
2996 1832 3223 1900 duplum
3253 1841 3441 1899 erogat
3469 1831 3634 1886 bene-

379 1923 486 1987 νῶς
513 1922 724 1977 αἰτοῦσι
758 1894 950 1986 διπλᾶς
977 1922 1075 1986 τὰς
1105 1894 1348 1993 αἰτήσεις
1385 1894 1690 1994 χαρίζεταί
1715 1941 1733 1974 ι
1759 1894 1955 1976 Ἐπαν-

2064 1927 2202 1981 ﬁcia.
2226 1947 2245 1978 ›
2269 1928 2504 1981 Reversa
2531 1927 2658 1980 hinc
2678 1936 2870 1991 mater,
2890 1925 3281 1996 promissionis
3300 1925 3636 1979 benedictio-

377 2012 515 2082 ἧκεν
545 2011 754 2065 ἐκεῖθεν
787 2014 819 2083 ή
855 2013 1059 2084 μήτηρ,
1087 2012 1187 2084 τὴν
1213 2013 1311 2082 τῆς
1345 2013 1673 2082 ἐπαγγελίας
1707 2013 1956 2081 εὐλογίαν

380 2105 680 2174 κομίζουσα
707 2121 716 2133 ·
753 2105 846 2156 καὶ
863 2103 938 2175 τῷ
960 2105 1207 2176 τετάρτῳ
1228 2105 1327 2174 τῆς
1361 2104 1704 2175 ὑποσχέσεως
1726 2105 1956 2174 ἐνιαυτῷ

380 2194 523 2256 κύει,
577 2195 671 2246 καί
719 2193 817 2264 τὴν
866 2196 1107 2267 γαστέρα
1167 2194 1512 2266 φορτίζεται,
1563 2196 1824 2266 καὶπρὸς
1865 2198 1956 2250 τὸν

379 2283 522 2338 θεῖον
546 2285 831 2356 ἄνθρωπον
862 2285 1241 2356 παραγίνεται,
1271 2287 1378 2338 τῶν
1399 2287 1496 2358 τῆς
1520 2286 1768 2355 εὐλογίας
1792 2305 1956 2361 σπερ-

387 2378 570 2448 μάτων
619 2377 985 2430 ύποδεικνῦσα
1019 2377 1088 2430 τὰ
1119 2377 1430 2449 δράγματα.
1484 2377 1575 2448 Τῷ
1621 2379 1679 2432 δέ
1721 2377 1956 2449 πέμπτῳ

383 2471 515 2541 μηνὶ
544 2471 641 2541 τῆς
685 2473 936 2542 κυήσεως
982 2469 1318 2540 ἀμϐλώσεως
1352 2471 1641 2539 ἐπεγένετο
1688 2472 1954 2535 κίνδυνος.

393 2561 458 2614 Ἢ
489 2562 545 2615 δὲ
573 2563 736 2615 πάλιν
769 2561 904 2633 πρὸς
963 2561 1054 2614 τὸν
1104 2561 1222 2614 νέον
1273 2563 1442 2630 αὐτῆς
1499 2561 1804 2615 Ἐλισσαῖον
1848 2564 1956 2616 ἀπ-

381 2653 586 2706 έστειλε
616 2655 861 2724 (δραμεῖν
889 2651 1000 2723 γὰρ
1023 2651 1190 2722 αὐτὴν
1213 2651 1273 2704 τὸ
1299 2652 1466 2715 πάθος
1487 2651 1734 2721 ἐκώλυε),
1765 2653 1858 2706 καί
1880 2653 1955 2717 ὡς

381 2745 482 2797 οὐκ
515 2742 766 2796 ἐϐούλετο
793 2742 999 2795 παίδων
1031 2738 1286 2808 γενέσθαι
1317 2740 1500 2811 μήτηρ
1532 2741 1826 2811 ἀνέμνησε,
1859 2741 1956 2792 καὶ

382 2831 482 2896 τὰς
516 2833 682 2886 αὐτοῦ
715 2833 1039 2903 ὑποσχέσεις
1070 2833 1151 2893 εἰς
1203 2831 1366 2902 μέσον
1414 2833 1758 2902 παρήγαγεν.
1805 2831 1862 2884 Ὀ
1899 2831 1956 2883 δὲ

383 2926 667 3001 πόρρωθεν
711 2926 800 2980 τὸν
843 2926 1173 2996 ἀφικόμενον
1224 2924 1560 2996 θεασάμενος
1614 2925 1829 2994 ἐπέγνω
1873 2943 1953 2988 τε,

383 3020 478 3072 καὶ
506 3021 604 3090 τὴν
627 3017 807 3071 αἰτίαν
837 3017 1101 3089 ἐγνώρισε
1129 3034 1143 3050 ο
1179 3018 1392 3092 νύκτωρ
1429 3020 1537 3090 γὰρ
1577 3017 1724 3088 αὐτῷ
1763 3018 1858 3071 καὶ
1897 3019 1957 3070 τὸ

382 3109 575 3176 πάθος,
633 3111 728 3163 καί
776 3112 877 3180 τὴν
928 3110 1203 3182 σωτηρίαν
1250 3111 1278 3162 6
1335 3111 1609 3180 Δεσπότης
1665 3110 1951 3180 δεδήλωκε.

2061 2033 2181 2070 nem
2206 2016 2472 2083 referens,
2498 2025 2696 2086 quarto
2730 2027 2853 2086 post
2888 2032 3078 2070 mense
3104 2031 3268 2086 quam
3307 2017 3636 2084 promiserat

2060 2109 2326 2177 Concipit,
2347 2116 2400 2161 et
2421 2116 2634 2163 uterum
2662 2109 2823 2177 gerit,
2841 2108 3095 2177 reditque
3115 2107 3182 2161 ad
3204 2108 3382 2160 virum
3404 2107 3516 2167 Dei.
3537 2107 3632 2161 bo-

2058 2200 2387 2255 nedictionis
2417 2202 2683 2254 seminum
2722 2200 3034 2268 manipulos
3077 2198 3397 2253 ostendens.
3429 2196 3636 2262 Quinto

2057 2300 2235 2346 autem
2261 2298 2381 2360 post
2406 2291 2821 2359 conceptionem
2849 2305 3040 2343 mense
3065 2289 3118 2342 in
3146 2289 3443 2342 discrimen
3469 2289 3638 2341 abor-

2056 2385 2223 2439 tionis
2253 2385 2424 2445 venit.
2453 2391 2505 2438 et
2528 2383 2723 2454 iterum
2745 2383 2914 2444 misit,
2947 2381 3075 2452 quia
3097 2382 3175 2437 ire
3203 2381 3375 2451 ipsam
3408 2381 3635 2436 morbus

2057 2477 2384 2541 vetabat,ad
2427 2491 2626 2530 novum
2669 2490 2830 2530 suum
2860 2473 3138 2536 Elisaaum,
3184 2473 3538 2543 suggeritque
3577 2488 3636 2526 se

2057 2575 2290 2620 matrem
2327 2566 2440 2620 ﬁeri
2461 2581 2568 2620 non
2596 2574 2840 2634 Optasse,
2884 2564 3156 2633 simulque
3178 2565 3330 2619 abeo
3361 2565 3635 2634 promissa

2056 2667 2280 2711 revocat
2303 2659 2355 2711 in
2376 2658 2718 2710 memoriam.
2741 2657 2834 2710 Ille
2855 2671 2986 2711 vero
3011 2656 3319 2710 venientem
3352 2654 3539 2724 procul
3562 2655 3638 2706 in-

2058 2748 2258 2810 tuitus,
2279 2748 2496 2802 etillum
2521 2749 2761 2816 agnovit,
2777 2755 2832 2802 et
2850 2761 3074 2801 causam
3093 2747 3440 2816 signiﬁcavit.
3457 2743 3634 2799 Noctu

2058 2829 2206 2893 enim
2244 2839 2604 2894 Dominusilli
2629 2847 2684 2893 et
2723 2838 2975 2893 morbum
2998 2847 3053 2893 et
3070 2839 3303 2894 salutem
3346 2837 3632 2892 indicarat.

2059 2931 2357 2998 Assumpto
2395 2929 2564 2998 igitur
2600 2929 2796 2982 baculo
2844 2927 3066 2982 innixus
3119 2927 3277 2993 abiit,
3303 2926 3638 2995 domumque

2060 3021 2342 3090 ingressos
2372 3063 2386 3085 ,
2415 3028 2468 3075 et
2498 3021 2674 3090 pacis,
2720 3028 2778 3072 ut
2811 3020 3059 3082 solebat,
3091 3019 3426 3073 salutatione
3457 3019 3583 3072 data
3618 3035 3632 3071 :

2068 3134 2087 3166 ι
2121 3114 2292 3175 Βυιιο,
2337 3114 2539 3182 inquit,
2560 3113 2638 3166 sis
2673 3113 2879 3174 animo,
2913 3127 3012 3164 nec
3041 3111 3258 3164 timeas.
3280 3107 3464 3179 Neque
3488 3110 3637 3164 enim

382 3201 577 3256 Λαϐὼν
593 3202 775 3255 τοίνυν
797 3203 894 3272 τὴν
913 3201 1235 3272 βακτηρίαν,
1251 3203 1478 3272 ἀφίκετο
1503 3203 1955 3274 σκηριπτόμενος,

2064 3205 2267 3259 donum
2301 3203 2514 3258 auferet
2549 3201 2763 3272 1215
2800 3206 2893 3270 qui
2924 3201 3097 3263 dedit,
3127 3200 3234 3255 nisi
3286 3207 3341 3252 tu
3376 3200 3507 3252 inita
3543 3214 3639 3270 pa-

383 3295 600 3366 καὶτῆς
626 3294 800 3356 οἰκίας
827 3295 960 3347 εἴσω
991 3295 1303 3365 γενόμενος,
1350 3295 1445 3348 καί
1482 3295 1581 3366 τῆς
1610 3296 1853 3364 εἰρήνης,
1881 3294 1957 3355 ὼς

383 3383 584 3441 εἰώθει,
635 3383 695 3436 τὸ
745 3383 1042 3453 πρόσρημα
1073 3383 1351 3447 δεδωκὼς,
1390 3381 1656 3452 «Θάρσει,
1695 3384 1819 3453 ἔφη,
1868 3384 1959 3436 καὶ

388 3471 462 3541 μὴ
495 3471 710 3544 δείσῃς·
745 3472 807 3524 οὐ
832 3471 940 3543 γὰρ
955 3473 1318 3541 ἀφαιρήσεται
1349 3470 1409 3524 τὸ
1436 3471 1608 3542 δῶρον
1638 3474 1666 3524 ό
1685 3471 1954 3537 δεδωκὼς,

383 3565 433 3617 εἰ
482 3565 555 3636 μὴ
601 3565 666 3616 σύ
719 3564 817 3628 τὰς
869 3564 1240 3634 γεγενημένας
1283 3564 1600 3635 παραϐαίης
1655 3563 1954 3635 συνθήκας.

396 3656 664 3726 ’Υπέσχου
690 3657 747 3709 δέ
775 3657 1086 3711 ἀντιδώσειν
1116 3656 1176 3709 τὸ
1209 3656 1592 3727 δοθησόμενον,
1629 3655 1724 3709 καὶ
1751 3657 1830 3718 είς
1860 3655 1960 3726 τὴν

385 3747 536 3800 θείαν
586 3747 717 3801 αὐτὸ
769 3748 1064 3820 θεραπείαν
1116 3747 1487 3801 καθοσιώσειν.
1524 3775 1588 3787 -
1625 3747 1830 3813 Οὕτως,
1853 3748 1956 3820 ἔφη

385 3839 420 3908 ὴ
454 3839 657 3910 μήτηρ,
685 3839 779 3892 καὶ
805 3840 916 3908 ἐγὼ
945 3842 1124 3894 τεκεῖν
1152 3839 1411 3911 βούλομαί
1455 3858 1512 3894 τε
1564 3842 1660 3894 καὶ
1701 3840 1954 3912 εὖχομαι.

387 3929 496 4000 Τῆς
542 3931 652 4004 γὰρ
691 3931 906 3994 ἀλλοίας
959 3931 1052 3985 τοῦ
1101 3933 1314 3985 παιδίου
1365 3934 1572 4004 τροφῆς
1600 3933 1959 4006 αἰρετώτερον

387 4025 626 4097 ἠγοῦμαι
676 4026 766 4080 τὸν
814 4026 1098 4080 ἀτέλεστον
1144 4027 1320 4081 τόκον.
1356 4055 1424 4068 -η
1451 4027 1548 4080 [lie
1609 4027 1807 4093 τοίνυν,
1854 4029 1956 4102 ἔφη

384 4120 414 4171 6
451 4117 593 4182 θεῖος
617 4117 921 4189 ἄνθρωπος,
952 4119 1069 4172 τόδε
1096 4119 1158 4172 τὸ
1196 4119 1359 4190 ὕδωρ,
1392 4119 1485 4172 καὶ
1513 4119 1612 4191 τῆς
1651 4119 1798 4184 θείας
1841 4122 1961 4174 ἐπι-

387 4211 614 4279 κουρίας
647 4211 902 4283 αἰσθήσῃ.
933 4229 952 4262 )
993 4212 1152 4265 Ἐπιε
1187 4211 1476 4282 τοιγαροῦν
1523 4212 1599 4276 ὠς
1639 4213 1959 4284 προσέταξε,

387 4301 483 4356 καὶ
503 4302 531 4354 6
551 4301 649 4372 τῆς
676 4301 1009 4371 ἀμϐλώσεως
1037 4301 1399 4373 ἐδραπέτευσε
1418 4302 1678 4366 κίνδυνος.
1713 4302 1964 4357 Τοσαῦτα

388 4391 484 4445 τοῦ
509 4393 783 4465 ἡμετέρου
821 4393 1126 4448 Ἐλισσαίου
1150 4394 1218 4447 τὰ
1242 4395 1512 4466 θαύματα.
1541 4395 1653 4467 Τῆς
1688 4396 1876 4450 τούτου
1905 4395 1963 4449 δὲ

387 4484 642 4553 εὐλογίας
673 4485 934 4549 πολλάκις
975 4485 1087 4554 ἐγὼ
1123 4487 1218 4541 καί
1253 4486 1598 4552 διδασκαλίας
1649 4487 1959 4558 ἀπήλαυσα.

388 4575 682 4644 Σῖαραινῶν
710 4577 820 4647 γάρ
845 4593 936 4646 μοι
969 4576 1230 4641 πολλάκις
1265 4577 1453 4645 ἐλεγεο
1498 4597 1516 4629 ι
1540 4579 1695 4632 Μετὰ
1727 4579 1958 4644 πολλῶν,
1991 4570 2040 4628 D

387 4662 434 4725 ὦ
477 4668 711 4732 παιδίον,
787 4668 1112 4739 γεγέννησαι
1167 4669 1344 4723 πόνων
1371 4686 1384 4699 ·
1432 4669 1635 4733 πολλὰς
1689 4671 1965 4725 διετέλεσα

389 4760 592 4824 νύκτας
649 4758 806 4814 τοῦτο
853 4759 1011 4830 μόνον
1060 4759 1152 4812 τὸν
1199 4758 1333 4813 Θεὸν
1361 4759 1638 4826 ἱκετεύων,
1685 4760 1827 4815 ὥστε
1869 4779 1964 4816 σου

341 4907 347 4914 ,
389 4852 517 4917 τοὺς
571 4851 763 4921 γονέας
809 4851 967 4906 τοῦτο
1017 4852 1288 4921 γενέσθαι,
1334 4851 1363 4904 6
1397 4851 1535 4922 μετὰ
1569 4852 1669 4923 τὴν
1711 4853 1966 4924 γέννησιν

391 4943 812 5016 ὠνομάσθησαν.
863 4941 1054 5008 Ἀξίως
1082 4943 1258 4998 τοίνυν
1295 4943 1576 4998 πολιτεύου
1615 4945 1722 4998 τῶν
1766 4946 1965 5000 πόνων.

399 5036 508 5108 Πρὸ
539 5036 744 5090 ὠδίνων
783 5035 1045 5106 ἀνετέθης
1089 5039 1210 5099 ταῖς
1249 5035 1576 5107 ὑποσχέσεσι
1599 5029 1732 5091 θτά
1769 5037 1825 5091 δὲ
1874 5035 1968 5092 τοῦ

395 5127 532 5183 Θεοῦ
555 5127 870 5199 ἀναθέματα
903 5128 1178 5198 σεϐάσμια
1209 5128 1374 5182 πᾶσίν
1398 5129 1567 5194 ἐστιν,
1598 5129 1693 5182 καὶ
1719 5129 1971 5199 ἀψαυστα

397 5222 508 5284 τοῖς
529 5219 764 5282 πολλοῖς.
801 5220 1075 5292 Προσήκει
1102 5219 1280 5273 τοίνυν
1326 5220 1421 5274 καὶ
1451 5220 1531 5283 σέ,
1561 5221 1630 5274 τὰ
1663 5220 1762 5290 μὲν
1790 5221 1972 5289 φαῦλα

397 5309 499 5378 τῆς
528 5310 706 5380 ψυχῆς
749 5310 1026 5379 κινήματα
1079 5308 1156 5382 μὴ
1203 5307 1628 5380 προσδέχεσθαι·
1683 5309 1868 5361 ἐκεῖνα
1913 5307 1972 5362 δέ

405 5403 540 5470 μόνα
565 5401 658 5453 καὶ
683 5399 817 5472 δρᾷν
851 5399 946 5454 καὶ
966 5399 1145 5468 λέγειν
1175 5400 1270 5452 καὶ
1294 5397 1665 5468 ἐνθυμεῖσθαι,
1695 5397 1732 5452 ἀ
1759 5398 1850 5450 τὸν
1873 5398 1973 5468 τῆς

401 5493 604 5564 ἀρετῆς
650 5491 946 5562 νομοθέτην
997 5490 1290 5562 θεραπεύει
1337 5491 1489 5543 Θεόν.
1519 5508 1536 5541 ι
1601 5489 1838 5542 Τοιαῦτά
1881 5506 1974 5559 μοι

403 5581 683 5654 παραινῶν
715 5582 802 5634 ἀεὶ
825 5580 1126 5634 διετέλεσεν
1152 5582 1180 5634 6
1205 5579 1298 5634 τοῦ
1323 5579 1458 5632 Θεοῦ
1484 5578 1580 5633 ἄνθ
1591 5594 1790 5650 ρωπος.
1833 5575 1975 5645 Ἐγὼ

399 5674 456 5727 δέ
485 5675 577 5728 κα¹ι
598 5673 708 5727 τῶν
734 5674 909 5742 λόγων
933 5673 1244 5744 μέμνημαι,
1269 5676 1361 5727 καὶ
1380 5675 1480 5744 τὴν
1493 5673 1642 5726 θείαν
1657 5672 1975 5742 δεδίδαγμαι

399 5767 630 5839 δωρεάν.
688 5769 908 5840 Ἔργοις
964 5768 1020 5821 δέ
1083 5767 1156 5838 μὴ
1206 5767 1418 5831 δεικνὺς
1472 5767 1571 5839 τὴν
1631 5765 1974 5837 παραίνεσιν,

399 5861 624 5913 ἱκετεύω
661 5860 759 5930 τῆς
811 5860 959 5923 θείας
1005 5860 1176 5930 ῥοπῆς
1236 5860 1336 5927 διὰ,
1378 5859 1474 5931 τῆς
1523 5860 1729 5913 ἐκείνου
1789 5861 1969 5929 τυχεῖν

2064 3306 2152 3350 tata
2183 3295 2427 3349 violaris.
2463 3293 2767 3347 l‘romisisti
2809 3307 3003 3361 nempe
3045 3291 3378 3345 reddituram
3416 3297 3469 3343 te
3492 3289 3638 3359 quod

2063 3389 2316 3454 dabitur,
2369 3389 2664 3456 divinoque
2721 3385 2988 3454 obsequio
3045 3392 3516 3438 consecraturam.
3569 3411 3639 3422 -ο

2064 3482 2156 3536 Sic
2209 3491 2262 3537 et
2313 3497 2437 3551 ego.
2483 3481 2559 3532 ait
2611 3487 2808 3539 mater,
2859 3491 3050 3545 parere
3101 3477 3245 3540 volo,
3275 3487 3328 3528 et
3352 3485 3499 3543 opto.
3537 3471 3641 3527 Po-

2063 3575 2256 3628 tioretn
2315 3573 2460 3626 enim
2516 3570 2824 3623 abortivum
2877 3575 3090 3636 partum
3151 3566 3424 3627 duxerim,
3473 3579 3639 3633 quam

2060 3665 2292 3718 alienam
2353 3663 2446 3716 lilii
2497 3661 2898 3714 educationem.
2937 3687 3009 3698 —
3039 3657 3168 3709 Bibe
3221 3657 3409 3726 igitur,
3461 3656 3642 3725 inquit

2062 3757 2146 3808 vir
2166 3755 2408 3816 divinus,
2443 3752 2584 3805 banc
2619 3765 2840 3820 aquam,
2870 3757 2925 3802 et
2959 3749 3161 3802 senties
3195 3747 3446 3802 divinum
3485 3746 3642 3799 auxi-

2062 3848 2218 3902 lium.
2259 3865 2276 3894 ι
2312 3845 2455 3899 Bibit
2490 3845 2584 3896 illa
2620 3843 2961 3910 utjusserat,
2987 3849 3042 3896 et
3073 3841 3303 3894 abortus
3331 3839 3641 3910 periculum

2063 3937 2350 3994 bscessit.
2400 3935 2576 3988 Tanta
2649 3935 2827 3988 Elisaei
2894 3932 3068 3988 nostri
3135 3930 3287 3986 fuere
3352 3930 3638 3985 miracula.

2063 4031 2242 4100 Hujus
2281 4045 2384 4098 ego
2416 4026 2825 4083 benedictionis
2857 4032 2910 4080 et
2931 4024 3201 4079 doctrinae
3225 4039 3370 4093 saepe
3400 4021 3641 4077 fructum

2061 4124 2205 4195 cepi.
2234 4123 2389 4191 δέρρει
2437 4119 2583 4175 enim
2641 4133 2726 4172 ine
2769 4117 3070 4171 adhortans
3111 4115 3352 4180 dicebat,
3389 4134 3408 4167 ι
3456 4114 3641 4170 Multis

2062 4231 2187 4272 cum
2221 4214 2527 4276 laboribus,
2550 4218 2564 4234 '
2598 4212 2695 4275 lili,
2722 4219 2886 4264 natus
2911 4225 2976 4264 es
3017 4227 3032 4263 :
3063 4209 3265 4263 multas
3304 4216 3358 4262 et
3389 4207 3506 4276 ipse
3537 4221 3641 4261 no-

2064 4318 2202 4374 ctes,
2254 4306 2386 4362 duxi
2423 4306 2528 4360 boc
2553 4319 2722 4358 unum
2785 4315 3021 4371 poscens
3052 4316 3082 4354 a
3114 4299 3226 4354 Deo
3250 4339 3266 4362 ,
3295 4311 3353 4354 ut
3386 4307 3642 4370 parentes

2057 4404 2144 4458 ‘tui
2177 4403 2279 4456 hoc
2303 4403 2518 4464 tierent,
2542 4397 2688 4468 quod
2719 4404 2773 4451 te
2796 4405 2925 4450 nato
2956 4394 3212 4464 appellati
3249 4391 3643 4462 sunt.Dignam

2069 4494 2238 4564 igitur
2282 4491 2568 4547 laboribus
2610 4490 2776 4543 vitam
2810 4503 2931 4557 age.
2963 4487 3105 4542 Ante
3147 4498 3362 4556 partum
3406 4485 3643 4554 promis-

2069 4583 2322 4639 sionibus
2361 4587 2722 4637 consecratus
2762 4595 2822 4634 es
2861 4597 2875 4632 :
2907 4577 3020 4632 Deo
3066 4567 3248 4631 autem
3282 4591 3406 4645 qua:
3461 4574 3644 4629 oblata

2067 4683 2227 4740 sunt,
2258 4671 2569 4728 veneranda
2629 4677 2760 4726 sunt
2815 4666 3094 4731 omnibus,
3127 4681 3230 4720 nec
3259 4680 3289 4719 a
3321 4665 3482 4735 vulgo
3513 4678 3646 4718 con-

2069 4765 2377 4821 trectanda.
2414 4763 2599 4830 Quare
2635 4770 2856 4832 oportet
2908 4769 2960 4814 te
3006 4772 3206 4828 pravos
3238 4757 3408 4811 animi
3465 4765 3646 4810 motus

2067 4871 2178 4912 non
2205 4856 2497 4911 admittere
2527 4874 2539 4909 :
2569 4854 2664 4910 sed
2696 4854 2787 4908 illa
2817 4861 3028 4907 tantum
3059 4858 3112 4905 et
3144 4849 3345 4914 facere,
3386 4856 3439 4903 et
3471 4847 3645 4918 loqui.

2069 4955 2123 5003 et
2156 4947 2420 5017 cogitare,
2456 4962 2578 5016 qua:
2605 4945 2828 4999 virtutis
2861 4940 3158 5012 legislatori
3208 4938 3316 4993 Deo
3346 4939 3582 5007 placent.
3623 4955 3643 4989 ι

2069 5037 2227 5092 Talia
2262 5037 2394 5092 mihi
2427 5049 2723 5108 suggerere
2747 5034 2829 5087 vir
2857 5033 2946 5085 Dei
2970 5045 3078 5085 non
3102 5027 3490 5096 cessabat.Ego
3518 5041 3651 5080 vero

2071 5140 2126 5186 et
2158 5132 2450 5186 verborum
2503 5127 2748 5190 memini,
2784 5134 2837 5181 et
2885 5124 3132 5178 divinum
3161 5122 3364 5176 donum
3421 5119 3651 5174 edoctus

2074 5238 2217 5277 sum.
2248 5221 2356 5277 Sed
2390 5223 2519 5291 quia
2557 5220 2786 5275 monitis
2813 5219 2932 5287 ejus
2963 5217 3103 5271 facta
3159 5232 3267 5269 non
3297 5213 3652 5283 respondent,

2074 5326 2174 5366 oro
2203 5319 2263 5366 ut
2295 5310 2542 5365 divinam
2590 5325 2746 5380 opem
2793 5309 2918 5378 ejus
2957 5308 3214 5378 precibus
3247 5317 3578 5374 consequar,
3600 5310 3656 5358 et

2075 5401 2222 5474 quod
2265 5402 2537 5472 reliquum
2565 5411 2652 5457 est
2687 5402 2815 5454 vita:
2850 5401 3007 5470 juxta
3033 5399 3210 5469 ipsius
3236 5405 3508 5467 praecepta
3543 5411 3658 5466 per-

2078 5510 2254 5566 agam.
2289 5493 2482 5560 Qualis
2533 5509 2666 5562 ergo
2710 5493 2757 5548 is
2816 5493 3000 5557 fuerit,
3033 5501 3087 5545 et
3115 5491 3321 5561 quibus
3375 5489 3657 5545 laboribus

2079 5586 2314 5654 gratiam
2350 5584 2590 5638 divinam
2647 5584 2959 5645 attraxerit,
2992 5584 3129 5637 satis
3160 5583 3358 5637 docere
3393 5583 3495 5637 ista
3531 5594 3657 5650 pos-

2080 5687 2230 5731 sunt.
2271 5676 2378 5731 Sed
2419 5685 2472 5730 et
2505 5677 2730 5746 dignum
2789 5676 3074 5729 laboribus
3114 5676 3373 5728 honorem
3404 5673 3568 5728 etiam
3603 5672 3658 5726 in

2081 5766 2188 5821 boc
2232 5767 2436 5822 smeulo
2477 5781 2625 5821 mors
2671 5763 2793 5832 ejus
2831 5771 3129 5820 Consecuta
3153 5773 3255 5819 est.
3279 5761 3481 5818 Omnes
3512 5762 3659 5816 enim

2087 5868 2200 5917 tum
2226 5862 2397 5928 cives,
2424 5868 2538 5915 tum
2578 5857 2873 5932 peregrini,
2905 5867 2956 5912 et
2981 5857 3072 5928 qui
3105 5854 3412 5927 praecipuos
3445 5853 3662 5926 1216
