4030 6402
426 403 546 471 Mli
1408 405 1897 465 TIIEODORETI
1938 405 2277 465 EPISCOPI
2303 379 2672 468 CYRENSIS
3560 393 3698 464 1-H?

421 525 684 596 gerebant
719 523 1094 594 magistratus,
1123 538 1340 578 sacrum
1368 521 1500 575 illud
1531 515 1790 575 feretrum
1819 521 2009 576 hume-

2122 525 2447 594 προσευχῆς,
2505 525 2602 577 καὶ
2632 523 2693 577 τὸ
2723 522 3041 592 λειπόμενον
3071 518 3168 592 τῆς
3205 517 3352 589 ζωῆς
3407 515 3552 572 κατά
3598 515 3702 578 τὰς

422 617 504 670 ris
536 617 654 669 suis
714 623 1036 686 gestantes,
1073 615 1126 668 in
1190 614 1651 684 triumphantium
1704 623 2008 684 martyrum

2122 615 2403 686 ὑποθήκας
2449 617 2548 679 τάς
2599 617 2808 670 ἐκείνου
2849 615 3154 670 ἐπιϐιῶναι.
3221 613 3435 674 Ὀποίος
3473 608 3571 679 μὲν
3608 602 3705 660 οὖν

421 709 688 776 templum
743 706 1125 774 deportarunt,
1157 715 1370 758 etcum
1420 703 1623 757 divinis
1683 701 1789 757 illis
1848 701 2009 769 viris,

2122 708 2326 769 ἐκεῖνος
2373 703 2465 778 ἦν,
2506 709 2600 761 καὶ
2641 708 2775 773 οἵοις
2825 709 3170 780 χρησάμενος
3205 706 3388 766 πόνοις
3419 701 3518 768 τὴν
3551 698 3704 752 θείαν

419 799 698 868 Apbraate
747 813 810 850 ac
843 796 1155 850 Theodosio
1179 835 1193 858 ,
1226 804 1480 849 sanctum
1524 794 1744 864 Deoque
1777 795 2007 849 charum

2122 799 2468 852 ἐπεσπάσατο
2485 801 2668 870 χάριν,
2694 801 2853 855 ἱκανά
2885 802 2977 854 καὶ
3006 800 3180 854 ταῦτα
3198 796 3428 861 διδάξαι.
3459 791 3706 856 Ἐδέξατο

421 890 545 960 ejus
563 905 768 958 corpus
794 889 1195 956 deposuerunt.
1224 885 1408 941 Gloria
1452 895 1634 939 autem
1657 894 1862 941 aeterna
1895 901 2011 940 ma-

2122 887 2175 940 δὲ
2225 888 2374 957 ὅμως
2427 889 2522 942 καὶ
2569 892 2712 944 κατά
2759 891 2910 945 τόνδε
2950 890 3039 944 τὸν
3075 890 3190 960 βίον
3233 891 3266 959 ὴ
3317 882 3543 953 τελευτὴ
3594 879 3707 934 τῶν

424 991 536 1044 net,
569 995 731 1049 quam
761 979 945 1032 delere
978 979 1124 1031 nulla
1154 985 1290 1030 artas
1317 978 1516 1047 possit.
1549 976 1662 1032 Nos
1698 991 1850 1040 vero,
1879 991 2011 1030 nar-

2123 978 2298 1032 πόνων
2325 979 2483 1044 ἀξίαν
2514 981 2702 1052 τιμήν.
2741 982 3014 1045 ’Ἅπαντες
3056 982 3166 1052 γὰρ
3212 979 3306 1032 καὶ
3340 977 3576 1037 πολῖται,
3612 971 3710 1024 καὶ

423 1072 626 1126 rationi
652 1073 758 1125 line
787 1070 1069 1140 imposito,
1089 1085 1312 1126 suavem
1340 1085 1405 1125 ex
1436 1069 1754 1124 narratione
1782 1069 2008 1124 odorem

2122 1070 2283 1136 ξένοι,
2326 1075 2419 1125 καὶ
2452 1075 2500 1127 oi
2551 1075 2650 1138 τὰς
2702 1075 2946 1145 μεγάλας
2995 1073 3169 1144 ἀρχάς
3199 1069 3506 1138 οἰκονομεῖν
3539 1079 3710 1117 πεπι-

422 1164 799 1234 percepiII‘-US.
2123 1164 2431 1234 στευμένοι,
2459 1166 2557 1238 τὴν
2587 1169 2739 1240 ἱεράν
2773 1169 2990 1239 ἐκείνην
3021 1167 3113 1220 ἐπὶ
3166 1164 3276 1219 τῶν
3310 1161 3477 1232 ὤμων
3510 1157 3708 1228 φέρον-

419 1277 512 1322 τες
537 1259 744 1329 κλίνην,
773 1261 852 1322 είς
885 1257 976 1310 τὸν
1010 1258 1118 1310 τῶν
1156 1255 1472 1329 νικηφόρων
1507 1257 1806 1326 μαρτύρων
1839 1254 2006 1326 σηκὸν
2083 1257 2448 1329 ἁπεκόμισαν,
2495 1264 2589 1316 καὶ
2661 1263 2798 1333 μετὰ
2843 1264 2950 1317 τῶν
2999 1260 3156 1314 θείων
3199 1257 3423 1312 ἐκείνων
3473 1248 3707 1321 ἀνδρῶν,

433 1351 741 1420 Ἀςρραάτου
772 1350 1184 1416 καὶθεοδοσίου,
1224 1349 1285 1402 τὸ
1316 1351 1471 1418 ἆγιον
1514 1349 1692 1400 ἐκεῖνο
1733 1347 1828 1399 καὶ
1857 1345 2098 1412 θεοφιλὲς
2133 1348 2439 1420 κατέθηκαν
2472 1353 2650 1424 σῶμα.
2722 1351 2796 1406 Τὸ
2833 1351 2891 1406 δὲ
2923 1351 3076 1414 κλέος
3134 1349 3350 1420 ἔμεινεν
3421 1343 3710 1404 ἄσϐεστον,

421 1445 514 1497 καὶ
543 1442 714 1505 οὐδεὶς
757 1441 912 1494 τοῦτο
951 1441 1140 1512 χρόνος
1171 1441 1434 1510 ἀφανίσαι
1467 1439 1776 1508 δυνήσεται.
1813 1435 2002 1508 Ἡμεῖς
2043 1437 2100 1492 δὲ
2127 1439 2279 1506 τέλος
2300 1443 2582 1508 ἐπιθέντες
2652 1444 2729 1517 τῷ
2770 1446 3097 1516 διηγήματι,
3163 1442 3264 1514 τὴν
3337 1439 3445 1494 ἀπὸ
3487 1436 3589 1506 τῆς
3633 1433 3709 1487 ἃ-

422 1539 676 1608 ηγήσεως
709 1534 930 1587 εὐωδίαν
982 1531 1445 1605 ὲκαρπωσάμεθα.

881 1626 1020 1682 XIV.
1057 1658 1125 1667 —
1161 1625 1540 1680 MAlSYMAS.

2615 1628 2712 1682 ΙΝ.
2734 1660 2802 1670 -
2823 1625 3208 1683 ΜΑῙΣΥΜΛΣι

496 1721 617 1776 Νοη
643 1736 764 1775 sum
800 1721 1046 1782 nescius,
1076 1721 1219 1790 apud
1250 1719 1651 1774 Antiochenam
1683 1717 1875 1773 urbem
1905 1714 2012 1769 alia

2190 1717 2321 1778 Οἶδα
2375 1720 2476 1794 μὲν
2514 1723 2588 1786 ὡς
2642 1723 2791 1775 ἄλλοι
2846 1722 3032 1775 πολλοὶ
3079 1721 3232 1792 παρὰ
3271 1719 3373 1788 τὴν
3431 1715 3710 1786 ’Δντιόχου

423 1830 645 1882 quoque
682 1813 852 1867 multa
886 1813 1110 1881 pietatis
1147 1811 1358 1864 lumina
1395 1810 1712 1870 emicuisse,
1752 1820 2008 1877 magnum

2122 1823 2272 1883 πόλιν
2323 1817 2627 1888 διέλαμψαν
2669 1814 2952 1878 εὐσεϐείας
3011 1813 3318 1884 φωστῆρες,
3360 1807 3602 1879 Σεϐἧρός
3648 1825 3710 1859 τε

427 1906 714 1968 Severum,
758 1913 812 1959 et
849 1905 1071 1958 l’etrnm
1109 1902 1453 1973 Aigyptium,
1493 1910 1548 1956 et
1580 1899 1930 1971 Eutychium,
1959 1905 2014 1952 et

2122 1925 2148 1976 θ
2188 1918 2382 1991 μέγας.
2412 1910 2507 1964 καί
2534 1911 2564 1962 ὁ
2591 1907 2890 1975 ΑἰΥύπτιος
2916 1905 3162 1976 Πέτρος,
3212 1902 3304 1956 καὶ
3342 1899 3608 1969 Εὐτύχιος
3639 1898 3707 1961 ¹⁶,

423 1999 710 2068 Cyrillum,
761 1997 978 2062 Mosen,
1023 1995 1329 2060 Malchum,
1381 2002 1436 2049 et
1482 1994 1622 2048 alios
1670 1993 2011 2062 complures,

424 2093 521 2158 qui
568 2089 817 2143 eamdem
863 2087 1005 2140 viam
1051 2097 1182 2142 sunt
1239 2085 1496 2155 ingressi.
1541 2083 1648 2140 Sed
1687 2085 1733 2138 si
1767 2083 2013 2137 omnium

427 2197 520 2235 res
569 2188 753 2250 gestas
814 2179 1082 2234 mandare
1142 2178 1346 2232 litteris
1395 2192 1753 2241 conaremur,
1801 2175 2014 2229 nullum

426 2273 588 2326 nobis
620 2280 838 2341 tempus
882 2271 1180 2334 sulIiceret,
1224 2278 1592 2340 praeterquam
1626 2267 1774 2339 quod
1809 2267 2016 2322 multo-

427 2380 548 2418 rum
599 2364 762 2418 lec1io
811 2363 1123 2418 satietatem
1169 2361 1365 2416 afferre
1413 2361 1578 2432 vulgo
1623 2359 1790 2416 solet.
1828 2358 1907 2412 Ex
1946 2355 2014 2412 iis

425 2473 560 2527 ergo
581 2457 674 2525 qui
713 2455 904 2525 scripti
945 2465 1097 2520 sunt,
1132 2454 1198 2508 de
1221 2434 1556 2509 omissorum
1591 2453 1700 2506 vita
1727 2451 2017 2520 conjectu-

426 2566 540 2604 ram
563 2550 749 2603 cuncti
780 2549 1074 2610 facientes,
1104 2547 1362 2602 laudibus
1381 2545 1632 2611 eﬂ‘crant,
1661 2545 2013 2610 aemulentur,

425 2651 481 2698 et
526 2642 767 2696 fructum
817 2642 1103 2711 colligant.
1142 2640 1255 2710 Ego
1288 2655 1422 2696 vero
1458 2640 1526 2694 ad
1568 2639 1694 2711 Cyri
1736 2647 1894 2709 prata
1930 2653 2017 2693 me

423 2735 732 2796 conferam,
769 2743 824 2787 et
851 2749 1164 2804 paucorum
1214 2733 1580 2802 fragrantium
1607 2731 2016 2786 formosorum-

424 2842 533 2895 que
556 2827 608 2879 in
635 2826 721 2880 liis
745 2825 941 2879 ﬂorum
971 2824 1438 2899 pulchritudinem
1467 2840 1564 2895 pro
1595 2823 1807 2879 viribus
1839 2838 2012 2894 expo-

426 2933 575 2972 nam.

499 3104 517 3124 ‘
559 3099 688 3154 Fuit
725 3108 854 3156 ante
889 3108 1139 3156 nostram
1181 3107 1396 3154 aetatem
1437 3097 1733 3168 Maisymas
1765 3096 2013 3168 quidam,

2117 1990 2215 2064 xui.
2263 2003 2554 2075 Κύριλλος,
2591 1997 2835 2066 Μωῦσῆς
2863 2013 2942 2060 τε,
2973 1995 3066 2048 καὶ
3114 1992 3356 2063 Μάλχος,
3407 1991 3502 2044 καὶ
3528 1990 3705 2058 ’ἑτεροι

2119 2101 2365 2156 πλεῖστοι
2394 2095 2494 2167 τὴν
2518 2091 2686 2162 αὐτὴν
2714 2088 2939 2161 πορείαν
2965 2085 3302 2148 ὁδεύσαντες.
3357 2082 3498 2138 Ἀλλ’
3526 2083 3576 2134 εί
3612 2081 3711 2150 τὴν

2127 2191 2389 2246 ἁπάντων
2421 2183 2702 2240 πολιτείαν
2747 2179 3064 2251 συγγράψαι
3110 2176 3531 2247 πειραθείημεν,
3566 2174 3708 2237 ἄπας

2118 2286 2252 2354 ἡμῖν
2293 2282 2392 2334 οὐκ
2443 2277 2732 2350 ἀρκέσειεν
2774 2276 2802 2329 ὁ
2854 2274 3082 2344 χρόνος·
3135 2271 3312 2334 ἄλλως
3362 2286 3420 2321 τε
3485 2269 3566 2334 δὲ,
3614 2271 3712 2322 καὶ

2119 2374 2430 2448 προσκορὴς
2459 2372 2572 2434 τοῖς
2602 2367 2819 2431 πολλοῖς
2863 2369 2896 2437 ἡ
2923 2365 3030 2419 τῶν
3063 2364 3328 2417 πλειόνων
3382 2362 3708 2429 ἀνάγνωσις.

2131 2468 2226 2521 Ἐκ
2255 2465 2366 2518 τῶν
2412 2459 2841 2533 συγγραφέντων
2879 2457 3060 2510 τοίνυν
3105 2456 3200 2509 καὶ
3246 2454 3339 2508 τὸν
3383 2452 3490 2506 τῶν
3533 2469 3712 2520 παρα·

2119 2554 2450 2625 λειφθέντων
2479 2549 2908 2621 τεκμαιρόμενοι
2947 2545 3084 2616 βίον,
3124 2544 3546 2613 εὐφημείτωσαν
3577 2541 3715 2594 ποίν⁴

2117 2665 2230 2715 τες,
2292 2644 2390 2700 καὶ
2445 2641 2816 2712 ζηλούτωσαν,
2860 2638 2955 2692 καὶ
2997 2637 3096 2708 τὴν
3142 2635 3411 2704 ὠφέλειαν
3467 2634 3713 2706 καρπούο

2121 2739 2358 2794 σθωσαν.
2426 2734 2570 2805 Ἐγὼ
2620 2734 2677 2788 δὲ
2721 2732 2816 2787 ἐπὶ
2862 2732 2986 2794 τοὺς
3035 2731 3134 2800 τῆς
3188 2730 3372 2800 Κύρου
3439 2728 3713 2798 λειμῶνας

2117 2832 2476 2902 διαθήσομαι,
2534 2826 2630 2882 καὶ
2679 2825 2790 2879 τῶν
2845 2826 2904 2878 ὲν
2955 2823 3168 2884 τούτοις
3226 2819 3446 2875 εὐωδῶν
3503 2837 3564 2872 τε
3619 2819 3714 2872 καὶ

2119 2924 2344 2978 εὐειδῶν
2383 2921 2592 2976 ἀνθέων
2615 2918 2811 2987 ὀλίγων
2831 2917 2905 2980 ὡς
2941 2916 3021 2969 ἔνι
3053 2915 3294 2986 μάλιστα
3329 2911 3714 2985 παραδηλώσω

2119 3018 2218 3089 τὴν
2249 3017 2419 3088 ὥραν.

2214 3106 2468 3177 Ἐγένετό
2491 3121 2575 3167 τις
2595 3103 2894 3170 Μαισυμᾶς
2922 3104 2980 3156 ὲν
3009 3103 3122 3165 τοῖς
3153 3099 3261 3172 πρὸ
3293 3099 3450 3172 ἡμῶν
3476 3099 3713 3171 χρόνοις,

428 3191 602 3264 Syrus
643 3193 867 3262 quidem
887 3193 1134 3262 "lingua,
1175 3192 1404 3261 ruriqne
1445 3190 1750 3254 educatus,
1788 3188 1886 3244 sed
1917 3186 2013 3257 qui

2125 3199 2296 3270 Σύρος
2342 3198 2440 3269 μὲν
2463 3195 2560 3266 τὴν
2588 3193 2794 3265 φωνὴν,
2827 3195 2886 3246 ὲν
2917 3191 3178 3264 ἀγροικίᾳ
3217 3191 3274 3244 δὲ
3307 3190 3713 3261 τεθραμμένος,

427 3287 694 3338 virtutum
735 3284 984 3338 omnium
1027 3285 1306 3354 specimen
1346 3281 1620 3338 exhibuit.
1655 3282 1758 3337 Cui
1801 3295 1927 3335 cum
1962 3279 2018 3332 in

427 3377 640 3447 privata
685 3375 795 3429 vita
836 3374 1154 3436 claruisset,
1197 3375 1304 3428 vici
1352 3372 1648 3442 cujusdam
1689 3385 1822 3426 cura
1863 3385 2019 3424 com-

427 3468 601 3522 missa
639 3475 749 3522 est.
792 3465 960 3520 Sacra
1003 3481 1134 3536 ergo
1172 3465 1597 3526 administrans,
1642 3461 1852 3532 Deique
1889 3475 2020 3516 oves

428 3573 696 3629 pascens,
744 3573 808 3613 ca
860 3557 1078 3613 dicebat
1132 3568 1187 3614 et
1235 3556 1468 3629 agebat,
1519 3571 1643 3627 qua:
1695 3555 1883 3610 divina
1933 3555 2018 3609 lex

429 3651 700 3721 prmipit.
747 3649 956 3705 Ferunt
1004 3659 1186 3705 autem
1234 3650 1389 3704 illum
1431 3663 1534 3702 nec
1584 3647 1868 3714 tunicam,
1917 3662 2021 3702 nec

429 3741 658 3811 pallium
691 3747 814 3811 post
856 3741 1069 3810 1217
1108 3739 1332 3810 longum
1364 3746 1583 3808 tempus
1611 3745 1881 3802 mutasse,
1919 3736 2020 3792 sed

429 3854 556 3894 cum
598 3837 781 3892 lacera
809 3845 989 3902 erant,
1021 3837 1161 3891 alios
1191 3850 1404 3906 pannos
1425 3834 1694 3900 assuisse,
1725 3841 1890 3904 atque
1914 3831 2021 3888 hoc

429 3929 597 3984 modo
651 3929 922 3985 senectuti
978 3927 1333 3984 subvenisse.
1388 3923 1676 3994 Hospitum
1741 3939 1873 3979 vero
1931 3923 2020 3978 in-

425 4032 706 4087 upumque
758 4025 870 4070 tam
927 4015 1098 4070 alacri
1150 4015 1338 4070 animo
1397 4029 1590 4069 curam
1645 4013 1902 4084 gerebat,
1960 4019 2021 4068 ut

428 4108 852 4164 transeuntibus
875 4107 1136 4163 omnibus
1159 4105 1311 4162 fores
1330 4106 1597 4178 aperiret.
1621 4103 1776 4161 Dolia
1797 4120 2021 4177 quoque

425 4200 540 4256 duo
586 4199 852 4255 habuisse
909 4199 1153 4264 dicitur,
1209 4213 1384 4254 unum
1431 4197 1732 4263 irumenti,
1786 4199 2020 4254 alterum

424 4292 559 4358 olei,
595 4308 663 4346 ex
696 4292 900 4362 quibus
930 4305 1058 4345 cum
1099 4291 1288 4363 egenis
1323 4291 1585 4349 omnibus
1627 4305 1854 4362 semper
1892 4305 2022 4347 ero-

421 4391 604 4454 garet,
629 4382 790 4452 plena
819 4389 1004 4437 tamen
1029 4395 1249 4452 semper
1280 4389 1466 4446 erant,
1495 4380 1821 4452 Sareptanze
1842 4379 2022 4435 viduae

425 4493 696 4534 concessa
738 4476 1127 4533 benedictione
1169 4475 1256 4532 bis
1301 4478 1471 4532 etiam
1513 4475 1685 4532 doliis
1728 4475 2016 4532 attributa.

427 4567 576 4626 Idem
623 4570 827 4641 quippe
867 4567 1121 4626 omnium
1165 4567 1474 4634 Dominus,
1513 4567 1670 4624 dives
1717 4567 1774 4623 in
1824 4581 2018 4623 omnes

427 4664 523 4735 qui
569 4663 832 4719 invocant
873 4663 1032 4718 illum
1085 4679 1101 4716 :
1151 4671 1207 4718 et
1250 4660 1716 4732 quemadmodum
1766 4659 2016 4734 bydriam

429 4757 580 4814 illam
617 4764 674 4813 et
706 4769 1054 4827 campsacem
1097 4753 1374 4811 scaturire
1406 4753 1596 4825 jussit,
1625 4754 2020 4826 hospitalitatis

428 4849 705 4906 seminum
745 4847 1063 4919 manipulos
1098 4844 1360 4910 reddens,
1405 4845 1487 4901 sic
1519 4844 1848 4902 admirando
1889 4847 2021 4903 huic

426 4956 615 5014 parem
670 4940 952 4996 alacritati
1006 4939 1226 5010 copiam
1283 4939 1559 4995 retribuit.
1613 4939 1694 4995 Ad
1748 4939 2018 5012 patranda

2123 3293 2234 3346 πᾶν
2260 3291 2318 3345 δὲ
2361 3284 2500 3352 εῐδος
2539 3287 2743 3356 ἀρετῆς
2784 3285 3244 3356 ἐπιδεδειγμένος.
3294 3283 3616 3353 Διαλάμψας
3656 3283 3714 3335 δὲ

2122 3387 2182 3440 ὲν
2207 3381 2286 3454 τῷ
2310 3383 2433 3437 κατ’
2461 3379 2624 3434 αὑτὸν
2656 3378 2776 3450 βίῳ,
2808 3377 3003 3449 κώμης
3047 3372 3193 3439 τινὸς
3225 3374 3565 3446 ἐνεχειρίσθη
3613 3375 3714 3444 τὴν

2125 3477 2466 3548 ἐπιμέλειαν.
2526 3470 2848 3543 Ἰερουργῶν
2905 3469 2982 3534 δὲ,
3033 3469 3130 3523 καὶ
3175 3468 3244 3522 τὰ
3291 3467 3412 3522 θεῖα
3461 3465 3716 3538 πρόϐατα

2121 3547 2326 3642 νέμων,
2362 3569 2548 3622 ἐκεῖνα
2580 3565 2734 3633 ελεγέ
2757 3547 2827 3617 ’τε
2859 3561 2956 3617 καὶ
2999 3561 3292 3634 ἔπραττεν,
3339 3561 3484 3632 ἀπερ
3508 3564 3537 3615 ό
3571 3559 3716 3624 θεῖος

2120 3663 2442 3735 διηγόρευσε
2466 3660 2650 3729 νόμος.
2687 3655 2827 3710 Φασὶ
2856 3655 2924 3708 δὲ’
2948 3655 3112 3710 αὐτὸν
3148 3657 3286 3726 μήτε
3322 3653 3547 3725 χιτῶνα,
3574 3655 3714 3725 μήτε

2119 3757 2220 3825 τὴν
2249 3753 2478 3824 σισύραν
2500 3749 2596 3804 ἐπὶ
2617 3749 2868 3803 πλεῖστον
2883 3748 3136 3819 ἀμεῖψαι,
3160 3747 3296 3800 ἀλλά
3319 3749 3430 3810 τοῖς
3453 3747 3713 3810 ἐναὺτοίς

2120 3845 2435 3917 γενομένοις
2502 3843 2781 3913 ρήγμασιν
2835 3838 3002 3908 ἔτερα
3057 3838 3226 3908 ῥάκια
3303 3837 3714 3908 συρράπτοντα,

2120 3937 2311 3992 τοῦτον
2337 3935 2497 3989 αὑτὸν
2523 3932 2616 3986 τὸν
2645 3931 2848 4009 τρόπον
2887 3927 3213 4001 θεραπεύειν
3255 3927 3315 3981 τὸ
3359 3927 3561 3998 γῆρας.
3600 3928 3720 3999 Τῆς

2121 4031 2178 4086 δὲ
2203 4031 2311 4084 τῶν
2342 4027 2510 4092 ξένων
2533 4025 2628 4081 καὶ
2661 4025 2908 4097 πενήτων
2945 4022 3266 4093 ἐπιμελείας
3302 4020 3480 4086 οὕτως
3506 4023 3718 4092 ἐπεμε-

2121 4124 2269 4176 λεῖτο
2289 4119 2612 4191 προθύμως,
2654 4117 2731 4182 ὡς
2766 4117 2882 4180 τοῖς
2925 4112 3219 4186 παριοῦσιν
3266 4113 3474 4168 ἅπασιν
3507 4115 3720 4169 ἀναπε-

2125 4211 2386 4267 ταννύναι
2411 4210 2512 4274 τὰς
2539 4209 2728 4281 θύρας.
2765 4207 2870 4262 Δύο
2905 4207 2964 4261 δὲ
3009 4205 3204 4270 πίθους
3237 4205 3532 4277 ἐσχηκέναι
3562 4206 3721 4275 λέγε-

2128 4321 2242 4370 ται,
2275 4302 2366 4357 τὸν
2400 4303 2499 4372 μὲν
2527 4301 2701 4366 σίτου,
2725 4299 2818 4353 τὸν
2841 4299 2899 4352 δὲ
2925 4298 3129 4352 ελαίου.
3173 4298 3269 4351 Ἐκ
3305 4297 3512 4352 τούτων
3530 4298 3723 4370 ἐχορή-

2122 4410 2210 4462 γει
2242 4391 2343 4462 μὲν
2376 4391 2550 4446 ἅπασι
2577 4391 2690 4453 τοῖς
2731 4387 3008 4460 δεομένοις
3041 4386 3152 4452 ἀεὶ,
3199 4386 3432 4459 πλήρεις
3467 4385 3527 4441 δὲ
3569 4380 3721 4458 εῖχεν

2051 4525 2096 4581 D
2122 4487 2232 4552 ἀεὶ,
2278 4484 2379 4556 τῆς
2409 4487 2476 4556 τῇ
2513 4480 2801 4554 Σαραφθίᾳ
2842 4482 2990 4552 χήρα
3033 4479 3282 4551 δοθείσης
3326 4479 3576 4549 εὐλογίας
3622 4481 3721 4534 καὶ

2124 4579 2218 4634 ἐπὶ
2245 4577 2470 4640 τούτους
2515 4573 2829 4646 ἐνεχθείσης
2866 4572 2996 4636 τοὺς
3033 4571 3247 4636 πίθους.
3293 4573 3352 4625 'O
3407 4572 3518 4644 γάρ
3553 4571 3723 4636 αὐτὸς

2121 4669 2329 4742 Κύριος
2355 4668 2595 4732 πάντων,
2626 4663 2879 4718 πλουτῶν
2913 4664 2994 4727 εις
3019 4663 3228 4726 πάντας
3255 4663 3383 4728 τοὺς
3419 4663 3718 4718 ἐπικαλου-

2127 4759 2328 4830 μένους
2365 4756 2566 4812 αὑτόνδ
2595 4756 2691 4810 καὶ
2720 4754 2912 4826 ὥσπερ
2953 4753 3054 4826 τὴν
3103 4754 3294 4826 ὑδρίαν
3333 4755 3571 4825 ἐκείνην,
3622 4759 3720 4809 καὲ

2123 4850 2216 4908 τὸν
2239 4849 2544 4923 καμψάκην
2569 4845 2894 4912 ἀναϐλύζειν
2918 4845 3196 4911 ἐκέλευσε,
3225 4844 3336 4899 τῶν
3367 4846 3470 4917 τῆς
3500 4844 3722 4916 (paces.

2123 4945 2245 5008 νίας
2285 4941 2622 5014 σπερμάτων
2668 4939 2925 5010 παρέχων
2974 4939 3044 4993 τά
3074 4938 3401 5010 δράγματαο
3451 4937 3594 4993 οὕτω
3621 4942 3718 4992 καὶ

427 5048 650 5105 quoque
706 5030 978 5087 miracula
1033 5043 1292 5102 magnam
1349 5030 1422 5086 ab
1467 5029 1858 5085 universorum
1901 5028 2013 5083 Deo

2122 5036 2256 5106 τῷδε
2287 5034 2367 5106 τῷ
2393 5031 2682 5104 θαυμασίῳ
2711 5028 2913 5086 δέδωκε
2933 5031 3037 5102 τῆς
3091 5031 3405 5103 προθυμίας
3440 5033 3542 5102 τὴν
3585 5049 3718 5103 χορε-

425 5124 663 5195 adeptus
688 5132 775 5180 est
802 5121 1038 5194 gratiam
1073 5135 1089 5173 :
1121 5135 1359 5191 quorum
1398 5136 1568 5176 unum
1604 5119 1766 5176 modo
1801 5129 1859 5176 et
1884 5120 2014 5174 alte-

428 5227 550 5267 rum
583 5213 883 5284 proferam,
907 5218 1109 5292 caetera
1140 5209 1271 5265 dum
1301 5209 1372 5266 ad
1411 5210 1550 5267 alios
1578 5225 1814 5281 propero
1845 5207 2015 5264 missa

432 5303 662 5362 faciens.

501 5502 699 5578 Mulier
723 5501 974 5573 quaedam
1005 5510 1060 5557 ct
1090 5516 1295 5574 genere
1318 5511 1372 5557 et
1411 5500 1518 5556 [ide
1549 5499 1802 5565 illustris,
1847 5496 2016 5551 lilium

429 5591 646 5648 tenella
691 5588 872 5644 adhuc
914 5590 1090 5646 aetatis
1143 5589 1340 5646 morbo
1394 5587 1777 5647 conflictatum
1829 5587 2020 5643 multis

2121 5127 2287 5198 ηγίαν
2321 5125 2627 5198 ισόμετρον.
2680 5123 2985 5193 Πολλὴν-δὲ
3021 5125 3115 5177 καὶ
3140 5126 3220 5187 εἰς
3267 5124 3719 5195 θαυματουργίαν

2123 5217 2275 5290 παρά
2303 5217 2399 5271 τοῦ
2428 5215 2565 5270 Θεοῦ
2594 5214 2705 5269 τῶν
2732 5214 2870 5268 ὅλων
2899 5215 3119 5282 ἐδέξατο
3161 5215 3343 5287 χάριν.
3400 5215 3548 5278 Ἐνδς
3590 5214 3649 5269 δὲ
3681 5215 3715 5285 ἢ

2123 5307 2220 5362 δύο
2268 5307 2564 5378 θαυμάτων
2617 5306 3019 5379 μνησθησομαι,
3053 5308 3122 5362 τά
3158 5307 3214 5361 δὲ
3253 5305 3414 5361 λοιπά
3460 5309 3716 5379 παρήσω,

2127 5403 2218 5456 επὶ
2246 5403 2373 5464 τοὺς
2402 5399 2598 5464 ἄλλους
2627 5399 2804 5453 ὲλθεϊν
2836 5399 3212 5471 ἐπειγόμενος.

2201 5495 2344 5564 Γυνή
2363 5511 2467 5561 τις,
2487 5493 2583 5547 καὶ
2601 5493 2754 5563 γένει
2781 5492 2875 5549 καὶ
2899 5493 3080 5546 πίστει
3101 5493 3476 5566 κοσμουμένη,
3491 5493 3584 5548 τὸν
3600 5492 3718 5546 υἱὸν

2128 5587 2410 5660 ἀρρωστία
2445 5586 2812 5658 περιπεσόντα
2849 5585 3069 5658 (κομιδῇ
3103 5586 3160 5641 δὲ
3189 5581 3258 5658 ἦν
3293 5586 3444 5657 νέος)
3497 5586 3716 5652 πολλοῖς

1710 5771 1944 5830 νΑιιιΑε
1984 5768 2394 5830 LECTIONES.

507 5866 552 5899 “
577 5866 844 5939 Εὐτύκης.
871 5867 1090 5924 Hervet.
