4030 6404
237 417 380 484 1413

1475 423 1890 483 RELIGIOSA
1928 420 2312 482 HISTORIA.

3382 410 3517 475 liii

233 530 559 603 προῦθηκεν
595 531 822 603 ἰατροῖς.
863 531 1222 603 Ἠττηθείσης
1254 531 1310 585 δὲ
1346 532 1445 601 τῆς
1478 533 1696 603 τέχνης,
1732 533 1826 585 καὶ

1939 531 2166 586 medicis
2192 528 2500 585 curandum
2530 526 2806 582 obtulerat
2839 545 2850 580 :
2889 541 3122 596 cumque
3140 542 3230 580 ars
3259 541 3517 582 succum-

230 622 347 676 τῶν
386 621 588 694 ἰατρῶν
640 623 1046 692 ἀπειρηκότων,
1070 624 1162 676 καὶ
1207 623 1561 692 τεθνήξεσθαι
1593 623 1654 676 τὺ
1697 640 1826 675 παι-

232 713 349 766 δίον
375 713 679 784 διαρρήδην
710 713 994 774 εἰπόντων,
1033 713 1131 765 οὐκ
1165 713 1472 783 ἀπέρριψεν
1501 715 1534 783 ὴ
1568 712 1704 782 γυνὴ
1731 712 1830 774 τὰς

235 805 613 875 χρηστοτέρας
647 804 870 867 ἐλπίδας
891 822 907 836 ’
945 803 1080 857 ἀλλά
1112 803 1210 874 τὴν
1262 806 1584 875 Σουμανῖτιν
1613 805 1829 875 εκείνην

235 895 558 966 ζηλώσασα,
609 895 890 966 ἐπιτίθησι
935 899 1057 960 ταῖς
1099 897 1350 966 ἡμιόνοις
1394 897 1492 968 τὴν
1544 898 1827 968 καμάραν.

235 987 427 1057 Ταύτῃ
449 988 505 1040 δὲ
539 989 739 1057 ἑαυτὴν
774 987 868 1040 καὶ
907 988 968 1040 τὸ
1005 989 1220 1042 παιδίον
1263 991 1500 1054 ἐνθεῖσα,
1542 989 1636 1043 τὸν
1687 990 1830 1042 θεῖον

235 1081 448 1132 ἐκεῖνον
479 1078 781 1132 κατέλαϐεν
827 1079 1136 1149 ἄνθρωπον,
1174 1081 1269 1133 καί
1305 1081 1706 1151 ὀλοφυρομένη,
1737 1083 1830 1135 καὶ

235 1173 339 1242 τῆς
372 1171 593 1240 φύσεως
629 1171 1050 1225 ἐπιδεικνύουσα
1075 1173 1134 1224 τὸ
1175 1172 1367 1236 πάθος,
1403 1174 1684 1242 ἐπαμῦναι
1715 1174 1830 1227 ἱκέο

235 1280 416 1318 τευεν.
453 1263 510 1316 Ὀ
535 1263 592 1315 δὲ
623 1262 800 1316 λαϐὼν
822 1263 884 1316 τὸ
907 1263 1122 1316 παιδίον
1156 1265 1275 1316 ταῖν
1299 1266 1612 1335 χεροῖν,καί
1641 1268 1708 1335 τῇ
1735 1263 1832 1320 τοῦ

240 1356 636 1425 θυσιαστηρίου
694 1356 917 1427 κρηπῖδι
958 1356 1222 1420 πελάσας,
1265 1357 1442 1410 ἔκειτο
1471 1357 1686 1428 πρηνὴς
1738 1357 1832 1410 τὸν

237 1448 350 1502 τῶν
380 1447 574 1518 ψυχῶν
611 1447 708 1500 καὶ
741 1449 1008 1516 σωμάτων
1045 1447 1343 1502 ἀντιϐολῶν
1372 1448 1556 1518 ἰατρόν
1577 1466 1590 1479 ·
1615 1451 1708 1502 καὶ
1732 1448 1828 1500 λα-

239 1537 352 1590 ϐὼν
393 1537 492 1608 τὴν
519 1537 756 1607 αἴτησιν,
788 1537 1072 1590 ἀπέδωκεν
1105 1539 1416 1609 ἐρρωμένον
1447 1541 1512 1610 τῇ
1545 1541 1712 1610 μητρὶ
1741 1540 1832 1593 τὸν

241 1629 381 1682 υἱόν.
423 1627 566 1697 Ἐγὼ
584 1629 639 1682 δὲ
669 1627 827 1682 τοῦτο
853 1630 980 1700 παρ’
1000 1629 1171 1699 αὐτῆς
1195 1629 1408 1698 ἀκήκοα
1431 1630 1529 1699 τῆς
1559 1629 1621 1682 τὸ
1648 1629 1833 1700 θαῦμα

242 1720 613 1790 θεασαμένης,
672 1720 892 1774 καὶτοῦ
932 1721 1124 1784 παιδὸς
1167 1720 1468 1791 δεξαμένης
1507 1721 1605 1790 τὴν
1655 1739 1832 1791 σωτη-

243 1814 392 1884 ρίαν.
426 1813 564 1865 Φασὶ
593 1813 650 1866 δὲ
685 1815 776 1866 καὶ
805 1813 897 1865 τὸν
944 1813 1044 1882 τῆς
1079 1812 1274 1883 κώμης
1321 1817 1535 1885 ἐκείνης
1565 1814 1832 1884 δεσπότην

1939 622 2116 687 heret,
2153 621 2624 692 dcsperarentque
2666 619 2882 683 medici,
2921 627 2974 674 et
3017 619 3344 672 moriturum
3388 633 3521 687 pue-

1940 729 2062 767 rum
2096 714 2238 767 haud
2282 713 2447 767 dubie
2471 711 2822 774 aflirmareut,
2854 727 2981 781 spes
3021 712 3280 764 meliores
3323 710 3522 764 mulier
3629 741 3632 743 λ

1941 823 2048 861 non
2097 807 2322 875 ahjecit,
2347 806 2442 860 sed
2475 804 2856 859 Suuanitidem
2889 805 3134 866 imitans,
3172 805 3363 857 lectica
3403 818 3523 855 mu-

1939 898 2096 952 labns
2149 896 2430 966 imposita,
2482 897 2535 949 in
2585 910 2704 949 eam
2755 895 3062 950 ascendens
3112 910 3236 948 cum
3289 895 3402 947 filio
3448 894 3518 947 ad

1940 988 2189 1070 divinum
2228 989 2406 1042 virum
2449 990 2732 1058 pervenit,
2773 989 3074 1058 Ingensque
3118 997 3170 1042 et
3207 995 3516 1041 maternum

1951 1083 2206 1137 aﬂectum
2245 1081 2564 1150 praeferens,
2625 1081 2747 1152 ejus
2799 1096 2957 1150 opem
3017 1079 3372 1148 implorabat.
3426 1077 3522 1133 ille

1940 1175 2164 1229 sublato
2195 1173 2452 1226 manibus
2486 1187 2687 1241 puero,
2722 1179 2776 1224 et
2813 1169 2878 1224 ad
2911 1169 3086 1223 basim
3117 1169 3310 1222 altaris
3348 1167 3520 1236 depo-

1941 1266 2071 1330 sito,
2105 1265 2259 1319 humi
2287 1276 2596 1334 prostratus
2627 1265 2936 1318 animarum
2968 1277 3373 1330 corporumque
3402 1277 3520 1313 me-

1941 1357 2122 1413 dicum
2150 1365 2292 1423 orat,
2331 1357 2553 1425 votique
2587 1372 2814 1424 compos
2836 1356 3008 1408 filium
3043 1356 3200 1406 matri
3237 1354 3477 1407 restituit
3505 1371 3517 1406 :

1942 1462 2107 1522 atque
2154 1451 2258 1506 hoc
2303 1466 2403 1521 ego
2447 1450 2663 1519 1213
2713 1450 2781 1502 ab
2831 1449 2920 1502 illa
2977 1448 3092 1516 ipsa
3141 1446 3349 1508 audivi,
3399 1462 3524 1514 qua:

1941 1543 2269 1597 miraculum
2324 1540 2558 1603 viderat,
2615 1541 2820 1607 filiique
2881 1539 3116 1593 salutem
3179 1539 3520 1607 impetrarat.

1941 1633 2150 1690 Ferunt
2196 1633 2385 1698 etiam,
2433 1646 2557 1685 cum
2598 1632 2839 1685 venisset
2889 1629 3186 1700 aliquando
3228 1630 3334 1683 vici
3374 1631 3521 1684 illius

1943 1726 2202 1781 dominus
2263 1724 2512 1795 (Letoius
2563 1723 2651 1777 hic
2697 1732 2836 1786 erat,
2893 1722 3251 1776 Antiochenze
3296 1720 3522 1790 quidem

1943 1819 2110 1874 Curia:
2134 1819 2411 1887 princeps.
2447 1815 2540 1870 sed
2566 1817 2658 1885 qui
2678 1815 2962 1885 gentilium
2995 1815 3232 1884 caligine
3256 1815 3521 1868 obsessus

241 1905 579 1974 ἀφικόμενόν
625 1921 776 1959 ποτε.
817 1904 1060 1975 Λητώῖος
1091 1906 1131 1936 ⁵⁷
1167 1907 1224 1959 δὲ
1273 1903 1341 1976 ἦν
1370 1899 1524 1969 οὗτος
1571 1907 1694 1977 (τῆς
1735 1908 1831 1973 μὲν

1940 1912 2280 1980 tenebatur),
2314 1911 2502 1964 acrius
2531 1923 2694 1978 quam
2727 1924 2826 1978 par
2859 1917 2979 1962 erat
3015 1905 3229 1961 fructus
3257 1922 3518 1975 agrorum

255 1995 584 2065 ’Λντιοχέων
635 1995 829 2066 βουλῆς
877 1997 946 2050 τὰ
1013 2000 1257 2067 πρωτεῖα
1303 1998 1464 2067 ἔχων,
1512 1998 1832 2062 δυσσεϐείας

241 2088 299 2141 δὲ
332 2089 698 2159 κατεχόμενος
725 2088 934 2159 ζόφῳ),
970 2091 1322 2162 σφοδρότερον
1361 2091 1394 2162 ἢ
1429 2091 1536 2144 ἔδει
1570 2094 1698 2155 τοὺς
1735 2109 1833 2162 γη-

241 2181 444 2244 πόνους
499 2181 930 2252 εἰσπράττεσθαι
969 2183 1094 2244 τοὺς
1145 2182 1426 2252 καρπούς·
1459 2183 1555 2235 τὸν
1587 2183 1644 2236 δὲ
1689 2184 1832 2237 θεῖον

241 2273 454 2324 ἐκεῖνον
485 2271 775 2342 ἄνθρωπον
807 2273 934 2342 περί
957 2273 1367 2343 φιλανθρωπίαν
1403 2275 1747 2343 εἰσηγεῖσθαί
1771 2293 1830 2328 τε

241 2364 341 2418 καὶ
371 2367 681 2435 παραινεῖν,
733 2367 828 2418 καὶ
856 2365 984 2429 τοὺς
1019 2366 1149 2436 περὶ
1181 2366 1364 2430 ἐλέους
1417 2367 1510 2420 καὶ
1539 2368 1722 2421 οἴκτου
1752 2369 1832 2421 δι-

242 2453 450 2519 εξιέναι
501 2455 731 2524 λόγους·
775 2455 866 2509 τὸν
911 2456 969 2509 δὲ
1015 2459 1194 2526 μεῖναι
1236 2456 1337 2527 μὲν
1378 2458 1720 2527 ἀμείλικτον,
1764 2461 1830 2529 τῇ

243 2548 414 2619 πείρᾳ
447 2547 503 2601 δὲ
534 2550 739 2616 γνῶναι
769 2553 868 2618 τῆς
911 2549 1166 2613 ἀπειθίας
1204 2550 1306 2616 τὴν
1336 2550 1560 2620 βλάϐην.
1611 2551 1831 2622 Ἐπειδὴ

243 2637 356 2707 γὰρ
387 2638 645 2707 ἀπαίρειν
680 2637 810 2703 ἔδει,
843 2639 938 2692 καὶ
989 2637 1049 2692 τὸ
1089 2636 1281 2706 ζεῦγος
1316 2635 1384 2709 ἦν
1417 2639 1702 2711 εὐτρεπὲς,
1737 2639 1834 2692 καὶ

245 2728 479 2791 καθίσας
520 2728 742 2782 ἐκέλευε
795 2728 873 2800 τῷ
927 2731 1129 2801 ἡνιόχῳ
1160 2729 1500 2802 παροτρῦναι
1547 2731 1644 2794 τὰς
1673 2732 1834 2802 ἡμιό-

245 2836 393 2884 νους,
444 2821 500 2872 αἱ
549 2820 646 2889 μὲν
688 2813 873 2873 εἷλκον
928 2822 1094 2874 παντὶ
1130 2821 1305 2875 σθένει
1353 2821 1690 2892 βιαζόμεναι,
1742 2821 1835 2875 καὶ

244 2912 430 2966 ἕλκειν
458 2912 550 2964 τὸν
591 2912 765 2984 ῥυμὸν
804 2913 1184 2982 ἐπειγόμεναι,
1229 2914 1280 2964 οἱ
1327 2911 1382 2965 δὲ
1413 2913 1599 2983 τροχοὶ
1633 2911 1834 2983 σιδήρῳ

245 3006 341 3059 καὶ
393 3005 630 3075 μολίϐδῳ
667 3005 1120 3075 προσδεδεμένοις
1167 3003 1452 3074 ὲῴκεισαν.
1517 3004 1735 3074 Ἐπειδὴ
1775 3005 1834 3058 δὲ

246 3097 340 3150 καὶ
372 3095 481 3148 τῶν
521 3095 799 3167 ἀγροίκων
830 3096 893 3148 τὸ
943 3096 1148 3166 πλῆθος
1184 3095 1400 3168 μοχλοῖς
1449 3097 1576 3158 τοὺς
1607 3097 1834 3168 τροχοὺς

246 3187 552 3251 άνεκίνουν,
598 3182 756 3239 οῦδὲν
791 3187 954 3239 πλέον
995 3187 1279 3258 ἐπέραινε,
1313 3187 1424 3242 τῶν
1462 3189 1832 3260 εύνουστέρων

244 3297 329 3343 τις
364 3279 443 3349 τῷ
475 3279 708 3350 Λητωῒῳ
734 3279 1067 3350 παρεδεύων,
1101 3280 1200 3350 τὴν
1222 3281 1406 3334 αἰτίαν
1434 3282 1711 3352 σημαίνει,
1737 3280 1830 3335 τὸν

247 3372 399 3441 ἱερέα
472 3371 563 3424 τὸν
621 3371 935 3444 πρεσϐύτην
980 3371 1290 3442 ἐπαρᾶσθαι
1341 3371 1550 3440 λέγων,
1609 3376 1704 3428 καὶ
1755 3373 1830 3438 ώς

245 3466 520 3536 προσήκει
572 3465 764 3519 τοῦτον
835 3467 1042 3537 εὐμενῆ
1101 3467 1468 3536 καταστῆσαι.
1522 3467 1829 3538 Τοιγαροῦν

245 3557 498 3628 πηδήσας
529 3557 640 3611 ἀπὸ
669 3556 764 3611 τοῦ
797 3557 1049 3625 ζεύγους,
1081 3557 1292 3610 ἱκέτευε
1326 3557 1386 3610 ὃν
1413 3557 1667 3610 διέπτυσε
1688 3574 1702 3588 ⁸
1736 3559 1830 3612 καὶ

243 3648 352 3702 τῶν
393 3649 575 3702 ποδῶν
607 3649 1159 3721 προκαλινδούμενος,
1193 3648 1290 3702 καί⁸
1322 3649 1394 3702 τὰ
1426 3648 1635 3720 πιναρά
1665 3649 1830 3718 ῥάκια

244 3741 756 3812 περιπτυσσόμενος
787 3782 800 3804 ,
838 3741 1072 3811 χαλάσαι
1101 3741 1203 3811 τὴν
1237 3740 1406 3812 ὀργὴν
1445 3741 1736 3811 ἠντιϐόλει.
1774 3743 1835 3795 '0

244 3834 302 3887 δὲ
336 3835 437 3904 τὴν
475 3833 716 3887 ἱκετείαν
741 3833 1058 3904 δεξάμενος,
1096 3835 1191 3888 καὶ
1224 3834 1431 3906 ταύτην
1474 3833 1554 3906 τῷ
1586 3836 1836 3909 Δεσπότῃ

247 3925 660 3997 προσενεγκὼν,
689 3925 850 3979 ἔλυσε
877 3926 987 3981 τῶν
1027 3926 1242 3998 τροχῶν
1273 3928 1400 3992 τοὺς
1448 3929 1717 3999 ἀοράτους
1745 3927 1835 3980 δε·-

245 4019 442 4089 σμοὺς,
475 4019 576 4072 κα)⁵
599 4018 864 4090 φέρεσθαι
895 4018 1144 4090 συνήθως
1171 4019 1234 4072 τὸ
1264 4018 1454 4091 ὄχημα
1482 4020 1834 4092 παρεσκεύα-

245 4127 326 4166 σε.
360 4110 542 4166 Πολλά
563 4112 620 4164 δὲ
648 4112 743 4166 καὶ
769 4111 904 4166 ἄλλα
935 4111 1162 4166 τοιαῦτα
1200 4113 1331 4185 περὶ
1367 4116 1466 4184 τῆς
1501 4113 1652 4179 θείας
1683 4114 1832 4168 ὲκεί-

245 4220 341 4275 νης
389 4203 636 4275 κεφαλῆς
664 4204 1004 4274 διηγοῦνται.
1045 4206 1203 4259 Ἔστι
1251 4205 1310 4259 δὲ
1355 4207 1453 4260 καὶ
1506 4207 1573 4260 ὲκ
1625 4206 1835 4261 τούτων

246 4295 621 4366 καταμαθεῖν,
672 4294 749 4359 ὡς
790 4296 998 4367 ἥκιστα
1050 4295 1295 4350 λωϐᾶται
1349 4299 1465 4362 τοῖς
1521 4297 1834 4368 φιλοσοφεῖν

243 4388 704 4460 προαιρουμένοις
745 4389 779 4458 ἠ
831 4389 890 4441 ὲν
936 4388 1128 4443 ἄστεσι
1160 4389 1254 4442 καὶ
1309 4388 1530 4461 κώμαις
1556 4392 1828 4465 διατριϐή.

247 4482 459 4548 Ἐδειξε
485 4481 597 4554 γὰρ
624 4477 782 4545 οὗτός
813 4498 874 4534 τε
902 4480 999 4534 καὶ
1023 4481 1073 4534 οἰ
1099 4479 1225 4534 κατ’
1248 4481 1413 4535 αὐτὸν
1435 4482 1537 4554 τῆς
1565 4483 1661 4536 τοῦ
1695 4483 1831 4541 Θεοῦ

1938 2004 2191 2072 exegisse
2224 2017 2252 2055 a
2292 2001 2532 2064 colonis,
2565 2000 2925 2067 divinumque
2955 1997 3130 2051 virum
3166 1998 3231 2050 ad
3268 1995 3526 2051 humani-

1935 2104 2101 2150 tatem
2135 2097 2151 2116 ⁹
2183 2095 2334 2148 illum
2369 2093 2718 2155 informasse,
2750 2091 3142 2157 hortatumque
3177 2104 3322 2155 esse,
3358 2103 3421 2142 ac
3453 2088 3524 2142 de

1937 2187 2322 2243 misericordia
2377 2194 2431 2239 et
2484 2183 2822 2252 benignitate
2861 2183 3026 2235 verba
3071 2179 3270 2234 fecisse
3316 2198 3329 2233 :
3366 2179 3521 2231 illum

1940 2297 2068 2335 vero
2117 2277 2522 2349 implacabilem
2572 2274 2917 2345 perstitisse,
2977 2273 3072 2327 sed
3124 2270 3520 2325 obstinationis

1937 2374 2197 2427 damnum
2242 2367 2585 2438 experientia
2628 2365 2911 2420 didicisse.
2960 2363 3098 2418 Nam
3140 2377 3264 2416 cum
3307 2361 3522 2415 abeun-

1936 2462 2064 2516 dum
2111 2469 2277 2522 esset,
2310 2459 2591 2528 rhedaque
2620 2467 2834 2527 parata,
2883 2455 3082 2510 sedens
3124 2454 3240 2523 ipse
3276 2453 3520 2522 aurigam

1936 2556 2118 2608 mulas
2161 2554 2397 2606 incitare
2437 2550 2785 2620 praeciperet,
2823 2546 3212 2601 eluctabantur
3250 2545 3356 2598 illm
3396 2543 3522 2614 qui-

1935 2647 2058 2700 dem
2098 2647 2232 2699 totis
2273 2644 2505 2706 viribus,
2550 2649 2605 2696 et
2646 2641 2873 2695 rhedam
2913 2639 3132 2692 trahere
3177 2635 3522 2695 nitebantur,

1937 2738 2034 2794 sed
2068 2746 2204 2792 rotae
2235 2736 2380 2791 ferro
2417 2733 2752 2806 plumboque
2783 2730 3027 2787 astricta:
3065 2728 3417 2783 videbantur.
3459 2724 3525 2779 Et

1936 2845 2061 2884 cum
2095 2827 2451 2882 rusticorum”
2477 2839 2699 2894 quoque
2739 2821 3036 2876 multitudo
3082 2828 3236 2875 rotas
3278 2819 3525 2873 vectibus

1938 2912 2227 2982 impellens
2263 2910 2398 2964 nihil
2425 2911 2744 2978 proliceret,
2770 2905 3126 2959 familiarium
3153 2917 3298 2956 unus
3329 2901 3522 2956 Letoio

1935 3003 2190 3059 assidens
2214 3016 2440 3056 causam
2470 2998 2764 3069 suggessit,
2793 2996 3191 3066 imprecatione
3215 3009 3374 3049 usum
3400 3008 3523 3048 esse

1937 3095 2132 3148 dicens
2156 3108 2342 3146 senem
2365 3089 2726 3151 sacerdotem,
2755 3101 2992 3154 eumque
3013 3084 3218 3154 placari
3241 3092 3522 3153 oportere.

1939 3187 2123 3254 Quare
2165 3184 2430 3240 desiliens
2467 3182 2535 3237 de
2576 3179 2746 3235 rheda
2784 3178 3015 3249 supplex
3059 3177 3138 3230 illi
3187 3176 3364 3232 factus
3413 3184 3521 3238 est,

1938 3296 2100 3351 quem
2139 3283 2444 3348 spreverat,
2473 3274 2707 3344 ejusque
2741 3272 2976 3342 pedibus
3007 3269 3322 3332 advolutus,
3356 3275 3411 3324 et
3437 3268 3522 3322 lac

1939 3387 2100 3428 ceros
2131 3385 2347 3441 pannos
2383 3368 2740 3438 amplectere,
2780 3364 2994 3434 rogavit
3024 3372 3084 3418 ut
3127 3363 3263 3416 iram
3299 3376 3526 3431 compc-

1939 3471 2142 3520 scerct.
2164 3465 2336 3534 Cujus
2366 3461 2457 3516 ille
2485 3475 2680 3531 preces
2711 3459 3032 3521 exaudiens,
3058 3467 3107 3511 et
3137 3455 3369 3510 Domino
3393 3470 3526 3510 suas

1937 3553 2196 3616 offerens,
2219 3552 2442 3608 occulta
2465 3560 2713 3604 rotarum
2742 3548 2964 3603 vincula
2994 3547 3245 3609 resolvit,
3267 3561 3528 3600 currum-

1938 3659 2048 3714 que
2084 3643 2153 3697 de
2186 3656 2340 3696 more
2368 3639 2498 3695 ferri
2532 3638 2804 3709 permisit.
2828 3637 2961 3690 'Alia
2993 3635 3314 3704 hujusmodi
3353 3634 3525 3688 multa

1933 3731 2003 3786 de
2027 3731 2216 3785 divino
2255 3729 2348 3783 illo
2390 3728 2572 3797 capite
2621 3733 3024 3781 memorantur.
3069 3723 3148 3777 Ex
3195 3723 3285 3778 his
3335 3731 3524 3777 autem

1935 3823 2152 3880 discere
2183 3821 2332 3886 licet,
2367 3820 2602 3875 minime
2629 3818 2848 3874 officere
2876 3816 3258 3888 philosophari
3288 3815 3525 3870 volenti-

1933 3918 2061 3983 bus,
2104 3917 2150 3971 si
2189 3915 2245 3970 in
2282 3914 2515 3970 urbibus
2549 3914 2632 3968 vel
2679 3912 2737 3966 in
2780 3912 2920 3967 vicis
2961 3910 3232 3966 habitent.
3267 3909 3528 3966 Ostendit

1934 4011 2084 4066 enim
2113 4017 2168 4065 et
2197 4009 2288 4064 hic
2323 4008 2463 4078 ipse,
2499 4014 2556 4063 et
2600 4005 2695 4076 qui
2740 4004 2863 4075 ejus
2905 4003 3123 4061 similes
3173 4003 3265 4058 Dei
3312 4003 3525 4058 cultum

1935 4103 2089 4158 cordi
2116 4101 2340 4164 habent,
2361 4099 2479 4154 ﬁeri
2510 4111 2696 4169 posse,
2725 4095 2944 4168 1219
2971 4103 3031 4151 ut
3053 4095 3107 4150 in
3136 4095 3317 4152 media
3341 4094 3524 4150 homi-

1936 4209 2070 4249 num
2096 4189 2409 4263 frequentia
2441 4189 2540 4260 qui
2573 4195 2894 4254 versantur,
2931 4184 3000 4241 ad
3034 4187 3217 4256 ipsum
3253 4184 3524 4238 virtutum

1938 4305 2150 4377 apicem
2186 4302 2530 4375 perveniant.
2567 4300 2699 4356 Mihi
2743 4314 2900 4366 vero,
2939 4306 2999 4353 ut
3029 4297 3115 4354 vel
3153 4295 3320 4369 paulo
3351 4308 3526 4366 supra

1937 4393 2104 4448 imam
2132 4391 2338 4446 montis
2377 4397 2588 4461 partem
2612 4387 2908 4460 provehar,
2943 4385 3155 4443 utinam
3183 4400 3377 4442 eorum
3403 4398 3528 4455 pre-

1939 4487 2103 4542 cibus
2131 4485 2441 4555 contingat.

244 4536 913 4649 φροντισταίθεραπείας,
945 4573 1022 4637 ὼς
1049 4571 1276 4626 δυνατὸν
1342 4573 1438 4627 καὶ
1471 4536 1534 4628 tiv-
1557 4536 2438 4648 picto
2485 4572 2656 4644 αὐτῆς
2710 4536 3000 4642 ἐφικέσθαι
3034 4568 3135 4640 τῆς
3170 4569 3280 4623 τῶν
3315 4568 3528 4639 ἀρετῶν

242 4670 514 4746 κορυφῆς.
538 4663 649 4733 *Ης
696 4667 809 4737 ἐγὼ
838 4670 939 4739 τῆς
979 4666 1111 4733 γοῦν
1163 4668 1444 4739 ὑπωρείας
1483 4669 1682 4740 μικρὸν
1710 4669 1824 4726 ἀνω
1863 4671 2129 4743 γενοίμην
2159 4672 2282 4735 ταῖς
2309 4668 2520 4724 τούτων
2544 4668 2882 4740 προσευχαῖς
2910 4661 3295 4737 βοηθούμενος.

689 4760 792 4816 lE'.
821 4788 892 4799 —-
921 4757 1293 4813 ΑΚΕΨΙΜΔΣ
1318 4759 1381 4814 ⁸⁸.

327 4854 628 4926 Ἀκεψιμᾶς
653 4852 798 4908 κατά
823 4851 916 4905 τὸν
939 4851 1105 4906 αὐτὸν
1127 4851 1321 4920 γέγονε
1350 4851 1564 4923 χρόνον,
1585 4846 1647 4907 οὗ
1675 4852 1832 4919 κλέος

240 4947 375 5018 εὐρὺ
405 4945 552 5001 κατὰ
580 4946 762 4999 πᾶσαν
786 4944 885 5014 τὴν
908 4943 1045 4998 Ἕω.
1075 4938 1246 5006 Οὗτος
1274 4944 1332 4996 ὲν
1360 4943 1589 5014 οἰκίσκῳ
1610 4944 1832 5016 καθείρ-

241 5042 344 5107 ξας
371 5037 585 5102 ἑαυτὸν,
604 5036 869 5108 ἑξήκοντα
893 5034 1194 5089 διετέλεσεν
1217 5035 1335 5106 ἐτη,
1369 5037 1510 5108 μήτε
1529 5035 1826 5107 ὁρώμενος,

244 5132 386 5204 μήτε
406 5130 799 5200 φθεγγόμενος,
813 5127 928 5182 ἀλλ’
947 5130 1027 5192 εἰς
1047 5127 1240 5183 ιαυτδν
1258 5127 1450 5193 νεύων,
1475 5127 1572 5182 καὶ
1585 5127 1678 5183 τὸν
1695 5128 1828 5182 Θεὸν

241 5223 676 5295 φανταζόμενος,
727 5224 916 5276 πᾶσαν
951 5220 1164 5275 ἐκεῖθεν
1198 5220 1559 5293 ψυχαγωγίαν
1591 5221 1828 5292 ἐδέχετο,

241 5317 386 5373 κατά
416 5317 517 5389 τὴν
539 5313 880 5387 προφητείαν
897 5314 997 5386 τὴν
1025 5313 1310 5384 λέγουσαν⁶
1340 5333 1360 5366 ι
1390 5313 1830 5387 Κατατρύφησον

241 5410 340 5464 τοῦ
351 5409 581 5480 Κυρίου,
595 5408 690 5463 καὶ
701 5406 812 5479 δῴη
831 5407 998 5478 σοι,τά
1018 5409 1296 5479 αἰτήματα
1320 5407 1420 5478 τῆς
1433 5406 1661 5478 καρδίας
1677 5425 1792 5464 σου.
1806 5429 1825 5463 ι

243 5502 348 5559 Διά
383 5518 530 5565 τινος
556 5501 612 5556 δὲ
655 5499 890 5572 βραχέος
916 5499 1234 5571 ὀρύγματος
1263 5499 1362 5570 τὴν
1399 5501 1559 5574 χεῖρα
1603 5499 1825 5572 προτει-

322 5613 507 5671 lPsal.
541 5629 726 5678 xxxvi,
761 5613 813 5668 4.

1865 4765 1912 4822 D

2390 4759 2511 4816 XV.
2549 4789 2624 4802 —
2659 4755 3078 4814 ACEPSIMAS.

2007 4852 2116 4911 Per
2139 4853 2284 4909 idem
2321 4859 2540 4922 tempus
2560 4849 2888 4920 Acepsimas
2911 4846 3036 4911 fuit,
3060 4845 3222 4917 cujus
3244 4845 3390 4902 fama
3419 4847 3528 4904 late

1937 4963 2134 5020 Sparsa
2190 4954 2278 5003 est
2331 4959 2429 5014 per
2471 4942 2778 5000 Orientem.
2823 4942 2874 4997 Is
2911 4956 3038 4996 cum
3085 4941 3142 4994 in
3188 4939 3525 4995 domuncula

1937 5041 2182 5110 seipsum
2238 5034 2596 5100 inelusisset,
2650 5047 2831 5087 annos
2877 5030 3147 5101 transegit
3197 5029 3522 5100 sexaginta,

1941 5145 2042 5187 nec
2080 5129 2177 5184 ulli
2207 5126 2364 5183 visus
2388 5163 2404 5190 ,
2439 5138 2543 5180 nec
2585 5123 2757 5178 ullum
2787 5121 3124 5190 alloquens:
3185 5118 3282 5174 sed
3319 5120 3376 5172 in
3430 5133 3523 5173 sea

1941 5225 2124 5295 ipsum
2150 5223 2394 5281 intuens,
2417 5216 2698 5287 Deumque
2713 5213 3118 5283 contemplans,
3148 5225 3364 5265 omnem
3396 5209 3526 5266 inde

1939 5315 2192 5386 capiebat
2217 5308 2676 5372 consolationem,
2698 5307 2856 5377 juxta
2878 5305 3262 5374 propheticum
3289 5303 3522 5360 dictum:

1945 5427 1964 5460 ι
2018 5407 2303 5462 Delectare
2347 5403 2402 5458 in
2446 5400 2719 5463 Domino,
2771 5407 2830 5454 et
2880 5398 3034 5453 dabit
3089 5397 3183 5452 tibi
3235 5396 3525 5467 petitiones

1939 5499 2127 5556 cordis
2153 5497 2232 5554 tui
2260 5497 2299 5552 ι.
2343 5514 2363 5549 ι
2399 5493 2503 5552 Per
2534 5498 2830 5564 angustum
2857 5505 2988 5548 vero
3019 5489 3267 5546 foramen
3300 5505 3526 5546 manum

1493 5696 1721 5754 VARUE
1762 5695 2170 5756 LECTIONES.

318 5801 361 5834 ⁸⁷
399 5800 664 5862 Λατώῖος.
691 5799 906 5853 Ilervet.
933 5797 1023 5853 Sic
1058 5797 1220 5850 etiam
1244 5795 1408 5854 paulo
1431 5800 1553 5866 post
1657 5791 1702 5824 ⁸⁸
1745 5789 2060 5863 Ἀκεψεμᾶς
2094 5793 2291 5848 eratin
2327 5791 2542 5850 llerveti
2587 5792 2764 5860 libro,
2813 5790 3051 5862 itemque
3089 5791 3231 5863 apud
3268 5799 3520 5845 nostrum

246 5871 395 5928 Hist.
426 5873 553 5926 ccci.
595 5870 680 5938 IV,
713 5871 801 5924 ‘25.
