4030 6416
481 397 619 462 “15

1505 389 1991 451 THEODORETI
2026 389 2362 450 EPISCOPI
2399 391 2768 454 CYRENSIS

3615 389 3752 453 Hi6

480 512 820 577 extendens,
879 511 1106 564 allatum
1157 507 1336 562 cibum
1397 505 1726 576 accipiebat.
1783 502 2055 558 Foramen

2186 525 2304 571 νων,
2357 507 2458 579 τὴν
2505 508 2880 580 κομιζομένην
2935 510 3144 581 τροφὴν
3201 509 3524 581 εἰσεδέχετο.
3572 509 3648 562 Τὸ
3696 510 3754 561 δδ

483 621 650 678 porro
695 620 803 658 non
848 612 998 658 recta
1041 600 1350 672 perfossum
1402 609 1543 663 erat,
1579 614 1648 653 ne
1695 596 2064 666 introspicere

483 698 802 754 volentibus
860 696 1088 760 liceret,
1149 692 1246 748 sed
1308 693 1530 761 oblique
1594 687 2060 744 circumductum.

485 791 654 846 Cibus
695 797 876 842 autem
911 787 985 840 illi
1018 785 1353 840 aﬂ'erebatur
1382 785 1498 838 lens
1533 797 1676 853 aqua
1710 779 2016 836 madefacta
2048 798 2062 835 :

486 884 766 950 semelque
814 881 868 933 in
921 878 1265 934 hebdomada
1305 881 1323 899 '
1367 884 1531 931 noctu
1581 889 1864 946 egressus,
1910 887 2070 943 aqua:

486 983 753 1044 quantum
815 973 952 1027 satis
1009 979 1127 1025 erat
1187 986 1255 1024 ex
1311 970 1499 1024 vicino
1552 967 1704 1022 fonte
1755 967 2066 1022 hauriebat.

484 1064 674 1132 itaque
712 1074 898 1132 pastor
917 1061 1140 1128 quidam
1173 1075 1305 1114 oves
1335 1074 1590 1130 pascens,
1624 1072 1750 1112 cum
1790 1053 1945 1110 illum
1973 1072 2071 1126 per

484 1157 743 1210 tenebras
789 1162 1101 1209 moventem
1156 1169 1216 1207 se
1265 1153 1457 1222 procul
1501 1152 1800 1221 aliquando
1849 1153 2071 1222 conspi-

483 1259 642 1302 catus
685 1247 872 1316 lupum
913 1261 1038 1302 esse
1067 1247 1391 1314 conjiceret,
1412 1246 1542 1316 quia
1569 1246 1744 1299 multo
1773 1243 1902 1298 ferri
1929 1258 2070 1296 onu-

483 1347 605 1393 stus
634 1337 880 1407 pondere
908 1336 1174 1390 incurvus
1201 1335 1527 1396 incedebat,
1564 1334 1787 1388 fundam
1817 1334 1880 1387 ad
1913 1333 2072 1402 jacu-

483 1428 710 1481 landum
739 1425 1010 1496 agitabat.
1060 1423 1166 1480 Sed
1213 1439 1335 1478 cum
1383 1440 1581 1479 manus
1628 1423 1928 1478 immobilis
1975 1423 2068 1476 diu

485 1518 1152 1588 maneret,.lapidemque
1191 1519 1443 1573 emittere
1489 1533 1596 1570 non
1639 1527 1846 1587 posset,
1889 1516 2069 1586 quoad

482 1611 708 1667 divinus
742 1611 831 1664 ille
863 1613 946 1664 vir
977 1611 1172 1666 hausta
1206 1625 1344 1679 aqua
1382 1625 1640 1663 reversus
1680 1619 1783 1668 est.
1824 1624 2070 1663 errorem

485 1704 744 1774 agnovit,
789 1716 1118 1770 summoque
1161 1715 1321 1754 mane
1357 1700 1424 1754 ad
1471 1700 1692 1754 virtutis
1727 1701 2070 1771 gymnasium

481 1793 784 1864 mofecttts,
803 1793 949 1862 quod
970 1791 1252 1845 acciderat
1275 1792 1539 1855 narravit,
1558 1801 1610 1846 et
1629 1794 1799 1863 petita
1820 1794 1976 1848 venia
1998 1809 2074 1847 re-

483 1885 804 1941 missionem
840 1884 1176 1954 impetravit,
1202 1899 1309 1938 non
1334 1885 1515 1954 aliqua
1554 1885 1768 1954 1220
1798 1885 2072 1954 loquentis
2106 1867 2146 1924 Β

483 1994 618 2033 voce
641 1978 849 2039 audita,
869 1977 963 2031 sed
982 1993 1045 2030 ex
1067 1992 1262 2030 manus
1283 1977 1618 2031 motionibus
1639 1977 2070 2032 benevolentiam

482 2071 822 2138 intelligens.
861 2069 1021 2124 Alius
1057 2069 1303 2139 quidam,
1339 2070 1582 2139 perversi
1620 2073 1790 2125 moris
1829 2071 2073 2124 curiosi-

483 2173 597 2218 tate
627 2163 847 2224 ductus,
881 2162 1025 2215 scire
1065 2176 1236 2214 avens
1265 2168 1382 2214 toto
1414 2170 1665 2231 tempore
1693 2161 1824 2232 quid
1861 2169 2070 2232 ageret,

483 2258 765 2327 platanum
799 2253 1049 2307 maceria:
1075 2253 1394 2324 contiguam
1425 2269 1596 2308 ausus
1625 2264 1713 2309 est
1746 2254 2072 2320 ascendere,

483 2349 580 2404 sed
635 2348 882 2402 audaciae
927 2347 1167 2401 fructum
1217 2363 1342 2401 mox
1393 2349 1599 2401 retulit.
1639 2345 1874 2400 Dimidia
1921 2346 2071 2401 enim

482 2447 640 2509 parte
682 2439 937 2508 corporis
968 2437 1278 2491 labefactus
1307 2477 1322 2502 ,
1363 2439 1590 2508 supplex
1623 2438 1899 2502 accessit,
1938 2437 2075 2492 deli-

482 2541 744 2599 ctnmque
775 2530 1067 2585 confessus
1091 2538 1197 2585 est.
1227 2530 1296 2583 At
1328 2530 1417 2584 ille
1456 2531 1640 2584 excisa
1667 2530 1889 2600 platano
1920 2529 2074 2586 sani-

483 2633 650 2678 tatem
691 2631 1042 2692 recepturum
1078 2622 1348 2692 praedixit.
1385 2620 1462 2675 Ne
1487 2621 1614 2690 quis
1641 2622 1785 2676 enim
1819 2636 1887 2676 ex
1911 2621 2072 2677 simi-

483 2716 631 2771 libus
650 2718 801 2770 ausis
819 2715 934 2785 pari
959 2729 1118 2784 paena
1143 2715 1496 2782 plecteretur,
1513 2713 1762 2767 arborem
1781 2711 2074 2768 confestim

483 2805 737 2861 exscindi
784 2804 956 2875 jussit
992 2824 1005 2858 :
1050 2803 1375 2872 arborisque
1415 2803 1715 2857 sectionem
1754 2811 1943 2857 secuta
1990 2811 2075 2858 est

484 2899 744 2970 supplicii
797 2896 1087 2951 relaxatio.
1138 2895 1312 2949 Tanta
1367 2909 1500 2964 ergo
1551 2893 1654 2948 fuit
1696 2895 1873 2949 sancti
1911 2896 2076 2964 hujus

483 2992 804 3057 tolerantia,
836 2999 1157 3060 tantamque
1189 2988 1259 3042 ab
1300 2987 1628 3059 agonotheta
1664 2989 1897 3058 gratiam
1937 2990 2072 3044 ade-

482 3095 608 3153 ptus
635 3092 744 3139 est.

2169 601 2388 670 ὄρυγμα
2412 600 2473 653 οὐ
2505 601 2806 671 διαμπερὲς
2837 596 2905 670 ἦν
2952 600 3189 654 κατευθὺ
3237 602 3632 673 διωρυγμένον,
3663 601 3753 653 ἵνα

2173 693 2250 764 μὴ
2286 693 2575 764 πρόκειται
2609 695 2720 757 τοῖς
2749 695 2881 764 ὁρᾷν
2912 691 3279 763 βουλομένοις,
3314 694 3429 749 ἀλλ’
3457 693 3754 764 ὲγκάρσιον

2169 785 2238 861 ἦν
2295 787 2602 851 ἐλικοειδῶς
2647 787 3176 858 κατεσκευασμένον.
3229 785 3417 859 Τροφὴ
3476 787 3534 840 δὲ
3603 786 3754 855 αὐτῷ

2171 880 2460 952 ἐκομίζετο
2498 878 2667 949 φακὸς
2689 878 2974 950 διάϐροχος
3006 878 3159 932 ὕδατι
3183 896 3198 910 ·
3225 878 3369 946 ᾶπαξ
3396 878 3452 932 δὲ
3475 877 3576 947 τῆς
3606 877 3758 932 ἑϐδο-

2176 973 2343 1044 μάδος
2370 973 2588 1044 νύκτωρ
2617 971 2798 1039 ἐξιὼν,
2820 971 2884 1024 τὸ
2915 971 3118 1042 ἀρκοῦν
3143 971 3287 1042 ὕδωρ
3315 970 3424 1024 ἀπὸ
3451 969 3553 1038 τῆς
3583 971 3758 1025 πελα-

2172 1066 2373 1136 ζούσης
2399 1066 2635 1134 ἀνιμᾶτο
2666 1064 2872 1135 πηγῆς.
2904 1063 3014 1117 Καί
3043 1063 3176 1116 ποτέ
3199 1080 3284 1125 τις
3314 1061 3599 1135 πόρρωθεν
3623 1078 3762 1132 προ-

2171 1159 2371 1222 ϐατεὺς
2401 1157 2695 1230 θρέμματα
2731 1156 2934 1227 νέμων,
2972 1157 3196 1220 σκότους
3222 1155 3398 1221 ὄντος,
3435 1153 3759 1224 κινούμενον
3831 1227 3834 1230 γ

2173 1251 2544 1323 θεασάμενος,
2597 1251 2696 1305 xui.
2755 1248 2921 1303 λύκον
2965 1247 3340 1310 ὑποτοπάσας.
3395 1246 3760 1316 συγκεκυφὼς

2172 1343 2281 1414 γὰρ
2309 1343 2522 1408 ἐϐάδιζε
2563 1343 2767 1414 σιδήρῳ
2815 1339 2998 1412 πολλῷ
3039 1341 3423 1412 βαρυνόμενος,
3461 1339 3561 1411 τὴν
3597 1355 3762 1409 σφεν-

2171 1435 2330 1504 δόνην
2357 1433 2434 1497 ὡς
2466 1433 2614 1486 λίθον
2641 1432 2942 1487 ἀκοντίσων
2972 1431 3212 1502 ἐκίνησε.
3241 1431 3354 1501 Τῆς
3376 1431 3435 1484 δὲ
3460 1430 3643 1501 χειρὶις
3668 1431 3763 1482 ἐπὶ

2173 1525 2424 1578 πλεῖστον
2454 1525 2714 1596 ἀκινήτου
2762 1523 3054 1594 μενούσης,
3083 1523 3178 1576 καὶ
3223 1522 3446 1590 ἀφιέναι
3483 1521 3576 1573 τὸν
3609 1519 3760 1573 λίθον

2172 1613 2232 1666 οὐ
2260 1612 2586 1684 δυναμένης,
2612 1613 2717 1676 ἓως
2747 1614 2953 1676 ἐκεῖνος
2972 1614 3001 1664 ὁ
3028 1613 3170 1676 θεῖος
3194 1610 3332 1682 ἀνὴρ
3359 1611 3422 1664 τὸ
3447 1609 3590 1682 ὕδωρ
3619 1611 3759 1681 ἀρυ-

2175 1704 2408 1773 σάμενος
2449 1703 2759 1772 ἐπανῆκεν,
2795 1702 3051 1775 αἴσθησιν
3096 1703 3195 1772 τῆς
3243 1701 3465 1770 ἀγνοίας
3515 1700 3759 1766 ἐδέξατο,

2175 1795 2268 1846 καὶ
2291 1792 2432 1864 μετὰ
2457 1793 2555 1865 τὴν
2587 1793 2664 1846 ἕω
2699 1793 3115 1864 καταλαμϐάνει
3138 1791 3205 1846 ’τὸ
3239 1793 3338 1864 τῆς
3362 1793 3566 1865 ἀρετῆς
3591 1810 3764 1862 φρον-

2174 1885 2474 1956 τιστήριον,
2511 1884 2607 1938 καὶ
2640 1884 2910 1955 διηγεῖται
2943 1884 3003 1937 τὸ
3031 1884 3273 1953 γεγονὸς,
3300 1885 3395 1939 καὶ
3430 1883 3764 1956 συγγνώμην

2175 1978 2337 2042 αἰτεῖ,
2368 1976 2462 2030 καὶ
2483 1975 2750 2046 λαμϐάνει
2778 1977 2878 2046 τῆς
2913 1976 3291 2047 πλημμελείας
3323 1975 3422 2047 τὴν
3449 1977 3666 2045 ἄφεσιν,
3701 1976 3764 2028 ού

2176 2069 2362 2138 φωνῆς
2395 2067 2780 2138 φθεγξαμένης
2802 2066 3064 2134 ἀκούσας,
3105 2067 3241 2121 ἀλλά
3269 2067 3357 2120 διὰ
3383 2067 3494 2120 τῶν
3515 2068 3614 2136 τῆς
3650 2084 3767 2138 χει.

2179 2163 2268 2232 pb;
2300 2162 2619 2232 κινημάτων
2653 2159 2986 2231 καταμαθὼν
3007 2159 3108 2230 τὴν
3134 2159 3442 2230 εὐμένειαν.
3478 2159 3674 2224 Ἀλλος
3707 2159 3765 2212 δέ

2175 2272 2299 2318 τις,
2345 2253 2610 2323 κακοήθει
2663 2253 3171 2325 πολυπραγμοσύνῃ
3225 2253 3590 2324 χρησάμενος,
3670 2254 3768 2306 καὶ

2176 2347 2380 2417 γνῶναι
2409 2346 2656 2417 ποθήσας
2689 2346 2741 2399 τί
2769 2346 2914 2417 δρῶν
2943 2346 3159 2400 ἅπαντα
3181 2345 3273 2398 τὸν
3291 2345 3484 2415 χρόνον
3511 2345 3764 2406 διετέλει,

2179 2441 2261 2504 είς
2298 2440 2398 2512 τὴν
2436 2439 2587 2512 παρά
2637 2438 2718 2510 τῷ
2772 2439 3008 2510 θριγκίῳ
3042 2437 3462 2508 πεφυτευμένην
3494 2437 3768 2491 πλάτανον

2179 2532 2451 2602 ἀναϐῆναι
2481 2531 2854 2602 τετόλμηκενο
2894 2529 3032 2583 ἀλλά
3079 2527 3394 2600 παραυτίκα
3421 2529 3520 2597 τῆς
3561 2528 3768 2599 τόλμης

2179 2625 2442 2697 ὲδρέψατο
2474 2625 2600 2686 τοὺς
2633 2622 2900 2694 καρπούς.
2929 2621 3002 2674 Th
3037 2621 3146 2690 γὰρ
3171 2621 3346 2691 ἥμισυ
3386 2620 3481 2674 τοῦ
3515 2618 3770 2691 σώματος

2179 2717 2278 2770 ἀπ’
2333 2716 2514 2787 ἄκρας
2559 2714 2807 2786 κορυφῆς
2859 2713 3021 2784 μέχρι
3065 2714 3174 2766 τῶν
3226 2713 3404 2767 ποδῶν
3451 2713 3766 2783 λυμανθεὶς,

2185 2806 2371 2876 ἱκέτης
2403 2805 2620 2874 ἐγένετο
2653 2805 2752 2874 τῆς
2795 2801 3106 2873 ἀμαρτάδος
3135 2801 3479 2874 κατηγορῶν.
3515 2802 3575 2854 '0
3611 2800 3668 2854 δὲ
3703 2803 3769 2870 τῇ

2180 2900 2322 2968 τομῇ
2349 2899 2448 2966 τῆς
2473 2895 2745 2948 πλατάνου
2771 2893 2869 2964 τὴν
2894 2891 3081 2961 ὑγείαν
3111 2891 3332 2945 ἔσεσθαι
3364 2895 3768 2962 προεμήνυσεν.

2185 2990 2306 3042 ’Ὶνα
2329 2989 2440 3058 γὰρ
2475 2987 2551 3058 μὴ
2589 2988 2682 3040 καὶ
2721 2986 2912 3056 ἕτερος
2941 2985 3010 3038 τὰ
3040 2985 3131 3037 ἴσα
3163 2984 3367 3055 δράσας
3397 2984 3672 3058 ύῖπομείνῃ
3704 2987 3772 3039 τὰ

2183 3083 2298 3145 ίσα,
2330 3079 2607 3149 τμηθῆναι
2637 3077 2955 3149 παραυτίκα
2994 3075 3054 3128 τὸ
3084 3074 3300 3144 δένδρον
3331 3075 3639 3128 ἐκέλευσεν.
3679 3076 3772 3128 Εἴ·-

482 3191 617 3228 πετο
654 3176 711 3229 δὲ
731 3178 799 3246 τῇ
824 3178 964 3246 τομῇ
994 3173 1089 3227 καὶ
1117 3176 1216 3245 τῆς
1245 3173 1517 3243 τιμωρίας
1553 3174 1586 3242 ἡ
1611 3173 1786 3236 λύσις.
1821 3173 2074 3246 Τοσαύτῃ
2116 3173 2215 3245 μὲν
2279 3170 2374 3228 οὖν
2413 3166 2569 3237 οὗτος
2607 3175 2636 3226 ὁ
2683 3172 2969 3235 θεσπέσιος
3015 3171 3289 3242 ἐχρήσατο
3338 3171 3404 3241 τῇ
3481 3169 3770 3241 καρτερίᾳ,

480 3266 750 3338 τοσαύτην
784 3268 841 3320 δὲ
896 3265 1049 3335 παρὰ
1078 3262 1172 3316 τοῦ
1224 3263 1564 3331 ἀγωνοθέτου
1595 3263 1693 3334 τὴν
1744 3263 1909 3334 χάριν
1951 3265 2192 3330 ἐδέξατο.

554 3363 691 3417 Cum
730 3374 861 3413 vero
893 3359 960 3411 ad
983 3358 1297 3412 discessum
1325 3373 1393 3410 ex
1425 3357 1529 3410 hac
1565 3356 1676 3410 vita
1727 3373 1786 3411 se
1817 3357 2072 3425 accinge-
2101 3367 2144 3422 ρ

483 3463 588 3517 ret,
633 3461 758 3524 post
781 3451 900 3505 dies
932 3449 1333 3519 quinquaginta
1386 3450 1712 3502 moriturum
1753 3465 1813 3504 se
1867 3449 2080 3520 signiﬁ-

485 3548 650 3603 cavit,
689 3551 743 3596 et
783 3542 1041 3595 omnibus
1101 3541 1194 3608 qui
1234 3540 1434 3594 vellent
1469 3539 1680 3594 visendi
1743 3539 1828 3595 sui
1858 3540 2076 3608 copiam

486 3630 635 3684 fecit.
670 3627 734 3680 Et
766 3643 890 3682 cum
938 3626 1201 3682 Ecclesiae
1240 3642 1460 3697 quoque
1505 3627 1753 3698 pontifex
1815 3631 2077 3696 venisset,

484 3723 860 3795 urgebateum
903 3730 960 3774 ut
997 3721 1519 3791 presbyterijugum
1561 3722 1798 3790 subiret,
1840 3742 1859 3775 ι
1907 3723 2069 3791 Novi,

484 3816 694 3880 dicens,
726 3830 759 3870 ο
784 3813 969 3876 Pater,
998 3821 1054 3867 et
1099 3813 1457 3884 philosophia:
1514 3825 1620 3870 tuae
1659 3816 2078 3880 sublimitatem,

483 3919 540 3964 et
575 3907 773 3979 inopia:
810 3921 944 3962 mea}
998 3904 1462 3976 magnitudinem.
1517 3905 1908 3962 Verumtamen
1940 3922 2082 3978 pon-

485 4002 728 4057 tiiicatus
767 4015 996 4054 munere
1020 3999 1280 4069 fungens,
1320 4014 1417 4068 per
1452 3999 1556 4054 hoc
1583 4015 1685 4070 ego
1710 4015 1935 4065 munus,
1969 4016 2079 4055 non

486 4111 582 4166 per
603 4096 752 4149 illam
777 4093 1158 4148 ordinationes
1180 4105 1404 4161 perago.
1439 4091 1623 4157 Quare
1649 4094 1858 4162 accipe,
1882 4093 2080 4162 inquit,

487 4190 690 4244 donum
715 4185 1034 4249 sacerdotii,
1059 4184 1405 4239 ministrante
1425 4184 1649 4255 quidem
1671 4184 1896 4240 dextera
1939 4200 2083 4247 mea,

2261 3358 2454 3413 Ἡνίκα
2479 3359 2536 3411 δὲ
2561 3358 2662 3430 τὴν
2691 3357 2942 3412 ἐντεῦθεν
2972 3357 3283 3428 ἀποδημίαν
3313 3357 3617 3422 ἐστέλλετο,
3644 3369 3776 3429 προ⁶

2183 3453 2460 3523 εσήμανεν
2496 3453 2572 3516 ὠς
2622 3454 2764 3522 μετά
2795 3452 3136 3522 πεντήκοντα
3171 3452 3386 3522 ἡμέρας
3423 3449 3637 3514 δέξεται
3678 3450 3774 3504 τοῦ

2185 3544 2301 3615 βίου
2333 3545 2396 3598 τὸ
2431 3544 2583 3608 τέλος
2603 3561 2618 3576 ·
2656 3543 2952 3611 ὑπεδέξατο
2984 3543 3041 3597 δὲ
3083 3543 3337 3608 ἅπαντας
3375 3544 3502 3606 τοὺς
3531 3544 3662 3597 ἰδεῖν
3688 3544 3776 3597 θε-

2183 3637 2480 3709 λήσαντας.
2522 3636 2744 3708 Ἐπειδὴ
2774 3635 2831 3689 δὲ
2867 3637 2962 3690 καὶ
2994 3639 3022 3689 ὁ
3049 3638 3146 3706 τῆς
3186 3635 3516 3708 Ἑκκλησίας
3544 3635 3775 3705 ἀφίκετο

2185 3729 2474 3800 πρόεδρος,
2509 3729 2738 3799 ἡπειγεν
2787 3726 2952 3780 αὑτὸν
3008 3725 3371 3791 ὑποδέξασθαι
3405 3724 3501 3777 τοῦ
3532 3723 3767 3797 πρεσϐυ-

2183 3821 2342 3893 τέρου
2369 3819 2467 3892 τὴν
2520 3818 2792 3890 ζεύγλην,
2838 3837 2855 3869 ι
2895 3814 3050 3880 Οἶδα,
3105 3816 3300 3886 λέγων,
3345 3811 3391 3870 ὦ
3427 3816 3634 3888 Πάτερ,
3676 3815 3768 3868 καὶ

2184 3914 2286 3982 τῆς
2313 3913 2414 3983 σῆς
2463 3911 2791 3981 φιλοσοφίας
2821 3911 2880 3964 τὸ
2921 3909 3077 3980 ὕψος,
3117 3910 3212 3966 καὶ
3254 3910 3351 3982 τῆς
3395 3909 3540 3980 ἐμῆς
3587 3910 3777 3972 πενίας

2185 4003 2284 4076 τὴν
2343 4003 2675 4076 ὑπερϐολήν.
2709 4003 2872 4056 Ἀλλά
2901 4003 3002 4072 τῆς
3041 4003 3457 4075 ἀρχιερωσύνης
3496 4002 3596 4072 τὴν
3637 4004 3782 4055 olito-

2188 4097 2382 4168 νομίαν
2413 4096 2868 4166 πεπιστευμένος,
2907 4096 3082 4168 ταύτῃ
3113 4096 3210 4160 τὰς
3255 4095 3613 4166 χειροτονίας,
3664 4095 3780 4148 ἀλλ’

2187 4191 2290 4245 οὐκ
2347 4191 2534 4265 ἐκείνῃ
2573 4189 2978 4262 προϐἀλλομαι.
3021 4189 3184 4255 Δέξαι
3231 4189 3452 4252 τοίνυν,
3505 4187 3635 4258 ἔφη,
3683 4187 3785 4257 τῆς

489 4280 583 4336 sed
607 4286 900 4350 praestante
930 4275 1172 4346 Spiritus
1199 4276 1377 4332 sancti
1413 4277 1614 4346 gratia.
1660 4295 1678 4329 ι
1712 4277 1794 4332 Ad
1847 4277 1962 4332 haec
2011 4277 2081 4330 ita

2192 4283 2494 4354 ἱερωσύνης
2522 4283 2581 4337 τὸ
2607 4283 2803 4354 δῶρον,
2841 4283 2938 4354 τῆς
2971 4283 3072 4354 μὲν
3098 4281 3238 4352 ἐμῆς
3259 4280 3442 4347 δεξιᾶς
3474 4280 3786 4350 ὑπουργούο

491 4373 845 4443 respondisse
911 4369 1168 4424 dicitur:
1232 4388 1250 4419 ι
1316 4368 1588 4432 Quoniam
1638 4370 1831 4439 paucis
1889 4369 2081 4424 abhinc

2193 4392 2313 4445 σης,
2348 4375 2450 4445 τῆς
2479 4375 2535 4429 δὲ
2575 4374 2670 4428 τοῦ
2715 4375 2984 4444 παναγίου
3025 4372 3344 4445 Πνεύματος
3373 4371 3533 4426 τοῦτο
3558 4373 3786 4444 χάριτος

491 4465 684 4520 diebus
716 4479 746 4518 e
781 4464 889 4516 vita
919 4463 1269 4517 discessurus
1293 4477 1437 4526 sum,
1477 4461 1545 4516 de
1576 4462 1661 4517 his
1698 4461 1924 4516 minime
1948 4476 2079 4516 con-

2190 4466 2557 4539 χορηγούσης.
2597 4486 2614 4519 ι
2672 4467 2816 4537 Πρὸς
2862 4465 3038 4520 ταῦτα
3087 4467 3254 4536 φάναι
3314 4465 3567 4532 λέγεται’
3608 4485 3628 4516 ι
3661 4465 3785 4518 Ὀτι

493 4555 735 4612 tendam.
769 4553 1061 4610 Enimvero
1084 4553 1130 4608 si
1161 4552 1370 4607 diutius
1398 4552 1647 4608 victurus
1693 4567 1894 4617 essem,
1925 4567 2081 4623 grave

2195 4561 2315 4631 μετ’
2369 4558 2560 4628 ὀλίγας
2627 4557 2884 4612 ὲντεῦθεν
2932 4559 3233 4629 έκδημήσω
3287 4558 3532 4630 ἡμέρας,
3583 4557 3786 4628 ἣκιστα

493 4659 550 4704 et
590 4647 936 4705 tremendum
993 4645 1292 4702 sacerdotii
1351 4660 1494 4700 onus
1531 4645 1692 4714 plane
1730 4643 2038 4716 refugerent
2067 4686 2081 4713 ,

2194 4650 2324 4721 περὶ
2367 4649 2574 4703 τούτων
2607 4647 2982 4720 ζυγομαχήσω
3003 4664 3017 4679 ⁸
3067 4650 3116 4702 εἰ
3152 4648 3253 4719 μὲν
3290 4648 3399 4720 γὰρ
3434 4647 3665 4718 ἔμελλον
3696 4649 3786 4700 ἐπὶ

495 4743 831 4800 reddendam
926 4739 1162 4810 depositi
1277 4740 1548 4794 rationem
1640 4741 2081 4812 perhorrescens.

2197 4743 2452 4796 πλεῖστον
2486 4741 2802 4811 βιώσεσθαι,
2839 4741 3080 4812 πάμπαν
3121 4739 3324 4810 ἔφυγον
3358 4741 3418 4793 τὸ
3455 4739 3594 4812 βαρὺ
3628 4739 3788 4793 τοῦτο

501 4837 712 4906 1221
745 4833 848 4889 Sed
880 4834 1009 4904 quia
1043 4830 1194 4887 brevi
1227 4831 1313 4885 his
1331 4833 1589 4888 omnibus
1645 4834 1853 4890 relictis
1904 4833 2081 4888 abitu-

2197 4835 2294 4887 καὶ
2323 4834 2558 4906 φοϐερὸν
2592 4835 2691 4906 τῆς
2720 4831 3022 4905 ἱερωσύνης
3064 4830 3307 4902 φορτίον,
3338 4831 3438 4902 τῆς
3461 4848 3788 4902 παρακατα-

496 4945 594 4986 rus
625 4944 768 4993 sum,
799 4927 974 4997 jussis
1003 4925 1206 4996 parebo
1248 4940 1356 4979 non
1406 4925 1633 4980 invitus.
1666 4945 1680 4978 ι
1742 4925 1863 4982 Mox
1902 4926 2090 4996 igitur,

497 5023 732 5077 ducente
761 5019 998 5084 nemine,
1032 5019 1117 5075 hic
1148 5017 1380 5091 genibus
1413 5015 1569 5073 ﬂexis
1612 5019 1846 5088 gratiam
1901 5033 2098 5087 exspe-

497 5115 702 5176 ctabat,
726 5113 816 5168 ille
845 5128 1066 5166 manum
1091 5116 1108 5134 °
1134 5114 1422 5183 imponens
1453 5109 1680 5181 Spiritui
1709 5111 2100 5166 famulabatur.

501 5201 824 5256 Sacerdotio
853 5209 1036 5255 autem
1091 5202 1281 5270 paucis
1327 5202 1523 5256 diebus
1563 5209 1867 5270 superstes,
1926 5201 2094 5253 vitam

507 5306 628 5345 rum
659 5293 768 5345 vita
799 5293 1181 5359 commutavit,
1206 5301 1600 5362 expertemque
1634 5293 1776 5348 senii
1803 5303 1857 5348 ct
1885 5292 2097 5346 doloris

505 5399 603 5452 pro
649 5385 835 5439 muttis
865 5385 1018 5439 curis
1041 5386 1280 5440 obnoxia
1324 5386 1556 5440 sortitus
1585 5393 1690 5438 est.
1724 5382 1940 5453 Corpus
1971 5397 2100 5437 vero

505 5490 630 5530 cum
667 5490 860 5544 rapere
883 5491 1079 5532 omnes
1109 5477 1330 5540 vellent,
1368 5491 1432 5529 ac
1469 5491 1628 5531 suum
1655 5475 1891 5545 quisque
1933 5475 1985 5529 in
2023 5477 2102 5529 vi-

506 5582 632 5621 cum
679 5567 978 5622 transferre
1044 5568 1312 5630 studeret,
1369 5566 1592 5638 quidam
1633 5565 1873 5619 revelato
1921 5567 2100 5621 sancti

508 5657 865 5728 iureiurando
889 5659 1038 5714 litem
1073 5660 1313 5714 diremit.
1333 5658 1695 5714 Sacramento
1719 5657 1863 5711 enim
1896 5659 2101 5714 astrin-

508 5754 657 5808 xisse
689 5750 838 5805 illum
868 5752 1023 5817 dixit,
1059 5761 1116 5805 ut
1175 5753 1354 5820 ipsum
1388 5752 1490 5807 hoc
1537 5751 1591 5806 in
1640 5750 1761 5804 loco
1824 5753 2097 5821 sepeliret.

517 5843 699 5916 Usque
755 5845 890 5900 adeo
950 5846 1072 5900 (celi
1142 5844 1354 5899 civibus
1419 5859 1565 5900 cura:
1614 5841 1715 5896 fuit
1762 5843 1924 5899 etiam
1981 5857 2104 5918 post

2202 4925 2378 4996 θήκης
2403 4926 2660 4998 ὀρρωδῶν
2689 4925 2789 4989 τὰς
2813 4923 3066 4987 εὐθύνας.
3109 4924 3330 4994 Ἐπειδὴ
3357 4923 3414 4977 δὲ
3441 4924 3542 4977 οὐκ
3575 4926 3656 4986 είς
3691 4941 3787 4995 μαι

2204 5018 2344 5089 κρὰν
2369 5018 2747 5088 ἀπελεύσομαι
2779 5017 3096 5072 καταλιπὼν
3129 5016 3198 5070 τά
3243 5017 3394 5088 τῇδε,
3430 5016 3702 5083 εὐπειθῶς
3734 5020 3792 5072 τὸ

2208 5110 2568 5180 κελευόμενον
2597 5109 2841 5179 δέξομαι.
2877 5127 2895 5158 ι
2930 5108 3140 5162 Αὐτίκα
3165 5107 3365 5174 τοίνυν,
3394 5107 3610 5172 οὐδενὸς
3633 5109 3795 5178 ἄγον.

2201 5219 2312 5266 τος.
2345 5206 2374 5256 ὁ
2402 5203 2502 5274 μὲν
2525 5203 2593 5257 τὰ
2613 5203 2817 5272 γόνατα
2856 5203 3126 5272 κάμπτων
3163 5201 3260 5272 τὴν
3292 5201 3454 5272 χάριν
3508 5203 3792 5272 ἀνέμενεν,

2206 5299 2234 5350 ὁ
2285 5295 2468 5365 δὲτὴν
2518 5297 2678 5367 χεῖρα
2722 5294 2988 5357 ἐπιτιθεὶς
3043 5291 3310 5363 ὑπούργει
3362 5291 3440 5364 τῷ
3489 5293 3795 5365 Πνεύματι.

2205 5389 2285 5460 Τῇ
2311 5388 2368 5440 δὲ
2407 5388 2676 5460 ἱερωσύνῃ
2697 5388 2885 5456 ὀλίγας
2924 5385 3227 5450 ἐπιϐιώσας
3254 5387 3488 5456 ἡμέρας.
3528 5385 3647 5457 βίου
3685 5388 3800 5458 βίον

2206 5479 2494 5550 ἠλλάξατο,
2529 5480 2623 5533 καὶ
2659 5479 2752 5533 τὸν
2778 5480 2976 5552 ἀγήρω
3002 5480 3096 5532 καὶ
3119 5477 3325 5532 ἄλυπον
3354 5478 3475 5531 ἀντὶ
3501 5477 3598 5531 τοῦ
3629 5480 3796 5534 πολυ-

2212 5573 2492 5645 φρόντιδος
2523 5572 2736 5626 ἔλαϐεν.
2767 5572 3064 5642 ’Λρπάζειν
3088 5571 3143 5625 δὲ
3173 5571 3392 5625 πάντων
3427 5569 3802 5640 βουληθέντων

2209 5665 2272 5719 τὸ
2308 5664 2489 5734 σῶμα,
2519 5665 2613 5718 καὶ
2636 5667 2714 5727 είς
2747 5664 2846 5734 τὴν
2874 5664 3084 5719 οἰκείαν
3117 5663 3335 5736 ἑκάστῳ
3364 5663 3558 5734 κώμην
3593 5667 3796 5720 ἀποκο-

2215 5753 2393 5827 μίζειν
2432 5756 2906 5828 προαιρουμένων,
2943 5754 3193 5828 μηνύσας
3228 5773 3313 5820 τις
3350 5757 3444 5810 τοῦ
3475 5758 3632 5826 ἁγίου
3675 5761 3800 5824 τοὺς

2213 5851 2446 5922 ὅρκους,
2503 5848 2602 5921 τὴν
2647 5848 2763 5922 ἔριν
2809 5849 3069 5906 διέλυσεν.
3135 5850 3410 5922 ’0,τκῶςαι
3473 5853 3583 5922 γὰρ
3639 5851 3798 5906 αὑτὸν
