4030 6422
282 435 429 506 1417
484 506 493 514 .

1495 442 1900 507 RELIGIOSA
1947 441 2339 504 HISTORIA.

3414 432 3547 497 lilii

277 551 499 619 ξφησεν,
532 546 590 600 ὲν
631 544 825 617 ἐκείνῳ
859 547 934 619 τῷ
966 549 1151 620 χωρίῳ
1198 550 1537 622 παραδοῦναι
1568 550 1731 604 τοῦτο
1763 567 1862 603 τα-

1970 561 2197 605 mortem
2231 547 2590 617 simplicitas:
2626 546 2716 618 qui
2742 561 2920 617 neque
2946 546 3000 600 in
3042 546 3153 601 vita
3204 544 3344 601 altos
3386 547 3549 617 spira-

272 640 372 708 φῇ.
402 636 562 691 Οὕτω
612 637 707 692 καὶ
743 637 846 708 τῆς
882 644 1020 708 μετά
1069 639 1298 694 θάνατον
1341 641 1617 705 εὐτελείας
1662 643 1862 713 ἐπεμε-

274 726 466 781 λοῦντο
491 726 602 783 τῶν
624 728 872 801 οὐρανῶν
912 733 960 784 οί
992 730 1241 784 πολῖται·
1275 732 1371 785 καὶ
1416 731 1540 785 οὔτε
1580 731 1862 801 περιόντες

277 816 425 887 μέγα
458 821 680 887 φρονεῖν
707 818 1000 889 ἠνέσχοντο
1033 819 1278 883 πώποτε,
1310 821 1406 874 καὶ
1433 815 1863 892 τελευτήσαντες

274 909 336 961 τὸ
381 910 536 979 παρὰ
575 908 879 981 ἀνθρώπων
906 912 1008 965 οὐκ
1056 913 1443 967 ἐπεσπάσαντο
1488 913 1688 984 γέρας·
1726 911 1885 967 ἀλλὰ»

271 1001 335 1055 τὸ
377 1003 605 1074 φίλτρον
649 1003 797 1058 ᾶπαν
847 1006 927 1067 εἰς
958 1003 1051 1058 τὸν
1095 1006 1330 1077 νυμφίον
1368 1006 1686 1077 μετέθεσαν,
1719 1005 1865 1060 κατὰ

271 1091 370 1156 τάς
430 1094 818 1164 σωφρονούσας
869 1098 1155 1163 γυναῖκας,
1207 1096 1262 1151 αι
1314 1098 1467 1169 παρὰ
1524 1098 1704 1169 μόνων
1752 1096 1863 1150 τῶν

272 1184 561 1253 ὀμοζύγων
615 1187 709 1241 καὶ
764 1187 1038 1256 φιλεῖσθαι
1085 1189 1180 1243 καὶ
1231 1190 1575 1268 ἐπαινεῖσθαι
1626 1189 1860 1244 σπουδά·

274 1277 450 1343 ζουσι,
509 1280 611 1348 τῆς
660 1281 792 1351 παρ’
845 1281 1021 1335 ἄλλων
1067 1285 1345 1355 εὐφημίας
1398 1282 1860 1354 καταφρονοῦσαι.

276 1368 484 1421 Τούτου
512 1372 673 1441 χάριν
703 1372 901 1435 αὐτοὺς
925 1375 953 1426 ὁ
986 1376 1220 1445 νυμφίος
1253 1375 1347 1431 καὶ
1383 1376 1458 1446 μὴ
1503 1375 1864 1446 βουλομένους

275 1461 559 1532 ἀοιδίμους
606 1464 892 1536 ἀπέφηνε,
943 1465 1036 1520 καὶ
1090 1467 1189 1537 τῆς
1234 1467 1365 1538 παρ’
1417 1465 1728 1538 ἀνθρώποις
1775 1468 1863 1520 εύ-

276 1552 466 1618 κλείας
504 1556 567 1607 ἐκ
605 1557 924 1629 περιουσίας
979 1558 1305 1628 μετέδωκεν.
1344 1559 1513 1612 Ὅταν
1545 1558 1652 1629 γάρ
1682 1574 1766 1623 τις
1794 1560 1864 1613 τὰ

278 1646 396 1699 θεῖα
423 1647 626 1717 μετιὼν
659 1650 781 1719 αἰτῇ
811 1650 881 1705 τὰ
918 1651 1165 1721 οὐράνια,
1199 1652 1527 1722 προστίθησι
1569 1653 1685 1724 μετ’
1718 1653 1863 1708 ὲκεί-

277 1754 382 1790 νων
430 1739 528 1792 καὶ
556 1738 720 1808 ἔτερα
754 1740 1071 1808 πάμπολλα,
1118 1741 1527 1805 πολλαπλασίας
1574 1741 1673 1806 τὰς
1713 1742 1867 1814 αἰτή-

279 1846 393 1890 σεις
423 1829 790 1900 δωρούμενος.
820 1832 993 1886 Τοῦτο
1023 1832 1155 1901 γοῦν
1186 1836 1281 1888 καὶ
1313 1834 1621 1905 νομοθετῶν
1645 1834 1828 1904 ἔλεγεν
1847 1852 1861 1866 ⁸

1964 649 2055 696 tus
2084 647 2373 712 gesserunt
2393 652 2659 709 unquam,
2681 645 2738 694 et
2763 637 2964 693 mortui
2991 637 3062 692 ab
3096 638 3413 692 hominibus
3438 637 3552 707 glo-

1966 734 2102 788 riam
2128 748 2236 787 non
2259 740 2551 802 eaptaruut
2588 750 2601 786 :
2631 732 2724 786 sed
2750 736 2925 787 totum
2944 742 3194 785 amorem
3216 731 3270 784 in
3286 744 3549 801 sponsum

1965 826 2374 883 transtulerunt
2427 824 2750 896 pudicarum
2800 838 2957 877 more
2998 823 3312 886 mulierum,
3350 838 3473 892 quae
3524 839 3550 874 a

1967 918 2100 974 solis
2122 903 2450 987 conjugibus
2480 925 2535 969 et
2588 915 2845 971 amari'et
2882 915 3095 970 laudari
3129 913 3382 985 cupiunt,
3415 916 3554 969 alio-

1967 1023 2200 1080 rumque
2223 1005 2412 1062 laudes
2441 1016 2831 1077 aSpernantur.
2871 994 3180 1076 Eapropter
3219 1005 3345 1060 illos
3388 1020 3556 1074 spon-

1967 1117 2063 1156 sus
2088 1117 2187 1156 nec
2208 1100 2455 1155 volentes
2483 1100 2662 1155 claros
2689 1114 2753 1153 ac
2799 1099 3041 1154 celebres
3091 1097 3347 1163 re‘ddidit,
3378 1097 3557 1151 homi-

1936 1185 2207 1262 'nnmque
2245 1191 2475 1261 gloriam
2497 1191 2564 1244 ad
2592 1192 2876 1245 cumulum
2907 1190 3198 1260 impertiit.
3234 1187 3369 1244 Nam
3426 1204 3548 1245 cum

1967 1283 2153 1338 divina
2176 1289 2395 1338 seetaus
2443 1281 2719 1353 quispiam
2774 1280 3021 1335 coelestia
3058 1280 3215 1350 petit,
3264 1294 3368 1333 una
3424 1294 3551 1334 cum

1968 1372 2079 1427 illis
2110 1372 2298 1443 adjicit
2322 1379 2375 1427 et
2405 1372 2534 1439 alia,
2559 1371 2951 1441 multiplicatas
2979 1370 3217 1441 largiens
3239 1371 3551 1441 petitiones.

1969 1466 2086 1521 Hoc
2119 1466 2266 1521 enim
2297 1465 2470 1537 legem
2508 1466 2769 1521 sanciens
2827 1478 3048 1535 quoque
3080 1465 3257 1521 dixit:
3311 1483 3330 1516 ι
3383 1463 3558 1521 Petito

1968 1573 2197 1630 regnum
2228 1558 2321 1619 Dei
2346 1559 2688 1628 etjustitiam
2717 1558 2858 1629 ejus,
2886 1565 2940 1614 et
2979 1564 3179 1613 caetera
3240 1559 3427 1612 omnia
3458 1558 3557 1614 ad-

1965 1651 2231 1721 jicientur
2261 1652 2416 1708 vobis
2443 1659 2520 1719 ’ς
2553 1670 2572 1703 ι
2610 1660 2664 1707 et
2692 1667 2921 1707 rursus:
2963 1670 2982 1702 ι
3022 1650 3126 1718 Qui
3152 1651 3434 1722 reliquerit
3461 1667 3557 1722 pa-

1968 1752 2109 1799 trem
2135 1754 2187 1799 et
2216 1752 2468 1808 matrem,
2496 1750 2551 1798 et
2574 1742 2792 1808 fratres,
2822 1752 2879 1799 et
2904 1758 3153 1809 uxorem,
3185 1750 3239 1798 et
3264 1744 3406 1798 lllios
3432 1758 3560 1813 pro-

1973 1842 2093 1905 pter
2121 1850 2209 1889 me
2238 1843 2293 1890 et
2338 1834 2689 1906 Evangelium
2727 1850 2930 1898 meum,
2995 1842 3049 1891 et
3094 1835 3148 1889 in
3196 1835 3299 1889 hoc
3356 1836 3559 1890 saeculo

283 1940 301 1971 ι
325 1923 538 1992 Αἰτεῖτε
576 1923 675 1994 τὴν
704 1923 984 1993 βασιλείαν
1012 1925 1107 1979 τοῦ
1141 1926 1297 1994 Θεοῦ,
1327 1928 1422 1981 καὶ
1455 1927 1558 1999 τὴν
1589 1927 1865 1981 δικαιοσύ-

1973 1902 2290 1997 centuplum
2310 1902 2563 1998 accipiet,
2589 1928 2721 1983 etin
2753 1925 2939 1982 futuro
2959 1927 3126 1983 vitam
3155 1935 3416 1982 aeternam
3441 1942 3561 1997 pos-

278 2032 375 2083 νην
395 2013 584 2079 αὑτοῦ,
610 2016 701 2068 καὶ
726 2016 793 2070 τὰ
819 2016 985 2070 λοιπὰ
1006 2019 1183 2071 πάντα
1208 2009 1642 2090 προστεθήσεται
1666 2021 1815 2089 ὑμῖν.
1844 2038 1862 2071 ι

279 2103 390 2155 Καὶ
414 2103 577 2157 πάλιν
599 2122 610 2133 ·
642 2123 660 2153 ι
698 2105 757 2158 '0
787 2106 1218 2176 καταλιμπάνων
1245 2109 1478 2180 πατέρα,
1508 2110 1601 2162 καὶ
1631 2110 1863 2182 μητέρα,

279 2193 372 2248 καὶ
403 2195 688 2262 ἀδελφοὺς,
725 2198 819 2250 καὶ
852 2201 1112 2267 γυναῖκα,
1156 2199 1251 2253 καὶ
1294 2199 1461 2253 τέκνα
1507 2201 1693 2253 ἕνεκεν
1729 2204 1865 2271 ἐμοῦ

278 2287 379 2369 καί
421 2287 516 2340 τοῦ
556 2288 892 2357 Εύαγγελίου
956 2308 1080 2363 μου,
1115 2292 1211 2345 καὶ
1258 2294 1317 2345 ὲν
1354 2292 1431 2363 τῷ
1484 2292 1642 2345 αἰῶνι
1689 2295 1866 2366 τούτῳ

277 2379 811 2434 ἑκατονταπλασίονα
836 2381 1089 2458 λήψεται,
1123 2384 1217 2436 καὶ
1238 2384 1296 2436 ὲν
1329 2383 1407 2455 τῷ
1442 2383 1690 2454 μέλλοντι
1715 2384 1861 2456 ζωὴν

276 2469 498 2524 αἰώνιον
527 2472 626 2542 κλη
639 2474 951 2544 ρονομήσει.
980 2494 1000 2524 ι
1039 2474 1226 2528 Ταῦτα
1261 2475 1472 2546 εἴρηκε,
1502 2477 1596 2528 καὶ
1628 2478 1862 2549 πεποίη-

1974 2017 2251 2072 εἰάειιίιη.
2295 2037 2313 2070 ι
2353 2016 2478 2072 Haec
2521 2025 2576 2071 et
2621 2015 2759 2071 dixit
2807 2024 2862 2071 et
2914 2017 3127 2087 1222
3186 2014 3338 2072 fecit.
3391 2015 3561 2072 Nobis

1973 2119 2180 2166 veroet
2218 2125 2474 2187 sermone
2500 2120 2554 2167 et
2600 2117 2767 2182 opere
2825 2113 3083 2178 eruditis,
3140 2119 3304 2182 atque
3361 2112 3557 2166 horum

1973 2202 2230 2271 precibus
2290 2202 2559 2269 subnixis,
2614 2203 2823 2259 utinam
2861 2203 3148 2273 contingat
3206 2203 3273 2258 ad
3328 2218 3557 2275 scopum

1972 2293 2307 2355 collineare.
2361 2294 2427 2347 ad
2483 2294 2729 2349 bravium
2795 2309 3050 2365 superna:
3103 2294 3445 2358 vocationis,
3504 2293 3562 2348 in

1971 2385 2196 2448 Christo
2230 2383 2358 2440 Jesu
2396 2383 2628 2439 Domino
2659 2394 2872 2453 nostro,
2913 2386 3000 2440 cui
3030 2386 3208 2440 honor
3238 2385 3290 2439 in
3334 2385 3558 2439 smcula.

1970 2476 2163 2532 Amen.

277 2579 393 2616 κεν.
432 2564 609 2635 Ἡμᾶς
633 2567 688 2621 δὲ
714 2568 818 2638 εἴη,
854 2571 946 2621 καὶ
974 2568 1119 2639 λόγῳ
1148 2569 1592 2637 παιδευομένους,
1629 2571 1723 2623 καὶ
1744 2572 1864 2634 ταῖς
1939 2570 2147 2626 τούτων
2203 2576 2537 2644 προσευχαῖς
2585 2569 3064 2643 ὲπερειδομένους,
3134 2569 3279 2625 κατὰ
3360 2568 3563 2622 σκοπὸν

275 2654 464 2720 διῶξαι
507 2657 599 2711 ἐπὶ
634 2659 693 2711 τὸ
736 2648 991 2731 βραϐέῖον
1040 2663 1139 2731 τῆς
1187 2662 1300 2715 ἄνω
1333 2661 1597 2732 κλήσεως,
1631 2664 1688 2715 ἐν
1727 2662 1949 2739 Χριστῷ
1988 2662 2161 2735 Ἰησοῦ
2197 2665 2277 2735 τῷ
2352 2664 2544 2735 Κυρίῳ
2624 2663 2802 2736 ἡμῶν,
2843 2657 2886 2732 ᾧ
2923 2662 3028 2735 “ﬂ
3104 2661 3231 2728 δόξα
3282 2664 3361 2725 είς
3435 2662 3563 2724 τοὺς

277 2754 500 2817 αἰῶνας.
538 2756 593 2807 Ἀ
605 2757 733 2826 μήν,

816 2848 930 2917 tq'.
964 2880 1032 2890 -
1066 2849 1327 2907 ΜΑΡΩΝ.

346 2940 617 3011 Μάρωνος
680 2942 818 3011 μετὰ
882 2941 1089 2995 τούτων
1143 2940 1564 3013 μνησθήσομαιο
1616 2942 1711 2997 καὶ
1757 2943 1862 3014 γὰρ

278 3026 431 3095 οὗτος
469 3032 560 3085 τὸν
602 3032 745 3086 θεῖεν
782 3031 892 3086 τῶν
932 3032 1104 3099 ἁγίων
1135 3030 1295 3104 χορὸν
1332 3031 1737 3104 κατεκόσμησε.
1761 3033 1867 3087 Τὸν

280 3122 550 3195 ὕπαιθρον
571 3123 680 3194 γὰρ
721 3125 1114 3195 ἀσπασάμενος
1148 3121 1284 3192 βίον,
1319 3123 1567 3193 κορυφήν
1589 3140 1708 3176 τινα
1742 3133 1869 3176 κατ-

280 3215 490 3280 έλαϐεν,
538 3216 644 3271 ὑπὸ
689 3214 797 3267 τῶν
834 3214 999 3269 πάλαι
1027 3205 1329 3275 ’δυσσεὸῶν
1374 3215 1695 3288 τιμωμένην
1720 3232 1733 3244 '
1769 3217 1866 3269 καὶ

278 3309 340 3362 τὸ
364 3311 423 3361 ὲν
456 3309 597 3380 αὐτῇ
629 3308 736 3360 τῶν
779 3307 1049 3378 δαιμόνων
1079 3304 1307 3377 τέμενος
1337 3307 1414 3376 τῷ
1447 3307 1567 3380 Θεῷ
1601 3306 1869 3365 καθοσιώ-

283 3420 402 3469 σας,
439 3404 498 3455 έν
526 3400 677 3471 αὐτῷ
704 3401 966 3472 διέτριψε,
996 3402 1203 3471 σκηνήν
1237 3416 1359 3453 τινα
1390 3399 1651 3470 βραχεῖαν
1695 3400 1869 3471 πηξά-

282 3512 465 3566 μενος,
493 3495 740 3562 ὀλιγάκις
756 3493 812 3549 δὲ
835 3492 1006 3564 ταύτῃ
1033 3479 1399 3563 χρησάμενος.
1435 3491 1626 3554 Πόνοις
1658 3491 1719 3543 ού
1752 3493 1866 3553 τοῖς

280 3583 531 3637 εἰωθόσιν
562 3585 834 3654 ἐχρήσατο
860 3583 1063 3651 μόνοις,
1097 3580 1232 3634 ἀλλὰ
1256 3582 1351 3634 καὶ
1386 3580 1609 3652 ἐτέρους
1632 3581 1863 3645 ἐπενόει,

279 3675 378 3745 τῆς
432 3675 749 3745 φιλοσοφίας
806 3674 1173 3748 συναθροίζων
1232 3674 1322 3728 τὸν
1377 3674 1625 3727 πλοῦτον.
1696 3673 1757 3727 Ὀ
1810 3673 1866 3727 δὲ

281 3767 634 3836 ἀγωνοθέτης
690 3772 802 3832 τοῖς
853 3769 1038 3831 πόνοις
1095 3767 1193 3839 τὴν
1246 3767 1407 3837 χάριν
1464 3767 1861 3837 ὲπεμέτρησεν.

281 3856 438 3912 Οὕτω
468 3858 578 3931 γὰρ
627 3858 778 3929 αύτῷ
822 3858 1093 3921 πλουσίως
1141 3860 1169 3911 ὁ
1218 3856 1599 3930 μεγαλόδωρος
1647 3857 1708 3910 τὸ
1753 3855 1866 3911 τῶν

284 3949 531 4019 ἰαμάτων
552 3949 867 4022 ἐδωρήσατο
900 3950 1167 4020 χάρισμα,
1198 3949 1274 4012 ὡς
1305 3948 1583 4019 πανταχοῦ
1613 3949 1712 4019 μὲν
1737 3948 1866 4002 τού-

281 4060 374 4099 του
399 4042 462 4095 τὸ
493 4040 646 4105 κλέος
677 4041 1017 4113 διαδραμεῖν,
1058 4042 1265 4105 πάντας
1300 4041 1357 4094 δὲ
1396 4040 1660 4094 πάντοθεν
1706 4038 1864 4110 ἐφέλ-

282 4135 500 4201 κεσθαι,
532 4133 628 4187 καὶ
657 4135 723 4205 τῇ
753 4132 920 4205 πείρᾳ
957 4132 1165 4199 διδάξαι
1204 4133 1303 4203 τῆς
1336 4133 1529 4203 φήμης
1559 4131 1621 4185 τὸ
1644 4131 1862 4202 ἀληθές.

280 4224 390 4283 Ἦν
414 4228 524 4298 γὰρ
563 4227 708 4292 ἰδεῖν,
747 4227 841 4279 καὶ
867 4226 1136 4297 πυρετοὺς
1162 4224 1559 4295 σϐεννυμένους
1587 4226 1654 4297 τῇ
1688 4224 1866 4296 δρόσῳ

280 4322 382 4392 τῆς
413 4320 686 4389 εὐλογίας,
720 4319 816 4373 καὶ
861 4320 1066 4390 φρίκην
1096 4320 1431 4390 παυομένην,
1465 4318 1562 4371 καὶ
1604 4317 1869 4390 δαίμονας

280 4412 735 4485 δραπετεύοντας,
784 4410 878 4464 καὶ
928 4410 1246 4463 παντοδαπὰ
1285 4410 1381 4462 καὶ
1436 4408 1656 4463 ποικίλα
1705 4411 1866 4481 νοσή-

286 4503 551 4576 ματαὲνὶ
590 4502 868 4575 φαρμάκῳ
896 4501 1334 4573 θεραπευόμενα.
1371 4502 1595 4573 ’ἰατρῶν
1626 4501 1724 4570 μὲν
1757 4501 1867 4575 γὰρ

281 4598 473 4661 παῖδες
519 4598 737 4667 ἑκάστῳ
786 4586 1072 4666 παθήματι
1112 4593 1448 4666 κατάλληλον
1493 4590 1866 4665 προσφέρουσι

2513 2842 2655 2898 XVI.
2686 2873 2755 2887 ο-
2775 2841 2988 2899 ΜΑΒΟ.

2036 2940 2312 3000 Maronem
2355 2949 2479 3010 post
2505 2941 2675 3002 jstum
2725 2938 3196 3003 commemorabo,
3234 2950 3357 2993 nam
3386 2947 3441 3013 et
3471 2939 3564 2997 hic

1966 3049 2187 3105 quoque
2237 3026 2517 3097 divinum,
2570 3040 2898 3088 sanctorum
2962 3030 3192 3085 chorum
3252 3034 3562 3089 exornavit.

1966 3126 2146 3183 Vitam
2165 3127 2311 3182 enim
2351 3127 2455 3183 sub
2478 3125 2571 3182 dio
2592 3141 2753 3195 agere
2769 3139 2894 3179 cum
2924 3123 3278 3187 instituisset,
3306 3126 3563 3182 verticem

1968 3219 2169 3276 montis
2198 3218 2512 3291 occupavit,
2564 3219 2620 3272 in
2678 3210 2888 3272 honore
2926 3216 3060 3270 olim
3115 3215 3366 3271 habitum
3419 3218 3565 3288 apud

1896 3341 1940 3397 ο
1979 3314 2198 3384 impios,
2223 3312 2643 3381 deemonumque
2690 3309 2980 3365 delubrum
3044 3308 3155 3363 Deo
3208 3324 3564 3373 consecrans,

1978 3404 2034 3460 in
2090 3419 2157 3459 eo
2196 3411 2451 3460 versatus
2487 3408 2596 3469 est,
2637 3416 2808 3472 parvo
2861 3406 3148 3454 exstructo
3182 3400 3566 3468 tabernaculo,

1976 3510 2086 3566 quo
2116 3503 2296 3551 tamen
2330 3511 2457 3550 raro
2493 3510 2629 3550 usus
2652 3503 2757 3549 est.
2797 3491 3105 3548 Laboribus
3136 3500 3319 3548 autem
3356 3509 3416 3548 se
3446 3510 3559 3549 nou

1977 3586 2142 3640 modo
2178 3587 2463 3642 consuetis
2490 3585 2808 3649 exercebat,
2852 3583 2948 3639 sed
3000 3584 3139 3639 alios
3187 3585 3566 3672 exc0gitabat’

1980 3675 2343 3746 philosophias
2408 3690 2540 3745 opes
2600 3674 2992 3730 accumulans:
3042 3679 3373 3746 agonotheta
3435 3692 3569 3731 vero

1975 3767 2206 3839 gratiam
2236 3781 2401 3836 supra
2441 3765 2658 3819 labores
2713 3767 2996 3819 dimensus
3054 3774 3158 3821 est.
3197 3766 3563 3822 Curationum

1972 3859 2118 3914 enim
2148 3859 2352 3913 donum
2383 3865 2490 3913 tam
2528 3858 2748 3913 abunde
2769 3857 2845 3911 illi
2870 3860 2888 3879 '
2913 3857 3144 3929 largitus
3169 3867 3253 3913 est
3271 3860 3567 3916 muniﬁcus

1976 3945 2141 4016 Deus,
2166 3960 2220 4004 ut
2250 3965 2443 4005 omnes
2473 3949 2530 4004 in
2565 3964 2691 4005 oras
2727 3949 2847 4019 ejus
2882 3948 3025 4004 fama
3072 3950 3416 4021 pervaderet,
3448 3967 3569 4006 om-

1974 4057 2186 4113 nesque
2218 4041 2463 4111 undique
2508 4042 2832 4108 altraheret,
2865 4051 2919 4096 et
2953 4039 3113 4097 famae
3147 4042 3436 4097 veritatem
3470 4058 3568 4097 ex.

1975 4134 2239 4207 perientia
2279 4135 2522 4190 doceret.
2556 4132 2755 4188 Videre
2780 4148 3019 4204 namque
3075 4140 3195 4188 erat
3224 4133 3567 4189 benedictio-

1974 4226 2062 4281 uis
2086 4238 2210 4280 rore
2238 4224 2544 4280 exstinctus
2610 4222 2813 4286 febres,
2858 4234 2913 4278 et
2950 4225 3234 4279 horrorem
3290 4223 3563 4286 sedatum,

1974 4324 2029 4373 et
2058 4317 2334 4372 daemones
2361 4317 2416 4371 in
2454 4313 2635 4385 fugam
2671 4323 2849 4380 actos,
2897 4322 2952 4370 et
3004 4314 3259 4371 diversos
3316 4317 3565 4370 omnium

1974 4420 2237 4479 generum
2270 4405 2492 4461 morbos
2533 4420 2645 4461 uno
2706 4404 3010 4476 pharmaco
3059 4414 3307 4462 sanatos.
3370 4405 3567 4461 Medici

1975 4498 2178 4570 quippe
2200 4496 2502 4566 unicuique
2524 4496 2717 4552 morbo
2736 4510 2898 4551 suum
2923 4496 3200 4566 applicant
3217 4494 3521 4551 remedium
3547 4514 3563 4548 :
3628 4489 3633 4493 ’

1976 4578 2293 4646 sanctorum
2326 4597 2509 4645 autem
2537 4588 2716 4645 oratio
2761 4602 3054 4644 commune
3082 4578 3244 4642 malis
3302 4587 3565 4642 omnibus

281 4691 615 4761 φάρμακον
651 4690 686 4759 ἡ
717 4688 775 4742 δὲ
815 4687 925 4741 τῶν
965 4686 1137 4754 ἁγίων
1190 4686 1474 4758 προσευχὴ
1525 4685 1703 4739 κοινόν
1750 4686 1865 4738 ἐστι

1972 4691 2059 4738 est
2087 4684 2418 4739 remedium.
2447 4681 2558 4739 Nec
2586 4694 2714 4738 vero
2753 4695 3047 4752 corporum
3079 4687 3292 4735 tantum
3339 4681 3566 4750 aegritu-

280 4780 475 4834 παθῶν
505 4779 971 4849 ἀλεξιφάρμακον.
1002 4776 1075 4830 Οὐ
1115 4775 1274 4845 μόνον
1312 4775 1370 4833 δὲ
1410 4777 1509 4840 τὰς
1548 4777 1869 4846 σωματικὰς

282 4871 600 4945 ἀρρωστίας
643 4873 782 4935 ἰᾶτο,
825 4869 962 4925 ἀλλὰ
1003 4869 1096 4923 καὶ
1150 4869 1272 4927 ταῖς
1303 4867 1506 4939 ψυχαῖς
1548 4868 1651 4937 τὴν
1701 4867 1870 4937 πρόσ-

208 4946 217 4954 ’
286 4974 453 5030 φορον
494 4957 796 5027 θεραπείαν
833 4955 1165 5029 προσέφερε,
1189 4954 1383 5008 τούτου
1420 4955 1518 5026 μὲν
1541 4955 1641 5023 τὴν
1680 4956 1872 5012 πλέον·

283 5048 457 5114 εξίαν,
501 5048 714 5101 ἐκείνου
743 5046 801 5101 δὲ
843 5048 935 5100 τὸν
974 5045 1146 5118 θυμὸν
1197 5046 1498 5118 ἰατρεύωνσ
1545 5048 1643 5102 καὶ
1692 5047 1872 5120 τούτῳ

286 5143 388 5213 μὲν
414 5139 515 5216 τὴν
554 5140 684 5212 περὶ
736 5138 1096 5211 σωφροσύνης
1137 5137 1489 5196 διδασκαλίαν
1519 5142 1866 5212 προσφέρων,

283 5234 481 5305 ἐκείνῳ
516 5232 575 5286 δὲ
625 5231 942 5303 προστιθεὶς
982 5231 1051 5284 τὰ
1103 5229 1203 5300 τῆς
1241 5230 1588 5299 δικαιοσύνης
1624 5233 1866 5286 παιδεύ-

288 5339 434 5395 ματα
453 5338 468 5353 ο
498 5338 593 5378 και
618 5319 714 5374 τοῦ
749 5319 849 5392 μὲν
881 5319 980 5393 τὴν
1005 5318 1338 5374 ἀκολαστίαν
1370 5320 1663 5385 παιδεύων,
1691 5322 1785 5376 τοῦ
1809 5322 1867 5376 δὲ

284 5416 347 5470 τὸ
373 5415 584 5489 νωθρὸν
617 5413 921 5487 διεγείρων.
957 5411 1143 5485 Ταύτῃ
1172 5412 1475 5485 χρώμενος
1504 5416 1572 5485 τῇ
1598 5415 1867 5488 γεωργίᾳ,

356 5603 399 5635 ιη
428 5592 616 5649 Matth.
649 5610 722 5655 vr,
756 5593 847 5647 55.
939 5599 968 5628 ¹¹
996 5591 1189 5646 Matth.
1222 5607 1334 5667 χιχ.
1373 5589 1475 5656 29,

1972 4774 2131 4830 dines
2157 4774 2409 4837 curabat,
2441 4773 2535 4829 sed
2557 4772 2757 4827 animis
2779 4771 2944 4828 etiam
2979 4777 3375 4841 congruentem
3405 4781 3566 4823 cura-

1973 4867 2178 4922 tionem
2224 4863 2544 4927 adhibebat,
2579 4862 2746 4930 hujus
2794 4875 3001 4917 sanans
3046 4858 3359 4923 avaritiam,
3415 4857 3566 4912 illius

1978 4957 2362 5023 iracundiam;
2413 4954 2545 5009 huic
2571 4953 2948 5024 temperantiae
2975 4951 3286 5007 doctrinam
3315 4949 3562 5009 tradens.

1975 5049 2054 5105 illi
2082 5046 2296 5120 1223
2323 5056 2596 5119 praecepta
2626 5044 2766 5101 dans
2792 5044 3025 5116 iustitiae
3046 5087 3061 5112 ,
3090 5042 3260 5114 hujus
3278 5041 3560 5112 castigans

1981 5138 2440 5196 incontinentiam
2472 5178 2487 5202 ,
2531 5137 2679 5212 illius
2734 5135 2983 5191 excitans
3015 5132 3357 5189 socordiam.
3408 5128 3564 5184 Hanc

1976 5246 2240 5290 exercens
2266 5231 2661 5304 agriculturam
2713 5213 2917 5286 multas
2956 5224 3321 5299 pltilOSOpllia!
3346 5223 3564 5296 plantas

1975 5324 2183 5391 eduxit,
2216 5334 2270 5380 et
2296 5326 2513 5378 hortum
2540 5322 2709 5390 hunc,
2729 5321 2824 5394 qui
2880 5322 2937 5377 in
2973 5318 3103 5393 Cyri
3139 5318 3364 5390 regione
3418 5329 3565 5371 nunc

1974 5415 2152 5485 ﬂoret,
2179 5416 2290 5474 Deo
2330 5417 2447 5493 ipse
2478 5416 2750 5473 conserit.
2788 5412 2965 5491 Hujus
3018 5409 3381 5486 plantationis
3421 5420 3563 5478 opus

1542 5740 1806 5798 ‘VARIAS
1852 5741 2252 5800 LECTIONES.
2321 5818 2327 5825 _

362 5810 575 5903 “llaec:
609 5836 654 5913 ᾧ
684 5874 755 5884 --
784 5843 954 5918 ἀμην,
993 5843 1196 5905 absunt
1231 5841 1300 5895 ab
1335 5840 1557 5896 llervcti
1590 5840 1901 5897 γενεῆσηομ

575 5939 848 6009 Ριδτειοι..
888 5939 1005 6001 Gn.
1064 5937 1381 6003 LXXXII.

3165 5926 3241 5997 195
