4030 6434
685 360 715 381 δ

487 423 621 490 ιιιθ
1445 422 1931 484 THEODOBETI
1974 422 2314 486 EPISCOPI
2355 391 2720 487 omnem
3524 498 3533 505 ο
3626 430 3769 494 1529

479 551 563 597 est
596 554 831 612 magnus
868 538 1130 604 Iacobus,
1168 539 1222 594 in
1245 553 1407 608 quem
1462 537 1838 611 propheticam
1882 556 2068 596 vocem

2188 542 2347 596 πολλὰ
2382 544 2525 613 φυτά
2557 539 2877 615 φιλοσοφίας
2914 546 3179 617 ἀπέφηνε,
3214 546 3309 601 καὶ
3345 546 3442 601 τὸν
3472 546 3567 602 νῦν
3608 530 3666 604 ἐν
3698 554 3770 622 τῇ

479 634 629 688 illam
677 632 873 687 merito
902 632 1027 703 quis
1058 629 1401 687 transferat:
1459 650 1478 682 ‹
1542 630 1735 687 Justus
1778 642 1838 686 ut
1893 632 2073 703 palma

2188 633 2364 706 Κύρου
2409 632 2566 707 χώρᾳ
2613 635 2883 706 τεθηλότα
2931 636 3271 708 παράδεισον
3316 638 3481 704 abte;
3519 639 3599 711 τῷ
3645 640 3775 712 Θεῴ

479 725 719 791 ﬂorebit,
774 724 917 779 sicut
954 724 1156 778 cedrus
1210 737 1331 793 quae
1358 723 1412 776 in
1447 721 1657 776 Libano
1693 730 1778 778 est
1810 722 2075 793 multipli-

479 816 699 871 eabitur
719 824 767 877 ο,
808 832 827 867 ο
889 813 1096 882 aliique
1152 827 1368 877 omnes,
1425 828 1667 882 quorum
1715 813 2104 886 mentionem,

480 898 594 954 Deo
647 897 832 961 dante,
883 895 1081 950 faciam
1136 896 1481 967 singulatim.
1533 894 1593 949 In
1649 895 1796 950 b'unc
1853 895 2074 950 modum

2177 725 2573 793 κατεφύτευσε.
2607 726 2719 797 Τῆς
2751 725 2944 780 τούτου
2975 727 3311 799 φυτουργίας
3348 729 3510 801 ἔργον
3535 732 3564 782 ό
3594 730 3777 802 μέγας

2190 814 2470 880 Ἰάκωϐος,
2500 819 2581 880 είς
2627 816 2687 870 ὃν
2724 817 2951 881 εἰκότως
2989 819 3055 873 ἄν
3088 836 3172 883 τις
3201 819 3456 874 ἑλκύσειε
3495 839 3593 894 την
3634 840 3781 893 ’προ⁴

2180 903 2417 976 φητικὴν
2435 905 2653 976 ἐκείνην
2684 907 2872 978 φωνήν
2892 925 2908 941 ο
2937 927 2954 959 ι
2978 908 3200 974 Δίκαιος
3221 909 3297 974 ὡς
3318 910 3497 978 φοίνιξ
3516 912 3775 984 ἀνθήσει.

480 992 679 1045 divina:
713 1004 937 1059 operam
960 988 1100 1043 dans
1127 988 1503 1060 agriculturae,
1547 989 1872 1059 animasque
1904 988 2074 1045 simul

2188 995 2312 1049 ὡσεὶ
2337 997 2526 1068 κέδρος
2549 1000 2583 1069 ή
2615 999 2673 1051 ἐν
2705 998 2787 1068 τῷ
2816 999 3034 1072 Λιϐάνῳ
3060 1001 3523 1073 πληθυνθήσεται,
3550 1023 3570 1056 ι
3599 1004 3697 1058 καί
3724 1005 3781 1058 oi

480 1094 707 1144 sanans,
744 1086 800 1133 et
841 1092 1100 1148 corpora,
1159 1079 1310 1134 brevi
1369 1079 1565 1134 morbo
1624 1078 1941 1145 defunctus,
1981 1080 2075 1150 qui

479 1180 535 1225 et
564 1181 775 1225 naturae
808 1170 1272 1238 imbecillitatem,
1303 1178 1357 1225 et
1387 1171 1761 1226 constantiam
1788 1171 1940 1227 illius
1974 1171 2072 1227 de-

479 1262 739 1326 clararet,
769 1263 1236 1318 excessitevita.
1282 1261 1359 1318 De
1406 1278 1640 1335 corpore
1688 1273 1878 1318 autem
1934 1265 2079 1319 inter

478 1354 694 1410 vicinos
728 1369 857 1409 acre
885 1363 1065 1409 ortum
1101 1362 1186 1410 est
1248 1354 1473 1410 bellum.
1510 1356 1617 1411 Sed
1643 1355 1745 1410 vici
1775 1355 1991 1411 finitimi
2022 1364 2077 1412 et

479 1447 738 1519 populosi
773 1447 1135 1502 adventantes
1170 1448 1363 1503 incolae
1395 1448 1561 1504 simul
1605 1464 1826 1515 omnes,
1859 1449 2079 1505 caeteris

482 1540 712 1612 fugatis,
743 1539 1147 1609 optatissimum
1177 1541 1498 1595 thesaurum
1524 1540 1825 1607 abstulere,
1851 1541 2082 1612 templo-

482 1648 592 1702 que
630 1638 913 1687 exstructo
936 1631 1197 1695 maximo,
1243 1631 1298 1684 in
1332 1631 1660 1685 hodiernum
1721 1647 1895 1703 usque
1933 1632 2078 1688 diem

501 1725 797 1778 utilitatem
854 1724 1107 1794 capiunt,
1174 1722 1395 1793 publica
1445 1723 1766 1778 celebritate
1811 1723 2080 1778 victorem

484 1817 642 1870 illum
687 1816 1043 1870 honorantes.
1088 1814 1202 1870 Nos
1238 1828 1368 1869 vero
1395 1814 1562 1869 etiam
1623 1816 1882 1871 absentes
1916 1816 2083 1872 bene-

2180 1087 2415 1145 ἄλλοιὸὲ
2462 1090 2724 1156 ἅπαντες,
2752 1086 2827 1145 ὧν
2859 1091 2965 1163 ἰδίᾳ
2992 1093 3091 1145 σὺν
3119 1092 3238 1163 Θεῷ
3276 1094 3443 1163 φάναι
3465 1095 3784 1167 μνησθήσο-

2184 1195 2305 1248 μαι.
2340 1177 2496 1233 Οῦτω
2540 1180 2598 1234 δὲ
2640 1182 2741 1252 τῆς
2777 1182 2928 1247 θείας
2978 1186 3257 1256 γεωργίας
3310 1187 3776 1259 ἐπιμελούμενος,

2181 1272 2276 1326 καὶ
2305 1272 2483 1343 ψυχὰς
2521 1274 2657 1344 ὁμοῦ
2689 1273 3010 1346 θεραπεύων
3036 1278 3132 1331 καὶ
3167 1277 3420 1349 σώματα,
3451 1274 3778 1352 ἀρρωστίαν

2182 1365 2487 1437 ὑπομείνας
2517 1366 2797 1438 βραχεῖαν,
2828 1368 2917 1423 ἵνα
2967 1371 3060 1434 καὶ
3093 1371 3192 1442 τῆς
3215 1371 3433 1441 φύσεως
3477 1372 3576 1444 τὴν
3610 1372 3779 1427 ἀσθέ-

2180 1471 2354 1521 νειαν,
2389 1459 2484 1511 καὶ
2525 1459 2625 1527 τῆς
2667 1458 3038 1529 προαιρέσεως
3076 1459 3493 1531 καταμάθωμεν
3536 1460 3637 1532 τήν
3679 1463 3782 1514 ἀνι-

2180 1544 2399 1617 δρείαν,
2443 1544 2606 1609 αὐτὸς
2637 1547 2735 1616 μὲν
2781 1545 3053 1617 ὑπεξῆλθε
3102 1548 3194 1602 τὸν
3240 1548 3373 1619 βίον.
3425 1549 3671 1621 Πόλεμος
3712 1551 3778 1604 δὲ

2183 1638 2315 1711 περὶ
2348 1636 2443 1690 τοῦ
2477 1638 2729 1709 σώματος
2772 1642 2887 1703 τοῖς
2925 1639 3297 1709 γειτονεύουσι
3356 1640 3589 1713 συνέστη
3638 1658 3777 1710 σφο-

2182 1728 2328 1801 δρός.
2360 1727 2537 1801 Κὼμη
2568 1728 2625 1782 δέ
2655 1746 2740 1792 τις
2773 1728 2882 1783 τῶν
2914 1732 3133 1800 ὁμόρων
3163 1730 3594 1802 πολυάνθρωπος
3634 1747 3779 1783 παν-

2181 1822 2316 1891 δημὶ
2354 1821 2778 1892 παραγενομένη
2807 1864 2821 1888 ,
2845 1822 2974 1885 τοὺς
3019 1821 3120 1890 μὲν
3151 1821 3344 1886 ἄλλους
3371 1822 3656 1890 ἐσκέδασε,
3680 1823 3780 1874 τὸν

483 1908 726 1965 dictione
758 1907 996 1963 fruimur
1029 1905 1266 1964 :suﬂieit
1302 1906 1448 1963 enim
1484 1906 1646 1962 nobis
1684 1907 1834 1964 illius
1866 1922 2076 1963 memo-

2188 1913 2238 1967 δὲ
2264 1912 2593 1983 τριπόθητον
2634 1914 2842 1967 ἐκεῖνον
2874 1914 3094 1985 ἥρπασε
3136 1913 3434 1985 θησαυρὸν,
3469 1915 3563 1968 καὶ
3605 1913 3779 1983 σηκὸν

479 2002 566 2058 ria
598 2018 696 2073 pro
727 2002 929 2057 loculo.

2182 2006 2674 2077 οἰκοδομησάμενοι
2726 2002 3014 2077 μέγιστον,
3069 2007 3168 2078 τὴν
3226 2008 3455 2094 ἐκεῖθενγ
3484 2008 3649 2078 μέχρι
3678 2014 3778 2060 και

485 2095 727 2167 τήμερον
752 2092 1020 2162 ὠφέλειαν
1061 2091 1429 2163 καρποῦνται,
1458 2093 1745 2166 δημοτελεῖ
1767 2093 2075 2166 πανηγύρει
2111 2096 2202 2152 τὸν
2248 2100 2548 2172 νικηφόρον
2590 2101 2798 2153 ἐκεῖνον
2836 2100 3210 2171 γεραίροντες.
3285 2091 3481 2173 Ἡμεῖς
3536 2100 3595 2154 δὲ
3678 2103 3775 2155 καὶ

482 2187 720 2251 ἀπόντες
742 2185 841 2240 τὶν
878 2186 1133 2256 εὐλογίαν
1154 2184 1521 2258 καρπούμεθα
1546 2203 1560 2217 ο
1606 2189 1771 2261 ἀρκεῖ
1802 2190 1913 2260 γάρ
1942 2189 2074 2261 ἡμῖν
2113 2190 2234 2246 ἀντὶ
2263 2193 2363 2262 τῆς
2403 2192 2578 2264 θήκης
2611 2194 2643 2264 ή
2680 2193 2871 2264 μνήμη

942 2322 1109 2378 xvu.
1134 2354 1201 2364 --
1228 2322 1624 2403 sumamus.

558 2436 886 2494 Admirandi
920 2448 1052 2491 vero
1084 2435 1378 2491 Abraamis
1420 2434 1756 2491 mentionem
1792 2435 2077 2506 pr‘mterire

490 2535 573 2590 fas
598 2548 708 2588 non
737 2539 822 2587 est
852 2545 918 2585 eo
944 2529 1199 2593 nomine,
1242 2529 1388 2599 quod
1440 2538 1565 2599 post
1589 2528 1756 2583 vitam
1803 2528 2076 2583 monasti-

484 2639 610 2679 eam
668 2621 1005 2693 pontificiam
1055 2618 1386 2690 dignitatem
1424 2618 1731 2673 exornarit.
1779 2615 1916 2671 Nam
1972 2616 2078 2671 hac

492 2715 739 2786 profecto
774 2713 842 2769 de
874 2726 1045 2767 causa
1078 2711 1297 2781 dignior
1327 2711 1591 2764 memoria
1634 2707 1760 2779 jure
1805 2707 2077 2773 videatur,

491 2809 640 2880 quod
673 2808 800 2863 vita:
841 2805 1161 2860 institutum
1210 2810 1430 2880 mutare
1464 2812 1692 2857 coactus
1726 2802 1893 2855 vitam
1919 2803 1939 2824 ⁶
1971 2817 2083 2855 non

494 2875 763 2966 mutarit,
808 2898 905 2955 sed
946 2909 1074 2952 cum
1111 2875 1466 2951 aﬂlictatione
1494 2895 1737 2951 ascetica
1759 2893 2080 2960 transiens,

485 2993 715 3068 ’1224
749 2991 1184 3062 monasticisque
1218 3004 1323 3045 una
1353 2980 1638 3044 laboribus
1663 3027 1677 3053 ,
1708 2998 1763 3044 et
1789 2988 2085 3060 pentifica-

493 3090 639 3143 libus
672 3086 823 3141 curis
854 3083 1292 3149 circumsessus,
1325 3082 1451 3137 vitae
1490 3097 1712 3138 cursum
1756 3080 2082 3137 confecerit.

492 3180 563 3236 Et
603 3179 695 3234 hic
728 3193 858 3234 vero
883 3176 1014 3248 Cyri
1049 3191 1271 3247 quoque
1323 3175 1565 3247 regionis
1603 3175 1818 3230 fructus
1858 3175 1979 3228 fuit.
2026 3173 2085 3228 In

2656 2327 2755 2384 lZ'.
2794 2358 2861 2369 —
2894 2329 3292 2418 ΑΒΡᾹᾼΜΗΣ.

2255 2443 2390 2497 Οὐδὲ
2438 2442 2754 2515 ’Δϐραάμου
2785 2440 2880 2496 τοῦ
2909 2441 3227 2513 θαυμαστοῦ
3252 2440 3351 2513 τὴν
3392 2442 3617 2513 μνήμην
3667 2460 3774 2497 πα-

2184 2537 2437 2606 ραλιπεῖν
2465 2534 2685 2603 εύαγές,
2722 2534 2992 2606 προφάσει
3022 2535 3364 2606 χρωμένους,
3391 2534 3474 2588 ὅτι
3503 2536 3644 2603 μετὰ
3682 2537 3779 2588 τὴν

2188 2629 2399 2700 μονήρη
2432 2626 2545 2697 βίον
2570 2626 2668 2698 τήν
2697 2627 3090 2698 ἀρχιερατικὴν
3123 2626 3412 2698 ἐφαίδρυνε
3453 2628 3775 2698 προεδρίαν.

2189 2720 2380 2791 Πολλῷ
2404 2720 2518 2791 γὰρ
2539 2720 2806 2790 δήπουθεν
2837 2718 3028 2774 τούτου
3062 2736 3125 2788 γε
3147 2720 3313 2775 ἱνεκα
3341 2720 3779 2791 ἀξιομνημόνευ-

2188 2814 2411 2884 τότερος
2453 2812 2677 2875 εἰκότως
2728 2811 2793 2866 ἂν
2823 2814 2933 2882 εἴη,
2976 2813 3058 2866 ὅτι
3087 2812 3187 2884 τὴν
3219 2812 3496 2864 πολιτείαν
3535 2811 3783 2883 βιασθεὶς

2190 2904 2475 2970 ἐναλλάξαι
2507 2904 2600 2958 τὸν
2622 2903 2736 2973 βίον
2758 2904 2857 2957 οὐκ
2882 2904 3135 2975 ήμειψεν,
3166 2904 3302 2958 ἀλλὰ
3325 2906 3464 2976 μετὰ
3485 2905 3583 2976 τῆς
3606 2907 3782 2973 άσοιη-

2190 2998 2353 3068 τικῆς
2384 2996 2588 3069 μετέϐη
2610 2996 2983 3061 κακοπαθείας
3011 3038 3026 3061 ,
3059 2999 3154 3050 καὶ
3180 2998 3322 3052 κατὰ
3368 2998 3564 3052 ταύτὸν
3608 3016 3779 3068 μονα-

2191 3092 2367 3162 χικοίς
2395 3106 2456 3142 τε
2488 3087 2693 3151 πόνοις,
2723 3088 2817 3141 καὶ
2847 3089 3260 3159 ἀρχιερατικαῑς
3300 3088 3782 3159 περιστοιχιζόμε-

2191 3196 2281 3243 νος
2302 3177 2569 3249 φροντίσι,
2599 3174 2692 3230 τοῦ
2721 3175 2837 3247 βίου
2867 3176 2957 3229 τὸν
2979 3176 3178 3246 δρόμον
3210 3177 3454 3249 ἐξήνυσε.
3486 3178 3596 3231 Καὶ
3624 3172 3783 3249 οὗτος

496 3277 601 3331 bac
659 3273 807 3329 enim
857 3280 1024 3327 natus
1069 3272 1327 3340 altosque
1365 3268 1617 3324 ascetieas
1671 3268 1897 3323 virtutis
1950 3281 2083 3337 opes

2188 3271 2243 3325 δέ
2431 3268 2617 3341 Κύρου
2657 3244 2842 3341 χώρας
2896 3244 3129 3340 καρπός.
3197 3244 3301 3321 Ἐν*
3323 3269 3495 3341 ταύτῃ
3546 3269 3658 3341 γάρ
3684 3244 3782 3324 καὶ

494 3363 741 3435 collegit.
779 3359 874 3415 Sic
905 3359 1055 3415 enim
1094 3359 1250 3413 illum
1290 3343 1446 3412 aiunt
1475 3358 1570 3427 qui
1607 3373 1732 3411 cum
1780 3373 1846 3413 eo
1877 3356 2084 3412 versati

501 3462 631 3511 sunt
650 3493 665 3521 ,
689 3451 972 3525 vigilando
997 3459 1051 3504 et
1076 3449 1271 3506 stando
1301 3464 1364 3504 ac
1392 3449 1698 3520 jejunando
1726 3465 1927 3520 corpus
1951 3448 2087 3505 sub-

497 3548 722 3621 egisse,
764 3553 826 3600 ut
873 3542 1179 3599 immobilis
1225 3541 1549 3612 longissimo
1585 3549 1834 3614 tempore
1867 3556 2087 3597 manse-

500 3642 616 3706 rit,
650 3653 777 3693 cum
813 3636 1099 3691 ambulare
1149 3652 1262 3691 non
1312 3643 1522 3710 posset.
1565 3633 1686 3703 Quo
1734 3623 2088 3691 incommodo

501 3730 691 3784 divina
734 3726 1100 3800 providentia
1163 3727 1467 3797 liberatus,
1550 3727 1816 3798 periculis
1870 3742 1931 3782 se
1985 3741 2088 3797 pro

502 3823 691 3877 divina
731 3821 911 3893 gratia
939 3836 1222 3893 exponere.
1242 3823 1457 3887 statuit,
1488 3803 1875 3891 Libanumque
1904 3819 2085 3875 vicum

502 3915 803 3970 maximum
832 3925 1029 3985 petens
1059 3928 1271 3983 ,-_qnem
1308 3912 1608 3985 impietatis
1661 3912 1895 3983 caligine
1940 3909 2089 3965 deti-

501 4007 623 4063 neri
654 4017 977 4078 acceperat,
1017 4016 1073 4061 et
1099 4005 1435 4060 monachum
1471 4005 1576 4061 sub
1604 4003 1930 4060 mercatoris
1959 4016 2086 4072 per-

493 4104 637 4156 Sona
672 4083 902 4171 tegens,
944 4113 1253 4168 saccosque
1302 4112 1427 4152 cum
1466 4096 1643 4152 sociis
1672 4110 1910 4166 gerens,
1962 4101 2089 4149 tan-

500 4208 665 4265 quam
722 4208 896 4247 nuces
944 4200 1274 4263 empturus,
1316 4205 1553 4261 quarum
1605 4189 1661 4244 in
1714 4204 1779 4244 eo
1819 4188 1943 4242 vico
1977 4173 2090 4259 prie

500 4284 719 4341 caeteris
758 4268 1067 4354 proventus
1104 4291 1189 4339 est
1222 4283 1532 4349 maximus,
1562 4283 1726 4338 domo
1774 4279 2050 4336 conducta
2071 4317 2088 4344 ,

500 4377 852 4449 pecuniaque
883 4377 1100 4432 modica
1122 4376 1554 4446 possessoribus
1601 4381 1942 4445 praerogat'a,
1974 4379 2090 4428 tres

501 4476 597 4524 aut
634 4477 873 4541 quatuor
927 4467 1047 4524 dies
1081 4467 1362 4524 silentium
1416 4465 1616 4522 tenuit.
1646 4463 1843 4519 Postea
1882 4462 2089 4517 sensim

502 4563 751 4620 divinum
775 4560 1015 4631 cilicium
1041 4561 1331 4617 moderata
1355 4575 1492 4615 voce
1523 4570 1822 4630 aggressus
1848 4562 1954 4611 est.
1982 4553 2088 4612 Ubi

507 4669 640 4712 vero
677 4652 1030 4709 Psalmorum
1073 4651 1297 4706 auditus
1334 4658 1421 4706 est
1452 4658 1687 4713 cantus,
1722 4647 1990 4702 continuo
2019 4645 2087 4700 ad

396 4736 397 4739 “
499 4748 770 4819 praeconis
806 4762 995 4802 vocem
1023 4762 1215 4802 omnes
1237 4752 1554 4801 evocantem
1575 4742 1892 4800 conﬂuxere
1912 4743 2013 4798 viri
2032 4752 2087 4798 et

502 4841 787 4906 mulieres,
814 4839 1138 4910 foribusque
1155 4837 1481 4901 obstructis,
1504 4837 1738 4909 desuper
1753 4852 1783 4892 ε
1804 4844 1950 4892 tecto
1969 4850 2087 4890 ma-

497 4949 659 5005 gnam
683 4932 792 4988 vim
809 4932 1056 5002 pulveris
1078 4936 1396 4998 congestam
1425 4928 1798 4986 immiserunt.
1825 4928 1930 4983 Sed
1959 4944 2083 4982 eum

495 5025 761 5107 suffocari
793 5032 851 5081 et
898 5025 1058 5081 obrui
1115 5040 1211 5080 eos
1253 5023 1543 5090 viderunt,
1596 5038 1778 5095 neque
1825 5021 1976 5076 aliud
2029 5020 2084 5073 in

498 5120 688 5174 animo
718 5117 959 5183 habere,
992 5122 1077 5188 vel
1114 5132 1310 5185 agere,
1352 5116 1436 5172 vel
1469 5115 1618 5187 loqui
1647 5155 1663 5181 ,
1699 5112 1795 5171 sed
1826 5111 1938 5167 Deo
1969 5126 2090 5181 pre-

499 5224 594 5267 ces
624 5218 836 5265 tantum
874 5208 1105 5273 oll‘erre,
1166 5210 1401 5265 aliorum
1447 5208 1740 5267 admonitu
1776 5207 1845 5260 ab
1874 5205 2088 5259 insania

507 5301 879 5368 destiterunt,
927 5301 1299 5371 reseratisqpe
1345 5300 1570 5370 januis,
1617 5315 1647 5354 e
1686 5298 1913 5368 pulvere
1960 5297 2087 5349 abs-

505 5399 712 5447 tractos
759 5376 914 5447 abire
973 5405 1098 5445 mox
1143 5391 1450 5461 jusserunt.
1484 5392 1554 5444 At
1599 5388 1789 5445 eodem
1822 5394 2088 5456 tempore

501 5478 784 5539 exactores
829 5481 1162 5548 adfuerunt,
1196 5483 1291 5552 qui
1338 5483 1542 5537 tributa
1572 5479 1808 5549 pendere
1848 5477 2088 5546 compel-

501 5574 685 5630 lehant
711 5617 727 5643 ,
766 5585 821 5630 et
851 5572 990 5627 alios
1024 5573 1295 5638 vinculis,
1341 5574 1493 5627 alios
1525 5569 1849 5633 verberibus
1878 5567 2080 5622 allicie—

499 5663 651 5722 bant.
683 5666 911 5720 Divinos
949 5679 1082 5719 vero
1114 5665 1202 5721 ille
1246 5663 1463 5734 1225
1490 5663 1498 5668 ’
1524 5664 1627 5730 vir,
1681 5660 1824 5715 haud
1874 5676 2082 5716 memor

572 5877 599 5905 °
634 5869 779 5923 Psal.
806 5881 916 5933 xei,
945 5869 1032 5922 13.

2187 3362 2399 3433 τεχθεὶς
2422 3361 2517 3415 καὶ
2539 3361 2767 3434 τραφεὶς
2795 3360 2895 3431 τῆς
2923 3359 3232 3431 άσκητικῆς
3255 3360 3456 3431 ἀρετῆς
3486 3360 3581 3413 τὸν
3612 3361 3779 3414 πλοῦ-
3821 3371 3826 3374 ’

2186 3468 2280 3506 τον
2312 3450 2578 3516 συνέλεξε.
2606 3452 2854 3522 Τοσαύτη
2886 3450 2994 3523 γάρ
3032 3451 3193 3505 αὐτόν
3218 3467 3382 3521 φασιν
3416 3453 3465 3505 οἱ
3499 3468 3776 3522 συγγεγος-

2187 3544 2337 3609 νότες
2358 3544 2658 3615 ἀγρυπνίᾳ,
2691 3546 2787 3598 καὶ
2814 3542 3023 3605 στάσει,
3051 3542 3147 3596 καὶ
3181 3543 3426 3614 νηστείᾳ,
3454 3543 3776 3614 καταδαμά-

2190 3653 2281 3691 σαι
2307 3636 2368 3689 τδ
2399 3635 2560 3707 σῶμα
2589 3676 2603 3700 ,
2638 3635 2714 3699 ὡς
2748 3634 3006 3704 ἀκίνητον
3053 3634 3146 3687 ἐπὶ
3195 3633 3444 3687 πλεῖστον
3497 3634 3772 3704 διαμεῖναι

2187 3727 2402 3800 χρόνον,
2425 3728 2626 3799 ἥκιστα
2658 3726 2897 3797 βαδίζειν
2924 3724 3243 3795 δυνάμενον.
3291 3725 3425 3797 Θείᾳ
3449 3726 3506 3779 δέ
3557 3743 3767 3796 προμη-

2189 3819 2309 3891 θείᾳ
2341 3820 2441 3887 τῆς
2484 3816 2770 3880 ἀσθενείας
2808 3817 3025 3889 ἐκείνης
3081 3815 3441 3884 ἀπαλλαγεὶς,
3492 3817 3766 3879 κινδύνους

2188 3912 2521 3980 εἰσενεγκεῖν
2566 3910 2690 3963 ἀντὶ
2731 3908 2832 3978 τῆς
2875 3906 3024 3971 θείας
3071 3896 3295 3978 χάριτος
3339 3906 3649 3979 ήϐουλήθη,
3681 3906 3776 3960 καὶ

2189 4003 2600 4075 καταλαμϐάνει
2648 4001 2738 4056 τὸν
2787 4000 3020 4055 Λίϐανον
3068 4000 3263 4073 κώμην
3315 4002 3436 4054 τινὰ
3486 4001 3774 4072 μεγίστην,

2190 4096 2519 4168 κατέχεσθαι
2550 4095 2629 4168 τῷ
2662 4098 2761 4167 τῆς
2794 4094 3047 4159 ἀσεϐείας
3077 4093 3225 4166 ζόφῳ
3271 4094 3613 4166 μεμαθηκώς
3634 4112 3648 4125 ·
3682 4098 3778 4149 καὶ

2191 4188 2518 4262 προσωπείῳ
2553 4186 2837 4259 ἐμπορικῴ
2863 4186 2923 4240 τὸ
2959 4185 3253 4257 μοναχικὺν
3287 4186 3578 4258 πρόσωπον
3607 4202 3778 4239 κατα-

2191 4282 2428 4355 κρύψας,
2466 4282 2560 4336 καὶ
2590 4281 2855 4344 θυλάκους
2886 4279 3027 4355 μετά
3058 4279 3166 4333 τῶν
3202 4278 3471 4332 συνόντων
3514 4279 3779 4350 ἐπιφερόο

2195 4354 2377 4445 μενος,
2428 4371 2505 4436 ὠς
2533 4372 2692 4442 δῆθεν
2724 4354 3071 4440 ὠνησόμενος
3120 4368 3324 4439 κάρυα,
3379 4367 3572 4421 τοῦτον
3606 4369 3776 4440 γάρὴ

2191 4463 2356 4537 κώμη
2408 4453 2774 4534 διαφερόντως
2828 4461 2992 4541 ἔφερε
3038 4460 3127 4513 τὸν
3179 4460 3416 4532 καρπὸν,
3461 4462 3556 4514 καὶ
3597 4461 3779 4513 οἰκίαν

2123 4592 2169 4658 υ
2196 4556 2634 4629 μισθωσάμενος,
2666 4555 2761 4609 καὶ
2791 4552 2946 4622 ὀλίγα
2968 4554 3227 4623 χρήματα
3264 4554 3375 4617 τοῖς
3417 4553 3779 4625 κεκτημένοις

2194 4649 2571 4725 προδεδωκὼς,
2600 4650 2752 4720 τρεῖς
2791 4648 2888 4718 μὲν
2930 4648 3025 4701 καὶ
3062 4646 3339 4717 τέσσαρας
3389 4645 3608 4717 ἡμέρας
3648 4647 3774 4717 ﬁsu-

2191 4745 2315 4816 χίαν
2343 4739 2499 4814 ἦγεν.
2545 4734 2680 4795 Εἶτα
2727 4738 2866 4794 κατὰ
2904 4738 3101 4811 μικρὸν
3148 4739 3244 4807 τῆς
3281 4737 3431 4801 θείας
3459 4738 3639 4807 ἥψατο
3672 4738 3761 4790 λειο

2189 4836 2481 4911 τουργίας,
2506 4832 2703 4905 μετρίᾳ
2729 4833 2879 4903 φωνῇ
2926 4827 3287 4901 κεχρημένος.
3330 4826 3550 4900 Ἐπειδὴ
3594 4829 3650 4882 δὲ
3685 4830 3776 4900 τῆς

2189 4928 2512 5000 eameam;
2537 4923 2856 4997 ἐπῄσθοντο,
2881 4923 2910 4975 ὁ
2939 4922 3036 4992 μὲν
3077 4920 3255 4992 κήρυξ
3280 4920 3409 4975 ἐϐόα
3434 4921 3529 4974 καὶ
3554 4924 3763 4975 συνεκά-
3821 4934 3829 4942 ·

2188 5022 2270 5075 λει
2298 5019 2507 5082 πάντας
2531 5032 2545 5045 ⁸
2580 5016 2929 5085 συνελέγοντο
2956 5013 3013 5067 δὲ
3060 5014 3155 5066 καὶ
3203 5012 3417 5082 ἄνδρες,
3456 5014 3549 5066 καὶ
3585 5015 3777 5081 γυναῖ-

2197 5130 2312 5179 κες,
2346 5112 2441 5168 καὶ
2464 5111 2564 5173 τὰς
2597 5110 2767 5181 θύρας
2814 5107 3334 5180 ἀνοικοδομήσαντες
3360 5146 3376 5172 ,
3427 5105 3632 5160 ἄνωθεν
3673 5105 3780 5158 ἀπὸ

2196 5203 2295 5273 τῆς
2343 5203 2552 5274 ὀροφῆς
2601 5201 2767 5255 πολὺν
2802 5200 2931 5272 χοῦν
2982 5201 3387 5272 συμφοροῦντες
3423 5198 3776 5255 κατέϐαλλον.

2206 5294 2293 5359 Ὧς
2316 5296 2374 5350 δέ
2411 5294 2600 5369 ἐώρων
2629 5295 3103 5365 ἁποπνιγομένους
3135 5295 3231 5348 καὶ
3252 5293 3654 5369 χωννυμένους,
3688 5293 3780 5346 οὐ-

2191 5387 2282 5441 δὲν
2311 5386 2434 5442 οὔτε
2465 5364 2621 5459 δ’ρᾷν,
2653 5385 2776 5440 οὕτε
2802 5364 2981 5454 λέγειν
3007 5364 3284 5450 θέλοντας,
3317 5386 3485 5458 εὐχὴν
3523 5364 3583 5439 δέ
3612 5386 3782 5456 μόνην

2192 5478 2269 5549 τῷ
2298 5477 2417 5548 Θεῷ
2467 5477 2939 5550 προσκομίζοντας
2964 5517 2979 5539 ,
3015 5478 3124 5531 τῶν
3160 5478 3363 5548 ἐτέρων
3406 5478 3779 5549 ὑποθεμένων,

2192 5572 2289 5641 τῆς
2322 5571 2519 5642 μανίας
2548 5571 2876 5624 ἐπαύσαντο.
2920 5568 3051 5625 Εἶτα
3088 5571 3187 5634 τὰς
3228 5570 3400 5643 θύρας
3446 5571 3778 5638 ἀνοίξαντες,

2192 5665 2286 5717 καὶ
2314 5663 2406 5717 τοῦ
2441 5662 2695 5735 χώματος
2718 5652 3173 5728 ἀνασπάσαντες,
3207 5662 3430 5718 ἀπιέναι
3464 5662 3779 5735 παραυτίκα
