4030 6410
260 430 394 496 1421

1459 428 1863 490 RELIGIOSA
1938 427 2327 488 HISTORIA.

3401 433 3535 499 149.2

256 546 536 602 ἐκελευον.
598 543 759 598 Ἀλλὰ
799 544 924 609 κατῗ
959 544 1121 599 αὑτὸν
1170 545 1260 618 τὸν
1293 543 1488 615 καιρὸν
1537 543 1846 613 πράκτορες

1955 556 2142 596 eorum
2181 555 2303 610 quae
2337 541 2390 595 in
2430 540 2606 611 ipsum
2638 549 2769 599 acta
2815 541 3072 611 fuerant,
3118 546 3214 601 sed
3249 546 3535 606 Dominum

256 638 542 708 ἀφίκοντο,
572 635 672 700 τὰς
695 636 955 708 εἰσφορὰς
982 634 1281 690 ἐκτιννύειν
1312 633 1843 711 καταναγκάζοντεςο

257 731 353 784 καὶ¹
377 730 506 793 τοὺς
531 729 630 799 μὲν
650 726 932 800 ἐδέσμουν,
946 717 1083 791 ’τοὺς
1101 727 1159 780 δὲ
1185 726 1458 798 ᾐκίζοντο.
1494 724 1637 777 Ἀλλ’
1655 725 1685 776 ό
1705 723 1847 787 θεῖος

257 823 463 884 ἐκεῖνος
493 821 654 891 ἀνὴρ,
690 818 902 880 οὐδενὸς
942 818 1167 871 ἐκείνων
1210 818 1318 871 τῶν
1364 819 1447 881 εἰς
1485 818 1650 871 αὐτὴν
1680 833 1840 885 γεγε-

258 912 511 982 νημένων
555 908 946 980 ἀναμνησθεὶς,
981 909 1073 962 τὸν
1094 910 1150 962 δὲ
1180 909 1458 977 Δεσπότην
1489 907 1845 977 μιμούμενος,

229 1005 313 1067 ,ὃς
343 1003 423 1073 τῷ
456 1000 679 1072 σταυρῷ
708 1001 1131 1071 προσηλωμένος
1157 1000 1266 1053 τῶν
1304 998 1465 1052 τοῦτο
1504 997 1845 1068 δεδρακότων

254 1097 503 1167 ἐκήδετο,
546 1096 670 1158 τοὺς
704 1095 1021 1165 πράκτορας
1057 1093 1299 1156 ἐκείνους
1347 1092 1592 1144 ἱκέτευεν
1623 1090 1848 1160 ἡμέρως

256 1186 535 1240 ποιεῖσθαι
576 1180 680 1257 τὴν
699 1185 1008 1256 εἴσπραξιν.
1058 1185 1211 1238 Ἐπεὶ⁵
1234 1185 1291 1237 δὲ
1320 1185 1413 1237 καὶ
1437 1182 1715 1253 ἐγγυητὰς
1749 1182 1850 1234 ἐπ-

256 1278 556 1347 εζήτησαν,
599 1276 841 1329 ἐθελοντὶ
875 1276 975 1346 τὴν
1013 1274 1348 1347 πρόσκλησιν
1389 1272 1706 1341 ὑπεδέξατο,
1754 1272 1850 1326 καὶ

254 1369 548 1438 χρυσίνους
577 1368 771 1421 ἑκατὸν
803 1368 922 1438 μετ’
948 1367 1133 1435 ὀλίγας
1161 1366 1353 1419 δώσειν
1379 1365 1594 1437 ἡμέρας
1614 1364 1851 1433 ὑπέσχε-

256 1474 336 1511 το.
381 1456 893 1526 ’Υπεραγασθέντες
910 1457 968 1509 δὲ
994 1459 1041 1510 οἱ
1061 1455 1129 1510 τὰ
1150 1455 1298 1509 δεινὰ
1318 1456 1500 1509 ἐκεῖνα
1531 1453 1850 1525 ἐργασάμε-

255 1564 336 1600 νοι
365 1547 467 1615 τῆς
513 1530 926 1617 φιλανθρωπίας
975 1546 1067 1600 τὸν
1096 1546 1284 1618 ἄνδρα,
1313 1544 1524 1599 αἰτοῦσι
1578 1544 1676 1615 μὲν
1708 1543 1849 1614 ὑπὲρ

259 1638 366 1697 τῶν
391 1622 808 1707 τετολμημένων
834 1636 1160 1706 συγγνώμην
1180 1674 1197 1701 ,
1244 1635 1550 1705 προστάτην
1591 1633 1649 1687 δὲ
1686 1634 1849 1686 αὐτὸν

258 1730 512 1800 γενέσθαι
552 1728 982 1799 παρακαλοῦσιν.
1008 1726 1082 1780 Ob
1112 1727 1223 1798 γὰρ
1244 1725 1388 1796 εἶχεν
1408 1728 1442 1796 ἡ
1473 1723 1634 1796 κώμη
1659 1723 1851 1777 δεσπό-

257 1836 391 1889 την·
431 1821 586 1874 αὐτοὶ
616 1820 671 1872 δὲ
703 1815 840 1889 ἦσαν
864 1818 959 1870 καὶ
995 1816 1252 1897 γεωργοὶ,
1281 1815 1375 1867 καὶ
1396 1813 1686 1867 δεσπόται..
1711 1813 1851 1875 Τοὺς

263 1915 359 1983 μὲν
396 1907 490 1965 οὖν
521 1910 716 1964 ἑκατὸν
743 1910 1033 1980 χρυσίνους
1070 1892 1400 1976 ἀφικόμενος
1428 1906 1509 1968 εἰς
1538 1905 1637 1975 τὴν
1673 1905 1846 1957 πόλιν·
1882 1892 1924 1948 Β

263 2006 468 2074 Ἔμισα
486 2003 543 2056 δὲ
559 1999 625 2073 ἦν
652 2002 790 2071 αὕτη
812 2019 827 2032 ·
851 2002 944 2054 καὶ
957 1999 1267 2070 γνωρίμους
1282 1996 1434 2060 τινὰς
1459 1995 1658 2067 εὑρὼν,
1687 1998 1853 2049 ratei-

258 2110 349 2148 ται
373 2093 658 2163 δάνεισμα.
696 2088 828 2145 Εἶτα
853 2091 952 2162 τὴν
991 2090 1185 2160 κώμην
1209 2086 1558 2153 καταλαϐὼν,
1583 2087 1727 2155 κατὰ
1753 2086 1853 2158 τὴν

260 2186 456 2259 κυρίαν
511 2185 707 2255 πληροῖ
747 2184 846 2254 τὴν
903 2182 1216 2252 ὑπόσχεσιν.
1266 2178 1484 2263 νζαύτςην
1538 2178 1701 2232 αὐτοῦ
1755 2179 1853 2249 τὴν

263 2279 501 2347 σπουδὴν
546 2276 918 2346 θεασάμενοι,
974 2273 1399 2343 σπουδαιοτέραν
1450 2270 1853 2344 προσφέρουσιν

260 2366 410 2439 αὐτῷ
436 2367 533 2439 τὴν
574 2367 942 2438 παράκλησιν.
970 2365 1076 2420 Τοῦ
1105 2366 1159 2419 δέ
1188 2364 1511 2434 τοῦτο’δρᾷν
1544 2363 1853 2433 ὑποσχομέ-

260 2478 375 2523 νου,
422 2460 472 2511 εί
508 2458 810 2528 ἐκκλησίαν
848 2457 1151 2527 οἰκοδομεῖν
1186 2456 1604 2525 ἐπαγγείλαιντο
1627 2493 1643 2519 ,
1692 2456 1852 2518 εὐθὺς

261 2530 561 2623 ἐπιχειρεῖν
592 2549 838 2620 ,ἱκέτευον
859 2566 873 2580 ·
914 2549 1009 2603 καὶ
1047 2548 1310 2619 περιῆγον
1340 2547 1432 2601 τὸν
1459 2548 1726 2618 μακάριον
1760 2549 1849 2601 ἄν-

263 2645 383 2717 δρα,
417 2646 543 2707 τοὺς
568 2641 1036 2713 ἐπιτηδειοτέρους
1062 2641 1259 2703 τόπους
1290 2640 1710 2703 ἐπιδεικνύντες.
1744 2640 1854 2691 Καὶ

263 2738 291 2788 ὀ
326 2736 425 2805 μὲν
454 2734 662 2799 τοῦτον,
710 2733 738 2783 ό
788 2731 846 2795 δέ
871 2733 1080 2783 ἐκεῖνον
1116 2730 1339 2801 ἐπῄνει·
1385 2730 1750 2801 προελόμενος
1794 2729 1851 2782 δὲ

261 2826 351 2879 τὸν
390 2826 603 2897 ἀμείνω
627 2865 643 2889 ,
694 2825 790 2878 καὶ
832 2823 901 2876 τὰ
945 2822 1173 2892 θεμέλια
1220 2822 1656 2891 καταπήξαςιέν
1685 2821 1852 2893 ὀλίγῳ
1891 2854 1902 2864 ι

264 2921 438 2991 χρόνῳ
472 2920 563 2972 τὸν
596 2919 791 2989 ὄροφον
844 2916 1203 2971 ἐπιτέθεικε..
1234 2918 1349 2970 Καὶ
1399 2916 1849 3003 τῆςοίκοδομίας

261 3014 558 3084 δεξαμένης
578 3014 640 3066 τὸ
668 3012 862 3084 πέρας,
890 3010 1039 3082 ἱερέα
1059 3009 1318 3075 δέξασθαι
1337 3010 1661 3081 παρηγγύα.
1693 3010 1851 3063 Ἐπεὶ

262 3104 319 3156 δὲ
365 3104 553 3171 ἔλεγον
599 3104 675 3165 ὡς
728 3102 916 3173 ἕτερον
971 3103 1071 3156 οὐκ
1098 3101 1164 3156 ἂν
1210 3101 1438 3165 ἕλοιντο,
1475 3100 1638 3155 αὑτὸν
1667 3100 1723 3154 δὲ
1758 3102 1852 3153 καὶ

1950 631 2176 689 imitans
2197 673 2212 699 ,
2247 633 2342 703 qui
2372 634 2525 689 cruci
2557 634 2751 692 affixus
2779 633 3006 694 sceleris
3031 650 3320 697 auctorum
3348 660 3537 699 curam

1949 723 2160 795 gessit,
2198 732 2491 801 exactores
2527 727 2651 781 illos
2682 729 2882 783 orabat
2916 738 2973 783 ut
3015 731 3314 789 illationem
3340 737 3541 792 huma-
3592 720 3611 733 ’

1950 806 2079 872 nius
2125 817 2430 889 exigerent.
2483 817 2546 872 Et
2599 834 2724 874 cum
2775 822 2866 883 illi
2906 822 3264 893 ﬁdejussorcs
3295 827 3542 901 ﬂagitas-

1953 917 2078 963 sent
2105 948 2120 974 ,
2155 909 2577 984 advocationem
2620 913 2768 966 ultro
2795 917 3065 984 suscepit,
3100 928 3151 972 et
3182 934 3380 976 aureos
3409 937 3542 978 cen-

1950 1006 2064 1053 tum
2098 1000 2241 1055 intra
2274 1017 2486 1072 paucos
2528 1003 2646 1059 dies
2678 1004 2933 1060 daturum
2960 1024 3020 1063 se
3047 1011 3317 1080 promisit.
3352 1015 3541 1070 Adtui-

1950 1097 2139 1151 rantes
2167 1099 2350 1145 autem
2378 1108 2545 1169 §upra
2574 1094 2820 1159 modum,
2860 1096 2954 1165 qui
2974 1097 3096 1152 dira
3127 1099 3220 1153 illa
3257 1115 3542 1173 perpetra-

1951 1189 2101 1247 rant,
2139 1183 2243 1237 viri
2274 1183 2696 1248 humanitatem,
2729 1189 2942 1242 veniam
2963 1190 3028 1244 de
3045 1191 3301 1249 admissis
3326 1206 3538 1264 petunt,

1953 1279 2227 1344 orantque
2272 1283 2333 1329 ut
2372 1276 2508 1345 ipsis
2537 1275 2815 1333 dominari
2853 1294 2916 1334 ac
2949 1296 3188 1350 prmesse
3231 1284 3379 1338 velit.
3430 1285 3539 1341 Do-

1952 1363 2163 1420 minum
2197 1366 2344 1421 enim
2373 1367 2528 1422 vit-us
2559 1369 2768 1424 nullum
2802 1358 3074 1437 habebat,
3106 1375 3199 1429 sed
3241 1376 3403 1432 iidem
3436 1379 3539 1448 ipsi

1950 1463 2006 1510 et
2031 1456 2293 1526 agricola:
2327 1466 2485 1519 erant
2515 1499 2529 1523 ,
2568 1467 2622 1513 et
2671 1460 2905 1517 domini.
2946 1462 3181 1519 Centum
3230 1467 3397 1538 igitur
3441 1486 3541 1524 au-

1951 1561 2077 1603 reos
2115 1546 2369 1604 Emesam
2427 1550 2483 1604 in
2526 1552 2719 1607 urbem
2768 1555 3081 1624 profectus,
3135 1572 3163 1610 a
3208 1560 3541 1629 quihusdam

1950 1654 2118 1710 quos.
2154 1650 2431 1711 repererat
2491 1643 2863 1702 familiaribus
2933 1659 3160 1706 mutuos
3211 1654 3231 1674 ⁶
3285 1656 3537 1736 ιιοοορίιν

1950 1739 2006 1785 et
2047 1730 2113 1785 ad
2175 1732 2362 1787 vicum
2426 1749 2686 1793 reversus
2753 1737 2841 1793 die
2903 1741 3125 1809 praztixa
3182 1730 3538 1813 promissioni

1953 1824 2236 1880 satisfecit.
2268 1826 2441 1893 Quam
2473 1829 2595 1898 ejus
2627 1829 2967 1901 diligentiam
3008 1833 3285 1893 intuentes
3315 1837 3539 1911 (vicani)

1957 1914 2279 1983 petitionem
2317 1932 2471 1972 suam
2514 1920 2977 1979 iterantenixius.
3012 1923 3078 1979 Et
3111 1941 3235 1980 cum
3270 1927 3540 1984 facturum

1956 2019 2016 2059 se
2061 2008 2401 2077 recepisset,
2449 2011 2493 2064 si
2527 2012 2824 2067 ecclesiam
2873 2015 3244 2076 :editicaturos
3284 2036 3344 2077 se
3373 2038 3543 2092 spon-

1956 2095 2153 2152 derent
2181 2137 2197 2162 ,
2225 2111 2494 2171 rogarunt
2542 2113 2603 2158 ιιι
2638 2106 2823 2175 statim
2859 2108 3126 2178 inciperet
3156 2154 3172 2178 ,
3215 2111 3544 2184 beatumque

1955 2191 2134 2245 virum
2170 2207 2267 2262 per
2310 2194 2666 2265 eireumjecta
2697 2198 2814 2253 loca
2845 2202 3108 2258 ducentes
3133 2240 3148 2264 .
3185 2219 3307 2274 quae
3330 2208 3541 2277 aptiora

1955 2279 2137 2337 forent
2177 2286 2520 2361 indicabant.
2576 2288 2640 2343 Et
2681 2305 2806 2346 cum
2851 2291 2939 2347 hic
2971 2293 3122 2350 illum
3209 2298 3345 2351 alter
3373 2300 3541 2355 alium
3608 2346 3611 2349 .

1956 2375 2248 2446 laudaret,
2288 2379 2378 2433 ille
2422 2383 2693 2450 Optimum
2743 2385 3035 2457 deligens,
3088 2399 3143 2444 et
3191 2390 3543 2448 fundamenta

1949 2465 2165 2533 jaeiens
2196 2506 2212 2533 ,
2265 2467 2418 2524 brevi
2476 2474 2743 2542 temporis
2803 2476 2983 2545 spatio
3022 2485 3225 2533 tectum
3258 2480 3541 2551 imposuit.

1953 2556 2208 2613 Perfecto
2253 2560 2523 2627 azdilicio,
2565 2564 2852 2620 admonuit
2892 2577 2953 2622 ut
3003 2565 3353 2626 sacerdotem
3385 2588 3543 2629 crea-

1955 2659 2099 2703 rent.
2137 2652 2203 2704 Et
2235 2667 2360 2706 cum
2390 2655 2559 2709 alium
2596 2672 2656 2712 se
2688 2670 2971 2715 creaturos
3001 2671 3299 2732 negarent,
3338 2655 3544 2735 ipsum;

1954 2758 2062 2811 que
2084 2753 2137 2797 et
2162 2736 2374 2813 patrem
2409 2754 2463 2801 et
2498 2756 2770 2816 pastorem
2802 2751 3008 2807 habere
3035 2762 3291 2823 optarent
3314 2793 3327 2817 ,
3356 2771 3547 2812 sacer-

1953 2831 2090 2886 dotii
2158 2834 2393 2902 gratiam
2440 2839 2703 2908 percepit.
2736 2838 2873 2896 Tres
2895 2857 3020 2895 cum
3054 2834 3164 2898 illis
3203 2828 3379 2901 annos
3422 2862 3544 2901 eum

1952 2922 2160 2993 egisset
2184 2963 2210 2989 ,.
2235 2939 2444 2995 eosque
2469 2927 2522 2980 in
2554 2930 2721 2984 rebus
2752 2931 2955 2987 divinis
2975 2934 3243 3002 prmclare
3272 2936 3547 2993 instituis-

1953 3018 2067 3079 set,
2097 3021 2265 3083 atque
2297 3015 2538 3069 alterum
2572 3033 2638 3071 ex
2671 3019 2839 3075 sociis
2867 3036 2970 3075 suo
2994 3023 3116 3077 loco
3145 3009 3544 3096 designandum

1953 3116 2235 3173 curasset,
2301 3107 2368 3160 ad
2422 3111 2791 3165 mouasticum
2833 3112 3202 3171 diversorium
3250 3117 3449 3172 iterum
3487 3133 3548 3186 se

264 3195 476 3264 πατέρα
519 3194 616 3247 καὶ
668 3194 906 3263 ποιμένα
959 3192 1147 3246 λαϐεῖν
1185 3192 1445 3255 ίκέτευον,
1494 3191 1710 3263 δέχεται
1750 3192 1849 3262 τῆς

1955 3197 2233 3262 contulit,
2290 3213 2355 3253 ac
2388 3215 2459 3255 ne
2514 3202 2747 3272 singulis
2797 3205 2918 3285 ejus
2969 3207 3136 3267 rebus
3193 3210 3548 3265 recensendis

268 3286 566 3358 ἱερωσύνης
598 3284 697 3354 τὴν
728 3284 909 3354 χάριν.
943 3284 1052 3337 Καὶ
1084 3284 1211 3354 τρία
1247 3283 1646 3354 συγγενόμενος
1666 3282 1850 3345 αὐτοῖς

264 3378 380 3448 ἐτη,
412 3377 505 3429 καὶ
535 3376 671 3447 πρὸς
699 3376 769 3428 τὰ
794 3376 915 3429 θεῖα
944 3376 1257 3445 ποδηγήσας
1282 3374 1484 3439 καλῶς,
1517 3374 1704 3445 ἕτερον
1736 3374 1852 3426 ἀντ’

264 3468 429 3523 αὑτοῦ
472 3468 581 3521 τῶν
643 3467 924 3521 συνόντων”
971 3464 1345 3537 πῳϐληθῆναι
1399 3466 1853 3534 παρασκευάσας,

266 3561 428 3613 πάλιν
458 3560 519 3612 τὸ
551 3558 843 3628 μοναχικὸν
890 3557 1160 3610 κατέλαϐε
1215 3555 1583 3624 καταγώγιον;
1622 3555 1732 3606 Καὶ
1767 3554 1854 3605 ῐνα

269 3655 345 3724 μὴ
375 3653 553 3706 πάντα
572 3651 642 3704 τὰ
674 3650 883 3704 ἐκείνου
904 3649 1259 3719 διηγούμενος
1288 3647 1499 3718 μακρὸν
1529 3644 1854 3715 ἐργάσωμαι

264 3748 324 3799 τὸ
345 3747 611 3817 διήγημα,
637 3747 694 3798 ἐν
722 3745 930 3806 τούτοις
963 3741 1271 3812 διαλάμψας
1295 3781 1309 3804 ,
1339 3741 1438 3812 τὴν
1481 3738 1681 3809 Κάρων
1717 3738 1850 3789 ὐπο-

263 3839 479 3910 δέχεται
531 3836 845 3907 προεδρίαν.
902 3834 1061 3897 Πόλις
1090 3833 1144 3886 δὲ
1196 3831 1332 3918 αὕτη
1377 3832 1476 3902 τῆς
1530 3827 1848 3892 δυσσεϐείας

268 3929 631 4002 περικειμένη
661 3929 757 3997 τὴν
788 3925 979 3997 μέθην,
1011 3925 1195 3996 καὶτῇ
1222 3924 1330 3978 τῶν
1356 3922 1625 3993 δαιμόνων
1648 3919 1850 3988 ἑαυτὴν

1957 3285 2261 3356 longiorem
2308 3292 2685 3346 narrationem
2738 3294 3010 3357 ellieiam,
3056 3296 3144 3352 his
3192 3299 3362 3367 gestis
3422 3300 3545 3353 illu-

1952 3379 2119 3444 stris,
2183 3380 2399 3454 1226
2430 3382 2729 3439 Carrarum
2786 3387 2845 3440 fit
2897 3388 3160 3467 pentifex.
3212 3388 3340 3444 Erat
3368 3396 3548 3445 autem

1946 3467 2159 3525 'civitas
2212 3471 2306 3524 illa
2361 3474 2666 3543 impietatis
2699 3477 2851 3531 ebria
2891 3480 3207 3545 erroribus,
3257 3496 3320 3535 ac
3352 3482 3557 3539 daemo-

1953 3571 2091 3625 num
2114 3556 2300 3612 dedita
2334 3560 2530 3617 furori.
2567 3563 2674 3619 Sed
2706 3574 2997 3635 postquam
3034 3568 3202 3634 hujus
3242 3572 3545 3641 agricultu-

1962 3660 2081 3720 ram
2136 3653 2442 3719 promeruit
2488 3654 2865 3727 doctrinchue
2907 3658 3053 3713 illius
3096 3659 3369 3714 ﬂammam
3414 3678 3551 3717 con-

1958 3738 2140 3807 cepit,
2180 3748 2245 3793 et
2275 3743 2534 3810 pristinis
2555 3744 2820 3806 'sentibus
2871 3749 3299 3820 Iibera'mansit,
3340 3763 3393 3810 et
3426 3755 3549 3827 Spi-

1959 3828 2101 3884 ritus
2154 3835 2437 3901 segetibus
2466 3852 2615 3892 nunc
2647 3839 2929 3908 abundat,
2988 3852 3238 3921 maturos
3268 3847 3545 3918 spicarum

1960 3922 2069 3978 Deo
2102 3923 2349 4003 referens
2380 3931 2711 3998 manipulos.

268 4023 615 4076 ἐκδεδωκυῖα.
652 4018 900 4090 βακχείᾳ.
955 4017 1115 4070 Ἀλλὰ
1170 4016 1271 4087 τῆς
1325 4015 1516 4083 τούτου
1569 4011 1846 4085 γεωργίας
1883 4013 2200 4082 ἀξιωθεῖσα,
2265 4020 2362 4073 καὶ
2430 4021 2532 4092 τῆς
2576 4024 2745 4078 αὑτοῦ
2791 4025 3137 4096 διδασκαλίας
3182 4032 3448 4104 δεξαμένη
3488 4034 3547 4087 τὸ

270 4114 401 4188 πῦρ,
427 4115 536 4168 τῶν
568 4115 667 4186 μὲν
702 4098 982 4185 προτέρων
1034 4111 1287 4167 ἀκανθῶν
1315 4109 1579 4181 ἐλευθέρα
1632 4108 1887 4179 διέμεινε,
1924 4113 2071 4184 κομᾷ
2103 4113 2160 4167 δέ
2192 4114 2288 4168 νῦν
2339 4119 2452 4184 τοῖς
2489 4118 2662 4191 ληῖοις
2709 4121 2803 4175 τοῦ
2865 4124 3212 4198 Πνεύματος,
3262 4098 3547 4201 ἀᾷταχιςων

271 4208 496 4279 ὼρίμων
522 4205 600 4275 τῷ
632 4204 752 4276 Θεῷ
776 4205 1167 4276 προσφέρουσαιι
1180 4203 1494 4275 δράγματα.

365 4303 492 4356 AD.’
524 4303 625 4356 οὐκ
648 4303 918 4365 ὰπόνως,ό
956 4301 1099 4366 θεῖος
1149 4303 1289 4373 ἀνὴρ
1329 4302 1428 4373 τὴν
1458 4300 1609 4355 θείαν
1646 4299 1853 4369 ταύτην

244 4368 543 4467 ’γεωργίαν
575 4395 900 4466 εἰργάσατο·
935 4395 1118 4457 πόνοις
1148 4394 1203 4447 δὲ
1228 4368 1443 4465 μυρίοις
1482 4390 1849 4465 χρησάμενος,

271 4489 364 4541 καὶ
395 4486 503 4543 τῶν
532 4485 600 4538 τὰ
630 4483 859 4554 σώματα
903 4482 1227 4554 θεραπεύειν
1268 4482 1721 4553 πεπιστευμένων
1752 4481 1852 4553 τὴν

1977 4356 1985 4363 _
2031 4297 2100 4351 At
2153 4314 2262 4355 non
2305 4304 2424 4359 sine
2472 4305 2659 4362 labore
2707 4308 2792 4363 vir
2838 4321 3065 4369 sanctus
3121 4315 3362 4372 divinam
3406 4320 3547 4377 hanc

1961 4392 2356 4462 agriculturam
2381 4400 2632 4455 exercuit
2657 4420 2668 4456 :
2694 4402 2786 4457 sed
2818 4403 3039 4461 labores
3074 4407 3359 4477 perferens
3382 4411 3515 4467 inuu
3536 4442 3548 4452 -

1962 4501 2164 4554 meros,
2205 4503 2513 4562 eorumque
2545 4502 2717 4549 artem
2751 4495 2995 4564 imitans,
3024 4500 3226 4569 quibus
3252 4519 3544 4573 corporum

268 4578 462 4653 τέχνην
491 4575 852 4648 μιμούμενος,
896 4576 965 4629 τὰ
998 4576 1095 4647 μὲν
1129 4574 1473 4647 παρακλήσει
1517 4573 1848 4644 γλυκαίνων,

1960 4578 2170 4632 credita
2195 4590 2278 4636 est
2304 4584 2540 4651 curatio,
2565 4602 2714 4641 nunc
2735 4589 2897 4643 exlio:
2914 4592 3119 4645 tationc
3139 4592 3370 4659 leniens,
3398 4612 3544 4649 nunc

265 4670 339 4725 τὰ
368 4670 427 4723 δὲ
450 4672 564 4732 τοῖς
584 4668 1007 4740 αὑστηροτέροις
1027 4667 1341 4735 ἐπ.στύφων
1363 4666 1699 4738 φαρμάκοις,
1734 4663 1850 4717 ἐστι

267 4763 324 4817 δέ
355 4764 488 4817 ὅπου
536 4762 632 4815 καὶ
663 4761 899 4832 τέμνων,
932 4760 1027 4813 καὶ
1076 4759 1271 4825 καίων,
1297 4761 1398 4840 τὴν
1440 4760 1630 4828 ὑγείαν
1664 4757 1854 4842 είργά-

270 4856 535 4926 σατο.νΤῇ
562 4854 621 4908 δὲ
650 4852 988 4922 διδασκαλία,
1031 4854 1126 4905 καὶ
1158 4855 1223 4922 τῇ
1261 4852 1393 4922 ἄλλῃ
1420 4850 1730 4922 ἐπιμελείᾳ,
1760 4850 1855 4904 καὶ

269 4945 451 5003 αἰτοῦ
488 4945 606 5016 βίου
636 4944 983 5015 λαμπηδόνες
1026 4944 1382 5014 συνηγόρουν.
1429 4943 1696 5006 Ἑκείναις
1742 4942 1853 5013 γὰρ

271 5040 656 5110 φωτιζόμενοι,
680 5036 904 5112 καὶτῶν
920 5035 1229 5106 λεγομένων
1251 5036 1548 5105 ὑπήκουον,
1567 5036 1662 5088 καὶ
1684 5035 1755 5090 ἄσ
1765 5050 1856 5105 με·

270 5128 451 5183 νοιτὰ
477 5126 734 5198 δρώμενα
769 5126 1139 5195 κατεδέχοντο.
1187 5125 1371 5178 Πάντα
1417 5124 1527 5194 γὰρ
1570 5125 1671 5194 τῆς
1719 5141 1855 5195 προ-

274 5220 463 5294 εδρίας
495 5221 588 5273 τὸν
634 5219 826 5290 χρόνον
850 5259 865 5284 ,
897 5217 1150 5288 περιττὸς
1182 5218 1279 5287 μὲν
1310 5213 1378 5288 ἦν
1413 5215 1564 5287 αὑτῷ
1604 5218 1635 5270 ό
1666 5217 1850 5288 ἄρτος,

272 5312 529 5385 περιττὸν
561 5310 618 5365 δέ
644 5310 706 5365 τὸ
739 5308 884 5383 ὕδωρ
903 5351 919 5377 ,
959 5308 1231 5381 ἄχρηστος
1259 5308 1314 5362 δὲ
1335 5311 1369 5380 ἡ
1401 5306 1578 5379 κλίνη,
1624 5306 1854 5380 περιττὴ

269 5404 329 5458 δὲ
353 5407 387 5476 ἡ
421 5403 514 5458 τοῦ
536 5402 709 5475 πυρὸς
729 5402 905 5473 χρεία.
936 5400 1359 5473 Τεσσαράκοντα
1377 5399 1477 5471 μὲν
1496 5399 1604 5469 γὰρ
1636 5398 1852 5470 νύκτωρ

271 5497 375 5561 τὰς
424 5494 929 5567 ἀντιφθεγγομένας
978 5493 1252 5565 ὑμνῳδίαις
1302 5494 1562 5564 ἐπλήρου,
1603 5493 1714 5547 τῶν
1766 5492 1854 5545 διὰ

277 5591 446 5662 μέσου
472 5589 773 5660 γινομένων
805 5585 1124 5659 προσευχῶν
1150 5584 1519 5650 διπλασιάζων
1545 5586 1605 5640 τὸ
1633 5587 1851 5657 μέτρον·

271 5681 335 5736 τὸ
368 5680 425 5734 δέ
477 5680 800 5749 λειπόμενον
844 5681 944 5749 τῆς
979 5678 1176 5741 νυκτὸς
1217 5679 1310 5731 ἐπὶ
1355 5677 1546 5749 θρόνου
1588 5679 1852 5749 καθῆστο,

275 5771 451 5847 βραχύ
470 5788 525 5825 τι
549 5769 979 5825 διαναπαύεσθαι
1009 5768 1357 5841 παραχωρῶν
1390 5769 1848 5853 τοῖςβλεφάροις.

275 5866 401 5919 ..οτι
426 5863 527 5936 μὲν
551 5859 645 5917 οὖν
675 5863 775 5917 οὐκ
800 5862 885 5915 ἐπ’
912 5861 1061 5934 ἄρτῳ
1105 5863 1251 5933 μόνῳ
1282 5863 1505 5935 ζήσεται
1544 5863 1853 5935 ἄνθρωπος,

1958 4671 2184 4727 acribus
2230 4677 2543 4746 astringens
2580 4679 2920 4747 pharmacis,
2968 4682 3244 4738 interdum
3281 4701 3449 4742 urens
3478 4703 3543 4741 ac.

1958 4776 2177 4828 secans,
2207 4765 2274 4816 ad
2314 4765 2454 4820 hanc
2479 4768 2768 4822 sanitatem
2794 4770 3072 4839 perduxit.
3110 4773 3381 4831 Doctrium
3414 4793 3544 4833 vero

1955 4862 2010 4907 et
2045 4862 2256 4909 caetera:
2287 4856 2582 4927 diligentia:
2620 4848 2740 4914 vita;
2773 4876 2991 4932 quoque
3026 4864 3232 4919 lumina
3270 4867 3534 4941 suifraga-

1956 4945 2180 5001 bantur.
2230 4945 2326 5022 llis
2364 4949 2508 5003 enim
2556 4950 2850 5006 illuminati
2900 4964 2954 5009 et
2999 4959 3376 5025 sequebantur
3423 4979 3545 5032 qum

1956 5038 2101 5093 dicta
2137 5036 2387 5108 fuerant,
2421 5040 2622 5112 etquae
2654 5045 2860 5100 fiebant
2890 5046 3127 5103 libenter
3171 5049 3541 5124 accipiebant.

1957 5128 2214 5196 Quandiu
2248 5131 2391 5187 enim
2424 5133 2658 5211 antistes
2695 5135 2817 5201 fuit,
2853 5152 3302 5209 supervacaneus
3336 5145 3416 5198 illi
3448 5162 3542 5216 pa-

1958 5223 2045 5275 nis
2073 5221 2196 5286 fuit,
2235 5238 2644 5293 supervacanea
2670 5227 2801 5283 item
2844 5245 3006 5300 aqua,
3055 5233 3269 5289 inutilis
3319 5253 3542 5293 rursum

1958 5312 2154 5378 lectus,
2187 5324 2242 5369 et
2261 5315 2580 5387 redundans
2607 5335 2742 5375 usus
2771 5321 2935 5391 ignis.
2970 5321 3347 5397 Quadraginta
3378 5339 3546 5387 noctu

1959 5407 2201 5463 alternas
2227 5407 2560 5479 hymnodias
2577 5413 2853 5483 explebat,
2880 5415 3298 5483 interjectarum
3322 5436 3546 5489 precum

1958 5516 2277 5556 mensuram
2323 5504 2754 5573 congeminans,
2806 5507 3019 5577 reliqum
3060 5511 3238 5567 noctis
3278 5515 3458 5583 spatio
3493 5516 3547 5570 in

1960 5592 2094 5646 sella
2129 5594 2425 5651 eonsidens
2454 5595 2669 5651 brevem
2704 5597 2941 5668 quietem
2977 5600 3255 5670 palpebris
3278 5606 3547 5660 concede-

1959 5685 2071 5740 bat.
2112 5684 2270 5752 Quod
2317 5686 2484 5757 igitur
2531 5688 2588 5742 in
2639 5690 2757 5744 solo
2800 5705 2940 5760 pane
2992 5707 3101 5747 non
3151 5694 3299 5749 vivat
3347 5696 3541 5759 homo,

1959 5773 2098 5829 dixit
2130 5775 2262 5829 olim
2298 5774 2479 5831 Moses
2510 5778 2814 5849 legislator,
2850 5779 3098 5850 dictique
3120 5781 3283 5850 hujus
3303 5783 3545 5836 mentio-

1961 5882 2086 5923 nem
2134 5865 2264 5924 fccit
2305 5866 2591 5937 Dominus,
2618 5874 2641 5895 θ
2684 5885 2811 5929 cum
2848 5871 3051 5927 diaboli
3094 5873 3542 5942 provocationem
