4030 6432
143 415 147 419 ’
210 414 353 493 1425,

1404 398 1815 468 R‘ELIGIOSA
1887 405 2275 470 HISTORIA.

3356 404 3490 466 14:25

162 590 165 595 ι
202 530 307 602 τὴν
329 529 521 601 δχθην,
549 524 802 582 συνέθεον
828 524 926 596 μὲν
951 525 1126 590 ἀστοὶ,
1151 524 1401 578 συνέθεον
1431 524 1488 578 δέ
1514 524 1679 592 ξένοι,
1703 524 1798 578 καὶ

1921 522 2101 579 'ebant
2145 523 2315 586 cives,
2355 517 2763 574 concurrebant
2804 524 2864 579 et
2898 517 3194 588 peregrini,
3241 526 3293 572 et
3320 519 3491 572 rusti-

207 624 509 700 7oep'qztxo}
535 623 762 686 πάντες.
798 621 894 675 καὶ
919 622 1110 692 ὅμοροι
1139 620 1196 674 δὲ
1221 619 1323 689 τῆς
1355 621 1609 689 εὐλογίας
1663 621 1798 675 ἀπο-

442 693 733 785 ὴῗκείγοντο
756 730 772 745 ο
830 712 1149 786 ῥαϐδοφόροι
1200 711 1259 766 δὲ
1303 711 1489 766 πολλοὶ
1544 717 1608 784 τῇ
1642 712 1800 786 κλίνῃ

209 810 565 881 παρείποντο,
596 813 724 871 τοὺς
750 805 990 878 γυμνοῦν
1025 805 1086 859 τδ
1112 805 1272 876 σῶμα
1296 806 1394 877 τῆς
1416 805 1644 875 ἐσθῆτος
1680 821 1801 858 πει-

211 900 515 972 ρωμένους,
548 899 642 952 καὶ
674 895 1174 969 ράκιανλαμϐάνειν
1214 894 1423 949 ἐκεῖθεν
1456 885 1799 965 ἐφιεμένους,

209 993 285 1056 ὡς
327 990 584 1049 παίοντες
617 988 1000 1058 δεδιττόμενοι.
1031 986 1141 1040 Καὶ
1182 981 1249 1057 ἦν
1279 985 1520 1052 ἀκούειν,
1555 986 1663 1040 τῶν
1701 985 1801 1055 μὲν

207 1083 521 1151 ψαλλόντων
546 1123 561 1147 ,
601 1079 711 1133 τῶν
739 1076 797 1133 δὲ
821 1078 1265 1150 θρηνῳδούντων.
1308 1078 1372 1131 Ἦ
1422 1078 1518 1149 μὲν
1546 1078 1653 1149 γὰρ
1679 1076 1804 1130 ὀδυ-

212 1174 416 1244 ρομένη
445 1171 758 1243 προστάτην
782 1169 992 1234 ἐκάλει,
1024 1170 1058 1239 ἡ
1087 1168 1142 1222 δέ
1164 1167 1389 1240 τροφέα,
1415 1169 1454 1237 ἢ
1481 1167 1539 1221 δὲ
1569 1166 1803 1236 ποιμένα

208 1282 265 1318 τε
294 1265 391 1318 καὶ
415 1261 754 1321 διδάσκαλον·
778 1261 870 1314 καὶ
889 1262 919 1313 ὁ
944 1261 1045 1333 μὲν
1071 1259 1324 1331 δακρύων
1352 1259 1564 1329 πατέρα
1588 1258 1804 1329 ὠνόμα-

194 1355 321 1420 ζεν,
353 1356 382 1406 ό
404 1354 462 1407 δὲ
491 1352 782 1423 ἐπίκουρον
810 1353 900 1404 καὶ
926 1351 1219 1422 κηδεμόνα.
1243 1349 1399 1405 Μετὰ
1429 1349 1685 1403 τοιούτων
1717 1350 1805 1403 εύ-

214 1444 439 1517 φημιῶν
467 1462 529 1497 τε
553 1445 647 1498 καὶ
672 1443 886 1515 θρήνων
919 1440 998 1514 τῷ
1029 1443 1189 1514 τάφῳ
1223 1442 1284 1495 τὺ
1319 1443 1473 1511 ἅγιον
1503 1443 1679 1514 ἐκεῖνο
1716 1442 1807 1496 καὶ

215 1538 360 1610 ἱερὸν
393 1536 718 1606 παρέδωκαν
750 1535 930 1606 σῶμα.
971 1533 1113 1602 Ἐγὼ
1136 1535 1194 1587 δὲ
1230 1532 1518 1605 Θαυμάσας
1540 1574 1555 1599 ,
1594 1534 1679 1587 ὅτι
1708 1533 1808 1605 τὴν

212 1627 492 1681 πολιτείαν
513 1625 772 1696 ἀμείψας,
806 1626 899 1678 τὸν
944 1624 1057 1696 βίον
1088 1625 1150 1679 ού
1202 1623 1616 1694 συμμετέϐαλεν
1638 1665 1653 1691 ,
1684 1624 1809 1685 οὐδὲ

212 1720 508 1791 ἀνειμένην
550 1722 608 1772 ἐν
667 1721 733 1789 τῇ
793 1718 1056 1801 προεδρίᾳ
1103 1717 1360 1788 ἠγάπησε
1398 1717 1634 1785 δίαιταν,
1674 1717 1809 1772 ἀλλὰ

211 1814 338 1875 τοὺς
365 1813 702 1880 άσκητικοὺς
743 1809 1021 1880 ἐπηύξησε
1055 1809 1273 1873 πόνους,
1314 1810 1372 1861 ἐν
1399 1811 1464 1880 τῇ
1490 1808 1598 1862 τῶν
1639 1825 1808 1877 μονα-

1901 617 2025 672 cani
2053 630 2267 678 omnes,
2296 612 2430 690 quin
2447 620 2503 667 et
2524 610 2742 666 ﬁnitimi
2760 625 2982 682 quoque
3000 610 3067 665 ad
3089 609 3380 665 fruendam
3395 610 3493 665 be-

1901 709 2269 766 nedictionem
2296 705 2730 761 contendebant.
2768 702 3038 759 Laeuium
3071 717 3237 771 porro
3269 702 3494 757 lictores

1902 800 2058 855 multi
2078 797 2577 869 prosequebantur,
2608 810 2703 850 eos
2720 794 2816 865 qui
2842 808 3047 864 corpus
3079 801 3230 848 veste
3259 794 3498 863 spoliare

1903 895 2244 958 nitebantur,
2264 899 2318 945 et
2342 876 2672 959 panniculus
2702 887 2828 942 inde
2857 901 3144 942 assumere
3172 885 3493 955 cupiebant.

1902 987 2190 1042 verberum
2205 991 2351 1043 metu
2365 984 2726 1039 deterrentes.
2742 980 2818 1035 Ibi
2830 979 3201 1035 audire~sitnul
3218 987 3340 1036 erat
3356 979 3497 1034 alios

1906 1079 2229 1152 psallentes,
2247 1076 2384 1133 alios
2398 1075 2783 1130 lamentantes.
2800 1072 2936 1129 Nam
2950 1088 3073 1144 quae
3086 1056 3369 1144 lugebant,
3387 1072 3494 1126 alia

1907 1180 2145 1231 tutorem
2178 1185 2340 1226 suum
2367 1156 2740 1239 appellabant,
2765 1167 2871 1221 alia
2895 1167 3151 1229 altorem,
3176 1165 3284 1219 alia
3313 1170 3497 1234 pasto-

1907 1280 2026 1320 rem
2059 1271 2116 1318 et
2147 1262 2472 1333 magistrum
2499 1278 2513 1315 :
2546 1268 2602 1316 et
2641 1260 2736 1331 qui
2774 1258 3249 1331 lacrymabantnr,
3278 1264 3494 1329 patrem

1908 1354 2328 1426 nuncupabant,
2363 1359 2419 1408 et
2444 1351 2791 1422 adiutorem,
2822 1358 2879 1406 et
2919 1360 3257 1406 curatorem.
3295 1348 3503 1419 Hujus-

1909 1450 2055 1505 modi
2070 1456 2199 1513 eum
2221 1446 2477 1501 laudibus
2492 1452 2547 1501 et
2576 1444 2835 1501 lamentis
2852 1453 3106 1499 sanetum
3126 1443 3260 1499 illud
3286 1441 3504 1513 1229

1910 1555 2242 1610 sacrumque
2267 1553 2472 1609 corpus
2503 1536 2808 1607 sepultura:
2833 1535 3190 1590 mandarunt.
3230 1535 3343 1604 Ego
3373 1546 3502 1587 vero

1911 1633 1964 1688 id
1995 1630 2326 1693 admiratus,
2344 1628 2493 1698 quod
2520 1634 2734 1682 mutato
2759 1627 2886 1681 vita:
2918 1625 3172 1703 instituto
3199 1624 3368 1679 vitam
3394 1636 3504 1679 una
3570 1656 3577 1661 λ

1912 1740 2023 1780 non
2053 1722 2302 1789 mutarit,
2337 1736 2517 1790 neque
2548 1721 2862 1775 molliorem
2910 1718 3099 1774 victus
3129 1718 3421 1779 rationem,
3446 1716 3503 1771 in

1912 1818 2233 1887 episcopatu
2258 1822 2484 1871 secutus
2504 1814 2601 1877 sit,
2622 1812 2719 1869 sed
2740 1811 3009 1867 asceticos
3027 1811 3241 1866 labores
3260 1808 3503 1865 διόδοις-ι

214 1905 323 1975 χῶν
355 1903 522 1956 αὐτὸν
554 1901 767 1973 ἱστορία
815 1900 1101 1967 κατέλεξα,
1153 1901 1251 1954 καὶ
1301 1903 1398 1971 τῆς
1424 1901 1805 1972 ἀγαπηθείσης

1921 1909 2001 1973 rit,
2036 1910 2095 1963 in
2117 1906 2518 1963 monachorum
2553 1902 2709 1959 illum
2758 1902 2991 1959 historia
3018 1901 3298 1981 recensui,
3334 1910 3391 1956 et
3430 1900 3502 1954 ab

215 1997 311 2051 ὑπ’
336 1994 502 2052 αὐτοῦ
527 1995 840 2067 συμμορίας
867 1995 968 2049 οὐκ
1000 1992 1262 2071 smptu,
1311 1995 1387 2059 ὡς
1419 1995 1519 2067 τῆς
1558 1992 1811 2047 ἐντεῦθεν

215 2089 334 2158 ἐφιέ
344 2105 502 2159 μενος
537 2086 812 2156 εὐλογίας.

721 2223 829 2276 nr.
863 2250 928 2261 -
953 2198 1310 2275 nmmos.

284 2361 411 2422 τοῖς
452 2358 873 2431 προειρημένοις
908 2358 1087 2427 ἁγίοις
1140 2358 1437 2431 προσθήσω
1464 2360 1677 2413 καὶτὸν
1712 2359 1812 2431 μέ-

214 2471 318 2521 γαν
372 2451 656 2519 Εὑσέϐιον,
689 2452 748 2515 ὃς
793 2451 855 2504 οὐ
920 2452 1028 2523 πρὸ
1080 2450 1279 2504 πολλοῦ
1325 2452 1447 2522 μὲν,
1488 2453 1808 2525 ἐτελεύτησε

216 2545 436 2617 χρόνου,
481 2542 779 2613 πάμπολλα
824 2543 881 2596 δὲ
922 2541 1014 2613 ἐτη
1059 2542 1358 2612 βεϐιωκὼς,
1403 2543 1688 2615 ίσόμετρον
1732 2543 1810 2615 τῷ

216 2636 396 2708 χρόνῳ
445 2635 537 2688 τὸν
579 2636 742 2688 πόνον
789 2635 1106 2705 ὑπέμεινεν.
1149 2634 1434 2706 ίσόμετρον
1471 2635 1528 2690 δὲ
1560 2636 1638 2708 τῷ
1664 2636 1812 2707 πόνῳ

221 2726 502 2793 συνέλεξεν
539 2728 765 2798 ἀρετὴν,
800 2727 1203 2782 πολλαπλάσιον
1230 2728 1288 2781 δὲ
1315 2728 1377 2781 τὸ
1415 2729 1667 2783 ἐντεῦθεν
1710 2731 1811 2784 άπ-

221 2820 486 2887 ενέγκατο
519 2820 732 2889 κέρδος.
775 2819 833 2872 Ὀ
856 2819 963 2889 γὰρ
1010 2820 1384 2893 Ἀγωνοθὲτης
1408 2823 1475 2892 τῇ
1527 2821 1810 2893 φιλοτιμίᾳ

218 2912 325 2966 τῶν
374 2912 697 2966 ἀντιδόσεων
730 2913 1050 2984 ὑπερϐαίνει
1086 2915 1215 2977 τοὺς
1242 2890 1457 2977 ἄθλους.
1487 2908 1656 2977 Οὗτος
1705 2915 1832 2981 τοί--

130 3020 133 3021 ⁷
221 3021 313 3057 νυν
362 3003 547 3067 ἄλλοις
587 3004 658 3058 τά
705 3003 900 3075 πρῶτα
950 3003 1046 3074 τὴν
1107 3005 1315 3057 οἰκείαν
1368 3004 1812 3068 καταπιστεύσας

222 3093 564 3164 ἐπιμέλειαν,
628 3094 796 3164 ἤγετο
910 3093 975 3149 ἂν
1012 3096 1212 3148 ἐκεῖνοι
1253 3091 1409 3166 ἦγον.
1449 3095 1676 3166 Ἄνδρες
1703 3097 1814 3167 γὰρ

222 3183 360 3257 ἦσαν
392 3186 487 3238 καὶ
525 3185 679 3238 αὐτοὶ¹
709 3184 862 3249 θεῖοι,
894 3188 988 3239 καὶ
1014 3187 1117 3256 τῆς
1139 3188 1342 3259 ἀρετῆς
1376 3187 1609 3258 ἀθληταί
1639 3205 1697 3241 τε
1719 3188 1814 3241 καὶ

222 3277 554 3348 γυμνασταί.
602 3277 811 3347 Χρόνον
859 3278 917 3331 δέ
965 3297 1089 3332 τινα
1140 3280 1353 3343 τούτοις
1406 3280 1814 3354 συνδιατρίψας,

223 3371 317 3424 καὶ
352 3365 411 3422 εὖ
449 3370 541 3423 καὶ
570 3369 750 3433 καλῶς
771 3370 870 3441 τῆς
897 3371 1212 3440 φιλοσοφίας
1238 3371 1336 3441 τὴν
1366 3373 1681 3445 ἐπιστήμην
1712 3391 1820 3426 πα·

228 3457 499 3529 ραλαϐὼν.
555 3459 646 3513 τὸν
684 3461 902 3532 μονῄρη
941 3461 1054 3532 βίον
1105 3461 1413 3531 ἠσπάσατο,
1446 3463 1539 3515 καί
1569 3482 1690 3517 τινα
1725 3466 1820 3534 ῥα-

224 3550 376 3623 χείαν
417 3550 579 3622 ὅρους
626 3552 976 3619 καταλαϐὼν,
1026 3554 1300 3608 ἐπίκειται
1353 3554 1411 3607 δὲ
1458 3556 1598 3627 αὐτῇ
1654 3552 1822 3625 κώμη

228 3643 485 3713 μεγίστη.
546 3644 769 3715 Ἀσιχᾶν
816 3645 872 3698 δὲ
932 3645 1104 3716 αὐτὴν
1164 3646 1514 3717 ὀνομάζουσι,
1585 3648 1820 3719 θριγκίῳ

230 3734 376 3806 μόνῳ
410 3736 779 3807 χρησάμενος,
826 3737 920 3790 καὶ
965 3739 1094 3801 τοὺς
1139 3737 1318 3802 λίθους
1338 3739 1460 3792 οὐδὲ
1506 3738 1664 3811 πηλῷ
1691 3757 1809 3792 συν⁶

224 3828 498 3898 αρμόσας,
527 3828 813 3898 ὑπαίθριος
838 3828 1106 3882 τδλοιπον
1132 3830 1502 3901 ταλαιπωρῶν
1548 3831 1815 3885 διετέλεσε

226 3920 362 3990 βίον,
384 3919 576 3990 ἐσθῆτι
596 3919 695 3990 μὲν
711 3920 1014 3995 δερματίνῃ
1044 3918 1479 3992 καλυπτόμενος,
1508 3920 1816 3993 ἐρεϐίνθοις

224 4012 280 4064 δὲ
318 4014 415 4066 καὶ
463 4011 699 4083 κυάμοις
749 4012 902 4068 ὕδατι
955 4013 1266 4085 δευομένοις
1316 4014 1671 4087 τρεφόμενος.
1712 4016 1821 4067 Καὶ

231 4104 464 4176 ἰσχάδων
509 4104 568 4159 δὲ
598 4104 758 4159 ¹ἔστιν
799 4106 889 4160 ὅτε
925 4106 1356 4177 μετελάμϐανεν,
1389 4107 1693 4178 ὑπερείδειν
1728 4106 1819 4160 τοῦ

234 4196 486 4267 σώματος
533 4197 633 4268 τὴν
681 4196 967 4251 ἀσθένειαν
1015 4198 1157 4252 οὕτω
1180 4200 1541 4270 πειρώμενος.
1588 4200 1696 4253 Καὶ
1743 4203 1824 4262 εἰς

233 4288 407 4360 γῆρας
453 4288 501 4340 δ’
550 4288 750 4351 ἐλάσας
799 4288 956 4362 βαθὺ,
1009 4292 1084 4354 ὡς
1132 4290 1228 4344 καὶ
1276 4290 1388 4343 τῶν
1427 4285 1654 4347 ὀδόντων
1698 4293 1826 4355 τοὺς

230 4379 455 4443 πλείους
482 4378 799 4445 ἀποϐαλεῖν,
819 4378 943 4432 οὔτε
965 4381 1065 4450 τὴν
1086 4380 1291 4452 τροφὴν
1316 4380 1440 4436 οὔτε
1467 4383 1565 4451 τὴν
1604 4383 1827 4453 οἴκησιν

229 4470 495 4541 ἧμειψεν·
547 4472 684 4526 ἀλλὰ
736 4472 829 4527 καὶ
881 4473 937 4525 ἐν
970 4474 1201 4543 χειμῶνι
1247 4474 1615 4547 πηγνύμενος,
1649 4477 1742 4529 καὶ
1769 4477 1826 4530 ἐν

232 4563 383 4658 (tepet
413 4562 767 4658 φλεγόμενος,
796 4563 959 4645 ἔφερε
989 4565 1275 4637 καρτερῶς
1313 4566 1413 4631 τὰς
1446 4567 1700 4630 ἐναντίας
1731 4566 1829 4620 τοῦ
1860 4605 1902 4658 D

231 4655 396 4726 ἀέρος
426 4655 739 4726 ποιότητας,
767 4656 1133 4727 ἐρικνωμένον
1162 4657 1223 4729 [ι.
1256 4657 1524 4730 ἐρρυσω-]
1556 4659 1654 4728 μὲν
1684 4658 1823 4730 ἔχων

231 4750 293 4830 τὸ
319 4748 637 4818 πρόσωπον,
671 4749 1106 4820 τεταριχευμένα
1130 4750 1187 4803 δὲ
1231 4751 1448 4804 ἅπαντα
1469 4751 1538 4804 τά
1563 4752 1699 4822 μέλη
1729 4752 1827 4804 τοῦ

236 4840 512 4911 σώματος.
546 4841 705 4897 Οὕτω
737 4842 796 4896 δὲ
821 4846 932 4905 τοῖς
963 4829 1176 4908 πολλοῖς
1204 4843 1387 4906 πόνοις
1414 4845 1477 4896 τὸ
1516 4843 1678 4915 σῶμα
1704 4862 1831 4897 κατ⁴

232 4933 596 5004 εδαπανησεν,
629 4935 704 4998 ὡς
729 4935 865 5007 μηδὲ
886 4934 983 5007 τὴν
1001 4933 1180 5007 ζώνην
1197 4936 1291 4988 ἐπὶ
1320 4935 1420 5006 τῆς
1446 4935 1590 5000 ίξύος
1624 4936 1830 5006 μένειν,

235 5026 354 5080 ἀλλ’
387 5029 480 5080 ἐπὶ
515 5027 583 5080 τὰ
618 5015 771 5082 κάτω
808 5032 1028 5100 χωρεῖν.
1063 5027 1137 5081 Οὐ
1165 5028 1273 5100 γάρ
1301 5023 1368 5099 ἦν
1392 5029 1420 5081 ὅ
1459 5045 1512 5081 τι
1540 5027 1828 5091 κωλύσειε,

236 5119 632 5189 κατηνάλωντο
661 5120 719 5174 δὲ
758 5121 853 5175 καὶ
890 5119 1127 5190 γλουτοὶ,
1166 5123 1262 5174 καὶ
1293 5121 1461 5193 ἰσχία,
1495 5106 1592 5175 καὶ
1636 5124 1834 5191 πα,ρεὶ-

236 5231 337 5285 χον
365 5216 429 5284 τῇ
473 5214 619 5287 ζώνῃ
653 5213 842 5285 ῥᾳδίαν
877 5214 977 5285 τὴν
1040 5215 1134 5268 ἐπὶ
1181 5215 1253 5269 τὰ
1282 5215 1434 5268 κάτω
1474 5215 1669 5287 φοράν.
1704 5215 1830 5268 Τοι-

238 5308 441 5379 γάρτοι
474 5305 550 5377 τῷ
588 5307 776 5377 χιτῶνι
803 5308 904 5379 τὴν
935 5307 1114 5376 ζώνην
1146 5307 1551 5380 προσέρραψεν,
1572 5307 1715 5362 οὕτω
1736 5308 1835 5378 τὴν

243 5400 439 5453 στάσιν
491 5401 631 5471 αὑτῇ
683 5400 1069 5471 σοφισάμενος.
1118 5402 1333 5471 Κομιδῆ
1369 5401 1426 5454 δὲ
1508 5400 1672 5454 αὐτὸν
1726 5403 1834 5455 άπ-

244 5494 469 5546 ἐκναιεν
504 5496 537 5561 ἡ
563 5493 701 5563 πρὸς
735 5494 861 5557 τοὺς
886 5493 1111 5558 πολλοὺς
1157 5493 1344 5564 ὁμιλία
1374 5511 1388 5525 ⁸
1421 5500 1518 5565 την
1549 5494 1698 5548 θείαν
1727 5493 1835 5563 γὰρ

244 5584 514 5655 διηνεκῶς
554 5584 960 5656 φανταζόμενος
996 5585 1252 5657 Θεωρίαν,
1282 5587 1464 5640 ἕλκειν
1496 5585 1706 5639 ἐκεῖθεν
1734 5588 1834 5640 οὐκ

249 5662 627 5749 ἐϐούλετοτὴν
657 5676 916 5730 διάνοιαν.
974 5676 1112 5730 Ἀλλ’
1138 5665 1309 5748 ’ὅμως
1344 5678 1438 5731 καὶ
1471 5676 1674 5747 θερμὸν
1696 5675 1837 5746 ἔχων

249 5770 399 5827 οὕτω
424 5771 513 5825 τὸν
547 5771 745 5844 ἔρωτα,
774 5771 973 5840 ὀλίγοις
1003 5771 1109 5824 τῶν
1145 5772 1436 5844 γνωρίμων
1465 5772 1839 5843 ἀποφράττειν

248 5868 355 5936 τὴν
390 5866 560 5937 θύραν
599 5868 691 5919 καὶ
739 5866 868 5920 εἴσω
918 5867 1217 5922 διαϐαίνειν
1264 5869 1570 5940 ἐπέτρεπε·
1607 5870 1700 5922 καὶ
1742 5866 1839 5941 τὴν

1911 2001 2107 2056 ordine
2138 2015 2299 2071 quem
2341 1998 2631 2053 adamarat
2674 2010 2787 2051 non
2836 1993 3080 2064 sejunxi,
3118 2002 3177 2047 ut
3220 1991 3313 2063 qui
3357 1991 3505 2046 hanc

1912 2105 2133 2163 quoque
2161 2089 2606 2147 benedictionem
2635 2093 2910 2159 expetam.

2300 2222 2485 2280 XVIII.
2522 2255 2592 2264 ——
2626 2220 2989 2279 EUSEBIUS.

1984 2360 2330 2432 Supradictis
2371 2360 2579 2416 sanctis
2630 2359 2925 2415 Eusebium
2981 2373 3203 2429 quoque
3239 2372 3500 2429 magnum

1910 2456 2163 2526 adjiciam
2196 2455 2288 2525 qui
2312 2453 2455 2508 haud
2478 2453 2553 2507 ita
2587 2452 2793 2508 dudum
2828 2451 3050 2522 quidem
3097 2451 3204 2506 vita
3240 2450 3503 2512 excessit,

1910 2548 2161 2616 plurimis
2177 2556 2355 2602 antem
2369 2547 2664 2600 anniscum
2686 2544 2906 2609 vixerit,
2920 2544 3182 2614 aqualem
3197 2545 3339 2598 :etati
3356 2533 3509 2598 labo-

1912 2652 2027 2693 rem
2061 2637 2299 2708 pertulit,
2322 2634 2892 2705 aequalemquelabori
2915 2634 3169 2689 virtutem
3190 2633 3432 2700 collegit,
3454 2639 3509 2687 et

1911 2722 2409 2800 multipliceminde
2429 2726 2665 2783 fructum
2688 2725 2895 2782 retulit.
2912 2726 3253 2796 Agonotheta
3272 2739 3510 2792 namque

1914 2820 2424 2878 remu’nerationum
2450 2822 2469 2843 θ
2494 2818 2904 2889 magnificentia
2937 2818 3157 2874 labores
3188 2824 3506 2887 exsuperat.

1912 2914 2015 2970 Hic
2035 2914 2201 2986 igitur
2215 2930 2337 2970 cum
2362 2913 2448 2969 sui
2471 2911 2645 2981 ipsius
2673 2926 2864 2967 curam
2900 2910 3024 2964 aliis
3050 2909 3209 2965 initio
3238 2908 3510 2965 credidisc

1914 3017 2022 3076 set,
2050 3008 2353 3064 ducebatur
2374 3022 2484 3078 quo
2516 3006 2591 3059 illi
2617 3000 3044 3059 ducebant.Viri
3069 3003 3214 3057 enim
3261 3008 3420 3056 erant
3454 3002 3507 3055 bi

1913 3115 2135 3171 quoque
2193 3099 2387 3162 divini,
2446 3095 2667 3150 athletae
2719 3108 2786 3150 ac
2822 3088 3039 3165 pugiles
3082 3093 3323 3148 virtutis.
3396 3091 3514 3146 Ali-

1919 3180 2129 3266 quanto
2164 3207 2297 3248 vero
2337 3201 2588 3261 tempore
2622 3205 2750 3245 cum
2780 3190 2891 3246 illis
2932 3194 3209 3252 versatus,
3243 3193 3298 3240 et
3331 3184 3513 3252 philo-

1922 3284 2131 3354 SOpbitn
2177 3283 2411 3339 scientia
2448 3278 2635 3356 plene;
2658 3280 2928 3346 imbutus,
2977 3280 3146 3332 vitam
3204 3275 3511 3332 solitariam
3562 3268 3567 3273 ’

1922 3360 2209 3448 amplexus
2243 3357 2658 3444 est,.dnrsoqu'e
2684 3372 2891 3428 montis
2916 3378 3211 3440 occupato,
3247 3368 3337 3423 cui
3363 3368 3515 3421 vicus

1922 3468 2266 3539 praegrandis
2295 3466 2533 3536 adjacet,
2571 3467 2777 3521 Asicha
2811 3464 3059 3528 nomine,
3114 3462 3352 3516 maceria
3387 3461 3509 3515 sola

1913 3555 2247 3623 contentus,
2280 3559 2440 3630 cujus
2465 3559 2681 3629 lapides
2714 3572 2784 3612 ne
2817 3557 2933 3611 luto
2956 3556 3180 3626 quidem
3202 3554 3515 3625 copularat,

1922 3653 2028 3708 sub
2060 3652 2152 3706 dio
2186 3651 2459 3720 reliquum
2498 3654 2629 3705 vitae
2664 3651 2907 3719 spatium
2935 3648 2988 3702 in
3021 3648 3291 3703 aerumnis
3327 3656 3519 3701 emen-
3566 3665 3575 3673 ·

1923 3759 2020 3799 sus
2054 3750 2160 3807 est,
2193 3742 2422 3812 pellicea
2451 3750 2605 3797 veste
2633 3743 2895 3806 amictus,
2935 3740 3327 3809 eiceribusque
3361 3745 3414 3793 et
3438 3736 3522 3791 fa-

1921 3836 2007 3891 bis
2024 3849 2254 3890 vescens
2276 3844 2417 3904 aqua
2436 3833 2781 3889 madefactis.
2805 3833 3033 3889 Caricas
3053 3833 3217 3887 etiam
3242 3831 3517 3885 interdum

1924 3927 2183 3997 sumpsit,
2204 3926 2465 3996 corporis
2494 3925 2839 3981 debilitatem
2864 3925 3158 3980 sublevare
3176 3923 3281 3977 bac
3306 3923 3519 3976 ratione

1925 4018 2174 4075 studens.
2197 4017 2278 4071 Ad
2306 3999 2522 4074 senium
2550 4012 3019 4073 autem‘ultimum
3046 4022 3368 4086 provectus,
3391 4024 3516 4068 cum

1924 4111 2117 4167 dentes
2146 4110 2419 4181 plurimos
2446 4111 2753 4171 amisisset,
2808 4122 2988 4178 neque
3023 4109 3227 4160 vietum
3264 4106 3518 4169 mutavit,

1926 4220 2104 4274 neque
2133 4203 2555 4266 habitationem,
2607 4202 2702 4257 sed
2742 4202 2924 4257 hieme
2954 4207 3276 4261 concretus.
3325 4204 3520 4253 testate

1929 4298 2184 4362 adustus,
2220 4294 2436 4366 1230
2464 4302 2790 4350 constanter
2819 4293 3038 4349 ferebat
3069 4292 3380 4347 contrarias
3425 4304 3518 4344 ae-

1930 4393 2008 4447 ris
2035 4391 2357 4461 qualitates,
2391 4388 2532 4443 facie
2564 4393 2886 4458 corrugata,
2919 4386 3290 4454 membrisque
3319 4396 3520 4451 corpo-

1930 4486 2008 4539 ris
2038 4484 2298 4539 omnibus
2352 4480 2636 4537 arefactis.
2678 4480 2897 4551 Corpus
2930 4490 3113 4535 autem
3151 4478 3343 4535 multis
3370 4475 3524 4529 labo-

1932 4575 2090 4629 ribus
2122 4577 2206 4630 sic
2238 4554 2548 4637 attriverat,
2574 4583 2633 4629 ut
2653 4590 2792 4630 zona
2826 4572 2881 4627 in
2910 4571 3113 4627 lumbis
3137 4568 3519 4625 nonhaererrt.

1931 4666 2025 4721 sed
2073 4667 2331 4723 deorsum
2365 4665 2662 4732 deﬂueret,
2708 4681 2835 4721 cum
2876 4665 3119 4719 obstaret
3167 4660 3329 4727 nihil,
3391 4657 3518 4729 quia

1931 4759 2217 4813 extenuati
2250 4759 2440 4814 clunes
2473 4768 2527 4814 et
2557 4771 2708 4814 coxae
2740 4757 2958 4811 facilem
2997 4768 3151 4809 zona:
3183 4754 3518 4807 descensum

1932 4851 2167 4905 dabant.
2196 4849 2381 4917 Quare
2414 4850 2616 4905 tunicae
2644 4850 2793 4904 illam
2828 4862 3065 4902 assuens
3094 4850 3273 4899 artem
3309 4842 3523 4897 invenit

1932 4961 2041 5015 qna
2067 4945 2421 5000 consisteret.
2449 4943 2744 4998 Multorum
2776 4940 3203 5012 eongressioncs
3235 4934 3521 5005 regerrimu

1936 5040 2162 5096 ferebat.
2218 5038 2424 5094 Divitiae
2467 5040 2673 5110 quippe
2719 5030 3178 5105 contemplationi
3252 5036 3519 5099 perpetuo

1935 5132 2145 5197 allixus,
2177 5132 2336 5188 avelli
2379 5130 2448 5185 ab
2484 5146 2549 5186 ea
2609 5137 2844 5184 mentem
2886 5125 3126 5181 nolebat.
3159 5121 3411 5176 Attamen
3439 5128 3525 5172 et—

1936 5225 1981 5279 si
2008 5230 2125 5276 lam
2156 5223 2389 5278 incenso
2420 5234 2609 5276 amore
2630 5224 2930 5281 teneretur,
2961 5214 3156 5286 paucis
3183 5208 3520 5281 quibusdam

1938 5313 2085 5369 notis
2110 5313 2427 5367 obstructas
2454 5308 2603 5365 fores
2635 5307 2923 5364 recludere
2954 5313 3009 5359 et
3045 5303 3256 5357 intrare
3293 5297 3525 5369 permit-

1939 5404 2090 5459 tebat
2152 5421 2166 5457 :
2202 5417 2345 5473 quos
2384 5399 2702 5455 divinorum
2734 5395 3098 5475 eloquiorum
3137 5389 3389 5445 doctrina
3440 5385 3528 5446 inj-

1941 5503 2186 5551 structos
2224 5492 2545 5557 dimittens,
2579 5491 2809 5561 januam
2842 5488 2959 5541 luto
3018 5484 3220 5538 iterum
3272 5479 3529 5548 obscpire

1935 5589 2189 5660 jubebat.
2239 5586 2457 5643 Verum
2495 5584 2673 5642 satius
2719 5581 2936 5637 tandem
2998 5577 3167 5634 etiam
3223 5584 3527 5645 paucorum

1939 5696 2299 5753 congressum
2365 5680 2539 5733 vitare
2578 5686 2770 5739 ratus,
2834 5672 3013 5743 lapide
3058 5669 3267 5740 ingenti
3329 5665 3396 5721 ad
3442 5662 3530 5729 ja-

1941 5788 2107 5829 nuam
2171 5774 2391 5826 admoto
2424 5768 2629 5823 aditum
2683 5765 2903 5839 penitus
2957 5759 3286 5824 interclusit,
3330 5768 3386 5810 et
3435 5764 3532 5824 per

1943 5866 2191 5921 foramen
2227 5863 2507 5935 quoddam
2560 5875 2768 5931 paucos
2799 5876 2827 5912 e
2859 5854 3228 5911 familiaribus
3278 5850 3530 5917 alloque-
