4030 6408
459 382 594 452 1427

1448 392 1960 475 ¹ΤΗΕΟΙ)ΟΗΕΤΙ
2001 390 2343 452 EPISCOPI
2379 389 2748 452 CYBENSIS

3583 378 3723 444 1428

461 502 624 556 batur
646 500 892 571 quidem,
924 505 1018 558 sed
1044 501 1111 558 ab
1148 504 1231 562 eis
1254 518 1363 558 non
1395 504 1751 559 cernebatur.
1781 502 1874 557 Sic
1896 491 2040 557 enim

2146 502 2253 555 ἀπὸ
2313 503 2421 555 τῶν
2470 501 2645 555 ’θείων
2701 498 2899 567 λογίων
2965 495 3312 551 διδασκαλίαν
3373 494 3724 566 προσφέρων,

460 607 814 666 prospexerat
848 616 862 655 :
887 599 1236 670 indidemque
1260 600 1520 670 exiguum
1550 599 1704 654 illum
1734 600 1917 654 cibum
1954 615 2044 654 ac-

464 688 726 758 cipiebat.
761 675 999 745 Rursum
1031 707 1162 747 vero
1193 693 1427 747 aliorum
1461 693 1711 747 omnium
1746 692 2044 763 colloquiis

460 779 727 843 exclusis,
770 796 858 835 me
910 797 1077 836 unum
1111 783 1202 837 illa
1242 782 1392 839 dulci
1441 782 1667 854 Deoque
1718 791 1875 854 grata
1907 798 2045 841 voce

460 869 802 939 dignabatur,
834 879 887 925 et
912 872 1070 927 abire
1102 875 1374 930 volentem
1406 875 1719 931 diutissime
1776 875 1845 930 de
1877 875 2045 931 cccle-

461 960 639 1015 stibus
677 949 842 1018 rebus
871 963 1157 1021 disserens
1191 955 1490 1022 detinebat.
1527 967 1633 1023 Sed
1668 982 1794 1022 cum
1812 967 1881 1022 ad
1917 982 2046 1023 eum

459 1041 798 1108 confluerent
829 1056 1007 1120 multi,
1039 1072 1104 1112 ae
1120 1057 1518 1114 benedictionis
1546 1060 1754 1114 donum
1774 1073 2043 1128 exposceo

461 1151 605 1207 rent,
638 1146 929 1200 tumultum
986 1147 1133 1203 hunc
1162 1150 1393 1206 moleste
1424 1153 1438 1170 ‘
1467 1150 1671 1214 ferens,
1725 1150 1873 1205 nulla
1903 1150 2043 1205 senii

460 1232 546 1286 sui
607 1233 791 1288 habita
841 1238 1077 1304 ratione,
1117 1255 1219 1295 nec
1264 1249 1553 1312 urgentem
1612 1241 2041 1296 imbecillitatem

460 1325 841 1393 considerans,
877 1332 1176 1385 maceriam
1219 1335 1482 1398 transilit,
1523 1349 1591 1389 ne
1652 1333 1860 1404 vegetis
1921 1333 2042 1403 qui-

459 1412 583 1467 dem
615 1423 671 1469 et
702 1417 947 1473 robustis
987 1433 1223 1477 ascensu
1272 1421 1490 1475 facilem
1525 1430 1578 1476 et
1608 1419 1675 1474 ad
1728 1420 2041 1489 proximum

458 1517 765 1561 aseetarum
802 1510 1007 1580 1231
1037 1522 1236 1566 castum
1272 1512 1570 1582 profectus,
1602 1526 1882 1581 parvaque
1918 1525 2041 1564 rur-

463 1613 589 1652 sum
627 1601 865 1655 maceria
907 1601 1066 1670 juxta
1098 1603 1240 1656 muri
1278 1602 1535 1673 angulum
1567 1608 1868 1665 exstructa,
1902 1614 2039 1655 eon-

458 1690 635 1745 suetis
695 1676 1335 1749 laboribusdecertavit.
1397 1694 1593 1749 Aiebat
1623 1700 1802 1748 autem
1860 1693 2040 1762 gregis

458 1776 624 1847 hujus
679 1781 1042 1850 praepositus,
1101 1784 1184 1838 vir
1237 1784 1385 1838 omni
1438 1783 1640 1838 virtute
1676 1774 2038 1844 'cumulatus.

2147 594 2309 648 πάλιν
2337 594 2600 656 ἀπιόντας
2649 590 2867 645 ἐκέλευε
2894 593 2961 661 τῇ
3005 588 3144 661 θύρᾳ
3174 587 3266 642 τὸν
3295 585 3468 663 πηλδν
3512 580 3731 640 ὲπιθεῖὲ

2146 703 2254 740 ναι.
2305 687 2415 740 Καὶ
2465 684 2563 756 τὴν
2613 683 2749 754 πρὸς
2778 683 2905 744 τοὺς
2943 681 3156 750 ὀλίγους
3204 681 3277 733 δὲ·
3306 670 3593 749 συντυχίαν
3624 695 3727 746 φυ-

2143 781 2261 848 γεῖν
2283 777 2502 848 ἄμεινον
2528 777 2894 848 ἡγησάμενος,
2917 773 3227 844 ἀπετείχισε
3238 772 3337 843 τὴν
3358 772 3562 824 εἴσοδον
3586 787 3731 824 παν-

2144 870 2335 933 τελῶς,
2384 872 2451 940 τῇ
2476 880 2481 883 ’
2502 868 2641 940 θύρᾳ
2676 868 2858 939 ἐκείνῃ
2886 865 3031 919 λίθον
3061 863 3729 935 μέγιστον’συναρμόσας.

2145 963 2247 1017 Διά
2288 971 2433 1025 τινος
2473 962 2529 1015 δὲ
2572 960 2886 1031 ὀρύγματος
2915 958 3115 1027 ὀλίγοις
3164 958 3272 1039 τῷν
3294 955 3538 1027 συνήθων
3566 954 3732 1009 διελέ-

2144 1069 2273 1121 γετο
2302 1051 2422 1123 μὲν,
2453 1052 2552 1122 ούχ
2594 1052 2804 1121 ἑωρᾶτο
2847 1050 2904 1104 δέ
2936 1065 2951 1079 '
2983 1049 3127 1103 οὕτω
3155 1048 3263 1118 γὰρ
3293 1047 3684 1118 ἐμεμηχάνητο
3710 1062 3731 1078 ο

2144 1144 2354 1197 ἐκεῖθεν
2405 1142 2463 1195 δὲ
2493 1135 2817 1213 ἐίσεδέχετο
2857 1142 2952 1196 καὶ
3001 1142 3102 1211 τὴν
3138 1140 3324 1211 ὀλίγην
3365 1138 3581 1209 εκείνην
3601 1154 3733 1208 τρο-

2146 1236 2273 1303 φήν.
2316 1234 2487 1288 Πάλιν
2516 1233 2570 1287 δὲ
2595 1233 2693 1304 τὴν
2726 1235 2865 1305 πρὸς
2897 1234 3148 1295 ἅπαντας
3185 1229 3577 1301 ἀπαγορεύσας
3611 1229 3733 1282 διά-

2143 1323 2309 1391 λεξιν,
2361 1326 2461 1396 ἐμὲ
2517 1326 2678 1397 μόνον
2724 1326 2825 1397 τῆς
2875 1325 3134 1394 γλυκείας
3172 1325 3405 1392 ’ἐκείνης
3462 1323 3557 1376 καὶ
3604 1320 3732 1391 Θεῷ

2144 1417 2308 1487 φίλης
2347 1416 2503 1487 ἠξίου
2549 1420 2772 1487 φωνῆς·
2832 1416 2925 1469 καὶ
2970 1415 3190 1469 ἀπιέναι
3236 1413 3559 1485 βουλόμενον
3607 1414 3732 1464 ὲπι-

2141 1508 2394 1562 πλεῖστον
2449 1512 2669 1579 κατεῖχε
2727 1507 3012 1583 περίτῶν
3065 1506 3332 1577 οὐρανίων
3384 1504 3731 1583 πραγμάτων

2142 1600 2546 1670 διαλεγόμενος.
2602 1599 2820 1652 Πολλῶν
2848 1599 2904 1652 δὲ
2935 1598 3065 1670 πρὸς
3096 1598 3259 1651 αὐτὸν
3287 1598 3724 1667 ἀφικνουμένων,

2146 1693 2239 1744 καλ⁸
2285 1691 2387 1761 τῆς
2427 1690 2677 1755 εὐλογίας
2741 1688 3116 1743 ἀπαιτούντων
3158 1688 3218 1742 τὸ
3267 1688 3464 1759 δῶρον,
3516 1687 3749 1757 σφόδρα

2145 1783 2333 1838 τοῦτον
2383 1781 2721 1852 δυσχεράνας
2756 1781 2848 1835 τὸν
2897 1779 3144 1852 θόρυϐον,
3191 1779 3315 1833 οὔτε
3336 1780 3399 1833 τὸ
3440 1782 3617 1850 γῆρας
3646 1772 3757 1843 είςΔ

457 1870 772 1938 quindecim
805 1873 956 1927 illum
990 1889 1115 1929 eum
1167 1876 1369 1931 caricis
1418 1886 1629 1944 septem
1677 1873 2040 1943 sacrijejunii

2143 1874 2270 1929 νοῦν
2322 1871 2522 1938 λαϐὼν,
2565 1872 2691 1927 οὔτε
2731 1865 2831 1946 τὴν
2876 1872 3232 1942 ἐπικειμένην
3260 1866 3546 1926 ἀσθένειαν
3579 1870 3732 1939 λογι-

457 1959 841 2018 hebdomadas
875 1965 1239 2034 transegisse.
1270 1965 1450 2034 Atque
1478 1966 1583 2020 hoc
1617 1966 1706 2021 ille
1733 1967 2039 2020 certamine

457 2051 755 2109 defunctus
780 2063 886 2118 est,
925 2070 1050 2109 cum
1082 2072 1263 2112 annos
1294 2066 1481 2128 ageret
1509 2072 1681 2127 supra
1713 2057 2035 2125 nonaginta,

456 2152 513 2198 et
542 2144 825 2201 debilitate
852 2148 1244 2218 inexplicabili
1298 2158 1598 2206 teneretur.
1632 2148 1739 2206 Sed
1775 2132 2035 2205 debilita-

378 2272 381 2275 λ
457 2246 565 2293 tem
604 2240 852 2294 vincebat
884 2242 1053 2296 animi
1117 2243 1402 2311 alacritas,
1460 2253 1515 2299 et
1539 2243 1633 2299 Dei
1667 2257 1825 2298 amor
1854 2241 2037 2297 facilia

455 2330 640 2385 omnia
673 2332 937 2389 reddebat
994 2346 1048 2391 et
1098 2335 1377 2406 expedita.
1411 2334 1509 2391 liis
1555 2350 1685 2404 ergo
1738 2333 2035 2389 sudoribus

458 2423 716 2491 perfusus
767 2425 836 2479 ad
869 2441 1070 2482 cursus
1100 2435 1296 2482 metam
1331 2428 1598 2498 pervenit,
1651 2442 1706 2482 et
1738 2427 2039 2498 agonotbe-

456 2522 567 2569 tum
609 2531 866 2581 cernens,
895 2525 950 2573 et
983 2534 1222 2575 coronas
1266 2519 1615 2577 desiderans.
1647 2519 1759 2591 Ego
1791 2534 1918 2575 vero
1949 2519 2036 2573 in-

455 2607 792 2662 tercessione
819 2610 908 2663 illa
943 2609 1047 2665 frui
1099 2610 1288 2681 cupio,
1352 2626 1458 2680 qua
1495 2610 1716 2666 fruebar
1761 2626 1886 2665 eum
1941 2626 2036 2665 su-

456 2702 668 2761 perstes
692 2706 859 2752 esset.
880 2697 1076 2756 Vivere
1097 2701 1244 2755 enim
1269 2701 1446 2770 ipsum
1469 2700 1655 2764 credo,
1680 2712 1733 2756 et
1755 2700 2033 2771 puriorem

456 2786 525 2839 ad
555 2787 720 2843 Deum
750 2790 954 2846 habere
985 2793 1266 2850 fiduciam.
1889 2793 1897 2802 ’

2146 1967 2400 2036 σάμενος,
2444 1964 2763 2036 ὑπερϐαίνει
2793 1964 2854 2029 τὸ
2888 1964 3157 2035 θριγκίον,
3192 1964 3293 2017 οὐκ
3321 1963 3643 2016 εὐεπίϐατον
3664 1962 3726 2016 ὃν

2144 2057 2265 2112 οὐδὲ
2304 2059 2417 2121 τοῖς
2448 2057 2592 2128 μάλα
2629 2055 2903 2128 σφριγῶσι
2931 2073 2945 2086 ο
2985 2057 3080 2109 καὶ
3111 2057 3211 2127 τὴν
3242 2055 3585 2118 πελάζουσαν
3614 2056 3725 2109 τῶν

2143 2149 2402 2219 ἀσκητῶν
2432 2146 2756 2202 καταλαϐὼν
2782 2146 3113 2219 συμμορίαν,
3145 2147 3377 2219 θριγκίῳ
3409 2149 3570 2203 πάλιν
3597 2168 3724 2219 σμι-

2143 2238 2262 2310 κρῷ
2289 2236 2439 2308 παρά
2467 2236 2565 2308 τὴν
2592 2234 2686 2289 τοῦ
2720 2236 2901 2306 τοίχου
2924 2237 3143 2305 ’γωνίαν
3165 2237 3535 2308 χρησάμενος,
3583 2238 3725 2310 μετά

2143 2329 2253 2384 τῶν
2304 2331 2548 2400 συνήθων
2584 2328 2880 2399 ἠγωνίζετο
2917 2329 3114 2385 πόνων.
3155 2330 3213 2382 '0
3252 2329 3306 2383 δὲ
3342 2328 3544 2401 ταύτης
3584 2347 3722 2402 προ-

2144 2422 2416 2477 στατεύων
2436 2423 2537 2492 τῆς
2550 2423 2808 2494 ποίμνης,
2830 2422 2969 2493 ἀνὴρ
2994 2422 3173 2493 πάσης
3191 2423 3386 2493 μεστὸς
3401 2421 3475 2476 ὣν
3498 2423 3722 2493 ἀρετῆς,

2145 2514 2358 2583 ἰσχάσιν
2397 2514 2560 2571 αὐτὸν
2605 2513 2707 2584 ἔφη
2759 2502 3148 2567 πεντεκαίδεκα
3207 2515 3573 2586 χρησάμενον,
3619 2515 3720 2579 τὰς

2142 2605 2284 2659 ἑπτὰ
2304 2605 2402 2675 τῆς
2421 2605 2581 2674 ἁγίας
2603 2605 2854 2677 νηστείας
2878 2606 3101 2660 διελθεῖν
3128 2606 3447 2676 ἑϐδομάδας.
3472 2605 3729 2660 Καὶ-τοῦ-

2141 2715 2232 2752 τον
2260 2698 2564 2769 ἠγωνίσατο
2591 2699 2683 2752 τὸν
2711 2699 2897 2767 ἀγῶνα
2928 2699 3154 2752 πλείονα
3190 2699 3288 2768 μὲν
3309 2700 3341 2769 ἦ
3365 2700 3728 2767 ἐννενήκοντα

2142 2789 2236 2860 ἔτη
2263 2789 2561 2856 βεϐιωκὼς,
2583 2790 2837 2877 ἀσθενείᾳ
2856 2791 2912 2844 δὲ
2935 2790 3277 2860 δυσδιηγήτῳ
3289 2790 3728 2861 τετρυχωμένος,

453 2877 591 2933 ἀλλὰ
622 2880 723 2951 τῆς
769 2882 1052 2947 ἀσθενείας
1083 2878 1151 2955 ἦν
1175 2885 1440 2955 κρείττων
1478 2886 1510 2957 ἡ
1550 2882 1848 2955 προθυμία,
1890 2881 1984 2935 καὶ
2021 2881 2049 2934 ὀ
2089 2877 2233 2942 θεῖος
2275 2878 2440 2941 πόθος
2487 2880 2714 2951 εὐμαρῆ-
2736 2881 2913 2934 πάντα
2945 2881 3208 2934 διεδείκνυ
3236 2883 3328 2935 καὶ
3366 2881 3546 2953 ῥᾴδια.
3573 2881 3733 2934 Τού-

455 2988 570 3036 τοις
610 2974 703 3028 καὶ
737 2966 892 3040 οὗτος
922 2978 1033 3039 τοῖς
1065 2976 1250 3049 ἱδρῶσι
1284 2977 1730 3050 περιῤῥεόμενος,
1764 2973 2030 3030 κατέλαϐε
2068 2972 2163 3025 τοῦ
2195 2972 2398 3043 δρόμου
2445 2973 2543 3044 τὴν
2589 2971 2814 3037 νύσσαν,
2860 2973 2955 3026 καὶ
2986 2973 3074 3026 τὸν
3145 2964 3517 3050 ἀγωνοθέτην.
3557 2973 3727 3042 ὀρῶν,

457 3068 710 3132 καλ-,τοὺς
779 3056 1076 3142 στεφάνους
1118 3072 1325 3129 ποθῶν.
1370 3070 1525 3141 ’Ἐγὼ
1568 3075 1624 3127 δὲ
1677 3072 1778 3142 τῆς
1817 3068 2113 3140 πρεσϐείας
2151 3069 2367 3139 ἐκείνης
2420 3060 2605 3138 τυχεῖν
2649 3052 2806 3135 ἀξιῶ,
2856 3063 2925 3140 ἦς
2963 3069 3043 3123 ἔτι
3089 3069 3369 3139 περιόντος
3424 3068 3731 3137 ἀπήλαυον.

456 3162 564 3232 Ζῇν
620 3161 729 3233 γάρ
771 3162 934 3217 αύτόν
975 3165 1236 3231 πιστεύω,
1292 3167 1386 3219 καὶ
1440 3163 1829 3236 καθαρωτέραν
1881 3162 2025 3232 ἔχειν
2062 3159 2201 3231 πρὸς
2232 3161 2325 3215 τὸν
2351 3160 2492 3227 ,Θεὸν
2529 3152 2869 3233 παρρησίαν.

862 3267 871 3277 ’
919 3294 1061 3349 xrx.
1090 3328 1160 3337 _
1184 3286 1616 3363 SALAMANES.

533 3425 793 3495 lnjuriam
812 3428 1006 3484 virtuti
1022 3430 1292 3487 facturum
1315 3447 1399 3488 me
1418 3439 1642 3503 putans,
1664 3432 1710 3489 si
1735 3431 2041 3488 admirandi

462 3518 774 3575 Salamanis
808 3520 974 3575 vitam
1010 3523 1459 3581 desiderantibus
1494 3509 1607 3580 non
1636 3524 1899 3591 indicem,
1940 3525 2037 3583 sed

459 3612 737 3669 oblivione
762 3614 925 3668 obrui
952 3616 1157 3682 sinam,
1181 3617 1304 3687 ejus
1320 3619 1639 3673 summatim
1663 3619 2039 3675 narrationem

457 3703 764 3776 aggrediar.
804 3702 970 3764 Vicus
1002 3716 1087 3764 est
1118 3708 1188 3764 ad
1216 3710 1561 3767 occidentem
1593 3709 1743 3765 fluvii
1787 3710 2041 3781 Euphra-

456 3800 552 3863 tis,
595 3800 698 3870 ipsi
731 3804 864 3875 ripa:
914 3801 1230 3866 imminens.
1263 3803 1580 3874 Capersana
1611 3804 1855 3859 nomine.
1905 3804 2041 3861 Hinc

454 3899 617 3947 ortus
650 3893 761 3960 ille,
792 3909 917 3949 eum
953 3893 1021 3948 ad
1046 3894 1285 3963 quietam
1313 3894 1481 3950 vitam
1519 3896 1762 3951 animum
1808 3895 2035 3964 adjecis-

457 3991 565 4044 set,
607 3982 999 4039 domunculam
1034 3984 1089 4038 in
1123 3984 1384 4041 ulteriore
1414 3987 1538 4041 vico
1582 3995 1800 4051 nactus,
1835 3986 1889 4039 in
1918 4000 2040 4039 eam

458 4088 521 4128 se
544 4074 794 4142 inclusit,
835 4092 937 4132 nec
970 4075 1118 4133 ostio
1150 4077 1368 4140 relicto,
1402 4093 1504 4133 nec
1558 4076 1822 4134 fenestra.
1859 4075 2041 4132 Semel

456 4175 642 4223 autem
700 4170 1005 4238 quotannis
1056 4176 1258 4225 terram
1314 4168 1641 4233 suﬂ‘odiens,
1680 4169 1851 4224 totius
1907 4168 2038 4222 anni

459 4255 779 4311 alimentum
840 4256 1169 4326 accipiebat,
1199 4272 1323 4310 eum
1364 4256 1515 4312 nullo
1542 4269 1785 4326 unquam
1821 4257 2043 4311 homine

459 4347 714 4416 loquens.
751 4346 815 4402 Et
864 4348 1012 4403 hunc
1062 4347 1117 4402 in
1150 4346 1373 4403 modum
1434 4363 1543 4402 non
1581 4346 1756 4413 brevi,
1796 4346 1892 4402 sed
1924 4346 2041 4400 lon-

458 4440 968 4524 gissimotcmpore
1026 4441 1421 4511 perseveravit.
1455 4441 1706 4496 Civitatis
1741 4454 1894 4501 vero.
1952 4438 2042 4493 cui

456 4532 627 4587 vicus-
667 4534 915 4598 suberat,
973 4534 1228 4601 antistes,
1264 4533 1371 4589 viri
1427 4532 1645 4603 ceguita
1692 4531 1911 4597 virtute,
1955 4547 2043 4587 sa-

457 4625 686 4680 cerdotii
716 4625 922 4681 donum
976 4626 1189 4696 1232
1249 4625 1633 4696 impartireilll
1686 4624 1937 4695 cupiens,
1968 4623 2035 4680 ad
2072 4609 2115 4665 Ῑ)

456 4732 580 4771 eum
616 4718 786 4782 venit,
822 4726 876 4772 et
909 4717 1136 4773 effracta
1168 4716 1516 4772 domunculae
1567 4727 1722 4787 parte
1754 4718 2037 4787 ingressus

457 4817 566 4875 est,
599 4825 822 4864 manum
849 4809 925 4863 illi
957 4809 1243 4879 imposuit,
1280 4810 1769 4879 precationemque
1806 4808 2035 4879 peregit,

459 4899 757 4971 multisque
782 4901 934 4955 illum
979 4899 1166 4955 verbis
1203 4898 1426 4963 affatus,
1456 4901 1693 4971 gratiam
1721 4916 1829 4971 qua
1858 4900 2035 4956 dona-

457 5003 547 5047 tus
571 4990 749 5046 fuerat
780 4991 1060 5058 iudicavit,
1117 4992 1379 5062 nullaque
1402 4992 1470 5047 ab
1494 5007 1559 5047 eo
1617 5008 1877 5060 expressa
1904 5007 2039 5047 voce

454 5084 737 5148 discessit,
782 5091 837 5139 et
864 5084 1046 5139 diruta
1087 5085 1389 5140 restaurari
1422 5085 1613 5153 jussit.
1666 5086 1788 5139 Alio
1838 5101 2035 5140 rursus

437 5185 723 5246 tempore,
744 5174 852 5230 vici
877 5176 999 5246 ejus
1028 5178 1229 5243 natalis
1248 5177 1460 5241 incolae,
1479 5177 1644 5231 lluvio
1670 5184 1832 5231 noctu
1859 5186 2042 5231 trans-

460 5265 652 5328 misso,
708 5265 1067 5338 perfossaque
1101 5267 1483 5333 domuncula,
1537 5266 1814 5322 sublatum
1850 5266 2038 5339 illum,

462 5369 564 5410 nec
595 5356 949 5421 renitentem,
974 5358 996 5379 '
1017 5372 1117 5413 nec
1164 5367 1517 5420 annuentetn,
1556 5356 1611 5411 in
1643 5358 1823 5411 vicum
1877 5372 2037 5411 suum

459 5454 845 5514 expertarum,
878 5457 933 5503 et
961 5448 1199 5505 similem
1236 5464 1398 5504 mane
1426 5448 1651 5504 domum
1690 5455 2040 5504 exstruentes

460 5536 752 5595 confestim
774 5540 1138 5597 incluserunt.
1169 5542 1261 5596 Ille
1292 5557 1421 5597 vero
1455 5540 1712 5597 similiter
1735 5539 2036 5604 obmutuit,

461 5628 600 5683 nulli
658 5644 886 5698 prorsus
915 5632 1213 5702 quidquam
1267 5634 1519 5702 loquens.
1555 5630 1751 5686 Paucis
1784 5646 1912 5685 vero
1941 5633 2041 5686 ite-

463 5738 585 5778 rum
614 5732 738 5793 post
787 5724 1002 5794 diebus,
1036 5727 1215 5782 vicani
1248 5728 1353 5781 vici
1387 5727 1689 5793 ulterioris,
1745 5736 1908 5783 noctu
1946 5728 2043 5787 ad-

462 5822 776 5879 ventantes,
815 5814 975 5872 domo
1020 5817 1445 5883 effracta,illum
1482 5819 1546 5881 ad
1586 5835 1645 5876 se
1668 5819 2035 5888 abduxerunt,

2064 3253 2113 3315 Ο

2606 3294 2705 3352 ΙΘ’,
2726 3325 2797 3336 -α
2812 3293 3256 3349 ΣᾹΛΑΜΑΝΗΣ.

2156 3435 2388 3489 Ἀδικεῖν
2422 3436 2651 3506 νομίσας
2677 3432 2777 3506 τὴν
2802 3431 3025 3505 ἀρετὴν,
3058 3433 3106 3485 εί
3131 3430 3222 3484 καὶ
3251 3428 3573 3500 Σαλαμάνου
3628 3425 3731 3481 τοῦ

2142 3520 2448 3596 θαυμασίου
2488 3525 2580 3581 τὸν
2634 3526 2766 3596 βίον
2792 3526 2904 3588 τοῖς
2939 3518 3221 3595 δεομένοις
3265 3519 3340 3591 μὴ
3370 3519 3727 3591 γνωρίσαιμι,

2141 3618 2256 3673 ἀλλ’
2293 3619 2397 3673 ὑπὸ
2438 3619 2536 3689 τῆς
2572 3618 2742 3689 λήθης
2785 3600 3501 3688 χωννυμένηνπεριίδοιμι,
3548 3613 3605 3663 ὲν
3632 3627 3728 3663 κε·-

2143 3712 2356 3782 φαλαίῳ
2390 3711 2688 3782 ποιήσομαι
2707 3710 2805 3780 τὴν
2838 3708 3114 3779 διήγησιν.
3145 3704 3319 3775 Κώμη
3346 3704 3428 3765 τίς
3459 3706 3573 3756 ἐστι
3618 3699 3714 3753 τοῦ

2141 3800 2709 3872 Εύιρράτουνποταμοῦ
2738 3800 2877 3871 πρὸς
2921 3798 3178 3867 ἑσπέραν,
3212 3797 3351 3865 αὐτῇ
3395 3792 3715 3859 ἐπικειμένη

2134 3888 2205 3967 ’τῇ
2236 3894 2392 3968 ὄχθῃ,
2427 3895 2767 3961 Καπερσανᾶ
2811 3891 3141 3961 καλουμένη.
3188 3889 3284 3941 Ἐκ
3327 3886 3535 3955 ταύτης
3566 3879 3725 3946 οὗτος

2140 3987 2478 4059 ὁρμώμενος,
2521 3986 2614 4040 καὶ
2665 3985 2757 4038 τὸν
2801 3983 3025 4054 ἡσύχιον
3066 3979 3448 4048 ἀσπαζόμενος
3493 3975 3629 4046 βίον,
3666 3975 3730 4028 ὲν

2140 4083 2206 4151 τῇ
2240 4077 2413 4151 πέραν
2445 4075 2609 4149 κώμῃ
2653 4075 2887 4147 σμικρὸν
2915 4073 3160 4128 οἰκίσκον
3196 4065 3398 4142 εὑρὼν,
3437 4065 3731 4136 καθεῖρξεν

2141 4150 2352 4231 ἑαυτόν,
2398 4168 2523 4222 οὗτε
2577 4167 2769 4239 θύραν,
2798 4166 2921 4220 οὔτε
2951 4165 3147 4235 θυρίδα
3177 4161 3514 4216 καταλιπών.
3540 4156 3732 4222 ’Ἃπαξ

2140 4261 2198 4314 δὲ
2248 4258 2342 4314 τοῦ
2399 4258 2554 4322 ἔτους
2606 4258 2756 4330 παρὰ
2805 4257 2903 4326 τὴν
2949 4257 3052 4325 γῆν
3096 4253 3360 4324 ὀρύττων,
3397 4248 3599 4311 παντὶρς
3628 4247 3729 4300 τοῦ

2143 4353 2298 4416 ἔτους
2329 4341 2639 4422 ’ὑπεδέχετο
2686 4350 2785 4421 τὴν
2814 4350 3041 4419 τροφὴν,
3078 4345 3252 4399 οὐδενί
3293 4361 3421 4397 ποτε
3448 4339 3733 4410 ,ἀνθρώπῳ

2142 4444 2545 4515 διαλεγόμενος.
2605 4442 2715 4495 Καὶ
2768 4439 2956 4494 τοῦτον
3003 4437 3095 4491 τὸν
3124 4437 3324 4509 τρόπον
3372 4436 3472 4488 οὐκ
3522 4430 3730 4498 ὀλίγον,

2148 4532 2264 4587 ἀλλ’
2297 4534 2378 4586 ὅτι
2428 4531 2663 4602 μάλιστα
2703 4529 2953 4583 πλεῖστον
3002 4527 3268 4580 διετέλεσε
3318 4524 3529 4595 χρόνον.
3562 4519 3672 4600 καὶ
3702 4522 3734 4572 ὁ

2143 4625 2242 4695 τῆς
2295 4624 2504 4687 πόλεως
2548 4623 2606 4677 δὲ
2637 4621 2949 4692 ἀρχιερεὺς,
2996 4612 3062 4690 ἧς
3094 4613 3162 4689 ἦν
3203 4619 3235 4687 ἡ
3285 4614 3470 4684 κώμη,
3502 4612 3601 4682 τὴν
3630 4609 3732 4663 τοῦ

2145 4715 2338 4785 ἀνδρὸς
2367 4713 2556 4786 μαθὼν
2595 4706 2818 4785 ἀρετὴν,
2868 4710 3097 4781 ἀφίκετο
3126 4709 3224 4778 τῆς
3259 4705 3556 4775 ἱερωσύνης
3579 4700 3732 4771 αὐτῷ

2143 4807 2325 4863 δοῦναι
2353 4807 2413 4860 τὸ
2458 4805 2629 4875 δῶρον
2679 4803 3023 4875 βουλόμενος·
3073 4801 3164 4854 καὶ⁸
3201 4795 3499 4870 διαρρήξας
3531 4792 3624 4847 τοῦ
3650 4794 3743 4845 οἱ·-

2145 4899 2337 4954 κίσκου
2367 4916 2420 4951 τι
2457 4898 2620 4968 μέρος
2650 4894 2986 4967 είςσελήλυθε·
3021 4892 3114 4948 καὶ⁴
3150 4890 3249 4960 τὴν
3275 4891 3436 4960 χεῖρα
3464 4885 3729 4955 ἐπέθηκε,

2146 4991 2240 5045 καὶ
2272 4989 2370 5060 τὴν
2418 4988 2580 5059 εὐχὴν
2626 4986 2931 5048 ἐπετέλεσε,
2968 4985 3062 5038 καὶ
3110 4979 3281 5035 πολλά
3317 4980 3414 5048 μὲν
3443 4977 3577 5047 πρὸς
3627 4973 3733 5026 αύ-

2144 5082 2235 5134 τὸν
2260 5134 2263 5137 ,
2287 5082 2412 5151 ἔφη,
2446 5085 2539 5135 καὶ
2566 5080 2666 5149 τὴν
2696 5077 3089 5148 ἐπιγενομένην
3120 5074 3358 5145 ἐμήνυσε
3394 5070 3577 5140 χάριν.
3613 5068 3724 5120 Οὖ-

2144 5173 2337 5245 δεμιᾶς
2353 5174 2409 5227 δὲ
2439 5172 2626 5242 φωνῆς
2647 5169 2887 5233 ἀκούσας
2908 5165 3270 5237 ἀπελήλυθεν,
3297 5156 3734 5231 ἀνοικοδομηθῆ-

2145 5284 2233 5319 ναι
2280 5263 2545 5326 κελεύσας
2592 5263 2654 5315 τὸ
2683 5262 2922 5333 ὄρυγμα.
2977 5258 3201 5325 "sum
3228 5257 3284 5309 δὲ
3317 5254 3501 5316 πάλιν,
3538 5253 3587 5304 oi
3628 5250 3735 5319 τῆς

2143 5355 2336 5426 κώμης
2392 5354 2628 5424 ἐκείνης,
2659 5351 2752 5420 ἀφ’
2780 5345 2847 5423 ἧς
2888 5348 3113 5419 ὥρμητο
3139 5387 3153 5411 ,
3188 5346 3403 5415 νύκτωρ
3435 5340 3528 5396 τοῦ
3558 5356 3734 5392 ποτα-

2151 5451 2251 5524 μοῦ
2296 5451 2387 5503 τὸν
2426 5447 2591 5519 πόρον
2629 5437 3078 5514 διαπεράσαντες,
3106 5440 3200 5492 καὶ
3237 5437 3298 5491 τὸ
3330 5437 3539 5505 οἴκημα
3579 5430 3737 5524 διαρ-

2149 5519 2432 5615 ῥήξαντες,
2471 5538 2727 5600 λαϐόντες
2774 5534 2958 5596 αὐτὸν,
3008 5528 3130 5583 οὔτε
3174 5526 3562 5587 ἀντιτείνοντα,
3605 5519 3732 5574 οὗτε

2147 5632 2456 5695 κελεύοντα,
2491 5632 2570 5694 είς
2594 5629 2691 5700 τὴν
2709 5627 2915 5681 οἰκείαν
2945 5622 3139 5694 κώμην
3166 5620 3408 5691 φοράδην
3428 5615 3691 5685 ἐκόμισαν
3714 5630 3732 5646 ο

2148 5727 2242 5781 καὶ
2288 5724 2528 5779 τοιοῦτον
2577 5721 2744 5775 ἕωθεν
2767 5719 3009 5773 οἰκίσκον
3039 5713 3381 5785 δειμάμενοι,
3415 5705 3732 5778 παραυτίκα

2146 5815 2457 5887 καθεῖρξαν.
2500 5815 2557 5867 ’0
2586 5813 2641 5866 δὲ
2702 5809 2898 5883 ὁμοίως
2952 5805 3179 5879 ἡσυχίαν
3210 5798 3363 5875 ἦγεν,
3401 5796 3551 5852 οὐδὲν
3591 5792 3732 5865 πρὸς
