4030 6434
318 367 451 431 14⁵29

1501 362 1909 424 mammosa
1977 333 2364 429 HISTORIA.

3440 377 3575 444 H30

314 478 519 550 μηδένα
550 460 955 547 διαλεγόμενος.
998 475 1132 531 Μετ’
1163 476 1349 546 ὀλίγας
1377 476 1435 531 δὲ
1468 477 1629 530 πάλιν
1660 477 1889 553 ἡμέρας,

2002 494 2104 535 nec
2157 481 2654 549 contradicentem,
2709 493 3061 542 autmancre
3118 491 3572 560 contendentem,

305 573 353 624 oi
382 570 483 640 τῆς
515 568 787 638 ἀντιπέρα
819 567 1035 638 κώμης,
1076 568 1294 639 νύκτωρ
1325 568 1666 635 ἐπελθόντες,
1699 568 1796 622 καὶ
1829 569 1893 622 τὸ

303 663 514 732 οἴκημα
563 660 981 733 διαρρήξαντες,
1042 663 1180 733 πρὸς
1227 662 1450 726 ἑαυτοὺς
1499 662 1729 732 ἀπῆγον,
1788 663 1891 715 οὐκ

302 752 681 822 ἀντιλέγοντα,
709 751 832 806 οὐδέ
891 752 1071 823 μένειν
1107 752 1452 823 βιαζόμενον,
1484 752 1593 805 οὐδ’
1626 750 1692 805 αὖ
1725 752 1889 807 πάλιν

264 912 269 917 ⁵
304 843 606 914 προθύμως
652 844 981 916 ἀπαίροντα.
1029 843 1185 898 Οὕτω
1229 843 1423 914 νεκρὸν
1460 840 1652 897 ἐαυτὸν
1685 860 1886 896 παντε-

302 935 412 999 λῶς
430 934 512 1006 τῷ
543 934 645 1006 βίῳ
676 938 1001 1008 κατέστησε,
1026 936 1119 990 καὶ
1140 936 1239 1007 τὴν
1269 935 1637 1005 ἀποστολικὴν
1674 935 1893 1007 ἐκείνην

302 1029 496 1099 φωνὴν
521 1028 805 1099 ἀληθεύων
833 1028 1136 1099 ἐφθέγξατο
1159 1047 1174 1061 θ
1205 1049 1223 1082 ι
1261 1028 1484 1101 Χριστῷ
1519 1027 1894 1098 συνεσταύρω-

306 1136 429 1189 μαι,
463 1119 542 1184 ζῶ
570 1119 630 1173 δὲ
653 1120 755 1174 οὐκ
783 1119 863 1173 ἔτι
892 1119 1023 1189 ἐγὼ,
1051 1121 1117 1191 ζῇ
1142 1118 1200 1172 δέ
1236 1121 1293 1173 ἐν
1323 1120 1448 1189 ἐμοὶ
1473 1117 1704 1189 Χριστὸς
1734 1134 1747 1148 ο
1779 1116 1807 1169 ὃ
1834 1116 1891 1170 δέ

302 1208 401 1263 νῦν
456 1209 536 1275 ζῶ
586 1210 645 1263 ἐν
698 1210 885 1280 σαρκὶ,
939 1213 997 1263 ἐν
1051 1210 1232 1274 πίστει
1278 1209 1355 1275 ζῶ
1406 1211 1474 1280 τῇ
1504 1207 1598 1262 τοῦ
1634 1207 1765 1260 Υίοῦ
1795 1206 1889 1260 τοῦ

301 1301 441 1355 Θεοῦ
499 1302 593 1356 τοῦ
635 1301 1029 1372 ἀγαπήσαντός
1078 1318 1167 1372 με,
1209 1300 1304 1354 καὶ
1326 1300 1504 1364 δόντος
1534 1298 1724 1352 ἑαυτὸν
1752 1298 1888 1369 ὑπὲρ

304 1394 461 1464 ἐμοῦ.
496 1412 515 1446 ι
551 1393 805 1458 Τοιοῦτος
836 1390 929 1447 καὶ
965 1388 1118 1458 οὗτος
1171 1393 1404 1462 ἐγένετο.
1440 1390 1627 1461 Ἀρκεῖ
1657 1390 1765 1461 γὰρ
1797 1390 1891 1444 καὶ

2000 587 2101 626 nec
2127 573 2368 628 libenter
2404 589 2603 629 rursus
2635 576 3048 633 abscedentem.
3087 578 3163 633 lta
3192 594 3253 635 se
3293 589 3572 636 mortuum

2002 678 2233 732 prorsus
2289 665 2497 720 mundo
2556 666 2871 733 exhibebat,
2911 677 2966 722 et
3006 671 3368 739 apostolicam
3424 673 3572 728 illam

1996 767 2182 807 vocem
2214 768 2341 808 vere
2366 754 2603 823 loquens
2629 760 2929 826 usurpabat
2964 778 2976 812 :
3021 778 3038 809 ι
3064 759 3286 816 Christo
3325 762 3574 819 confixus
3620 828 3624 833 ,

1996 858 2116 899 sum
2150 844 2333 911 cruci,
2363 845 2492 899 vivo
2521 852 2703 900 autem
2732 846 2846 916 jam
2884 863 2994 903 non
3031 864 3156 920 ego,
3191 851 3326 905 vivit
3354 869 3489 908 vero
3519 854 3575 908 in
3606 850 3616 859 ’

1992 948 2078 989 me
2105 932 2392 1001 Christus;
2431 935 2581 1005 quod
2623 945 2805 992 autem
2838 954 2990 995 nunc
3023 942 3150 997 vivo
3196 942 3266 1017 in.
3300 959 3489 1007 carne,
3518 946 3581 1000 in.

1992 1022 2096 1078 fide
2120 1023 2242 1079 vivo
2262 1024 2384 1080 Filii
2412 1025 2528 1093 Dei,
2557 1028 2650 1097 qui
2680 1027 2876 1083 dilexit
2902 1046 3015 1092 me,
3043 1038 3099 1085 et
3130 1033 3353 1088 tradidit
3375 1046 3575 1091 semet-

1991 1116 2169 1185 ipsum
2204 1131 2302 1186 pro
2348 1131 2433 1173 me
2464 1127 2513 1173 P.
2566 1137 2585 1171 ι
2631 1118 2781 1176 Talis
2842 1120 2934 1175 hic
2977 1138 3201 1193 quoque
3260 1124 3384 1179 fuit.
3417 1127 3574 1181 Sum-

1989 1209 2142 1261 ciunt
2177 1207 2323 1262 enim
2358 1209 2474 1264 haec
2522 1210 2589 1265 ad
2618 1210 3008 1286 declarandum
3055 1223 3228 1269 totum
3279 1217 3399 1287 ejus
3448 1217 3575 1271 vitae

1997 1297 2331 1352 institutum.
2372 1298 2486 1368 Ego
2518 1314 2668 1367 vero,
2696 1308 2953 1372 percepta
3008 1303 3129 1374 ejus
3163 1305 3569 1371 benedictione,

1996 1388 2062 1441 ad
2100 1389 2237 1444 alios
2273 1389 2601 1445 transferant
2650 1392 2977 1451 orationem.

302 1484 477 1541 ταῦτα
518 1486 721 1552 δ;δάξαι
753 1487 850 1558 τὴν
897 1489 1076 1541 πᾶσαν
1108 1487 1201 1541 τοῦ
1246 1488 1362 1557 βίου
1411 1487 1751 1557 προαίρεσιν,
1803 1483 1945 1553 Ἐγὼ
1982 1483 2039 1538 δὲ
2091 1483 2184 1539 καὶ
2233 1486 2333 1560 τὴν
2385 1486 2636 1542 ἐντεῦθεν
2687 1489 3122 1558 καρπωσάμενος
3172 1491 3439 1562 εὐλογίαν,
3480 1495 3569 1547 ἐπὶ

301 1580 403 1650 τὴν
451 1580 561 1633 τῶν
587 1582 763 1637 ἄλλων
789 1582 1040 1653 διήγησιν
1070 1582 1472 1654 μεταϐήσομαι.

836 1787 847 1797 _
876 1719 958 1773 κν.
989 1747 1059 1759 --
1085 1720 1321 1773 Μιιιδιε.

387 1849 628 1922 Ὀμήρου
660 1850 840 1922 ,κώμη
893 1852 977 1917 τίς
1004 1848 1141 1908 ἐστι·
1173 1854 1305 1925 παρ’
1357 1854 1488 1925 ήμῖν
1529 1853 1837 1926 καλουμένη
1867 1871 1881 1886 ο

305 1944 457 2016 παρὰ
493 1945 701 2017 ταύτην
752 1946 974 2000 οἰκίδιον
1023 1948 1381 2019 οἰκοδομήσας
1434 1947 1608 2019 βραχύ
1648 1949 1831 2017 Μάρις
1859 1950 1887 2001 ὁ

305 2038 613 2103 θεσπέσιος,
657 2038 798 2093 ἑπτὰ
828 2040 921 2093 καὶ
964 2040 1259 2112 τριάκοντα
1290 2043 1348 2093 ἐν
1373 2039 1524 2111 αὐτῷ
1554 2041 1888 2112 καθειργμέ-

305 2147 395 2194 νος
426 2130 724 2185 διετέλεσεν
755 2130 873 2204 ἐτη.
918 2131 1128 2204 Πολλὴν
1153 2133 1210 2186 δὲ
1243 2133 1308 2186 ἐκ
1332 2132 1426 2185 τοῦ
1474 2133 1886 2205 παρακειμένου

304 2221 465 2296 ὅρους
489 2222 783 2288 ὑπεδέξατο
803 2225 904 2295 τήν
931 2213 1133 2288 νοτίδα,
1169 2224 1264 2277 καὶ
1309 2223 1534 2288 λιϐάδας
1568 2224 1727 2287 τινὰς
1760 2224 1888 2278 ὑδά-

212 2326 215 2327 ⁷
306 2331 416 2368 των
455 2313 776 2376 ἀνέϐλυζεν,
806 2315 945 2384 Ὄση
976 2315 1034 2368 δέ
1059 2317 1173 2379 τοῖς
1208 2313 1452 2385 σώμασιν
1481 2313 1732 2367 ἐντεῦθεν
1768 2315 1888 2366 ἐπι-

306 2404 518 2472 γίνεται
551 2404 722 2476 βλάϐη
745 2446 760 2470 ,
793 2404 953 2459 ῐσασι-
994 2407 1090 2460 καὶ⁷
1121 2407 1277 2461 ἀστοὶ
1308 2407 1403 2460 καὶ
1427 2405 1724 2478 χωρητικοί
1745 2423 1759 2437 ·
1792 2406 1889 2460 καὶ

304 2495 417 2566 γὰρ
462 2498 577 2560 τοῖς
621 2496 906 2567 ἀγροίκοις
958 2498 1094 2568 δῆλα
1150 2499 1221 2552 τὰ
1281 2500 1580 2571 παθήματα
1616 2498 1887 2552 ’ἐντεῦθεν

302 2586 574 2657 φυόμενα.
636 2587 778 2641 Ἀλλ’
825 2589 973 2659 ὅμως
1004 2588 1125 2642 οὐδὲ
1155 2590 1329 2645 ταῦτα
1362 2591 1550 2645 ἔπεισε
1578 2590 1677 2663 τὴν
1729 2591 1886 2662 ἱερὰν

301 2679 520 2748 ἐκείνην
542 2679 784 2750 κεφαλὴν
806 2680 897 2733 τὸν
921 2681 1162 2735 οίκίσκον
1184 2670 1418 2753 ἀμεῖψαι
1448 2701 1461 2715 ·
1489 2683 1625 2737 ἀλλὰ
1645 2682 1885 2753 διέμεινε

303 2769 588 2841 καρτερῶν
614 2769 720 2833 ἐως
747 2769 836 2823 τὸν
856 2770 1056 2842 δρόμον
1082 2771 1326 2843 ἐξήνυσε.
1366 2772 1475 2825 Καὶ
1499 2772 1589 2825 τὸν
1622 2772 1887 2843 πρότερον

301 2861 362 2914 δὲ
388 2861 502 2931 βίον
535 2861 671 2932 μετὰ
694 2860 802 2915 τῶν
840 2863 938 2933 τῆς
967 2862 1169 2933 ἀρετῆς
1198 2860 1453 2916 διώδευσε
1483 2862 1685 2916 πόνων.
1725 2861 1886 2915 Ὅθεν

303 2952 400 3005 καὶ
428 2951 506 3021 τῷ
542 2950 759 3020 σώματι
796 2952 896 3023 τὴν
928 2952 1155 3021 άγνείαν
1179 2953 1274 3006 καὶ
1301 2955 1367 3023 τῇ
1399 2952 1545 3024 ψυχῇ
1571 2954 1881 3023 διετήρησε.

304 3043 414 3097 Καὶ
444 3042 600 3095 τοῦτό
640 3059 730 3113 μοι
766 3041 951 3111 σαφῶς
992 3042 1159 3107 αὐτὸς
1210 3044 1611 3113 κατεμήνυσεν,
1650 3044 1886 3114 ἄφθορον

303 3134 457 3205 αὐτῷ
499 3134 775 3205 διαμεῖναι
806 3134 868 3187 τὸ
903 3134 1062 3204 σῶμα
1104 3134 1354 3200 διδάξας,
1392 3137 1487 3190 καὶ
1513 3131 1623 3188 οἷον
1653 3136 1759 3189 ἀπὸ
1788 3135 1888 3205 τῆς

307 3188 571 3297 μητρῴας
593 3188 898 3297 ιἐξελήλυθε
930 3188 1163 3297 μήτρας.
1193 3188 1507 3280 Kal-eatur:
1557 3227 1755 3291 πολλὰς
1914 3188 1972 3306 ρ.

305 3316 605 3387 μαρτύρων
633 3318 974 3389 πανηγύρεις
1003 3317 1343 3384 ἐπιτελέσας,
1377 3320 1544 3390 ἡνίκα
1575 3322 1693 3384 νέος
1732 3321 1892 3388 ἐτύγ-

301 3415 487 3477 χανεν,
525 3409 766 3480 εὐφωνίᾳ
812 3409 869 3462 δὲ
918 3406 1257 3473 καταθέλξας
1304 3412 1432 3474 τοὺς
1474 3411 1713 3482 δήμους..
1739 3411 1891 3464 Ψάλ-

302 3500 412 3553 λων
464 3501 576 3571 γὰρ
626 3500 721 3554 ἐπὶ
773 3500 1022 3554 πλεῖστον
1060 3494 1342 3555 ’διετέλεσε
1394 3500 1622 3572 χρόνον,
1671 3500 1790 3573 ὥρᾳ
1826 3520 1889 3556 τε

306 3590 558 3662 σώματος
589 3578 840 3661 λάμπων.
888 3592 1029 3646 Ἀλλ’
1058 3593 1208 3664 ὅμως
1243 3591 1365 3646 οὐτε
1394 3594 1487 3647 τοῦ
1527 3592 1780 3664 σώματος
1820 3595 1883 3648 τὸ

302 3679 533 3745 κάλλος,
567 3680 691 3734 οὔτε
726 3681 826 3752 τῆς
877 3683 1059 3754 φωνῆς
1099 3684 1132 3754 ή
1169 3681 1493 3754 λαμπρότης
1519 3724 1533 3748 ,
1567 3685 1666 3755 οὐχ
1715 3686 1750 3755 ἡ
1778 3686 1917 3739 τῶν

305 3773 518 3826 πολλῶν
546 3773 797 3844 ἐπιμιξία
816 3816 829 3840 ,
883 3774 945 3828 τὸ
972 3774 1070 3846 τῆς
1096 3776 1278 3846 ψυχῆς
1308 3775 1617 3848 ἐλυμήνατο
1647 3777 1843 3842 κάλλος
1867 3795 1884 3811 ο

304 3866 441 3920 ἀλλὰ
487 3868 602 3929 τοῖς
652 3865 1074 3938 καθειργμένοις
1143 3867 1545 3939 παραπλησίως
1603 3868 1882 3939 βιοτεύων,

302 3954 401 4024 τῆς
431 3955 640 4017 οίκείας
670 3955 993 4026 ἐπεμελεῖτο
1033 3956 1213 4028 ψυχῆς
1242 3973 1257 3987 ·
1302 3955 1506 4027 ηὔξησε
1534 3958 1592 4011 δὲ
1621 3958 1719 4029 τὴν
1757 3959 1887 4031 ἀρε-

2538 1712 2652 1769 XX.
2679 1744 2747 1754 ——
2771 1712 3004 1770 MABIS.
3096 1752 3099 1755 -

2006 1850 2301 1926 .~Vieus”
2342 1850 2484 1921 apud
2533 1865 2637 1906 nos
2684 1858 2790 1916 est,
2837 1852 2951 1907 eui-
2978 1866 3175 1906 nomen
3196 1851 3454 1909 -l-l0meri.
3493 1857 3569 1910 Att

1987 1943 2134 1999 hunc
2159 1950 2444 2014 angustam
2469 1941 2856 1997 domunculam
2902 1956 3026 1997 eum
3051 1945 3413 2001 exstruxisset
3434 1947 3540 2001 divi
3557 1977 3574 1987 -

1988 2050 2094 2090 nus
2130 2032 2318 2097 Maris,
2369 2031 2619 2088 inclusus
2649 2032 2703 2085 in
2737 2046 2802 2087 ea
2854 2034 3059 2088 mansit
3115 2048 3293 2090 annos
3346 2033 3571 2107 triginta

1990 2132 2222 2195 septem.
2262 2121 2508 2177 Multum
2564 2129 2751 2177 autem
2799 2139 2865 2176 ex
2916 2123 3127 2195 1233
3162 2125 3346 2180 vicino
3386 2136 3573 2182 monte

1988 2212 2350 2270 contrahebat
2380 2211 2628 2272 humoris
2660 2211 2729 2275 “,
2766 2213 2837 2265 ita
2865 2219 2925 2266 ut
2954 2227 3223 2282 aquarum
3249 2216 3416 2272 stillis
3446 2232 3569 2270 ma-

1988 2314 2166 2359 naret.
2188 2302 2462 2370 Quantum
2491 2316 2658 2372 porro
2687 2301 2872 2356 damni
2900 2303 3228 2374 corporibus
3275 2305 3329 2359 id
3379 2305 3570 2362 afferat

1989 2395 2214 2451 urbanis
2240 2394 2450 2464 pariter
2479 2379 2543 2448 ac
2577 2393 2802 2448 rusticis
2852 2402 3044 2449 notum
3074 2404 3179 2451 est.
3239 2396 3373 2452 Nam
3419 2400 3468 2453 in
3502 2400 3569 2453 iis
3628 2468 3635 2475 _

1988 2489 2082 2559 qui
2121 2502 2284 2558 agros
2317 2486 2565 2541 habitant
2616 2485 2894 2561 manifesti
2945 2498 3075 2553 sunt
3100 2491 3278 2544 inurhi
3308 2492 3399 2561 qui
3440 2491 3574 2548 inde

1988 2589 2312 2635 nascuntur.
2351 2578 2456 2633 Sed
2516 2578 2631 2633 hac
2686 2585 2881 2634 tamen
2902 2593 3063 2634 sacro
3119 2580 3198 2635 illi
3229 2582 3398 2653 capiti
3457 2598 3566 2637 non

1987 2681 2386 2742 persuaserunt
2417 2682 2475 2725 ut
2496 2670 2835 2726 domicilium
2868 2679 3139 2739 mutaret,
3185 2673 3279 2729 sed
3308 2684 3570 2730 constan-

1985 2774 2071 2821 ter
2121 2766 2364 2831 inbaesit,
2398 2765 2580 2834 quoad
2629 2779 2854 2820 cursum
2890 2766 3122 2836 peregit.
3152 2764 3293 2831 Quin
3328 2775 3382 2822 et
3414 2771 3569 2837 priov

1986 2872 2102 2911 rem
2156 2871 2379 2926 quoque
2437 2855 2604 2910 vitam
2664 2855 2887 2910 virtutis
2945 2855 3224 2912 laboribus
3300 2860 3566 2914 exercuit.

1988 2946 2147 3003 Unde
2175 2956 2230 3002 et
2267 2947 2521 3016 corporis
2551 2954 2605 3002 et
2632 2947 2833 3001 animae
2859 2947 3245 3003 castimoniam
3270 2964 3569 3005 conserva-

1987 3038 2064 3092 vit
2096 3056 2110 3092 :
2144 3038 2288 3107 quod
2329 3038 2460 3092 mihi
2511 3046 2697 3108 aperte
2735 3037 2966 3107 ipsemet
3024 3040 3224 3105 innuit,
3255 3056 3457 3113 corpus
3485 3046 3567 3098 in-

1987 3138 2306 3199 corruptum
2337 3131 2445 3187 sibi
2472 3139 2729 3202 perstare
2770 3131 2996 3196 docens,
3028 3141 3082 3188 et
3111 3135 3273 3204 quale
3317 3145 3571 3194 materno

1988 3237 2054 3277 ex
2108 3230 2264 3278 utero
2314 3223 2545 3294 prodiit.
2576 3224 2745 3295 quue
2778 3239 2903 3280 enm
2953 3226 3207 3295 publicas
3255 3237 3566 3301 martyrum

1990 3314 2371 3371 solemnitates
2410 3317 2612 3371 multas
2660 3306 2978 3383 celebrarit,
3010 3333 3135 3374 cum
3178 3320 3371 3390 jnnior
3393 3332 3563 3387 esset,

1989 3407 2362 3479 populumque
2391 3409 2543 3464 vocis
2570 3410 2843 3465 suavitate
2896 3410 3253 3468 demulceret.
3289 3412 3569 3470 Psallendi
3660 3424 3665 3428 ‘

1987 3497 2134 3551 enim
2185 3514 2346 3555 usum
2376 3499 2685 3554 diutissime
2719 3499 2966 3566 retinuit,
2999 3509 3055 3557 et
3094 3504 3345 3573 corporis
3393 3503 3571 3559 forma

1987 3595 2107 3644 erat
2131 3590 2372 3660 egregia.
2411 3587 2520 3645 Sed
2557 3600 2736 3645 tamen
2793 3600 2971 3663 neque
3012 3594 3126 3648 oris
3155 3606 3438 3664 vrnustas,
3470 3614 3571 3652 ne-

1985 3693 2093 3747 que
2130 3678 2359 3735 claritas
2404 3679 2579 3743 vocis,
2618 3694 2796 3749 neque
2840 3682 3136 3737 multorum
3178 3683 3565 3755 frequentatio,

1986 3768 2186 3823 animae
2215 3768 2684 3838 pulchritudinem
2720 3769 3103 3826 deformarunt
3134 3792 3148 3828 :
3194 3776 3290 3830 sed
3322 3778 3564 3834 recluso-

1985 3875 2105 3915 rum
2129 3874 2282 3915 more
2300 3859 2462 3914 vitam
2493 3873 2682 3930 agens,
2719 3861 2915 3916 anima:
2934 3877 3056 3919 sua:
3078 3880 3267 3919 curam
3298 3870 3558 3939 gerebat:

1986 3950 2312 4007 inclusionis
2343 3962 2477 4007 vero
2512 3951 2534 3973 “
2556 3947 2842 4025 laboribus
2873 3953 3131 4009 virtutem
3163 3956 3410 4012 adauxit.
3448 3957 3562 4013 llu-

303 4046 404 4115 τὴν
461 4049 574 4110 τοῖς
622 4046 724 4117 τῆς
769 4046 1101 4134 καθείρξεως
1130 4049 1333 4112 πόνοις.
1371 4048 1571 4103 Τούτου
1623 4050 1886 4117 πολλάκις

1988 4039 2074 4111 ius
2098 4055 2199 4110 ego
2221 4040 2627 4105 consuetudine
2660 4055 2798 4096 usus
2829 4056 2951 4096 sum
2992 4058 3268 4115 .persazpe.
3324 4046 3560 4109 Obstrn.

303 4139 399 4209 τῆς
451 4139 741 4202 συνουσίας
796 4140 1111 4211 ὰπήλαυσα.
1175 4142 1572 4213 Ἀποφράττειν
1631 4144 1738 4215 γάρ
1795 4160 1885 4215 μοι

302 4229 403 4299 τὴν
432 4229 604 4301 θύραν
640 4230 857 4284 ἐκέλευε
881 4247 895 4262 ο
933 4233 1026 4284 καὶ
1063 4233 1309 4310 ⁸ι-ῖίσιόντιιι
1338 4232 1396 4286 δέ
1431 4235 1883 4315 περιεπτύσσετο,

303 4323 398 4376 καὶ
466 4323 711 4394 μακροὺς
771 4324 901 4393 περὶ
965 4324 1284 4393 φιλοσοφίας
1356 4312 1592 4389 ἐξέτεινε
1672 4325 1883 4395 λόγους.

315 4412 604 4484 Ἀπλότητι
632 4414 689 4467 δὲ
718 4416 809 4468 καὶ
846 4409 1001 4478 οὗτος
1039 4415 1342 4486 διέλαμπε,
1392 4417 1487 4471 καὶ
1533 4416 1603 4470 τὰ
1653 4418 1878 4471 ποικίλα

302 4505 409 4577 ἤθη
444 4502 794 4560 παντάπασιν
845 4506 1190 4561 ἐϐδελύττετο
1215 4524 1230 4538 ο
1281 4508 1396 4578 τὴν·
1422 4507 1611 4561 πενίαν
1655 4507 1710 4561 δὲ
1744 4507 1884 4579 ὑπὲρ

302 4595 401 4667 τὴν
447 4597 626 4666 ἄκραν
671 4597 932 4668 εὐπορίαν
981 4599 1287 4668 ἠγάπησεν.
1349 4599 1735 4668 Ἐννενήκοντα
1785 4599 1881 4667 ἐτη

304 4683 604 4753 βεϐιωκὼς,
628 4688 743 4749 τοῖς
772 4685 831 4751 ἐξ
859 4687 1085 4754 αίγείων
1110 4687 1312 4759 τριχῶν
1353 4687 1882 4757 κατεσκευασμένοις

306 4774 540 4843 ἱματίοις
595 4778 814 4848 ἐχρῆτο.
874 4779 1074 4850 Ἀρτος
1127 4779 1185 4832 δὲ
1241 4780 1334 4833 καὶ
1401 4779 1526 4844 ἅλες
1569 4780 1740 4847 ὀλίγοι
1778 4778 1880 4849 τῆς

303 4870 511 4941 τροφῆς
542 4870 691 4941 αὐτῷ
722 4872 823 4940 τὴν
864 4872 1056 4942 χρείαν
1085 4872 1375 4944 ἐπλήρουν.
1412 4873 1663 4944 Ποθὴσας
1691 4872 1747 4926 δὲ
1788 4872 1877 4926 διὰ

303 4956 497 5031 χρόνου
535 4961 749 5033 μακροῦ
790 4963 890 5033 τὴν
930 4965 1306 5034 πνευματικὴν
1356 4958 1450 5018 καί
1486 4964 1753 5035 μυστικὴν
1788 4962 1884 5016 θυ-

306 5053 429 5104 σίαν
476 5054 945 5126 προσφερομένην·
985 5056 1141 5120 ίδεῖν,
1196 5056 1398 5127 ⁴ᾔτησεν
1461 5058 1579 5109 ἐκεῖ
1627 5056 1922 5124 γενέσθαι’

302 5141 400 5213 τὴν
430 5141 525 5195 τοῦ
557 5142 703 5196 θείου
744 5144 919 5215 δώρου
948 5147 1343 5217 προσκομιδήν.
1385 5147 1525 5214 Ἐγὼ
1548 5145 1604 5199 δέ
1630 5145 1883 5216 ἀσμένως

306 5235 623 5303 ὑπήκουσα,
677 5236 773 5289 καὶ
824 5237 892 5290 τὰ
936 5238 1056 5308 ἱερὰ
1105 5238 1271 5308 σκεύη
1325 5237 1655 5307 κομισθῆναι
1702 5254 1884 5308 παρα-

307 5324 600 5389 σκευάσας,
635 5325 697 5378 οὐ
734 5326 1019 5397 πόρρωθεν
1059 5329 1166 5399 γὰρ
1196 5324 1264 5400 ἦν
1286 5329 1345 5382 τὸ
1376 5328 1574 5398 χωρίον
1598 5365 1613 5391 ,
1646 5328 1735 5381 καὶ
1764 5330 1884 5392 ταῖς

308 5418 413 5469 τῶν
432 5417 694 5470 διακόνων
728 5418 912 5486 χερσὶν
945 5419 1065 5473 ἀντὶ
1096 5422 1485 5491 θυσιαστηρίου
1508 5420 1875 5490 χρησάμενος,

378 5538 404 5577 ρ
430 5528 608 5583 Galat.
640 5545 699 5594 ιι,
728 5531 816 5594 19,
844 5529 936 5582 21.

1984 4137 2127 4184 ctam
2157 4130 2302 4184 enim
2330 4128 2553 4199 ianuam
2589 4129 2901 4199 patefacere
2928 4148 3015 4187 me
3042 4133 3294 4203 iubebat,
3342 4137 3558 4208 ingres-

1984 4236 2221 4292 sumque
2246 4222 2654 4292 amplexabatut
2684 4237 2697 4286 ;
2725 4231 2778 4277 et
2799 4222 3012 4294 prolixa
3030 4225 3280 4281 oratione
3298 4228 3364 4282 de
3386 4231 3563 4298 philo-

1986 4314 2177 4384 SOpltia
2206 4312 2537 4369 disserebat.
2559 4312 2864 4369 Praestabat
2894 4314 2985 4371 hic
3014 4317 3184 4371 etiam
3210 4319 3560 4390 simplicitate

1985 4405 2204 4475 vafrosq
2215 4422 2278 4459 ue
2313 4420 2495 4461 mores
2520 4406 2741 4476 penitus
2763 4407 3153 4472 aversabatur,
3174 4420 3556 4482 paupertatem

1984 4511 2114 4552 vero
2148 4496 2320 4566 pluris
2357 4494 2485 4551 fecit
2513 4511 2680 4567 quam
2709 4512 2955 4552 summas
2986 4492 3227 4554 divitias.
3253 4498 3561 4572 Nonaginta

1986 4596 2149 4642 natus
2197 4602 2375 4643 annos
2412 4587 2653 4644 cilicinis
2684 4590 2935 4644 vestibus
2986 4589 3242 4644 utebatur
3278 4609 3292 4647 :
3330 4608 3465 4663 pane
3494 4609 3561 4647 ae

1983 4680 2098 4735 sale
2121 4680 2340 4734 modico
2372 4680 2538 4734 vitam
2568 4680 2936 4735 sustentabat.
2968 4679 3104 4735 Cum
3128 4688 3311 4736 autem
3347 4685 3562 4757 1234

1985 4770 2252 4841 Spiritalis
2312 4771 2648 4848 mysticique
2697 4772 2960 4827 sacriﬁcii
3013 4766 3231 4829 videndi
3285 4776 3559 4834 desiderio

1983 4865 2247 4919 diuturno
2295 4871 2600 4928 teneretur,
2634 4866 2850 4935 rogavit
2873 4877 2931 4920 ut
2963 4866 3076 4921 illic
3107 4867 3282 4925 divini
3307 4871 3433 4933 doni
3462 4873 3566 4926 lir-

1982 4963 2060 5012 ret
2097 4955 2323 5009 oblatio.
2352 4954 2463 5025 Ego
2488 4969 2618 5009 vero
2642 4955 2876 5011 libenter
2896 4957 3296 5028 obtemperavi,
3321 4969 3375 5014 et
3399 4976 3559 5016 sacra

1986 5063 2118 5103 vasa
2151 5047 2341 5102 afferri
2368 5047 2512 5117 jussi
2547 5047 2686 5119 (nec
2716 5048 2862 5103 enim
2888 5051 3308 5120 proculaherat
3343 5054 3556 5119 locus),

1985 5139 2457 5205 diaconornmque
2506 5138 2761 5194 manibus
2798 5146 2960 5195 utens
3002 5157 3098 5210 pro
3134 5141 3312 5207 altari,
3365 5147 3558 5214 mysti-

1985 5246 2108 5285 cmn
2141 5236 2195 5283 et
2242 5228 2487 5282 divinum
2528 5242 2592 5280 ac
2617 5227 2862 5283 salutare
2891 5231 3225 5285 sacriﬁcium
3259 5233 3453 5287 obtuli.
3490 5232 3560 5286 ll-

1985 5326 2035 5379 le
2061 5319 2246 5393 autem
2277 5320 2515 5390 Spiritali
2541 5319 2788 5377 refertus
2819 5322 3117 5392 voluptate,
3138 5322 3344 5379 'cmlnnt
3377 5326 3556 5395 ipsum

1987 5417 2174 5473 videre
2209 5432 2267 5471 se
2303 5412 2681 5477 existimabat,
2714 5429 2812 5468 nec
2842 5414 2936 5468 tali
2968 5429 3026 5469 se
3066 5432 3307 5486 unquam
3372 5419 3557 5474 hetitia

1582 5593 1814 5663 VABIA‘J
1851 5591 2265 5649 LECTIONES.

374 5688 419 5762 '_°
461 5687 755 5744 llervetus:
781 5709 798 5740 ι
827 5689 926 5762 Est
958 5688 1175 5762 Homeri
1202 5689 1422 5762 quidam
1456 5689 1630 5749 vicus,
1656 5703 1747 5757 qui
1784 5702 1812 5740 a
1847 5686 2006 5762 nobis
2024 5694 2252 5740 vocatur
2273 5684 2448 5762 Notis.
2487 5705 2506 5739 ι
2584 5690 2625 5720 ’ί
2666 5692 2721 5743 In
2745 5688 2960 5746 llervcti
2986 5693 3236 5749 versione
3261 5692 3548 5762 sequitur;

310 5772 333 5812 ι
370 5755 638 5832 Tempore
655 5771 833 5816 autem
862 5759 1058 5814 hiemis
1094 5755 1339 5829 qmcdatn
1365 5773 1579 5830 quoque
1605 5755 1771 5833 gutta:
1805 5771 1959 5827 aquae
1984 5757 2039 5811 in
2061 5772 2119 5813 ea
2163 5756 2511 5813 emanabant.
2562 5776 2579 5809 ι
