4030 6410
479 332 608 405 1431

1438 342 1931 404 THEODORETI
1991 345 2331 406 EPISCOPI
2392 293 2762 406 CYIlENSIS

3615 344 3756 410 1432

473 453 755 527 perfusum
792 453 971 508 aiebat
1003 452 1197 510 fuisse.
1240 453 1307 507 At
1327 468 1449 524 ego,
1480 469 1646 523 quem
1675 454 1769 510 ille
1797 440 2055 510 ardenter

2179 455 2257 528 ςὴν
2307 456 2576 529 μυστικὴν
2618 457 2713 511 καί
2743 454 2894 510 θείαν
2924 455 3018 510 καὶ
3046 457 3313 528 σωτήριον
3332 436 3530 512 ’θυσίαν
3558 452 3739 531 προσέ-

476 535 774 603 admodum
831 545 1117 617 diligebat,
1155 543 1422 615 iniurium
1456 560 1542 599 me
1604 546 1659 600 in
1712 547 1893 616 ipsum
1940 546 2063 603 fore

475 641 634 706 duri,
684 639 791 695 nisi
855 639 1023 694 etiam
1075 647 1356 694 mortuum
1408 637 1664 693 laudibus
1717 654 2060 709 prosequar:

477 730 748 800 injurium
815 737 870 786 et
923 730 978 784 in
1015 728 1178 805 alios,
1209 729 1319 785 nisi
1369 730 1883 799 praestantissimam
1923 730 2067 784 hanc

457 823 885 893 ‘philosopbiam
937 821 1263 877 imitandam
1316 837 1644 893 proponam.
1707 821 1892 889 Quare
1944 824 2069 891 ejus

484 930 587 986 ope
617 930 765 971 clune
816 915 981 970 etiam
1016 914 1309 985 implorata
1362 914 1524 970 linem
1562 915 1843 986 imponam
1877 931 2069 971 narra-

479 1006 636 1061 tioni.

2165 548 2393 618 ήνεγκα.
2430 548 2489 602 '0
2512 549 2571 601 δὲ
2592 548 2773 620 πάσης
2789 548 2980 619 ἡδονῆς
3011 550 3320 620 ἐνεφορεῖτο
3344 551 3753 621 πνευματικῆς.

2162 640 2263 694 καὶ
2307 640 2469 694 αὑτὸν
2498 643 2631 712 όρᾷν
2669 640 2763 694 τὸν
2791 640 3025 712 οὐρανὸν
3068 641 3442 713 ὑπελάμϐανε,
3479 645 3576 698 καὶ
3611 644 3753 713 εφα-

2169 733 2587 787 σκενόὺδέποτε
2626 732 2969 805 εὐφροσύνης
3011 734 3441 789 ἀπολελαυκέναι
3470 736 3754 807 τοιαύτης.

2183 822 2326 891 Ἐγὼ
2362 823 2419 877 δὲ
2446 823 2667 896 θερμῶς
2684 824 2805 877 λίαν
2838 825 2930 879 ὑπ’
2966 826 3134 879 αὑτοῦ
3157 826 3436 896 φιληθεὶς,
3467 827 3757 899 ἀδικήσειν

2172 913 2383 986 ᾠήθην,
2419 917 2469 969 εί
2516 916 2594 987 μή
2641 916 2738 970 καὶ
2767 917 3151 988 τελευτήσαντι
3179 920 3567 991 εὐφημήσαιμι
3596 936 3608 950 ·
3645 920 3759 975 ἀδι-

2180 1007 2372 1076 κήσειν
2408 1006 2465 1060 δὲ
2492 1008 2620 1072 τοὺς
2648 1008 2878 1075 ἄλλους,
2924 1010 2973 1062 εί
3018 1010 3236 1080 μὴ’τὴν
3279 1008 3508 1081 ἀρίστην
3546 1011 3758 1078 ταύτην

482 1094 803 1165 φιλοσοφίαν
844 1094 1103 1168 προθείην
1152 1097 1234 1159 είς
1274 1095 1531 1169 μίμησιν.
1585 1098 1697 1151 Καὶ
1752 1095 1849 1152 νῦν
1921 1096 2102 1149 τοίνυν
2175 1096 2274 1166 τῆς
2342 1101 2473 1169 παρ’
2533 1100 2699 1154 αὑτοῦ
2755 1103 2936 1171 τυχεῖν
2990 1101 3309 1173 ἐπικουρίας
3367 1101 3753 1175 ἀντιϐολήσας,

482 1192 657 1263 πέρας
690 1192 938 1264 ἀπιθήσω
972 1193 1050 1264 τῷ
1075 1193 1398 1268 διηγήματι.

978 1324 1121 1382 XXI.
1150 1357 1218 1368 -—
1244 1326 1565 1384 JACOBUS.

554 1459 854 1529 Postquam
887 1458 1219 1515 athletarum
1263 1460 1517 1526 virtutis,
1548 1460 1642 1530 qui
1675 1459 1788 1529 jam
1831 1460 2063 1515 victore!

484 1551 785 1608 renuntiati
818 1558 983 1614 sunt,
1014 1566 1218 1621 agones
1249 1551 1664 1622 percensuimus
1684 1590 1699 1612 ,
1735 1551 2070 1620 illorumque

2666 1328 2792 1381 KA'.
2833 1357 2896 1368 —
2939 1326 3253 1383 lanoso};
3342 1305 3359 1323 °

2258 1457 2474 1528 Ἐπειδὴ
2513 1457 2623 1511 τῶν
2664 1458 3082 1530 ἀναρρηθέντων
3114 1457 3211 1528 τῆς
3254 1457 3458 1529 ἀρετῆς
3502 1455 3756 1528 ἀθλητῶν

2170 1552 2300 1614 τοὺς
2330 1549 2548 1619 ἀγῶνας
2567 1548 2937 1620 διεξήλθομεν,
2965 1550 3024 1603 ἐν
3047 1548 3328 1619 κεφαλαίῳ
3355 1548 3752 1620 διηγησάμενοι

486 1649 601 1699 tum
635 1643 689 1697 in
722 1643 1122 1700 exercitatione
1152 1644 1371 1699 labores
1392 1684 1409 1709 ,
1441 1650 1557 1697 tum
1587 1643 1642 1697 in
1670 1639 2068 1698 certaminibus

2179 1642 2267 1696 καὶ
2304 1642 2434 1705 τοὺς
2478 1643 2537 1694 ὲν
2580 1643 2648 1722 τῇ
2704 1640 2906 1714 μελέτῃ
2956 1641 3152 1705 πόνους
3179 1680 3194 1705 ,
3231 1642 3328 1694 καὶ
3370 1643 3498 1704 τοὺς
3529 1641 3588 1695 ὲν
3636 1643 3783 1723 τοῖςί

487 1734 757 1802 sudores,
796 1733 1253 1803 clarissimasque
1290 1741 1345 1787 et
1386 1731 1761 1787 nobilissimas
1800 1729 2066 1786 victorias

2179 1732 2379 1801 ἀγῶσιν
2429 1731 2690 1802 ἱδρῶτας,
2738 1730 2836 1785 καὶ
2872 1732 2971 1795 τὰς
2999 1726 3393 1803 λαμπροτάτας
3443 1733 3539 1786 καὶ
3589 1747 3753 1804 περι-

488 1826 808 1882 summatim
840 1824 1224 1880 onarravimus
1245 1862 1259 1887 ,
1296 1838 1397 1892 age
1431 1837 1580 1877 nunc
1612 1835 1806 1878 eorum
1841 1820 1936 1891 qui
1973 1835 2068 1877 su-

490 1916 752 1985 perstites
791 1922 958 1980 sunt,
990 1923 1047 1970 et
1084 1914 1380 1985 magniﬁce
1409 1913 1730 1978 decertant,
1766 1921 1929 1983 atque
1966 1927 2069 1968 an-

490 2009 724 2062 teriores
759 2005 1058 2061 sudoribus
1093 2005 1322 2061 vincere
1359 2006 1621 2071 student,
1650 2006 1819 2061 vitam
1860 2005 2070 2062 descri-

488 2099 719 2161 bamus,
768 2098 1073 2167 utilemque
1122 2097 1367 2168 posteris
1415 2096 1737 2150 memoriam
1786 2096 2072 2166 relinqua-

489 2204 633 2244 mus.
671 2188 831 2244 Sicut
859 2190 1005 2244 enim
1037 2197 1361 2243 sanctorum
1385 2227 1399 2251 .
1425 2189 1519 2258 qui
1549 2188 1685 2243 olim
1713 2188 2066 2253 claruerunt,

488 2283 840 2337 conversatio
864 2282 1161 2336 utilitatem
1185 2280 1254 2335 iis
1276 2280 1368 2351 qui
1393 2291 1517 2351 post
1540 2279 1718 2334 secuti
1738 2286 1868 2335 sunt
1887 2280 2069 2334 attulit

489 2375 784 2429 maximam
813 2391 826 2428 :
860 2375 933 2428 ita
962 2374 1031 2429 iis
1066 2374 1158 2445 qui
1190 2382 1316 2444 post
1348 2389 1451 2429 nos
1482 2356 1654 2433 futuri
1688 2380 1852 2439 sunt,
1882 2388 2070 2427 exem-

433 2447 444 2457 ’
488 2466 610 2535 plar
647 2472 812 2521 erunt
850 2466 1086 2532 istorum
1126 2466 1496 2520 narrationes.
1538 2463 1747 2518 Horum
1782 2478 1913 2519 vero
1962 2462 2070 2517 ini—

488 2557 625 2610 tium
659 2557 858 2613 ducam
896 2571 925 2611 a
966 2572 1168 2626 magno
1196 2554 1424 2611 Iacobo.
1464 2555 1515 2610 ls
1549 2555 1694 2610 enim
1730 2563 1785 2609 et
1823 2561 2071 2623 tempore

489 2657 544 2703 et
580 2648 770 2704 labore
808 2658 1038 2705 caeteros
1073 2650 1389 2715 antecedit,
1432 2648 1528 2717 qui
1572 2648 1754 2716 ipsum
1797 2643 2070 2700 imitando

488 2740 631 2794 mira
665 2748 719 2795 et
756 2740 1025 2811 stupenda
1066 2739 1296 2795 faciunt.
1333 2739 1577 2811 Contigit
1618 2749 1802 2794 autem
1829 2776 1845 2798 .
1881 2737 2071 2793 nescio

493 2846 604 2899 quo
633 2838 825 2900 pacto,
863 2830 1076 2901 1235
1109 2840 1168 2885 ut
1198 2839 1253 2886 et
1280 2832 1393 2886 vita
1427 2829 1771 2897 functdrum,
1807 2837 1865 2885 et
1889 2830 2073 2884 adhuc

493 2923 889 2991 superstitum,
943 2937 1145 2978 nomen
1194 2922 1299 2977 hoc
1346 2922 1581 2993 primum
1634 2922 1815 2977 locum
1867 2928 2069 2976 teneat.

493 3016 512 3032 ⁹
549 3011 945 3069 Defunctorum
1002 3014 1210 3085 quippe
1258 3014 1428 3067 vitam
1479 3028 1602 3068 cum
1655 3011 2073 3078 describerem,

2170 1826 2511 1895 (pervastata;
2550 1825 2727 1889 νίκας,
2765 1824 2898 1896 φέρε
2929 1827 3035 1878 ⁸καὶ
3061 1825 3169 1879 τῶν
3201 1825 3282 1878 ἔτι
3310 1825 3627 1897 περιόντων,
3659 1828 3756 1881 καὶ

2174 1914 2612 1988 μεγαλοπρεπῶς
2654 1913 3111 1985 ἀγωνιζομένων,
3164 1914 3258 1967 καὶ
3303 1911 3757 1981 φιλονεικούντων

2170 2008 2389 2079 νικῆσαι
2421 2007 2531 2069 τοῖς
2561 2003 2746 2076 ἱδρῶσι
2777 2005 2904 2067 τοὺς
2935 2002 3332 2076 προλαϐόντας,
3354 2003 3450 2073 τὴν
3477 2002 3769 2059 πολιτείαν

2173 2098 2615 2171 συγγράψωμεν,
2674 2096 2772 2150 καὶ
2825 2098 2939 2159 τοῖς
2988 2095 3269 2166 ἐσομένοις
3333 2094 3756 2166 καταλείψωμεν

2170 2191 2495 2263 ὀνησιφόρον
2545 2191 2788 2262 μνήμην.
2829 2188 3043 2258 Ὥσπερ
3085 2186 3194 2255 γὰρ
3244 2186 3351 2239 τῶν
3396 2186 3565 2240 πάλαι
3624 2185 3755 2239 ποτε

2169 2286 2586 2359 διαπρεψάντων
2611 2282 2781 2352 ἁγίων
2807 2282 2841 2351 ή
2866 2280 3109 2333 πολιτεία
3135 2281 3249 2342 τοῖς
3267 2275 3461 2331 ἔπειτα
3486 2278 3756 2347 μεγίστην

2170 2379 2440 2449 ὠφέλειαν
2477 2376 2755 2447 ἐκόμισεν,
2785 2372 2957 2436 οὕτως
2988 2373 3274 2443 ἀρχέτυπα
3310 2373 3424 2433 τοῖς
3458 2369 3578 2439 μεθ’
3604 2369 3757 2439 ἡμᾶς

2170 2474 2241 2526 τὰ
2283 2470 2487 2525 τούτων
2542 2470 2831 2538 γενήσεται
2885 2466 3224 2536 διηγήματα.
3287 2462 3488 2534 Ἀρχὴν
3546 2462 3758 2516 τούτων

2172 2565 2475 2636 ποιήσομαι
2522 2563 2612 2616 τὸν
2677 2560 2850 2633 μέγαν
2918 2555 3216 2611 Ἰάκωϐον·
3272 2549 3428 2618 οὗτος
3481 2552 3591 2624 γὰρ
3644 2551 3755 2606 τῶν

2172 2656 2347 2714 ἄλλων
2397 2657 2494 2711 καὶ
2530 2655 2608 2726 τῷ
2649 2653 2847 2724 χρόνῳ,
2898 2652 2993 2706 καὶ
3025 2649 3103 2721 τῷ
3147 2650 3296 2719 πόνῳ
3329 2646 3624 2720 πρωτεύει,
3656 2646 3754 2699 καὶ

2173 2750 2365 2805 τοῦτον
2416 2746 2800 2817 ζηλώσαντες,
2854 2744 2923 2797 ri
2974 2729 3271 2815 θαυμαστὰ.
3329 2740 3426 2794 καὶ
3472 2737 3758 2810 παράδοξα

2171 2836 2363 2915 δρῶσι.
2403 2840 2608 2912 Συνέϐη
2653 2840 2710 2892 δὲ
2752 2840 2852 2892 οὐκ
2887 2835 2983 2891 οἶδ’
3017 2839 3189 2900 ὅπως,
3233 2834 3462 2889 καὶτῶν
3490 2832 3759 2887 ἀπελθόν-

2173 2950 2304 3000 των,
2339 2932 2436 2986 καὶ
2470 2930 2578 2983 τῶν
2620 2929 2699 2983 ἔτι
2734 2929 3031 2999 περιόντων
3059 2969 3072 2992 ,
3121 2926 3284 2979 τοῦτο
3328 2923 3644 2993 πρωτεῦσαι
3700 2923 3762 2977 τὸ

2176 3024 2368 3103 ὄνομα.
2395 3023 2505 3075 Καὶ
2527 3021 2637 3092 γὰρ
2665 3021 2757 3074 καὶ
2795 3020 2894 3092 τὴν
2926 3019 3148 3072 ἐκείνων
3175 3015 3452 3071 πολιτείαν
3493 3016 3765 3087 διηγησά-

490 3122 730 3165 exorsus
770 3124 893 3163 sum
936 3123 964 3161 a
1007 3107 1198 3161 divino
1233 3107 1328 3162 illo
1362 3104 1609 3172 Iacobo,
1646 3105 1740 3175 qui
1776 3103 2068 3160 Persarum

2183 3129 2380 3184 μενος,
2431 3110 2604 3181 ἀρχὴν
2642 3110 2733 3163 τὸν
2769 3109 2911 3163 θεῖον
2941 3110 3149 3161 ἐκεῖνον
3184 3106 3527 3177 ἐποιησάμην
3571 3105 3764 3158 Ἰάκω-

492 3202 800 3258 exercitum
861 3202 1115 3256 oratione
1167 3215 1268 3256 sua
1325 3198 1657 3270 dissipavit,
1712 3196 2077 3267 disiectisque

491 3293 653 3351 urbis
675 3293 952 3347 moenibus
979 3293 1178 3348 urbem
1203 3290 1325 3360 capi
1355 3306 1463 3345 non
1493 3289 1777 3359 permisit,
1803 3297 1860 3343 et
1888 3288 2077 3345 hostes

493 3383 685 3455 fugere
714 3383 933 3452 coegit,
957 3382 1198 3437 culicum
1223 3379 1573 3449 cinifumque
1593 3379 1714 3433 acie
1740 3378 1795 3433 in
1823 3378 1950 3435 illos
1976 3377 2078 3432 im-

495 3477 687 3533 missa.
727 3472 832 3539 Qui
867 3488 999 3543 ergo
1033 3482 1088 3528 et
1120 3472 1331 3526 honore
1368 3477 1425 3526 et
1472 3470 1721 3525 moribus
1766 3470 1922 3525 illum
1976 3485 2075 3526 re-

496 3566 637 3629 fert,
678 3566 981 3622 viventium
1035 3564 1220 3619 adhuc
1260 3563 1596 3618 athletarum
1638 3577 1837 3634 agmen
1874 3563 2079 3629 ducat,

499 3673 608 3715 non
645 3657 772 3728 quia
809 3657 950 3712 idem
981 3671 1176 3712 nomen
1208 3656 1379 3726 gerit,
1415 3653 1512 3710 sed
1542 3655 1672 3725 quia
1703 3654 1823 3725 ejus
1856 3671 2083 3727 quoque

495 3752 746 3807 imitatus
781 3758 869 3806 est
925 3751 1222 3813 virtutem,
1262 3748 1655 3818 exemplarque
1706 3748 2079 3818 philosoth

497 3843 624 3900 aliis
672 3845 792 3915 ipse
834 3843 1017 3898 factus
1055 3850 1161 3900 est.
1203 3841 1453 3897 Maronis
1490 3842 1639 3900 enim
1681 3843 1885 3897 summi
1925 3843 2081 3899 illius

497 3935 557 3990 in
603 3933 1066 3991 consuetudinem
1108 3929 1394 4004 receptus,
1451 3926 1750 4004 divinaque
1799 3932 1922 4003 ejus
1976 3932 2081 3988 do-

496 4025 678 4089 ctrina
710 4026 1043 4093 institutus,
1069 4026 1410 4097 .magistrum
1448 4024 1633 4094 ipsum
1668 4024 1923 4080 laborum
1962 4040 2080 4079 ma-

497 4117 791 4188 gnitudine
840 4118 1183 4174 obscuravit.
1244 4115 1452 4171 Habuit
1510 4115 1783 4187 siquidem
1836 4117 1927 4171 ille
1979 4131 2084 4186 pro

499 4225 663 4264 muro
715 4210 919 4265 vetusti
977 4208 1191 4263 erroris
1247 4207 1577 4270 delubrum,
1633 4218 1687 4264 et
1722 4224 1788 4264 ex
1846 4208 2083 4279 pellibus

498 4300 741 4356 cilicinis
774 4300 1189 4355 tabernaculum
1210 4341 1226 4366 ,
1252 4297 1417 4371 cujus
1442 4314 1547 4370 ope
1587 4300 1789 4370 pluviae
1828 4300 2083 4369 nivisque

500 4393 733 4463 injurias
768 4408 964 4450 omnes
992 4393 1330 4462 declinabat.
1369 4395 1666 4459 Hievero,
1706 4393 1790 4448 his
1821 4391 2083 4446 omnibus

497 4488 681 4544 valere
702 4487 913 4558 jussis,
945 4496 1003 4543 et
1037 4488 1416 4555 tabernaculo,
1448 4500 1503 4545 et
1532 4487 1781 4558 tugurio,
1803 4493 1858 4541 et
1882 4500 2076 4551 muro,
2117 4463 2159 4517 ί)

498 4581 700 4635 εωιιιιιι
733 4581 897 4636 habet
927 4595 1029 4651 pro
1055 4587 1222 4644 tecto,
1251 4581 1547 4636 contrariis
1578 4580 1721 4634 aeris
1748 4577 2075 4648 impressim

374 4726 395 4740 ,
498 4672 663 4728 nibus
697 4672 980 4728 universis
1013 4674 1300 4744 expositus
1322 4713 1336 4738 ,
1371 4680 1426 4728 et
1459 4687 1607 4726 nunc
1650 4671 1877 4742 quidem
1924 4670 2079 4740 largo

497 4766 676 4821 imbre
700 4764 986 4838 dimuens,
1022 4780 1176 4820 nunc
1208 4766 1333 4836 gelu
1364 4780 1429 4819 ac
1462 4764 1586 4825 n‘iye
1624 4772 1956 4827 concretus,
1988 4763 2079 4817 inv

499 4858 927 4915 terdum.radiis
959 4857 1097 4913 solis
1125 4865 1303 4912 tostus
1329 4863 1383 4913 et
1414 4865 1680 4912 exustus:
1712 4856 1928 4911 fortiter
1958 4871 2078 4912 om-

2177 3204 2301 3266 6ον,
2343 3200 2402 3266 ὃς
2444 3205 2542 3272 την
2579 3200 2854 3272 Περσικὴν
2909 3201 3126 3271 ἐκείνην
3169 3198 3471 3269 στρατείαν
3499 3198 3764 3251 ἐσκέδασε

2177 3293 2479 3367 προσευχῇ,
2520 3294 2616 3347 καὶ
2650 3293 2759 3345 τῶν
2792 3290 2885 3345 τοῦ
2917 3292 3126 3354 ἄστεως
3170 3289 3476 3361 περιὸὁλων
3527 3307 3743 3344 καταπε

2180 3387 2405 3453 σόντων,
2432 3384 2557 3439 οὔτε
2581 3384 2681 3455 τὴν
2707 3383 2861 3438 πόλιν
2884 3383 3088 3439 ἁλῶναι
3111 3381 3479 3454 συνεχώρησε,
3510 3383 3605 3435 καὶ
3633 3382 3765 3447 τοὺς

2179 3472 2474 3548 πολεμίους
2537 3478 2728 3546 φυγεῖν
2777 3475 3232 3546 κατηνάγκασεν,
3293 3474 3526 3545 ἐμπίδας
3577 3474 3763 3536 αὐτοῖς

2180 3568 2691 3641 καταστρατεύσας,
2722 3568 2819 3621 καὶ
2863 3566 3154 3630 κώνωπας.
3212 3565 3277 3620 ’0
3323 3564 3533 3619 ἐκείνου
3581 3565 3764 3619 τοίνυν

2178 3663 2441 3734 ὁμότιμος
2463 3701 2478 3724 ,
2511 3660 2607 3715 καὶ
2643 3660 2986 3730 ὁμότροπος,
3032 3659 3133 3728 τῆς
3170 3657 3279 3713 τῶν
3327 3656 3408 3710 ἔτι
3460 3656 3764 3726 περιόντων

2180 3755 2498 3825 ἀγωνιστῶν
2535 3755 2851 3825 προτευέτω
2893 3749 3207 3822 συμμορίας
3233 3765 3247 3780 ⁸
3300 3749 3414 3803 οὐκ
3443 3748 3633 3819 ἐπειδὴ
3663 3747 3754 3815 τῆς

2183 3846 2557 3921 προσηγορίας
2583 3846 2697 3899 ἐστὶ
2724 3842 2999 3909 κοινωνὸς,
3024 3841 3139 3895 ἀλλ’
3176 3842 3257 3894 ὅτι
3290 3840 3388 3894 καὶ
3422 3840 3521 3909 τὴν
3556 3837 3761 3893 ἐκείνου

2182 3941 2454 4012 ἐζήλωσεν
2483 3940 2705 4011 ἀρετὴν,
2730 3939 2826 3993 καὶ
2864 3936 3225 4009 παράδειγμα
3252 3934 3574 4006 φιλοσοφίας
3605 3930 3764 4015 αὖτις

2180 4036 2293 4103 ⁴τοῖς
2335 4030 2515 4094 ἄλλοις
2553 4030 2801 4099 ἐγένετο.
2833 4028 3064 4098 Μάρωνι
3113 4028 3223 4107 γὰρ
3262 4026 3456 4096 ἐκείνῳ
3507 4023 3585 4094 τῷ
3626 4023 3767 4076 πάνυ

2185 4125 2629 4195 συγγενόμενος,
2680 4122 2777 4175 καὶ
2835 4122 2935 4190 τῆς
2986 4119 3138 4182 θείας
3191 4118 3358 4172 αὐτοῦ
3416 4115 3766 4177 διδασκαλίας
3822 4108 3827 4111 ’

2187 4214 2527 4289 μεταλαχὼν,
2563 4218 2676 4290 τοῖς
2713 4213 2923 4285 μείζοσι
2951 4213 3135 4276 πόνοις
3173 4211 3462 4284 ἀπέκρυψε
3490 4210 3585 4263 τὸν
3623 4208 3765 4262 διδάο

2187 4308 2406 4364 σκαλον.
2450 4307 2509 4361 ὐ
2545 4307 2644 4376 μὲν
2673 4305 2782 4377 γὰρ
2810 4304 2905 4359 καλ⁵
2935 4302 3220 4375 περίϐολον
3248 4298 3362 4374 εἶχε
3387 4301 3489 4372 τῆς
3529 4300 3769 4365 παλαιᾶς

2186 4401 2396 4472 πλάνης
2430 4401 2490 4454 τὸ
2515 4400 2763 4471 τέμενος,
2790 4398 2885 4452 καὶ
2909 4396 3115 4468 σκηνὴν
3151 4399 3215 4450 ὲκ
3245 4396 3487 4468 δέρρεων
3510 4393 3770 4466 τριχίνων

2187 4490 2450 4565 ἐπήξατο,
2501 4491 2598 4545 καὶ
2634 4490 2806 4561 ταύτῃ
2847 4486 3159 4559 χρώμενος,
3194 4486 3295 4550 τὰς
3336 4486 3430 4539 τοῦ
3468 4484 3626 4539 ὑετοῦ
3673 4483 3771 4538 καὶ

2186 4584 2406 4656 νιφετοῦ
2441 4582 2662 4653 διέφυγε
2706 4577 3033 4650 προσϐολάς.
3072 4570 3241 4641 Οὗτος
3282 4576 3338 4630 δὲ
3383 4578 3518 4630 πᾶσι
3557 4575 3770 4639 τούτοις

2186 4672 2463 4746 ὲῤῥῶσθαι
2488 4672 2725 4743 φράσας,
2759 4668 2856 4723 καὶ
2883 4670 3081 4739 σκηνῇ,
3109 4667 3206 4721 καὶ⁹
3228 4664 3460 4738 καλύϐῃ,
3494 4666 3589 4718 καὶ
3620 4682 3772 4735 περιρ

2188 4765 2330 4836 δόλῳ
2350 4804 2365 4830 ,
2416 4763 2621 4835 ὄροφον
2646 4760 2759 4831 ἔχει
2801 4759 2894 4812 τὸν
2927 4756 3160 4828 οὐρανὸν
3183 4795 3199 4818 ,
3231 4755 3412 4818 πάσας
3458 4754 3555 4807 τοῦ
3608 4754 3772 4825 ἀέρος

2188 4860 2287 4921 τὰς
2337 4854 2588 4918 ἐναντίας
2627 4853 2919 4924 δεχόμενος
2966 4847 3295 4921 προσὸολάς.
3347 4847 3459 4901 Καὶ
3515 4845 3612 4899 νῦν
3674 4845 3775 4915 μεν

2187 4949 2330 5021 ὑετῷ
2381 4947 2569 5019 λαύρφ
2602 4936 3077 5012 κατακλυζόμενος
3106 4979 3120 5004 ,
3173 4937 3270 4993 νῦν
3311 4938 3369 4992 δὲ
3417 4936 3620 5008 κρυμῷ
3676 4936 3776 4988 καὶ

2188 5041 2387 5112 νιφετῷ
2436 5037 2810 5110 πηγνύμενος·
2852 5032 3041 5088 ἄλλοτε
3092 5031 3150 5084 δὲ
3196 5033 3312 5093 ταῖς
3348 5030 3532 5083 ἀκτῖσι
3575 5025 3778 5098 φλεγόο

2192 5132 2353 5202 μενός
2382 5148 2441 5185 τε
2470 5130 2565 5184 καὶ
2602 5125 3050 5199 ὲμπιπράμενος,
3078 5122 3175 5175 καὶ
3216 5120 3352 5193 πρὸς
3381 5119 3602 5175 ἅπαντα
3634 5135 3775 5189 καρ-

2187 5226 2365 5297 τερῶν
2443 5224 2535 5277 καὶ
2568 5222 2642 5284 ὡς
2676 5222 2735 5273 ὲν
2764 5215 3033 5290 ἀλλοτρίῳ
3074 5213 3480 5284 ἀγωνιζόμενος
3529 5211 3773 5282 σώματι,

2190 5318 2285 5372 καὶ
2313 5315 2635 5387 φιλονεικῶν
2660 5314 2725 5384 τῇ
2756 5308 3038 5383 προθυμία
3067 5308 3287 5378 νικῆσαι
3312 5306 3412 5378 τὴν
3443 5305 3539 5359 τοῦ
3581 5304 3774 5375 σῶμα·

2188 5428 2278 5474 τος
2310 5409 2490 5479 φύσιν.
2526 5404 2731 5478 θνητὸν
2762 5403 2873 5475 γάρ
2901 5402 3062 5456 τοῦτο
3109 5400 3204 5454 καὶ
3235 5399 3480 5470 παθητὸν
3523 5398 3776 5469 περικεί-

2192 5518 2373 5571 μενος,
2403 5501 2480 5562 ὡς
2511 5502 2567 5553 ὲν
2593 5495 2799 5552 ἀπαθεῖ
2826 5493 3189 5558 πολιτεύεται,
3226 5492 3319 5545 καὶ
3345 5491 3445 5563 τὴν
3477 5489 3775 5561 ἀσώματον

2189 5593 2334 5665 ζωὴν
2369 5594 2425 5646 ὲν
2470 5588 2685 5661 σώματι
2720 5586 2979 5659 μελετῶν,
3013 5585 3151 5656 μετὰ
3190 5584 3283 5638 τοῦ
3316 5581 3607 5636 θεσπεσίου
3634 5582 3776 5637 "ad.

2188 5686 2279 5740 λου
2308 5684 2408 5755 βοᾷ
2428 5700 2441 5714 υ
2480 5701 2497 5734 ι
2542 5683 2631 5735 Ἐν
2664 5679 2829 5750 σαρκὶ
2864 5676 3293 5747 περιπατοῦντες
3325 5676 3384 5728 οὐ
3424 5675 3565 5728 κατὰ
3593 5676 3775 5747 σάρκα

2191 5772 2605 5848 στρατευόμεθα
2631 5788 2641 5799 ·
2677 5772 2741 5826 τά
2770 5770 2875 5840 γὰρ
2912 5768 3053 5822 ὅπλα
3080 5766 3233 5837 ἡμῶν
3261 5767 3319 5820 ού
3353 5766 3608 5836 σαρκικὰ,
3636 5765 3773 5822 ἀλλὶ

498 4951 588 5007 nia
625 4950 943 5033 perferens,
994 4959 1049 5005 et
1095 4958 1356 5022 tanquam
1389 4950 1444 5004 in
1482 4950 1666 5005 alieno
1714 4964 1944 5019 corpore
1990 4949 2083 5004 di~

500 5046 713 5101 micans
733 5084 748 5109 ,
780 5044 1033 5114 corporis
1066 5053 1322 5100 naturam
1350 5042 1639 5098 alacritate
1664 5042 1831 5095 animi
1859 5041 2081 5094 vincere

500 5136 809 5201 contendit,
834 5137 1172 5205 mortalique
1198 5136 1302 5190 hoc
1343 5142 1397 5188 et
1441 5135 1650 5205 patibili
1676 5132 2076 5193 circumdatus,

501 5229 585 5283 sic
615 5228 748 5283 vivit
782 5243 847 5283 ac
882 5230 929 5284 si
967 5229 1025 5283 in
1065 5227 1357 5300 impatibili
1384 5269 1398 5291 ,
1433 5236 1487 5283 et
1524 5228 1691 5281 vitam
1743 5224 1799 5278 in
1848 5239 2081 5293 corpore

501 5325 757 5393 corporis
787 5332 1071 5393 expertem
1119 5322 1435 5381 meditans,
1487 5308 1629 5376 cum.
1665 5318 1856 5374 divino
1912 5317 2081 5371 Paulo

500 5412 707 5467 clamat
735 5432 748 5466 :
774 5412 870 5467 ειη
898 5428 1066 5467 carne
1100 5412 1447 5467 ambulantes
1478 5428 1588 5466 non
1621 5408 1928 5467 secundum
1955 5423 2080 5461 car-

503 5518 629 5560 nem
673 5504 994 5561 militamus.
1056 5502 1270 5574 1236
1316 5502 1482 5557 Arma
1536 5504 1682 5558 enim
1734 5508 1921 5556 nostra
1968 5515 2076 5555 non

503 5604 633 5651 sunt
669 5597 916 5653 carnalia
938 5637 953 5660 ,
986 5596 1080 5651 sed
1115 5596 1363 5666 potentia
1403 5594 1511 5651 Deo
1543 5594 1609 5649 ad
1644 5591 2077 5649 destructionem

508 5686 903 5743 munitionum.
939 5686 1183 5741 Consilia
1220 5683 1603 5750 destruentes,
1638 5680 1695 5739 et
1729 5681 2077 5737 altitudinem

507 5789 628 5845 que
661 5796 721 5837 se
756 5778 968 5834 extollit
1006 5779 1271 5835 adversus
1309 5777 1596 5833 scientiam
1639 5776 1774 5839 Dei,
1815 5782 1868 5828 et
1908 5780 2080 5847 capti-
