4030 6408
298 378 400 440 4‘33

1450 372 1862 432 RELIGIOSA
1938 367 2318 431 HISTORIA.

3389 355 3525 421 1434

260 487 458 543 δυνατὰ
485 483 560 556 τῷ
585 484 705 555 Θεῷ
736 483 872 553 πρὸς
896 483 1214 556 καθαίρεσιν
1243 478 1617 554 ὁχυρωμάτων
1646 501 1657 512 ·
1684 483 1833 552 λογι-

1957 490 2136 536 rantes
2163 492 2352 532 numes
2381 475 2718 530 intellectum
2757 477 2810 528 in
2842 473 3170 542 obsequium
3197 470 3402 527 Christi
3425 460 3517 526 tt.)

264 582 433 650 σμοὺς
477 575 868 646 καθαιροῦντες
892 618 906 638 ,
959 575 1054 627 καὶ
1098 576 1205 628 πᾶν
1242 573 1444 645 ὕψωμα
1477 574 1836 646 ἐπαιρόμενον

262 673 401 727 κατὰ
433 670 532 740 τῆς
562 669 815 738 γνώσεως
847 667 941 720 τοῦ
974 666 1109 730 Θεοῦ
1142 684 1154 695 ’
1211 667 1305 719 καὶ
1339 664 1838 736 αἰχμαλωτίζοντες

262 767 368 818 πᾶν
403 764 578 832 νόημα
623 763 703 824 εἰς
753 763 852 830 τὴν
897 759 1143 829 ὑπακοὴν
1172 759 1266 811 τοῦ
1316 759 1574 831 Χριστοῦ.
1614 779 1631 810 ι
1677 757 1840 813 Ἀλλὰ

259 855 476 917 τούτους
502 855 628 918 τοὺς
665 853 804 922 ὑπὲρ
834 851 995 918 φύσιν
1039 849 1259 918 ἀγῶνας
1303 851 1360 902 ἐν
1406 847 1612 917 μείοσιν
1647 847 1839 916 ἐμελέ-

259 961 388 1013 τησε
428 943 630 1004 πόνοις.
672 941 762 992 Ἐν
801 940 1028 1008 οἰκίσκῳ
1071 938 1178 1008 γάρ
1213 954 1318 989 τινι
1353 936 1544 1006 βραχεῖ
1574 937 1838 1006 πρότερον

259 1035 448 1101 ἑαυτὸν
480 1031 775 1102 καθείρξας
801 1070 815 1092 ,
863 1032 958 1082 καὶ
988 1029 1096 1082 τῶν
1127 1027 1324 1093 ἔξωθεν
1355 1027 1600 1098 θορύϐων
1628 1025 1840 1078 ἐλευθε-

259 1129 439 1199 ρώσας
466 1165 481 1190 ,
513 1125 608 1177 καὶ
654 1126 722 1194 τῇ
770 1112 864 1174 τοῦ
900 1119 1035 1173 Θεοῦ
1098 1119 1289 1190 μνήμῃ
1342 1117 1703 1190 προσηλώσας
1748 1115 1839 1169 τὸν

258 1215 402 1270 νοῦν.
427 1214 572 1267 οὕτω
594 1213 692 1283 τὴν
714 1213 811 1282 τῆς
837 1210 1081 1272 ἐντελοῦς
1105 1208 1303 1280 ἀρετῆς
1327 1209 1559 1259 ἐποιεῖτο
1583 1206 1834 1276 μελέτην.

257 1305 683 1375 Γυμνασάμενος
723 1301 776 1353 δὲ
833 1300 1068 1369 ἄριστα,
1108 1299 1203 1351 καὶ
1236 1297 1344 1349 τῶν
1398 1295 1620 1362 ἀγαθῶν
1657 1296 1837 1348 πόνων

259 1398 421 1451 ὲθάδα
447 1395 547 1465 τὴν
575 1394 754 1465 ψυχὴν
794 1392 1102 1460 ἀποφήνας,
1137 1388 1246 1442 τῶν
1282 1387 1550 1458 μειζόνων
1581 1385 1837 1439 κατετόλ-

261 1509 431 1562 μησεν
463 1487 642 1542 ἄθλων
664 1505 677 1518 ο
719 1487 812 1541 καὶ
838 1484 994 1538 τοῦτο
1021 1485 1078 1536 τὸ
1105 1483 1230 1554 ὅρος
1261 1478 1604 1543 καταλαϐὼν,
1628 1479 1653 1531 ὃ
1683 1477 1838 1531 τοῦδε

256 1583 346 1636 τοῦ
381 1581 590 1642 ἄστεως
616 1579 913 1648 τριάκοντα
953 1575 1186 1638 σταδίοις
1215 1575 1543 1642 ἀφέστηκεν,
1572 1569 1838 1640 ἐπίσημον

258 1674 507 1743 ἀπέφηνε
539 1671 632 1725 κα)⁵
671 1670 986 1737 σεϐάσμιον,
1017 1668 1230 1738 ἄσημον
1259 1667 1318 1718 ὂν
1342 1663 1509 1717 πάλαι
1541 1663 1635 1716 καὶ
1668 1663 1840 1733 ἄκαρ-

259 1781 354 1817 πον
381 1761 683 1822 παντελῶς.
723 1757 1006 1826 Τοσαύτην
1052 1755 1108 1808 δὲ
1165 1755 1260 1808 νῦν
1306 1753 1560 1820 εὐλογίαν
1590 1751 1843 1821 δεδέχθαι.

257 1855 616 1929 πεπίσᾯευται
636 1893 651 1914 9
702 1849 777 1914 ὦς
808 1849 906 1922 τὴν
938 1848 1296 1918 ἐπικειμένην
1338 1844 1681 1899 δαπανᾶσθαι
1711 1843 1838 1912 γῆν,

259 1947 360 2002 τῶν
401 1945 670 1998 πάντοθεν
717 1941 1135 2011 ἀφικνουμένων
1173 1942 1254 2003 εἰς
1309 1939 1600 2006 ὠφέλειαν,
1636 1935 1840 2006 ταύτην

259 2037 659 2110 κομιζομένων.
738 2035 826 2086 Ἑν
881 2029 1056 2102 τούτῳ
1113 2028 1512 2100 διαιτώμενος,
1575 2028 1680 2080 ὑπὸ
1730 2028 1839 2082 τῶν

260 2133 711 2203 παραγινομένων
783 2130 1039 2184 ἁπάντων
1105 2126 1430 2197 θεωρεῖται·
1495 2125 1594 2178 οὐκ
1645 2123 1840 2195 ἀντρον

261 2227 412 2296 ἔχων,
447 2224 524 2290 ὡς
547 2225 702 2296 ἔφην,
738 2225 796 2276 οὐ
834 2221 1060 2292 σκηνὴν,
1099 2221 1159 2272 οὐ
1189 2218 1452 2288 καλύϐην,
1483 2218 1542 2271 οὐ
1569 2217 1840 2287 θριγκίον,

259 2322 352 2391 οὐχ
377 2320 646 2390 αἱμασιὰν
683 2317 1160 2389 περιφράττουσαν
1181 2331 1193 2344 ·
1239 2312 1377 2367 ἀλλά
1421 2313 1515 2365 καὶ
1544 2311 1842 2382 προσευχό-

265 2432 416 2484 μενος
450 2415 668 2483 ὀρᾶται,
703 2412 797 2464 καὶ
841 2408 1328 2478 διαναπαυόμενος.
1383 2406 1476 2458 καὶ
1524 2405 1718 2468 ἑστὼς,
1749 2404 1845 2457 καὶ

263 2507 590 2577 καθήμενος,
646 2505 738 2558 καὶ
781 2501 1061 2572 ὑγιαίνων,
1117 2504 1210 2555 καὶ
1242 2500 1524 2572 ἀρρωστίᾳ
1563 2500 1670 2552 τινὶ⁸
1714 2517 1845 2552 κατ-

262 2601 548 2672 εχόμενος·
601 2601 676 2661 ὡς
728 2596 991 2667 διηνεκῶς
1045 2595 1149 2648 ὑπὸ
1193 2594 1412 2657 θεαταῖς
1460 2592 1842 2661 ἀγωνίζεσθαι,

264 2696 353 2748 καὶ
392 2695 501 2756 τὰς
550 2693 795 2765 ἀνάγκας
838 2690 936 2758 τῆς
982 2687 1198 2756 φύσεως
1237 2683 1664 2754 ἀποκρούεσθαι.
1711 2682 1846 2735 Οὐδὲ

263 2788 366 2857 γὰρ
395 2789 514 2848 τοῖς
559 2783 738 2846 ἄλλοις
789 2779 1133 2850 ἀνθρώποις,
1188 2779 1245 2831 ἐν
1292 2769 1574 2845 ἐλευθερίᾳ⁹
1621 2773 1850 2844 βραχείᾳ

1942 573 2143 630 Verum
2179 573 2245 625 ad
2296 567 2612 636 lmjusmodi
2665 577 2919 620 naturam
2973 564 3297 620 excedentia
3345 573 3526 618 certa-

1940 666 2089 720 mina
2139 680 2237 733 per
2296 663 2538 742 minores
2586 660 2805 712 labores
2860 671 2919 710 se
2970 657 3333 725 comparavit.
3385 652 3533 707 Cum

1941 759 2087 814 enim
2123 765 2359 826 angusta
2397 770 2455 808 se
2502 755 2668 807 domo
2705 751 3026 804 inclusisset
3053 766 3077 809 ,’
3103 749 3460 814 externisque
3496 763 3524 800 a
3560 763 3562 766 '

1941 849 2278 904 tumultibus
2309 845 2667 905 abduxisset,
2721 849 2964 895 mentem
3014 840 3066 892 in
3125 837 3218 890 Dei
3264 837 3529 890 recorda-

1942 943 2093 997 tione
2126 941 2374 1008 deligens
2397 979 2410 1004 ,
2446 940 2523 1002 ita
2559 952 2618 990 se
2655 936 2720 988 ad
2755 933 3054 1003 perlectam
3085 931 3342 983 virtutem
3373 944 3531 984 exer-

1941 1036 2125 1089 cebat.
2158 1032 2460 1100 Postquam
2496 1036 2677 1082 autem
2725 1025 2931 1095 Optime
2963 1039 3023 1077 se
3070 1023 3352 1090 exercuit,
3409 1019 3528 1071 ani-
3587 1011 3589 1013 ’

1941 1141 2200 1194 mamque
2236 1124 2400 1179 bonis
2434 1121 2724 1175 laboribus
2759 1115 3059 1172 assuefecit
3089 1153 3103 1176 ,
3155 1124 3268 1166 tum
3319 1111 3528 1180 majora

1942 1232 2114 1272 ausus
2147 1228 2232 1269 est
2263 1214 2568 1268 certamina
2594 1252 2607 1274 ,
2641 1218 2696 1265 et
2731 1217 2970 1262 montem
3003 1207 3149 1259 hunc
3183 1213 3400 1272 petens,
3433 1199 3526 1268 qui

1942 1310 2174 1378 triginta
2208 1307 2406 1361 stadiis
2436 1305 2506 1357 ab
2539 1304 2642 1357 hac
2671 1301 2806 1354 urbe
2860 1301 3060 1363 distat,
3109 1296 3319 1350 clarum
3371 1293 3526 1346 illum

1941 1398 2178 1454 reddidit
2205 1413 2268 1450 ac
2301 1393 2674 1450 venerandum
2696 1430 2712 1454 ,
2741 1406 2865 1444 cum
2887 1390 3170 1444 obscurus
3198 1386 3327 1438 olim
3357 1391 3525 1448 esset,

1939 1493 2214 1561 planeque
2258 1477 2670 1543 infructuosus.
2709 1483 2942 1537 Tantam
2971 1495 3117 1535 nunc
3149 1487 3330 1532 autem
3368 1491 3527 1530 acce-

1941 1585 2088 1654 pisse
2125 1582 2570 1654 benedietionem
2605 1582 2622 1600 ⁶
2658 1578 2930 1647 creditur,
2970 1583 3027 1627 ut
3063 1574 3146 1626 vel
3183 1572 3234 1625 ei
3274 1569 3531 1638 imposita

1945 1648 2090 1732 terra
2125 1675 2478 1738 adhibeatur,
2502 1648 2640 1726 .cum
2677 1670 2919 1738 undique
2955 1666 3220 1722 accedant
3251 1655 3342 1733 qui
3381 1661 3534 1714 utili—

1943 1768 2075 1822 tatis
2110 1781 2224 1820 suae
2258 1765 2434 1835 gratia
2469 1764 2616 1816 illam
2650 1767 2968 1830 exportent.
3020 1760 3079 1810 In
3137 1756 3241 1809 hoc
3289 1754 3493 1819 degens
3515 1787 3530 1811 ,

1925 1858 2367 1912 adventantium
2401 1853 2652 1908 omnium
2687 1851 2866 1906 oculis
2894 1859 3064 1919 patet,
3100 1847 3444 1916 speluncam,
3474 1848 3536 1894 ut

1949 1951 2093 2015 dixi,
2127 1965 2240 2004 non
2278 1949 2522 2012 habens,
2558 1961 2670 2000 non
2707 1941 3133 1999 tabernaculum
3160 1979 3174 2004 ,
3221 1952 3329 1991 non
3373 1943 3537 2003 tugu-

1947 2044 2090 2099 rium
2111 2085 2125 2108 ,
2157 2057 2263 2096 non
2301 2040 2593 2094 maceriam
2619 2079 2633 2102 ,
2672 2052 2780 2092 non
2819 2051 3001 2104 sepem
3037 2047 3158 2101 quae
3188 2025 3534 2084 circumdet:

1952 2133 2047 2190 sed
2075 2141 2129 2187 et
2159 2148 2328 2188 orans
2359 2131 2626 2195 cernitur,
2662 2136 2717 2183 et
2767 2128 3094 2197 quiescens,
3147 2130 3201 2176 et
3257 2127 3411 2174 stans
3433 2159 3448 2182 ,
3483 2125 3549 2171 et

1951 2229 2154 2284 sedens
2177 2267 2192 2291 ,
2224 2235 2279 2280 et
2311 2240 2438 2278 cum
2468 2238 2636 2276 sanus
2672 2229 2756 2275 est
2779 2260 2793 2283 ,
2825 2227 2881 2274 et
2913 2232 3038 2272 cum
3082 2215 3271 2290 aliqua
3315 2217 3537 2264 tenetur

1949 2317 2276 2387 {egritudine
2302 2358 2318 2384 ,
2352 2316 2426 2368 ita
2460 2323 2517 2368 ut
2563 2314 2828 2383 perpettio
2885 2324 3072 2363 coram
3129 2301 3539 2374 spectatoribus

1949 2413 2266 2480 depugnet,
2300 2417 2627 2477 natumque
2663 2405 3036 2460 necessitates
3069 2400 3321 2469 repellat.
3355 2395 3541 2464 Neque

1949 2505 2094 2557 enim
2129 2503 2450 2557 hominibus
2482 2501 2608 2554 aliis
2631 2540 2646 2563 ,
2676 2498 2986 2553 liberaliter
3018 2503 3307 2560 utcunque
3334 2491 3541 2543 educa—

1955 2593 2024 2646 tis
2046 2633 2060 2656 ,
2086 2591 2247 2646 facile
2276 2601 2361 2646 est
2395 2592 2448 2645 in
2482 2598 2800 2645 exterosum
2830 2586 3010 2640 oculis
3035 2588 3388 2638 excrementa
3415 2592 3541 2645 ege-

1957 2701 2112 2749 rere,
2148 2685 2348 2738 nedum
2385 2685 2501 2738 viro
2546 2683 2641 2752 qui
2699 2681 2768 2737 ad
2819 2692 3089 2735 summam
3137 2671 3542 2744 phil050phiam

1959 2785 2302 2846 pervenerat.

263 2877 696 2948 τεθραμμένοις,
743 2873 911 2940 ξένων
963 2872 1284 2941 παρόντων,
1340 2868 1566 2929 εὐπετὲς
1618 2875 1717 2927 τας
1789 2863 1897 2919 τῷν
1963 2867 2391 2936 περιττωμάτων
2432 2863 2709 2934 ἐκκρίσεις
2762 2857 3066 2922 ποιεῖσθαι,
3106 2855 3237 2926 μήτι
3281 2869 3344 2920 γε
3382 2841 3538 2920 ἀνδρὶ

264 2972 356 3042 τὴν
381 2972 562 3038 ἄκραν
591 2967 908 3036 φιλοσοφίαν
939 2963 1320 3035 ἐξησκημένῳ.

334 3066 449 3118 Καὶ
496 3063 671 3117 ταῦτα
710 3063 873 3128 λέγω,
920 3061 981 3113 οὑ
1037 3060 1167 3128 παρ’
1204 3058 1367 3112 ἄλλου
1423 3055 1586 3110 τοῦτο
1637 3051 1847 3124 μαθὼν,

269 3157 376 3210 ἀλλ’
409 3156 578 3219 αὐτὸς
626 3154 900 3223 αὐτόπτης
953 3152 1343 3221 γεγενημένος.
1395 3149 1510 3218 Πρὸ
1567 3146 1848 3217 τεσσάρων

2026 3047 2138 3102 Nec
2160 3062 2291 3103 vero
2317 3045 2385 3099 ab
2413 3043 2536 3096 aliis
2562 3041 2678 3094 haec
2701 3039 2884 3092 audita
2910 3017 3111 3095 refero,
3141 3029 3236 3085 sed
3265 3019 3387 3097 qua:
3411 3041 3544 3080 ocu-

1959 3141 2025 3195 lis
2043 3142 2159 3210 ipse
2179 3137 2462 3206 conspexi.
2487 3133 2621 3187 Nam
2641 3148 2764 3186 eum
2789 3138 2914 3182 ante
2939 3141 3112 3181 annos
3126 3120 3544 3192 quatuor-decim

268 3250 371 3319 γὰρ
396 3249 498 3303 καὶ
526 3245 664 3300 δέκα
698 3244 986 3304 ἐνιαυτῶν,
1016 3244 1171 3306 νόσος
1196 3242 1343 3310 αὐτῷ
1369 3236 1588 3311 ’χαλεπὴ
1616 3254 1851 3306 προσπε-

1959 3233 2141 3304 gravis
2167 3231 2316 3284 illum
2345 3228 2572 3281 morbus
2614 3223 2934 3283 invasisset,
2972 3219 3052 3274 sic
3079 3217 3237 3271 illum
3264 3212 3464 3286 allec-it,
3487 3217 3545 3264 ut

2002 3325 2037 3328 .-
2083 3325 2092 3328 _
2504 3327 2508 3328 ,
2629 3317 2639 3327 .
2804 3320 2814 3328 .
2859 3312 2892 3328 ι.
2955 3308 3353 3328 -..η---.η
3385 3308 3519 3328 ηη.

271 3341 437 3393 σοῦσα
464 3379 480 3403 ,
539 3338 790 3406 διέθηκεν
836 3335 927 3398 ὡς’
954 3331 1021 3405 ἦν
1068 3333 1215 3396 εἰκὸς
1267 3333 1366 3402 τὴν
1412 3331 1612 3402 θνητὴν
1664 3329 1857 3400 ἔχοντα

273 3431 455 3500 φύσιν.
512 3430 682 3499 Θέρος
723 3428 830 3497 γὰρ
884 3423 952 3498 ἦν
1006 3422 1290 3494 ἀκμάζον,
1349 3425 1442 3476 καὶ
1498 3422 1857 3492 σφοδρότερον

271 3517 540 3588 ἐξήπτετο
572 3517 672 3585 τῆς
725 3516 943 3577 ἀκτῖνος
969 3516 1000 3584 ἡ
1047 3509 1200 3581 φλὸξ,
1231 3511 1339 3562 τῶν
1387 3509 1484 3578 μὲν
1514 3508 1731 3576 ἀνέμων
1762 3523 1857 3559 κε-

274 3611 667 3682 κοιμημένων,
727 3607 987 3676 ἀκινήτου
1031 3605 1086 3657 δὲ
1141 3602 1396 3672 μένοντος
1431 3598 1526 3651 τοῦ
1567 3598 1747 3668 ἀέρος.
1782 3597 1858 3648 Τὸ

273 3705 327 3758 δὲ
378 3702 556 3765 πάθος
603 3697 670 3771 ἦν
722 3697 1028 3769 πλημμύρα
1082 3696 1244 3766 χολῆς
1293 3692 1607 3763 φερομένης
1652 3689 1746 3740 ἐπὶ
1790 3686 1858 3739 τά

267 3797 422 3851 ’κάτω
445 3835 460 3856 ,
507 3795 601 3847 καὶ
634 3791 940 3861 δακνούσης
976 3791 1036 3844 τὸ
1067 3789 1324 3859 ἔντερον,
1363 3787 1455 3840 καὶ
1487 3781 1856 3850 συνωθούσης,

275 3891 365 3942 καὶ
398 3887 624 3958 τρέχειν
658 3887 751 3938 ἐπὶ
782 3885 850 3940 τά
878 3884 980 3948 ἔξω
1028 3881 1382 3953 βιαζομένης.
1423 3879 1558 3930 Τότε
1585 3876 1682 3944 τὴν
1727 3874 1858 3928 πολ-

274 3979 365 4050 λὴν
408 3979 510 4032 τοῦ
550 3978 742 4048 ἀνδρὸς
786 3977 1082 4047 καρτερίαν
1135 3974 1466 4043 ἐθεασάμην.
1517 3968 1860 4039 Παμπόλλων

275 4072 380 4141 γὰρ
404 4069 628 4142 χωρίων
653 4066 1173 4137 συναθροισθέντων,
1197 4063 1594 4134 ἁρπασομένων
1617 4061 1676 4114 τὸ
1702 4059 1861 4128 σῶμα

275 4164 332 4216 τὸ
370 4161 674 4232 νικηφόρον
697 4201 711 4226 ,
753 4159 992 4230 καθῆστο
1021 4157 1230 4228 διχόθεν
1268 4155 1614 4227 βαλλόμενος.
1657 4152 1719 4205 Ἢ
1764 4151 1862 4221 μὲν

277 4255 382 4323 γὲιρ
429 4253 593 4321 φύσις
649 4251 783 4303 ἱέναι
828 4250 921 4302 ἐπὶ
967 4249 1064 4319 τὴν
1114 4249 1362 4318 ἔκκρισιν
1408 4242 1858 4314 κατηνάγκαζεν·

277 4347 394 4416 ἡδὲ
431 4347 530 4415 τῆς
582 4341 997 4411 παρεστηκυίας
1046 4339 1287 4410 πληθύος
1337 4338 1500 4401 αἰδὼς
1544 4339 1727 4407 μένειν
1771 4323 1868 4388 ἐπὶ

281 4439 562 4508 σχήματος
602 4432 882 4496 ἐϐιάζετο,-
919 4430 1061 4499 Ἐγὼ
1089 4430 1142 4482 δὲ
1187 4431 1346 4483 τοῦτο
1387 4429 1700 4499 γινώσκων,
1738 4425 1865 4479 πολ-

279 4525 373 4591 λὰς
415 4520 515 4597 μὲν
565 4527 676 4586 τοῖς
717 4521 1035 4575 συνελθοῦσι
1079 4522 1437 4591 παραινέσεις
1488 4519 1862 4589 προσήνεγκα,

1960 3325 2097 3379 allici
2120 3339 2246 3378 eum
2283 3337 2378 3392 par
2401 3327 2520 3374 erat
2549 3317 2643 3386 qui
2676 3312 2928 3368 mortalis
2955 3308 3166 3380 1237
3193 3314 3356 3359 natus
3383 3308 3546 3356 esset.

1957 3416 2144 3470 IEstas
2171 3413 2319 3469 enim
2347 3418 2467 3465 erat
2490 3422 2702 3464 summa
2728 3446 2741 3470 ,
2765 3412 2820 3460 et
2847 3401 3126 3474 radiorum
3148 3397 3369 3451 tlamma
3391 3393 3552 3448 vehe-

1957 3507 2200 3562 mentius
2219 3504 2470 3566 ardebat,
2503 3498 2798 3556 silentibus
2820 3494 2997 3548 ventis
3015 3499 3069 3546 et
3086 3505 3211 3543 aere
3230 3484 3550 3554 tranquillo.

1959 3599 2184 3653 Morbus
2217 3604 2400 3648 autem
2432 3599 2551 3647 erat
2595 3586 2960 3643 redundantia
2995 3582 3126 3636 bilis
3149 3618 3164 3642 ,
3197 3594 3318 3648 quae
3349 3577 3414 3629 ad
3444 3577 3554 3628 ima

1959 3689 2189 3745 tendens
2207 3685 2492 3740 mordebat
2511 3689 2563 3734 et
2585 3676 2980 3747 comprimebat
2999 3672 3348 3730 intestinum,
3374 3667 3551 3720 foras-

1959 3800 2066 3856 que
2085 3793 2376 3850 erumpere
2397 3768 2872 3828 conabatur.Tum
2896 3779 3150 3834 magnam
3164 3762 3265 3815 viri
3286 3767 3552 3812 constan-

1959 3880 2090 3932 tiam
2125 3870 2406 3944 perspexi.
2436 3865 2572 3919 Nam
2612 3879 2736 3918 cum
2771 3877 2838 3914 ex
2871 3856 3130 3927 piurimis
3175 3851 3312 3904 vicis
3342 3847 3553 3902 conﬂu-

1959 3970 2208 4031 xissent,
2243 3962 2337 4033 qui
2375 3957 2631 4014 victoriis
2663 3953 2848 4008 nobile
2880 3962 3085 4017 corpus
3128 3950 3422 4012 raperent,
3468 3955 3553 3993 se-

1962 4060 2127 4116 debat
2159 4053 2393 4120 duas_in
2433 4060 2617 4121 partes
2650 4046 2976 4101 distractus.
3010 4038 3219 4092 Natura
3257 4035 3403 4090 enim
3443 4035 3551 4086 vim

1963 4149 2255 4210 aﬂerebat,
2290 4151 2350 4198 ut
2385 4142 2453 4196 ad
2486 4127 2894 4195 execr-nendum
2933 4131 3154 4186 exiret:
3194 4123 3554 4181 circumfusa:

1965 4251 2148 4298 autem
2181 4233 2559 4293 multitudinis
2589 4226 2904 4285 reverentia
2936 4223 3129 4278 eodem
3164 4221 3218 4274 in
3253 4225 3402 4274 statu
3439 4230 3556 4269 ma-

1967 4352 2098 4392 nere
2129 4319 2380 4403 cogebat.
2430 4324 2588 4393 Quod
2632 4337 2734 4392 ego
2775 4316 3260 4376 animadvertens,
3310 4326 3434 4364 cum
3488 4308 3554 4362 iis

1968 4429 2064 4501 qui
2092 4442 2158 4482 eo
2190 4402 2567 4479 convenerant
2599 4414 2794 4468 multis
2829 4407 3220 4472 suasionibus,
3259 4402 3556 4470 multisque

1969 4497 2138 4574 minis
2169 4517 2251 4586 egi
2278 4557 2291 4579 ,
2324 4512 2478 4567 abire
2511 4509 2637 4562 illos
2663 4506 2908 4574 jubens:
2946 4507 3140 4570 postea
3177 4497 3342 4552 etiam
3373 4507 3554 4549 sacer-

280 4620 484 4683 πολλὰς
522 4619 577 4672 δὲ
610 4618 703 4669 καὶ
741 4615 1006 4679 ἀπειλὰς,
1047 4614 1267 4666 ἀπιέναι
1302 4613 1558 4679 κελεύων.
1597 4612 1851 4679 ’Ύστεροι

1967 4612 2100 4666 dotii
2121 4584 2356 4663 vin—culis
2371 4619 2466 4658 eos
2483 4597 2713 4656 astrinxi
2727 4637 2739 4658 ,
2766 4603 2821 4650 et
2841 4608 2947 4646 non
2970 4593 3088 4644 sine
3107 4589 3347 4643 maximo
3366 4584 3556 4637 labore

278 4711 333 4766 δὲ
364 4711 460 4765 καὶ
488 4709 556 4762 τά
595 4711 692 4778 τῆς
730 4704 1030 4777 ἱερωσύνης
1062 4706 1247 4766 αὐτοῖς
1277 4703 1452 4772 δεσμά
1491 4702 1862 4771 περιτέθεικα,

279 4807 373 4858 καὶ
407 4803 504 4856 σὺν
548 4801 696 4870 πόνῳ
746 4797 928 4868 πολλῷ
979 4796 1160 4864 δείλης
1209 4794 1369 4864 ὀψίας
1425 4793 1864 4864 ἀπεπεμψάμην·

292 4896 348 4949 Ὀ
375 4895 433 4949 δὲ
469 4894 612 4954 θεῖος
654 4893 815 4962 ἀνὴρ,
855 4890 973 4944 οὐδὲ
1005 4888 1208 4941 τούτων
1255 4887 1620 4951 ἀπελθόντων,
1655 4884 1863 4956 ήττήθη

280 4992 382 5058 τῆς
423 4987 640 5057 φύσεως
666 5003 678 5015 ·
723 4985 839 5037 ἀλλ’
880 4983 1061 5054 ἔμεινε
1103 4981 1388 5052 καρτερῶν
1414 5021 1428 5043 ,
1475 4979 1580 5040 ἕως
1619 4979 1714 5044 νὺξ
1749 4979 1866 5029 ἐπι-

283 5081 546 5150 γενομένη
602 5079 796 5148 βαθεῖα
828 5079 1038 5138 πάντας
1076 5073 1331 5127 ἀπελθεῖν
1380 5072 1562 5125 οἴκαδε
1597 5070 1866 5139 κατηνάγ-

284 5188 441 5228 κασε.
474 5171 644 5224 Πάλιν
669 5171 724 5224 δὲ
757 5173 823 5241 τῇ
859 5167 1124 5237 ὑστεραίᾳ
1150 5166 1284 5238 πρὸς
1320 5164 1480 5218 αὐτὸν
1512 5162 1866 5232 ἀφικόμενος,

285 5265 360 5328 ὡς
421 5261 562 5317 εἶδον
624 5262 868 5332 φλογμὸν
921 5259 1281 5330 σφοδρότερον
1328 5255 1728 5326 γεγενημένον,
1776 5255 1870 5306 καὶ

285 5355 378 5408 τόν
407 5355 754 5425 ἐπικείμενον
785 5354 933 5424 αύτῷ
973 5346 1209 5424 πυρετὸν
1243 5351 1318 5420 τῷ
1345 5348 1544 5413 ἔξωθεν
1578 5348 1713 5415 πυρὶ
1745 5362 1870 5414 τρεο

288 5448 526 5517 φόμενόν
569 5465 626 5500 τε
673 5447 768 5499 καὶ
799 5446 1203 5514 αὐξανόμενον,
1249 5438 1624 5510 κεφαλαλγίαν
1660 5435 1870 5505 σκηψά-

290 5558 450 5611 μενος
483 5521 856 5612 δυσχεραίνείν
914 5538 1100 5605 ἔλεγον
1153 5539 1253 5606 τῆς
1300 5536 1512 5587 ἀκτῖνος
1558 5531 1658 5602 τὴν
1704 5545 1872 5600 προσ-

288 5633 472 5706 ϐολὴν,
505 5636 601 5689 καὶ
624 5634 968 5704 παρεκάλουν
992 5631 1253 5703 βραχεῖάν
1286 5630 1373 5702 μοί
1408 5645 1526 5681 τινα
1560 5627 1686 5695 παρ’
1714 5623 1862 5692 αὖτῇ

365 5825 392 5866 Ρ
432 5815 618 5870 Ηίῖοτ.
659 5832 712 5879 x,
744 5813 773 5866 5
820 5829 934 5881 seq.

1965 4717 2196 4773 vespere
2225 4698 2449 4754 tandem
2488 4688 2803 4747 ainandavi.
2841 4685 2938 4738 llle
2966 4690 3157 4736 autem
3186 4680 3273 4732 vir
3298 4677 3552 4736 divinus,

1967 4801 2247 4864 necpost
2301 4792 2498 4860 hprum
2546 4786 2855 4839 discessum
2909 4778 3093 4831 victus
3127 4781 3213 4828 est
3242 4787 3272 4825 a
3304 4781 3505 4823 natura
3538 4786 3551 4822 :

1969 4888 2064 4943 sed
2097 4863 2344 4956 perstitit
2381 4881 2658 4938 tolerans,
2696 4875 2874 4927 donec
2914 4867 3196 4938 profunda
3243 4879 3352 4919 nox
3389 4863 3555 4917 adve-

1968 4983 2125 5036 niens
2159 4978 2381 5032 domum
2418 4973 2598 5026 redire
2630 4983 2822 5023 omnes
2852 4963 3055 5032 coegit.
3101 4957 3380 5012 Postridie
3427 4970 3558 5010 vero
3625 4972 3628 4976 ·

1975 5073 2041 5128 ad
2073 5085 2198 5127 eum
2228 5081 2482 5120 reversus
2503 5105 2517 5127 ,
2552 5071 2612 5116 ut
2641 5070 2838 5115 aestum
2876 5053 3182 5109 invaluisse
3215 5047 3325 5102 vidi
3349 5087 3362 5111 ,
3393 5054 3448 5100 et
3483 5044 3558 5099 le-

1974 5168 2130 5220 brem
2173 5175 2280 5230 qua
2312 5158 2620 5212 vexabatur
2651 5161 2883 5208 externo
2932 5148 3056 5218 igne
3093 5143 3166 5198 ali
3219 5149 3273 5196 et
3329 5136 3558 5208 augeri,

1977 5259 2226 5313 dolorem
2259 5250 2461 5320 capitis
2497 5257 2839 5318 praetexens,
2889 5239 3002 5294 dixi
3057 5253 3142 5291 me
3191 5233 3326 5289 solis
3374 5230 3560 5286 radios

1980 5349 2123 5403 ferre
2153 5359 2264 5399 non
2296 5355 2458 5412 posse
2480 5381 2493 5403 ,
2528 5349 2582 5392 et
2612 5335 2836 5407 rogavi,
2873 5341 2933 5386 ut
2965 5329 3096 5384 mihi
3141 5325 3412 5381 modicam
3459 5321 3563 5374 ali-

1976 5437 2142 5511 quam
2179 5437 2429 5491 umbram
2467 5429 2612 5501 apud
2644 5443 2702 5482 se
2752 5428 3100 5496 procuraret.
3150 5415 3310 5484 Quod
3361 5415 3455 5468 ille
3503 5421 3564 5466 ut

1971 5503 2143 5602 jussit
2161 5571 2176 5594 ,
2203 5527 2386 5582 tribus
2412 5519 2782 5577 arundinibus
2814 5513 3016 5570 deﬁxis
3037 5553 3052 5578 ,
3083 5508 3419 5577 duabusque
3444 5503 3564 5576 pel-

1975 5627 2120 5680 libus
2175 5617 2452 5692 impositis
2484 5656 2498 5681 ,
2556 5611 2809 5668 umbram
2863 5604 3294 5661 adinvenimus:
3337 5607 3393 5655 et
3433 5610 3561 5652 cum
