4074 6406
458 357 596 425 1435

1437 362 1923 427 THEODORETI
1956 367 2298 431 EPlSCOPl
2331 373 2697 436 CYHENSIS

3519 383 3526 392 '
3583 375 3724 441 1436

455 472 689 529 introire
721 487 810 529 me
834 472 1098 543 juberet:
1130 493 1147 527 ι
1177 474 1358 547 Turpe
1395 480 1415 501 ‘
1448 487 1556 545 est,
1596 480 1740 546 disi,
1794 495 1827 533 ο
1854 491 2031 550 pater,

2148 486 2421 554 σχεδιάσαι
2455 491 2650 544 σκιάν·
2696 489 2793 545 καὶ
2843 489 3031 562 ἐπειδὴ
3062 489 3397 562 προσέταξε,
3437 491 3725 563 ⁹ιιαλάμους
3812 513 3817 518 ·

350 586 353 589 ·
456 581 544 620 me
583 565 678 635 qui
716 573 769 620 et
802 565 1023 634 juvenis
1061 582 1182 622 sum
1208 608 1222 633 ,
1263 576 1316 624 et
1357 569 1567 626 viribus
1608 572 1877 641 integris,
1936 573 2043 627 hoc

458 656 569 712 frui
618 657 859 713 solatio:
909 668 961 714 te
999 674 1132 714 vero
1160 671 1214 715 et
1250 662 1402 731 gravi
1459 658 1609 729 febre
1655 663 2039 731 laborantem,

458 758 513 803 ct
559 749 654 802 tali
702 757 953 819 egentem
1003 751 1242 815 solatio,
1290 753 1426 809 foris
1470 754 1664 811 sedere
1713 758 2042 815 ardentibus

460 841 598 898 solis
629 842 803 897 radiis
832 844 1168 912 expositum.
1210 845 1427 917 1238
1457 846 1642 913 Quare
1690 850 1736 905 si
1786 865 1902 917 me,
1954 851 2041 906 in-

462 948 657 1003 quam,
682 921 776 988 ‘vis
828 933 1024 988 umbra
1068 934 1212 1003 frui,
1247 949 1404 993 utere
1455 954 1669 994 mecum
1706 940 1810 995 hoc
1843 943 2042 1012 exiguo

461 1026 839 1082 tabernaculo.
868 1025 1073 1081 Tecum
1106 1028 1252 1083 enim
1285 1045 1509 1086 manere
1541 1033 1772 1101 cupiens
1802 1034 1872 1089 ab
1904 1044 2042 1089 aestu

461 1116 779 1186 prohibeor.
815 1136 834 1169 ι
865 1116 1061 1172 Cessit‘
1083 1118 1265 1187 itaque
1301 1119 1391 1175 bis
1424 1121 1662 1189 auditis,
1696 1124 1914 1194 meique
1944 1139 2042 1179 cu-

462 1222 578 1260 ram
614 1209 889 1277 potiorem
915 1210 1095 1265 duxit.
1119 1209 1418 1281 Postquam
1449 1214 1552 1270 sub
1579 1214 1777 1270 umbra
1808 1216 2042 1270 recreati

465 1315 570 1355 una
605 1299 811 1356 fuimus
836 1341 849 1363 ,
896 1301 1065 1356 alium
1111 1318 1311 1360 rursus
1342 1320 1653 1361 sermonem
1687 1322 1853 1363 orsus
1880 1321 2003 1361 sum
2027 1345 2040 1369 ,

461 1401 517 1448 et
551 1392 992 1449 decumbendum
1030 1395 1164 1448 mihi
1200 1411 1326 1451 esse
1356 1397 1466 1451 dixi
1490 1438 1505 1463 ,
1539 1398 1683 1468 quod
1717 1398 1893 1454 femur
1923 1413 2043 1454 sese

400 1520 406 1525 ς
461 1488 675 1542 sionem
712 1484 856 1541 ferre
888 1488 1010 1542 sine
1043 1487 1233 1542 dolore
1272 1504 1380 1543 non
1416 1497 1624 1560 posset.
1665 1489 1917 1561 Cumque
1951 1506 2040 1545 ro-

461 1586 616 1649 garet
678 1579 875 1633 iterum
933 1589 993 1633 ut
1053 1580 1739 1648 decumberemhiterum
1802 1583 2043 1652 audivit,

463 1670 611 1725 ltaud
665 1671 1007 1726 tolerandum
1058 1673 1190 1728 mihi
1240 1688 1397 1735 esse,
1450 1682 1509 1729 ut
1557 1675 1839 1731 sedentem
1891 1676 2045 1730 illum

462 1764 652 1825 videns
678 1764 793 1835 ipse
819 1764 1225 1820 decumberem.
1254 1785 1271 1817 ‹
1297 1765 1536 1822 Proinde
1565 1768 1610 1823 si
1642 1782 1762 1830 me,
1789 1767 2005 1822 aiebam
2028 1807 2044 1835 ,

419 1863 426 1869 '
464 1852 568 1904 hac
588 1852 774 1921 quiete
804 1852 887 1906 vis
920 1852 1060 1917 frui,
1094 1867 1202 1907 una
1226 1855 1654 1920 decumbamus,
1681 1864 1860 1927 pater,
1885 1855 2047 1926 atque

464 1944 541 1996 ita
590 1942 742 1997 solus
767 1943 965 2013 jacens
998 1959 1108 1999 non
1139 1945 1491 2002 erubescam.
1524 1966 1543 1999 ι
1573 1946 1672 2004 llis
1715 1963 1816 2019 ego
1858 1949 2046 2005 verbis

462 2049 587 2088 cum
624 2035 748 2104 ejus
783 2037 1152 2091 constantiam
1188 2038 1519 2095 delusissem
1542 2081 1557 2105 ,
1595 2039 1699 2096 feci
1738 2049 1798 2096 ut
1830 2043 2047 2099 cuban-

462 2125 598 2179 tium
628 2127 828 2181 solatio
855 2125 1151 2182 frueretur.
1183 2127 1346 2183 lluml
1372 2145 1507 2186 vero
1526 2131 1803 2201 iacentem
1828 2133 2047 2191 blandis

463 2217 811 2272 sermonibus
831 2216 1028 2274 affatus
1051 2235 1196 2286 sum,
1213 2229 1271 2275 ut
1293 2223 1539 2278 animum
1562 2214 1683 2294 ejus
1706 2225 1771 2279 ad
1800 2226 2045 2281 laetitiam

461 2324 779 2366 avocarem.
802 2311 962 2366 Manu
984 2329 1113 2369 vero
1133 2299 1465 2370 subvestem
1490 2316 1760 2382 immissa,
1783 2332 1906 2372 cum
1923 2317 2046 2385 ejus

461 2403 685 2458 dorsum
716 2405 915 2460 leniter
937 2405 1210 2461 defricare
1243 2408 1437 2462 vellem
1461 2448 1476 2472 ,
1513 2416 1648 2464 tunc
1679 2409 1810 2465 ferri
1836 2411 2048 2480 grande

461 2491 679 2558 pondus
700 2492 834 2556 vidi,
858 2495 1006 2563 quod
1034 2495 1252 2550 lumbos
1275 2497 1592 2567 collumque
1609 2500 1887 2555 vinciebat
1913 2520 1926 2555 :
1955 2515 2049 2555 ca-

460 2591 712 2653 tenaeque
740 2584 859 2638 alite
890 2599 919 2637 a
948 2586 1157 2640 circulo
1181 2587 1273 2653 qui
1303 2588 1451 2643 circa
1480 2590 1688 2644 collum
1715 2598 1871 2656 erat,
1901 2592 2048 2646 bina:

410 2680 417 2686 '
462 2682 621 2740 aute,
656 2676 799 2730 binae
834 2690 1003 2745 pone,
1036 2678 1103 2732 ad
1133 2679 1457 2735 inferiorem
1502 2682 1774 2737 circulum
1824 2684 2047 2753 oblique

460 2766 493 2821 ί]
518 2767 897 2834 εοεηᾶεηιεε,
931 2777 987 2824 et
1019 2769 1064 2823 X
1107 2771 1304 2827 litterae
1355 2773 1586 2841 figuram
1640 2784 1768 2830 ante
1800 2789 1862 2829 ac
1894 2783 2047 2831 retro

408 2888 414 2893 ·
459 2860 854 2928 exprimentes,
882 2861 1022 2917 duos
1057 2862 1205 2917 inter
1231 2880 1291 2919 se
1322 2866 1565 2920 circulos
1596 2868 2002 2923 connectebant
2028 2885 2042 2922 :

460 2959 515 3004 et
550 2966 748 3008 manus
804 2968 1024 3023 quoque
1079 2955 1228 3013 circa
1259 2956 1481 3011 cubitos
1529 2959 1638 3013 alia
1688 2959 1840 3015 intus
1875 2959 2048 3014 liabe-

460 3043 593 3098 bant
621 3044 839 3099 vincula
886 3046 1180 3125 ejusmodi.
1215 3049 1374 3103 Tanti
1428 3066 1562 3119 ergo
1606 3052 1864 3121 ponderis
1905 3067 2047 3108 onus

461 3138 853 3207 conspicatus,
910 3139 1100 3209 rogavi
1156 3148 1218 3195 ut
1271 3144 1562 3212 aegrotanti
1611 3146 1832 3214 corpori
1882 3160 2043 3214 opem

464 3227 665 3294 ferret,
695 3231 840 3300 quod
871 3231 1032 3286 simul
1061 3231 1210 3288 ferre
1236 3248 1348 3288 non
1384 3242 1571 3304 posset
1602 3250 1769 3290 onera
1792 3236 2046 3290 volunta-

462 3320 543 3373 ria
566 3360 581 3382 ,
614 3328 668 3374 et
692 3320 1075 3390 aegritudinem
1107 3340 1218 3379 non
1254 3326 1647 3381 voluntariam.
1681 3344 1699 3377 ι
1734 3325 1890 3382 Nunc
1921 3328 2045 3397 qui-

462 3409 609 3476 dem,
660 3399 893 3478 aiebam,
937 3420 1114 3483 pater,
1152 3413 1283 3468 ferri
1329 3413 1506 3470 officio
1549 3415 1795 3486 fungitur
1837 3416 2047 3475 febris:

467 3517 589 3569 quae
641 3504 731 3558 ubi
782 3507 1045 3574 cessarit,
1097 3516 1214 3561 tum
1246 3506 1472 3576 corpori
1504 3508 1688 3564 denuo
1732 3508 1862 3565 ferri
1905 3526 2048 3567 onus

468 3594 689 3665 1239
711 3595 1113 3665 imponemus.»
1132 3596 1311 3655 Cessit
1330 3598 1433 3653 bac
1464 3599 1627 3654 etiam
1661 3602 1713 3655 in
1739 3611 1890 3672 parte
1908 3603 2050 3657 mul-

462 3686 536 3739 tis
566 3686 889 3754 ltujusmodi
928 3690 1273 3746 carminibus
1295 3692 1581 3749 delinitus.
1628 3694 1733 3750 Sed
1765 3704 1897 3752 tunc
1924 3686 2049 3768 qui-

462 3777 585 3831 dem
615 3794 738 3834 cum
764 3784 956 3850 paucis
979 3781 1173 3838 diebus
1192 3792 1538 3855 aegrotassct,
1565 3785 1728 3841 facile
1748 3791 2048 3846 convaluit.

461 3866 658 3924 Postea
690 3886 822 3925 vero
850 3871 1157 3940 graviorem
1194 3874 1247 3928 in
1286 3875 1540 3930 morbum
1586 3872 1797 3933 incidit.
1822 3877 1889 3932 Et
1924 3895 2047 3935 cum

461 3964 617 4018 multi
637 3952 881 4034 undique
894 3966 1299 4030 convenissent.
1318 3976 1376 4022 ut
1392 3968 1512 4038 ejus
1530 3966 1732 4039 corpus
1745 3971 2047 4040 auferrent,

462 4054 564 4109 hoc
589 4057 780 4110 audito
812 4066 1173 4113 accurrerunt
1206 4059 1354 4115 cives
1392 4060 1794 4125 universi,tum
1821 4063 2048 4128 milites,

460 4152 575 4199 tum
604 4146 823 4215 privati,
860 4147 955 4200 alii
985 4147 1198 4204 bellicis
1230 4151 1402 4205 armis
1429 4150 1710 4218 instructi,
1749 4152 1842 4207 alii
1879 4153 2051 4210 armis

462 4245 684 4293 utentes
716 4238 1060 4307 quibuslibet
1092 4257 1107 4295 :
1139 4240 1368 4312 acieque
1398 4241 1673 4312 disposita
1708 4226 2049 4313 pugnabant,

459 4336 515 4384 et
541 4330 647 4382 tela
699 4328 1087 4398 conjiciebant,
1143 4347 1253 4387 non
1295 4340 1356 4387 ut
1394 4342 1768 4403 percutereut,
1807 4334 1900 4390 sed
1950 4320 2001 4387 ut
2033 4334 2053 4357 ‘

456 4425 751 4474 terrerent.
772 4418 1064 4490 Pulsisque
1090 4423 1189 4477 hoc
1222 4423 1383 4479 modo
1411 4424 1849 4488 circumvlcinis,
1879 4424 2054 4478 victo-

2142 580 2291 648 τρεῖς
2316 579 2608 650 πήξαντες,
2644 582 2737 635 καὶ
2766 581 2860 635 δύο
2881 580 3092 646 τούτοις
3119 577 3439 652 περιθέντες
3470 583 3720 655 σισύρας,

2142 671 2520 742 ἐσοφισάμεθα
2570 675 2671 743 τὴν
2725 674 2885 727 σκιάν
2917 691 2930 706 ’
2983 674 3297 738 κελεύοντος
3338 673 3395 728 δέ
3448 691 3537 745 μοι
3590 674 3728 729 εἵσω

2146 763 2281 818 ἱέναι
2316 783 2328 797 θ
2362 786 2379 819 ι
2417 768 2673 838 Αίσχρύν,
2706 768 2865 838 ἔφην,
2896 761 2940 820 ὣ
2973 767 3168 838 πάτερ,
3199 768 3297 839 ἐμὲ
3331 767 3450 838 μὲν,
3479 768 3574 820 καὶ
3606 768 3729 822 νέον

2141 857 2292 923 ὄντα,
2324 860 2418 913 καὶ
2444 861 2776 933 ἐρρωμένον,
2809 860 2971 930 τῆσδε
3000 862 3098 929 τῆς
3123 858 3476 930 ψυχαγωγίας
3504 859 3690 929 τυχεῖν
3710 873 3728 891 ο

2144 947 2205 1001 σὲ
2237 950 2293 1003 δὲ
2324 951 2545 1021 πυρετῷ
2574 950 2948 1021 ’κατεχόμενον
2979 948 3188 1022 λαύρῳ,
3224 950 3441 1021 καὶτῆς
3468 949 3731 1020 τοιαύτης

2143 1042 2476 1114 παραψυχῆς
2519 1043 2800 1115 δεόμενον,
2859 1043 2963 1111 ἔξω
3006 1044 3279 1116 καθῆσθαι
3309 1043 3604 1113 δεχόμενον
3629 1046 3733 1114 τῆς

2144 1131 2376 1205 ήλιακῆς
2418 1135 2635 1199 ἀκτῖνος
2677 1129 2777 1205 τὴν
2831 1132 3160 1205 προσϐολήν.
3212 1133 3276 1186 Et
3314 1133 3529 1195 τοίνυν,
3567 1133 3728 1203 ἔφην,

2142 1221 2349 1285 ἐθέλεις
2382 1239 2449 1293 με
2476 1222 2575 1293 τῆς
2605 1226 2764 1287 σκιᾶς
2792 1224 3119 1287 ἀπολαῦσαι,
3149 1220 3308 1291 γενοῦ
3346 1239 3436 1291 μοι
3470 1224 3731 1285 κοινωνὸς

2141 1313 2243 1383 τῆς
2276 1301 2790 1385 βραχείαςταύτης
2834 1315 3059 1385 σκηνῆς.
3110 1314 3446 1383 Προσμεῖναι
3486 1312 3597 1382 γάρ
3648 1330 3731 1366 σοι

2146 1404 2406 1475 βούλομαι
2461 1405 2601 1476 μὲν,
2658 1404 2764 1459 ὐπὸ
2813 1406 2870 1459 δὲ
2920 1406 3019 1476 τῆς
3064 1406 3283 1468 ἀκτῖνος
3340 1404 3645 1474 κωλύομαι.
3706 1424 3725 1455 ι

2144 1490 2270 1562 Εἶξε
2318 1495 2499 1550 τοίνυν
2531 1498 2738 1552 τούτων
2788 1496 3027 1559 ἀκούσας
3077 1494 3184 1549 τῶν
3235 1496 3442 1564 λόγων,
3494 1496 3588 1548 καὶ
3631 1496 3731 1563 τὴν

2146 1589 2289 1660 ἐμὴν
2315 1588 2612 1660 θεραπείαν
2641 1589 2939 1661 προείλετο.
2979 1589 3134 1642 Ἐπεὶ
3164 1589 3218 1641 δὲ
3250 1591 3403 1658 κοινῇ
3436 1588 3537 1656 τῆς
3569 1588 3732 1651 σκιᾶς

2147 1680 2525 1751 ἀπηλαύομεν,
2549 1681 2807 1754 ἠρξάμην
2835 1681 2998 1734 πάλιν
3028 1679 3215 1748 ἑτέρου
3249 1680 3433 1748 λόγου,
3467 1681 3560 1733 καὶ
3592 1680 3731 1751 ἔφην

2148 1771 2231 1825 ὅτι
2264 1772 2346 1825 δεῖ
2377 1789 2468 1844 μοι
2514 1771 2923 1835 κατακλίσεως,
2975 1770 3069 1825 τοῦ
3125 1760 3425 1841 textos,th
3457 1771 3732 1851 καθέδραν

2148 1864 2371 1928 ἀλύπως
2429 1863 2502 1935 μὴ
2554 1864 2833 1934 φέροντος.
2875 1861 3041 1916 Ἀλλὰ
3086 1863 3251 1915 πάλιν
3303 1861 3454 1932 ἠξίου
3509 1862 3607 1933 μέν
3660 1880 3731 1932 με

2150 1954 2613 2022 κατακλίνεσθαι,
2648 1955 2914 2027 ἀντήκουε
2962 1954 3054 2019 δὲ,
3111 1952 3187 2017 ὠς
3231 1954 3292 2007 οὐ
3322 1954 3557 2025 φορητὸν
3595 1956 3733 2024 ,ἐμοὶ

2148 2048 2458 2120 καθήμενον
2483 2046 2643 2100 αὐτὸν
2672 2046 2869 2118 ὁρῶντι
2900 2044 3346 2118 προσκλίνεσθαι.
3381 2064 3398 2096 ι
3433 2046 3496 2097 Ei
3524 2046 3728 2109 τοίνυν,
3789 2124 3797 2131 ρ

2149 2137 2311 2208 ἔφην,
2344 2135 2547 2202 ἐθέλεις
2588 2153 2656 2208 με
2691 2136 2785 2190 καὶ
2812 2135 3018 2208 ταύτης
3057 2136 3424 2193 ἐναπολαῦσαι
3456 2137 3558 2208 τῆς
3595 2139 3733 2192 ἀνα-

2149 2229 2363 2300 παύλης
2388 2268 2403 2293 ,
2454 2231 2607 2300 κοινῇ
2664 2227 3083 2301 προσκλιθῶμεν
3109 2269 3124 2295 ,
3160 2224 3205 2284 ὦ
3238 2232 3453 2302 πάτερ·
3508 2231 3569 2284 οὐ
3622 2229 3733 2303 γὰρ

2148 2320 2459 2392 ἐρυθριάσω
2487 2320 2647 2391 μόνος
2680 2320 3158 2391 κατακλινόμενος.
3197 2341 3216 2375 ι
3243 2321 3521 2385 Τοιούτοις
3550 2320 3737 2389 λόγοις

2147 2410 2315 2464 αὐτοῦ
2367 2410 2465 2481 τὴν
2522 2410 2820 2482 καρτερίαν
2870 2398 3416 2483 κατασοφισάμενος,
3470 2412 3569 2483 τὴν
3619 2413 3729 2467 ἀπὸ

2145 2503 2244 2574 τῆς
2273 2503 2613 2567 ἀνακλίσεως
2667 2503 2816 2575 αὐτῷ
2864 2504 3193 2576 παραψυχὴν
3251 2500 3606 2577 εἰσενήνοχα·
3642 2505 3735 2560 ἐπῖ

2146 2594 2203 2648 δὲ
2229 2595 2324 2649 τοῦ
2374 2596 2605 2665 ἐδάφους
2646 2597 2966 2670 ἐρριμμένῳ
3009 2597 3349 2669 προσέφερον
3387 2598 3582 2667 λόγους
3632 2616 3734 2670 χαο

2151 2686 2397 2756 ρίεντας,
2455 2687 2549 2740 ἐπὶ
2601 2686 2663 2739 τὸ
2709 2685 3124 2758 θυμηρέστερον
3157 2686 3256 2758 τὴν
3283 2687 3463 2758 ψυχὴν
3500 2686 3736 2759 μεταφέο

2150 2794 2278 2847 ρων.
2311 2777 2459 2831 Εῖσω
2494 2777 2552 2831 δὲ
2600 2777 2695 2831 τοῦ
2747 2778 2961 2849 ἱματίου
2994 2778 3095 2849 τὴν
3121 2780 3287 2849 χεῖρα
3324 2779 3499 2850 βαλὼν
3520 2819 3534 2843 ,
3585 2781 3737 2833 ἐπειο

2152 2868 2343 2939 ρώμην
2368 2868 2603 2941 μετρίως
2625 2869 2940 2940 ἀποτρίσειν
2960 2869 3030 2923 τὰ
3048 2870 3215 2935 νῶτα,
3241 2870 3361 2923 τότε
3382 2871 3479 2924 τοῦ
3498 2873 3723 2943 σιδήρου

2147 2960 2209 3013 τὸ
2247 2959 2382 3013 πολὺ
2429 2960 2649 3032 φορτίον
2696 2960 3009 3031 ἐθεασάμην
3034 3003 3048 3027 ,
3083 2961 3111 3015 δ
3146 2963 3240 3016 καὶ
3269 2947 3370 3035 τὴν
3402 2963 3576 3030 όσφύν
3614 2963 3733 3018 ἐδέ-

2159 3067 2316 3121 σμει,
2361 3053 2456 3105 καὶ
2502 3050 2594 3105 τὸν
2645 3051 2868 3121 αὐχένα.
2900 3053 3013 3105 Καὶ
3040 3052 3225 3122 ἕτεραι
3267 3053 3324 3106 δὲ
3370 3052 3591 3116 ἁλύσεις
3624 3054 3735 3107 ἀπὸ

2148 3139 2242 3193 τοῦ
2272 3141 2401 3211 περὶ
2440 3140 2536 3193 τὸν
2581 3140 2785 3211 αὐχένα
2826 3139 3025 3194 κύκλου
3050 3182 3066 3205 ,
3112 3139 3210 3193 δύο
3257 3139 3358 3211 μὲν
3396 3136 3731 3210 ἔμπροσθεν,

2148 3231 2243 3286 δύο
2271 3231 2328 3284 δὲ
2368 3231 2641 3294 ὅπισθεν,-
2670 3233 2750 3296 εἰς
2789 3231 2880 3286 τδν
2914 3231 3064 3285 κάτω
3104 3231 3303 3285 κύκλον
3332 3230 3628 3301 ἐγκάρσιαι
3654 3230 3735 3284 δι-

2151 3324 2421 3394 ήκουσαι,
2462 3323 2560 3378 καὶ
2602 3323 2700 3378 τοῦ
2739 3326 2784 3379 Χ
2821 3310 3107 3395 στοιχείου
3134 3321 3197 3378 τὸ
3236 3326 3423 3395 σχῆμα
3455 3322 3733 3384 ποιοῦσαι,

2151 3415 2465 3488 ἔμπροσθέν
2493 3433 2552 3470 τε
2583 3418 2681 3471 καὶ
2709 3416 2958 3482 ὄπισθεν,
2996 3417 3125 3480 τούς
3172 3416 3267 3470 δύο
3304 3415 3539 3479 κύκλους
3568 3415 3735 3487 ἀλλή-

2148 3509 2263 3573 λοις
2296 3509 2578 3564 συνέδεον⁸
2618 3511 2712 3564 καὶ
2755 3510 2977 3581 ἐτέρους
3018 3509 3075 3563 δέ
3104 3510 3160 3562 αί
3192 3511 3373 3580 χεῖρες
3413 3508 3560 3562 ἔνδον
3602 3508 3737 3578 περὶ

2148 3602 2276 3663 τούς
2305 3599 2564 3668 ἀγκῶνας
2608 3595 2754 3670 εἶχον
2792 3598 3069 3661 τοιούτους
3099 3597 3357 3668 δεσμούς.
3389 3599 3463 3651 Τδ
3492 3598 3737 3651 πολυτάη

2148 3694 2341 3747 λαντον
2370 3688 2464 3747 οὖν
2492 3691 2653 3746 τοῦτο
2688 3691 3026 3763 θεασάμενος
3064 3691 3312 3766 φορτίον,
3341 3690 3581 3743 ἱκέτευον
3618 3692 3741 3743 ἐπιδ

2150 3782 2421 3853 κουρῆσαι
2449 3781 2528 3851 τῷ
2561 3780 2776 3853 σώματι
2820 3782 3086 3850 κάμνοντι
3113 3820 3129 3845 ,
3177 3782 3272 3834 καὶ
3314 3781 3504 3851 φέρειν
3544 3783 3606 3835 οὐ
3638 3785 3729 3837 δυ-

2150 3872 2371 3943 ναμένῳ
2399 3872 2551 3926 κατά
2581 3860 2802 3936 ταύτὸν,
2833 3873 2927 3927 καὶ
2955 3872 3023 3927 τά
3061 3872 3347 3927 ἐθελούσια
3392 3873 3611 3943 φορτία,
3642 3874 3734 3929 καὶ

2149 3964 2249 4035 τὴν
2300 3964 2557 4019 ἀκούσιον
2609 3965 2946 4036 ἀρρωστίαν.
2997 3981 3016 4015 ι
3057 3964 3172 4019 Νῦν
3227 3965 3327 4036 μὲν
3372 3965 3513 4035 γὰρ,
3569 3965 3734 4036 ἔφην,

2149 4051 2196 4109 ὦ
2223 4055 2432 4128 πάτερ,
2473 4058 2503 4111 ό
2544 4056 2776 4127 πυρετὸς
2821 4054 3033 4127 τάιτοῦ
3068 4055 3287 4126 σιδήρου
3337 4060 3493 4110 ποεῖ⁶
3525 4059 3653 4111 ὅταν
3678 4057 3737 4110 δὲ

2150 4139 2311 4209 οὗτος
2338 4146 2585 4217 λωφήσῃ,
2609 4144 2912 4215 τηνικαῦτα
2943 4143 3022 4214 τῷ
3057 4143 3269 4210 σώματι
3292 4144 3383 4199 τὸν
3411 4146 3478 4199 ἐκ
3511 4145 3629 4215 σιδῆ
3641 4163 3743 4217 ρου

2153 4236 2316 4290 πάλιν
2352 4235 2686 4306 ἐπιθήσομεν
2720 4236 2937 4306 φόρτον.
2974 4253 2992 4286 ι
3027 4234 3152 4301 Εἷξε
3179 4236 3273 4288 καὶ
3303 4236 3384 4298 είς
3414 4234 3572 4288 τοῦτο
3603 4237 3739 4289 πολ-

2152 4326 2271 4389 λαῖς
2308 4325 2586 4389 τοιαύταις
2626 4324 3016 4395 καταθελχθεὶς
3076 4322 3333 4395 ἐπῳδαῖς.
3402 4324 3565 4377 Ἀλλὰ
3613 4324 3736 4376 τότε

2157 4419 2256 4489 μὲν
2307 4418 2495 4486 ὀλίγας
2549 4417 2911 4489 ἀρρωστήσας
2949 4416 3163 4488 ἡμέρας
3193 4458 3205 4481 ,
3246 4415 3444 4487 ῥᾳδίως
3480 4416 3734 4487 ἐρρἀσε.

460 4525 574 4565 rem
607 4512 869 4567 athletam
906 4513 1051 4569 lecto
1094 4515 1462 4585 imponentes,
1519 4515 1657 4570 nihil
1703 4529 1892 4570 eorum
1924 4532 2045 4586 quae

2155 4511 2345 4582 Χρόνῳ
2404 4510 2459 4563 δὲ
2517 4508 2744 4579 ὕστερον
2804 4508 3158 4578 χαλεπωτέρᾳ
3218 4507 3510 4577 περιέπεσε
3572 4506 3735 4575 νόσῳ.

462 4603 667 4659 ﬁebant
705 4606 1062 4669 sentientem,
1096 4616 1156 4660 ut
1186 4608 1282 4677 qui
1315 4623 1419 4662 nec
1455 4614 1591 4661 tunc
1613 4617 1888 4671 senserat,
1918 4624 2042 4662 cum

461 4709 492 4749 a
532 4696 757 4752 rusticis
807 4713 964 4752 coma
1000 4700 1313 4761 velleretur,
1355 4700 1410 4754 in
1466 4699 1659 4755 urbem
1724 4710 1992 4756 venerunt
2030 4721 2043 4756 :

459 4797 657 4844 etcum
700 4789 764 4843 ad
781 4790 952 4845 :edem
987 4793 1365 4862 propheticam
1391 4794 1792 4863 pervenissent,
1824 4796 1880 4848 in
1922 4810 2050 4863 pro-

461 4878 671 4950 pinquo
704 4879 836 4934 huic
882 4882 1219 4937 monasterio
1268 4884 1468 4937 lectum
1501 4876 1906 4955 deposuerunt.
1934 4885 2047 4940 Vc-

412 4968 417 4975 ’
459 4970 543 5023 nit
572 4977 753 5024 autem
783 4971 1011 5039 quidam
1043 4970 1360 5027 Berrhaaam
1399 4972 1500 5046 (ibi
1524 4976 1672 5029 enim
1701 4986 1832 5030 tunc
1864 4976 2046 5048 cram)

458 5075 583 5130 qua;
613 5069 767 5131 gesta
803 5061 1022 5117 fuerant
1057 5063 1402 5134 significans,
1439 5072 1493 5119 et
1547 5067 1741 5121 mortis
1790 5068 2047 5121 nuntium

461 5152 721 5209 afferens.
776 5155 961 5220 Quare
992 5156 1282 5211 confestim
1327 5158 1568 5223 accurri,
1603 5166 1831 5228 totaque
1886 5170 2050 5213 nocte

461 5243 566 5297 iter
602 5236 835 5300 'facicns
872 5247 935 5300 ad
969 5246 1216 5301 divinum
1281 5249 1562 5303 hominem
1622 5259 1746 5318 post
1792 5264 2047 5303 auroram

461 5335 707 5400 perveni,
738 5336 829 5403 qui
871 5353 976 5392 nec
1003 5338 1358 5406 loquebatur,
1390 5353 1491 5393 nec
1524 5339 1824 5394 astantium
1859 5352 2050 5408 quem-

462 5439 624 5493 quam
657 5434 869 5495 poterat
898 5444 1215 5498 agnoscere.
1249 5432 1322 5486 Ut
1348 5446 1477 5487 vcro
1505 5447 1629 5487 eum
1687 5431 1943 5495 salutavi,
1997 5439 2051 5485 et

463 5515 698 5570 salutem
739 5519 787 5571 ei
821 5522 1081 5577 inaudarc
1116 5539 1375 5592 magnum
1411 5526 1671 5579 Acacium
1701 5522 1813 5576 dixi
1838 5564 1851 5585 ,
1913 5538 2047 5577 ocu-

463 5604 547 5661 los
578 5608 761 5663 statim
797 5612 1028 5680 apcruit.
1064 5615 1426 5686 qumsivitque
1472 5612 1749 5686 quomodo
1782 5616 2044 5681 valerem,

464 5703 521 5749 et
556 5698 778 5764 quando
836 5701 1106 5757 venissem
1159 5703 1543 5774 interrogavit,
1576 5710 1630 5759 ct
1663 5718 1787 5755 cum
1832 5704 1895 5757 ad
1934 5705 2048 5758 sin-

466 5787 591 5856 gula
635 5790 1066 5860 respondissem,
1106 5795 1300 5850 oculos
1334 5794 1532 5850 iterum
1562 5794 1784 5849 clausit.
1819 5792 2046 5851 Tribus-

2153 4603 2371 4658 Πολλῶν
2420 4600 2478 4657 δὲ
2522 4602 2854 4673 πολλαχόθεν
2909 4601 3374 4671 συνεληλυθότων,
3429 4600 3504 4663 ὡς
3535 4601 3739 4669 οάρπα-

2153 4696 2374 4767 σόμενοι
2402 4694 2463 4748 τὸ
2496 4695 2679 4765 σῶμα,
2711 4693 3007 4763 πυθόμενοι
3039 4693 3089 4745 οἱ
3113 4692 3207 4745 τοῦ
3235 4692 3443 4754 ἄστεως
3471 4691 3739 4762 συνέδρα-

2154 4807 2258 4861 μον
2285 4789 2526 4851 ἀπαντες
2547 4827 2562 4851 ,
2614 4788 2708 4841 καὶ
2748 4786 3080 4856 στρατιῶται
3106 4827 3121 4849 ,
3151 4785 3243 4837 καὶ
3285 4783 3490 4836 ίδιῶται
3510 4823 3524 4846 ,
3556 4783 3605 4836 oi
3638 4783 3740 4853 μὲν

2150 4883 2250 4956 τὴν
2298 4881 2606 4952 πολεμικὴν
2656 4879 3020 4942 ἀναλαϐόντες
3067 4876 3303 4949 σκευὴν,
3350 4877 3401 4929 οἱ
3437 4875 3496 4929 δὲ
3548 4875 3738 4939 ὅπλοις

2149 4981 2262 5042 τοῖς
2295 4974 2659 5047 προστυχοῦσι
2696 4972 3042 5044 ’χρησάμενοι
3068 4986 3081 4999 °
3128 4971 3225 5023 καὶ
3272 4963 3738 5039 συσπειραθέντες

2150 5071 2421 5140 ἐμάχοντο
2446 5108 2460 5129 ,
2495 5069 2588 5121 καὶ
2620 5067 2746 5139 βέλη
2783 5065 3037 5135 ἀφιέντες
3060 5106 3073 5127 ,
3136 5066 3233 5135 οὐχ
3287 5065 3364 5128 ὠς
3418 5063 3736 5133 πλήεοντες.

2152 5158 2270 5211 ἀλλ’
2301 5158 2379 5221 ὡς
2418 5156 2748 5227 φοϐήσοντες
2791 5155 2948 5225 μόνον
2979 5171 2992 5185 ·
3037 5154 3133 5208 καὶ
3174 5153 3317 5207 οὕτω
3346 5153 3468 5215 τοὺς
3524 5152 3738 5222 περιοί-

2153 5264 2278 5310 κους
2303 5246 2681 5312 ἐξελάσαντες,
2700 5249 2766 5317 τῇ
2793 5245 2950 5319 κλίνῃ
2982 5246 3072 5298 τὸν
3103 5244 3400 5296 πένταθλον
3426 5242 3737 5312 ἀγωνιστὴν

2152 5338 2465 5405 ἐπιθέντες,
2506 5339 2618 5392 τῶν
2672 5322 2973 5409 γινομένων
3025 5335 3278 5406 οὐδαμῶς
3319 5330 3736 5404 αἰσθανόμενον,

2152 5430 2271 5484 οὐδὲ
2328 5432 2437 5503 γὰρ
2491 5431 2593 5500 τῆς
2643 5430 2820 5501 κόμης
2876 5427 3073 5483 αὐτοῦ’
3102 5425 3425 5508 τιλλρμένης
3470 5426 3578 5479 ὐπὸ
3630 5425 3745 5478 τῶν

2152 5522 2425 5599 ἀγροίκων
2455 5521 2747 5595 ἐπῄσθετο,
2780 5522 2872 5575 ἐπὶ
2894 5521 2993 5591 τὴν
3024 5520 3178 5575 πόλιν
3217 5519 3369 5573 ἵεσαν
3395 5536 3409 5551 ’
3442 5518 3524 5582 είς
3558 5517 3613 5571 δὲ
3645 5518 3739 5571 τὸν

2154 5615 2494 5686 προφητικὸν
2523 5613 2847 5685 ἀφικόμενοι
2873 5612 3059 5683 σηκὸν,
3092 5613 3171 5673 είς
3194 5611 3255 5663 τὸ
3289 5610 3463 5680 τόθι-ῳ
3504 5609 3743 5672 πελάζον

2153 5707 2572 5777 φροντιστήριον
2619 5704 2717 5776 τὴν
2773 5704 2961 5774 κλίνην
3016 5704 3301 5758 ἀπέθεντο.
3358 5696 3501 5755 Ἶίκε
3557 5701 3613 5755 δέ.
3651 5717 3735 5762 τις

2153 5798 2233 5862 είς
2265 5797 2363 5871 τὴν
2405 5797 2695 5871 Βέρροιαν,
2726 5798 2842 5851 ἐκεῖ
2869 5798 2975 5869 γὰρ
3007 5798 3080 5850 ὢν
3120 5794 3433 5866 ἐτύγχανον,
3471 5795 3537 5848 τὰ
3572 5809 3737 5863 γεγε·-
