4074 6406
319 377 469 443 ’1437

1529 382 1939 462 RELIGIOSA
2012 383 2404 446 HISTORIA.

3479 389 3618 456 1438

331 489 548 561 νημένα
580 488 868 560 σημαίνων
890 457 1045 553 ,καὶ
1086 489 1185 560 τῆς
1234 457 1494 562 τελευτῆς
1541 458 1787 565 κομίζων
1814 492 1913 563 τὴν

2025 508 2127 562 que
2149 493 2356 565 elapsis
2385 494 2601 560 diebus,
2638 497 2869 567 rogabat
2891 496 3116 553 ubinam
3139 506 3310 555 esset.
3337 499 3493 565 Quod
3521 501 3615 558 ubi

332 582 617 653 ἀγγελίαν.
668 583 962 655 Τοιγάρτοι
1012 584 1324 655 παραυτίκα
1369 585 1593 659 δραμὼν
1617 627 1634 651 ,
1675 588 1769 641 καὶ
1819 587 1919 657 τὴν

334 676 512 731 νύκτα
565 678 749 732 πᾶσαν
809 678 891 741 είς
952 677 1266 749 ὁδοιπορίαν
1300 680 1734 749 καταναλώσας,
1783 698 1921 735 κατ-

337 768 530 822 έλαϐον
593 769 732 839 μετά
794 768 893 840 τὴν
939 769 1017 823 ἕω
1072 771 1166 824 τὸν
1212 771 1354 826 θεῖον
1403 773 1729 845 ἄνθρωπον,
1795 774 1921 828 οὕτε

336 861 730 930 φθεγγόμενον,
762 861 886 915 οὔτε
924 863 1047 917 τινὰ
1074 863 1183 916 τῶν
1213 864 1500 936 παρόντων
1529 866 1923 936 ἐπιγινώσκειν

335 953 672 1022 δυνάμενον*
716 955 793 1017 ὡς
840 955 898 1008 δέ
951 973 1014 1023 γε
1069 959 1402 1026 προσεῖπον,
1467 959 1560 1011 καὶ
1603 958 1695 1011 τὸν
1748 961 1921 1031 μέγαν

351 1045 606 1098 Ἀκάκιον
630 1044 1110 1115 προσφθέγγεσθαι
1136 1046 1299 1100 αὑτὸν
1328 1046 1484 1119 ἔφην,
1514 1049 1717 1119 ἀνέῳξε
1745 1067 1922 1122 παρα·

337 1138 529 1209 χρῆμα
561 1138 688 1200 τοὺς
722 1135 1069 1208 ὀφθαλμοὺς,
1115 1139 1210 1191 καὶ
1248 1140 1396 1203 ὅπως
1428 1138 1539 1209 ἔχω
1582 1141 1780 1212 ἤρετο,
1826 1129 1923 1197 in),

338 1229 470 1280 πότε
493 1226 613 1297 εἵην
641 1224 921 1295 ἐληλυθὼς
950 1227 1282 1281 ἐπυνθάνετο
1305 1246 1317 1259 ο
1344 1229 1477 1300 ἐμοῦ
1500 1229 1558 1284 δὲ
1582 1231 1717 1301 πρὸς
1750 1231 1924 1286 ταῦτα

339 1317 806 1388 ἀποκριναμένου,
836 1316 998 1371 πάλιν
1026 1318 1153 1380 τοὺς
1179 1318 1493 1389 ὀφθαλμοὺς
1519 1319 1710 1391 ἔμυσε.
1743 1321 1924 1392 Τριῶν

339 1410 398 1464 δὲ
428 1408 755 1463 διελθουσῶν
786 1410 1010 1483 ἡμερῶν
1032 1450 1047 1473 ,
1098 1411 1262 1480 ἦρετο
1312 1413 1436 1466 ὅποι
1488 1414 1576 1484 εἴη
1599 1429 1613 1443 ο
1652 1412 1841 1484 μαθὼν
1866 1414 1924 1471 δὲ

340 1500 462 1557 λίαν
497 1500 715 1570 ἦχθετο,
751 1501 844 1554 καὶ
894 1481 1048 1569 ηξίου
1082 1501 1401 1569 παραυτίκα
1431 1506 1513 1568 εἰς
1539 1481 1605 1557 Ῐτὸ
1635 1481 1762 1575 ὄρος
1794 1506 1928 1559 ἀπο-

342 1594 691 1665 κομίζεσθαι.
729 1594 1067 1665 Θεραπεύειν
1101 1596 1158 1649 δὲ
1208 1596 1370 1650 αὑτὸν
1408 1597 1496 1651 διὰ
1547 1598 1764 1653 πάντων
1812 1599 1930 1652 ἐθέ-

340 1686 471 1750 λων,
504 1686 669 1750 εὐθὺς
700 1686 798 1757 τὴν
828 1686 1021 1757 κλίνην
1060 1688 1433 1760 παρηγγύησα
1465 1688 1652 1761 φέρειν
1672 1730 1687 1755 ,
1722 1690 1818 1744 καὶ
1846 1692 1928 1755 είς

340 1777 403 1831 τὸ
434 1778 769 1848 ποθούμενον
819 1780 1020 1850 χωρίον
1069 1782 1451 1851 ἀποκομίζειν.
1512 1782 1645 1836 Τότε
1688 1781 1786 1853 τῆς
1834 1800 1927 1836 σε-

2020 586 2299 656 cognovit,
2341 587 2627 658 aegerrime
2659 590 2811 658 tulit,
2856 590 3144 661 oravitque
3182 601 3238 646 ιιι
3274 594 3327 646 in
3369 601 3610 663 montem

2021 678 2426 748 quamprimum
2455 679 2769 753 referretur.
2793 679 2905 752 Ego
2923 697 3053 737 vero
3073 683 3125 737 in
3143 684 3399 739 omnibus
3417 684 3492 737 illi
3515 685 3617 738 ob-

2023 770 2177 839 sequi
2213 773 2467 841 cupiens,
2495 772 2695 827 lectum
2742 788 2868 827 mox
2912 775 3051 841 tolli,
3101 785 3155 831 et
3185 791 3346 846 quem
3395 776 3619 846 optabat

2022 859 2079 913 in
2112 859 2290 914 locum
2320 860 2520 915 deferri
2557 862 2720 931 jussi.
2756 861 2894 928 '1‘an
2926 866 3175 934 perspexi
3202 882 3363 936 quam
3394 868 3621 921 minime

2025 952 2282 1021 cupidum
2318 953 2544 1009 honoris
2574 962 2719 1009 esset
2748 963 2911 1025 caput
2941 956 3156 1027 1250
3185 957 3317 1009 mihi
3344 968 3618 1012 veneran-

2025 1045 2176 1099 dum.
2196 1043 2421 1102 Postera
2433 1046 2577 1101 enim
2596 1045 2683 1102 die
2703 1047 2931 1116 ptisana:
2949 1063 3175 1101 succum
3200 1048 3273 1101 illi
3294 1048 3492 1113 ohtuli,
3517 1049 3616 1103 sed

2025 1136 2431 1207 refrigeratum.
2447 1138 2576 1207 quia
2589 1138 2826 1193 calidum
2841 1138 3140 1209 quidquam
3159 1148 3223 1215 _ut
3243 1147 3504 1202 sumeret,
3523 1141 3622 1199 atl-

2027 1229 2153 1285 duci
2173 1244 2279 1283 non
2298 1237 2532 1299 poterat,
2549 1230 2690 1301 ignis
2710 1247 2809 1285 usu
2827 1231 2929 1285 sibi
2954 1232 3169 1301 penitus
3201 1232 3514 1287 interdicto.
3547 1230 3620 1287 Et

2027 1333 2148 1375 cum
2167 1336 2386 1376 sumere
2408 1322 2709 1376 abnueret:
2731 1320 2952 1386 «Nobis,
2977 1322 3223 1391 inquam,
3248 1330 3419 1391 pater,
3441 1321 3623 1375 omni-

2026 1414 2131 1470 bus
2152 1414 2255 1469 hoc
2284 1413 2527 1498 indulge.
2557 1413 2994 1469 lncolumitatem
3020 1428 3258 1482 namque
3282 1421 3432 1466 tuam
3466 1427 3624 1467 cont-

2030 1522 2247 1563 munem
2267 1522 2391 1562 esse
2414 1508 2646 1562 salutem
2668 1507 3030 1561 arbitramur.
3057 1505 3177 1561 Non
3197 1507 3342 1561 enim
3365 1506 3623 1560 utilitatis

2026 1605 2241 1654 tantum
2272 1599 2552 1669 exemplar
2580 1600 2900 1669 propositus
2921 1615 3005 1665 es,
3030 1599 3122 1655 sed
3155 1606 3210 1653 et
3250 1598 3468 1653 orando
3496 1596 3610 1653 fers

2030 1704 2210 1761 Opem,
2243 1697 2298 1745 et
2330 1690 2573 1744 divinam
2627 1690 2789 1744 nobis
2836 1690 3276 1769 benevolentiam
3332 1688 3619 1743 concilias.

2031 1782 2188 1849 Quod
2223 1782 2267 1836 si
2291 1782 2388 1836 tibi
2419 1787 2521 1837 hoc
2558 1796 2721 1853 grave
2751 1790 2859 1847 est,
2906 1782 3037 1851 quia
3069 1782 3382 1844 insolitum,
3437 1778 3623 1850 perfer

342 1869 584 1940 ϐασμίας
609 1843 738 1940 ἐμοὶ
786 1843 1029 1941 κεφαλῆς
1058 1873 1119 1925 τὸ
1154 1843 1477 1944 ἀφιλότιμον
1507 1869 1665 1927 εἶδον.
1816 1874 1923 1945 γὰρ

2032 1876 2135 1930 hoc
2156 1875 2347 1941 etiam,
2379 1843 2709 1944 paterfdixi
2752 1891 2767 1928 :
2801 1843 2937 1928 nam-
2956 1882 3011 1927 et
3038 1873 3141 1928 hoc
3175 1886 3398 1943 quoque
3440 1843 3620 1941 genus

305 1986 312 1992 -
342 1963 605 2032 ὑστεραίᾳ
636 1963 904 2033 πτισάνης
934 1963 1084 2033 αὐτῷ
1134 1965 1298 2034 χυλὸν
1347 1968 1726 2037 προσενήνοχα
1752 1984 1924 2021 κατα-

340 2056 517 2126 ψύξεις
542 2073 553 2085 ·
587 2056 796 2128 θερμοῦ
822 2056 932 2127 γὰρ
957 2057 1167 2121 οὐδενὸς
1200 2058 1632 2129 μεταλαγχάνειν
1658 2060 1926 2130 ἠνείχετο,

341 2148 620 2212 παντελῶς
678 2148 772 2202 τοῦ
825 2150 1000 2218 πυρὸς
1045 2151 1147 2220 τὴν
1196 2151 1390 2221 χρείαν
1439 2139 1923 2223 ἀπαρνήσάμενος.

353 2242 506 2295 Ἐπεὶ
531 2241 587 2294 δὲ
626 2241 1067 2311 μεταλαμϐάνειν
1107 2243 1209 2296 οὐκ
1243 2228 1445 2313 ἠθελεέ
1490 2264 1508 2295 ι
1545 2246 1719 2299 Πᾶσιν
1771 2247 1923 2316 ἡμῖν,

340 2331 496 2401 ἔφην,
522 2325 566 2385 ὦ
595 2332 793 2403 πάτερ,
828 2332 1056 2401 μετάδος
1088 2333 1305 2403 φειδοῦς
1334 2352 1348 2367 ·
1392 2335 1578 2407 κοινὴν
1607 2336 1717 2407 γὰρ
1747 2354 1927 2405 σωτη-

342 2425 465 2495 ρίαν
490 2424 591 2493 τὴν
619 2423 720 2495 σὴν
754 2424 969 2491 ὑγιείαν
1006 2425 1310 2495 ἡγούμεθα.
1344 2428 1417 2481 Ού
1446 2429 1554 2500 γὰρ
1585 2430 1744 2499 μόνον
1777 2429 1926 2499 ώφε-

338 2516 488 2580 λείας
517 2518 827 2587 ἀρχέτυπον
853 2517 1164 2587 πρόκεισαι,
1196 2519 1333 2572 ἀλλὰ
1362 2521 1457 2573 καὶ
1486 2521 1926 2593 προσευχόμενος

338 2608 659 2678 ὲπαμύνεις,
694 2611 788 2663 καὶ
814 2611 915 2679 τὴν
940 2608 1089 2662 θείαν
1124 2611 1255 2680 ήμίν
1289 2613 1582 2682 εὐμένειαν
1615 2613 1921 2683 προξενεῖς.

338 2701 407 2755 EI
434 2700 491 2754 δέ
525 2718 585 2754 σε
616 2702 905 2755 ἀποκναίει
936 2704 998 2757 τὸ
1039 2694 1208 2774 ἄηθες
1234 2744 1247 2766 ,
1298 2705 1393 2757 καὶ
1422 2703 1581 2758 τοῦτο
1606 2747 1619 2770 ,
1670 2704 1807 2774 ἔφην
1832 2746 1847 2766 ,
1879 2699 1925 2759 ὦ

338 2793 535 2863 πάτερ,
572 2793 951 2865 καρτὲρησονο
999 2791 1140 2860 εἶδος
1192 2795 1302 2867 γὰρ
1361 2799 1455 2851 καὶ
1498 2796 1656 2851 τοῦτο
1710 2797 1927 2867 φιλοσο-

338 2884 486 2953 φίας.
514 2886 728 2957 Ὥσπερ
763 2887 872 2959 γὰρ
896 2887 1154 2956 ὑγιαίνων
1181 2890 1388 2959 τροφῆς
1420 2890 1704 2960 ἐφιέμενος
1739 2891 1924 2954 ὲνίκας

336 2981 402 3050 τῇ
437 2979 704 3051 καρτερίᾳ
738 2980 837 3050 τὴν
886 2979 1071 3049 ἔφεσιν
1095 2997 1109 3012 ’
1156 2980 1299 3034 οῦτω
1362 2981 1457 3035 νῦν
1505 2983 1705 3053 ἥκιστα
1738 2982 1928 3053 ὀρεγό-

342 3088 526 3141 μενος,
560 3071 659 3142 τὴν
706 3071 807 3141 τῆς
840 3072 1199 3142 μεταλήψεως
1242 3074 1538 3144 καρτερίαν
1571 3073 1860 3138 ἐπίδειξαι.
1900 3092 1919 3125 ι

2029 1975 2114 2022 est
2148 1966 2524 2037 philosophia).
2559 1964 2715 2020 Sicut
2763 1965 2909 2019 enim
2941 1979 3066 2019 cum
3103 1978 3287 2020 'sanus
3335 1978 3509 2027 esses,
3541 1963 3623 2017 ci-

2030 2059 2271 2129 bumque
2350 2066 2682 2128 appeteres,
2750 2057 3043 2112 tolerantia
3099 2056 3361 2111 vincebas
3412 2055 3622 2126 appeti-

2026 2158 2142 2204 tum
2182 2167 2197 2205 :
2234 2151 2308 2204 ita
2337 2164 2487 2204 nune
2516 2165 2653 2204 cum
2672 2149 2919 2209 minime
2945 2150 3184 2219 appetis,
3220 2148 3493 2204 sumendo
3530 2156 3620 2202 to-

2030 2242 2318 2298 lerantiam
2381 2241 2641 2297 ostende.
2671 2259 2692 2294 »
2725 2240 2953 2307 Aderat,
3014 2256 3138 2297 cum
3187 2240 3302 2295 haec
3354 2239 3617 2306 dicerem,

2026 2334 2195 2387 homo
2226 2331 2322 2386 Dei
2354 2331 2781 2403 Polychronius,
2833 2330 2928 2401 qui
2985 2332 3220 2385 orationi
3265 2346 3399 2386 meae
3454 2331 3622 2385 obse-

2025 2424 2301 2491 cundans,
2331 2423 2566 2492 primum
2618 2421 2681 2478 id'
2705 2438 2925 2479 sumere
2972 2438 3031 2478 se
3073 2423 3210 2477 velle
3260 2422 3418 2485 dixit,
3453 2422 3621 2493 idque

2025 2531 2187 2574 mane
2213 2530 2337 2569 cum
2365 2523 2533 2579 esset,
2565 2530 2630 2570 ac
2657 2502 2959 2586 smpe'post
3003 2514 3124 2572 dies
3159 2525 3369 2584 septem
3399 2530 3611 2585 corpus

2025 2608 2172 2663 alere
2202 2609 2427 2665 soleret.
2458 2607 2654 2664 Victus
2684 2623 2819 2679 ergo
2851 2609 2936 2664 his
2985 2608 3359 2672 sermonibus,
3413 2609 3621 2664 clausis

2023 2700 2225 2765 oculis,
2265 2700 2413 2770 quod
2449 2700 2503 2754 in
2541 2702 2747 2760 amaris
2780 2700 3099 2771 potionibus
3123 2699 3305 2754 facere
3341 2699 3605 2762 solemus,

2026 2795 2178 2850 succi
2204 2795 2474 2865 scyphum
2509 2810 2679 2849 unum
2707 2795 2899 2850 ebibit.
2922 2795 3195 2859 Quoniam
3228 2800 3413 2847 autem
3447 2793 3618 2863 pedes

2026 2888 2305 2956 ‘quoque,
2342 2886 2434 2955 qui
2486 2895 2704 2955 propter
2738 2885 3076 2940 debilitatem
3115 2883 3400 2939 incedendi
3445 2899 3603 2939 usum

1980 3033 1985 3037 .
2027 2979 2351 3042 amiserant,
2394 2987 2455 3032 ut
2494 2993 2637 3047 aqua
2700 2977 2912 3031 lavaret
2968 2978 3371 3047 persuasimus.
3435 2990 3618 3045 operas

2028 3070 2268 3142 pretium
2313 3070 2572 3125 existimo
2616 3069 2761 3123 hanc
2817 3068 2981 3123 etiam
3042 3068 3163 3136 ejus
3212 3068 3619 3137 philosophiam

338 3162 526 3217 Ταῦτά
554 3179 648 3232 μοι
669 3162 879 3231 λέγοντι
909 3164 1209 3234 συμπαρῆν
1242 3166 1339 3218 καὶ
1367 3168 1394 3218 ὁ
1423 3165 1516 3218 τοῦ
1545 3164 1682 3218 Θεοῦ
1713 3165 1923 3236 ἀνθρω-

2029 3163 2267 3232 aperire.
2327 3160 2387 3215 In
2426 3159 2710 3230 prepatulo
2767 3158 2916 3213 enim
2962 3158 3123 3228 juxta
3173 3167 3291 3212 erat
3347 3159 3617 3228 scyphus.

338 3273 438 3318 πος
498 3254 859 3326 Πολυχρόντος
885 3294 900 3318 ,
944 3254 1003 3317 ὃς
1051 3254 1128 3325 τῷ
1182 3254 1326 3325 λόγῳ
1396 3257 1922 3328 συναγωνιζόμενος,

337 3346 499 3409 αὐτὸς
532 3345 751 3415 πρῶτος
780 3345 1222 3415 μεταλαμϐάνειν
1248 3346 1408 3416 ηθελε
1438 3348 1538 3417 τῆς
1569 3349 1798 3418 τροφῆς,
1829 3350 1926 3402 καὶ

336 3434 510 3488 ταῦτα
538 3434 738 3506 ὄρθρου
780 3434 968 3498 ὄντος,
1008 3434 1063 3498 ὃς
1101 3434 1364 3498 πολλάκις
1410 3435 1479 3489 δι’
1516 3437 1660 3489 ἑπτά
1696 3437 1925 3509 ἡμερῶν

335 3526 398 3579 τὸ
460 3524 627 3595 σῶμα,
668 3519 970 3595 διέτρεφεν.
1046 3517 1330 3595 Ἡττηθεὶς
1382 3526 1566 3580 τοίνυν
1610 3526 1689 3597 τῷ
1753 3527 1921 3599 λόγῳ,

341 3616 472 3687 μίαν
507 3617 602 3670 τοῦ
638 3616 801 3687 χυλοῦ
841 3616 1115 3687 μεμυκόσι
1149 3619 1264 3680 τοῖς
1295 3608 1596 3687 ὀφθαλμοῖς
1628 3619 1923 3688 παρεπέμ-

335 3710 477 3780 ψατο
506 3708 704 3762 κύλικα
724 3749 736 3771 ,
771 3711 907 3779 ὅπερ
951 3712 1125 3763 ποιεῖν
1156 3710 1247 3763 ἐπὶ
1286 3712 1396 3762 τῶν
1428 3711 1642 3783 πικρῶν
1674 3711 1923 3780 ποτίμων

338 3800 631 3872 εἰώθαμεν.
677 3800 899 3872 Ἐπειδὴ
932 3800 989 3854 δὲ
1025 3802 1118 3855 καὶ
1154 3801 1281 3864 τοὺς
1315 3801 1482 3865 πόδας
1508 3842 1522 3864 ,
1566 3801 1628 3855 τὸ
1679 3801 1916 3870 βαδίζειν

339 3894 399 3959 ἐξ
429 3893 648 3957 ἀτονίας
690 3893 1061 3957 ἀπολέσαντας
1086 3933 1100 3956 ,
1147 3894 1302 3948 ὕδατι
1334 3894 1522 3964 βρέξαι
1556 3892 1919 3963 πεπείκαμεν,

337 3987 615 4059 προῦργον
645 3986 852 4056 νομίζω
894 3986 989 4039 καὶ
1029 3987 1233 4065 ταύτην
1266 3985 1430 4040 αὑτοῦ
1461 3985 1556 4056 τὴν
1604 3986 1921 4057 φιλοσοφίαν

336 4080 648 4151 γυμνῶσαι.
685 4078 990 4150 Παρέκειτο
1042 4079 1139 4148 μὲν
1176 4079 1285 4150 γὰρ
1332 4079 1562 4150 πλησίον
1605 4081 1632 4132 ὁ
1680 4079 1918 4147 σκύφος·

338 4170 605 4244 ἐπειράθη
636 4171 695 4224 δέ
723 4188 804 4234 τις
832 4169 939 4222 τῶν
967 4170 1359 4224 διακονούντων
1387 4171 1583 4243 φορμῷ
1607 4190 1711 4226 τινι
1733 4171 1923 4229 τοῦτον

340 4256 706 4334 συγκαλύψαι,
739 4263 815 4327 ὡς
863 4262 938 4333 μὴ
981 4262 1140 4332 δῆλος
1188 4264 1273 4334 εἴη
1315 4266 1427 4326 τοῖς
1470 4265 1598 4335 παρ’
1626 4263 1788 4317 αὐτὸν
1815 4264 1923 4333 ἀφ-

343 4357 697 4427 ικνουμένοις.
715 4355 774 4407 'U
794 4354 877 4407 δέ·
908 4373 926 4405 ι
950 4354 1014 4408 Τί
1033 4354 1347 4418 καλύπτεις,
1364 4355 1490 4427 ἔφη,
1516 4354 1833 4424 τὸν’σκύφον
1858 4370 1873 4421 ;
1900 4372 1918 4405 ι

341 4452 448 4506 Τοῦ
476 4452 534 4506 δὲ
565 4449 849 4520 εἰρηκότος
879 4464 891 4479 ο
922 4466 941 4499 ι
985 4448 1071 4510 Ὠς
1106 4446 1181 4518 μὴ
1212 4446 1515 4517 παράκοιτο
1529 4450 1647 4509 τοῖς
1670 4447 1929 4516 ἀφικνου-

2026 3255 2205 3322 llunc,
2238 3271 2307 3309 ne
2345 3253 2759 3309 adventantium
2791 3251 2968 3306 oculis
3018 3257 3248 3319 pateret,
3306 3258 3496 3318 sporta
3531 3256 3616 3304 te-

2024 3364 2153 3421 gere
2213 3348 2435 3418 quidam
2487 3363 2518 3402 e
2558 3344 2830 3400 ministris
2865 3353 3099 3400 conatus
3132 3352 3236 3398 est.
3293 3341 3432 3396 Tum
3482 3341 3619 3397 ille:

2030 3460 2049 3492 ι
2079 3438 2220 3506 Quid
2250 3438 2520 3510 scyphum
2564 3435 2848 3492 occultas?
2873 3453 2892 3486 ι
2930 3433 2994 3487 Ει
3022 3449 3147 3488 cum
3182 3433 3561 3503 respondisset
3593 3450 3607 3488 :

2030 3530 2140 3585 «Ne
2160 3531 2503 3600 conspicuus
2520 3530 2593 3584 sit
2616 3529 2686 3582 iis
2705 3528 2796 3596 qui
2821 3526 2887 3580 ad
2911 3526 3374 3580 te-veniutit.i-4«
3403 3524 3616 3595 Apage,

2022 3622 2225 3691 inquit,
2276 3621 2351 3674 ﬁli
2394 3661 2410 3686 ,
2476 3636 2547 3674 ne
2609 3618 2931 3674 hominibus
2992 3617 3303 3673 abscondas
3368 3632 3432 3673 ea
3490 3632 3614 3685 qua:

2035 3714 2427 3769 universorum
2476 3711 2588 3766 Deo
2648 3709 2939 3764 manifesta
2991 3716 3143 3764 sunt.
3189 3707 3274 3761 llli
3333 3709 3478 3763 enim
3510 3710 3616 3764 soli

2022 3802 2221 3860 vivere'
2307 3803 2556 3873 cupiens,
2650 3802 2947 3855 humanam
3039 3798 3273 3870 gloriam
3371 3807 3619 3855 contem-

2021 3898 2130 3969 psi.
2213 3897 2367 3963 Qnod
2425 3896 2572 3951 enim
2634 3902 2718 3949 est
2772 3893 3234 3956 emolumentum,
3300 3882 3346 3947 si
3421 3892 3617 3961 majori

2028 3988 2238 4063 1241
2298 3987 2696 4043 exercitatione
2752 4001 2913 4040 usum
2971 4000 3058 4039 me
3089 3985 3283 4039 sciant
3320 3983 3434 4048 isti,
3470 3982 3618 4037 Deus

2025 4094 2209 4138 autem
2243 4082 2455 4136 minore
2488 4079 2813 4134 ?Laborum
2851 4077 3127 4133 mercedis
3164 4077 3216 4131 hi
3248 4076 3472 4131 datores
3501 4091 3615 4130 non

2025 4186 2177 4243 sunt,
2207 4174 2302 4231 sed
2336 4176 2477 4229 Ueus
2509 4172 2741 4243 largitor
2766 4180 2872 4227 est.
2912 4189 2931 4221 ι
2976 4170 3112 4235 Quis
3146 4184 3277 4239 ergo
3309 4183 3417 4222 non
3443 4182 3614 4236 supra

2028 4271 2247 4324 modum
2308 4266 2611 4321 admiretur
2648 4274 2764 4319 tum
2799 4265 2989 4330 verba,
3024 4272 3137 4318 tum
3193 4261 3489 4316 verborum
3519 4275 3614 4329 pa-

2027 4369 2240 4418 rentem
2274 4360 2424 4415 illius
2484 4366 2746 4421 mentem,
2789 4366 2944 4410 tanto
2975 4356 3213 4415 humana
3249 4354 3421 4424 gloria
3449 4367 3615 4420 supe—

2028 4446 2272 4509 riorem?
2316 4451 2509 4507 Simile
2567 4449 2848 4520 quidpiam
2916 4450 3054 4504 alias
3135 4462 3354 4516 quoque
3409 4446 3610 4499 factum

341 4545 525 4613 μεζνοις
548 4544 626 4605 είς
651 4541 906 4611 θεωρίαν.
922 4559 940 4592 ι
960 4569 1028 4582 —~
1048 4559 1065 4591 ι
1084 4541 1319 4606 Ἄπαγε,
1341 4532 1527 4610 ἕφη,ὧ
1551 4542 1669 4604 παῖ,
1698 4538 1772 4609 μὴ
1796 4537 1923 4610 κρύ-

2030 4548 2272 4604 memini.
2299 4545 2538 4616 Vespera
2562 4551 2701 4606 erat,
2720 4549 2775 4597 et
2800 4541 3022 4612 quidem
3042 4537 3333 4609 profunda,
3365 4544 3613 4605 tempus-

341 4653 441 4689 πτε
480 4632 794 4707 ἀνθρώποις
835 4630 903 4684 τὰ
944 4630 1023 4700 τῷ
1064 4629 1184 4699 Θεῷ
1229 4630 1340 4683 τῶν
1382 4630 1519 4683 ὅλων
1556 4628 1922 4699 δεδηλωμένα.

337 4728 564 4797 Ἐκείνῳ
595 4725 706 4797 γὰρ
749 4724 846 4794 ζῇν
882 4722 1028 4803 μόνῳ
1058 4721 1402 4792 βουλόμενος,
1450 4721 1550 4792 τῆς
1577 4722 1926 4792 ἀνθρωπίνης

336 4819 397 4873 οὗ
430 4817 770 4887 πεφρόντικα
801 4814 980 4881 δόξῃς.
1005 4812 1069 4865 Τί
1091 4811 1201 4883 γὰρ
1221 4812 1435 4880 ὄφελος,
1465 4813 1514 4864 εί
1537 4806 1684 4888 οζιτοι
1710 4812 1811 4883 μέν
1835 4829 1925 4883 μοι

337 4910 560 4963 πλείονα
600 4893 883 4975 συγγνοῖεν
923 4905 1177 4973 ἄσκησιν,
1219 4905 1247 4957 ό
1286 4903 1346 4956 δὲ
1392 4903 1523 4968 Θεὸς
1566 4904 1796 4973 μείονα;
1831 4902 1925 4958 τοῦ

337 5003 445 5074 γὰρ
471 5000 613 5069 ὑπὲρ
641 4999 750 5052 τῶν
790 4997 967 5050 πόνων
998 4995 1190 5065 μισθοῦ
1219 4996 1316 5066 οὐχ
1348 4991 1492 5051 οὗτοι
1517 4996 1762 5067 δοτῆρες,
1809 4996 1924 5051 ἀλλ’

336 5097 364 5148 ό
401 5093 535 5155 Θεὸς
587 5091 842 5163 χορηγός.
871 5110 889 5139 ι
927 5088 1024 5152 Τίς
1067 5088 1245 5141 τοίνυν
1288 5088 1388 5141 οὐκ
1415 5088 1482 5142 ἂν
1514 5090 1925 5161 ύπεραγασθείη

336 5183 433 5235 καὶ
479 5184 605 5243 τοὺς
656 5180 868 5246 λόγους,
916 5179 1012 5231 καὶ
1060 5178 1152 5230 τὸν
1180 5179 1309 5242 τοὺς
1351 5178 1545 5245 λόγους
1588 5180 1926 5251 γεννήσαντα

336 5271 483 5334 νοῦν,
498 5270 643 5325 οὕτω
662 5269 819 5340 δόξης
835 5267 1184 5338 ἀνθρωπίνης
1202 5268 1570 5339 γεγενημένον
1593 5269 1916 5343 ὑπέρτερον;

336 5362 593 5417 Τοιοῦτόν
658 5378 712 5413 τι
778 5360 873 5413 καὶ
926 5360 1112 5414 ἄλλοτε
1172 5359 1538 5430 γεγενημένον
1603 5361 1921 5433 μεμάθηκα.

350 5455 595 5525 Ἐσπέρα
638 5448 728 5524 ἦν,
764 5452 858 5505 καὶ
897 5452 1108 5523 ἑσπέρα
1147 5451 1361 5523 βαθεῖα.
1399 5451 1495 5505 καὶ
1532 5453 1633 5523 τῆς
1665 5455 1869 5523 τροφῆς
1895 5454 1924 5506 ό

341 5544 553 5616 καιρός.
605 5542 800 5598 Λαϐὼν
852 5542 1031 5596 τοίνυν
1064 5543 1123 5596 τὸ
1175 5543 1583 5614 παρακείμενον
1632 5543 1921 5617 ὄστρακον,

341 5639 433 5694 τοῦ
462 5637 756 5709 βραχέντος
786 5636 962 5705 φακοῦ
998 5634 1410 5706 μετελάμϐανε·
1440 5635 1643 5709 ταύτην
1669 5637 1778 5709 γὰρ
1806 5632 1922 5709 εἶχε

343 5730 440 5803 τὴν
463 5731 690 5801 τροφήν.
726 5723 870 5782 Ἦκε
896 5727 953 5781 δέ
974 5745 1055 5791 τις
1078 5728 1187 5781 ἀπὸ
1219 5727 1313 5781 τοῦ
1349 5728 1580 5794 anew"
1635 5730 1921 5800 εἴσπραξίν

338 5836 461 5877 τινα
513 5818 908 5892 στρατιωτικὴν
952 5819 1479 5891 ὲμπεπιστευμένος.
1511 5820 1567 5874 '0
1584 5821 1638 5874 δὲ
1668 5822 1762 5875 καὶ
1789 5823 1920 5895 πόρ-

2027 4653 2133 4709 que
2164 4636 2383 4691 edendi.
2416 4636 2646 4703 Arrepta
2680 4647 2810 4700 ergo
2842 4618 2982 4686 testa
3037 4627 3312 4697 apposita,
3364 4625 3608 4680 madefa-

2027 4738 2171 4785 ctam
2195 4729 2395 4784 lentem
2421 4728 2690 4796 sumpsit:
2719 4725 2821 4779 hoc
2840 4723 2964 4777 cibo
2976 4721 3323 4775 vescebatur.
3346 4716 3613 4772 Veniebat

2028 4830 2209 4874 autem
2244 4826 2356 4872 tum
2388 4833 2452 4872 ex
2485 4820 2622 4872 nrhe
2646 4815 2890 4886 quidam,
2934 4811 3026 4867 cui
3061 4810 3321 4865 militaris
3359 4808 3609 4879 quit-dam

2026 4911 2325 4968 commissa
2359 4910 2542 4965 fuerat
2594 4907 2832 4962 exactio.
2869 4904 3030 4959 Hunc
3059 4903 3449 4957 adventantem
3484 4913 3610 4969 pro-

2027 5004 2115 5060 cul
2153 5018 2413 5065 cernens,
2463 4990 2662 5056 lentem
2712 5014 2824 5053 non
2855 4995 3132 5066 deposuit,
3166 4994 3262 5049 sed
3324 4993 3506 5045 cibum
3543 4991 3614 5045 de

2026 5110 2176 5149 more
2194 5092 2466 5163 capiebat.
2496 5090 2703 5145 Etcum
2731 5087 2993 5144 daemonis
3022 5097 3302 5156 spectrum
3322 5096 3449 5139 esse
3477 5096 3612 5136 con—

2021 5185 2233 5257 jit'eret,
2266 5183 2449 5256 verbis
2480 5181 2859 5237 insectabatur
2905 5187 2965 5235 ut
2997 5179 3231 5241 hostem,
3263 5190 3327 5229 ac
3379 5174 3511 5228 nihil
3539 5176 3610 5227 ti-

2026 5273 2177 5333 mere
2210 5291 2269 5331 se
2290 5274 2610 5335 ostendens,
2643 5275 2844 5328 lentem
2878 5271 3104 5327 interim
3132 5269 3215 5323 ori
3251 5267 3605 5322 admovebat.

2025 5366 2363 5424 Obsecrabat
2392 5375 2577 5419 autem
2613 5364 2705 5432 qui
2745 5364 3018 5418 conviciis
3046 5361 3428 5432 appetebatur,
3465 5367 3517 5413 et
3552 5375 3611 5414 se

2025 5459 2443 5514 hominemesse
2465 5455 2791 5523 aﬂirtnabat,
2817 5455 3223 5527 astrictutnque
3242 5452 3609 5524 jurejurando

2025 5551 2266 5622 quodex
2298 5549 2441 5605 urbe
2461 5556 2591 5602 ante
2630 5562 2914 5617 vesperam
2952 5546 3281 5610 discederet,
3333 5545 3437 5598 hoc
3467 5552 3609 5597 tum-

2025 5658 2160 5714 pore
2192 5641 2434 5697 venisse.
2472 5639 2592 5708 Ipse
2614 5654 2770 5701 vero,
2821 5658 2838 5689 ι
2873 5638 3024 5692 Bono
3052 5639 3131 5693 sis
3162 5639 3370 5701 animo,
3407 5636 3608 5706 inquit,

2026 5750 2130 5791 nec
2155 5736 2374 5799 timeas,
2403 5733 2498 5789 sed
2531 5750 2626 5789 ora
2661 5743 2714 5787 et
2739 5732 2852 5787 abi.
2907 5729 3122 5786 Mecum
3153 5737 3333 5792 autem
3359 5730 3605 5799 epulare.

2027 5834 2081 5883 et
2150 5826 2320 5898 dapes
2358 5825 2665 5897 participa:
2719 5842 2736 5876 ι
2777 5831 2830 5879 et
2861 5823 2979 5894 lucc
3028 5822 3218 5877 dicens
3261 5820 3463 5876 lentem
3528 5816 3609 5872 illi
