4074 6418
296 438 430 503 1441

1497 442 1908 501 RELIGIOSA
1977 445 2366 504 HISTORIA.

3446 441 3582 504 14ίὲ

299 551 460 604 «ἀντὶ
509 549 601 603 τοῦ
658 549 880 620 ἀγαπᾷν
921 567 988 619 με
1010 591 1022 614 ,
1052 567 1069 600 ι
1116 549 1468 620 προφητικῶς
1500 553 1673 602 εἰπεῖν
1699 594 1712 614 ,
1760 570 1775 600 σ
1808 551 1892 603 ἐν-

2002 555 2298 624 diligerent
2333 569 2440 620 me,
2492 573 2510 606 )
2545 553 2829 624 Propheta
2866 563 2924 608 ut
2955 554 3139 609 verbis
3174 555 3388 624 loquar,
3430 577 3447 607 ι
3482 555 3581 610 de-

293 641 576 696 διέβοιλλὸν
613 660 700 712 με,
743 643 838 695 κοιλ⁸
868 641 1053 694 ἔθεντο
1087 644 1206 696 κατ’
1250 641 1382 711 ἐμοῦ
1415 643 1563 695 κακὰ
1603 645 1722 694 ἀντὶ
1750 645 1890 710 ἁγα-

297 730 428 798 θῶν,
478 731 575 784 καὶ
621 733 774 802 μῖσος
825 731 946 784 ἀντὶ
990 732 1089 800 τῆς
1144 729 1477 801 ἀγαπήσεως
1528 748 1670 801 μου·
1727 751 1744 782 ι
1797 734 1892 784 καὶ

297 825 584 892 γοητικαῖς
607 820 881 893 χρώμενοι
918 821 1314 892 μαγγανείαις,
1345 823 1436 874 καὶ
1458 822 1673 892 δαίμοσι
1707 840 1885 894 ηπονη-

298 918 409 987 ροῖς
441 915 724 984 συνεργοῖς
755 914 1104 984 κεχρημένοι,
1154 914 1410 984 ἀοράτως
1456 916 1712 984 πολεμεῖν
1742 918 1887 968 ὲπει-

296 998 488 1078 ρῶντο.
549 1007 657 1060 Καί
697 1023 828 1058 ποτε
873 1007 1091 1077 νύκτωρ
1128 1002 1232 1079 ἧκέ
1294 1025 1376 1068 τις
1424 1007 1560 1076 βοῶν
1615 1007 1892 1077 ἀλιτήριος

293 1109 530 1178 δαίμων,
545 1108 636 1159 καὶ
659 1109 724 1177 τῇ
750 1107 898 1176 Σύρα
917 1102 1257 1174 κεχρημένος
1275 1103 1425 1170 φωνῇ
1445 1117 1456 1128 ·
1488 1120 1504 1150 ι
1528 1099 1592 1152 Τί
1614 1099 1889 1168 πολεμεῖς,

293 1201 508 1264 ὀδεῖνα,
567 1199 895 1270 Μαρκίωνι;
945 1197 994 1250 τί
1023 1197 1224 1268 δήποτε
1257 1195 1314 1247 δὲ
1353 1187 1451 1264 τὴν
1509 1192 1644 1264 πρὸς
1703 1191 1890 1243 τοῦτον

295 1293 606 1358 ἀναδέδεξαι
632 1293 812 1361 μάχην
839 1307 852 1356 ;
878 1289 926 1343 τί
950 1306 1031 1344 σοι
1054 1287 1298 1359 λυπηρὸν
1319 1286 1616 1358 εἰργάσατο
1639 1276 1889 1348 πώποτες

297 1383 474 1435 Λῦσον
515 1383 616 1434 τὸν.
645 1383 906 1450 πόλεμον,
958 1380 1312 1433 κατάπαυσον
1339 1378 1438 1446 τὴν
1471 1376 1794 1445 δυσμένειαν
1819 1391 1830 1404 ⁸
1857 1375 1890 1445 ἢ

294 1477 361 1546 τῇ
397 1474 563 1545 πείρα
596 1474 830 1544 μαθήσει
854 1474 976 1526 ὅσον
1012 1471 1174 1526 καλὸν
1223 1471 1454 1542 ἡσυχία.
1500 1464 1573 1521 Εὖ
1605 1467 1714 1528 ἴσθι
1762 1467 1892 1536 γὰρ,

295 1569 371 1630 ὡς
393 1567 562 1618 πάλαι
593 1567 655 1620 ἄν
686 1584 743 1617 σε
773 1565 1164 1634 κατηκόντισα,
1196 1566 1243 1616 εἰ
1279 1563 1352 1633 μὴ
1397 1562 1488 1614 τὸν
1522 1561 1629 1614 τῶν
1689 1560 1895 1631 μαρτύ-

295 1677 408 1729 ρων
465 1658 628 1728 χορὸν
685 1658 782 1710 σὺν
824 1655 1067 1725 Ἰακώϐῳ
1136 1654 1482 1726 φρουροῦντα
1519 1672 1577 1707 σε
1630 1653 1839 1723 ἐώρων.
1869 1672 1887 1704 ι

298 1754 548 1804 Ἤκουσα
586 1750 791 1802 τούτων
824 1749 953 1818 ἐγὼ,
995 1750 1090 1801 καί
1122 1766 1229 1801 τινι
1254 1749 1362 1800 τῶν
1401 1747 1701 1818 γνωρίμων
1758 1746 1896 1816 πλη-

297 1845 410 1897 σίον
441 1844 754 1897 καθεύδοντι
787 1860 800 1873 ’
843 1863 860 1896 ι
901 1843 1168 1906 Ἀκούεις,
1210 1841 1368 1912 ἔφην,
1394 1843 1421 1894 ὁ
1448 1842 1617 1904 δεῖνα,
1668 1839 1781 1894 τῶν
1806 1840 1896 1892 λε-

1995 648 2288 700 trahebant
2331 647 2484 709 mihi,
2527 656 2582 700 et
2617 657 2922 717 posuerunt
2964 647 3392 703 adversum.me
3440 649 3582 702 mala

1999 748 2096 806 pro
2131 738 2311 802 bonis,
2341 745 2394 792 ct
2419 739 2606 792 odium
2640 755 2738 808 pro
2767 739 3065 794 dilectione
3121 750 3319 796 meas:
3358 757 3375 790 ι
3415 742 3585 809 magi~

1995 830 2184 899 cisque
2247 830 2542 899 prmstigiis
2598 831 2704 895 usi,
2754 839 2809 885 et
2854 831 3220 900 pessimorum
3273 831 3584 885 daemonum

1996 923 2261 976 auxilium
2290 906 2652 988 ascisccntes,
2684 924 2963 978 invisibile
2986 923 3188 977 bellum
3220 922 3423 977 inferre
3448 938 3586 978 con-

1997 999 2320 1066 tendebant.
2356 1011 2630 1082 Venitque
2668 1014 2971 1083 aliquando
3001 1017 3017 1031 ⁶
3046 1013 3116 1066 de
3146 1022 3306 1068 nocte
3347 1013 3587 1068 exitialis

1995 1105 2218 1174 quidam
2265 1104 2482 1160 daemon
2533 1106 2806 1168 clamans,
2838 1114 2892 1160 et
2936 1105 3073 1176 Syra
3125 1105 3356 1174 loquens
3407 1120 3583 1158 voce:

2002 1213 2019 1244 ι
2063 1194 2205 1260 Quid
2253 1199 2391 1251 lieus
2438 1208 2495 1250 tu
2547 1197 2752 1251 bellum
2793 1197 2937 1267 geris
2973 1213 3095 1258 eum
3135 1195 3451 1249 Marcione?
3487 1201 3620 1250 cur"

1997 1287 2218 1343 tandem
2251 1305 2376 1343 cum
2403 1290 2497 1343 illo
2525 1290 2670 1343 hanc
2707 1289 2947 1358 pu‘gnam'
2973 1289 3311 1359 suscepisti?
3337 1287 3468 1357 quid
3496 1287 3588 1342 ille

2000 1381 2099 1434 tibi
2134 1382 2402 1436 molestia:
2433 1387 2662 1444 creavit,
2704 1384 2931 1451 inquam
2956 1382 2976 1435 ἲ
3004 1382 3214 1436 Bellare
3245 1381 3452 1443 desine,
3483 1380 3589 1433 iui-

2000 1469 2238 1522 mieitias
2270 1468 2506 1539 depone,
2556 1479 2651 1523 aut
2685 1470 3040 1537 experientia
3092 1471 3276 1522 disces
3321 1478 3587 1537 quantum

1999 1559 2204 1614 bonum
2240 1561 2314 1615 sit
2347 1561 2527 1630 quies.
2570 1560 2723 1616 Scito
2764 1562 2909 1616 enim
2944 1561 3092 1630 quod
3145 1573 3195 1615 te
3225 1561 3337 1628 jam
3376 1559 3588 1630 pridem

1999 1645 2400 1718 confodissem,
2426 1653 2533 1704 nisi
2563 1661 2862 1722 martyrum
2895 1653 3123 1705 chorum
3157 1666 3281 1702 cum
3307 1649 3514 1704 Jacobo
3540 1657 3590 1701 te

1999 1748 2381 1804 custodientes
2419 1749 2708 1803 vidissem.
2755 1765 2772 1798 ι
2813 1746 2935 1800 llaec
2985 1761 3085 1816 ego
3124 1745 3333 1808 audivi,
3378 1751 3432 1796 et
3475 1742 3593 1796 cui-

2001 1842 2196 1902 dam_e
2239 1840 2632 1901 familiaribus,
2679 1839 2772 1908 qui
2825 1839 2985 1905 juxta
3034 1836 3432 1892 dormiebat”
3479 1833 3593 1885 Au-

295 1938 541 2007 γομένων
577 1952 590 2000 ;
621 1955 638 1986 ι
678 1935 733 1987 Ὁ
761 1934 817 1986 δέ
843 1955 855 1964 -
895 1954 912 1984 ί
944 1935 1189 1996 Πάντων,
1245 1930 1420 1998 εἶπεν,
1457 1933 1742 2002 ἐπήκουσα
1768 1939 1779 1959 "
1802 1931 1894 1983 καὶ

2000 1936 2178 1998 disne,
2209 1936 2456 2004 inquam,
2489 1949 2611 2000 qua:
2655 1932 2958 1986 dicuntur?
2997 1950 3014 1982 ι
3048 1939 3100 1984 et
3132 1930 3222 1990 ille
3263 1946 3274 1982 :
3311 1947 3329 1979 ι
3368 1925 3589 1988 Omnia,

294 2029 643 2097 διαναστῆναι
702 2026 1050 2097 βουλόμενος,
1091 2026 1185 2079 καὶ
1223 2025 1506 2095 διακύψαι,
1563 2026 1655 2077 καὶ
1688 2024 1893 2092 γνῶναι

293 2124 374 2188 τίς
396 2127 422 2178 ὁ
456 2123 849 2192 φθεγγόμενος,
885 2121 981 2173 σοῦ
1034 2122 1194 2191 χάριν
1232 2119 1464 2191 ἡσυχίαν
1493 2115 1628 2190 ἦγον
1652 2159 1665 2182 ,
1703 2117 1898 2171 καθεύ-

295 2217 405 2270 δειν
472 2235 531 2268 σε
573 2217 839 2278 τοπάσας.
871 2235 887 2266 ι
929 2213 1288 2276 ’Λναστὰντες
1340 2212 1557 2275 τοίνυν,
1619 2211 1786 2282 ἄμφω
1836 2229 1894 2263 τε

295 2308 678 2376 διεκύπτομεν,
711 2307 805 2358 καὶ
837 2305 1030 2358 οὐδένα
1053 2303 1174 2357 οὗτε
1194 2302 1546 2373 κινούμενον,
1577 2300 1700 2354 οὕτε
1731 2301 1892 2370 ιρθεγ-

295 2399 525 2467 γόμενον
555 2397 832 2465 ἠκούομεν
854 2413 866 2425 ·
905 2395 1012 2448 τῶν
1048 2395 1104 2447 δὲ
1139 2394 1399 2466 ῥημάτων
1454 2392 1679 2445 ἐκείνων
1722 2389 1817 2445 καί
1846 2393 1894 2444 οἱ

295 2491 443 2544 ἄλλοι
474 2489 632 2560 ἡμῶν
670 2489 984 2559 ἐπήκουσαν
1028 2486 1283 2539 σύνοικοι.
1321 2487 1540 2552 Συνῆκα
1570 2485 1766 2544 τοίνυν,
1820 2483 1896 2546 ὡς

295 2584 453 2652 χορὸν
484 2583 582 2652 μὲν
614 2580 908 2652 μαρτύρων
936 2573 1088 2647 ἔλεγε
1112 2580 1171 2630 τὸ
1204 2577 1296 2630 τοῦ
1327 2578 1511 2630 ελαίου
1541 2577 1648 2629 τῶν
1683 2575 1889 2647 μαρτύ-

300 2692 405 2744 ρων
422 2673 704 2741 ληκύθιον,
735 2671 761 2724 ὃ
796 2671 948 2742 παρὰ
984 2669 1194 2722 πολλῶν
1228 2669 1518 2741 μαρτύρων
1554 2667 1899 2737 συνειλεγμέο

297 2781 392 2835 νην
415 2765 536 2834 ἔχον
559 2763 654 2834 τὴν
677 2762 947 2831 εὐλογίαν,
971 2763 1229 2832 παρατὴν
1249 2749 1385 2831 ἐμην
1406 2761 1670 2832 ἐξήρτητο
1687 2759 1894 2830 κλίνην·

298 2857 391 2911 καὶ
415 2859 481 2926 τῇ
515 2856 726 2926 κεφαλῇ
746 2854 802 2906 δέ
838 2871 939 2925 μου
979 2854 1236 2906 ὑπέκειτο
1263 2852 1358 2906 τοῦ
1423 2851 1664 2922 μεγάλου
1709 2850 1897 2904 Ἰακώ-

300 2950 392 3004 ϐου
423 2950 485 3002 τὸ
517 2948 743 3001 παλαιὸν
787 2947 1157 3017 περιϐόλαιον,
1187 2945 1386 3008 παντὸς
1416 2945 1614 3016 ἕρκους
1651 2943 1898 3014 ἀδαμαν-

298 3043 441 3097 τίνου
477 3040 832 3116 ἰσχυρότερον
868 3057 957 3110 μοι
989 3038 1383 3106 γεγενημένον.
1415 3037 1527 3090 Καὶ
1564 3037 1726 3106 ἡνίκα
1753 3036 1809 3088 δὲ
1831 3038 1897 3106 τῇ

303 3134 536 3205 μεγίστῃ
584 3132 803 3185 «τούτων
853 3131 1016 3203 κώμῃ
1063 3129 1422 3201 προσϐάλλειν
1473 3130 1730 3199 ἔμελλον,
1780 3124 1899 3180 εἶτα

306 3225 480 3279 πολλὰ
514 3242 636 3277 τινα
669 3227 726 3277 ἐν
762 3224 917 3295 μέσῳ
954 3223 1216 3292 γινόμενα
1249 3222 1345 3292 τὴν
1377 3221 1554 3287 ἔξοδον
1589 3220 1896 3282 διεκώλυεν,

301 3318 521 3387 ἔπεμψα
543 3317 694 3388 παρὰ
712 3317 801 3369 τὸν
826 3316 954 3385 ἐμὸν
989 3315 1242 3376 Ἡσαΐαν,
1270 3314 1366 3382 τῆς
1394 3314 1545 3374 θείας
1575 3312 1897 3382 συμμαχίας

300 3409 595 3464 ἀντιῦολῶν
628 3407 957 3461 ἀπολαῦσαι.
993 3406 1050 3458 Ὀ
1076 3405 1130 3458 δὲ
1155 3423 1168 3436 ·
1202 3425 1217 3455 ι
1246 3405 1471 3476 Θάρρει,
1503 3405 1654 3472 ἔλεγε
1677 3421 1688 3432 ·
1723 3406 1902 3458 πάντα

299 3501 406 3570 γὰρ
429 3501 616 3552 ἐκεῖνα
641 3498 796 3568 δίκην
821 3494 1406 3567 ἀραχνῶνδιαλέλυται
1454 3495 1520 3546 τὰ
1567 3494 1896 3563 κωλύματα·

302 3594 396 3646 καὶ
449 3591 607 3644 τοῦτο
662 3607 729 3660 με
793 3589 1008 3658 νύκτωρ
1056 3586 1290 3650 ἐδίδαξεν
1333 3587 1360 3638 ὁ
1399 3585 1552 3648 Θεὸς,
1614 3585 1715 3637 οὐκ
1769 3584 1901 3652 ὄναρ

305 3683 753 3754 σκιαγραφήσας,
807 3680 922 3734 ἀλλ’
982 3679 1130 3750 ῦπαρ
1175 3677 1471 3743 ἐπιδείξας.
1519 3676 1739 3747 Ἐὡρων
1771 3676 1897 3748 γὰρ,

306 3776 479 3842 ἔλεγε,
502 3775 601 3845 τῆς
627 3772 902 3843 ύμνῳδίας
924 3771 1253 3842 ἀρξάμενος,
1283 3765 1405 3835 ’κατ’
1427 3771 1601 3821 ἐκεῖνο
1623 3769 1683 3820 τὸ
1713 3767 1897 3837 μέρος,

307 3867 365 3916 ὲν
392 3861 435 3933 ᾧ
460 3864 530 3918 τὰ
559 3865 734 3934 χωρία
764 3863 946 3916 ἐκεῖνα
975 3862 1262 3922 διάκειται,
1307 3859 1429 3928 ὅφιν
1459 3859 1580 3911 τινὰ
1618 3858 1896 3929 πυροειδῆ,

306 3958 414 4011 ἀπὸ
441 3958 535 4028 τῆς
563 3955 802 4026 ἑσπέρας
831 3955 924 4008 ἐπὶ
959 3954 1054 4025 τὴν
1081 3953 1154 4006 ἕω
1190 3951 1519 4023 ἔρπύζοντα,
1545 3951 1639 4005 καὶ
1659 3951 1767 4002 διὰ
1799 3951 1898 4020 μέ·
1943 3999 1946 4002 ,

308 4065 400 4102 σου
432 4047 527 4100 τοῦ
570 4047 730 4117 ἀέρος
776 4046 1094 4117 φερόμενον.
1128 4045 1288 4113 Τρεῖς
1323 4044 1377 4097 δὲ
1404 4043 1568 4113 εὐχὰς
1615 4041 1900 4106 ἐξανύσας.

306 4142 469 4196 πάλιν
509 4140 824 4209 ἐθεασάμην
875 4137 1330 4208 ὲπικαμφθέντα,
1363 4126 1457 4191 καῖ
1489 4137 1550 4188 τὸ
1573 4135 1901 4206 κυκλοτερὲς

307 4234 648 4301 ἐπιδείξαντα
679 4234 885 4303 σχῆμα,
925 4233 1020 4285 καὶ¹
1044 4235 1108 4303 τῇ
1137 4223 1362 4302 κεφαλῇ’
1406 4229 1778 4298 συναφθείσαν
1802 4229 1900 4300 τὴν

307 4327 526 4396 κέρκον.
575 4324 748 4378 Ὀκτὼ
799 4325 854 4376 δὲ
910 4324 1073 4377 πάλιν
1137 4323 1450 4394 προσευχὰς
1509 4324 1897 4395 συμπερανας,

238 4427 247 4436 ·
307 4417 619 4488 ἐθεασάμην
677 4402 799 4487 διχῇ
858 4417 1155 4486 τμηθέντα,
1189 4416 1282 4468 καὶ
1329 4417 1406 4478 είς
1455 4416 1661 4471 καπνὸν
1717 4416 1900 4469 διαλυ-

310 4510 490 4563 Θέντα.
519 4528 537 4561 ι
575 4507 759 4562 Ταῦτα
817 4508 978 4570 αὐτὸς
1019 4509 1118 4577 μὲν
1145 4507 1288 4561 οὕτω
1346 4509 1623 4580 προεῖδεν’
1663 4509 1819 4577 ἡμεῖς,
1845 4507 1900 4561 δὲ

308 4601 653 4670 ἐθεασάμεθα
686 4600 1154 4670 συνομολογοῦσαν
1180 4603 1243 4671 τῇ
1277 4601 1582 4671 προρρήσει
1611 4599 1708 4669 τὴν
1733 4599 1897 4652 ἑκϐα-

313 4711 416 4748 σιν.
460 4692 669 4745 Ἕωθεν
717 4691 815 4762 μὲν
869 4691 1009 4761 γὰρ,
1059 4692 1165 4743 ὑπὸ
1203 4691 1661 4761 τοῦ-ἀρχέκακον
1727 4690 1904 4761 διρεως

313 4785 807 4858 στρατηγούμενοι,
847 4785 894 4836 οἱ
932 4783 1100 4837 πάλαι
1138 4783 1236 4854 μὲν
1260 4783 1360 4852 τῆς
1411 4784 1743 4853 Μαρκίωνος
1770 4780 1908 4853 συμ-

315 4879 533 4950 μορίας,
564 4877 659 4930 νῦν
691 4876 748 4929 δὲ
778 4877 876 4946 τῆς
905 4875 1274 4944 ἁποστολικῆς
1295 4875 1580 4945 γενόμενοι
1605 4875 1906 4944 φάλαγγος,

311 4969 496 5040 γυμνὰ
526 4970 655 5039 ἡμῖν
683 4967 791 5021 ἀπὸ
814 4968 910 5035 τῆς
945 4966 1185 5037 ἑσπέρας
1213 4964 1496 5036 ὁρμῶντες
1521 4966 1587 5019 τὰ
1621 4966 1749 5036 ξίφη
1777 4967 1908 5020 ἐδεί-

313 5047 497 5113 κνυον.
535 5057 672 5129 Περὶ
701 5057 758 5109 δὲ
797 5057 990 5127 τρίτην
1029 5055 1178 5127 ὥραν
1205 5057 1304 5125 τῆς
1357 5056 1568 5125 ἡμέρας
1608 5073 1907 5128 συσπειρα-

315 5149 522 5214 θέντες,
551 5149 648 5219 τῆς
676 5148 883 5210 οἰκείας
916 5147 1238 5218 ὲιρρὸντιζον
1271 5141 1536 5218 φυλακῆς,
1595 5148 1847 5218 καθάπερ
1875 5151 1902 5202 ὁ

314 5240 438 5309 ὄφις
463 5243 530 5312 τῇ
577 5240 761 5311 κέρκῳ
803 5241 900 5309 τὴν
936 5239 1177 5310 κεφαλὴν
1229 5240 1656 5296 συνεκάλυπτεν.
1709 5242 1901 5312 Ὀγδόῃ

315 5333 372 5385 δὲ
402 5331 521 5404 ὥρᾳ
566 5333 974 5398 σκεδασθέντες,
1012 5331 1196 5404 χώραν
1240 5335 1374 5404 ἡμῖν
1432 5334 1642 5389 ἔδωκαν
1696 5335 1794 5406 τῆς
1824 5332 1904 5399 εἱς

315 5421 413 5491 τὴν
438 5420 633 5492 κώμην
667 5421 870 5474 εἰσόδου
895 5439 906 5452 ·
941 5424 1035 5476 καὶ
1064 5422 1381 5494 παραυτίκα
1415 5423 1652 5496 εὕρομεν
1695 5425 1818 5493 ὅφιν
1846 5425 1906 5490 ἐξ

317 5511 449 5584 ὕλης
498 5512 699 5583 χαλκοῦ
749 5514 1140 5584 πεποιημένον,
1184 5515 1278 5568 καὶ
1328 5516 1420 5572 ὑπ’
1459 5516 1684 5570 ἐκείνων
1733 5535 1902 5589 προσ-

316 5605 669 5676 κυνούμενον.
701 5607 804 5660 Τὸν
821 5609 928 5678 γὰρ
959 5607 1104 5660 κατά
1128 5607 1220 5660 τοῦ
1246 5609 1591 5680 Δημιουργοῠ
1623 5609 1717 5662 καὶ
1739 5611 1904 5681 Ποιη-

314 5697 410 5753 τοῦ
435 5699 543 5752 τῶν
580 5700 716 5752 ὅλων
752 5699 1044 5772 προφανῶς
1079 5701 1479 5772 ἀναδεξάμενον
1521 5703 1782 5774 πόλεμον,
1812 5704 1903 5758 τὸν

389 5877 412 5910 ⁸
437 5876 583 5937 Psal.
617 5891 771 5944 Cvtlt,
799 5877 860 5942 4,
884 5875 943 5934 5.

2002 2028 2209 2098 inquit,
2243 2026 2452 2089 audivi,
2494 2034 2547 2080 et
2577 2041 2703 2078 cum
2738 2015 2965 2094 surgere
2997 2024 3211 2081 liberet,
3256 2028 3314 2074 ut
3349 2019 3594 2088 dispice-

2001 2137 2116 2175 rem
2161 2128 2217 2174 et
2264 2134 2653 2189 cognoscerem
2711 2118 2837 2186 quis
2884 2117 3226 2184 loqueretur,
3281 2123 3370 2168 tua
3423 2128 3589 2168 causa

1999 2211 2207 2275 destiti,
2247 2211 2391 2279 quod
2443 2217 2494 2263 te
2541 2208 2797 2279 dormire
2829 2207 3166 2262 arbitrabar.
3214 2225 3232 2256 ι
3274 2206 3588 2275 Surgentes

2002 2305 2170 2374 igitur
2195 2303 2376 2367 ambo,
2403 2311 2457 2358 et
2489 2300 3030 2369 circumspicientes,
3062 2315 3161 2354 nec
3191 2308 3399 2352 motum
3427 2297 3592 2350 ullius

2001 2413 2103 2450 nec
2140 2411 2326 2450 vocem
2363 2395 2698 2450 audivimus.
2743 2393 2920 2447 Verba
2958 2408 3124 2462 porro
3168 2392 3258 2444 illa
3299 2393 3591 2445 nobiscum

2007 2479 2553 2561 Izaﬁ'audierant
2591 2489 2685 2541 alii
2728 2503 2951 2558 quoque
2991 2483 3590 2545 domestici.,lntellexi

2004 2597 2158 2652 ergo,
2194 2583 2509 2650 martyrum
2535 2581 2767 2636 chorum
2807 2581 2876 2634 ab
2904 2595 2970 2633 eo
3014 2580 3122 2633 dici
3174 2578 3452 2648 leeytlium
3486 2577 3594 2630 olei

2007 2684 2338 2744 martyrum,
2371 2674 2465 2743 qui
2499 2654 2786 2727 collectam
2831 2689 2858 2726 a
2902 2673 3090 2725 multis
3128 2669 3463 2740 martyribus
3509 2669 3594 2722 lie-

2003 2767 2378 2821 nedictionem
2403 2766 2700 2820 continens
2727 2766 2792 2818 ad
2829 2766 3028 2818 lectum
3073 2779 3252 2817 meum
3287 2776 3594 2830 suspensus

2003 2868 2120 2913 erat
2157 2878 2169 2913 :
2207 2858 2308 2913 sub
2359 2858 2540 2926 capite
2586 2867 2766 2910 autem
2810 2874 2932 2911 meo
2975 2857 3155 2926 magni
3202 2853 3391 2906 Jacobi
3437 2861 3592 2907 vetus

2003 2953 2106 3006 nm
2142 2953 2391 3021 pallium,
2425 2951 2571 3020 quod
2615 2950 2749 3004 mihi
2792 2951 3028 3004 validius
3056 2956 3176 3002 erat
3211 2948 3354 3000 vallo
3395 2946 3592 3016 quovis

2004 3044 2380 3099 adamantino.
2431 3043 2568 3096 Cum
2615 3051 2797 3097 autem
2845 3043 3091 3095 vicorum
3135 3042 3368 3093 istorum
3421 3038 3595 3091 nzaxi-

2005 3153 2154 3190 mum
2187 3151 2555 3206 aggressurus
2584 3150 2788 3196 essem,
2825 3150 2890 3188 ac
2934 3135 3103 3187 multa
3136 3131 3339 3186 deinde
3370 3131 3596 3184 incidis-

2006 3240 2132 3287 sent
2155 3246 2276 3298 quze
2301 3217 2512 3284 exitum
2536 3228 2922 3298 prohibebant,
2952 3227 3074 3280 misi
3105 3226 3171 3278 ad
3195 3222 3392 3278 Isaiam
3417 3237 3592 3276 meum

2003 3325 2244 3379 divinam
2289 3338 2448 3392 opem
2488 3321 2812 3391 implorans.
2844 3320 2982 3373 Tum
3032 3319 3144 3382 ille,
3202 3335 3220 3367 ι
3276 3315 3448 3378 Βυηο,
3494 3314 3593 3374 ait,

2003 3416 2082 3472 sis
2105 3417 2312 3470 animo.
2346 3414 2740 3484 Impedimenta
2766 3414 2911 3466 enim
2939 3397 3028 3465 ilia
3055 3411 3238 3466 omnia
3272 3424 3594 3462 aranearmu

2003 3509 2180 3562 instar
2210 3508 2475 3576 dissipata
2521 3515 2673 3567 sunt,
2723 3507 2887 3575 idque
2939 3520 3022 3558 me
3067 3519 3162 3573 per
3200 3511 3416 3557 noctem
3452 3499 3598 3554 Deus

1982 3597 2218 3657 docuit,
2260 3613 2368 3649 non
2415 3611 2619 3648 vanum
2664 3596 2940 3649 somnium
2977 3594 3337 3655 adumbratis,
3378 3595 3471 3647 scd
3508 3607 3599 3645 ve-

2003 3703 2118 3742 ram
2163 3688 2433 3742 visionem
2487 3686 2782 3740 exhibens.
2836 3683 2958 3738 Vidi
3007 3687 3181 3746 enim,
3221 3685 3428 3748 aiebat,
3469 3698 3594 3735 cum

2002 3761 2355 3851 bymnodiam
2399 3778 2774 3841 inclioassem,
2823 3792 3021 3831 versus
3077 3788 3286 3846 partem
3342 3777 3488 3829 illam
3540 3777 3594 3828 in

2001 3887 2107 3941 qua
2159 3871 2262 3926 vici
2306 3870 2471 3944 positi
2524 3879 2674 3936 sunt,
2719 3877 3031 3939 serpentem
3089 3867 3381 3937 quemdam
3437 3867 3594 3936 ignea

2001 3964 2207 4034 specie,
2239 3965 2332 4033 qui
2359 3963 2427 4017 ab
2451 3977 2652 4018 occasu
2684 3963 2737 4017 in
2761 3971 2946 4017 ortum
2979 3975 3203 4032 reptans
3235 3978 3332 4030 per
3355 3960 3594 4015 medium

2003 4073 2130 4114 aera
2168 4057 2468 4112 ferebatur.
2503 4054 2712 4111 Tertiis
2742 4071 2871 4110 vero
2897 4056 3159 4125 precibus
3192 4055 3454 4124 peractis,
3482 4044 3595 4108 vidi

2003 4167 2198 4207 rursus
2249 4149 2535 4212 inﬂexum,
2585 4149 2893 4218 circulique
2945 4147 3178 4202 formam
3241 4146 3594 4209 referentem,

2003 4243 2173 4299 cauda
2205 4242 2371 4312 capiti
2421 4241 2701 4311 copulata.
2742 4241 2807 4293 Et
2846 4257 2972 4295 cum
3011 4249 3137 4295 octo
3176 4257 3372 4296 rursus
3405 4256 3595 4310 preca-

2003 4339 2184 4392 tiones
2216 4335 2604 4400 absolvissem,
2640 4332 2780 4387 duas
2817 4334 2870 4386 in
2915 4338 3099 4402 partes
3126 4332 3426 4387 dissectum
3460 4330 3593 4396 vidi,

2004 4429 2370 4497 solutumque-
2401 4425 2456 4478 in
2512 4422 2747 4478 fumum.
2804 4441 2822 4474 ι
2864 4424 3047 4492 Atque
3085 4422 3200 4475 haec
3237 4421 3328 4476 ille
3371 4419 3592 4489 quidem

2005 4525 2077 4576 ita
2115 4520 2365 4590 praevidit
2405 4534 2420 4573 :
2465 4533 2568 4572 nos
2602 4532 2732 4570 vero
2777 4501 3214 4571 consentientem
3254 4512 3593 4583 prazdietioni

1935 4624 1981 4682 ι)
2008 4610 2219 4664 exitum
2251 4607 2508 4661 vidimus.
2548 4605 2705 4660 Mane
2739 4605 2971 4675 quippe,
3006 4612 3288 4657 auctorem
3322 4602 3450 4656 mali
3481 4618 3595 4655 ser-

2007 4704 2227 4766 pentem
2273 4703 2565 4765 sequentes
2612 4695 2829 4758 ducem,
2884 4693 2979 4763 qui
3033 4692 3334 4747 Marcionis
3387 4692 3593 4746 dudum

2002 4788 2242 4857 partium
2296 4795 2478 4853 erant,
2529 4801 2682 4841 nunc
2739 4786 3028 4856 phalangis
3073 4792 3205 4838 sunt
3253 4785 3593 4854 apostolicae,

2003 4881 2183 4934 nudos
2211 4879 2372 4935 nobis
2405 4881 2474 4934 ab
2521 4895 2722 4934 occasu
2763 4879 3037 4932 irruentes
3083 4877 3297 4948 gladios
3335 4876 3596 4932 ostende-

2003 4973 2155 5026 bant.
2193 4970 2308 5026 Sub
2341 4971 2534 5025 horam
2569 4971 2701 5026 ve'ro
2736 4971 2952 5025 tertiam
2978 4969 3087 5024 diei
3116 4975 3130 4991 '
3173 4970 3227 5022 in
3263 4970 3450 5024 orbem
3479 4969 3598 5024 col-

1998 5063 2126 5118 lecti
2159 5062 2226 5116 ad
2263 5062 2347 5118 sui
2381 5063 2690 5118 custodiam
2733 5050 3149 5127 incumbebant,
3179 5062 3324 5116 sicut
3364 5077 3597 5130 serpens

2002 5163 2171 5224 caput
2223 5155 2570 5224 contegebat.
2631 5155 2838 5208 Octava
2893 5153 3112 5208 demum
3171 5153 3306 5206 liora
3359 5151 3596 5222 dispersi

2004 5249 2220 5304 facilem
2244 5247 2405 5302 nobis
2430 5249 2482 5304 in
2517 5246 2732 5318 1255
2754 5237 2933 5301 vicum
2959 5246 3165 5300 aditqu
3195 5246 3543 5314 praebuerqu
3581 5267 3592 5304 :

2005 5340 2302 5409 statimque
2345 5354 2558 5394 aeneum
2607 5349 2917 5408 serpentem
2970 5336 3338 5400 offendimus,
3386 5337 3480 5408 qui
3529 5340 3600 5393 ab

2005 5432 2144 5501 ipsis
2184 5430 2539 5486 adorabatur.
2581 5429 2732 5486 Bello
2779 5430 2928 5485 enim
2968 5429 3237 5486 adversus
3269 5429 3591 5486 Creatorem

2013 5523 2415 5594 Factoremque
2465 5521 2856 5577 universorum
2887 5531 3077 5594 aperte
3123 5532 3409 5594 suscepto,
3438 5538 3598 5579 exse-

2011 5613 2280 5670 orandum
2307 5622 2649 5684 serpentem,
2693 5620 2959 5684 tanquam
2997 5614 3118 5684 ejus
3150 5612 3385 5679 boStem,
3417 5614 3599 5669 colere

2011 5704 2647 5771 studebant.'Quoniam
2704 5712 2888 5760 autem
2938 5703 3253 5760 divinarum
3305 5702 3596 5772 revelatio:
