4074 6406
450 452 588 517 1443

1476 443 1965 508 ἸἩΕΟΒΟΒΕΤΙ
2005 448 2345 509 EPISCOPI
2385 449 2750 512 CYRENSIS

3584 453 3723 519 li“

444 578 577 619 num
617 561 990 617 narrationem
1024 558 1276 627 ingressa
1306 564 1398 611 est
1424 557 1626 619 oratio,
1666 569 1765 625 age
1797 555 2034 609 narrabo

2147 556 2413 626 ἐπάρατον
2479 556 2638 626 ὅφιν,
2669 557 2744 621 ὡς
2774 557 2985 612 ἐκείνου
3034 562 3296 632 πολέμιον
3320 602 3335 627 ,
3393 563 3723 637 θεραπεᾲειν

443 670 570 725 quae
605 654 676 708 ab
711 653 803 708 illa
845 655 1024 706 veraci
1068 650 1253 720 lingua
1300 648 1505 703 audivi.
1550 646 1807 700 Narravit
1848 655 2030 700 autem

446 760 557 801 non
608 745 908 815 cupiditate
952 728 1200 807 honoris,
1247 742 1316 794 ab
1359 740 1464 794 hoc
1502 739 1648 793 enim
1692 739 1854 816 etiam
1896 729 2034 792 vi'tio

446 836 626 890 aliena
657 843 743 888 est
769 834 952 886 anima
986 830 1196 894 divina,
1233 830 1329 884 sed
1363 830 1662 899 occasione
1701 829 1940 899 quadam
1979 829 2036 883 id

445 923 633 993 eloqui
693 929 917 976 coactus
970 920 1118 989 quod
1178 920 1416 973 (elatum
1458 920 1697 974 volebat.
1755 918 2034 989 Rogabam

448 1015 603 1068 illum
636 1012 816 1076 enixe,
861 1019 922 1065 ut
956 1009 1122 1064 Deum
1151 1011 1537 1064 universorum
1570 1018 1777 1071 oraret,
1809 1009 1943 1063 mihi
1975 1015 2036 1063 ut

448 1116 689 1174 segetem
720 1105 862 1158 loliis
895 1117 1124 1157 vacuam
1152 1103 1424 1167 redderet,
1454 1102 1793 1171 liberamque
1820 1115 1849 1153 a
1872 1100 2037 1156 semi-

445 1199 614 1253 nibus
656 1197 1062 1250 Iiazreticorum.
1089 1195 1341 1264 Angebat
1372 1195 1518 1248 enim
1556 1209 1641 1248 me
1680 1186 2036 1247 vehementer

446 1291 774 1346 exsecrandi
809 1276 1108 1343 Marcionis
1148 1303 1328 1355 error,
1370 1287 1463 1357 qui
1509 1299 1840 1356 magnopere
1882 1285 2038 1339 inva-

447 1382 646 1437 luerat.
680 1380 775 1435 llle
819 1389 1003 1434 autem
1044 1379 1344 1434 obtestanti
1379 1378 1513 1432 mihi
1553 1396 1566 1431 :
1607 1396 1625 1428 ι
1668 1375 1778 1432 Nec
1804 1391 1913 1440 me,
1952 1377 2037 1429 in-

430 1476 591 1547 'quit,
624 1490 725 1528 nec
768 1475 879 1528 alio
919 1475 1061 1542 apud
1108 1472 1279 1526 Deum
1321 1470 1421 1524 tibi
1467 1484 1608 1539 opus
1646 1477 1732 1525 est
1769 1471 2038 1529 interces-

448 1583 593 1624 sore.
652 1567 936 1622 Summum
997 1567 1168 1620 habes
1224 1563 1556 1628 Joannem,'
1602 1561 1758 1618 Verbi
1822 1577 2034 1640 vocem,

450 1659 665 1715 Domini
708 1673 1131 1730 praaeursorem,
1168 1659 1264 1729 qui
1321 1657 1570 1726 liOC'pro
1612 1666 1665 1710 te
1706 1657 2038 1727 deprecatur

450 1745 697 1808 assidue.
750 1770 769 1804 ›
800 1751 866 1804 Ει
902 1767 1026 1805 cum
1064 1752 1301 1806 dicerem
1338 1750 1620 1806 confidere
1657 1766 1744 1806 me
1781 1751 2037 1822 precibus

2135 647 2484 711 ἐσπούδαζον.
2524 649 2744 719 Ἐπειδὴ
2766 649 2823 702 δὲ
2854 652 2936 713 είς
2961 651 3056 721 τὴν
3099 653 3209 729 τῶν
3250 654 3410 709 θείων
3439 655 3724 709 ἀποκαλύ-

2132 738 2280 808 ψεων
2332 741 2583 810 εἰσῆλθεν
2609 744 2637 794 ὁ
2660 742 2816 810 λόγος
2864 744 3138 814 διήγησιν,
3193 748 3327 819 φέρε
3355 747 3392 803 ἀ
3432 750 3584 821 παρά
3622 749 3725 820 τῆς

2135 831 2399 901 ἀψευδοῦς
2457 834 2673 905 ἐκείνης
2749 836 2967 913 ἀκήκοα
3042 838 3380 911 διηγήσομαι
3444 840 3724 913 γλώσσης.

2136 925 2447 996 Διηγήσατο
2469 925 2524 978 δέ
2546 927 2608 978 οὐ
2631 925 3107 999 φιλοτιμούμενος,
3133 931 3322 1002 πόῤῥω
3352 932 3461 1005 γὰρ
3487 935 3580 985 καὶ
3606 933 3724 986 τού-

2135 1033 2230 1069 του
2262 1015 2355 1068 τοῦ
2392 1016 2598 1080 πάθους
2623 1019 2656 1088 ἡ
2681 1016 2801 1070 θεία
2831 1018 2976 1090 ψυχὴ
2997 1060 3011 1081 ,
3039 1019 3179 1074 ἀλλά
3206 1038 3350 1085 τινος
3379 1022 3568 1092 χρείας
3602 1022 3727 1091 βια-

2140 1125 2205 1161 σα
2214 1108 2384 1178 μένης
2410 1109 2583 1162 εἰπεῖν
2660 1110 2922 1181 κρύπτειν
2945 1111 3224 1181 ἠϐούλετο.
3261 1096 3526 1169 Ἰκέτευον
3554 1115 3724 1169 αὑτὸν

2137 1199 2484 1269 ἀντιϐολῆσαι
2510 1201 2602 1254 τὸν
2631 1201 2739 1254 τῶν
2769 1203 2906 1255 ὅλων
2945 1202 3099 1267 Θεὸν,
3150 1205 3391 1276 καθαρόν
3448 1224 3541 1277 μοι
3568 1204 3725 1271 ζιζα-

2136 1291 2265 1343 νίων
2293 1291 2567 1360 ἀποφῆναι
2600 1292 2660 1344 τὸ
2688 1292 2858 1363 λήϊον,
2883 1295 3102 1362 καὶτῶν
3143 1296 3442 1364 αἱρετικῶν
3475 1297 3726 1367 σπερμά·-

2136 1399 2245 1437 των
2288 1384 2523 1454 πάμπαν
2563 1384 2948 1456 ἐλευθερῶσαι.
2994 1386 3153 1441 Ἦνία
3205 1388 3314 1459 γάρ
3354 1405 3421 1458 με
3454 1390 3655 1460 κομιδῇ
3691 1389 3722 1459 ἡ

2136 1475 2232 1529 τοῦ
2264 1475 2521 1547 βδελυροῦ
2558 1478 2882 1548 Μαρκίωνος
2902 1479 2996 1532 ἐπὶ
3031 1480 3281 1551 πλεῖστον
3301 1480 3569 1553 διακρατή
3582 1499 3719 1534 σασα

2138 1567 2335 1637 πλάνη.
2379 1569 2522 1639 Ἔφη
2596 1569 2772 1623 τοίνυν
2836 1570 3275 1641 λιπαρούμενος·
3321 1591 3339 1624 ι
3373 1571 3500 1625 Οὑτ”
3549 1570 3725 1642 ἐμοῦ,

2136 1660 2259 1714 οὔτε
2286 1660 2447 1716 άλλου
2491 1662 2572 1715 δεῖ
2602 1677 2683 1715 σοι
2734 1662 2873 1734 πρὸς
2919 1664 3081 1719 αὑτὸν
3141 1662 3502 1735 πρεσϐευτοῦ.
3539 1665 3728 1735 Ἔχεις

2139 1754 2248 1824 γὰρ
2289 1754 2541 1824 Ἰωάννην
2584 1755 2676 1808 τὸν
2732 1758 2897 1820 πάνυ,
2934 1756 3033 1825 τὴν
3058 1758 3149 1810 τοῦ
3174 1758 3349 1827 Λόγου
3389 1759 3597 1829 φωνὴν,
3629 1758 3726 1810 τοῦ

451 1855 565 1898 tum
608 1845 803 1913 hujus,
847 1852 965 1899 tum
1006 1846 1242 1897 aliorum
1292 1850 1612 1898 sanctorum
1657 1848 2034 1913 apostolorum

2147 1846 2412 1928 Δεσπότου
2441 1846 2533 1928 τὸν
2561 1846 2892 1917 πρόδρομον,
2922 1848 3128 1919 ταύτην
3169 1849 3311 1918 ὑπὲρ
3337 1847 3433 1902 σοῦ
3473 1848 3572 1919 τὴν
3611 1849 3728 1903 ἱκε-

448 1943 505 1988 et
528 1935 941 2006 prophetarum,
966 1950 1207 2004 quorum
1236 1949 1410 2003 nuper
1434 1934 1594 1988 nobis
1615 1934 1797 1989 allatae
1818 1934 2038 1989 fuerant

2147 1935 2288 1989 τείαν
2317 1934 2407 1989 διά
2433 1936 2632 2001 παντὸς
2696 1937 3157 2010 προσκομίζοντα.
3185 1958 3202 1990 ι
3252 1939 3418 2010 Ἑμοῦ
3445 1938 3503 1991 δὲ
3531 1938 3723 2006 λέγον-

453 2027 735 2096 reliquiae:
774 2045 792 2077 ι
834 2025 1035 2091 Crede,
1086 2026 1200 2086 ait,
1251 2032 1305 2079 te
1346 2022 1616 2078 Joannem
1678 2024 1883 2079 habere
1932 2022 2040 2077 Ba-

2147 2043 2249 2090 τος,
2286 2026 2362 2089 ὡς
2389 2027 2485 2080 καὶ
2528 2029 2651 2089 ταῖς
2700 2026 2917 2080 τούτου¹
2947 2029 3195 2082 πιστεύω
3252 2031 3607 2101 προσευχαῖς,
3631 2029 3729 2081 καὶ

449 2118 693 2187 ptistam.
739 2134 757 2167 ›
782 2115 893 2186 Ego
923 2129 1052 2169 vero
1082 2129 1150 2169 ne
1177 2114 1259 2168 sic
1291 2113 1509 2183 quidem
1542 2112 1742 2168 adduci
1776 2114 1955 2184 potuit
1983 2120 2043 2168 ut

449 2211 670 2266 silerem
696 2248 712 2274 ,
752 2209 847 2264 sed
884 2216 1038 2262 tanto
1073 2207 1251 2278 magis
1291 2205 1465 2261 institi
1501 2221 1756 2275 quaerens
1799 2215 1853 2262 et
1897 2206 2042 2262 scire

450 2316 642 2365 avens,
680 2316 781 2356 cur
817 2300 983 2372 hujus
1028 2300 1214 2371 potius
1256 2298 1462 2355 faceret
1501 2300 1855 2354 mentionem.
1896 2297 2038 2353 Tum

449 2393 541 2447 ille
583 2411 598 2447 :
655 2410 674 2444 ι
722 2390 964 2455 Vellem,
1007 2384 1127 2454 ait,
1158 2391 1414 2461 amplecti
1446 2392 1709 2446 amabiles
1745 2390 1866 2460 ejus
1906 2390 2037 2444 reli-

449 2488 631 2559 quias.
681 2505 700 2539 ι
755 2485 972 2539 Etcum
999 2484 1286 2550 dixissem,
1321 2502 1339 2536 ι
1380 2482 1497 2538 Non
1524 2482 1745 2537 afferam
1780 2464 1898 2549 eas,
1933 2482 2043 2540 nisi

449 2580 733 2649 pollicitus
766 2577 936 2632 fueris
979 2583 1033 2632 te
1071 2574 1349 2651 dicturum
1404 2590 1528 2645 qua:
1561 2575 1772 2640 vidisti,
1802 2594 1822 2627 ι
1883 2576 2044 2645 polli-

451 2673 597 2726 citus
624 2678 709 2725 est
746 2672 884 2739 ipse,
928 2676 985 2731 et
1025 2682 1127 2739 ego
1160 2678 1379 2737 postera
1413 2667 1503 2721 die
1543 2667 1700 2720 attuli
1740 2681 1863 2737 quae
1889 2677 2046 2738 opta-

453 2764 549 2819 bat
584 2803 599 2829 ,
636 2762 1005 2831 omnibusque
1034 2760 1228 2830 procul
1266 2752 1524 2814 secedere
1548 2758 1743 2829 jussis,
1785 2758 1920 2812 mihi
1950 2757 2045 2812 uni

454 2855 573 2909 bam
602 2853 849 2908 narravit
885 2871 899 2906 :

2144 2120 2268 2180 ταῖς
2298 2117 2409 2171 τῶν
2431 2116 2606 2171 ἄλλων
2654 2118 2827 2185 ἁγίων
2855 2119 3169 2173 ἀποστόλων
3195 2120 3290 2173 καὶ
3317 2120 3634 2190 προφητῶν,
3653 2114 3729 2173 ὄρν

2136 2208 2366 2280 ἔναγχος
2392 2212 2523 2281 ἡμῖν
2546 2209 2615 2263 τά
2643 2209 2872 2279 λείψανα
2921 2211 3272 2281 ἐκεκόμιστο,
3307 2231 3325 2263 ι
3344 2211 3574 2283 Θάρρει,
3599 2211 3722 2282 ἔφη,

2142 2302 2216 2376 ὡς
2250 2302 2505 2373 Ἰωάννην
2556 2301 2845 2374 ἐχειςέιὸν
2917 2304 3250 2374 Βαπτιστήν.
3304 2322 3323 2355 ι
3397 2303 3537 2356 Ἀλλ’
3604 2304 3725 2357 οὑδὲ

2144 2392 2288 2448 οὑτω
2337 2395 2496 2467 σιγὴν
2538 2395 2685 2465 ἔχειν
2746 2396 3047 2467 ἠνειχόμην
3077 2413 3092 2428 ο
3144 2394 3323 2466 πολλῷ
3347 2395 3403 2449 δὲ
3433 2396 3595 2450 πλέον
3633 2398 3727 2449 ἐπι

2145 2486 2373 2558 εκείμην
2408 2487 2833 2565 πυνθανόμενος,
2861 2490 2957 2541 καὶ
3014 2488 3208 2559 μαθεῖν
3240 2490 3550 2559 ἐφιέμενος,
3584 2489 3637 2541 τί
3664 2487 3728 2559 δὴ

2145 2578 2337 2631 τούτου
2398 2579 2597 2650 μᾶλλον
2641 2579 2907 2651 ἐμνήσθη.
2940 2580 2996 2633 '0
3043 2580 3135 2634 δέ·
3202 2598 3219 2631 ι
3250 2578 3719 2651 Περιπτύξασθαι.

2147 2669 2308 2741 ἔφη,
2369 2670 2682 2742 ἐϐουλόμην⁵
2733 2671 2900 2725 αὑτοῦ
2959 2672 3027 2724 τὰ
3075 2672 3355 2743 ἐπέραστα
3408 2671 3659 2741 λείψανα.
3704 2689 3722 2721 ι

2120 2780 2128 2787 ·
2160 2758 2380 2833 Ἐπειδὴ
2399 2760 2455 2814 δὲ
2491 2760 2713 2830 ἔλεγον·
2750 2780 2768 2812 ι
2799 2763 2914 2816 Οὐκ
2962 2762 3094 2815 οἴσω
3163 2761 3358 2824 ταῦτα,
3390 2753 3439 2816 si
3477 2763 3551 2833 μὴ
3584 2763 3727 2832 ἐρεῖν

2148 2852 2444 2923 ὑπόσχοιτο
2471 2854 2506 2908 ἀ
2528 2855 2866 2926 θεασάμενος
2902 2856 3010 2925 εἴη,
3050 2875 3067 2907 ι
3100 2856 3260 2919 αὑτὸς
3292 2855 3391 2924 μὲν
3430 2855 3723 2925 ὑπέσχετο·

453 2946 564 3016 ἐγὼ
586 2946 642 3000 δὲ
662 2951 728 3017 τῇ
756 2944 1015 3016 ὑστεραίᾳ
1040 2942 1271 3015 ἐκόμισα
1296 2940 1367 2997 τά
1399 2941 1736 3014 ποθούμενα,
1775 2940 1871 2996 καὶ
1901 2922 2111 3006 πάντας
2140 2922 2330 3017 πόρρω
2386 2947 2653 3011 κελεύσας
2706 2922 2987 3017 γενέσθαι,
3028 2948 3156 3020 ἐμοὶ
3211 2922 3360 3019 μόνῳ
3423 2922 3723 3020 διηγήσατο

453 3054 654 3092 ταυτα.

525 3130 781 3198 Quando,
804 3130 1008 3201 inquit,
1043 3129 1146 3185 hos
1182 3129 1339 3184 urbis
1383 3126 1647 3183 custodes
1684 3125 2034 3182 e-thnicia

2225 3130 2439 3195 Ἦνίκα,
2486 3128 2614 3201 ἔφη,
2673 3128 2804 3193 τοὺς
2850 3127 3172 3199 πολιούχους
3222 3127 3450 3189 τούτους
3481 3125 3592 3179 ἀπὸ
3632 3093 3734 3197 τῆς

453 3234 507 3279 et
537 3223 827 3279 Palaestina
849 3223 1132 3278 venientes
1159 3220 1377 3294 1246
1398 3236 1523 3279 cum
1550 3204 1812 3274 Davidica
1836 3219 2039 3273 eborea

2147 3222 2399 3294 Φοινίκης
2444 3222 2540 3275 καὶ
2588 3222 2687 3292 τῆς
2739 3221 3107 3291 Παλαιστίνης
3149 3218 3543 3290 ἀφικομένους,
3593 3221 3734 3289 μετά

453 3312 742 3381 excepisti,
786 3313 1239 3367 subiit‘animum
1275 3311 1543 3382 cogitatio
1598 3310 1870 3381 quaedam,
1909 3325 2043 3363 num

2147 3315 2247 3385 τῆς
2274 3313 2567 3383 Δαυιτικῆς
2629 3312 2872 3378 ὑπεδέξω
2915 3312 3138 3383 χορείας
3192 3311 3373 3365 ἔννοιά
3399 3309 3489 3381 μοί
3519 3327 3606 3373 τις
3637 3311 3735 3377 γέο

456 3418 586 3458 vere
616 3404 815 3456 summi
848 3389 1076 3458 Joannis
1119 3413 1306 3459 essent
1331 3403 1415 3457 hae
1448 3402 1717 3470 reliquiae,
1751 3416 1861 3471 non
1894 3415 2043 3456 mar-

2147 3424 2324 3486 γονεν,
2362 3408 2411 3460 εί
2446 3405 2523 3477 τῷ
2560 3406 2673 3459 ὄντι
2695 3405 2868 3468 ταῦτα
2920 3406 3167 3459 Ἰωάννου
3184 3403 3279 3457 τοῦ
3311 3404 3453 3457 πάνυ
3500 3403 3738 3473 λείψανα

457 3495 598 3566 tyris
631 3496 884 3561 alterius,
926 3496 1168 3551 nominis
1209 3493 1484 3565 ejusdem.
1535 3493 1664 3548 Post
1707 3508 1876 3546 unum
1913 3507 2045 3558 ergo

2147 3500 2242 3553 mi.
2270 3499 2344 3569 μὴ
2370 3499 2530 3553 ἄλλον
2563 3497 2657 3552 τοῦ
2689 3498 2967 3569 μάρτυρος
3017 3495 3338 3567 ὁμωνύμου.
3394 3497 3551 3551 Μετὰ
3606 3497 3738 3567 μίαν

457 3587 602 3641 diem
640 3594 779 3641 'cum
828 3587 912 3655 ad,
937 3590 1168 3658 hymnos
1212 3582 1594 3641 decantandos
1652 3585 2042 3653 surrexissem,

2147 3591 2328 3645 τοίνυν
2358 3580 2594 3662 ἡμέραν,
2627 3588 2737 3658 ἐγὼ
2760 3590 2859 3660 μὲν
2898 3589 2992 3643 ἐπὶ
3025 3590 3123 3659 τὴν
3172 3587 3450 3659 ὑμνῳδίαν
3498 3589 3737 3659 ἀνέστην

459 3679 613 3734 visus
643 3690 726 3735 est
758 3680 889 3733 mihi
918 3680 1141 3749 quidam
1178 3680 1303 3733 alba
1324 3688 1475 3733 veste
1503 3676 1731 3731 indutus
1772 3679 1854 3731 sic
1876 3675 2046 3754 atl‘ari

465 3784 554 3825 Ine
583 3789 598 3823 :
643 3788 663 3821 ο
713 3769 828 3835 Dic,
854 3768 1056 3825 Jacobe
1090 3772 1289 3831 frater,
1311 3784 1412 3822 cur
1434 3758 1861 3822 adventantibus
1884 3766 2046 3821 nobis

464 3863 685 3918 obviam
719 3879 826 3918 non
859 3866 1095 3920 venisti?
1138 3882 1158 3916 ι
1205 3861 1274 3916 Ει
1321 3877 1448 3916 eum
1485 3875 1736 3931 rogarem
1769 3862 1997 3931 quinam
2031 3864 2047 3882 ‘

461 3968 669 4023 essent,
700 3956 1039 4027 respondens
1078 3956 1261 4011 dixit:
1299 3972 1319 4007 ι
1357 3954 1462 4021 Qui
1494 3969 1527 4010 e
1552 3954 1838 4010 Phoenicia
1866 3963 1917 4008 et
1948 3951 2051 4006 Pa-

464 4051 673 4106 laaioina
710 4067 885 4121 nuper
908 4051 1182 4107 venimus.
1208 4046 1345 4101 Nam
1370 4061 1495 4103 cum
1534 4030 1704 4102 alacri
1731 4047 1917 4101 animo
1948 4059 2050 4114 nos

463 4159 655 4198 omnes
690 4144 1033 4213 exceperint,
1071 4151 1128 4197 et
1166 4147 1381 4211 pastor,
1415 4149 1471 4196 et
1510 4141 1768 4211 populus,
1805 4147 1860 4194 et
1895 4138 2050 4193 urbis

465 4236 678 4305 incolae,
709 4246 762 4291 et
801 4235 1024 4301 rustici,
1061 4242 1116 4287 tu
1154 4234 1310 4288 solus
1349 4233 1580 4289 honoris
1613 4220 1895 4302 particeps
1938 4245 2051 4286 non

465 4328 641 4384 fuisti.
671 4348 690 4380 ι
719 4328 994 4383 lnnuebat
1017 4333 1201 4380 autem
1232 4326 1383 4380 illam
1411 4341 1588 4382 meam
1622 4325 2051 4384 haesitationem.

462 4421 545 4475 Ad
582 4423 694 4475 haec
726 4422 897 4491 igitur
929 4418 1143 4474 dixisse
1182 4433 1241 4473 se
1276 4418 1441 4482 dixit,
1480 4437 1501 4469 ι
1543 4418 1610 4471 Ει
1643 4417 1821 4484 vobis,
1850 4424 1907 4471 et
1934 4432 2054 4471 om-

464 4513 629 4567 nibus
659 4513 783 4567 aliis
801 4511 1127 4566 absentibus
1156 4510 1325 4565 Deum
1354 4510 1542 4566 adoro.
1584 4528 1602 4561 ι
1631 4508 1846 4564 Rursus
1867 4518 2049 4565 autem

2148 3682 2363 3753 νύκτωρ
2386 3700 2398 3712 ·
2434 3682 2544 3750 ὁρῶ
2574 3681 2631 3735 δέ
2650 3698 2768 3734 τινα
2797 3680 3269 3751 λευχειμονοῦντα,
3293 3682 3409 3747 καὶ,
3458 3700 3476 3733 ι
3512 3681 3734 3750 Ἀδελφέ

2143 3775 2412 3839 .Ἰάκω6ε,
2447 3774 2697 3842 λέγοντα,
2727 3774 2867 3839 εἰπὲ,
2895 3774 2945 3826 τί
2970 3773 3171 3845 δήποτε
3198 3774 3557 3844 ἀφικομένοις
3604 3776 3730 3843 ἡμῖν

2148 3868 2247 3938 οὐχ
2299 3867 2691 3939 ὑπήντησαςξι
2740 3865 2907 3944 Ἐμοῦ
2954 3865 3011 3919 δὲ
3063 3865 3347 3937 ἐρομένου,
3396 3866 3545 3929 τίνες
3603 3874 3731 3919 ποτε

2150 3954 2300 4023 εἶεν,
2349 3959 2683 4030 ἀπεκρίνατο
2731 3958 2944 4027 λέγων’
3010 3976 3029 4008 ι
3063 3958 3127 4011 0i
3184 3958 3592 4028 ἀπὺ⁸Φοινίκης
3642 3959 3739 4011 καὶ

2151 4053 2517 4123 Παλαιστίνης
2540 4056 2606 4124 τῇ
2647 4053 2951 4124 προτεραίᾳ
2975 4051 3294 4123 ἐληλυθότες
3317 4067 3331 4080 ·
3369 4052 3460 4104 καὶ
3515 4051 3739 4104 πάντων

2150 4146 2300 4216 ἡμᾶς
2343 4144 2767 4215 ὑποδεξαμένων
2820 4143 3143 4214 προθύμως,
3170 4142 3391 4197 καὶτοῦ
3449 4142 3736 4213 ποιμένος,

2151 4236 2248 4290 καὶ
2270 4234 2364 4289 τοῦ
2390 4230 2545 4299 λαοῦ,
2587 4237 2683 4289 καὶ
2716 4234 2919 4300 ἀστῶν,
2950 4234 3046 4288 καὶ
3086 4232 3413 4305 χωρητικῶν
3441 4275 3455 4298 ,
3482 4234 3546 4285 σὺ
3576 4232 3740 4299 μόνος

2150 4326 2251 4380 οὐκ
2283 4325 2648 4397 ἐκοινώνησας
2665 4328 2762 4395 τῆς
2779 4326 2967 4395 τιμῆς.
2998 4344 3016 4376 ι
3072 4324 3346 4396 ᾘνίττετο
3365 4324 3422 4376 δέ
3460 4324 3561 4394 τὴν
3586 4338 3743 4390 γενο-

2157 4422 2324 4492 μένην
2343 4418 2692 4490 ἀμφιϐολίαν.
2718 4419 2905 4472 Εἰπεῖν
2925 4416 3103 4470 τοίνυν
3121 4416 3226 4487 ἔφη
3253 4416 3389 4485 πρὸς
3415 4413 3590 4468 ταῦτα
3611 4455 3626 4480 ,
3656 4414 3742 4467 ὅτι

2161 4531 2180 4565 ι
2212 4513 2321 4566 Καὶ
2352 4512 2602 4566 ἀπόντων
2647 4511 2805 4581 ὑμῶν
2840 4527 2899 4563 τε
2940 4510 3036 4563 καὶ
3089 4509 3200 4562 τῶν
3245 4508 3423 4562 ἀλλων
3476 4507 3745 4562 ἁπάντων

462 4603 555 4659 die
585 4603 839 4674 sequenti
888 4602 1033 4656 idem
1074 4603 1195 4671 ipse
1233 4603 1335 4656 sub
1375 4600 1625 4656 eamdem
1654 4601 1844 4655 horam
1885 4616 2045 4671 appa-

2158 4604 2447 4678 προσκυνῶ
2475 4605 2553 4675 τῷ
2578 4603 2716 4675 Θεῷ.
2746 4621 2766 4655 ι
2808 4602 2978 4656 Πάλιν
3011 4601 3068 4655 δέ
3094 4604 3163 4674 τῇ
3194 4601 3460 4674 ὑστεραίᾳ
3487 4600 3631 4654 κατά
3649 4599 3745 4652 τὸν

462 4711 594 4752 rens
620 4714 635 4750 :
672 4714 691 4748 ι
727 4694 953 4758 Jacobc,
985 4694 1083 4759 ait,
1112 4693 1304 4757 frater,
1332 4689 1458 4746 vide
1483 4691 1658 4759 illum,
1685 4692 1848 4761 cujus
1882 4695 2051 4749 vestis

464 4790 606 4844 nivis
631 4789 929 4843 candorem
957 4785 1147 4852 refert,
1175 4792 1403 4854 prepter
1426 4783 1704 4839 clibanum
1736 4785 1878 4855 ignis
1902 4795 2051 4840 stan-

464 4892 596 4938 tem.
638 4900 658 4933 ι
696 4882 761 4945 Et
781 4895 905 4934 eum
933 4880 1126 4934 oculos
1150 4893 1217 4932 eo
1240 4878 1666 4939 convertissem,
1692 4892 1759 4933 ac
1779 4876 2050 4933 Joannem

462 4974 764 5047 Baptistam
798 4987 924 5028 esse.
953 4971 1290 5041 conjicerem
1320 4962 1468 5041 (nam
1504 4977 1561 5026 et
1590 4973 1792 5026 vestitu
1823 4979 1943 5026 erat
1967 4973 2053 5025 in-

463 5068 651 5132 dutus,
693 5073 748 5121 et
802 5079 1025 5118 manum
1071 5064 1405 5119 extendebat
1460 5072 1520 5118 ut
1565 5047 1901 5136 baptizans),
1939 5081 1958 5114 ι
2004 5063 2053 5118 Is

464 5171 569 5223 est,
593 5158 798 5227 inquit,
819 5171 983 5226 quem
1007 5155 1293 5222 coniecisti
1320 5195 1335 5219 ,
1363 5174 1382 5206 ι
1419 5155 1552 5222 quin
1573 5163 1626 5210 et
1649 5158 1788 5211 alias
1819 5173 1834 5209 :
1875 5172 1894 5205 ι
1914 5154 2051 5208 Cum

468 5250 537 5303 ad
567 5252 808 5318 primum
839 5250 1019 5302 vicum
1056 5230 1237 5300 noctu.
1263 5246 1329 5299 ad
1375 5245 1725 5314 castigandos
1758 5245 2054 5299 seditiosos

469 5335 673 5403 abires,
698 5338 916 5407 Deoqoe
936 5338 1266 5392 intentiores
1288 5350 1480 5404 preces
1497 5334 1680 5390 offerri
1705 5335 2052 5400 mandasses,

470 5436 640 5482 totam
672 5438 889 5483 noctem
929 5430 1221 5483 Dominum
1255 5430 1468 5483 orando
1495 5428 1757 5495 transegi.
1788 5446 1806 5477 ι
1850 5425 2056 5481 Deinde

469 5534 663 5575 vocem
691 5520 874 5573 audivi
905 5520 1213 5576 dicentem:
1241 5539 1259 5570 ι
1288 5519 1365 5575 Ne
1395 5522 1613 5584 timeas,
1648 5517 1854 5572 Jacobe
1882 5534 1894 5569 :
1928 5531 2052 5570 nam

471 5625 708 5681 magnus
746 5608 992 5669 Joannes
1041 5612 1290 5682 Baptista
1353 5621 1468 5667 tota
1521 5622 1681 5665 nocte
1718 5618 1841 5664 orat
1887 5609 2055 5663 Deum

471 5703 860 5761 universorum
890 5721 904 5759 :
934 5711 988 5759 et
1016 5717 1214 5774 magna
1255 5718 1480 5772 prorsus
1504 5704 1645 5757 facta
1677 5701 1856 5756 c'zerles
1884 5711 2051 5768 esset,

473 5791 587 5849 nisi
612 5793 736 5862 ejus
766 5793 1075 5849 interventu
1117 5807 1374 5863 repressa
1405 5795 1603 5849 fuisset
1636 5793 1840 5846 diaboli
1882 5795 2055 5848 auda-

474 5881 584 5937 cla.
627 5898 645 5932 ι
692 5879 818 5933 Haec
850 5882 939 5936 ille
984 5884 1115 5936 mihi
1167 5897 1294 5935 cum
1343 5894 1645 5949 narrasset,
1693 5885 1947 5953 praecepit
1998 5897 2057 5941 ut

2158 4699 2323 4771 αὑτρν
2348 4697 2561 4768 καιρὸν,
2593 4696 2755 4758 αὐτὸς
2784 4696 2990 4757 ἐκεῖνος
3015 4694 3301 4762 ἐπιφανείς
3327 4710 3341 4724 ·
3374 4713 3392 4744 ι
3421 4691 3589 4761 ”Ορα.
3612 4691 3742 4760 ἔφη,

2112 4776 2119 4782 ’
2158 4790 2354 4859 ἀδελφέ
2397 4787 2642 4853 Ἰάκωϐε,
2676 4786 2765 4840 τὸν
2793 4786 3002 4855 ἐκεῖθεν
3030 4785 3264 4848 ἑστῶτα,
3287 4777 3347 4838 οὗ
3376 4785 3408 4853 ὴ
3441 4783 3541 4853 μὲν
3577 4780 3745 4851 ἐσθὴς

2157 4883 2296 4955 χιόνι
2331 4879 2475 4934 κατὰ
2520 4877 2617 4949 τὴν
2653 4879 2843 4947 χροιὰν
2885 4875 3237 4942 ἀπείκασται,
3274 4874 3526 4937 κλίϐανος
3549 4874 3609 4927 δὲ
3643 4873 3746 4928 αὑ-

2157 4975 2252 5030 τοῦ
2286 4973 2458 5045 πυρὸς
2507 4970 2815 5043 πρόκειται.
2842 4990 2860 5022 ι
2911 4968 3075 5039 Ἐμοῦ
3107 4969 3163 5021 δὲ
3210 4969 3308 5031 τὰς
3368 4967 3520 5036 ὄψεις
3559 4968 3744 5019 ἐκεῖσε

2164 5064 2509 5136 μεταθέντος,
2544 5061 2759 5130 καὶτὸν
2808 5060 3117 5133 Βαπτιστὴν
3159 5060 3411 5128 Ἰωάννην
3464 5059 3747 5111 ὑποτοπάο

2162 5172 2373 5219 σαντος,
2404 5156 2500 5208 καὶ
2538 5157 2647 5225 γὰρ
2701 5153 2799 5225 την
2851 5154 3046 5224 στολὴν
3106 5152 3486 5224 περιϐέϐλητο,
3510 5150 3605 5203 καὶ
3649 5148 3749 5220 τὴν

2162 5251 2319 5319 χεῖρα
2347 5248 2422 5312 ὼς
2449 5247 2725 5316 βαπτίζων
2777 5246 3056 5317 προέτεινε
3085 5260 3098 5274 °
3136 5263 3154 5295 ι
3180 5244 3352 5307 Αὐτός
3398 5246 3565 5307 ἐστιν,
3614 5243 3747 5311 ἔφη,

2167 5338 2228 5391 ὃν
2267 5339 2543 5401 ὑπέλαϐες
2586 5334 2757 5391 εἶναι·
2784 5357 2803 5389 ι
2833 5340 2927 5393 καὶ
2974 5337 3162 5391 ἄλλοτε
3194 5336 3284 5390 δέ’
3316 5355 3335 5388 ι
3369 5333 3582 5397 ’Πνίκα,
3615 5333 3743 5405 ἔφη,

2159 5431 2241 5492 εἱς
2300 5431 2398 5500 τὴν
2436 5428 2662 5501 πρώτην
2700 5411 2916 5498 νύκτωρ
2945 5424 3145 5497 ἀπῄεις
3172 5424 3388 5496 κώμην.
3436 5421 3747 5475 παιδεύσων

2161 5519 2236 5582 ὡς
2266 5519 2615 5583 στασιαστὰς,
2659 5517 3084 5587 σπουδαιοτέραν
3108 5514 3187 5585 τῷ
3212 5515 3330 5584 Θεῴ
3356 5515 3747 5584 προσενεγκεῖν

2161 5612 2325 5681 εὐχὴν
2360 5612 2774 5681 παρεγγυήσας,
2806 5611 3083 5680 ἄγρυπνος
3106 5606 3383 5661 διετέλεσα
3416 5605 3508 5658 τὸν
3539 5605 3747 5657 Δεσπό-

2161 5720 2260 5773 την
2323 5703 2637 5755 ἀντιϐολῶν.
2667 5720 2685 5753 ι
2738 5697 2874 5755 Εἶτα
2929 5700 3113 5770 φωνῆς
3166 5700 3382 5770 ἀκήκοα
3437 5697 3743 5768 λεγούσης’

2170 5813 2188 5845 α
2213 5794 2394 5863 Μηδὲν
2421 5794 2626 5865 δείσῃς,
2680 5794 2906 5848 Ἰάκωϐε
2942 5810 2955 5823 ⁸
2988 5796 3016 5847 ὁ
3048 5791 3157 5863 γὰρ
3214 5792 3388 5861 μέγας
3430 5791 3683 5862 Ἰωάννης
3718 5792 3747 5844 ὁ

2166 5885 2473 5955 Βαπτιστὴς
2525 5885 2818 5957 παννύχιον
2856 5884 3125 5942 ἀντιϐολεῖ
3152 5884 3241 5937 τὸν
3275 5883 3381 5937 τῶν
3412 5882 3548 5937 ὅλων
3581 5882 3741 5938 Θεάιν·
