4074 6408
266 437 328 502 Η
351 437 409 505 Ξ5

1464 432 1883 497 RELIGIOSA
1957 418 2345 495 HISTORIA.

3402 434 3541 498 14ίῦ

263 548 433 614 πολὺς
464 548 573 619 γὰρ
603 548 668 603 ἂν
722 547 967 616 ἐγεγόνει
1022 546 1202 615 φόνος,
1236 546 1284 598 εἰ
1336 543 1408 615 μὴ
1469 547 1590 606 ταῖς
1648 542 1857 596 ἐκείνου

1964 541 2107 611 apud
2137 558 2225 597 me
2260 556 2558 609 servarem,
2592 558 2692 597 nec
2725 559 2850 597 eum
2896 543 3019 599 aliis
3054 545 3539 603 communicarent.

262 641 585 714 πρεσϐείαις
615 640 847 710 ἐσϐέσθη
881 638 975 693 τοῦ
1000 637 1249 693 διαϐόλου
1275 638 1336 692 τὸ
1367 637 1582 709 θράσος.
1612 648 1634 688 “›
1663 634 1852 688 Ταῦτά

265 753 354 806 μοι
383 733 810 804 διηγησάμενος,
862 730 1221 801 παρεγγύησε
1281 730 1445 801 μόνον
1502 730 1727 790 εἰδέναι.
1756 727 1851 780 καὶ

264 827 340 898 μὴ
398 825 588 879 λαϐεῖν
643 826 838 889 ἄλλους
887 824 1231 895 συνίστορας.
1274 824 1415 893 Ἐγὼ
1458 824 1516 876 δὲ
1582 820 1851 892 ὡφελείας

260 917 471 978 ἕνεκεν,
518 915 580 968 ού
625 915 791 985 μόνον
841 914 1054 978 πολλοῖς
1105 917 1461 985 προσήνεγκα
1493 913 1556 967 τὸ
1581 913 1848 982 διήγημα,

258 1006 397 1059 ἀλλά
423 1006 520 1058 καὶ
549 1007 841 1075 συγγραφῇ
876 1003 1246 1074 παραδίδωμι.
1300 1003 1409 1055 Καὶ
1452 1003 1650 1073 Ἰωσὴφ
1676 1001 1734 1054 δὲ
1760 1001 1852 1053 τὸν

258 1098 612 1167 πατριάρχην
642 1096 941 1150 θεάσασθαι
977 1096 1102 1167 ἔφη,
1146 1096 1239 1149 καὶ
1264 1094 1363 1165 τὴν
1393 1093 1637 1162 κεφαλὴν
1666 1091 1852 1146 πολιόν

258 1194 355 1243 καὶ
380 1189 440 1241 τὸ
474 1190 702 1256 γένειον,
727 1188 819 1242 καὶ
844 1189 902 1242 ὲν
935 1189 1082 1260 γήρα
1128 1188 1227 1258 τῆς
1277 1186 1423 1258 ὥρας
1469 1184 1701 1252 ἀφιέντα
1751 1183 1850 1253 τὴν

1956 633 2028 687 At
2056 649 2158 704 ego
2186 633 2443 689 utilitatis
2467 634 2641 704 gratia
2670 635 2883 707 1247
2918 650 3027 689 non
3053 637 3234 691 solum
3266 639 3455 694 multis
3478 653 3543 695 ea

1959 727 2173 780 narravi
2206 727 2303 781 sed
2341 742 2494 782 nunc
2526 729 2690 781 etiam
2724 727 2926 782 litteris
2968 728 3190 782 mando.
3230 726 3338 783 Sed
3361 738 3425 788 et
3453 727 3542 784 Jo-

1958 815 2189 885 sephum
2222 817 2597 886 patriarcham
2634 818 2817 872 aiebat
2846 832 2905 872 se
2934 818 3157 882 vidisse,
3189 833 3330 874 cano
3365 820 3551 889 capite

1958 914 2122 974 atque
2171 906 2360 973 barba,
2387 915 2462 962 .et
2510 909 2561 962 in
2617 908 2775 964 senili
2817 916 2979 963 aetate
3019 908 3212 964 fortine
3248 910 3548 978 splendore

1951 996 2282 1062 radiantem,
2313 999 2408 1068 qui
2442 999 2496 1053 in
2529 1000 2648 1068 ipso
2679 1001 2904 1054 virtutis
2936 999 3160 1071 fastigio
3200 1008 3544 1070 postremum

1954 1103 2016 1144 se
2050 1097 2371 1144 sanctorum
2410 1093 2790 1161 nuncupabat.
2830 1110 2847 1142 ι
2885 1091 3017 1145 Nam
3065 1108 3190 1146 cuin
3228 1108 3330 1164 ego
3361 1093 3540 1159 illum,

1953 1180 2161 1250 inquit,
2186 1197 2380 1237 eorum
2408 1185 2501 1253 qui
2528 1184 2718 1238 eodem
2762 1185 2817 1239 in
2869 1183 3073 1239 feretro
3104 1193 3267 1238 erant
3300 1184 3541 1254 primum

258 1281 478 1351 αἴγλην,
502 1279 596 1332 καὶ
626 1281 686 1332 ὲν
714 1279 914 1350 ἀρετῆς
943 1278 1206 1349 άκρότητι
1246 1275 1476 1346 ἔσχατον
1504 1274 1693 1327 ἑαυτὸν
1741 1272 1851 1343 τῶν

1961 1273 2230 1340 dicerem,
2262 1276 2378 1346 ipse
2403 1277 2657 1331 ultimum
2694 1293 2754 1332 se
2786 1277 3120 1347 appellabat.
3164 1296 3182 1327 ι

264 1378 438 1446 ἁγίων
462 1374 822 1448 ὀνομάζοντα.
856 1393 875 1425 ι
920 1372 1086 1444 Ἐμοῢ
1156 1371 1282 1445 γὰρ,
1347 1370 1505 1442 φησὶ,
1562 1368 1783 1435 πρῶτον
1843 1367 2096 1433 λὲνοντος
2148 1369 2258 1425 τῶν
2308 1372 2409 1443 τῆς
2450 1370 2626 1443 θήκης
2676 1371 2824 1441 αὐτῷ
2883 1371 3310 1448 κοινωνούντων,
3382 1370 3543 1434 αὐτὸς

216 1436 702 1544 -ἑαυτὸνέσέατον
730 1436 1006 1541 ὠνόμαζε..
1034 1488 1053 1520 ι
1168 1436 1180 1441 ἰ
1234 1436 1246 1445 ’
1359 1436 1371 1441 Ψ
1410 1436 1421 1442 -
1492 1436 1495 1437 ν
2205 1498 2213 1503 .
2355 1436 2378 1516 ί
2505 1436 2516 1443 ”
2582 1436 2593 1442 ’
2796 1436 2807 1441 ”
2883 1436 2899 1450 ’

327 1568 642 1638 Διηγήσατο
673 1564 730 1618 δέ
764 1581 854 1634 μοι
886 1563 984 1616 καὶ
1015 1562 1114 1626 τὰς
1155 1563 1534 1633 γεγενημένας
1568 1557 1853 1630 αύτῷηύπὸ

1986 1634 1989 1635 ν
2022 1552 2556 1620 Narravitpracterea
2579 1549 2710 1603 mihi
2742 1550 3075 1620 multiplices
3107 1550 3375 1615 insultus,
3401 1563 3545 1620 quos

255 1660 364 1712 τῶν
416 1657 672 1728 πονηρῶν
750 1655 1046 1727 δαιμόνων,
1108 1651 1458 1715 παντοδαπὰς
1528 1650 1853 1722 προσϐολάς.

1961 1661 1985 1701 ο
2020 1642 2279 1717 pessimis
2314 1640 2671 1697 daemonibus
2717 1640 3041 1711 pertulerat.
3078 1657 3098 1690 ι
3123 1638 3273 1694 -Cum
3303 1638 3543 1709 primum

261 1770 279 1803 ι
318 1750 498 1812 Εὐθὺς
534 1750 632 1820 μὲν
658 1747 792 1824 γὰρ,
848 1747 1024 1817 ἔλεγε,
1078 1746 1283 1816 ταύτης
1322 1762 1412 1816 μοι
1451 1746 1550 1815 τῆς
1581 1741 1857 1806 πολιτείας

1961 1737 2125 1798 enim,
2155 1733 2357 1794 aiebat,
2381 1731 2487 1785 hoc
2518 1731 2639 1785 vitae
2656 1746 2832 1801 genus
2857 1744 3150 1801 aggressus
3183 1743 3329 1792 sum,
3361 1729 3545 1783 nudus

256 1841 555 1912 ἀρξαμένῳ
593 1820 801 1909 γυμνὸς
829 1836 1042 1909 ἑωρᾶτό
1089 1854 1197 1902 τις,
1242 1834 1501 1894 Αἰθίοπος
1530 1833 1668 1903 ἔχων
1689 1833 1749 1885 τὸ
1777 1826 1858 1886 εἶ-

1961 1828 2092 1884 mihi
2116 1827 2343 1898 quidam
2383 1823 2665 1893 Ethiopis
2705 1824 2889 1893 specie
2926 1821 3213 1893 apparuit,
3263 1820 3445 1890 ignem
3476 1835 3541 1874 ex

257 1934 367 1999 δος,
402 1931 517 2002 πῦρ
552 1933 618 1984 ἐκ
675 1930 784 1983 τῶν
837 1927 1135 1999 ὀφθαλμῶν
1184 1926 1386 1995 ἀφιείς.
1435 1924 1577 1993 Ἐγὼ
1605 1924 1660 1977 δὲ
1689 1924 1853 1996 ὀρῶν,

1961 1918 2139 1980 oculis
2182 1916 2458 1972 emittens.
2505 1914 2677 1981 Cujus
2723 1924 2947 1984 aspectu
2978 1914 3280 1975 exterritus
3313 1914 3380 1965 ad
3415 1927 3542 1965 ora-

258 2028 409 2090 δέους
438 2044 496 2079 τε
524 2023 927 2094 ὲνεπιμλάμην,
953 2021 1047 2076 καὶ
1079 2021 1159 2080 εἰς
1199 2017 1361 2088 εὐχὴν
1391 2017 1723 2086 ὲτρεπόμην,
1759 2016 1854 2070 καὶ

1961 2010 2165 2065 tionem
2214 2023 2301 2063 me
2349 2007 2627 2070 converti,
2671 2013 2726 2059 et
2765 2006 2945 2059 cibum
2986 2019 3187 2074 capere
3223 2019 3333 2057 non
3368 2002 3541 2074 potui,

266 2117 594 2188 μεταλαϐεῖν
634 2116 737 2168 οὐκ
775 2112 1070 2182 ἠνειχόμην
1101 2110 1200 2180 τῆς
1227 2108 1434 2180 τροφῆς
1457 2124 1471 2137 ⁸
1502 2109 1621 2161 κατ’
1649 2107 1854 2160 ἐκεῖνον

1961 2103 2086 2174 quia
2115 2100 2219 2157 sub
2251 2099 2303 2155 id
2327 2106 2544 2170 tempus
2575 2096 2933 2167 spectandum
2955 2111 3014 2151 se
3036 2096 3221 2155 dabat.
3244 2096 3382 2151 Cum
3415 2110 3544 2151 vero

262 2212 374 2283 γάρ
391 2209 717 2279 ἐπεφαίνετο
742 2206 831 2260 τὸν
849 2205 1058 2277 καιρόν.
1095 2203 1165 2266 Ως
1195 2203 1248 2254 δὲ
1277 2201 1436 2266 ἑπτὰ,
1467 2198 1735 2265 καὶόκτὼ,
1761 2200 1855 2254 καὶ⁹

261 2304 395 2357 ὂέκα
419 2300 638 2372 διῆλθον
662 2299 889 2370 ἡμέραι,
915 2298 1009 2351 καὶ
1036 2296 1219 2358 ἄσιτος
1253 2293 1543 2357 διετέλουν,
1570 2291 1723 2356 τέλος
1754 2293 1854 2363 τῆς

262 2394 506 2465 πονηρᾶς
545 2390 737 2459 ἐφόδου
771 2387 1212 2458 καταφρονήσας,
1260 2384 1570 2454 καθήμενος
1602 2384 1700 2453 τῆς
1732 2398 1857 2452 τρο-

262 2488 369 2557 φῆς
407 2482 835 2554 μετελάμϐανον.
876 2481 934 2533 '0
963 2478 1019 2533 δὲ
1070 2472 1274 2547 ταύτην
1330 2492 1431 2546 μου
1473 2475 1572 2545 τὴν
1621 2474 1855 2545 μεγαλο-

262 2575 538 2648 φροσύνην
570 2575 669 2626 οὐκ
696 2570 962 2639 ἐνεγκὼν,
990 2568 1171 2641 ῥάϐδῳ
1202 2568 1386 2622 παίειν
1405 2567 1672 2637 ἠπείλει.»
1713 2566 1856 2636 Ἐγὼ

261 2667 341 2732 δὲ,
367 2666 496 2737 ἔφη,
530 2664 716 2733 ἔλεγον
739 2680 752 2695 ⁸
786 2683 804 2716 ι
831 2664 895 2716 Et
928 2660 1029 2733 μὲν
1052 2659 1413 2731 έπιτέτραῴαι
1447 2658 1597 2730 παρὰ
1625 2657 1720 2712 τοῦ
1746 2659 1855 2712 τῶν

262 2762 400 2815 ὅλων
428 2759 728 2824 Δεσπότου,
759 2758 906 2817 παῖε,
941 2755 1037 2808 καὶ
1072 2754 1297 2825 δέξομαι
1357 2751 1479 2824 μεθ’
1528 2752 1719 2823 ἡδονῆς
1757 2751 1854 2821 τὴν

263 2850 500 2922 πληγὴν,
536 2850 612 2913 ὡς
642 2910 643 2913 η
677 2848 769 2902 ὑπ’
824 2845 1036 2900 ἐκείνου
1094 2846 1391 2915 παιόμενος
1415 2860 1428 2873 '
1465 2846 1514 2897 εί
1554 2844 1609 2897 δὲ
1653 2842 1729 2915 μὴ
1755 2844 1856 2896 ἐπ-

265 2944 530 3016 ετράπης,
563 2943 623 2996 οὐ
657 2941 897 3006 παίσεις,
923 2938 1027 2993 κᾶν
1060 2938 1320 3008 μυριάκις
1349 2937 1642 3008 λυττήσῃς.
1673 2954 1692 2988 ι
1716 2934 1854 2989 Τού-

263 3053 371 3089 των
405 3035 645 3103 άκούσας
671 3032 1035 3106 ὲδραπέτευσε
1063 3032 1185 3084 τότε
1203 3046 1217 3060 °
1254 3030 1389 3084 ἀλλὰ
1427 3029 1590 3083 πάλιν
1615 3029 1855 3101 κρύϐδην

264 3128 486 3182 διετέλει
517 3126 748 3180 λυττῶν.
783 3127 856 3179 Τὸ
890 3127 998 3197 γὰρ
1024 3126 1107 3190 δίς
1144 3142 1234 3196 μοι
1271 3124 1371 3197 τῆς
1402 3123 1697 3195 ἑϐδομάδος
1725 3122 1858 3176 κάτ-

265 3221 405 3275 ωθεν
434 3219 797 3290 κομιζόμενον
830 3216 995 3287 ὕδωρ,
1028 3214 1286 3271 ἀπαντῶν
1325 3213 1401 3282 τῷ
1431 3212 1732 3284 κομίζοντι,
1763 3212 1859 3267 καὶ

1957 2204 2189 2266 septem,
2215 2200 2371 2259 octo,
2405 2207 2470 2246 ac
2502 2191 2694 2245 decem
2722 2188 2836 2257 jam
2882 2188 3055 2259 elapsi
3095 2188 3214 2243 dies
3248 2195 3457 2255 essent,
3487 2196 3545 2243 et

1951 2284 2180 2358 jejunus
2208 2298 2610 2355 permanerem,
2646 2281 2866 2336 tandem
2920 2281 3117 2335 acerba
3174 2280 3534 2335 infestaticne

1957 2385 2275 2447 contempta
2296 2376 2482 2431 cibum
2514 2373 2715 2430 sedens
2750 2373 2981 2442 sumpsi.
3023 2372 3199 2438 Quam
3244 2372 3336 2428 ille
3369 2371 3543 2426 animi

1956 2474 2064 2530 mei
2099 2459 2471 2529 constantiam
2501 2485 2612 2524 non
2644 2467 2847 2530 ferens,
2880 2467 2897 2487 ‘
2934 2467 3102 2536 virgae
3127 2465 3271 2521 ictus
3306 2465 3545 2520 intenta-

1956 2566 2068 2622 bat.
2105 2584 2124 2618 ι
2170 2565 2315 2634 «Ego
2345 2576 2473 2618 vero
2502 2561 2772 2626 dicebam,
2796 2561 2916 2614 ait:
2946 2577 2965 2610 ι
2988 2559 3043 2613 Si
3063 2559 3283 2629 quidem
3318 2557 3423 2611 hoc
3444 2556 3556 2612 tibi

1957 2660 2026 2714 ab
2050 2658 2436 2714 universorum
2462 2654 2697 2709 Domino
2723 2652 3057 2724 permissum
3082 2658 3202 2713 est,
3220 2659 3471 2721 percute,
3491 2657 3548 2705 et

1955 2750 2145 2821 plagas
2177 2748 2413 2802 libenter
2445 2752 2709 2814 tanquam
2741 2743 2812 2797 ab
2856 2757 2923 2797 eo
2970 2739 3213 2796 inflictas
3251 2739 3545 2809 accipiam.

1958 2841 2116 2906 Quod
2170 2839 2216 2894 si
2267 2837 2601 2909 permissum
2643 2850 2752 2889 non
2807 2835 2907 2900 sit,
2962 2833 3192 2886 minime
3239 2832 3546 2902 percuties,

1957 2932 2158 2987 millies
2182 2929 2435 3001 quamvis
2465 2942 2591 2982 cum
2627 2926 2818 2982 furore
2841 2925 3105 2981 insanias.
3136 2943 3160 2974 θ
3207 2922 3305 2979 His
3320 2924 3545 2990 auditis,

1960 3023 2084 3094 fuga
2103 3030 2235 3076 tunc
2252 3037 2309 3078 se
2331 3021 2639 3091 proripuit:
2675 3018 2772 3074 sed
2794 3018 2935 3072 clam
2960 3032 3181 3072 rursum
3220 3015 3403 3070 furere
3432 3030 3542 3069 non

1958 3114 2145 3171 desiit.
2178 3113 2392 3183 Aquam
2420 3113 2593 3176 enim,
2618 3126 2744 3182 qua:
2770 3109 2855 3163 bis
2892 3108 2961 3162 ad
2992 3124 3080 3163 me
3111 3123 3208 3177 per
3240 3106 3546 3161 hebdoma-

1959 3208 2085 3263 dam
2107 3222 2174 3262 οι
2209 3204 2471 3261 inferiore
2497 3190 2621 3272 loco
2652 3199 3115 3263 aderebatur,,ci
3153 3200 3246 3269 qui
3282 3197 3548 3253 afferebat

265 3315 324 3368 τὸ
345 3314 478 3385 ὲμὸν
507 3307 647 3375 εἶδος
671 3309 849 3382 ’μιμού
859 3325 1041 3381 μενος,
1079 3306 1389 3377 ἐλάμϐανε,
1406 3306 1498 3358 καὶ
1514 3305 1740 3359 ἀπιέναι
1764 3322 1857 3358 κεο

1961 3310 2280 3359 occurrens,
2301 3295 2628 3362 vultumque
2659 3304 2843 3344 meum
2864 3287 3197 3355 emcntiens,
3217 3283 3546 3353 accipiebat,

265 3406 456 3460 λεύωιῖ
473 3406 679 3460 ἐκεῖνον
710 3402 887 3473 ἐξέχει
907 3401 971 3456 τὸ
994 3403 1164 3472 νᾶμα.
1216 3399 1326 3451 Καὶ
1348 3397 1506 3450 τοῦτο
1542 3399 1601 3450 οὐ
1634 3398 1721 3460 δὶς
1773 3397 1862 3466 μό-

266 3518 374 3563 νον,
404 3498 541 3553 ἀλλὰ
575 3498 669 3552 καὶ
708 3500 827 3568 τρὶς
884 3496 1140 3566 ποιήσας,
1165 3493 1226 3546 τὸ
1264 3492 1358 3544 τοῦ
1389 3491 1579 3561 δίψους
1638 3507 1728 3561 μοι
1757 3491 1861 3568 ἐττ-

267 3558 597 3662 εστράτυευσε
653 3558 848 3652 πάθος.
881 3558 1093 3656 Σφόδρα
1127 3558 1184 3638 δὲ
1214 3558 1477 3655 ἀνιαθεὶς,
1526 3558 1742 3651 ἠρόμην
1768 3558 1860 3633 τόν

267 3686 495 3740 εἰωθότα
546 3683 821 3754 κομίζειν·
862 3699 880 3732 ι
918 3680 983 3733 Τί
1052 3679 1115 3750 δή
1187 3694 1317 3731 ποτε
1372 3675 1534 3728 πέντε
1589 3675 1681 3727 καὶ
1727 3673 1860 3726 δέκα

266 3777 592 3833 διελθουσῶν
623 3774 847 3848 ἡμερῶν
879 3773 980 3827 οὐκ
1008 3770 1273 3841 ἐκόμισας
1297 3768 1471 3839 ὓδωρ;
1519 3784 1536 3817 ι
1575 3766 1635 3819 '0
1667 3765 1723 3817 δὲ
1741 3764 1859 3834 τρὶς

268 3872 421 3942 ελεγε
452 3872 547 3924 καὶ
578 3869 841 3940 τετράκις
901 3863 1282 3935 κεκομικέναι,
1344 3858 1439 3913 καί
1487 3875 1557 3929 με
1595 3855 1751 3910 τοῦτο
1770 3856 1860 3909 δεο

268 3964 474 4035 δέχθαι.
515 3978 532 4013 ι
580 3961 690 4014 Καὶ
712 3959 816 4013 ποῦ
856 3957 1035 4022 τοῦτο,
1096 3955 1254 4025 ἔφην,
1310 3950 1420 4022 ἐγὼ
1465 3949 1614 4020 παρὰ
1638 3947 1732 4002 σοῦ
1763 3947 1862 4016 φέ-

272 4075 458 4130 ροντος
483 4055 752 4126 ἐδεξάμην
774 4071 788 4119 ;
821 4071 840 4104 ι
884 4052 970 4115 Ὣς
989 4050 1045 4104 δὲ
1075 4048 1167 4103 τὸν
1195 4047 1359 4101 τόπον
1386 4042 1631 4110 ὑπέδειξε
1658 4059 1672 4075 ’
1703 4061 1721 4094 ι
1741 4041 1861 4101 Κᾶν

274 4151 557 4223 μυριάκις,
585 4147 746 4218 ἔφην,
782 4146 900 4197 ἐκεῖ
937 4160 1003 4214 με
1045 4141 1217 4212 θεάσῃ
1263 4138 1725 4212 παραγινόμενον,
1786 4131 1860 4205 μὴ

269 4243 374 4315 δῷς
403 4242 465 4297 τὸ
502 4225 745 4308 ἀγγείον,
776 4236 882 4300 ’έως
936 4235 1016 4297 εἰς
1060 4231 1248 4286 τοῦτον
1299 4230 1475 4305 ἀφίκῃ
1504 4229 1592 4282 τὸν
1617 4227 1803 4280 τόπον.
1838 4243 1856 4276 ι

270 4335 431 4389 Οὕτω
471 4333 565 4387 καὶ
592 4334 799 4401 ταύτην
855 4326 1022 4381 αὑτοῦ
1076 4325 1174 4395 τὴν
1231 4321 1527 4392 ἐπιϐουλὴν
1580 4317 1862 4383 διαλύσας,

271 4422 426 4489 αὖθις
456 4425 647 4496 ἑτέρας
680 4420 968 4491 ἐπειράθη.
996 4417 1103 4488 Boi}
1131 4415 1240 4487 γὰρ
1273 4414 1489 4483 νύκτωρ
1518 4411 1865 4483 χρησάμενος

271 4518 399 4589 ἔφη,
421 4520 503 4572 ὅτι
529 4538 547 4570 ι
576 4518 646 4571 Σέ
661 4513 932 4585 τοσαύτης
960 4510 1223 4572 δυσωδίας
1245 4508 1531 4579 ἐμπλήσω,
1560 4506 1652 4558 καὶ
1669 4500 1865 4557 τοσαύ-

268 4626 371 4681 την
407 4609 697 4663 δύσκλειαν
722 4604 1143 4665 κατασκευάσω,
1169 4601 1245 4662 ὡς
1288 4598 1495 4671 μηδένα
1526 4613 1587 4649 σε
1617 4592 1863 4666 μηδαμό-

272 4702 364 4757 θεν
389 4700 688 4756 θεάσασθαι
711 4698 1018 4770 ἄνθρωπον.
1052 4712 1070 4744 ι
1107 4690 1249 4761 Ἐγὼ
1273 4691 1350 4753 δὲ,
1385 4688 1511 4758 ἔφη,
1534 4687 1671 4758 πρὸς
1693 4685 1866 4739 ταῦτα

182 4816 189 4821 λ
271 4795 660 4866 ἀπεκρινάμην
683 4834 696 4855 ,
724 4792 807 4845 ὅτι
841 4810 858 4842 ι
883 4790 974 4842 Σοι
997 4786 1158 4857 χάριν
1187 4781 1540 4854 ὁμολογήσω·
1579 4778 1737 4832 ἄκων
1756 4777 1866 4848 γὰρ

201 4908 207 4913 ν
271 4884 665 4954 εὑεργετήσεις
717 4880 810 4933 τὸν
852 4875 1116 4947 δυσμενῆ,
1152 4874 1314 4926 πλέον
1362 4870 1631 4940 ὲντρυφᾷν
1666 4871 1731 4938 τῇ
1776 4868 1869 4922 τοῦ

270 4974 410 5029 Θεοῦ
438 4975 631 5045 μνήμῃ
669 4967 1131 5042 παρασκευάζων.
1198 4962 1404 5033 Σχολῆς
1466 4961 1577 5030 γὰρ
1623 4958 1870 5045 πλείονος

270 5039 789 5132 ἀπολαύωνξέργον
827 5061 1014 5130 σχήσω
1052 5055 1295 5126 διηνεκὲς
1328 5051 1422 5105 τοῦ
1458 5050 1603 5104 θείου
1640 5039 1871 5113 κάλλους

270 5158 373 5226 τὴν
400 5155 729 5225 φαντασίαν.
775 5171 795 5207 ι
834 5148 1260 5218 Ὀλίγων-τοίνυν
1283 5142 1605 5198 διελθουσῶν
1621 5139 1865 5211 ἡμερῶν,

275 5249 551 5322 μεσούσης
576 5247 792 5318 ἡμέρας
815 5245 913 5315 τὴν
937 5241 1192 5296 εἰωθυῖαν
1216 5236 1558 5307 λειτουργίαν
1582 5232 1864 5295 ἐπιτελῶν,

272 5342 408 5413 ὁρῶ,
441 5341 569 5412 ἔφη,
628 5338 724 5392 δύο
783 5339 849 5391 ἐκ
895 5336 992 5389 τοῦ
1021 5334 1182 5406 δρους
1228 5328 1524 5391 κατιούσας
1578 5314 1864 5395 γυναῖκας.

286 5433 432 5504 Ἐγὼ
458 5433 516 5489 δὲ
549 5433 609 5486 τὸ
635 5431 801 5502 ἄηθες
829 5427 1192 5500 δυσχεράνας,
1222 5423 1317 5478 καὶ
1346 5420 1516 5484 λίθοις
1535 5418 1714 5490 βαλεῖν
1745 5419 1867 5471 ἐπι-

271 5526 563 5599 χειρήσας,
625 5525 724 5594 τῆς
768 5521 865 5576 τοῦ
936 5521 1234 5589 ἀλάστορος
1287 5513 1520 5585 ἀπειλῆς
1562 5510 1862 5584 ἐμνήσθην,

276 5617 374 5673 καὶ
394 5616 600 5686 ταύτην
628 5612 905 5668 ὑπέλαϐον
966 5607 1109 5666 εἶναι
1162 5609 1262 5679 τὴν
1307 5606 1618 5660 δύσκλειαν.
1656 5601 1868 5670 ’Ἑφθῃν

274 5710 460 5763 τοίνυν
488 5706 711 5778 βοήσας,
761 5705 835 5768 ὡς
864 5705 914 5758 εί
945 5702 1041 5757 καὶ
1085 5703 1196 5764 τοῖς
1251 5697 1422 5770 ὤμοις
1466 5692 1867 5778 ὲπικαθίσαιεν,

276 5802 341 5856 οὐ
372 5767 519 5871 βαλῶ
548 5767 882 5860 τοῖςλίοοις,
918 5794 979 5848 οὐ
1002 5790 1201 5858 διώξω,
1239 5767 1376 5862 μόνῃ
1409 5788 1466 5841 δὲ
1505 5767 1782 5857 χρήσόμαι
1804 5783 1869 5851 τῇ

284 5892 590 5964 προσευχῇ.
614 5887 801 5943 Ταῦτα
821 5887 980 5959 ἔφην,
997 5887 1053 5941 at
1075 5884 1130 5937 δὲ
1155 5883 1373 5955 φρουδοι
1396 5879 1488 5942 ἐγέ
1508 5895 1663 5943 θοντο,
1683 5876 1777 5930 καὶ
1799 5873 1875 5937 τῷ

1963 3401 2139 3457 eoque
2170 3399 2298 3439 mox
2330 3382 2564 3438 dimisso
2589 3388 2762 3434 totam
2790 3375 3300 3443 eﬂ’undebat.Quod
3326 3375 3545 3455 iterum

1962 3495 2028 3533 ac
2056 3452 2226 3533 tertio
2256 3492 2382 3532 cum
2428 3472 2897 3535 fecisset,'valida
2938 3486 3026 3526 me
3056 3470 3146 3525 siti
3188 3452 3545 3538 Oppugnavit,

1964 3569 2231 3641 grairique
2264 3566 2495 3622 affectus
2529 3563 2782 3621 molestia
2810 3602 2823 3624 ,
2856 3560 3085 3631 quaesivi
3128 3574 3194 3613 ex
3221 3573 3287 3612 eo
3327 3555 3420 3626 qui
3450 3556 3548 3610 de-

1966 3650 2113 3732 ferre
2136 3665 2503 3729 consueverat
2528 3675 2540 3710 :
2571 3673 2590 3705 ι
2618 3655 2801 3720 Quare
2829 3668 2924 3723 per
2946 3650 3266 3722 quindecim
3296 3649 3399 3704 hos
3431 3649 3547 3703 dies

1963 3768 2161 3826 aquam
2207 3767 2318 3805 non
2358 3747 2639 3802 attulisti?
2677 3764 2695 3796 ι
2743 3755 2791 3800 et
2829 3759 2953 3798 cunt
2992 3743 3084 3796 ille
3128 3756 3185 3795 se
3214 3748 3298 3793 ter
3332 3736 3548 3808 1248

1961 3852 2263 3916 quaterque
2298 3840 2575 3899 attulisse.
2600 3853 2794 3907 meque.
2829 3833 3138 3904 accepisse,
3171 3831 3413 3886 diceret:
3450 3829 3549 3884 «Et

1960 3953 2093 4010 quo,
2145 3936 2394 4006 inquam,
2436 3932 2557 3986 loco
2596 3930 2696 3985 abs
2729 3936 2782 3983 te
2823 3925 3038 3980 allatam
3074 3920 3301 3991 accepi?
3340 3939 3360 3974 ι
3386 3935 3547 3974 cum-

1961 4046 2070 4103 que
2090 4033 2272 4085 locum
2299 4024 2638 4083 ostendisset
2672 4041 2687 4055 ο
2734 4040 2753 4075 ι
2781 4018 2976 4097 Milljes
3012 4016 3159 4080 licet,
3194 4014 3333 4079 dixr,
3365 4027 3431 4067 eo
3458 4027 3550 4068 ve-

1962 4127 2204 4181 nientem
2229 4119 2454 4182 videris,
2487 4132 2586 4173 vas
2607 4131 2676 4171 ne
2702 4112 2930 4178 tradito,
2963 4110 3285 4181 priusquam
3310 4106 3379 4162 ad
3401 4108 3548 4161 hunc
3627 4099 3630 4102 ’

1963 4219 2147 4275 locum
2177 4196 2516 4284 perveneris.
2548 4228 2567 4261 ι
2606 4206 2721 4262 Hac
2744 4196 2871 4277 ejus
2893 4217 3113 4273 quoque
3140 4199 3549 4254 machinatione
3584 4198 3589 4203 “

1966 4311 2048 4367 sic
2078 4321 2297 4373 eversa,
2326 4304 2488 4357 aliam
2530 4314 2735 4355 rursus
2764 4295 3016 4352 tentavit.
3055 4292 3226 4347 Noctu
3263 4291 3408 4346 enim
3451 4304 3550 4343 vo-

1965 4402 2242 4458 ciferans:
2281 4416 2299 4449 ι
2333 4393 2532 4455 Tanto,
2561 4389 2764 4462 inquit,
2795 4389 2965 4444 fetore
2993 4395 3046 4441 te
3078 4383 3340 4453 implebo,
3371 4388 3551 4434 tanta-

1966 4507 2075 4564 que
2129 4502 2415 4561 aspergam
2475 4484 2741 4544 infamia,
2796 4492 2854 4535 ut
2906 4478 3099 4534 oculos
3148 4474 3213 4528 ad
3274 4483 3326 4529 te
3389 4487 3553 4527 nemo

1974 4600 2207 4657 usquam
2235 4581 2520 4637 hominum
2549 4578 2792 4648 adjiciat.
2827 4592 2844 4625 ι
2873 4571 3084 4638 Quibus
3122 4568 3195 4622 ita
3232 4582 3293 4620 se
3323 4578 3552 4635 respon-

1896 4662 1942 4718 D
1970 4654 2121 4735 disse
2139 4674 2357 4730 dicebat
2381 4682 2437 4726 ε’(
2450 4672 2517 4724 At
2536 4677 2637 4739 ego
2655 4666 2752 4720 tibi
2768 4665 2975 4719 habebo
3001 4655 3421 4731 gratiam,quod
3443 4654 3579 4732 ini-_

1967 4770 2177 4823 micum
2211 4767 2405 4821 nolens
2427 4761 2629 4816 adicies
2648 4754 2936 4818 beneﬁcio,
2964 4754 3068 4807 hoc
3097 4749 3358 4805 nimirum
3384 4761 3552 4817 agens

1967 4869 2031 4917 ut
2068 4862 2122 4916 in
2174 4858 2266 4913 Dei
2324 4853 2707 4912 recordatione
2762 4847 2988 4903 uberius
3041 4843 3373 4900 oblectetur.
3421 4838 3553 4893 Plus

1966 4953 2114 5009 enim
2152 4950 2452 5009 otiinacto
2491 4950 2824 5015 perpetuum
2876 4953 3016 5008 epus
3047 4934 3155 4988 erit
3195 4928 3396 4988 divinae
3429 4929 3548 4999 pul-

1969 5044 2309 5101 chritudinis
2336 5036 2751 5107 contemplatio.
2780 5052 2799 5085 ι
2822 5032 3022 5087 Paucis
3059 5027 3224 5098 igitur
3252 5024 3561 5081 transactis

1969 5136 2186 5201 diebus,
2206 5115 2332 5189 cum
2362 5132 2581 5189 solitam
2618 5126 2898 5197 liturgiam
2932 5121 3163 5201 meridie
3193 5128 3506 5188 peragerent
3536 5150 3552 5173 ,

1978 5248 1996 5282 ι
2023 5228 2188 5290 Duas,
2224 5224 2426 5295 inquit,
2455 5221 2686 5277 feminas
2723 5218 2789 5273 de
2816 5198 2999 5270 monte
3027 5205 3428 5295 descendentes
3469 5201 3553 5254 vi-

1971 5322 2096 5377 deo.
2131 5339 2149 5373 ι
2172 5320 2235 5373 Et
2253 5290 2378 5372 cum
2412 5330 2470 5370 re
2498 5312 2723 5368 insolita
2755 5307 3112 5380 perturbatus
3140 5290 3415 5371 lapidibus
3446 5295 3553 5350 im-

1970 5422 2159 5485 petere
2195 5421 2468 5480 pararem,
2495 5419 2692 5459 venere
2723 5402 2778 5454 in
2800 5406 3050 5454 .mentcm
3083 5393 3243 5447 mina:
3270 5386 3552 5448 scelerati.

1966 5484 2135 5575 atque
2148 5503 2288 5557 hanc
2301 5513 2425 5556 esse
2442 5497 2727 5551 infamiam
2749 5493 2897 5548 illam
2917 5487 3151 5559 conjeci.
3167 5484 3348 5553 Quare
3361 5495 3557 5552 magna

1973 5573 2107 5651 voce
2130 5598 2484 5648 antevertens
2518 5587 2660 5649 dixi,
2696 5601 2781 5640 me
2809 5584 2951 5647 illas,
2972 5582 3110 5635 licet
3141 5576 3384 5633 humeris
3421 5573 3557 5627 meis

1974 5687 2303 5749 insiderent.
2336 5697 2438 5738 nec
2470 5679 2745 5750 lapidibus
2780 5676 3180 5749 appetiturum,
3204 5684 3306 5725 nec
3336 5668 3558 5721 insecu-

1975 5789 2184 5843 turum,
2216 5775 2312 5834 sed
2342 5776 2480 5832 solis
2509 5771 2769 5845 precibus
2816 5772 3218 5839 pugnaturum.
3253 5757 3376 5812 Haec
3410 5769 3553 5825 ego:

1977 5874 2080 5928 illa:
2107 5886 2236 5927 vero
2254 5874 2621 5934 evanuerunt,
2645 5871 2838 5921 etcum
2867 5856 3049 5915 verbis
3065 5855 3202 5911 meis
3214 5852 3376 5908 linem
3407 5845 3558 5917 cepit
