4074 6402
553 422 694 489 1447

1524 420 2015 482 ΤΠΕοοοξιΕΤι
2051 377 2395 482 Εριεεουι
2423 420 2793 482 CYR‘ENSIS

3683 424 3807 511 ita;

548 536 715 590 inane
741 531 1140 589 spectaculum.
1186 529 1314 585 Post
1338 529 1456 585 haec
1484 544 1681 585 rursus
1727 546 1741 583 :
1772 550 1789 581 ι
1816 527 2006 595 Nocte,
2042 544 2127 583 In-

2248 528 2803 600 λόγῳσυνεπληροῦτο
2825 527 2923 598 τῆς
2948 526 3075 591 θέας
3116 528 3149 600 ἡ
3175 527 3460 597 φαντασία.
3485 546 3505 582 ι
3527 526 3812 587 Μετὶιταῦ-

547 625 687 696 quit,
715 640 840 681 cum
873 638 1111 688 orarem,
1142 621 1380 677 vehiculi
1406 620 1674 689 strepitus
1699 619 1923 676 auditus
1949 627 2057 683 est,
2078 627 2133 674 et

548 717 668 773 auri
682 732 760 786 ge
791 718 1017 775 clamor.
1046 724 1426 784 equorumque
1450 712 1915 775 hiimientium,et
1938 726 2025 766 me
2053 712 2133 766 rei

548 810 767 865 novitas
790 807 1167 862 conturbav'it.
1186 805 1509 875 Cogitabam
1530 805 1700 871 enim,
1719 820 1823 858 nec
1843 803 2134 874 praasidem

548 903 603 957 in
646 901 782 956 urbe
822 908 957 954 tunc
1003 900 1239 961 versari,
1290 912 1393 952 nec
1442 897 1586 950 viam
1641 911 1906 950 curruum
1940 896 2085 951 hanc
2114 895 2134 918 ⁶

452 1018 455 1021 λ
548 1008 692 1058 esse,
727 1008 829 1048 nec
862 1001 1078 1062 tempus
1123 989 1394 1045 vehiculis
1442 1000 1839 1059 opportunum.
1872 986 2001 1043 Haec
2035 1002 2136 1040 au-

545 1094 655 1140 tem
697 1093 990 1155 reputante
1029 1100 1137 1147 mc,
1186 1081 1409 1135 auditus
1440 1081 1836 1137 est'tnmultus
1868 1089 2134 1150 tanquam

546 1178 1045 1249 appropinquantis
1074 1175 1473 1236 multitudinis,
1506 1174 1884 1243 praeibantque
1911 1173 2136 1229 lictores

545 1244 770 1340 quidam
802 1244 1129 1327 clamantes,
1154 1266 1469 1329 sibilantes,
1502 1265 1806 1336 etllurbam
1848 1264 1916 1319 de
1955 1262 2138 1319 medio

546 1363 967 1423 submoventes,
1005 1358 1226 1435 1253
1255 1360 1507 1427 viamque
1545 1356 1786 1427 principi
1824 1355 2134 1427 expeditam

544 1462 823 1525 parantes.
854 1451 951 1508 Ubi
984 1469 1112 1507 vero
1138 1450 1375 1521 proximi
1405 1467 1527 1506 esse
1550 1450 1681 1503 mihi
1713 1450 1815 1504 visi
1839 1459 1990 1517 sunt,
2021 1457 2135 1502 tum

546 1564 684 1617 ego:
727 1548 895 1613 «Quis
926 1544 1024 1600 es?
1049 1546 1299 1614 inquam,
1327 1551 1381 1597 et
1406 1542 1551 1597 unde
1581 1542 1783 1597 venis?
1816 1550 1910 1595 aut
1935 1556 2043 1611 qua
2071 1541 2139 1596 de

548 1655 716 1695 causa
754 1639 857 1693 hoc
878 1646 1125 1707 tempore
1149 1636 1393 1691 venisti?
1412 1649 1705 1705 quousque
1729 1634 1893 1702 ludis,
1921 1634 2137 1697 infelix,

548 1731 903 1800 divinamque
927 1730 1248 1799 patientiam
1276 1727 1657 1783 contemnis?»
1687 1725 2051 1797 Haecegodixi
2070 1725 2139 1780 ad

545 1823 815 1877 orientem
842 1837 1169 1887 conversus,
1203 1820 1489 1888 Deumque
1515 1818 1843 1889 deprecans.
1870 1817 1970 1873 llle
2004 1832 2139 1872 vero

2236 639 2304 677 τα
2325 620 2507 675 πάλιν
2542 640 2560 673 ι
2583 619 2819 692 Νύκτωρ
2850 618 2960 688 ἐγὼ
2990 619 3107 690 μὲν,
3134 618 3261 691 ἔφη,
3286 621 3812 694 προσηυχόμηνβχή.

2240 731 2413 787 ματος
2434 712 2492 767 δέ
2511 713 2717 776 κτύπος
2748 711 2994 783 ἐφέρετο,
3026 712 3121 766 καὶ
3141 712 3362 784 ἡνιόχου
3389 713 3504 786 βοὴ,
3528 715 3622 769 καὶ
3641 716 3813 771 ἵππων

2236 806 2696 885 χρεμετιζόντων·
2720 805 2821 875 ἐμὲ
2845 805 2901 858 δέ
2916 804 3010 858 τοῦ
3045 806 3371 876 πράγματος
3402 806 3463 860 τδ
3493 807 3675 860 καινὸν
3699 808 3812 861 ἐθο-
3846 880 3851 885 ἢ

2239 898 2494 969 ρύϐησεν.
2515 898 2790 951 Ἐνενόουν
2824 896 2933 967 γὰρ
2960 896 3034 959 ὡς
3056 894 3180 949 οὔτε
3216 898 3401 967 ἄρχων
3420 897 3679 970 ἐπεδήμει
3699 900 3811 952 τότε

2236 993 2303 1060 τῇ
2333 989 2506 1056 πόλει,
2532 988 2657 1043 οὔτε
2694 988 2965 1059 ὀχήμασιν
2990 989 3023 1059 ἡ
3045 987 3163 1052 ὁδὸς
3178 984 3267 1058 ἦν,
3297 987 3422 1041 οὔτε
3453 993 3481 1042 ὁ
3515 992 3816 1061 καιρὶςτοῖς

2235 1081 2506 1153 ὀχήμασιν
2523 1082 2846 1152 ἐπιτήδειος.
2884 1081 3047 1152 Ἐμοῦ
3066 1083 3121 1135 δὲ
3147 1081 3318 1135 ταῦτα
3350 1082 3716 1154 λογιζομένου,
3734 1084 3815 1137 θό-

2242 1172 2404 1245 ρυϐός
2422 1190 2507 1236 τις
2527 1173 2762 1244 πλήθους
2785 1171 3016 1242 ἠκούετο
3039 1172 3504 1245 προσπελάζοντος
3527 1191 3539 1203 ·
3566 1176 3653 1229 καί
3676 1193 3809 1240 τινες

2239 1266 2408 1320 ἐὸόων
2423 1264 2714 1337 ἡγούμενοι
2732 1264 3073 1336 ῥαϐδοφόροι,
3100 1267 3460 1338 συρίττοντες,
3486 1269 3577 1320 καὶ
3597 1269 3819 1322 ἀπελαύ-

2240 1347 2420 1423 νοντες
2444 1358 2509 1412 ἐκ
2526 1357 2619 1411 τοῦ
2642 1357 2807 1427 μέσου
2829 1356 2956 1420 τοὺς
2983 1356 3220 1420 πλείους,
3239 1360 3332 1411 καλ⁸
3354 1360 3591 1430 εὑτρεπῆ
3615 1360 3817 1413 ποιούν-

2243 1451 2421 1520 τεςτῷ
2438 1450 2728 1520 ἡγουμένῳ
2743 1448 2840 1521 τὴν
2866 1450 3120 1520 πάροδον.
3142 1451 3229 1509 Ὠς
3245 1450 3301 1505 δὲ
3327 1451 3531 1519 σφόδρα
3552 1469 3641 1523 μοι
3667 1453 3819 1505 πελά-

2242 1542 2357 1608 ζειν
2375 1540 2539 1608 ἔδοξε,
2564 1537 2736 1604 εἷπον,
2755 1540 2881 1610 ἔφη*
2895 1559 2912 1591 ι
2927 1540 3021 1603 Τίς
3040 1536 3089 1592 εἷ
3114 1557 3128 1605 ;
3149 1541 3243 1594 καὶ
3263 1540 3425 1594 πόθεν
3442 1542 3594 1611 ἥκεις
3614 1559 3629 1607 ;
3650 1544 3737 1595 καὶ
3750 1542 3820 1595 τί·

2240 1652 2331 1698 νος
2351 1633 2603 1705 δεόμενος
2627 1633 2769 1687 κατὰ
2799 1632 2989 1688 τοῦτον
3006 1633 3271 1704 ἐλήλυθας
3296 1633 3389 1687 τὸν
3418 1634 3640 1706 καιρόν;
3668 1635 3819 1705 μέχρι

2241 1729 2386 1791 τίνος
2420 1728 2663 1792 παίζεις,
2692 1721 2737 1780 ὦ
2761 1727 3098 1798 ταλαίπωρε,
3136 1728 3231 1779 καὶ
3257 1727 3358 1796 τῆς
3373 1727 3526 1805 θείας
3556 1728 3819 1799 μακροθυ-

2245 1820 2372 1891 μίας
2407 1824 2801 1891 καταφρονεῖς
2828 1841 2846 1875 ι
2885 1822 3057 1877 Τοῦτο
3088 1819 3201 1891 ἐγὼ
3231 1823 3328 1892 μὲν
3356 1822 3540 1891 ελεγον
3585 1824 3717 1896 πρὸς
3753 1825 3820 1877 ἕω

546 1918 769 1987 impulit
818 1916 1063 1987 quidem,
1120 1914 1220 1971 sed
1265 1915 1502 1983 dejicere
1549 1928 1661 1967 non
1706 1912 1905 1983 potuit,
1951 1912 2137 1967 divina

2248 1889 2765 1984 τετραμμένος,·καὶ
2797 1914 2872 1985 τῷ
2900 1914 3021 1985 Θεῷ
3052 1889 3152 1985 τὴν
3189 1889 3817 1987 ἱκετείανήπροσιρέρων.

547 2011 727 2079 gratia
770 2009 1105 2072 obsistente,
1142 2006 1448 2075 statimque
1491 2004 1677 2059 omnia
1710 2012 2078 2059 evanuerunt.
2113 2020 2134 2054 ι

549 2103 777 2158 Dicebat
807 2094 997 2168 etiam,
1031 2115 1091 2155 se
1121 2100 1428 2154 exitialium
1448 2099 1669 2153 illorum
1696 2098 1974 2152 latronum
2003 2104 2140 2151 tem-

546 2213 703 2269 pore,
729 2196 823 2265 qui
866 2195 935 2250 ab
963 2194 1171 2248 Isauria
1200 2192 1453 2264 profecti,
1481 2191 1726 2247 Orientis
1750 2190 1869 2244 loca
1903 2189 2139 2259 plurima

546 2289 910 2345 incendentes
954 2287 1197 2358 populati
1254 2294 1409 2351 sunt,
1456 2283 1815 2339 vehementer
1858 2280 2138 2346 timuisse,

547 2398 658 2439 non
681 2380 886 2437 caedem
920 2382 1046 2449 (nec
1072 2379 1227 2433 enim‘
1248 2391 1451 2447 corpus
1483 2390 1644 2430 sumn
1675 2380 1967 2444 tantopere
1988 2386 2142 2425 ania-

546 2474 686 2540 bat),
733 2473 827 2527 sed
863 2473 1184 2526 servitutem
1219 2478 1277 2523 et
1306 2467 1712 2537 captivitatem,
1742 2480 1813 2519 ne
1841 2463 2144 2534 impietatis

542 2559 771 2622 illorum
803 2565 1228 2636 iniquitatisqne
1262 2568 1542 2631 spectator
1576 2559 1739 2614 foret.
1771 2557 1885 2613 [ioc
1910 2557 2036 2627 ejus
2068 2556 2141 2610 ti-

549 2674 704 2714 more
761 2659 986 2729 cognito
1034 2655 1315 2710 diabolum
1363 2660 1531 2723 (saepe
1579 2639 1727 2706 enim
1788 2652 1941 2704 illum
1996 2648 2141 2721 apud

2257 2006 2315 2059 ὐ
2337 2000 2526 2074 δέγῶσε
2551 2007 2674 2076 μὲν,
2702 2006 3033 2060 καταϐαλεῖν
3056 2007 3113 2059 δέ
3133 2000 3482 2077 οὐχ’ίσχυσεν
3498 2023 3509 2035 ·
3531 2008 3562 2076 ἡ
3585 2006 3689 2078 γὰρ
3713 2008 3820 2060 θεία

2208 2098 2211 2099 ν
2242 2103 2402 2173 χάρις
2426 2101 2710 2171 ἀντέσχεν,
2760 2101 2855 2154 καὶ
2886 2099 3203 2171 παραυτίκα
3256 2098 3466 2171 φροῦδα
3508 2099 3679 2152 πάντα
3710 2098 3816 2166 ἐγέ-

2242 2210 2417 2248 νοντο.
2450 2213 2469 2246 ι
2511 2193 2707 2261 Ἔλεγε
2781 2192 2839 2245 δὲ
2902 2192 2998 2260 καὶ
3059 2190 3203 2245 κατὰ
3265 2191 3358 2244 τὸν
3406 2191 3516 2245 τῶν
3547 2190 3819 2261 ἀλιτηρίων

2243 2286 2468 2340 ἐκείνων
2501 2285 2714 2360 λῃστῶν
2748 2285 2961 2357 καιρὸν,
2993 2287 3081 2338 ὅτε
3112 2284 3173 2350 ἐξ
3216 2286 3496 2356 ἰσαυρίας
3523 2283 3818 2355 ὁρμώμενοι

2242 2379 2341 2450 τῆς
2368 2378 2445 2432 Eo)
2471 2379 2538 2432 τά
2568 2378 2799 2432 πλεῖστα
2824 2379 3223 2449 ἐμπρήσαντες
3268 2377 3582 2444 ἐληίσαντο,
3608 2375 3816 2431 δεδιέναι

2247 2471 2471 2542 σφόδρα,
2502 2473 2561 2524 ού
2595 2471 2693 2541 τὴν
2736 2471 2972 2540 σφαγὴν,
3029 2472 3091 2523 οὔ
3141 2469 3251 2541 γὰρ
3281 2470 3429 2523 οὕτω
3462 2469 3818 2540 φιλοσώματος

2242 2558 2332 2636 ἦν,
2359 2564 2494 2617 ἀλλά
2520 2563 2611 2616 τὸν
2666 2563 3126 2634 ἀνδραποδισμὸν,
3175 2564 3271 2615 καὶ
3303 2563 3410 2632 τὴν
3437 2560 3814 2633 αἰχμαλωσίαν,

2247 2656 2341 2711 καὶ
2379 2657 2478 2725 τῆς
2500 2656 2756 2718 ἀσεϐείας
2772 2658 2864 2711 καὶ
2890 2656 3243 2728 παρανομίας
3273 2655 3376 2726 τὴν
3419 2655 3668 2727 θεωρίαν.
3696 2653 3818 2706 T05-

550 2753 760 2807 amii-os
796 2750 1142 2822 proﬁtentem
1180 2747 1493 2817 audierat),
1529 2745 1825 2799 mulierum
1872 2743 2142 2813 ejulatum

2248 2763 2341 2800 του
2370 2745 2463 2799 τοῦ
2497 2746 2651 2810 δέους
2687 2745 3011 2817 αίσθόμενος
3072 2748 3100 2800 ό
3155 2744 3409 2811 διάϐολος
3435 2762 3448 2775 ο
3484 2746 3677 2816 ἤκουσε
3722 2742 3818 2812 γάρ

550 2852 716 2901 noctu
772 2850 1226 2914 repraesentasse.
1263 2858 1282 2891 ι
1326 2841 1439 2908 Ego
1481 2853 1634 2901 vero,
1687 2838 1904 2907 inquit,
1950 2836 2145 2890 audire

2248 2837 2414 2890 αὑτοῦ
2444 2837 2706 2901 πολλάκις
2747 2837 2885 2908 πρὸς
2931 2837 3060 2899 τοὺς
3101 2838 3424 2907 γνωρίμους
3472 2838 3814 2906 ἐκφήναντος·

549 2936 684 2990 mihi
712 2934 940 2989 videbar
964 2934 1155 2987 hostes
1184 2931 1511 2992 adventare,
1539 2936 1596 2982 et
1623 2928 1803 2998 ignem
1838 2927 1975 2981 vicis
2008 2925 2145 3008 sub-

2251 2932 2499 2999 μιμείται
2561 2929 2780 3000 νύκτωρ
2829 2928 3094 2998 ὀλολυγὴν
3149 2924 3457 2997 γυναικῶνζ
3506 2947 3525 2980 ι
3576 2927 3706 2996 Ἐγὼ
3748 2925 3815 2987 δὲ.

546 3028 740 3097 jicere.
788 3025 986 3080 Statim
1030 3039 1163 3093 ergo
1205 3023 1584 3077 discriminata
1626 3020 1827 3090 capitis
1855 3033 2049 3084 coma,
2089 3024 2145 3072 et

2250 3020 2375 3091 ἔψη,
2411 3021 2631 3075 ἀκούειν
2658 3019 2880 3074 ἐδόκουν
2912 3021 2988 3084 ὡς
3019 3021 3205 3091 ἥκοιεν
3235 3019 3285 3072 οί
3332 3020 3605 3090 πολέμιοι,
3638 3020 3724 3084 καὶ
3751 3018 3818 3080 ὡς

548 3120 767 3190 capillis
793 3119 986 3173 dextra
1023 3116 1269 3184 laevaque
1306 3129 1404 3183 per
1445 3113 1710 3167 humeros
1734 3112 1789 3164 in
1829 3120 2024 3180 pectus
2049 3111 2145 3165 de-

2251 3111 2365 3182 πῦρ
2394 3113 2514 3173 ταῖς
2550 3110 2766 3180 κώμαις
2794 3110 3137 3181 ἐμϐάλλοιεν.
3173 3110 3354 3174 Εὐθὺς
3387 3112 3563 3165 τοίνυν
3590 3110 3705 3181 δ.χῆ
3732 3110 3818 3178 τῆς

550 3213 777 3275 missis,
842 3209 1116 3263 cervicem
1175 3207 1243 3261 ad
1303 3207 1467 3277 gladii
1506 3205 1938 3273 amputationcm
1989 3218 2140 3257 com-

2250 3204 2494 3273 κεφαλῆς
2521 3203 2806 3274 διακρίνας
2829 3203 2927 3267 τὰς
2942 3202 3159 3274 κώμας,
3180 3194 3400 3268 καὶτὰς
3422 3206 3518 3276 μὲν
3540 3207 3601 3257 ἐκ
3628 3201 3816 3269 δεξιῶν,

552 3301 839 3372 parabam,
870 3307 929 3352 ut
957 3297 1110 3352 brevi
1144 3296 1255 3349 ictu
1287 3302 1517 3364 accepto
1556 3294 1626 3348 ab
1671 3292 2016 3348 cxsecrando
2049 3292 2145 3346 illo

2248 3299 2345 3363 τὰς
2376 3298 2432 3352 δὲ
2463 3298 2522 3363 ἐξ
2547 3298 2844 3367 εὐωνύμων
2896 3298 2988 3353 διὰ
3027 3298 3136 3353 τῶν
3177 3297 3349 3370 ὤμων
3386 3301 3480 3353 ἐπὶ
3530 3300 3589 3352 τὸ
3644 3296 3816 3365 στῆθος

553 3391 871 3461 spectaculo
926 3390 1063 3444 liber
1109 3389 1314 3441 ﬁerem.
1384 3385 1542 3439 lluuc
1595 3386 1649 3438 in
1712 3385 1933 3438 modum
1990 3394 2145 3438 nocte

2252 3390 2614 3462 μετενεγκὼν,
2648 3389 2889 3459 εὐτρεπῆ
2954 3390 3091 3460 πρὸς
3142 3389 3241 3460 τὴν
3303 3390 3404 3445 τοῦ
3446 3390 3626 3458 ξίφους
3670 3384 3815 3455 τομὴν

553 3492 863 3546 transacta,
912 3497 1039 3536 cum
1092 3481 1317 3535 illorum
1373 3478 1741 3548 irruptionem
1791 3478 2147 3532 continenter

553 3584 973 3646 exspectarem,
1007 3581 1297 3644 postquam
1330 3571 1449 3627 dies
1500 3572 1703 3634 illuxit,
1765 3581 1819 3624 ct
1875 3562 2147 3624 advenere

554 3668 748 3739 aliqui,
786 3668 1048 3737 rogabam
1097 3664 1294 3735 ecquid
1341 3665 1410 3720 de
1448 3662 1658 3718 lsauris
1711 3662 2036 3717 audiisscnt.
2079 3660 2147 3717 Et

554 3774 678 3813 cum
712 3757 788 3812 illi
824 3758 962 3811 nihil
993 3772 1088 3826 per
1118 3756 1220 3809 hos
1250 3755 1368 3809 dies
1393 3769 1452 3809 se
1474 3767 1747 3821 cognosse
1774 3752 2041 3814 dicerent,
2072 3751 2147 3803 ita

554 3850 915 3914 diabolicam,
966 3847 1183 3918 inquit,
1219 3847 1537 3901 illusionem
1576 3846 1722 3899 hanc
1768 3844 1936 3898 etiam
1970 3842 2147 3897 fuisse

555 3944 946 4000 animadverti.
983 3945 1136 3998 Alias
1165 3956 1294 3996 vero
1322 3940 1592 4012 petulanti
1621 3938 1812 4009 juveni
1859 3936 2144 4008 praestanti

557 4038 736 4093 forma
765 4036 981 4092 ettlava
1007 4050 1167 4091 coma
1196 4033 1402 4103 insigni
1446 4031 1667 4098 similis,
1712 4029 1903 4086 ridens
1945 4028 2014 4082 ad
2061 4042 2148 4083 me

556 4130 721 4185 simul
754 4130 1059 4199 ludens‘que
1082 4126 1404 4189 accedebat,
1436 4132 1494 4179 et
1526 4138 1629 4194 ego
1663 4121 1877 4192 1250
1907 4121 1986 4174 ira
2014 4134 2144 4175 suc-

558 4238 760 4279 census
806 4222 1095 4292 abigeham
1136 4219 1315 4282 illum,
1356 4218 1643 4273 insectans
1688 4213 2019 4269 maledictis.
2051 4211 2149 4266 Ille

557 4327 740 4371 autem
779 4315 1142 4379 consistebat,
1172 4319 1400 4382 aspectu
1444 4307 1784 4371 meretricio,
1817 4306 2049 4375 risuque
2083 4317 2149 4357 ac

559 4421 815 4463 sermone
845 4406 1063 4477 spirans
1085 4404 1451 4475 voluptatem.
1477 4400 1637 4457 Tunc
1665 4415 1799 4471 ergo
1828 4399 2037 4469 majore
2066 4398 2148 4452 ira

558 4501 893 4556 concitatus.
915 4517 933 4549 ι
959 4496 1269 4564 Quomodo,
1288 4497 1532 4567 inquam,
1554 4501 1729 4548 totum
1754 4494 1944 4547 orbem
1970 4497 2148 4545 terra-

2246 3483 2340 3554 τρν
2398 3483 2612 3551 αὐχένα
2648 3481 2866 3534 ἐποίουν
2897 3522 2911 3544 ,
2964 3482 3048 3534 ἵνα
3113 3481 3382 3551 σύντομον
3418 3472 3698 3551 δεξάμενος
3730 3477 3813 3545 τὴν

2249 3575 2489 3647 πληγὴν,
2525 3574 2625 3644 τῆς
2658 3568 2939 3643 ἀπευκτῆς
2990 3574 3208 3643 ἐκείνης
3241 3574 3549 3643 ἀπαλλαγῶ
3587 3569 3810 3641 θεωρίας-
3885 3558 3895 3572 ’

2248 3667 2405 3721 οὕτω
2437 3669 2617 3721 πᾶσαν
2656 3666 2874 3736 ἐκείνην
2901 3663 3219 3728 διατελέσας
3249 3664 3351 3735 τὴν
3385 3667 3575 3727 νύκτα,
3628 3662 3714 3717 καὶ
3745 3659 3809 3711 8:—

2245 3759 2464 3830 ηνεκῶς
2510 3758 2612 3828 τὴν
2647 3758 2871 3812 ἐκείνων
2905 3756 3092 3824 ἔφοδον
3147 3756 3602 3827 προσδεχόμενος,
3654 3746 3805 3813 ἐπειδὴ

2248 3851 2433 3921 ἡμέρα
2470 3851 2717 3919 ἐγένετο,
2759 3850 2851 3903 καὶ
2889 3848 3023 3920 ἧκόν
3075 3865 3243 3913 τινες,
3294 3849 3580 3920 ἐπυθόμην
3625 3847 3671 3897 τί
3703 3837 3805 3909 περὶ

2246 3940 2357 3994 τῶν
2397 3940 2658 4012 ἰσαύρων
2712 3937 2821 3992 εἷεν
2876 3939 3203 4004 ἀκηκοότες·
3246 3940 3295 3991 οἱ
3346 3939 3405 3992 δὲ
3444 3939 3648 4007 ἔλεγον,
3673 3930 3811 4004 μηδὲν

2248 4031 2307 4083 ἐν
2335 4032 2562 4093 ταύταις
2585 4030 2883 4097 ἐγνωκέναι
2903 4032 3022 4093 ταῖς
3048 4029 3302 4100 ἡμέραις.
3324 4030 3438 4084 Καὶ
3465 4030 3623 4093 οὕτω,
3653 4023 3811 4095 φησὶν.

2251 4122 2498 4189 ἐπέγνων
2533 4121 2847 4193 διαϐολικὴν
2886 4121 3165 4191 κάκείνην·
3215 4116 3357 4175 εἶναι
3389 4122 3487 4193 τὴν
3516 4115 3812 4191 φαντασίαν.

2254 4212 2480 4268 ’Δλλοτε
2507 4213 2585 4278 δὲ,
2610 4212 2736 4284 ἔφη,
2809 4214 2916 4283 νέῳ
2967 4212 3268 4283 σφριγῶντι
3300 4210 3677 4271 ἀπεικασθεὶς,
3715 4204 3818 4274 ὥρᾳ

2250 4305 2546 4375 λάμποντι,
2575 4306 2670 4359 καὶ
2719 4306 2869 4377 κόμῃ
2931 4305 3100 4377 ξανθῇ
3150 4303 3578 4376 κεκοσμημένῳ,
3613 4296 3818 4370 προσῄει

2253 4394 2472 4465 μειδιῶν
2528 4395 2646 4465 ἅμα
2688 4395 2785 4448 καὶ
2846 4395 3091 4460 παίζωνο
3147 4395 3259 4464 ἐγὼ
3291 4394 3534 4466 δέ,.ἐφη,
3576 4392 3649 4462 τῷ
3680 4383 3819 4456 θυμῷ

2228 4486 2645 4557 ,καθοπλισθεὶς
2679 4487 2977 4557 ἐξήλαυνον
3007 4486 3441 4559 λοιδορούμενος.
3473 4486 3530 4540 '0
3554 4486 3610 4539 δὲ
3636 4480 3823 4550 ἐπέμεο

559 4607 680 4648 rum
734 4592 1031 4646 circumire
1083 4598 1268 4659 potes,
1313 4597 1368 4643 et
1416 4587 1555 4641 tales
1607 4584 1870 4639 omnilms
1916 4582 2145 4637 insidias

2256 4597 2346 4635 νεν
2375 4579 2653 4653 ἑταιρικὸν
2707 4578 2943 4649 βλέπων,
2990 4580 3085 4633 καὶ
3124 4579 3202 4649 τῷ
3225 4596 3286 4632 τε
3316 4578 3651 4649 μειδιάματι,
3675 4572 3746 4642 τῷ
3768 4584 3822 4621 τε

561 4685 821 4744 struere?
849 4703 867 4736 ι
900 4684 999 4739 Ille
1029 4697 1162 4738 vero
1208 4697 1268 4736 se
1289 4680 1434 4735 haud
1459 4680 1637 4734 solum
1670 4668 1854 4733 aiebat
1882 4692 2025 4740 esse,
2055 4676 2152 4731 sed

561 4777 875 4830 daemonum
924 4773 1335 4828 multitudinem
1383 4786 1480 4841 per
1514 4769 1704 4824 orbem
1746 4783 1995 4839 sparsam
2029 4780 2155 4824 esse

559 4868 827 4939 gentium,
860 4870 876 4889 ⁹
908 4867 1026 4936 qui'
1052 4867 1158 4920 hoc
1210 4864 1372 4919 modo
1419 4861 1617 4917 ludunt
1658 4864 1865 4935 pariter
1900 4876 1965 4917 ac
2009 4861 2155 4917 serio

536 4971 751 5034 ‘agunt.
781 4959 938 5015 Ludo
965 4960 1169 5030 quippe
1200 4959 1333 5024 isto,
1376 4966 1434 5012 ut
1465 4957 1717 5023 videtur,
1753 4964 2008 5011 naturam
2052 4956 2154 5011 ho-

559 5054 772 5109 minum
807 5052 1125 5107 universam
1153 5050 1337 5106 delere
1365 5049 1608 5105 student.
1643 5066 1665 5103 ι
1691 5048 1760 5103 At
1794 5057 1873 5115 tu,
1902 5049 2154 5117 inquam,

563 5144 695 5200 hinc
725 5143 815 5200 abi
857 5143 1086 5199 Christo
1124 5142 1367 5210 iubente,
1427 5143 1523 5212 qui
1565 5141 1834 5212 legionem
1884 5140 2015 5195 olim
2060 5151 2160 5207 per

564 5250 766 5304 porcos
798 5234 1032 5289 misitin
1059 5232 1420 5303 profundum.
1445 5251 1464 5285 υ
1495 5232 1710 5295 Audiit,
1743 5233 2043 5299 statimque
2061 5243 2159 5281 au-

566 5326 725 5398 fugit,
762 5325 869 5382 nec'
894 5327 1168 5382 Dominici
1200 5326 1443 5384 nominis
1473 5325 1584 5378 vim
1627 5323 1773 5379 ferre
1811 5324 2023 5385 valens,
2059 5336 2161 5377 nec

565 5413 758 5470 famuli
800 5417 925 5485 ejus
953 5416 1316 5495 philosOphite
1343 5418 1525 5471 lucem
1559 5415 1785 5470 intueri.
1819 5433 1837 5464 ι
1878 5414 2041 5467 Plura
2072 5413 2160 5471 bis

567 5507 676 5563 alia
725 5507 857 5561 mihi
908 5507 1188 5563 narranda
1224 5524 1351 5564 eum
1387 5513 1721 5579 suppetant,
1764 5505 2012 5561 scribere
2049 5518 2160 5558 non

566 5595 721 5662 libet,
765 5613 840 5677 pe
884 5599 1285 5654 inllrmioribus
1334 5614 1446 5653 non
1494 5596 1760 5652 credendi
1808 5595 2159 5651 occasionem

567 5688 810 5760 praebeat
856 5686 1173 5743 multitudo.
1204 5688 1340 5743 Nam
1397 5689 1469 5745 iis
1517 5687 1739 5757 quidem
1775 5688 1870 5758 qui
1906 5681 2159 5742 divinum

567 5778 846 5834 hominem
873 5786 1235 5845 contuentur,
1266 5780 1407 5834 nihil
1444 5779 1762 5835 istiusmodi
1801 5793 1925 5835 cum
1955 5777 2161 5833 dicitur

569 5867 895 5923 incredibile
929 5865 1165 5931 videtur,
1196 5868 1401 5923 virtute
1425 5885 1548 5939 qua:
1570 5870 1822 5925 ccrnltur
1848 5871 1993 5926 dicta
2025 5884 2159 5923 con-

2258 4673 2556 4743 φθέγματι.
2581 4674 2773 4743 ἡδονὴν
2801 4670 3142 4736 ἀναϐλύζων.
3186 4671 3321 4724 Τότε
3365 4671 3543 4725 τοίνυν
3577 4662 3823 4719 πλέοντδν

2256 4766 2429 4836 θυμὸν
2459 4765 2803 4837 παραθήξαςο
2847 4764 3020 4827 ιΠῶς
3045 4762 3270 4834 ίσχύεις,
3302 4761 3510 4829 ελεγον,
3540 4760 3713 4813 πᾶσαν
3740 4752 3824 4819 τὴν
3886 4778 3895 4787 ·

2255 4858 2581 4930 οίκουμένην
2638 4861 3000 4928 περινοστεῖν,
3035 4857 3130 4910 καὶ
3166 4857 3302 4920 πᾶσι
3359 4853 3619 4916 τοιαύτας
3670 4860 3823 4918 προσ·

2263 4953 2453 5032 φέρειν
2483 4950 2817 5018 ἐπιδουλάςς
2858 4950 2916 5003 '0
2951 4950 3007 5004 δέ
3040 4950 3194 5019 ἔλεγε
3222 4948 3296 5020 μὴ
3334 4952 3496 5021 μόνος
3527 4942 3684 5008 εἶναι,
3708 4939 3827 4996 ἀλλὰ

2263 5042 2470 5113 πλῆθος
2497 5041 2768 5112 δαιμόνων
2792 5040 2933 5094 κατὰ
2965 5042 3146 5095 πᾶσαν
3172 5038 3500 5094 ἐσκεδάσθαι
3538 5038 3636 5107 τὴν
3663 5034 3826 5086 οίκου·

2264 5137 2457 5209 μένην,
2481 5135 2711 5190 τοιαῦτα
2744 5132 3054 5199 παιζόντων
3111 5132 3247 5204 ὁμοῦ
3282 5132 3376 5188 καὶ
3409 5127 3823 5193 σπουδαζόντων.

2262 5228 2342 5300 Τῇ
2374 5228 2486 5299 γὰρ
2514 5227 2748 5301 δοκούσῃ
2777 5227 2970 5299 παιδιᾷ
2997 5226 3361 5290 σπουδάζουσι
3392 5224 3573 5278 πᾶσαν
3587 5216 3828 5289 ἀφανίσαι

2258 5320 2369 5374 τῶν
2403 5318 2706 5393 ἀνθρώπων
2736 5320 2835 5391 τὴν
2862 5318 3043 5388 φύσιν.
3074 5338 3094 5370 ι
3115 5317 3278 5372 Ἀλλά
3294 5333 3359 5386 γε
3393 5315 3458 5368 σὺ
3484 5313 3660 5373 ἄπιθι,
3685 5308 3825 5377 ἔφην.

2262 5411 2358 5467 τοῦ
2387 5412 2626 5486 Χριστοῦ
2680 5428 2765 5465 σοι
2831 5412 3171 5477 κελεύοντος,
3201 5408 3296 5463 τοῦ
3335 5406 3577 5476 λεγεῶνα
3611 5403 3735 5471 ὅλην
3754 5394 3830 5450 διὰ

2262 5504 2372 5559 τῶν
2399 5504 2598 5574 χοίρων
2628 5500 2705 5573 τῷ
2729 5502 2877 5575 βυθῷ
2902 5500 3389 5575 παραπέμψαντος.
3430 5497 3696 5550 »Ἦκουεν
3727 5489 3829 5557 ἅμα

2267 5596 2364 5650 καὶ
2412 5596 2670 5666 ἔφευγεν,
2698 5595 2824 5651 οὔτε
2857 5597 2956 5664 τῆς
2994 5594 3329 5665 Δισποτικῆς
3362 5587 3725 5662 προσηγορίας
3744 5580 3830 5647 τὴν

2268 5688 2504 5763 δύναμιν
2535 5689 2745 5759 φέρων,
2775 5686 2898 5741 οὔτε
2944 5686 3041 5756 τῆς
3090 5684 3365 5752 οἰκετικῆς
3418 5669 3831 5763 φιλοσοφίαςλτῆν
3890 5682 3897 5689 ’

2270 5761 2465 5850 αἴγλην
2512 5777 2735 5851 βλέπειν
2791 5779 3109 5849 δυνάμενος.
3147 5797 3166 5829 ι
3193 5777 3304 5831 Καὶ
3361 5771 3499 5827 ἀλλα
3532 5768 3588 5823 δέ
3630 5761 3829 5819 πλείονα

2266 5870 2417 5935 εἰδὼς
2449 5871 2656 5926 τούτων
2684 5872 3019 5943 διηγήματα,
3057 5869 3419 5949 συγγράφειν,
3455 5862 3517 5916 οὐ
3566 5856 3826 5931 βούλομαιι
