4074 6438
272 432 396 497 1449

1473 422 1879 493 RELIGIOSA
1918 423 2300 487 HISTORIA.

3380 424 3516 497 1450

269 562 337 614 μή
369 545 475 605 τοῖς
516 542 919 613 ἀσθενεστέροις
970 543 1026 594 τὸ
1085 543 1286 612 πλῆθος
1327 544 1581 606 ἀπιστίας
1604 546 1828 614 γένηται

1938 541 2206 595 lirmante.
2242 539 2379 605 Quia
2411 553 2542 594 vero
2569 538 2635 595 ad
2673 548 2924 611 posteros
2956 557 3174 614 quoque
3207 552 3518 617 transgres-

268 634 549 703 πρόφασις.
605 633 729 696 Τοῖς
774 634 871 702 μὲν
911 634 1019 704 γὰρ
1054 633 1220 702 ὁρῶσι
1245 634 1335 686 τὸν
1374 634 1514 687 θεῖον
1543 632 1830 703 ἄνθρωπον

265 726 406 777 οὐδὲν
447 723 684 777 τοιοῦτον
728 724 1020 794 λεγόμενον
1093 725 1355 778 ἀπίθανον
1411 725 1827 794 καταφαίνεται,

264 820 357 886 τῆς
408 815 690 886 ὁρωμένης
749 817 951 885 ἀρετῆς
1003 815 1326 887 βεϐαιούσης
1391 817 1458 869 τά
1536 815 1826 885 λεγόμενα.

264 908 474 975 Ἐπειδὴ
512 906 568 959 δέ
600 909 693 960 καὶ
751 911 830 971 είς
872 910 998 973 τοὺς
1036 908 1263 981 ὕστερον
1309 907 1602 979 ἐσομένους
1638 909 1699 960 τὸ
1737 907 1828 959 τοῦ

261 998 590 1068 διηγήματος
622 998 940 1069 διαϐήσεται
992 1000 1357 1072 σύγγραμμα,
1395 999 1726 1070 ἀπιστότερα
1772 998 1828 1051 δὲ

261 1091 366 1151 τοῖς
400 1088 612 1150 πολλοῖς
635 1088 704 1141 τὰ
724 1083 840 1142 ὦτα
865 1089 975 1143 τῶν
1006 1089 1324 1162 ὀφθαλμῶν,
1359 1092 1424 1161 τῇ
1453 1089 1708 1158 ἀσθενείᾳ
1724 1089 1830 1144 τῶν

260 1180 556 1233 ἀκουόντων
616 1181 969 1251 μετρήσομεν
997 1181 1094 1252 τὴν
1131 1183 1402 1255 διήγησιν.
1438 1180 1625 1251 Τούτῳ
1652 1181 1831 1234 τοίνυν

261 1269 607 1342 ᾠκοδόμησαν
662 1274 759 1343 μὲν
824 1273 920 1326 καὶ
974 1273 1123 1327 ἄλλοι
1185 1274 1352 1345 σηκὸν
1400 1276 1653 1344 μέγιστον
1681 1275 1739 1326 ἐν
1762 1274 1828 1343 τῇ

261 1359 567 1431 πελαζούσῃ
599 1360 783 1432 κώμῃ,
831 1363 892 1416 ού
946 1363 1163 1427 πολλοῖς
1222 1363 1513 1431 ἀφεστῶτα
1560 1363 1826 1426 σταδίοις·

261 1451 634 1506 κατεσκεύασα
662 1454 719 1506 δέ
769 1454 926 1523 κάγὼ
980 1455 1155 1527 θήκην
1184 1456 1243 1509 ἐν
1275 1456 1354 1527 τῷ
1383 1456 1490 1509 τῶν
1521 1456 1834 1510 ἀποστόλων

260 1544 579 1598 καλλινίκων
609 1545 784 1616 σηκῷ.
827 1547 989 1601 Ἀλλά
1042 1548 1203 1602 τοῦτο
1258 1547 1444 1619 μαθὼν
1488 1552 1517 1602 ὁ
1565 1549 1707 1613 θεῖος
1736 1548 1831 1603 ἇν-

259 1636 484 1707 θρωπος,
517 1638 693 1692 πολλά
726 1656 794 1709 με
838 1640 1099 1704 πολλάκις
1145 1641 1496 1713 ἐλιπάρησεν,
1539 1642 1597 1694 ἐν
1640 1640 1832 1709 ἐκείνῳ

257 1728 329 1799 τῷ
351 1731 464 1800 δρει
496 1733 643 1802 ταφῇ
702 1732 1034 1803 παραδοῦναι
1082 1733 1142 1785 τὸ
1199 1734 1378 1804 σῶμα.
1420 1734 1561 1802 Ἐγὼ
1598 1733 1653 1787 δὲ
1680 1729 1833 1788 εἶπον

262 1822 532 1887 πολλάκις,
573 1823 648 1887 ὡς
682 1824 743 1877 ού
802 1826 1073 1897 προσήκει
1117 1825 1212 1879 τὸν
1239 1827 1338 1897 τῆς
1381 1826 1661 1898 παρούσης
1687 1826 1834 1897 ζωῆς

261 1913 629 1984 ἀμελήσαντα,
682 1918 860 1989 ταφῆς
911 1917 1246 1989 ποιήσασθαι
1299 1919 1577 1991 πρόνοιαν.
1634 1920 1721 1984 Ὠς
1772 1920 1829 1974 δὲ

259 2003 403 2057 τοῦτο
438 2004 592 2076 αὐτῷ
621 2007 961 2078 καταθύμιον
990 2004 1148 2074 εἶδον,
1169 2010 1438 2065 ἐπένευσά
1471 2028 1551 2078 τε,
1588 2011 1683 2065 καὶ
1707 2028 1831 2064 συν-

260 2095 471 2167 εθέμην,
507 2102 606 2151 καὶ
635 2099 736 2170 τὴν
784 2099 1033 2171 λάρνακα
1078 2088 1354 2172 τμηθῆναί
1409 2120 1491 2166 τε,
1544 2104 1639 2157 καὶ
1670 2118 1829 2171 κομι-

261 2189 442 2256 σθῆναι
494 2190 612 2245 ἄνω
667 2192 964 2262 πεποίηκα.
998 2194 1154 2246 Ἐπεὶ
1199 2194 1255 2248 δὲ
1298 2195 1391 2247 τὸν
1427 2195 1573 2249 λίθον
1601 2195 1706 2248 ὑπὸ
1735 2195 1831 2265 τῆς

259 2280 458 2349 πάχνης
489 2280 852 2353 φθειρόμενον
886 2279 1048 2346 εἶδον,
1071 2284 1265 2354 μικρὸν
1281 2284 1522 2338 οἰκίσκον
1555 2283 1833 2356 ἐπέτρεψα

259 2372 499 2437 γενέσθαι
553 2376 621 2444 τῇ
660 2373 909 2444 λάρνακι.
959 2376 1114 2428 Ἐπεὶ
1156 2374 1211 2427 δέ
1260 2376 1538 2438 ἐκέλευσε,
1595 2377 1688 2430 καὶ
1733 2376 1833 2448 τήν

256 2465 535 2536 οἰκοδομὴν
589 2467 1061 2538 ωμπεράναντες,
1100 2468 1189 2520 τὸν
1215 2468 1409 2538 ὄροφον
1457 2467 1831 2540 ἐπεθήκαμεν,

265 2575 280 2606 ι
316 2556 424 2609 Οὐκ
486 2558 776 2627 ἀνέξομαι,
834 2558 960 2629 ἔφη,
997 2558 1187 2611 τοῦτον
1244 2557 1502 2612 Ἰακώϐου
1547 2558 1831 2612 καλεῖσθαι

257 2647 436 2716 τάφον,
487 2648 632 2703 ἀλλά
689 2648 949 2719 βούλομαι
1010 2649 1117 2702 τῶν
1171 2650 1497 2704 καλλινίκων
1538 2650 1833 2722 μαρτύρων

255 2738 432 2792 τοῦτον
465 2741 727 2809 γενέσθαι
762 2742 952 2813 σηκὸν,
986 2741 1085 2812 ἐμὲ
1110 2742 1166 2793 δὲ
1197 2736 1287 2794 οἷά
1312 2759 1432 2795 τινα
1461 2741 1710 2812 μέτοικον
1747 2745 1826 2807 είς

257 2832 437 2903 ἑτέραν
459 2833 681 2888 κεῖσθαι
709 2834 905 2906 θήκην,
935 2839 1221 2907 παροικεῖν
1249 2836 1435 2899 αὐτοῖς
1466 2835 1820 2907 ἠξιωμένον.»

258 2926 356 2979 Καὶ
383 2929 561 2981 ταῦτα
587 2928 647 2980 ού
677 2929 835 2998 μόνον
860 2924 1032 2993 εἶπεν,
1055 2928 1192 2982 ἀλλά
1217 2930 1311 2982 καὶ
1336 2928 1548 2998 ἔδρασε.
1568 2929 1680 2982 Καὶ
1696 2928 1825 2982 πολ-

257 3017 371 3081 λοὺς
396 3021 496 3086 μὲν
513 3021 826 3091 προφήτας,
849 3020 1077 3084 πολλοὺς
1093 3021 1150 3074 δέ
1173 3019 1527 3084 ἀποστόλους,
1546 3019 1829 3084 πλείστους

255 3107 305 3161 δὲ
331 3109 410 3162 ὅτι
455 3111 766 3181 μάρτυρας,
833 3111 1170 3181 πανταχόθεν
1220 3110 1569 3179 συναγαγὼν,
1624 3113 1683 3164 ἐν
1732 3110 1832 3181 μιᾷ

1938 645 2068 685 sura
2101 641 2185 686 est
2215 630 2413 685 litteris
2452 631 2766 700 conscripta
2809 634 3091 697 narratio.
3126 633 3518 708 difﬁciliusque

1936 720 2100 791 vulgo
2126 721 2356 775 credunt
2380 735 2542 776 aures
2568 736 2732 789 quam
2766 724 2931 788 oculi,
2963 725 3305 781 audientium
3349 728 3519 783 imbe-

1936 812 2168 868 cillitate
2195 812 2487 867 metiemur
2518 815 2917 868 narrationem.
2949 814 3090 871 lluic
3116 818 3282 888 igitur
3319 827 3374 875 et
3425 821 3518 874 alii

1935 905 2105 961 aedem
2150 905 2447 960 maximam
2491 905 2837 961 aediﬁcarunt
2884 907 3070 964 vicino
3111 909 3168 964 in
3207 913 3333 967 vico
3364 914 3516 969 haud

1938 996 2128 1052 multis
2158 995 2358 1051 stadiis
2388 995 2709 1062 distantem,
2742 1004 2797 1051 et
2825 1014 2925 1068 ego
2960 1008 3181 1070 queque
3219 1014 3404 1056 arcam
3437 1001 3516 1055 illi

1937 1090 2125 1162 paravi
2184 1089 2242 1143 in
2310 1089 2517 1159 templo
2587 1088 3048 1158 triumphantium
3114 1093 3512 1162 apostolorum.

1936 1181 2092 1249 Quod
2119 1196 2245 1237 cum
2286 1179 2607 1236 rescivisset
2639 1181 2721 1234 vir
2745 1181 2989 1246 divinus,
3025 1184 3218 1241 multis
3245 1198 3332 1241 me
3371 1200 3515 1256 saepe

1936 1274 2246 1329 obtestatus
2272 1279 2381 1338 est,
2411 1279 2472 1325 ut
2503 1272 2598 1326 illo
2621 1271 2678 1325 in
2710 1281 2896 1330 monte
2925 1288 3130 1344 corpus
3165 1275 3342 1346 ipsius
3379 1290 3513 1332 con-

1936 1366 2177 1422 deretur.
2242 1365 2355 1436 Ego
2401 1380 2532 1420 vero
2585 1363 2904 1436 frequenter
2963 1368 3346 1440 suggerebam,
3404 1386 3511 1425 non

1936 1456 2138 1512 debere
2181 1455 2335 1509 illum
2368 1455 2459 1525 qui
2493 1466 2819 1526 praesentem
2863 1457 3036 1513 vitam
3078 1460 3405 1530 neglexerit,
3446 1463 3515 1516 dc

1938 1547 2218 1617 sepultura
2246 1535 2372 1602 esse
2408 1546 2727 1603 sollicitum.
2763 1547 2967 1604 Videas
3002 1557 3182 1605 tamen
3218 1549 3322 1605 hoc
3362 1550 3512 1605 illum

1936 1638 2292 1693 vehementer
2305 1637 2515 1708 1251
2534 1649 2812 1710 expetere,
2830 1642 2995 1696 annui
3015 1652 3068 1695 et
3084 1657 3346 1699 assensus
3368 1658 3511 1700 sum.

1937 1746 2233 1802 areamque
2283 1731 2649 1788 revellendam
2702 1741 2758 1788 et
2804 1749 3025 1790 sursum
3076 1733 3512 1790 transferendam

1937 1824 2147 1879 curavi.
2177 1821 2241 1876 Ει
2271 1823 2399 1894 quia
2426 1825 2662 1896 lapidem
2693 1843 2721 1880 a
2749 1828 2946 1897 pruina
2975 1826 3299 1883 labefactari
3339 1826 3517 1882 anim-

1937 1916 2173 1981 adverti,
2206 1931 2374 1986 parva
2407 1918 2637 1973 aedicula
2664 1919 2999 1975 circumdari
3033 1935 3217 1976 arcam
3248 1919 3414 1989 jussi.
3449 1923 3517 1972 At

1937 2017 2226 2078 postquam
2262 2006 2506 2079 perfecta
2531 2008 2708 2080 ipsius
2737 2009 2898 2080 jussu
2930 2007 3136 2065 fabrica
3172 2019 3378 2066 tectum
3415 2012 3515 2064 im-

1937 2100 2243 2169 posuimus,
2268 2118 2287 2150 ι
2312 2097 2432 2154 Non
2453 2102 2647 2169 patiar,
2670 2101 2869 2171 inquit,
2895 2109 2954 2155 ut
2976 2101 3163 2156 Jacobi
3201 2103 3514 2172 sepulcrum

1940 2191 2044 2245 hoc
2071 2191 2393 2261 appelletur,
2453 2191 2547 2247 sed
2577 2192 3034 2261 triumphantium
3060 2200 3361 2264 martyrum
3387 2200 3517 2248 tem-

1940 2282 2090 2351 plum
2120 2281 2225 2336 hoc
2254 2281 2371 2337 ﬁeri
2401 2281 2545 2347 volo,
2573 2294 2627 2338 et
2655 2298 2741 2338 me
2774 2284 2924 2339 velut
2958 2283 3287 2354 inquilinum
3320 2298 3514 2354 quem-

1941 2373 2089 2441 piam
2123 2371 2344 2426 illorum
2373 2371 2780 2428 cohabitatione
2806 2370 3114 2444 dignatum,
3149 2371 3255 2426 alia
3298 2372 3353 2426 in
3384 2386 3515 2426 arra

1937 2464 2086 2535 poni.
2122 2483 2139 2516 ι
2169 2464 2357 2534 Neque
2377 2464 2494 2519 haec
2513 2464 2654 2519 dixit
2677 2465 2862 2531 modo,
2897 2465 2994 2522 sed
3023 2465 3202 2536 reipsa
3236 2466 3512 2536 praestitit.

1936 2556 2197 2613 Collectis
2225 2556 2370 2610 enim
2403 2554 2650 2627 undique
2671 2558 2860 2613 multis
2886 2558 3193 2628 prophetis,
3213 2557 3515 2628 multisque

1937 2645 2227 2717 apostolis,
2263 2652 2315 2701 et
2346 2646 2687 2716 martyribus
2714 2646 3158 2717 quamplurimis,
3185 2661 3378 2702 omnes
3403 2663 3512 2701 una

1936 2738 1992 2791 in
2024 2750 2152 2792 arca
2188 2737 2454 2806 reposuit,
2498 2738 2625 2791 ctim
2666 2746 2982 2793 sanctorum
3029 2738 3233 2809 populo
3268 2738 3517 2793 habitare

1937 2830 2184 2901 cupiens,
2211 2837 2266 2885 et
2292 2844 2415 2884 cum
2443 2829 2526 2885 eis
2555 2843 2867 2900 resurgere,
2897 2828 3195 2899 divinoque
3217 2838 3513 2900 conspectu

1937 2920 2125 2994 potiri.
2168 2920 2347 2990 Atque
2391 2922 2494 2974 hoc
2525 2930 2711 2983 certe,
2739 2927 2946 2989 quanta
2992 2919 3158 2974 fuerit
3191 2921 3356 2974 animi
3394 2935 3515 2974 mn,-

1941 3012 2136 3077 destia,
2168 3019 2552 3082 argumentum
2591 3019 2676 3065 est
2716 3010 2995 3076 idoneum,
3027 3010 3176 3081 quod
3200 3011 3294 3081 qui
3330 3019 3515 3067 tantas

1938 3119 2071 3176 opes
2107 3111 2482 3174 congesserat,
2530 3100 2687 3171 quasi
2735 3116 2951 3156 summa
2998 3101 3182 3173 inopia
3215 3102 3513 3165 laboraret,

256 3196 457 3252 τέθεικε
512 3199 771 3267 λάρνακι,
835 3199 913 3269 τῷ
971 3198 1085 3253 τῶν
1138 3200 1309 3269 ἁγίων
1364 3199 1520 3270 δήμῳ
1563 3200 1830 3252 συνοικεῖν

1939 3195 1995 3249 ἰη
2019 3193 2252 3248 divitum
2279 3201 2425 3248 cwtu
2454 3191 2707 3246 habitare
2737 3192 3098 3261 concupierit.

256 3286 532 3358 ἐθελήσας,
570 3289 664 3340 καὶ
685 3290 782 3341 σὺν
811 3288 996 3351 αὐτοῖς
1020 3289 1344 3353 ἀναστῆναι,
1377 3288 1599 3355 καὶτῆς
1644 3286 1877 3357 θεωρίας
1921 3281 2221 3371 ἀξιωθήναι
2270 3281 2537 3352 ποθήσας.
2585 3278 2791 3332 Ἱκανὸν
2835 3278 2893 3332 δέ
2936 3281 3096 3335 τοῦτο
3134 3284 3517 3357 τεκμηριῶσαι

257 3376 346 3447 τήν
389 3377 481 3430 τοῦ
527 3376 881 3448 φρονήματος
951 3374 1304 3445 μετριότητα.
1349 3375 1406 3424 ’0
1464 3378 1574 3445 γὰρ
1633 3374 1887 3429 τοσοῦτον
1946 3368 2174 3425 πλοῦτον
2234 3368 2575 3440 συνειλοχὼς,
2641 3369 2718 3431 ὡς
2781 3370 2985 3443 ἐσχάτῃ
3061 3373 3226 3446 πενίᾳ.
3299 3376 3507 3442 συζῶν,

255 3472 314 3539 τῇ
348 3470 453 3522 τῶν
501 3467 756 3538 εὐπόρων
803 3466 1087 3537 συμμορίᾳ
1124 3467 1407 3535 παροικεῖν
1457 3465 1827 3536 ἐπεθύμησεν.

335 3559 539 3613 Ὀποῖοι
564 3558 663 3628 μὲν
688 3551 783 3610 οὖν
816 3557 916 3628 τῆς
983 3554 1288 3624 σεϐασμὶας
1323 3555 1447 3623 ἐμοὶ
1492 3554 1735 3624 κεφαλῆς
1781 3556 1832 3607 οἱ

255 3648 418 3710 πόνοι,
451 3647 555 3702 καὶ
611 3648 661 3699 οἱ
711 3644 921 3714 ἀγῶνες
972 3644 1166 3714 ἡλίκοι,
1197 3642 1290 3696 καὶ
1329 3643 1459 3712 ὅστις
1511 3639 1695 3693 θεόθεν
1727 3640 1834 3691 ἀπ-

259 3739 445 3793 έλαυσε
473 3738 725 3811 χάριτος,
756 3735 851 3790 καὶ
878 3736 1008 3791 ὅσας
1056 3732 1210 3795 νίκας
1256 3732 1529 3797 νενίκηκε.
1575 3731 1668 3784 καὶ
1703 3731 1836 3792 οἵοις

257 3831 536 3896 στεφάνοις
569 3824 1075 3893 κατακεκόσμήται,
1116 3821 1333 3891 ἀπόχρη
1372 3819 1658 3873 καὶταῦτα
1687 3819 1833 3873 διδά-

255 3918 355 3983 ξαι.
386 3916 614 3987 Ἐπειδὴ
639 3915 694 3968 δέ
738 3932 883 3978 τινες
927 3913 1216 3966 δυσκολίαν
1260 3912 1424 3984 ἤθους
1456 3911 1832 3976 ἐπαιτιῶνται,

253 4011 344 4063 καὶ
366 4007 783 4081 δυσχεραίνουσι
819 4006 880 4059 τὸ
913 4005 1213 4076 φιλέρημον
1254 4005 1345 4057 καὶ
1397 4002 1642 4073 ἡσύχιον,
1678 4001 1835 4070 ὀλίγα

254 4103 614 4173 περὶτούτων
642 4098 833 4165 εἰπὼν,
887 4099 1062 4171 πέρας
1108 4099 1353 4167 ἐπιθήσω
1385 4099 1462 4167 τῷ
1509 4095 1830 4165 διηγήματισ

254 4193 542 4265 Πρόκειται
574 4192 761 4251 πᾶσιν,
785 4190 860 4253 ὼς
889 4189 1046 4258 ἔφην,
1075 4190 1155 4253 εἰς
1181 4190 1433 4259 θεωρίαν,
1458 4185 1582 4240 οὔτε
1599 4186 1833 4258 θριγκίῳ

255 4282 660 4353 πεφραγμένος,
695 4279 817 4334 οὔτε
850 4278 1065 4351 καλύῦῃ
1084 4281 1189 4333 τινὶ
1217 4280 1249 4350 ἢ
1282 4283 1455 4350 σκηνῇ
1488 4278 1832 4348 καλυπτόμε-

248 4388 354 4435 νος.
389 4374 667 4433 Ἕκαστος
711 4369 769 4423 δέ
816 4368 927 4423 τῶν
974 4369 1417 4439 ἀφικνουμένων,
1472 4370 1563 4423 ὑπ’
1618 4368 1832 4430 οὐδενὸς

247 4464 429 4534 ἐρκίου
490 4463 856 4532 κωλυόμενος,
898 4460 1060 4524 εὐθὺς
1110 4463 1543 4532 παραγινόμενος
1577 4462 1834 4533 προσδια-

2011 3552 2338 3620 Cujusmodl
2363 3553 2382 3572 ⁴
2407 3567 2542 3623 ergo
2568 3553 2868 3608 venerandi
2913 3554 3046 3609 mihi
3076 3557 3269 3627 capitis
3297 3559 3518 3615 labores

1940 3644 2279 3707 exstiterint,
2306 3654 2359 3698 et
2377 3653 2583 3713 quanta
2608 3646 2932 3710 certamina,
2958 3656 3333 3720 quantamque
3354 3669 3383 3706 a
3407 3652 3517 3708 Deo

1936 3734 2166 3802 gratiam
2197 3734 2431 3803 adeptus
2463 3735 2556 3796 sit,
2588 3744 2724 3811 quot
2746 3737 3014 3793 victorias
3046 3743 3377 3809 reportarit,
3413 3760 3514 3799 cn-

1929 3826 2171 3895 jusmodi
2201 3828 2426 3882 coronis
2452 3828 2619 3884 fuerit
2654 3839 2985 3897 exornatus,
3031 3833 3250 3887 abunde
3284 3850 3517 3906 possunt

1936 3920 2051 3974 haec
2074 3919 2295 3975 docere.
2340 3918 2446 3975 Sed
2475 3921 2604 3990 quia
2634 3928 2763 3976 sunt
2800 3923 3076 3990 nonnulli,
3106 3925 3198 3994 qui
3231 3926 3354 3995 ejus
3394 3944 3515 3981 mo-

1935 4010 2215 4065 rositatem
2269 4010 2655 4078 criminantur,
2709 4012 3054 4083 nimiumque
3089 4014 3402 4073 solitudinis
3461 4031 3516 4073 et

1937 4102 2137 4172 quietis
2163 4101 2405 4156 studium
2438 4103 2870 4174 reprehendunt,
2888 4104 3060 4162 dehis
3092 4121 3267 4176 pauca
3303 4109 3393 4163 ubi
3427 4110 3513 4165 di-

1936 4208 2089 4255 xero,
2132 4193 2295 4247 finem
2334 4194 2614 4264 imponam
2666 4194 2993 4250 narrationi.
3035 4194 3292 4252 Omnium
3337 4202 3516 4258 oculis

1937 4283 2007 4340 ad
2036 4284 2393 4355 spectandum
2426 4287 2713 4357 espositus
2748 4295 2853 4355 est,
2881 4294 2943 4341 ut
2975 4287 3087 4357 jam
3115 4289 3250 4352 dixi,
3278 4307 3381 4347 nec
3403 4309 3519 4347 ma—

1940 4376 2086 4431 ceria
2109 4377 2542 4447 circumseptus,
2566 4393 2668 4433 nec
2690 4379 2913 4449 tugurio
2939 4379 3124 4450 aliquo
3151 4381 3398 4449 abditus,
3422 4394 3517 4439 aut

1940 4469 2316 4525 tabernaculo.
2351 4467 2420 4523 Et
2455 4470 2549 4540 qui
2583 4470 2886 4525 adventant
2928 4486 3122 4527 omnes
3167 4473 3321 4528 nullo
3367 4478 3511 4546 sepi-

245 4552 503 4622 λέγεσθαι
521 4553 790 4624 βούλεται.
821 4549 943 4611 Τοῖς
971 4550 1029 4603 δέ
1066 4548 1247 4614 ἄλλοις
1289 4551 1523 4621 ταυτησὶ
1555 4549 1655 4618 τῆς
1677 4547 1828 4616 φιλο-

1941 4569 2126 4617 mento
2156 4561 2511 4631 prohibente,
2565 4563 2727 4617 simul
2762 4576 2831 4617 ac
2859 4572 3131 4618 venerunt
3165 4564 3370 4636 allaqui
3415 4584 3511 4621 vo-

247 4646 442 4714 σοφίας
498 4646 758 4717 ἐρασταῖς
813 4643 908 4696 καὶ
953 4641 1178 4711 θριγκία
1217 4641 1313 4694 καὶ
1365 4641 1528 4712 θύραι
1577 4638 1703 4704 εἰσὶ,
1739 4639 1832 4691 καὶ

241 4738 478 4809 ἡσυχίας
507 4735 830 4799 ἀπόλαυσις,
865 4735 958 4788 καὶ
995 4733 1305 4801 ἀνοίγνυσιν
1344 4730 1610 4802 ἐθελήσας
1640 4730 1669 4782 ὁ
1701 4729 1833 4783 καθ-

242 4830 562 4899 ειργμένος,
599 4827 695 4880 καὶ
723 4826 1085 4880 ἀναϐάλλεται
1131 4823 1255 4877 ὅσον
1298 4821 1568 4893 βούλεται,
1609 4820 1831 4889 καὶτῆς

240 4921 395 4986 θείας
427 4923 753 4993 ἐμφορεῖται
792 4919 1025 4990 θεωρίας
1063 4918 1187 4971 ὅσον
1226 4915 1423 4968 ἐθέλει.
1467 4913 1738 4968 Ἐνταῦθα
1772 4912 1830 4965 δὲ

238 5015 451 5067 τούτων
492 5013 667 5066 οὐδέν.
715 5011 807 5064 Διὸ
852 5011 1087 5082 μάλιστα
1135 5007 1477 5078 δυσχεραίνει
1530 5005 1658 5068 τοὺς
1699 5003 1829 5075 παρ’

236 5104 409 5157 αὑτὸν
444 5103 546 5172 τῆς
583 5102 892 5172 προσευχῆς
931 5101 1024 5153 τὸν
1056 5098 1249 5170 καιρὸν
1305 5094 1678 5168 ἐνοχλοῦντας.
1710 5096 1830 5148 Κᾶν

240 5198 344 5266 μὲν
416 5193 783 5258 κελεύσαντος
864 5195 1026 5259 εὐθὺς
1091 5195 1339 5257 ἀπίοιεν,
1413 5190 1574 5243 πάλιν
1649 5189 1830 5260 ἔχεται

236 5290 339 5357 τῆς
393 5287 729 5358 προσευχῆς.
788 5288 852 5339 Ei
897 5286 955 5340 δέ
1004 5285 1316 5356 ἐπιμένοιεν
1375 5278 1680 5353 ὀχλοῦντες,
1733 5282 1828 5334 καὶ

237 5381 391 5444 ἅπαξ
430 5380 528 5432 καὶ
557 5379 639 5442 δὶς
683 5379 1075 5449 παρεγγυήσας
1127 5377 1201 5447 μὴ
1244 5374 1471 5437 πείσειε,
1530 5372 1828 5443 τηνικαῦτα

238 5472 587 5543 ίυσχεράνας
638 5471 909 5542 ἐπιτιμῶν
961 5466 1558 5540 ἀποπέμπεται.Ἐμοὶ
1610 5465 1666 5518 δὲ
1701 5467 1826 5537 περὶ

237 5567 439 5620 τούτου
486 5567 619 5637 πρὸς
650 5566 811 5620 αὑτὸν
830 5565 1154 5634 γεγένηνται
1179 5563 1325 5631 λόγοι
1348 5579 1362 5595 ·
1394 5564 1486 5616 καί
1518 5579 1670 5625 τινας
1695 5561 1829 5633 ἔφην

239 5659 541 5729 ἀσχάλλειν
571 5660 944 5725 ἐξελαθέντας,
983 5659 1078 5712 καὶ
1117 5657 1365 5727 εὐλογίας
1413 5657 1487 5726 μὴ
1534 5656 1830 5726 μετασχόν-

237 5767 338 5814 τας
367 5767 381 5779 ·
415 5751 513 5803 καὶ
534 5753 616 5805 ὅτι
644 5751 855 5822 πρέπον
886 5751 991 5819 εἴη,
1029 5751 1153 5812 τοὺς
1177 5749 1368 5801 τούτου
1390 5748 1552 5817 χάριν
1573 5748 1829 5816 ἀφικνου-

243 5840 471 5909 μένους.
504 5843 596 5894 καὶ
655 5841 867 5895 πολλῶν
913 5840 1133 5911 ἡμερῶν
1184 5839 1304 5893 ὁδὸν
1351 5837 1694 5904 ὲξανύοντας,
1756 5838 1830 5909 μὴ

609 5935 862 5996 ΡΑτιιοῐ.
921 5935 1035 5994 Gn.
1074 5932 1370 5999 LXXXII.

1939 4652 2078 4706 lunt.
2107 4652 2177 4706 At
2215 4653 2431 4708 caeteris
2474 4653 2640 4724 hujus
2683 4653 3049 4725 philosophiae
3090 4656 3434 4714 amatoribus
3463 4668 3514 4712 et

1936 4744 2192 4798 maecriaa
2216 4752 2345 4798 sunt
2367 4745 2647 4814 etjanuae,
2677 4753 2732 4801 et
2759 4745 2944 4816 quiete
2975 4745 3079 4800 frui
3106 4746 3232 4801 licet
3263 4766 3274 4801 :
3309 4750 3508 4818 aperit-

1936 4852 2043 4904 que
2076 4837 2121 4891 si
2154 4836 2284 4891 velit
2305 4838 2399 4908 qui
2431 4840 2682 4894 reclusus
2711 4844 2819 4903 est,
2855 4846 2907 4891 et
2938 4837 3119 4893 differt
3149 4841 3327 4909 quoad
3358 4840 3512 4903 libet.

1939 4916 2152 4997 1252
2193 4930 2557 4999 expleturque
2583 4928 2831 4998 quandiu
2879 4930 2993 4983 vult
3035 4929 3220 4985 divina
3267 4940 3514 4986 contem-

1936 5017 2197 5086 platione.
2237 5017 2338 5073 ilic
2365 5034 2498 5073 vero
2525 5019 2657 5072 nihil
2682 5027 2767 5075 est
2797 5020 3131 5089 hujusmndi.
3174 5020 3352 5088 Quare
3390 5022 3513 5077 illos

1935 5108 2029 5178 qui
2071 5109 2341 5165 orationis
2375 5118 2623 5181 tempore
2659 5112 3012 5181 interpellant
3058 5110 3165 5167 fert
3207 5115 3510 5183 mgcrrinte.

1935 5201 2094 5267 Quod
2118 5201 2163 5256 si
2191 5201 2424 5270 jubente
2449 5202 2568 5281 ipso
2608 5217 2731 5257 mox
2760 5205 3114 5268 recesserint,
3145 5205 3286 5259 redit
3316 5204 3511 5260 iterum

1937 5292 2003 5345 ad
2035 5294 2366 5349 orationem.
2398 5294 2468 5347 At
2508 5295 2554 5350 si
2593 5297 2823 5350 turbare
2847 5305 3098 5366 pergant,
3137 5305 3191 5350 ct
3227 5297 3398 5352 semel
3449 5312 3515 5350 ac

1937 5385 2180 5441 secundo
2204 5387 2428 5442 monitis
2460 5403 2569 5442 non
2603 5389 2961 5458 persuaserit,
3003 5396 3132 5442 tunc
3158 5388 3397 5458 graviter
3440 5388 3517 5442 fe.

1936 5492 2066 5533 rens
2096 5488 2148 5531 et
2182 5478 2473 5548 increpans
2501 5495 2597 5535 eos
2629 5481 2910 5535 anianilat.
2948 5479 3077 5534 Mihi
3109 5492 3289 5535 autem
3316 5480 3420 5535 hac
3447 5481 3517 5533 do

1936 5583 1994 5621 re
2018 5584 2141 5620 runt
2176 5568 2271 5622 illo
2296 5585 2478 5625 sermo
2506 5569 2631 5623 fuit.
2662 5568 2780 5622 Dixi
2815 5572 2961 5623 enim
2987 5568 3306 5623 contristari
3339 5584 3515 5639 quos-

1936 5656 2084 5721 dam,
2121 5659 2214 5726 qni
2251 5658 2467 5728 expulsi
2517 5658 2764 5725 fuerant,
2809 5659 3365 5743 benedictionemque
3404 5674 3514 5712 non

1937 5760 2280 5819 acceperant,
2313 5760 2368 5804 ct
2402 5751 2722 5817 convenire,
2763 5760 2823 5805 ut
2854 5751 2946 5822 qui
2989 5751 3154 5820 hujus
3193 5748 3369 5821 gratia
3420 5762 3514 5799 ve-

1937 5839 2117 5904 niunt,
2160 5841 2572 5912 umltorumque
2603 5842 2812 5897 dierum
2847 5842 2951 5897 iter
2973 5841 3296 5905 coniiciunt,
3328 5837 3514 5890 tristes

3119 5931 3194 5990 Ῐιϋ
