4074 6408
486 401 610 466 1451
1434 403 1924 463 TIIEODORETI
1966 405 2068 464 ΕΡ]

2172 405 2304 466 ἱΟΡΙ
2346 406 2712 466 CYRENSIS
3623 403 3760 466 1452

478 509 586 548 non
621 490 907 560 recedant,
933 491 1028 548 sed
1063 489 1252 545 laetitia
1284 490 1569 553 cumulati,
1601 498 1653 544 et
1690 493 1780 560 qui
1813 491 2062 559 philoso-

2172 493 2502 564 ἀχθομένους
2541 494 2842 557 ἐπανιέναι,
2900 492 3036 546 ἀλλὰ
3093 493 3358 564 θυμηδίας
3410 494 3758 564 ἐμφορουμέ-

479 584 622 655 phiae
653 591 761 639 tua:
794 581 1320 638 commemoratione
1343 582 1653 637 nescientes
1676 583 1947 639 reticiant.
1972 584 2066 640 Ille

2172 603 2313 652 νους,
2344 587 2565 650 καὶτοῖς
2594 587 2694 656 τῆς
2725 587 2822 655 σῆς
2839 585 3156 656 φιλοσοφίας
3178 586 3511 656 διηγήμασιν
3535 586 3760 639 ἐστιῶν-

478 692 612 733 vero
638 697 651 731 :
681 695 698 728 ι
736 674 854 730 Non
877 675 1135 738 aliorum,
1169 673 1369 743 inquit,
1401 673 1494 729 sed
1531 675 1637 728 mei
1684 675 1860 744 ipsius
1893 690 2064 730 causa

477 769 534 823 in
561 774 802 822 montem
836 765 979 820 veni.
1021 763 1159 818 Nam
1200 778 1328 818 eum
1369 764 1557 819 multis
1588 773 1942 834 peccatorum
1976 767 2064 820 ul-

477 859 700 914 ceribus
738 863 966 927 opertus
1001 855 1144 921 sim,
1189 857 1477 911 curatione
1517 858 1755 926 plurima
1801 857 2061 929 indigeo:

476 964 708 1016 eamque
747 949 819 1004 ob
857 963 974 1004 rem
1029 947 1323 1002 Dominum
1363 958 1615 1004 nostrum
1663 964 1796 1013 oro,
1835 959 1894 1003 ut
1928 950 2062 1004 mihi

478 1037 746 1097 salutaria
779 1037 1042 1093 vitiorqu
1078 1037 1324 1093 remedia
1357 1037 1586 1092 tribuat.
1617 1037 1738 1104 Quo
1768 1049 1933 1110 pacto
1965 1039 2068 1110 igi-

477 1141 570 1188 tur
590 1131 896 1189 absurdum
930 1131 1090 1188 valde
1129 1146 1196 1186 ac
1229 1131 1461 1187 stultum
1511 1148 1622 1186 non
1657 1134 1751 1198 sit,
1792 1133 2067 1189 orationis

478 1227 629 1282 illum
663 1225 986 1298 praecidere,
1031 1233 1198 1297 atque
1243 1225 1500 1281 homines
1550 1227 1773 1281 interim
1822 1227 2069 1298 alloqui?

477 1319 693 1376 Etenim
721 1319 767 1375 si
795 1318 1042 1390 ejusdem
1075 1325 1290 1372 naturae
1310 1317 1555 1372 hominis
1593 1316 1834 1372 famulus
1861 1334 2064 1383 essem,

479 1410 888 1482 ministeriique
922 1409 1186 1464 dominici
1222 1415 1494 1480 tempore,
1527 1409 1709 1464 cibulu
1745 1418 1841 1464 aut
1879 1418 2066 1478 potum

479 1504 803 1572 tempestive
870 1503 1066 1558 aﬂ‘erre
1122 1503 1574 1574 prtetermittens,
1631 1519 1758 1557 cum
1811 1505 1999 1574 aliquo
2038 1518 2069 1557 e

479 1593 770 1650 conservis
812 1592 1112 1657 labularer,
1144 1592 1346 1663 quibus
1377 1592 1552 1662 plagis
1582 1608 1692 1646 non
1725 1593 1924 1647 merito
1955 1592 2069 1645 alli-

481 1683 674 1739 cerer?
695 1681 848 1750 Quod
875 1683 919 1738 si
944 1680 1228 1753 praesidem
1261 1682 1471 1747 adiens,
1495 1681 1672 1752 deque
1700 1682 1902 1752 injuria
1934 1682 2067 1737 mihi

2169 696 2269 743 τας
2327 679 2457 742 τοὺς
2526 677 2879 746 ἀγνοοῦντας.
2916 678 2976 731 '0
3009 678 3103 744 δὲ,
3145 696 3164 728 ι
3201 679 3315 730 Οὐκ
3375 677 3544 731 ἄλλου
3573 679 3757 747 χάριν,

2171 769 2298 841 ἔφη,
2326 771 2442 824 ἀλλ’
2474 769 2714 841 ἐμαυτοῦ
2761 769 2822 823 τὸ
2875 769 2999 841 ὄρος
3059 768 3387 839 κατείληφα.
3439 770 3551 821 Καὶ
3589 768 3764 822 πολλά

2169 862 2290 916 λίαν
2319 862 2734 934 ἁμαρτημάτων
2785 861 3166 933 περικείμενος
3218 861 3375 931 ἐλκη,
3406 861 3610 930 πολλῆς
3638 861 3763 913 δέο-

2174 972 2273 1026 μαι
2322 954 2640 1026 θεραπείας.
2705 954 2818 1008 Καὶ
2876 951 3068 1006 τούτου
3116 953 3299 1006 εἵνεκα
3351 951 3442 1004 τὸν
3486 951 3769 1021 ἡμέτερον

2174 1047 2409 1101 ἱκετεύω
2468 1047 2768 1118 Δεσπότην,
2797 1045 2984 1118 ὀρέξαι
3037 1062 3128 1115 μοι
3159 1044 3228 1097 τά
3265 1043 3366 1114 τῆς
3407 1041 3608 1104 κακίας
3641 1042 3769 1095 ἀλε-

2173 1139 2519 1209 ξιφάρμακα.
2551 1138 2677 1200 Πῶς
2705 1137 2886 1190 τοίνυν
2917 1137 3016 1190 οὐκ
3055 1137 3277 1199 ἄτοπον,
3312 1137 3409 1188 καὶ
3442 1135 3566 1188 λίαν
3603 1135 3768 1204 ἀνόη-

2169 1250 2284 1296 τον,
2315 1232 2570 1302 διακόψαι
2621 1231 2720 1301 μὲν
2775 1231 2866 1283 τὸν
2892 1231 2991 1300 τῆς
3025 1230 3263 1293 ἱκετείας
3307 1230 3520 1300 είρμδν,
3558 1229 3766 1297 μεταξὺ

2171 1324 2228 1377 δέ
2279 1323 2514 1388 διάλεξιν
2571 1323 2709 1394 πρὸς
2775 1321 3097 1392 ἀνθρώπους
3130 1321 3503 1390 ποιήσασθαις
3547 1320 3611 1373 Εἰ
3651 1318 3764 1391 γὰρ

2172 1416 2391 1484 οἰκέτης
2426 1413 2713 1486 ἀνθρώπου
2737 1410 3011 1483 ὁμοφυοῦς
3045 1411 3362 1480 ἐτύγχανον,
3391 1411 3446 1463 ἐν
3465 1411 3518 1463 δὲ
3545 1409 3624 1480 τῷ
3663 1411 3768 1478 τῆς

2181 1505 2508 1575 δεσποτικῆς
2529 1504 2806 1566 διακονίας
2835 1502 3034 1573 καιρῷ,
3051 1500 3364 1554 καταλιπὼν
3381 1501 3442 1553 τὸ
3467 1517 3768 1571 προσενεγο

2175 1601 2293 1652 κεῖν
2320 1598 2400 1661 είς
2425 1595 2618 1666 καιρὸν
2646 1595 2676 1665 ἢ
2711 1595 2858 1647 σιτία
2889 1594 2921 1665 ἢ
2954 1593 3111 1654 ποτὰ,
3147 1593 3283 1662 πρός
3327 1609 3448 1643 τινα
3486 1591 3596 1643 τῶν
3635 1591 3769 1659 ὁμοη

2173 1689 2376 1742 δούλων
2403 1688 2750 1757 ἐποιησάμην
2789 1683 3047 1750 διάλεξιν,
3095 1683 3265 1747 πόσας
3315 1682 3415 1735 οὐκ
3443 1681 3509 1736 ἂν
3539 1683 3769 1744 δικαίως

474 1789 508 1828 a
536 1775 793 1844 qquiam
843 1774 992 1828 illata
1041 1773 1424 1844 expostulans,
1465 1775 1770 1828 orationem
1801 1774 1856 1828 in
1885 1774 2068 1829 medio

2175 1780 2447 1850 ἐδεξάμην
2472 1779 2722 1848 πληγάς;
2761 1778 2822 1830 El
2849 1777 2907 1830 δὲ
2939 1777 3032 1828 καὶ
3055 1775 3275 1848 ἄρχοντι
3305 1773 3641 1846 προσελθὼν,
3669 1773 3770 1827 καὶ

480 1882 646 1920 cursu
671 1865 1074 1935 abrumperem,
1095 1879 1523 1935 sermonemque
1545 1865 1712 1919 alium
1743 1864 1812 1919 ad
1829 1865 2066 1936 aliquem

2172 1873 2240 1942 ἦν
2273 1847 2534 1941 ὑπομένω
2571 1847 2724 1941 παρά
2785 1885 2933 1931 τινος
2977 1847 3336 1936 διηγούμενος
3389 1866 3625 1925 ἀδικίαν,
3682 1865 3770 1917 δι-

479 1974 547 2013 ex
572 1961 590 1980 ⁹
622 1957 935 2012 astantibus
1003 1955 1238 2023 ordirer,
1303 1973 1486 2011 annon
1523 1973 1668 2028 aegre
1707 1957 1946 2012 laturum
1975 1957 2069 2026 ju—

478 2050 656 2104 dicem
688 2057 868 2118 putas,
898 2063 962 2103 ac
1007 2065 1120 2103 non
1164 2047 1342 2104 solum
1385 2065 1542 2119 opem
1585 2033 1936 2120 negaturum,
1971 2049 2068 2104 sed

477 2138 710 2192 verbera
747 2153 968 2208 quoque
1001 2137 1341 2202 additurum,
1373 2145 1427 2192 et
1477 2145 1632 2191 extra
1660 2139 1938 2193 cancellos
1963 2139 2071 2208 eje-

479 2229 742 2283 cturum?
772 2227 875 2294 Qui
909 2244 1044 2299 ergo
1075 2228 1160 2284 fas
1187 2245 1520 2300 aequumque
1551 2231 1642 2292 sit,
1664 2229 2071 2301 famulumqui-

479 2322 601 2377 dem
644 2337 771 2391 erga
833 2321 1140 2387 dominum,
1195 2329 1250 2376 et
1305 2323 1614 2392 supplicem
1679 2320 1892 2392 1253
1937 2337 2068 2392 erga

472 2411 716 2480 judicem
752 2411 1018 2468 decenter
1067 2428 1126 2469 se
1176 2428 1401 2483 gerere:
1446 2429 1531 2468 me
1578 2429 1708 2468 vero
1748 2413 1814 2466 ad
1864 2412 2067 2479 Deum,

477 2505 570 2573 qui
598 2510 653 2559 et
685 2506 1055 2575 sempiternus
1089 2513 1173 2561 est
1205 2506 1490 2569 Dominus,
1521 2515 1578 2560 et
1609 2506 1778 2574 judex
1812 2506 2070 2576 aequissi-

479 2609 620 2658 mus,
640 2603 696 2648 et
724 2595 1113 2652 universorum
1141 2613 1256 2658 rex,
1286 2597 1660 2660 accedentem,
1693 2613 1760 2651 ue
1778 2599 1843 2651 ad
1871 2603 2064 2652 horum

478 2685 701 2753 quidem
734 2687 1046 2756 exemplum
1083 2687 1380 2752 accedere,
1421 2687 1517 2742 sed
1551 2688 1616 2741 ad
1650 2702 1950 2743 conservos
1984 2688 2069 2742 iu-

479 2783 566 2830 ter
591 2777 863 2832 orandum
898 2794 985 2833 me
1015 2789 1362 2845 convertere,
1392 2787 1446 2834 et
1475 2780 1693 2850 longam
1742 2780 2068 2835 confabula-

479 2868 682 2923 tionem
706 2870 932 2924 texere?
956 2889 974 2922 ι
1007 2869 1130 2925 Haec
1160 2881 1212 2926 et
1241 2871 1448 2937 audivi,
1477 2879 1532 2928 et
1562 2871 1628 2926 ad
1659 2887 1757 2926 eos
1781 2874 1942 2927 retuli
1971 2872 2068 2942 qui

462 2960 978 3030 conquerebantur.
1015 2964 1093 3017 Ac
1118 2963 1250 3018 mihi
1276 2963 1500 3035 quidem
1528 2965 1669 3019 bene
1699 2974 1957 3035 recteque
1985 2965 2069 3020 di-

476 3049 627 3106 xisse
680 3051 919 3106 videtur.
963 3051 1099 3109 Nam
1152 3063 1349 3123 praeter
1387 3054 1502 3109 haec
1556 3069 1679 3125 quae
1721 3054 1866 3110 dicta
1914 3063 2066 3122 sunt,

454 3143 763 3212 proprium
805 3151 889 3198 est
935 3148 1242 3200 amantimn
1287 3147 1424 3202 alios
1463 3162 1659 3203 omnes
1691 3157 2067 3215 contemnere,

477 3208 535 3285 in
570 3208 746 3302 eoque
776 3248 887 3289 uno
933 3234 1141 3288 haerere
1181 3251 1343 3304 quem
1376 3246 1563 3290 amant
1597 3245 1653 3290 et
1681 3237 1950 3307 diligunt,
1986 3208 2069 3292 at;
2096 3208 2138 3265 θ

477 3337 586 3392 que
637 3325 784 3377 hunc
819 3331 873 3378 et
920 3333 1088 3378 noctu
1131 3325 1434 3391 somniare,
1484 3334 1539 3381 et
1588 3326 1828 3382 interdiu
1881 3328 2070 3383 animo

477 3429 723 3468 versare.
768 3413 1067 3484 Propterea
1111 3431 1253 3485 aegre
1300 3415 1445 3472 ferre
1486 3417 1616 3471 mihi
1662 3418 1904 3481 videtur,
1940 3434 2066 3473 cum

481 3507 536 3559 in
564 3515 748 3577 optata
773 3507 1240 3576 contemplatione
1263 3509 1527 3565 insistens
1548 3511 1800 3565 adamata
1819 3511 2068 3580 pulchri-

482 3596 672 3651 tudine
703 3597 909 3668 expleri
948 3597 1290 3667 prohibetur.
1330 3598 1622 3655 Narrando
1674 3601 1777 3656 ista
1819 3602 2070 3658 conscri-

481 3687 716 3757 psimus,
737 3687 999 3743 brevitati
1036 3688 1292 3758 inprimis
1320 3690 1635 3753 studentes,
1667 3707 1733 3746 ue
1753 3692 2069 3762 prolixitate

468 3777 784 3833 lectoribus
824 3779 986 3834 taedio
1017 3795 1290 3836 essemus.
1341 3781 1500 3847 Quod
1537 3784 1581 3839 si
1613 3793 1896 3854 superstes
1939 3785 2066 3840 huic

471 3874 783 3927 narrationi
822 3873 1051 3938 vixerit,
1084 3873 1186 3927 alia
1221 3874 1478 3931 videlicet
1517 3877 1783 3947 prreclara
1815 3877 2064 3934 facinora

473 3965 766 4032 prioribus
820 3965 1064 4035 adjiciet,
1117 3975 1174 4022 et
1229 3967 1346 4023 haec
1399 3969 1492 4023 alii
1540 3972 1917 4028 conserillent.
1953 3970 2066 4027 Nos

465 4055 620 4109 enim
651 4057 777 4112 hinc
816 4059 1120 4128 emigrandi
1164 4057 1501 4115 desiderium
1554 4063 1854 4118 maximum
1891 4072 2060 4120 tenet.

482 4147 705 4203 Pietatis
753 4157 934 4204 antem
974 4149 1307 4206 athletarum
1344 4153 1681 4220 agonotheta
1737 4154 1898 4209 linem
1935 4155 2066 4210 huic

475 4239 873 4295 certaminibus
895 4242 1117 4311 dignum
1150 4242 1379 4311 tribuat,
1399 4255 1459 4297 ut
1489 4246 1633 4314 quod
1659 4255 1914 4317 superest
1933 4262 2065 4301 cur-

473 4346 576 4384 sus
609 4331 783 4400 priori
809 4333 1145 4396 consentiat,
1182 4335 1470 4405 victorque
1502 4338 1720 4392 tandem
1760 4339 1826 4392 ad
1861 4347 2060 4392 metam

472 4423 781 4491 perveniat,
829 4430 884 4478 et
932 4424 1312 4480 inﬁrmitatem
1358 4437 1607 4484 nostram
1646 4428 1774 4497 ejus
1806 4430 2064 4498 precibus

473 4511 803 4578 confirmet,
846 4524 905 4567 ut
955 4516 1298 4572 corroborati
1348 4519 1553 4574 multas
1609 4520 1794 4576 clades
1844 4535 2067 4576 nostras

477 4604 871 4666 rcsarciamus,
903 4613 955 4659 et
983 4621 1050 4660 ex
1078 4608 1176 4662 hac
1206 4610 1311 4663 vita
1337 4610 1581 4666 victores
1611 4612 1967 4668 excedamus.

2175 1962 2349 2032 έκοψα
2379 1963 2554 2033 μὲνέν
2583 1962 2734 2032 μέσῳ
2777 1961 2878 2031 τὴν
2925 1957 3182 2024 διάλεξιν,
3217 1958 3409 2021 ἄλλους
3459 1949 3520 2010 δὲ
3571 1957 3770 2025 λόγους

2168 2055 2323 2118 τινὰς
2349 2052 2487 2124 πρός
2520 2070 2670 2116 τινας
2700 2051 2807 2104 τῶν
2840 2051 3128 2120 παρόντων
3173 2047 3544 2118 ἐποιησάμην,
3580 2045 3642 2099 οὔ
3681 2063 3768 2099 σοι

2168 2146 2319 2200 δοκεῖ
2349 2145 2680 2215 δυσχερᾶναι
2711 2144 2803 2198 τὸν
2831 2141 3112 2212 δικαστὴν,
3141 2139 3234 2193 καὶ
3266 2138 3368 2208 τῆς
3408 2139 3506 2210 μὲν
3537 2139 3768 2192 ἐπικουο

2171 2238 2295 2308 ρίας
2323 2236 2717 2308 ἀποστερῆσαι,
2764 2231 3162 2304 προσθεῖναιδέ
3211 2231 3306 2283 καὶ
3339 2230 3632 2301 μάστιγας,
3673 2231 3768 2282 καὶ

2168 2331 2278 2382 τῶν
2313 2327 2605 2396 κιγκλίδων
2635 2326 2934 2392 άπελάσαι;
2969 2327 3092 2388 Πῶς
3123 2325 3300 2379 τοίνυν
3331 2325 3498 2389 ὅσιον,
3527 2324 3766 2397 δεσπότῃ

2172 2421 2272 2491 μὲν
2301 2420 2393 2473 τὸν
2419 2419 2659 2490 οἰκέτην,
2684 2420 2779 2472 καὶ
2802 2419 3031 2490 δικαστῇ
3079 2416 3172 2470 τὸν
3215 2416 3422 2488 ἱκέτην,
3453 2418 3764 2488 προσηκόν-

2169 2531 2277 2576 τως
2301 2512 2746 2583 προσφέρεσθαι·
2796 2510 2897 2580 ἐμὲ
2949 2510 3007 2564 δέ
3059 2508 3138 2579 τῷ
3175 2507 3314 2578 Θεῷ,
3345 2507 3422 2578 τῷ
3445 2508 3539 2562 καὶ
3559 2508 3770 2578 αἰωνίῳ

2170 2605 2439 2676 Δεσπότῃ,
2467 2604 2563 2657 καὶ
2586 2603 2818 2672 δικαστῇ
2866 2601 3211 2671 δικαιοτάτῳ,
3259 2601 3352 2653 καὶ
3394 2599 3608 2668 βασιλεῖ
3652 2601 3768 2654 τῶν

2173 2697 2435 2751 ἁπάντων
2501 2695 2830 2766 προσιόντα,
2895 2693 3029 2764 μηδέ
3088 2693 3298 2756 τούτοις
3365 2692 3768 2764 παραπλησίως

2175 2787 2450 2842 ποιεῖσθαι
2487 2786 2588 2856 τὴν
2621 2785 2904 2855 πρόσοδον,
2930 2783 3067 2837 ἀλλὰ
3097 2781 3299 2853 μεταξὺ
3327 2783 3768 2854 προσευχόμενον

2171 2877 2308 2950 πρὸς
2336 2878 2463 2942 τοὺς
2488 2876 2809 2947 ὁμοδούλους
2834 2875 3151 2946 τρέπεσθαι,
3205 2875 3299 2928 καὶ
3342 2875 3561 2946 μακρὰν
3590 2877 3766 2927 ποιεῖ-

2173 2969 2299 3024 σθαι
2331 2968 2604 3034 διάλεξιν;
2643 2987 2662 3020 )
2701 2967 2886 3022 Ταῦτα
2932 2969 3027 3021 καὶ
3080 2969 3311 3038 ἥκουσα,
3345 2967 3601 3038 καὶπρὸς
3635 2967 3766 3030 τοὺς

2170 3061 2609 3133 δυσχεράναντας
2641 3059 3066 3130 διεπόρθμευσα.
3100 3059 3211 3112 Καὶ
3236 3053 3297 3113 εὖ
3334 3076 3424 3130 μοι
3451 3060 3548 3112 καὶ
3584 3058 3767 3123 καλῶς

2172 3152 2458 3223 εἰρηκέναι
2484 3151 2651 3204 δοκεῖ.
2710 3151 2852 3222 Πρὸς
2881 3152 2990 3220 γὰρ
3020 3146 3088 3204 αὖ
3129 3153 3244 3214 τοῖς
3291 3150 3626 3222 εἰρημένοις.
3669 3153 3767 3204 καὶ

2172 3243 2301 3297 ῐδιον
2321 3242 2429 3295 τῶν
2456 3240 2725 3312 ἐρώντων,
2755 3241 2974 3294 πάντων
3005 3241 3107 3310 μὲν
3127 3239 3234 3294 τῶν
3258 3238 3434 3293 ἄλλων
3462 3241 3769 3311 ὑπερορᾷν,

2173 3332 2367 3402 ἐκείνῳ
2389 3331 2444 3384 δέ
2478 3331 2932 3402 προστετηκέναι,
2969 3329 3027 3383 ὃν
3065 3327 3280 3400 φιλοῦσι
3308 3330 3403 3383 καὶ
3437 3329 3724 3400 στέργουσι
3748 3348 3767 3362 ο

2173 3423 2268 3478 καὶ
2303 3423 2490 3477 τοῦτον
2517 3421 2736 3494 νύκτωρ
2797 3422 3195 3495 ὀνειροπολεῖν,
3256 3423 3351 3476 καὶ
3384 3423 3503 3494 μεθ’
3549 3426 3770 3495 ἡμέραν

2175 3512 2568 3590 φαντάζεσθαι.
2607 3511 2712 3565 Διά
2765 3511 2926 3566 τοῦτό
2960 3530 3049 3584 μοι
3109 3512 3481 3582 δυσχεραίνειν
3502 3513 3670 3576 δοκεῖ,
3709 3517 3770 3567 ἐν

2172 3590 2582 3680 τῇῐποθουμένῃ
2618 3607 2717 3676 μὲν
2781 3605 2986 3678 θεωρίᾳ
3037 3606 3355 3674 γενόμενος,
3383 3605 3767 3676 ἐμπλησθῆναι

2174 3700 2233 3755 δέ
2254 3699 2348 3753 τοῦ
2366 3698 2674 3771 ἐπεράστου
2708 3697 3050 3768 κωλυόμενος
3080 3696 3330 3757 κάλλους.
3357 3696 3544 3750 Ταῦτα
3573 3698 3762 3768 διηγη-

2179 3791 2426 3864 ματικῶς
2460 3791 2905 3862 συνεγράψαμεν,
2929 3791 3128 3862 κομιδῇ
3151 3789 3251 3860 τῆς
3285 3790 3580 3857 συντομίας
3602 3808 3755 3859 φρον-

2173 3885 2446 3948 τίσαντες,
2479 3883 2568 3937 ἵνα
2602 3881 2777 3954 μὴτῷ
2815 3882 2981 3952 μήκει
3001 3882 3129 3944 τοὺς
3162 3879 3593 3950 ἐντυγχάνοντας
3626 3881 3760 3935 ἀπο-

2174 3973 2503 4044 κναίσωμεν.
2537 3972 2602 4026 El
2642 3971 2698 4024 δέ
2742 3972 2836 4024 καὶ
2887 3969 3124 4041 ἐπιϐιῴη
3159 3969 3296 4040 τῷδε
3354 3968 3434 4040 τῷ
3465 3969 3768 4041 διηγήματι

2174 4065 2388 4138 χρόνον,
2460 4064 2558 4118 καὶ
2609 4063 2745 4118 ἄλλα
2813 4061 2984 4132 μυρία
3033 4060 3301 4132 δήπουθεν
3359 4059 3768 4130 κατορθώματα

2169 4159 2283 4219 τοῖς
2306 4155 2595 4226 προτέροις
2613 4151 2935 4224 προσθήσει,
2991 4151 3086 4205 καὶ
3125 4149 3503 4220 συγγράψουσι
3535 4151 3771 4203 κάκεῖνα

2169 4249 2368 4319 ἕτεροι.
2409 4247 2569 4318 Ἡμῖν
2594 4247 2703 4316 γάρ
2725 4248 2823 4316 τῆς
2845 4244 3095 4298 ἐντεῦθεν
3127 4243 3395 4314 ἐκδημίας
3443 4243 3607 4306 πόθος
3664 4261 3770 4296 πο-

2175 4339 2295 4403 λύς.
2340 4340 2397 4391 Ὀ
2435 4337 2492 4391 δέ
2537 4337 2649 4390 τῶν
2675 4336 2774 4405 τῆς
2810 4335 3097 4399 εὐσεϐείας
3137 4335 3386 4403 ἀθλητῶν
3421 4334 3771 4406 ἀγωνοθέτης

2172 4432 2269 4484 καὶ
2293 4429 2466 4498 τούτῳ
2489 4427 2650 4482 δώσει
2673 4429 2826 4490 τέλος
2859 4427 2967 4480 τῶν
2994 4427 3221 4496 ἀγώνων
3262 4425 3504 4491 ἐπάξιον,
3536 4425 3633 4478 καὶ
3663 4426 3761 4479 τοῦ

2170 4522 2371 4592 δρόμου
2408 4518 2468 4572 τὸ
2517 4517 2842 4588 λειπόμενον
2873 4518 3151 4588 παράσχοι
3190 4515 3265 4586 τῷ
3326 4516 3577 4586 προτέρῳ
3619 4533 3765 4586 συμ-

2174 4609 2375 4669 ϐαῖνον,
2435 4606 2520 4659 ἶνα
2571 4606 2866 4675 νικηφόρος
2909 4605 3204 4659 καταλάϐοι
3259 4604 3359 4674 τὴν
3398 4605 3622 4672 νύσσαν,
3665 4606 3767 4659 καὶ

475 4693 574 4764 τὴν
627 4696 904 4766 ἡμετέραν
961 4699 1248 4754 ἀσθένειαν
1306 4704 1427 4764 ταῖς
1472 4703 1664 4756 τούτου
1697 4708 2028 4777 προσευχαῖς
2082 4700 2461 4774 ύπερείσειεν’
2512 4698 2658 4760 ὅπως
2708 4697 3180 4770 ἀναρρωσθέντες,
3229 4697 3330 4759 τάς
3371 4697 3570 4761 πολλὰς
3602 4699 3767 4769 ἡμῶν

486 4787 936 4860 innantem;st
966 4790 1152 4861 ἥττας,
1205 4793 1298 4846 καὶ
1335 4795 1482 4870 μετᾶι
1522 4797 1678 4868 νίκης
1706 4797 1799 4851 τὸν
1835 4799 1946 4869 βίον
1985 4797 2313 4866 ἐξέλθωμεν.

615 4899 783 4955 XX”.
826 4933 896 4942 —-
940 4902 1386 4962 THALASSIUS
1423 4918 1518 4964 aut
1558 4909 1914 4967 LIMNEUS.

473 5033 486 5044 ο
547 5013 763 5068 Tillima
799 5014 955 5069 vicus
991 5024 1076 5070 est
1109 5016 1250 5086 apud
1288 5034 1409 5087 nos,
1446 5020 1579 5076 olim
1610 5023 1829 5092 quidem
1869 5024 2065 5094 impie-

480 5104 605 5160 tatis
645 5103 943 5159 Marcionis
983 5107 1288 5164 seminibus
1337 5125 1692 5180 conspersus,
1745 5130 1893 5168 nunc
1935 5129 2067 5169 vero

480 5199 788 5267 evangelica
815 5196 1034 5269 1254
1067 5199 1254 5255 fruens
1286 5205 1646 5271 agricultura.
1683 5204 1822 5260 Huic
1860 5205 1926 5258 ad
1957 5221 2068 5259 me-

483 5286 672 5341 ridiem
725 5290 1012 5354 proximus
1060 5298 1143 5344 est
1194 5293 1385 5358 collis,
1451 5311 1628 5365 neque
1687 5312 1845 5365 asper
1884 5297 2064 5360 valde,

481 5390 656 5445 neque
683 5377 974 5430 admodum
1014 5383 1257 5447 acclivis,
1284 5385 1336 5437 in
1362 5401 1472 5453 quo
1512 5387 1812 5441 asceticum
1848 5387 2066 5440 habita-

481 5468 662 5520 culmn
695 5469 934 5521 condidit
965 5469 1320 5531 admirandus
1344 5474 1691 5541 Thalassius,
1728 5479 1811 5531 vir
1844 5477 2063 5534 dotibus

2412 4908 2539 4963 ΚΗ.
2573 4936 2642 4946 -——
2670 4904 3047 4956 ΘΑΛΑΣΣῘΟΣ
3085 4902 3116 4973 ἦ
3153 4903 3511 4957 ΛΙΜΝΔΙΟΣ.

2248 5021 2481 5092 Τιλλίμα
2535 5016 2696 5087 κώμη
2755 5016 2839 5079 τίς
2899 5016 3014 5067 ἐστι
3075 5016 3206 5085 παρ’
3243 5017 3398 5085 ἡμῖν,
3454 5015 3624 5070 πάλαι
3668 5017 3770 5088 μὲν

2177 5114 2278 5184 τῆς
2357 5111 2686 5183 Μαρκίωνος
2765 5106 3020 5170 ἀσεϐείας
3101 5107 3368 5178 δεξαμένη
3435 5107 3504 5161 τὰ
3594 5112 3771 5183 σπέρ-

2181 5217 2353 5271 ματα,
2403 5198 2498 5251 νῦν
2553 5197 2608 5250 δὲ
2657 5196 2754 5266 τῆς
2789 5195 3154 5266 εὐαγγελικῆς
3189 5196 3538 5251 ἀπολαύουσα
3585 5215 3770 5270 γεωρ-

2175 5294 2320 5361 γίας.
2378 5290 2596 5362 Ταύτης
2644 5288 2782 5359 πρὸς
2838 5277 3185 5358 μεσημϐρίαν
3249 5287 3409 5356 λόφος
3464 5307 3546 5353 τις
3592 5291 3768 5355 ἐστὶν,

2175 5382 2300 5437 οὔτε
2335 5383 2456 5436 λίαν
2489 5381 2714 5452 τραχὺς,
2758 5379 2879 5433 οὔτε
2932 5379 3076 5450 μάλα
3117 5380 3446 5451 προσάντης.
3495 5381 3584 5433 Ἐν
3616 5382 3772 5452 αύτῷ

2175 5476 2235 5528 τὸ
2275 5473 2569 5545 ἀσκητικὸν
2605 5473 2854 5541 ἐδείματο
2878 5469 3222 5539 καταγώγιον
3251 5470 3555 5537 Θαλάσσιος
3577 5473 3605 5526 ὁ
3639 5471 3771 5529 θαυ-

1744 5653 1970 5710 ΥᾹΠΙᾸΞ
2011 5654 2419 5710 LECTIONES.

557 5763 604 5797 ⁸³
637 5759 923 5818 Helimma.
965 5767 1182 5821 llervct.
