4074 6410
287 421 428 491 1453

1513 403 1923 486 RELIGIOSA
1962 403 2350 483 HIsTo'ntA.

3426 407 3557 490 1451

292 542 511 613 μάσιος,
535 540 676 613 ἀνὴρ
706 540 920 604 πολλοῖς
953 540 1389 612 κατακοσμηθεὶς
1420 541 1663 611 ἀγαθοῖς,
1695 542 1864 597 ἀπλό-

1974 539 2167 594 multis
2200 546 2452 606 ornatus,
2497 539 2593 594 sed
2637 553 2854 593 morum
2896 522 3270 612 simplicitate,
3303 554 3560 596 mansue—

287 647 413 699 τι,τι
450 630 509 686 δὲ
554 632 739 704 ηθους,
788 633 882 687 καὶ
924 632 1212 707 πραότητι,
1254 633 1350 687 καὶ
1397 635 1746 705 φρονήματος
1778 651 1872 703 με-

287 726 559 797 τριότητι,
587 728 713 789 τοὺς
743 726 828 779 ἐπ’
861 726 1024 780 αὐτοῦ
1065 744 1129 796 γε
1169 725 1487 797 ἀνθρώπους
1538 726 1872 796 ὑπερϐαλλό-

291 836 474 889 μενος.
510 819 620 873 Καὶ
669 821 829 872 τοῦτο
870 819 1015 888 λέγω
1045 820 1145 873 οὐκ
1176 821 1312 891 ἀκοῇ
1361 820 1500 890 μόνῃ
1529 821 1868 890 πειθόμενος,

286 910 428 964 ἀλλὰ
456 910 550 963 καὶ
580 910 748 981 πείρᾳ
785 912 1151 982 χρησάμενος.
1181 900 1494 965 Κατέλαϐον
1528 913 1638 982 γάρ
1667 912 1756 964 τὸν
1782 913 1874 965 ἀν-

284 999 413 1072 δρα,
441 1001 539 1054 καὶ
588 999 849 1064 πολλάκις
903 1004 1003 1070 τῆς
1056 1001 1315 1070 γλυκείας
1359 1000 1523 1055 αὑτοῦ
1579 1001 1872 1073 ἀπήλαυσα

288 1088 599 1152 συνουσίας.
637 1088 732 1154 Et;
761 1090 853 1144 τὸν
880 1089 1035 1144 τοῦδε
1075 1091 1235 1161 χορὸν
1274 1090 1518 1144 ἐτέλεσεν
1540 1094 1567 1145 ό
1593 1092 1689 1145 νῦν
1720 1093 1872 1164 παρά

287 1182 512 1235 πάντων
540 1183 800 1253 ᾲδόμενος
832 1183 1120 1252 Λιμναῖος,
1155 1183 1249 1236 καὶ
1288 1184 1485 1254 κομιδῇ
1512 1183 1630 1247 νέος
1664 1182 1738 1238 ὢν
1772 1186 1871 1257 τὴν

274 1274 633 1353 ,παλαίστραν
674 1276 894 1346 ἐκείνην
935 1275 1281 1339 καταλαϐὼν,
1321 1278 1421 1346 τὴν
1464 1276 1639 1347 ἄκραν
1668 1277 1871 1347 ταύτην

287 1364 609 1434 φιλοσοφίαν
646 1363 829 1429 καλῶς
869 1366 1201 1420 ἐπαιδεύετο.
1252 1368 1360 1420 Καὶ
1402 1368 1617 1438 πρῶτον
1666 1369 1726 1421 τὸ
1772 1370 1871 1440 τῆς

284 1455 535 1526 γλώττης
583 1455 738 1519 εἰδὼς
770 1456 1067 1522 εὐόλισθον,
1106 1458 1391 1528 μειράκιον
1434 1457 1510 1513 ὢν
1557 1460 1658 1523 ἔτι,
1712 1462 1871 1531 σιγᾷν

282 1544 652 1615 ἐνομοθέτησε
704 1545 930 1618 ταύτην,
973 1548 1067 1599 καὶ
1115 1548 1366 1601 πλεῖστον
1407 1549 1488 1602 ὃτι
1522 1548 1757 1619 μάλιστα
1792 1551 1871 1603 δι-

284 1637 502 1691 ετέλεσε
559 1637 754 1708 χρόνον
806 1638 973 1709 μηδὲν
1026 1638 1161 1709 πρὸς
1215 1639 1419 1711 μηδένα
1475 1642 1867 1712 φθεγγόμενος.

294 1728 518 1798 Ἐπειδὴ
556 1729 611 1782 δὲ
658 1729 1028 1801 ἀποχρώντως
1078 1730 1177 1800 τῆς
1214 1730 1309 1784 τοῦ
1366 1730 1512 1786 θείου
1561 1734 1869 1804 πρεσϐύτου

279 1819 633 1883 διδασκαλίας
693 1821 980 1891 μετέλαχε,
1037 1822 1130 1875 καὶ
1179 1824 1475 1892 ἐκμαγεῖον
1529 1822 1722 1878 ἑαυτὸν
1771 1826 1871 1894 τῆς

282 1912 496 1965 ἐκείνου
540 1912 822 1983 ἀπέφηνεν
853 1914 1075 1984 ἀρετῆς,
1115 1915 1268 1984 παρά
1300 1916 1391 1969 τὸν
1438 1916 1609 1985 μέγαν
1641 1917 1867 1984 ἀφίκετο

281 1998 550 2073 Μάρωνα,
588 1997 650 2057 οὗ
701 2004 797 2057 καὶ
841 2005 1079 2074 πρόσθεν
1112 2007 1485 2077 ἐμνήσθημεν.
1530 2009 1782 2078 Ἀφίκετο
1808 2010 1867 2063 δὲ

282 2092 427 2146 κατά
463 2093 554 2147 τὸν
599 2092 762 2148 αὑτὸν
815 2096 1028 2166 χρόνον,
1063 2096 1184 2149 καθ’
1236 2096 1295 2150 δν
1325 2099 1352 2151 ὀ
1391 2097 1533 2163 θεῖος
1585 2099 1861 2164 ’Ῑάκωϐοςε

282 2184 494 2257 Πολλὴν
527 2185 584 2239 δὲ
622 2186 718 2240 καὶ
743 2186 992 2239 ἐντεῦθεν
1043 2187 1207 2241 πάλιν
1247 2186 1517 2259 ὠφέλειαν
1560 2190 1862 2261 τρυγήσας,

212 2310 225 2316 -
282 2278 381 2331 καὶ
429 2278 520 2331 τὸν
572 2279 865 2351 ὑπαίθριον
909 2279 1021 2350 βίον
1069 2279 1340 2350 ζηλώσας,
1381 2282 1625 2355 κορυφὴν
1671 2284 1864 2355 ἑτέραν

282 2368 575 2435 κατέλαϐε,
602 2368 796 2440 κώμης
815 2371 957 2436 τινὸς
985 2373 1410 2445 ὑπερκειμένην,
1434 2376 1500 2446 ἣν
1532 2373 1862 2446 ὀνομάζουσι

281 2452 597 2531 Ταργαλᾶν.
633 2460 722 2513 Ἐν
747 2460 920 2534 ταύτῃ
957 2464 1116 2534 μέχρι
1146 2464 1242 2517 καὶ
1275 2466 1515 2535 τήμερον
1538 2465 1860 2531 διετέλεσεν,

279 2552 383 2603 ούκ
409 2551 650 2604 οἰκίσκον
680 2550 838 2623 ἔχων,
871 2553 931 2605 οὐ
964 2554 1190 2624 σκηνὴν,
1223 2555 1283 2607 οὗ
1311 2555 1576 2626 καλύϐην,
1603 2557 1736 2610 ἀλλά
1762 2575 1864 2626 γυ-

284 2641 406 2712 μνῷ
435 2641 667 2713 θριγκίῳ
700 2643 1174 2714 περιειργόμενος,
1211 2646 1276 2698 ἐκ
1304 2645 1468 2699 λίθων
1509 2647 1864 2719 ᾠκοδομημέ-

282 2750 411 2796 νων,
447 2732 569 2786 οὐδὲ
604 2732 763 2804 πηλῷ
799 2736 1288 2806 συνηρμοσμένων.
1332 2734 1515 2807 Θύραν
1539 2737 1596 2791 δέ
1624 2740 1862 2811 σμικράν

279 2828 404 2877 τινα
453 2823 567 2894 ἔχει
603 2824 762 2896 πηλῷ
789 2825 1054 2896 διηνεκῶς
1112 2828 1512 2899 κεχρισμένην·
1548 2828 1618 2902 ἢν
1666 2829 1862 2885 οὔποτε

285 2913 386 2984 μὲν
435 2912 714 2983 ἀνοίγνυσι
774 2913 884 2968 τῶν
917 2914 1092 2969 ἄλλων
1149 2917 1585 2989 ἀφικνουμένων,
1640 2921 1764 2991 ἐμοὶ⁸
1805 2922 1863 2975 δὲ

284 3004 435 3076 μόνῳ
467 3007 901 3079 παραγενομένῳ
932 3007 1094 3062 τοῦτο
1124 3012 1298 3063 ποιεῖν
1326 3012 1634 3082 ἐπιτρέπει.
1658 3014 1861 3068 Τούτου

280 3097 443 3168 χάριν
482 3097 902 3169 συναγείρονται
943 3099 1256 3170 πάμπολλοι
1283 3103 1568 3170 πάντοθεν,
1599 3106 1698 3175 τῆς
1723 3107 1865 3177 ἐμῆς

279 3191 519 3257 ἀφίξεως
541 3190 878 3257 αἰσθόμενοι,
910 3194 1242 3257 κοινωνῆσαί
1277 3213 1366 3257 μοι
1398 3197 1499 3257 τῆς
1532 3198 1738 3252 εἰσόδου
1769 3210 1865 3253 πο-
1903 3246 1935 3257 -

320 3191 519 3260 φίξεως
541 3191 878 3261 αἰσθόμενοι,
910 3194 1242 3266 κοινωνῆσαί
1277 3213 1366 3266 μοι
1398 3197 1499 3266 τῆς
1532 3198 1738 3252 εἰσόδου
1769 3210 1865 3253 πο-

320 3281 522 3345 οὓντες.
555 3282 680 3346 Τοῖς
713 3282 768 3335 δέ
818 3282 1007 3337 ἄλλοτέ
1041 3301 1172 3337 ποτε
1231 3287 1368 3351 πρὸς
1425 3287 1589 3341 αὐτὸν
1615 3288 1862 3351 φοιτῶσι,

1971 3202 2096 3243 eum
2128 3191 2381 3253 veniunt,
2407 3202 2507 3259 per
2534 3191 2787 3260 exiguam
2809 3191 3107 3260 quamdam
3143 3191 3439 3245 fenestram
3464 3191 3546 3241 lo-

1968 3295 2165 3349 quens,
2224 3281 2659 3337 benediCtionem
2718 3281 2828 3337 illis
2870 3278 3133 3349 impertit,
3184 3280 3547 3351 plurimisque

278 3281 522 3345 θοῦντες.
555 3282 680 3346 Τοῖς
713 3282 768 3335 δέ
818 3282 1007 3337 ἄλλοτέ
1041 3301 1172 3337 ποτε
1231 3287 1368 3353 πρὸς
1425 3287 1589 3341 αὐτὸν
1615 3288 1862 3357 φοιτῶσι,

277 3372 368 3426 ξ’ιά
398 3373 641 3443 σμικρᾶς
664 3383 813 3438 τινος
846 3373 1062 3444 θυρίδος
1105 3375 1507 3447 διαλεγόμενος,
1541 3380 1864 3449 μεταδίδωσι

278 3464 379 3535 τῆς
405 3463 684 3533 εὐλογίας,
710 3465 988 3528 πλείστοις
1019 3465 1108 3519 διὰ
1151 3466 1353 3537 ταύτης
1379 3470 1479 3538 τὴν
1508 3470 1721 3536 ὑγίειαν
1762 3472 1865 3525 δω-

282 3553 574 3626 ρούμενος.
614 3552 705 3626 Τῷ
729 3557 847 3628 γὰρ
863 3557 957 3610 τοῦ
978 3558 1129 3629 Σωτῆ
1139 3575 1229 3629 ρος
1247 3558 1472 3628 ὀνόματι
1501 3562 1859 3632 κεχρημένος,

279 3647 377 3699 καὶ
407 3647 598 3710 νόσους
628 3648 815 3713 παύει,
848 3650 944 3702 καὶ
990 3649 1254 3720 δαίμονας
1284 3649 1580 3715 ἐξελαύνει,
1631 3655 1724 3708 καὶ
1764 3654 1862 3725 τὴν

278 3739 650 3808 ἀποστολικὴν
680 3741 929 3810 μιμεῖται
970 3734 1443 3810 θαυματουργίανε
1472 3740 1547 3793 υύ
1598 3741 1758 3812 μόνον
1805 3743 1862 3795 δὲ

276 3835 391 3896 τοῖς
422 3832 504 3895 είς
552 3832 714 3886 αὐτὸν
747 3830 1173 3902 ἀφικνουμένοις
1200 3829 1494 3896 ἀναϐλύζει
1548 3832 1646 3904 τὴν
1694 3832 1859 3896 ῐασιν,

277 3925 420 3978 ἀλλά
449 3926 542 3979 καὶ
583 3925 661 3992 τῷ
697 3927 884 3996 οἰκείῳ
943 3924 1149 3995 ταύτην
1191 3924 1453 3989 πολλάκις
1495 3926 1861 3997 προσενήνοχε

280 4015 517 4087 σώματι.
557 4016 861 4086 Ἐπανέστη
894 4016 1005 4086 γὰρ
1033 4015 1180 4086 αὐτῷ
1203 4015 1371 4071 πάλαι
1397 4016 1528 4070 ποτὲ
1557 4014 1653 4068 τοῦ
1684 4014 1859 4069 κώλου

275 4107 341 4162 τδ
384 4106 588 4171 πάθοςὁ
640 4106 740 4169 τὰς
781 4106 839 4160 δέ
886 4105 1139 4161 ἐντεῦθεν
1187 4106 1479 4178 γινομένας
1530 4104 1722 4171 ὀδύνας
1768 4107 1862 4160 καὶ

277 4198 580 4269 ἀλγηδόνας
613 4200 761 4252 ι’σασι
795 4198 896 4269 μὲν
925 4196 1170 4270 ἀκριϐῶς
1190 4198 1242 4252 οί
1276 4198 1377 4270 τὴν
1406 4199 1603 4270 πεῖραν
1631 4197 1859 4270 δεξάμε-

276 4306 380 4355 νοι,
421 4289 567 4343 ἰσασι
606 4289 662 4344 δὲ
691 4290 787 4344 καὶ
814 4292 862 4344 οἰ
892 4288 1082 4343 τούτου
1118 4289 1402 4360 γενόμενοι
1424 4288 1634 4345 θεαταί.
1663 4290 1863 4344 Καλιν-

275 4382 497 4439 δοῦνται
514 4384 586 4453 γά
594 4402 626 4457 ρ
647 4386 762 4447 τοῖς
784 4383 1021 4437 λυττῶσι
1039 4383 1461 4455 παραπλησίως,
1483 4384 1611 4456 τῇδε
1637 4385 1860 4438 κάκεῖσε

279 4477 796 4548 περιστρεφόμενοι,
825 4476 916 4531 καὶ
938 4475 1055 4547 ἅμα
1078 4476 1207 4541 τοὺς
1224 4477 1391 4542 πόδας
1412 4479 1743 4541 ἐκτείνοντες
1768 4476 1861 4529 καὶ

1976 632 2206 697 tudine,
2258 631 2539 703 animique
2603 630 2869 688 modestia
2920 633 3177 689 omnibus
3228 634 3403 690 aetatis
3448 649 3558 688 suae

1978 723 2293 779 hominibus
2325 722 2676 779 antecellens.
2706 721 2863 790 Quod
2891 723 3107 792 quidem
3140 738 3248 777 non
3281 722 3398 777 sola
3419 728 3433 744 ‘
3463 738 3561 777 auc

1974 810 2185 866 dilione
2237 813 2439 869 ductus
2489 811 2646 876 dico,
2708 812 2804 867 sed
2857 811 3218 883 experientia.
3270 809 3558 866 Hominem

1973 903 2120 957 enim
2166 903 2436 968 conveni,
2489 912 2544 958 e’t
2591 906 2747 959 suavi
2791 904 2913 975 eius
2961 910 3264 975 c'ongresSn
3316 904 3561 973 ρεξτεοὲρὰ

1976 994 2181 1064 potitus
2216 1010 2360 1051 sum.
2391 995 2448 1049 ln
2481 995 2599 1064 ejus
2632 997 2862 1051 chorum
2895 1006 3155 1067 receptus
3180 1003 3264 1051 est
3284 997 3383 1066 qui
3407 1012 3559 1050 nunc

1976 1086 2045 1142 ab
2086 1088 2344 1143 omnibus
2381 1088 2707 1143 decantatur
2746 1086 3041 1155 Limuaeus,
3086 1086 3420 1159 iuvenisque
3459 1087 3558 1142 ad-

1977 1178 2197 1234 modum
2245 1180 2550 1249 palaestram
2584 1179 2732 1234 illam
2783 1180 3106 1250 ingreSSus,
3171 1179 3239 1234 ad
3280 1181 3558 1235 summanr

1976 1270 2118 1324 hanc
2150 1271 2553 1341 philosophiam
2582 1272 2723 1327 belle
2757 1272 3046 1329 institutus
3075 1280 3178 1328 est.
3212 1271 3290 1325 Ae
3316 1271 3555 1341 primum

1975 1361 2220 1416 omnium
2250 1362 2516 1417 lubricam
2548 1364 2728 1419 sciens
2752 1378 2875 1419 esse
2907 1363 3173 1434 linguam.
3203 1362 3385 1418 adhuc
3423 1361 3556 1417 ado-‘b

1976 1452 2310 1508 lescentulus
2345 1452 2550 1508 silentii
2579 1453 2750 1522 legem
2783 1454 2909 1509 huic
2935 1454 3217 1528 imposuit,
3245 1454 3556 1524 mansitque)

1975 1542 2301 1613 longissimo
2351 1551 2597 1613 tempore
2642 1544 2780 1598 nihil
2812 1544 2909 1598 ulli
2959 1543 3260 1615 quidquam
3295 1545 3548 1614 loquens.

1974 1627 2268 1706 PoStquam
2291 1651 2420 1691 vero
2448 1636 2618 1691 divini
2653 1636 2804 1692 senis
2835 1634 3144 1692 doctrinam
3181 1636 3398 1692 abunde
3425 1640 3551 1704 per-

1974 1727 2140 1798 cepit,
2171 1728 2511 1798 Virtutisque'
2532 1728 2681 1784 illius
2705 1727 2933 1799 eﬂigiem
2962 1729 3023 1781 in
3048 1726 3229 1798 seipso
3256 1727 3551 1797 expressit.

1975 1817 2041 1872 ad
2067 1833 2326 1890 magnum
2358 1818 2637 1875 Maronem
2661 1836 2721 1875 se
2756 1821 3008 1886 contulit,
3050 1820 3212 1888 cujus
3244 1834 3409 1889 supra
3437 1830 3551 1873 me-

1900 1884 1943 1948 Β
1975 1911 2274 1982 minimus:
2309 1913 2567 1968 convenit
2596 1924 2785 1968 autem
2809 1913 2998 1968 eodem
3022 1914 3142 1983 ipso
3177 1920 3421 1982 tempore
3442 1914 3554 1982 quo

1973 2001 2192 2057 divinus
2224 2001 2479 2058 Iacobus.
2514 2003 2581 2058 Et
2622 2003 2853 2057 multum
2886 2002 3016 2057 hinc
3047 2014 3270 2073 quoque
3294 2000 3550 2056 utilitatis

1973 2090 2216 2146 fmctum
2270 2107 2395 2147 cum
2443 2092 2708 2163 cepisset,
2767 2093 3003 2163 vitaeque
3068 2093 3334 2148 subdialis
3381 2105 3552 2146 aemu-

1971 2184 2149 2239 l‘andae
2185 2184 2369 2240 studio
2397 2192 2694 2250 teneretur,
2744 2199 3009 2240 cacumen
3045 2185 3275 2239 alterum
3310 2192 3541 2254 occupa-

1971 2274 2070 2338 vit,
2106 2274 2228 2330 vico
2256 2275 2473 2330 cuidam
2524 2275 2841 2342 imminens,
2874 2291 3037 2347 quem
3066 2274 3357 2346 Targalam
3382 2275 3428 2308 ³⁸
3454 2287 3551 2329 vo-

1971 2374 2120 2421 cant.
2167 2365 2246 2422 lbi
2306 2366 2374 2421 ad
2417 2367 2566 2423 hunc
2606 2379 2782 2438 ustgue
2824 2367 2964 2423 diem
3010 2368 3402 2439 perseveravit,
3449 2370 3552 2422 nec

1971 2455 2367 2513 domunculam'
2391 2459 2626 2526 habens,
2654 2474 2758 2515 nec
2787 2461 3221 2527 tabernaculum,
3246 2468 3347 2516 nec
3387 2469 3551 2530 tugu-

1970 2550 2136 2611 rium,
2176 2550 2272 2604 sed
2320 2550 2466 2605 nuda
2516 2550 2756 2606 maceria
2784 2549 3180 2617 circumdatus,
3219 2553 3448 2607 structis
3481 2564 3549 2606 ex

1974 2640 2244 2710 lapidibus
2276 2658 2344 2696 ne
2370 2642 2486 2697 luto
2515 2638 2737 2712 quidem
2769 2642 3064 2713 copulatis.
3106 2637 3339 2698 Janusm
3365 2650 3548 2698 autem
3632 2654 3637 2657 '

1907 2750 1913 2756 '
1970 2732 2135 2787 habet
2161 2733 2276 2788 luto
2307 2742 2525 2804 semper
2553 2733 2847 2788 obductam
2881 2751 2894 2787 :
2924 2748 3089 2804 quam
3126 2731 3557 2788 adventantibusl

1970 2822 2094 2877 aliis
2111 2834 2388 2894 nunquam
2402 2824 2599 2894 aperit,
2619 2823 2750 2877 mihi
2766 2823 2858 2878 uni
2880 2837 3016 2902 cum,
3028 2823 3187 2878 venio
3201 2822 3412 2888 aperire
3427 2837 3551 2892 per.

1971 2914 2157 2969 mittit.
2178 2914 2420 2985 Eamque
2439 2916 2511 2971 ob
2530 2929 2643 2970 rem
2661 2912 3343 2986 c‘oeunt12'55undiq'u'e
3370 2914 3513 2984 pluri
3529 2942 3548 2955 -

1970 3004 2066 3067 mi,
2085 3018 2209 3059 cum
2227 3004 2295 3058 de
2309 3006 2540 3061 adventu
2571 3010 2695 3061 meo
2711 3006 3189 3069 audiunt,.iutrare
3204 3017 3416 3060 mecum
3435 3006 3549 3058 una

1971 3097 2274 3167 cupientes.
2300 3092 2435 3153 Cum
2475 3098 2697 3154 caneris
2716 3105 2921 3163 autem,
2950 3098 3044 3168 qui
3069 3098 3177 3152 alio
3206 3105 3449 3167 tempore
3475 3082 3547 3151 ad

1971 3202 2096 3243 eum
2128 3189 2381 3253 veniunt,
2407 3202 2507 3259 per
2534 3189 2787 3260 exiguam
2809 3189 3107 3260 quamdam
3143 3187 3439 3245 fenestram
3464 3188 3546 3241 lo-

1966 3385 2067 3440 per
2094 3387 2212 3427 eam
2240 3373 2529 3428 sanitatem
2572 3371 2823 3441 largitur.
2855 3369 3160 3428 Salvatoris
3200 3372 3347 3427 enim
3382 3370 3548 3427 utens

1969 3462 2211 3527 nomine,
2254 3464 2477 3518 morbos
2517 3461 2865 3533 comprimit,
2908 3460 3183 3517 daemones
3207 3462 3449 3531 expellit,
3485 3456 3542 3516 et

1965 3552 2266 3619 apostolica
2322 3553 2570 3605 imitatur
2613 3551 2901 3605 miracula.
2960 3549 3079 3605 Non
3133 3551 3314 3605 solum
3359 3558 3541 3607 autem

1964 3641 2314 3696 venientibus
2362 3641 2429 3695 ad
2483 3657 2543 3695 se
2598 3641 2940 3696 curationem
2990 3641 3204 3705 tribuit,
3258 3640 3353 3695 sed
3401 3641 3542 3695 hanc

1965 3747 2110 3801 saepe
2130 3746 2230 3786 suo
2268 3732 2440 3800 ipsius
2487 3732 2704 3801 corpori
2749 3731 3023 3787 exhibuit.
3078 3732 3352 3786 lnvaserat
3393 3733 3538 3786 enim

1964 3822 2118 3876 illum
2145 3821 2259 3892 jam
2283 3821 2493 3892 pridem
2524 3821 2749 3876 morbus
2780 3821 2991 3876 colicus
3027 3835 3225 3891 :quain
3252 3828 3410 3875 acres
3431 3820 3543 3874 sint

1964 3922 2146 3968 autem
2179 3914 2270 3983 qui
2300 3913 2429 3966 hinc
2458 3912 2714 3967 oriuntur
2755 3911 2975 3967 dolores
3003 3919 3059 3967 et
3097 3911 3398 3976 cruciatus,
3437 3925 3540 3981 op.

1963 4007 2100 4061 time
2153 4006 2335 4061 sciunt
2381 4004 2458 4059 illi
2499 4004 2720 4076 quidem
2760 4003 2854 4074 qui
2907 4011 3039 4059 sunt
3072 4003 3301 4073 esperti,
3356 4003 3542 4060 sciunt

1962 4114 2096 4154 vero
2124 4099 2287 4153 etiam
2310 4098 2402 4169 qui
2425 4105 2761 4169 spectatores
2794 4093 3539 4152 iueruntNolutantumnim

1963 4192 2264 4248 furentium
2306 4206 2483 4255 more,
2520 4191 2662 4245 hanc
2695 4199 2751 4246 et
2788 4190 2937 4244 illam
2978 4189 3033 4245 in
3076 4194 3284 4259 partem
3313 4204 3374 4244 se
3410 4201 3542 4243 con-i

1963 4293 2263 4346 vertentes,
2295 4293 2350 4340 et
2372 4282 2537 4354 pedes
2569 4282 2732 4337 simdl
2764 4280 3070 4338 extendunt
3090 4294 3142 4337 et
3163 4280 3537 4335 contrahunt:

1967 4376 2244 4432 interdum
2279 4376 2493 4439 sedent,
2520 4381 2576 4430 et
2607 4382 2937 4444 exsurgunt,
2968 4372 3357 4446 etﬂambulant,
3386 4372 3573 4442 quia:

1962 4478 2072 4524 tem
2100 4469 2336 4539 aliquam
2364 4466 2627 4522 omnibus”
2646 4465 2825 4520 modis
2856 4475 3218 4535 aucupantes.
3244 4464 3458 4518 Idcirco
3486 4471 3542 4518 et

276 4565 677 4629 συστέλλοντες.
696 4565 852 4619 Ἐστι
867 4566 925 4620 δέ
944 4566 1033 4619 ὅτε
1063 4567 1157 4620 καὶ
1178 4566 1466 4639 κάθηνται,
1482 4567 1577 4620 καὶ
1600 4565 1855 4622 ἀνίστανυ

1966 4560 2177 4617 balneis
2204 4559 2469 4622 assident,
2502 4567 2556 4614 et
2599 4558 2806 4613 intran‘t
2846 4556 3098 4620 subinde,
3147 4555 3402 4610 solatium
3439 4555 3540 4609 ali~

274 4664 390 4722 ται,
422 4659 520 4711 καὶ
567 4657 900 4729 βαδίζουσιν,
935 4657 1256 4727 ἀναπαύλης
1286 4658 1433 4721 τινὸς
1482 4657 1648 4728 πόρον
1674 4658 1856 4728 εὑρεῖν

1966 4652 2119 4722 quod
2141 4652 2442 4722 capientes.
2481 4649 2544 4703 Et
2594 4649 2725 4720 quid
2785 4649 2971 4703 multis
3010 4650 3155 4716 op’us‘
3178 4652 3262 4702 est
3311 4652 3373 4701 ea
3417 4652 3540 4717 Quae

277 4746 686 4820 μηχανώμενοι.
706 4747 809 4801 Διά
826 4748 988 4802 τοῦτο
1015 4747 1111 4801 καὶ
1139 4747 1442 4818 βαλανείοις
1467 4747 1859 4819 προσεδρεύουὁ

1966 4744 2235 4800 omnibus
2270 4750 2456 4812 aperta
2506 4748 2565 4796 et
2614 4738 2903 4794 nianii‘csta
2934 4745 2952 4760 ‘
2989 4745 3120 4793 sunt
3175 4736 3542 4807 percensere!

273 4844 357 4901 σι,
396 4839 495 4893 καὶί
536 4839 794 4904 πολλάκις
846 4839 1068 4905 εἰσίασι,
1112 4840 1472 4911 ψυχαγωγίας
1520 4840 1665 4903 τινὸς
1721 4841 1857 4893 ἀπο-

1966 4835 2106 4891 Ευηι·
2131 4830 2445 4904 huiusmodi
2470 4834 2665 4887 morbo
2688 4832 3020 4895 colluctans,
3046 4838 3099 4886 et
3138 4838 3219 4884 tot
3257 4829 3539 4899 tantisque

270 4918 551 4994 λαύοντεςς
582 4932 692 4985 Καὶ
732 4932 786 4984 τί
831 4931 915 4985 δεῖ
951 4931 1236 5001 μηκύνειν,
1286 4932 1358 4985 τά
1390 4934 1527 4986 πᾶσι
1578 4932 1716 5002 δῆλα
1762 4932 1856 4986 καὶ

1966 4926 2240 4982 doloribus
2269 4925 2570 4988 crudiatus,
2607 4921 2946 4978 medicorum
2988 4932 3097 4991 ope
3127 4934 3235 4974 non
3266 4927 3352 4975 est
3382 4924 3536 4985 usus,

274 5025 431 5094 σαφῆ
452 5023 890 5090 καταλέγοντας;
948 5023 1190 5094 Τοιούτῳ
1228 5023 1391 5077 πάθει
1441 5025 1852 5094 προσπαλαίων,

1966 5036 2071 5076 non
2102 5019 2228 5073 lecti
2270 5016 2541 5088 perfugio,
2595 5029 2703 5068 non
2763 5014 2875 5068 ullo
2923 5012 3343 5083 pharmacorum
3385 5011 3538 5064 cibo-

274 5118 369 5169 καὶ
402 5114 694 5178 τοσαύταις
740 5117 836 5169 καὶ
864 5114 1219 5186 τηλικαύταις
1259 5116 1473 5180 ὀδύναις
1505 5116 1853 5188 βαλλόμενος,

269 5206 376 5272 οὐκ
416 5207 667 5278 ίατρικῆς
690 5207 1013 5278 ἐπικουρίας
1057 5208 1398 5279 ἀπήλαυσεν,
1430 5209 1490 5262 ού
1526 5208 1716 5279 κλίνης
1759 5212 1857 5278 ὴν-

278 5300 499 5370 έσχετο,
520 5300 583 5354 οὐ
609 5299 706 5371 τὴν
735 5300 845 5354 ἀπὸ
884 5302 1190 5371 φαρμάκων
1214 5302 1246 5373 ἢ
1275 5303 1456 5357 σιτίων
1494 5302 1855 5374 ψυχαγωγίαν

273 5390 510 5457 ἐδέξατο.
549 5390 688 5444 Ἀλλ’
727 5390 822 5444 ἐπὶ
853 5391 1064 5453 σανίδος
1102 5395 1276 5463 χαμαὶ
1312 5393 1571 5465 κειμένης
1596 5393 1846 5464 καθήμε-

278 5500 387 5549 νος,
413 5486 693 5555 προσευχῇ
725 5486 821 5539 καὶ
862 5483 1120 5554 σφραγῖδι
1158 5485 1258 5556 τὴν
1282 5485 1587 5557 θεραπείαν
1610 5484 1849 5551 ἐδέξατο,

1962 5127 2154 5167 rumve
2210 5111 2515 5166 levamento
2547 5126 2558 5160 :
2592 5107 2687 5161 sed
2728 5120 2896 5176 super
2924 5103 3109 5159 tabula
3157 5103 3309 5156 humi
3338 5102 3542 5156 sedens

1961 5204 2211 5259 oratione
2251 5201 2354 5257 sibi
2404 5200 2699 5268 crucisque
2733 5198 2893 5267 signo
2936 5196 3265 5251 medicinam
3308 5192 3454 5253 fecit.
3484 5199 3539 5247 ct

1959 5297 2129 5353 divini
2162 5294 2401 5350 nominis
2442 5293 2701 5347 cautione
2747 5290 2964 5345 dolores
3010 5286 3340 5356 consopit-it.
3387 5284 3537 5339 Alias

1958 5393 2147 5451 etiam,
2180 5386 2310 5443 dum
2343 5395 2501 5441 nocte
2537 5385 2868 5447 amtiularet,
2900 5381 3153 5450 viperam
3175 5379 3537 5434 (turmieutem

1961 5482 2218 5545 calcavit,
2244 5493 2367 5550 qua
2405 5478 2649 5549 plantam
2685 5474 2839 5545 pedis
2880 5470 3146 5528 invadens
3176 5471 3231 5525 in
3262 5484 3326 5524 ea
3350 5472 3540 5524 dentes

1535 5659 1763 5716 νΑιιιΑε
1800 5655 2206 5716 LECTIONES.

346 5813 399 5850 "'
424 5814 745 5885 Targallam.
783 5814 1004 5873 liervct.
