4074 6416
541 395 677 462 1455

1497 374 1982 438 THEODORETI
2018 368 2355 431 EPISCOI’I
2396 368 2761 429 CYRENSIS

3658 359 3780 424 1456

539 508 738 566 infixit.
778 500 1081 560 Subvenire
1118 496 1241 568 pedi
1277 495 1403 549 dum
1439 501 1694 553 conatur,
1745 489 2029 542 inflectens
2059 499 2117 539 se

2247 483 2313 535 Lai.
2369 485 2435 552 τῇ
2480 481 2577 549 τῆς
2621 479 2770 539 θείας
2830 471 3202 545 προσηγορίας
3242 469 3423 540 ἐπῳδῇ
3473 468 3568 533 τὰς
3600 470 3780 529 ὀδύνας

539 613 765 656 manum
798 592 1057 652 admovit,
1078 598 1132 645 et
1154 604 1215 644 os
1235 584 1449 656 1256
1471 583 1660 639 bestiae
1676 584 1729 636 in
1756 596 1874 632 eam
1894 594 2124 632 conver-

541 695 604 747 tit
640 710 652 746 :
688 689 780 744 cui
822 700 1017 741 rursus
1050 683 1185 736 laeva
1227 685 1391 733 manu
1443 690 1600 746 opem
1641 673 1846 736 ferens,
1888 672 1942 725 in
1984 671 2126 724 hanc

540 796 758 855 quoque
788 777 978 833 bestiae
1008 776 1144 829 iram
1172 772 1355 826 traxit.
1395 767 1688 838 Postquam
1713 773 1893 819 autem
1916 762 2124 817 rabiem

540 873 778 944 explevit
824 871 1063 939 (morsus
1101 864 1305 934 quippe
1356 875 1525 931 supra
1581 859 1768 914 decem
1814 855 2122 919 intulerat),

539 968 674 1022 abiit
714 964 829 1027 illa,
871 973 1144 1029 suumque
1182 958 1237 1011 in
1276 955 1567 1010 latibulum
1598 968 1665 1019 .se
1700 949 1910 1019 recepit
1946 967 1958 1003 :
2009 948 2128 1016 ipse

540 1070 671 1111 vero
704 1051 921 1107 acerbis
946 1048 1187 1117 undique
1212 1044 1497 1100 doloribus
1528 1040 1899 1094 cruciabatur.
1923 1036 2028 1091 Sed
2059 1051 2128 1091 ne

540 1152 673 1198 tunc
704 1140 928 1212 quidem
971 1137 1197 1192 medicae
1219 1134 1356 1189 artis
1388 1132 1593 1187 auxilio
1624 1131 1700 1185 uti
1728 1129 1955 1200 placuit,
1982 1130 2128 1181 sola-

539 1252 647 1307 que
677 1234 801 1289 lidei
842 1232 1135 1303 pharmaea
1165 1226 1489 1282 vulneribus
1530 1224 1649 1280 suis
1692 1222 1961 1283 adhibuit,
2001 1235 2126 1274 ora-

538 1329 746 1383 tionem
763 1332 817 1381 et
841 1324 1059 1391 signum
1082 1322 1285 1383 crucis,
1306 1327 1360 1373 et
1392 1316 1794 1371 invocationem
1828 1312 1944 1367 Dei.
1991 1310 2127 1364 Pro-

539 1430 727 1492 pterea
764 1426 971 1478 autem,
997 1421 1057 1469 ut
1091 1410 1352 1475 arbitror,
1372 1409 1568 1465 saevire
1598 1409 1652 1462 in
1686 1421 1904 1461 sacrum
1923 1417 2128 1473 corpus

542 1514 772 1568 bestiam
805 1510 953 1564 illam
980 1505 1233 1577 permisit
1268 1504 1651 1558 universorum
1699 1499 1869 1563 Deus,
1897 1506 1958 1551 ut
1983 1495 2127 1550 divi-

543 1620 627 1659 nae
664 1602 813 1657 illius
848 1599 1045 1655 animat
1096 1595 1417 1668 patientiam
1463 1591 1725 1647 omnibus
1764 1588 2125 1661 patefaceret.

543 1695 697 1751 lfanc
728 1692 875 1749 enim
908 1691 1028 1761 ejus
1061 1687 1535 1758 dispensationem
1568 1683 1622 1737 in
1651 1691 1879 1737 strenuo
1911 1691 2130 1750 quoque

538 1788 679 1842 Jobo
704 1792 1024 1854 usurpatam
1054 1778 1358 1844 cernimus,
1382 1791 1543 1848 quem
1575 1774 1832 1830 maximis
1864 1782 1918 1828 et
1945 1770 2130 1825 multi-

2228 572 2498 643 ἐκοίμισε.
2526 570 2634 623 Καὶ
2660 567 2849 620 ἄλλοτε
2889 563 3104 633 νύκτωρ
3140 560 3394 631 βαδίζων,
3431 558 3591 629 ἔχεως
3626 561 3786 629 ἐπέϐη

2228 663 2614 724 καθεύδοντος·
2653 662 2682 712 ὁ
2725 659 2782 713 δὲ
2830 657 2924 710 τοῦ
2976 653 3180 725 ταρσοὖ
3229 651 3635 721 ἐπιλαϐόμενος,
3673 652 3788 713 τοὺς

2227 759 2448 820 ὀδόντας
2480 756 2711 826 έπήγνυ.
2749 749 3061 820 Ἐπαμῦναι
3114 746 3171 800 δὲ
3219 745 3298 816 τῷ
3329 744 3449 796 ποδὶ
3501 743 3789 814 πειραθεὶς,

2230 850 2543 903 κατέκυπτε
2580 845 2701 916 μὲν,
2758 843 2852 896 καὶ
2909 842 3006 911 τὴν
3051 840 3211 909 χεῖρα
3251 835 3426 905 τούτῳ
3478 833 3789 904 προσέφερε,

2232 939 2499 1011 μετέφερε
2535 936 2592 990 δὲ
2625 937 2704 998 εἰς
2731 931 2937 1002 ταύτην
2968 927 3062 984 τοῦ
3088 926 3282 999 Θηρίου
3319 925 3381 978 τὸ
3404 925 3602 994 στόμα·
3643 924 3796 975 πάλιν

2227 1030 2286 1083 δὲ
2310 1031 2376 1100 τῇ
2406 1026 2675 1097 εὐωνύμῳ
2706 1022 3055 1095 χρησάμενος
3083 1020 3163 1081 εἰς
3195 1016 3449 1087 βοήθειαν
3475 1014 3572 1084 τῆς
3594 1013 3795 1083 ἐτέρας,

2230 1117 2379 1175 εἷλκε
2410 1121 2505 1174 καὶ
2531 1117 2674 1173 κατὰ
2706 1115 2912 1186 ταύτης
2934 1114 3026 1166 τὸν
3062 1110 3155 1164 τοῦ
3200 1109 3390 1179 Θηρίου
3425 1107 3612 1175 θυμόν.
3658 1105 3800 1157 Ἐπεὶ

2228 1221 2286 1275 δὲ
2316 1220 2476 1290 κόρον
2506 1216 2663 1271 ἔλαϐε
2697 1216 2797 1287 τῆς
2821 1211 3019 1284 μανίας
3048 1209 3293 1279 (πλείονα
3326 1208 3435 1277 γὰρ
3454 1205 3603 1274 αὐτῷ
3623 1205 3654 1275 ἦ
3677 1206 3798 1257 δέκα

2232 1312 2600 1382 προσενήνοχε
2658 1308 2937 1376 δήγματα,
2973 1302 3036 1355 τὸ
3072 1301 3171 1371 μὲν
3201 1298 3436 1367 ἀπέστη,
3468 1296 3561 1349 καὶ
3597 1295 3683 1348 τὸν
3715 1313 3802 1364 χη-

2234 1398 2407 1472 ραμὸν
2432 1398 2525 1451 τὸν
2553 1398 2753 1449 οἰκεῖον
2790 1391 3088 1446 κατέλαϐεν
3107 1408 3120 1420 ·
3154 1392 3182 1442 6
3211 1389 3265 1442 δὲ
3295 1386 3557 1440 πάντοθεν
3593 1387 3802 1454 πικραῖς

2232 1491 2495 1545 ἐϐάλλετο
2527 1486 2926 1552 ὀδύναις.’Λλλ’
2961 1485 3083 1538 οὐδὲ
3127 1484 3249 1536 τότε
3294 1482 3393 1550 τῆς
3431 1479 3676 1549 ἰατρικῆς
3719 1480 3806 1547 ὴν-

2234 1585 2424 1655 έσχετο
2452 1584 2647 1654 τέχνης
2671 1600 2684 1612 ·
2714 1581 2849 1635 ἀλλὰ
2883 1582 2996 1643 τοῖς
3022 1577 3209 1630 ἕλκεσι
3242 1576 3549 1643 προσέφερε
3576 1570 3709 1641 μόνα
3745 1570 3805 1621 τὶ

2231 1678 2331 1747 τῆς
2361 1675 2595 1738 πίστεως
2624 1673 2914 1744 φάρμακα,
2951 1668 3223 1741 σφραγῖδα
3246 1666 3339 1719 καὶ
3368 1664 3691 1736 προσευχὴν,
3723 1661 3807 1712 καὶ

2234 1768 2329 1823 τοῦ
2360 1766 2497 1822 Θεοῦ
2524 1767 2624 1837 τὴν
2655 1765 2966 1834 ἐπίκλησιν.
2994 1760 3096 1813 Διὰ
3147 1758 3305 1811 τοῦτο
3333 1757 3414 1817 δὲ,
3443 1751 3615 1825 οἶμαι,
3650 1755 3737 1808 καὶ
3781 1755 3807 1804 ὁ

542 1879 779 1950 plicihus
806 1872 1278 1947 agitarilluctibus
1314 1885 1511 1941 passus
1544 1879 1650 1932 est,
1684 1882 1811 1921 cum
1848 1866 2124 1935 guberna-

2247 1861 2339 1915 :th
2371 1861 2508 1915 ὅλων
2534 1858 2666 1921 Θεὸς
2697 1859 2849 1910 εἴασε
2882 1855 3021 1908 κατὰ
3059 1852 3154 1906 τοῦ
3183 1850 3328 1923 ἱεροῦ
3364 1849 3615 1918 σώματος
3643 1846 3698 1898 τὸ
3722 1845 3807 1912 θη-

543 1973 680 2027 toris
728 1968 1054 2040 sapientiam
1103 1964 1362 2020 omnibus
1411 1962 1574 2018 vellet
1612 1959 1923 2016 ostendere.
1966 1956 2125 2013 Unde

541 2063 686 2117 enim
722 2062 861 2116 alias
886 2060 968 2115 vel
993 2057 1139 2111 illius
1164 2054 1563 2119 fortitudinem,
1606 2053 1692 2107 vel
1730 2051 1897 2121 hujus
1922 2050 2133 2122 patien-

543 2156 676 2209 tiam
707 2157 1053 2223 perspectam
1102 2148 1472 2210 haberemus,
1519 2145 1630 2200 nisi
1680 2143 1904 2214 pietatis
1955 2143 2132 2197 hostis

545 2248 778 2302 telorum
807 2243 863 2297 in
901 2257 998 2297 eos
1032 2254 1234 2312 genera
1277 2234 1463 2294 omnia
1504 2236 1838 2307 conjiciendi
1893 2243 2135 2305 potesta-

544 2348 655 2394 tem
713 2334 1071 2407 accepisset?
1117 2332 1250 2400 Quae
1285 2347 1416 2403 ergo
1463 2331 1567 2385 viri
1606 2328 1873 2400 patientia
1942 2327 2133 2393 fuerit,

543 2430 682 2486 satis
711 2429 911 2484 docere
938 2426 1045 2482 ista
1078 2431 1314 2496 possunt
1343 2441 1355 2476 :
1387 2438 1534 2478 nunc
1568 2420 1692 2491 ejus
1734 2420 2137 2475 humanitatem

544 2520 771 2576 aliunde
800 2519 1179 2575 ostendamus.
1222 2514 1424 2570 Multos
1464 2513 1614 2567 enim
1653 2513 1832 2567 oculis
1864 2522 2055 2581 captos
2085 2517 2140 2564 et

544 2610 864 2667 mendicare
902 2615 1128 2664 coactos
1171 2620 1299 2660 cum
1345 2606 1400 2660 in
1437 2619 1605 2659 unum
1641 2609 2048 2674 congregasset,
2086 2606 2140 2655 et

546 2699 814 2773 utrinque
869 2696 939 2753 ad
1000 2704 1183 2751 ortum
1226 2704 1281 2751 et
1330 2707 1590 2749 occasum
1642 2690 1956 2745 habitacula
2008 2704 2143 2745 con-

530 2791 870 2854 struxisset,
889 2787 945 2842 in
970 2787 1058 2842 his
1079 2787 1279 2857 degere
1301 2784 1424 2839 illos
1445 2791 1499 2839 et
1523 2782 1691 2838 Deum
1710 2782 1938 2837 laudare
1949 2781 2139 2851 jussit,

548 2885 811 2938 alimenta
842 2881 925 2936 eis
958 2879 1275 2935 necessaria
1317 2876 1385 2932 ab
1412 2877 1483 2931 iis
1505 2877 1599 2946 qui
1638 2875 1704 2928 ad
1739 2875 1917 2946 ipsum
1960 2875 2143 2929 venie-

550 2977 683 3031 bant
720 2971 1063 3043 suppeditari
1127 2968 1479 3040 pmcipiens.
1532 2967 1651 3038 Ipse
1691 2975 1876 3022 autem
1930 2966 2145 3021 medius

551 3069 696 3122 inter
739 3080 836 3121 eos
865 3065 1166 3119 conclusus
1196 3071 1249 3117 et
1282 3062 1384 3116 hos
1409 3069 1464 3117 et
1498 3061 1622 3115 illos
1665 3059 1735 3113 ad
1789 3058 2144 3129 hymnodiam

552 3158 780 3212 excitat.
816 3155 1004 3225 Itaque
1040 3155 1164 3208 illos
1196 3153 1366 3207 Deum
1397 3152 1620 3208 assidue
1644 3151 1933 3225 laudantes
1956 3150 2148 3205 audire

506 3278 509 3281 »
550 3258 655 3304 est.
684 3247 862 3302 Tanta
891 3257 977 3302 est
1007 3254 1274 3316 perpetua
1311 3244 1462 3298 illius
1501 3259 1632 3314 erga
1666 3215 1912 3313 ejusdem
1935 3252 2147 3297 natura!

556 3340 854 3411 participes
876 3336 1223 3391 humanitas.
1259 3334 1526 3387 lnitortun
1569 3343 1752 3388 autem
1785 3337 1889 3389 sub
1912 3334 2005 3388 dio
2033 3350 2151 3389 eer-

556 3430 826 3484 taminum
856 3427 1031 3498 ipsius
1062 3433 1117 3480 et
1154 3425 1337 3495 magni
1361 3413 1551 3478 Jacobi
1596 3423 1812 3494 1257
1876 3423 2017 3478 idem
2069 3432 2153 3479 est

559 3519 822 3588 temporis
857 3517 1119 3587 spatium.
1180 3514 1448 3570 Octavum
1509 3516 1742 3570 enimet
1808 3515 2151 3570 tricesimum

560 3626 764 3664 annum
791 3610 902 3680 jam
932 3609 1305 3678 expleverunt.

2238 1954 2352 2025 ρίον
2408 1954 2585 2005 έκεῖνο
2613 1948 2895 2018 λυττῆσαι,
2938 1946 3025 1999 ’ίνα
3058 1943 3272 2014 γυμνὴν
3326 1940 3504 1994 ἅπασι
3540 1938 3637 2007 τῆς
3669 1938 3806 1999 θείας
3872 1980 3875 1983 ,

2237 2044 2453 2113 ἐκείνης
2490 2042 2671 2112 ψυχῆς
2722 2039 3062 2108 ἐπιδείξηται
3099 2036 3196 2107 τὴν
3251 2032 3573 2103 καρτερίαν.
3606 2028 3805 2097 Ταύτην

2238 2138 2350 2207 γὰρ
2377 2132 2543 2187 αὐτοῦ
2576 2134 2670 2186 καὶ
2699 2132 2792 2184 ἐπὶ
2824 2130 2917 2183 τοῦ
2950 2128 3203 2198 γενναίου
3239 2123 3364 2178 Ἰὼϐ
3392 2124 3490 2192 τὴν
3516 2118 3808 2187 οἰκονομίαν

2241 2229 2480 2300 ὁρῶμεν.
2509 2224 2738 2285 Πολλαῖς
2783 2221 2893 2293 γὰρ
2924 2220 3086 2275 αὑτὸν
3127 2221 3222 2270 καί
3258 2215 3627 2275 παντοδαπαῖς
3673 2210 3807 2263 εἴασε

2238 2317 2557 2390 τρικυμίαις
2612 2312 3065 2385 περικλυσθῆναι,
3097 2307 3267 2373 δεῖξαι
3321 2306 3418 2358 τοῦ
3478 2304 3807 2374 κυϐερνήτου

2240 2410 2342 2479 τὴν
2379 2407 2572 2477 σοφίαν
2626 2403 2834 2458 ἆπασιν
2891 2400 3172 2471 ἐθελήσας.
3231 2396 3406 2450 ιιόθεν
3453 2395 3559 2467 γὰρ
3609 2392 3810 2447 ἄλλοθεν

2241 2500 2510 2571 ἔγνωμεν,
2544 2499 2577 2570 ἢ
2610 2498 2710 2568 τὴν
2744 2496 2956 2551 ἐκείνου
3004 2492 3277 2564 ἀνδρείαν,
3328 2491 3365 2562 ἢ
3412 2489 3601 2543 τούτου
3630 2505 3690 2556 γε
3725 2485 3809 2556 τὴν

2245 2591 2567 2665 καρτερίαν,
2602 2592 2649 2643 εἰ
2699 2588 2775 2659 μὴ
2831 2586 3018 2657 χώραν
3062 2583 3255 2637 ἔλαϐεν
3289 2582 3512 2651 ἀφιέναι
3538 2579 3663 2651 βέλη
3694 2594 3813 2629 παν-

2241 2685 2450 2739 τοδαπὰ
2481 2683 2604 2738 κατ’
2634 2680 2814 2736 αὐτῶν
2846 2683 2874 2733 6
2899 2679 2999 2750 τῆς
3037 2675 3322 2739 εὐσεϐείας
3370 2672 3688 2736 ἀντίπαλοςς
3717 2669 3813 2738 Τὴν

2198 2796 2202 2800 ‘
2248 2778 2349 2849 μὲν
2376 2773 2469 2830 οὖν
2500 2775 2596 2829 τοῦ
2643 2773 2839 2843 ἀνδρὸς
2888 2769 3186 2842 καρτερίαν
3219 2768 3388 2821 ἱκανὰ
3434 2767 3529 2819 καὶ
3558 2762 3722 2818 ταῦτα
3745 2760 3813 2812 ει-

2248 2869 2408 2933 δάξαι
2430 2883 2444 2899 ο
2477 2866 2575 2938 τὴν
2599 2866 2657 2919 δὲ
2701 2862 3117 2933 φιλανθρωπίαν
3153 2859 3430 2930 ἑτέρωθεν
3461 2855 3810 2924 ἐπιδείξωμεν.

2249 2962 2485 3025 Πολλοὺς
2521 2960 2631 3030 γὰρ
2666 2958 2725 3011 τὸ
2780 2956 3002 3027 βλέπειν
3048 2952 3469 3024 ἀφῃρημένους,
3514 2951 3606 3003 καὶ
3655 2962 3807 3016 προσ-

2249 3059 2424 3110 αιτεῖν
2467 3051 2922 3123 ἠναγκασμένους
2967 3046 3319 3116 συναγαγὼν,
3367 3046 3462 3098 καὶ
3503 3039 3816 3111 ἑκατέρωθεν

2253 3148 2391 3220 πρὸς
2417 3148 2492 3200 ἕω
2524 3146 2620 3199 καὶ
2656 3144 2792 3214 πρὸς
2825 3141 3069 3209 ἑσπέραν
3116 3139 3457 3211 δειμάμενος
3493 3132 3813 3202 καταγὼγεει.

2251 3241 2460 3308 διάγειν
2489 3239 2546 3292 ἐν
2572 3236 2781 3299 τούτοις
2814 3235 2910 3288 καὶ
2936 3233 3027 3285 τὸν
3061 3231 3193 3285 Θεὸν
3238 3230 3435 3301 ὑμνεῖν
3467 3223 3813 3298 παρεγγύησε.

2254 3333 2352 3404 τὴν
2386 3329 2692 3399 ἀναγκαίαν
2728 3328 2913 3388 αὑτοῖς
2946 3325 3154 3395 τροῳὴν
3203 3323 3361 3392 παρὰ
3397 3321 3507 3375 τῶν
3556 3321 3632 3382 είς
3674 3314 3817 3370 ac.th

2257 3422 2677 3495 dgtxvoupévwv
2703 3416 3056 3490 χορηγεῖσθαι
3084 3415 3345 3469 κελεύων.
3380 3415 3560 3475 Μέσας
3584 3411 3638 3464 δὲ
3662 3409 3817 3462 αὐτῶν

2260 3516 2681 3599 καθειργμένος,
2714 3514 2809 3566 καὶ
2862 3510 3085 3573 τούτους
3138 3507 3432 3572 κάκείνους
3463 3508 3543 3575 εἰς
3572 3499 3815 3575 ὑμνῳδίαν

2234 3612 2526 3685 διήγειρε,
2556 3609 2652 3661 καὶ
2684 3606 2831 3659 ἔστιν
2867 3602 3099 3657 ἀκοῦσαι
3128 3601 3306 3654 αὑτῶν
3340 3598 3604 3672 διηνεκῶς
3631 3596 3712 3649 τὸν
3738 3598 3815 3644 Δε-

562 3703 766 3774 τπότην
797 3700 1131 3772 ὑμνούντων·
1169 3699 1418 3772 Τοσαύτη
1453 3700 1579 3771 περὶ
1608 3701 1735 3763 τοὺς
1768 3702 2033 3769 ὁμοφυεῖς
2095 3684 2481 3773 φιλανθρωπίᾳ
2531 3700 2874 3770 κεχρημένος
2906 3694 3152 3748 διετέλει.
3223 3692 3349 3744 Τῶν
3435 3692 3492 3745 δὲ
3543 3684 3811 3756 ὑπαιθρίων

559 3796 786 3866 ἀγώνων
826 3791 976 3862 αὑτῷ
1007 3809 1067 3845 τε
1118 3792 1216 3845 καὶ
1258 3791 1337 3861 τῷ
1374 3791 1598 3862 μεγάλῳ
1648 3790 1893 3861 Ἰακώϐῳ
1924 3794 1951 3844 6
1990 3793 2155 3857 αὐτός
2194 3794 2309 3847 ἐστι
2342 3794 2556 3864 χρόνος.
2596 3790 2823 3859 Ὄγδοον
2858 3787 2969 3858 γὰρ
3019 3786 3116 3840 καὶ
3154 3783 3485 3855 τριακοστὸν
3559 3782 3656 3852 ἤδη
3713 3792 3807 3828 συν-

560 3886 886 3957 επλήρωσαν
917 3883 1056 3946 ἔτος.

1018 3973 1207 4031 XXIII.
1235 4005 1306 4015 ——
1333 3976 1349 3995 '
1370 3973 1696 4032 JOANNliS.

603 4069 751 4124 xiloc
782 4069 947 4124 etiam
983 4068 1108 4122 vita!
1144 4082 1321 4139 genus
1350 4067 1641 4123 aemulatus
1677 4077 1761 4124 est
1784 4067 2048 4133 Joannes,
2069 4071 2151 4124 vir

565 4164 791 4219 inuitato
826 4165 968 4217 inter
988 4169 1185 4217 caetera
1231 4170 1285 4216 et
1324 4161 1751 4216 mansuetudine
1789 4162 2050 4219 illustris.
2101 4162 2150 4218 ls

566 4270 820 4325 aSperam
871 4254 1167 4323 quamdam
1218 4252 1555 4324 crepidinem
1624 4270 1748 4309 cum
1800 4263 2149 4324 occupasset,

548 4342 825 4415 frigidam
867 4349 922 4396 et
966 4341 1438 4411 septentrionibus
1476 4343 1805 4412 expositam,
1850 4344 1906 4397 in
1946 4359 2008 4398 ea
2066 4344 2150 4397 vi-

546 4424 706 4505 ‘ginti
744 4441 798 4488 et
824 4433 1070 4502 quinque
1096 4446 1274 4486 annos
1306 4432 1573 4487 hactenus
1599 4433 1892 4503 transegit,
1923 4442 2150 4488 contra-

570 4527 682 4582 rias
734 4525 881 4581 aeris
927 4522 1158 4592 injurias
1212 4522 1520 4594 perferens.
1583 4524 1817 4595 Reliqua
1875 4541 2041 4591 vero,
2084 4543 2152 4584 ne

2752 3970 2881 4025 Kl".
2911 3998 2980 4010 —
3019 3966 3350 4021 ΙΩΛΝΝΗΣ.

2326 4069 2548 4138 Ταύτην
2576 4064 2829 4134 ἐζήλωσε,
2849 4062 2949 4132 τὴν
2972 4058 3249 4113 πολιτείαν
3281 4060 3377 4111 καὶ
3407 4058 3675 4124 Ἰωάννης,
3702 4048 3820 4118 ἀνὴρ

2258 4164 2396 4235 πρὸς
2420 4164 2534 4217 τοῖς
2569 4159 2751 4221 ἄλλοις
2787 4156 3089 4227 ἡμερότητι
3131 4154 3228 4206 καὶ
3277 4152 3549 4224 πραότητι
3595 4149 3821 4217 λάμπων.

2268 4233 2491 4326 Ῥαχίαν
2520 4253 2577 4307 δὲ
2623 4253 2889 4323 τραχεῖαν
2950 4245 3296 4313 καταλαϐὼν,
3342 4245 3703 4315 δυσχείμαρον
3742 4233 3825 4287 καὶ

2260 4351 2651 4421 προσάρκτιον,
2689 4347 2749 4400 ὲν
2780 4343 2966 4415 ἐκείνῃ
2996 4341 3134 4403 τέως
3163 4341 3323 4392 πέντε
3359 4340 3454 4393 καὶ
3487 4339 3655 4390 εἴκοσι
3677 4327 3828 4385 διετέ·

2260 4443 2414 4495 λεσεν
2439 4440 2556 4511 ἔτη,
2594 4439 2693 4503 τὰς
2732 4436 2983 4497 ἐναντίας
3020 4433 3115 4486 τοῦ
3160 4432 3322 4501 ἀέρος
3359 4431 3650 4501 δεχόμενος
3680 4435 3829 4493 προσ·

2261 4536 2445 4599 ϐολάς.
2474 4533 2657 4589 Τάλλα
2683 4533 2742 4585 δὲ
2772 4532 2970 4592 πάντα,
2999 4528 3087 4582 ἵνα
3132 4526 3206 4597 μὴ
3236 4526 3358 4579 καθ’
3389 4526 3621 4579 ἕκαστον
3651 4516 3833 4586 διεξέρο

573 4618 790 4690 singula
828 4630 1149 4689 persequar,
1170 4616 1373 4683 victus,
1405 4617 1665 4682 vestitus,
1690 4617 1933 4689 ferrique
1957 4634 2143 4687 onera,

2262 4646 2468 4701 χωμαι.
2508 4626 2710 4700 τροφὴ,
2745 4624 2839 4677 καὶ
2880 4620 3070 4691 ἐσθὴς,
3107 4620 3202 4674 καὶ
3236 4619 3304 4672 τὰ
3326 4620 3423 4671 τοῦ
3468 4617 3687 4687 σιδήρου
3717 4625 3833 4680 φορ-

573 4710 904 4783 supradietis
935 4711 1139 4766 similia
1188 4719 1321 4765 sunt
1361 4710 1567 4765 omnia.
1609 4709 1794 4768 Rebus
1836 4721 2020 4769 autem
2054 4715 2159 4768 htt-

573 4801 754 4857 manis
783 4800 1042 4857 omnibus
1059 4807 1216 4855 tanto
1232 4809 1318 4856 est
1338 4801 1612 4870 superior,
1645 4809 1701 4856 ut
1733 4819 1801 4858 ex
1829 4804 1914 4859 his
1949 4804 2156 4859 nullam

571 4896 833 4963 decerpat
896 4892 1352 4948 consolatiOnem.
1419 4891 1591 4964 Cujus
1651 4895 1729 4950 rei
1798 4894 2157 4953 manifestum

575 4987 838 5042 indicium
890 5000 1019 5040 mox
1066 4987 1360 5054 proferam.
1421 4983 1555 5038 Nam
1621 5002 1746 5041 cum
1807 4988 2159 5059 amygdalum

574 5080 782 5150 probus
796 5076 1019 5148 quidam
1043 5076 1127 5130 vir
1151 5088 1374 5147 propter
1404 5077 1528 5147 ejus
1546 5079 1807 5133 lectulum
1831 5081 2159 5150 plantassct,

578 5180 631 5225 et
676 5173 767 5227 illa
803 5170 1066 5239 temporis
1103 5185 1370 5226 successu
1409 5171 1573 5225 arbor
1616 5172 1758 5225 facta
1796 5173 2045 5227 umbram
2083 5168 2164 5223 illi

582 5263 870 5330 praeberet,
897 5261 1188 5328 visumque
1228 5262 1557 5325 oblectaret,
1591 5263 1846 5317 abscindi
1873 5263 2061 5331 jussit,
2097 5275 2166 5315 ne

585 5353 867 5423 quidinde
893 5362 1113 5423 caperet
1129 5355 1332 5413 solatii.
1360 5353 1516 5411 llanc
1543 5370 1767 5426 quoque
1790 5356 1956 5410 vitam
1989 5355 2166 5415 Moses

588 5443 871 5513 amplexus
903 5453 1009 5510 est,
1042 5446 1138 5515 qui
1184 5446 1239 5502 in
1280 5448 1430 5503 edito
1467 5449 1705 5514 quodam
1747 5448 1957 5502 vertice
1980 5445 2168 5502 flama:

588 5533 708 5588 vico
742 5533 1062 5592 imminente
1084 5538 1351 5606 decertat,
1380 5547 1435 5593 et
1472 5539 1779 5593 Antiochus
1806 5540 1890 5592 vir
1920 5538 2166 5609 grandae-

589 5639 711 5681 νιτε,
729 5622 822 5694 qui
858 5626 1236 5684 desertissimo
1261 5629 1315 5683 in
1340 5641 1522 5685 monte
1543 5631 1836 5684 maceriam
1864 5631 2162 5691 exstruxit.

584 5727 644 5772 et
680 5716 990 5773 Antoninus
1029 5721 1097 5785 ’³,
1156 5721 1248 5790 qui
1294 5721 1348 5774 in
1403 5722 1561 5775 senili
1613 5737 1845 5791 corpore
1894 5722 2160 5791 juventtm

2263 4698 2376 4784 τία,
2401 4722 2514 4783 τοῖς
2547 4698 2988 4789 προειρημένοις
3023 4714 3141 4766 ἐστὶ
3193 4712 3579 4783 παραπλήσια.
3610 4705 3756 4760 Οὕτω
3784 4698 3834 4754 δέ

2269 4812 2386 4864 ἐστι
2416 4810 2523 4863 τῶν
2557 4806 2921 4877 ἀνθρωπίνων
2950 4804 3208 4857 ἁπάντων
3237 4801 3561 4872 ὑπέρτερος,
3589 4796 3665 4859 ὡς
3692 4791 3835 4866 μηδε-

2269 4905 2398 4973 μίαν
2425 4904 2489 4955 ex
2518 4899 2726 4953 τούτων
2757 4896 3105 4967 καρποῦσθαι
3138 4892 3493 4963 παραψυχήν.
3527 4889 3640 4950 Καὶ
3662 4885 3835 4941 τούτου

2265 4998 2568 5066 τεκμήριον
2595 4992 2828 5061 ἐναργὲς
2868 4989 3073 5042 αὐτίκα
3119 4986 3455 5058 παρέξομαι.
3502 4981 3718 5052 Ἐπειδὴ
3744 4977 3836 5048 γάρ

2267 5104 2353 5150 τις
2386 5086 2496 5140 τῶν
2528 5084 2834 5138 σπουδαίων
2865 5081 3185 5152 ἀμυγδάλην
3216 5079 3347 5151 παρ’
3389 5078 3565 5149 αὑτὴν
3593 5075 3837 5144 ἐφύτευσε

2269 5178 2367 5250 τὴν
2401 5177 2649 5242 στιϐάδα,
2673 5172 2793 5229 εἶτα
2818 5174 2893 5243 τῷ
2920 5173 3100 5245 χρόνῳ
3130 5172 3347 5244 δένδρον
3388 5169 3674 5239 γινομένη,
3701 5161 3838 5218 σκιάν

2269 5282 2329 5318 τε
2364 5265 2513 5336 αὐτῷ
2536 5268 2788 5335 παρεῖχε,
2814 5265 2907 5316 καὶ
2944 5265 3043 5333 τὴν
3073 5262 3199 5332 ὄψιν
3237 5260 3438 5325 εἱστία,
3472 5256 3853 5336 ἁποτμηθῆναη

2272 5316 2738 5418 ἐκέλευσεν,νιῖναη
2776 5316 2926 5424 ’μηδὲ
2974 5316 3359 5423 μιᾶςθὲκεῖθεν
3418 5316 3855 5417 άπολαύηψυχιί

2273 5446 2543 5514 αγωγίας.
2568 5446 2771 5498 Τοῦτον
2805 5444 3093 5514 ἠσπάσατο
3124 5443 3215 5496 τὸν
3238 5442 3351 5514 βίον
3382 5442 3479 5494 καὶ
3508 5439 3765 5506 Μωῦσῆςν
3796 5435 3844 5485 ἐν

2274 5538 2453 5609 ὑψηλῇ
2484 5556 2587 5591 τινι
2614 5541 2826 5609 κορυφῇ
2871 5536 3085 5606 Ῥαμᾶς
3119 5534 3495 5607 ὑπερκειμένη
3526 5533 3627 5601 τῆς
3647 5529 3841 5599 κώμης,

2272 5630 2703 5699 ἀγωνιζόμενοςο
2743 5630 2837 5681 καὶ
2893 5627 3189 5696 Ἀντίοχος,
3232 5625 3373 5696 ἀνὴρ
3422 5623 3749 5693 πρεσϐύτης,
3795 5617 3834 5665 ἐι

2273 5722 2617 5791 ἐρημωτάτῳ
2651 5722 2802 5790 τόπῳ
2836 5721 2891 5773 τὶ»
2921 5718 3173 5789 θριγκίον
3196 5718 3529 5789 δειμάμενος
3555 5732 3568 5745 ’
3609 5712 3698 5767 καὶ
3734 5710 3839 5758 ’Λν-

1842 5816 2070 5872 VARUE
2107 5817 2508 5873 LECTIONES.

660 5898 710 5937 ⁸³
738 5896 1018 5954 Antonius.
1053 5903 1219 5957 Hcrv.
