4074 6432
264 474 400 537 1157

1504 478 1911 543 RELIGIOSA
1945 482 2337 547 HISTORIA.

3406 488 3540 556 11.58

257 600 500 662 τιι..·ῖνος,
532 601 587 650 ἰν
620 591 954 664 γεγηρακότι
987 589 1199 662 σώματι
1233 594 1346 655 τοῖς
1381 592 1519 657 νέοις
1551 596 1842 667 παραπλη-

1957 597 2126 652 instar
2162 597 2416 653 desudat.
2442 596 2646 667 Estque
2676 597 2762 653 his
2790 597 3049 653 omnibus
3072 600 3260 656 eadem
3283 604 3548 669 vestis,ct

259 691 328 745 ait
351 707 391 754 ις
421 688 845 758 ἀγωνιζόμενος.
878 684 991 738 Καὶ
1020 683 1168 738 ἔστιν
1207 684 1389 748 αὐτοῖς
1421 684 1583 756 ἐσθὴς
1622 688 1654 758 ἡ
1684 687 1843 758 αὐτή,

257 787 353 842 καὶ
379 786 575 857 τροφὴ,
610 784 705 837 καὶ
762 782 973 845 στάσις,
1007 779 1103 835 καὶ
1154 782 1457 852 προσευχὴ,
1491 781 1586 835 καὶ
1628 781 1845 836 παννύ-

255 898 364 952 χιοι
391 880 567 939 πόνοι,
597 878 691 931 καὶ
729 875 1068 945 πανημέριοι
1091 890 1104 903 ·
1139 874 1235 928 καὶ
1267 872 1392 927 οὔτε
1422 874 1616 945 χρόνου
1648 875 1842 945 μῆκος,

254 969 318 1024 οὐ
348 970 551 1041 γῆρας,
586 968 688 1021 οὐκ
729 965 987 1020 ἀσθένεια
1028 964 1244 1033 φύσεως
1273 964 1487 1034 ἐλέγχει
1516 965 1614 1034 τὴν
1642 981 1843 1035 καρτε-

255 1062 405 1134 ρίαν,
438 1061 556 1114 ἀλλ’
602 1058 925 1130 ἀκμάζοντα
952 1058 1012 1109 έν
1056 1057 1271 1118 ἑαυτοῖς
1303 1055 1487 1127 έχουσι
1534 1057 1627 1109 τὸν
1666 1057 1846 1127 ἔρωτα

250 1151 350 1205 τοῦ
377 1151 584 1205 πονεῖν.
616 1149 729 1202 Καὶ
780 1147 975 1210 ἄλλους
1015 1146 1072 1199 δὲ
1119 1146 1408 1210 πλείστους
1437 1147 1747 1215 ἀγωνιστὰς
1788 1149 1845 1203 ὲν

253 1246 366 1306 τοῖς
404 1241 693 1313 ἡμετέροις
726 1240 972 1310 μέρεσιν,
1002 1238 1155 1309 ὃρεσί
1194 1256 1253 1292 τε
1287 1239 1382 1293 καὶ
1419 1239 1643 1305 πεδίοις,
1681 1244 1710 1294 ό
1748 1243 1846 1314 τῆς

256 1334 465 1407 ἀρετῆς
504 1332 851 1403 ἀγωνοθέτης
897 1329 1012 1402 ἔχει
1051 1330 1204 1401 Θεὸς,
1255 1330 1350 1394 οὓς
1385 1333 1480 1385 καὶ
1536 1325 1843 1404 ἀριθμῆσαι

253 1425 418 1495 μόνον
481 1425 582 1477 οὐκ
640 1423 888 1487 εὐπετὲς,
989 1421 1118 1492 μήτι
1193 1437 1256 1487 γε
1324 1421 1388 1492 δὴ
1456 1423 1685 1477 ἑκάστου
1732 1424 1846 1495 βίον

252 1514 599 1585 συγγράψαι.
648 1511 954 1584 Ἀρκοῦσαν
985 1511 1167 1563 τοίνυν
1217 1513 1279 1564 ὲκ
1325 1512 1534 1567 τούτων
1576 1514 1845 1582 ὠφέλειαν

249 1608 364 1668 τοῖς
402 1606 687 1677 κερδάνειν
723 1602 1074 1675 βουλομένοις
1098 1602 1521 1674 προτεθεικότες
1548 1606 1633 1674 ἐφ’
1659 1606 1845 1677 ἕτερον

251 1695 392 1762 εἶδος
417 1700 727 1770 διηγήσεως
759 1696 1050 1769 τρέψομαι,
1085 1696 1181 1749 καὶ
1213 1695 1317 1766 τῆς
1348 1697 1554 1751 τούτων
1593 1699 1846 1770 εὐλογίας

254 1789 592 1859 μεταλαόεῖν
629 1788 819 1855 ἀξιῶν.

469 1885 597 1938 ΚΧ.
622 1913 691 1924 ο-
715 1883 1005 1937 ΖΕΒΙΝΑΣ
1044 1886 1075 1956 ἧ
1116 1886 1629 1941 ΠΟΛΥΧΡΟΝΙΟΣ.

330 1975 559 2028 Ζεόινᾶν
584 1974 768 2046 ᾄδουσι
807 1975 971 2048 μέχρι
1004 1979 1098 2030 καὶ
1126 1979 1368 2048 τήμερον
1400 1979 1449 2030 οἱ
1498 1978 1596 2048 τῆς
1629 1978 1838 2031 ἐκείνου

252 2066 386 2128 θέας
422 2064 738 2137 ἠξιωμένοι.
771 2067 909 2119 Φασὶ
950 2067 1005 2120 δὲ
1038 2067 1200 2120 αὐτὸν
1242 2069 1322 2131 εἰς
1352 2067 1533 2137 γῆρας
1568 2067 1841 2122 ἐλάσαντα

258 2158 417 2229 βαθὺ,
447 2159 541 2211 καὶ
576 2162 689 2223 τοῖς
738 2160 921 2223 αὐτοῖς
951 2161 1139 2224 πόνοις
1184 2160 1380 2231 μέχρις
1407 2160 1582 2231 αὐτῆς
1629 2163 1842 2233 χρησά-

260 2268 425 2322 μενον
454 2251 554 2320 τῆς
584 2251 866 2320 τελευτῆς.
910 2252 1076 2323 μηδὲν
1112 2253 1221 2304 τῶν
1255 2254 1355 2322 τῆς
1396 2251 1648 2322 νεότητος
1679 2253 1841 2323 ἀμεῖ-

257 2344 360 2413 ψαι
395 2342 474 2413 τῷ
526 2343 814 2414 βαρυτάτῳ
870 2344 1191 2415 βιαζόμενον
1234 2345 1398 2415 γήρᾳ.
1466 2344 1842 2398 Ἑπλεονέκτει

256 2438 335 2503 δὲ,
366 2437 442 2500 ὡς
466 2436 697 2504 ἔφασαν,
724 2438 850 2500 τοὺς
875 2438 962 2491 ἐπ’
986 2436 1153 2491 αὐτοῦ
1186 2436 1393 2500 πάντας
1421 2437 1745 2509 ἀνθρώπους
1773 2441 1841 2510 τῇ

257 2526 359 2596 τῆς
408 2527 720 2596 προσευχῆς
774 2525 1095 2598 προσεδρίᾳ.
1140 2525 1230 2577 Ἑν
1281 2526 1454 2596 ταύτῃ
1503 2523 1612 2596 γὰρ
1650 2524 1843 2595 διημε-

261 2615 439 2687 ρεύων
469 2633 527 2668 τε
558 2616 651 2668 καὶ
674 2614 1127 2686 διανυκτερεύων,
1160 2615 1221 2666 οὐ
1258 2614 1415 2685 μόνον
1447 2616 1546 2667 οὐκ
1569 2613 1843 2685 ἐλάμϐανε

257 2710 445 2778 κόρον,
502 2706 638 2760 ἀλλά
683 2708 779 2759 καὶ
815 2706 1151 2778 θερμότερον
1190 2706 1283 2759 τὸν
1324 2705 1485 2759 πόθον
1537 2707 1840 2777 εἰργάζετο.

272 2798 438 2851 Ἀλλά
494 2799 590 2852 καὶ
638 2799 754 2859 τοῖς
804 2797 941 2867 πρὸς
991 2797 1153 2851 αὐτὸν
1197 2796 1254 2849 δέ
1313 2813 1377 2865 γε
1426 2796 1845 2867 ἀφικνουμένοις

260 2886 420 2955 ὀλίγα
454 2885 593 2940 ἄττα
622 2885 1031 2956 διαλεγόμενος,
1073 2886 1341 2954 κατάγειν
1368 2886 1431 2939 ἐκ
1464 2885 1571 2939 τῶν
1600 2886 1845 2958 οὐρανῶν

260 2975 363 3029 οὐκ
412 2976 659 3046 ἠνείχετο
716 2974 817 3046 τήν
869 2973 1149 3029 διάνοιαν⁸
1215 2973 1329 3027 ἀλλ’
1388 2972 1553 3038 εὐθὺς
1622 2973 1846 3026 ἐκείνων

260 3067 767 3137 ἀπαλλαττόμενος,
833 3065 909 3128 ὡς
962 3065 1097 3137 μηδὲ
1158 3065 1295 3136 πρὸς
1339 3064 1512 3137 βραχὺ
1558 3065 1847 3137 χωρισθεὶς

260 3158 357 3211 τοῦ
380 3158 487 3211 τῶν
511 3159 648 3212 ὅλων
686 3156 849 3221 Θεοῦ,
881 3157 1045 3211 πάλιν
1081 3156 1179 3228 τὴν
1218 3157 1454 3211 ἱκετείαν
1485 3156 1844 3227 προσέφερεν.

276 3248 499 3320 Ἐπειδὴ
541 3250 599 3303 δὲ
628 3250 731 3319 τὴν
780 3249 1004 3319 διηνεκῆ
1041 3247 1235 3301 στάσιν
1287 3248 1350 3301 τὸ
1394 3248 1571 3319 γῆρας
1628 3247 1849 3312 ἀλύπως

262 3343 451 3414 φέρειν
478 3343 580 3396 οὐκ
610 3341 721 3410 εἴα,
746 3341 987 3412 ἔρεισμα
1013 3339 1188 3410 τούτῳ
1217 3339 1315 3411 τὴν
1346 3339 1652 3411 βακτηρίαν
1678 3356 1851 3410 προσ-

262 3437 452 3506 έιρερε,
491 3435 586 3488 καὶ
615 3433 790 3505 ταύτῃ
821 3431 1286 3504 προσκλινόμενος
1316 3431 1478 3499 ὕμνει
1521 3430 1613 3483 τὸν
1645 3430 1851 3484 Δεσπό-

260 3545 362 3598 την
421 3528 514 3581 καὶ
549 3526 766 3598 ηὔχετο.
799 3525 1077 3595 Φιλοξενίᾳ
1108 3525 1165 3577 δὲ
1219 3522 1354 3594 πρὸς
1385 3525 1498 3585 τοῖς
1530 3521 1711 3584 ἄλλοις
1756 3539 1849 3574 κο-

263 3617 575 3687 σμούμενος
613 3616 860 3683 ἀγαθοῖς,
922 3614 1106 3685 μένειν
1159 3614 1260 3683 τὴν
1324 3612 1566 3681 ἑσπέραν
1624 3610 1852 3675 πολλοὺς

260 3709 371 3764 τῶν
421 3709 497 3772 ὡς
547 3707 712 3761 αὑτὸν
763 3706 1186 3776 ἀφικνουμένων
1236 3703 1509 3757 ἐκέλευεν.
1551 3703 1613 3756 Οἱ
1650 3702 1707 3754 δὲ
1752 3703 1849 3771 τὴν

261 3799 560 3869 παννύχιον
582 3798 750 3852 αὐτοῦ
777 3797 1151 3867 δειμαίνοντες
1174 3794 1384 3859 στάσιν,
1411 3791 1668 3864 ἀσχολίας
1695 3792 1851 3856 τινὰς

263 3893 665 3963 σκηπτόμενοι,
699 3891 823 3944 τῶν
862 3888 1042 3944 πόνων
1106 3887 1247 3956 σφᾶς
1306 3885 1504 3949 αὐτοὺς
1554 3884 1846 3954 ὑπεξῆγον.

262 3984 469 4037 Τοῦτον
502 3984 595 4037 καὶ
625 3983 654 4035 ό
704 3982 877 4051 μέγας
931 3980 1142 4042 ἐκεῖνος
1195 3975 1556 4049 ὑπερηγάσθη
1616 3977 1847 4048 Μάρων,

262 4076 358 4129 καὶ
386 4077 499 4138 τοῖς
526 4072 753 4141 φοιτῶσι
788 4071 925 4139 πρὸς
964 4068 1128 4124 αὑτὸν
1178 4069 1353 4124 ἅπασι
1396 4066 1692 4139 παρηγγύα
1724 4066 1850 4138 τρέε

262 4184 405 4237 χειν,
435 4164 647 4220 καὶτοῦ
693 4162 1004 4235 πρεσϐύτου
1045 4161 1144 4233 τὴν
1181 4160 1434 4229 εὐλογίαν
1471 4160 1699 4230 τρυγᾷν,
1749 4175 1852 4211 πα-

263 4259 399 4329 τέρα
451 4259 545 4310 καὶ
596 4254 917 4309 διδάσκαλον
959 4250 1277 4323 ὀνομάζων,
1310 4252 1406 4306 καὶ
1455 4250 1636 4320 πάσης
1682 4250 1851 4321 ἀρχέ-

262 4366 434 4402 τυπον
488 4346 781 4402 ἀποκαλῶν
837 4345 1062 4416 ἀρετῆς.
1130 4343 1319 4413 Τούτῳ
1367 4342 1698 4413 κοινωνῆσαι
1758 4344 1853 4395 καὶ

263 4442 443 4511 ταφῆς
503 4439 913 4510 παρεκάλεσεν·
961 4436 1074 4489 ἀλλ’
1117 4437 1217 4489 οὐκ
1266 4436 1458 4489 εἴασαν
1505 4434 1554 4488 οἱ
1598 4432 1661 4486 τὸ
1709 4433 1853 4505 ἱερὸν

263 4533 445 4583 έκεῖνο
467 4530 629 4599 σῶμα
660 4527 1090 4598 διαρπάσαντες,
1115 4523 1212 4577 καὶ
1247 4525 1327 4587 είς
1356 4523 1419 4577 τὸ
1452 4523 1853 4593 προειρημένον

1953 689 2152 752 victus,
2197 699 2251 744 et
2285 688 2474 755 statio,
2506 698 2560 743 et
2598 689 2801 755 oratio,
2837 691 3211 762 nocturnique
3255 708 3320 750 ac
3354 694 3541 752 diurni

1953 780 2174 835 labores
2221 780 2466 835 continui
2509 799 2521 834 :
2566 790 2620 834 et
2661 796 2838 851 neque
2873 784 3140 852 temporis
3179 784 3541 855 diuturnitas,

1953 886 2129 941 neque
2163 871 2403 935 senium,
2450 887 2626 942 neque
2659 872 3008 929 imbecillitas
3043 882 3254 931 naturae
3275 886 3542 933 constan-

1951 964 2085 1016 tiam
2142 962 2370 1033 frangit,
2417 963 2511 1019 sed
2566 970 2821 1035 vegetum
2876 965 2931 1018 in
2993 965 3193 1036 seipsis
3251 968 3539 1023 laborandi

1951 1053 2193 1109 retinent
2227 1055 2495 1110 studium.
2528 1034 2683 1111 Alios
2718 1064 2986 1126 praeterea
3022 1034 3339 1128 complures
3373 1061 3428 1114 in
3474 1061 3540 1114 li-
3670 1034 3684 1049 ’

1951 1144 2116 1201 nibus
2155 1147 2397 1212 nostris,
2448 1147 2838 1220 montibusque
2879 1156 2935 1204 et
2989 1152 3232 1220 campis,
3299 1152 3540 1207 athletas
3592 1197 3596 1201 .

1954 1236 2117 1292 habet
2159 1240 2382 1294 virtutis
2428 1240 2757 1309 agonotheta
2802 1239 2971 1307 Deus,
3005 1257 3146 1312 quos
3187 1243 3271 1297 vel
3310 1258 3539 1299 enume-
3599 1232 3603 1259 ²

1950 1342 2076 1381 rare
2098 1326 2320 1384 dilIicile
2341 1329 2434 1393 sit,
2475 1330 2678 1386 nedum
2725 1329 2943 1402 1258
2985 1334 3327 1404 singulorum
3368 1335 3538 1391 vitam
3589 1328 3599 1361 ⁵

1950 1419 2321 1475 conscribere.
2357 1419 2539 1486 Quare
2568 1436 2693 1475 cum
2721 1437 2785 1476 ex
2824 1421 2912 1478 his
2941 1421 3301 1479 sullieientem
3340 1425 3407 1481 iis
3443 1428 3539 1497 qui

1951 1511 2166 1566 lucrum
2203 1522 2429 1583 captant
2484 1514 2778 1569 utilitatem
2823 1502 3537 1586 proposuerimus,’horum

1949 1602 2110 1656 etiam
2143 1614 2200 1657 ut
2234 1603 2623 1659 benedictione
2669 1603 2920 1660 fruamur
2966 1614 3224 1672 orantes,
3267 1606 3334 1661 ad
3375 1607 3535 1662 aliam

1949 1694 2324 1749 narrationem
2364 1703 2772 1751 convertentur.

2056 1880 2247 1935 XXIV.
2273 1913 2340 1921 -—
2374 1881 2666 1938 ZEBINAS
2709 1891 2803 1938 aut
2842 1884 3393 1943 POLYCHRONIUS.

2023 1971 2288 2027 Zehinam
2331 1975 2605 2046 hodieque
2663 1977 2966 2045 praedicant
3010 1978 3103 2050 qui
3148 1980 3336 2035 videre
3382 1982 3535 2037 illum

1950 2072 2294 2121 meruerunt.
2337 2065 2504 2120 Aiunt
2555 2074 2736 2120 autem
2780 2067 2953 2135 illum,
2999 2085 3123 2123 eum
3160 2070 3227 2124 ad
3262 2086 3555 2127 summanr.

1952 2162 2292 2209 senectutem
2328 2157 2661 2225 pervenerit,
2696 2159 2890 2214 iisdem
2921 2159 3205 2215 laboribus
3251 2160 3317 2214 ad
3360 2161 3553 2232 ipsam.

1951 2264 2124 2318 usque
2146 2256 2376 2303 mortem
2408 2266 2567 2305 usum
2598 2266 2742 2314 esse,
2781 2267 2961 2321 neque
3002 2262 3246 2307 extremo
3281 2253 3559 2309 adactum:

1953 2340 2110 2394 senio
2150 2338 2344 2403 fuisse,
2372 2342 2388 2360 ‘
2421 2349 2480 2394 ut
2507 2356 2695 2396 eorum
2737 2357 2861 2411 quae
2899 2341 3087 2411 junior
3130 2341 3342 2396 solebat
3373 2344 3537 2412 quiil-

1952 2444 2115 2500 quam
2162 2431 2503 2487 immutaret.
2566 2430 2878 2502 Superabat
2937 2442 3150 2497 autem,
3211 2441 3271 2486 ut
3330 2432 3535 2501 ferunt,

1953 2535 2145 2577 omnes
2193 2521 2296 2577 aevi
2335 2523 2422 2578 sui
2454 2524 2716 2580 mortales
2774 2524 3104 2580 assiduitate
3147 2526 3439 2582 orationis.
3476 2528 3536 2580 In

1954 2612 2057 2666 hac
2090 2613 2235 2667 enim
2281 2621 2472 2671 noctes
2526 2614 2754 2686 diesque
2793 2631 3181 2686 perseverans,
3218 2633 3329 2673 non
3374 2617 3541 2673 modo

1954 2718 2063 2757 non
2092 2704 2419 2769 satiabatur,
2463 2706 2556 2761 sed
2593 2707 2924 2761 desiderium
2959 2707 3119 2762 etiam
3146 2706 3417 2765 alliciebat
3445 2725 3538 2765 reo

1954 2794 2287 2849 hementius.
2344 2795 2525 2861 Quare
2578 2814 2702 2851 eum
2738 2797 2807 2854 iis
2847 2798 2941 2868 qui
2975 2798 3040 2852 ad
3071 2813 3196 2854 eum
3244 2800 3540 2856 veniebant

1955 2887 2146 2957 paucis
2175 2875 2478 2953 disserens,
2510 2888 2899 2960 cogitationem
2933 2904 2963 2944 a
2999 2886 3322 2947 crelestibus
3362 2893 3540 2948 abdu-

1955 2994 2082 3034 cere
2106 2993 2214 3034 non
2244 2979 2552 3050 patiebatur
2582 2999 2594 3034 :
2632 2981 2725 3035 sed
2760 2980 2830 3035 ab
2869 2982 2976 3037 illis
3026 2997 3150 3038 mox
3186 2984 3349 3047 liber,
3377 2983 3537 3053 quasi

1959 3087 2059 3125 nec
2111 3070 2384 3125 tantillum
2434 3085 2463 3123 a
2529 3072 2636 3126 Deo
2685 3072 3068 3128 universorum
3121 3082 3434 3145 separatus,
3471 3074 3537 3127 ad

1956 3162 2263 3216 orationem
2324 3161 2525 3216 iterum
2571 3162 2803 3216 redibat.
2846 3163 2911 3217 Et
2956 3164 3308 3234 quoniamut
3351 3179 3541 3236 perpe-

1960 3264 2108 3306 tuam
2145 3253 2438 3307 stationem
2472 3253 2593 3307 sine
2636 3254 2887 3310 molestia
2940 3254 3108 3309 ferret
3140 3262 3400 3310 senectus
3433 3272 3542 3310 non

1958 3343 2330 3413 permittebat,
2369 3342 2497 3397 huic
2541 3343 2915 3398 sustentanda:
2972 3343 3225 3398 baculum
3266 3342 3539 3405 adhibuit,

1958 3450 2070 3505 quo
2122 3435 2346 3489 innixus
2385 3435 2577 3489 laudes
2608 3435 2840 3491 Domino
2899 3451 3202 3505 precesque
3254 3435 3535 3491 oll‘crebat.

1959 3525 2369 3595 Hospitalitatis
2418 3529 2562 3581 inter
2598 3535 2793 3581 caetera
2833 3527 2978 3581 bona
3018 3528 3202 3581 studio
3253 3535 3538 3597 praestans,

1958 3617 2162 3673 multos
2203 3633 2269 3671 ex
2306 3618 2373 3672 iis
2419 3617 2513 3686 qui
2552 3617 2618 3670 ad
2656 3616 2833 3685 ipsum
2875 3617 3189 3680 veniellant,
3220 3627 3542 3689 exspectare

1957 3722 2242 3778 vesperam
2289 3706 2535 3776 jubebat.
2596 3706 2663 3759 Hi
2715 3720 2844 3760 vero
2899 3707 3216 3761 continuam
3268 3708 3387 3777 ejus
3430 3717 3539 3760 tota

1955 3807 2118 3851 nocte
2164 3798 2455 3851 stationem
2510 3794 2956 3858 reformidantes,
3014 3795 3361 3865 negotiorum
3410 3810 3548 3864 pra-

1956 3897 2105 3944 textu
2136 3888 2417 3942 laboribus
2437 3902 2496 3942 se
2513 3885 2914 3942 subducebant.
2943 3885 3099 3943 llunc
3117 3901 3349 3956 magnus
3373 3886 3541 3940 etiam

1954 3979 2047 4033 ille
2066 3979 2214 4033 Maro
2234 3976 2538 4032 admiratus
2561 3986 2647 4031 est
2675 3974 3053 4040 vehementer,
3073 3974 3137 4030 ad
3148 3982 3543 4043 ventantcsque

1957 4071 2022 4125 ad
2061 4088 2121 4126 se
2154 4085 2346 4124 omnes
2401 4068 2748 4133 hortabatur,
2780 4074 2837 4120 ut
2861 4066 2927 4121 ad
2959 4083 3082 4121 eum
3113 4081 3171 4120 se
3203 4064 3539 4129 conferrent,

1956 4164 2189 4235 ejusque
2213 4161 2599 4218 benedictione
2621 4158 2963 4227 fruerentur,
2997 4167 3207 4230 patrem
3252 4159 3405 4212 illum
3444 4174 3539 4211 vo-

1957 4270 2092 4310 cans
2122 4263 2176 4309 et
2207 4253 2555 4324 magistrum,
2594 4261 2647 4306 et
2683 4252 2945 4306 virtutum
2986 4250 3229 4305 onmium
3263 4250 3544 4320 exemplar

1960 4349 2261 4419 appellans.
2315 4347 2456 4414 Quin
2486 4353 2540 4399 et
2566 4345 2754 4399 eodem
2788 4344 3042 4414 sepulcro
3095 4350 3155 4397 ut
3212 4342 3546 4397 conderetur

1958 4439 2151 4495 orabat
2193 4459 2206 4490 :
2254 4437 2470 4508 1259
2519 4437 2614 4491 sed
2664 4452 2772 4490 non
2829 4434 3131 4505 permisere
3176 4435 3268 4503 qui
3326 4448 3541 4487 sacrum

1960 4530 2096 4584 illud
2151 4544 2352 4598 corpus
2392 4535 2712 4598 rapuerunt,
2761 4535 2817 4580 et
2863 4534 3225 4580 memoratum
3264 4524 3319 4576 in
3367 4525 3542 4578 locum

264 4621 467 4692 χωρίον
521 4620 984 4690 ἀντικομίσαντες.
1041 4617 1098 4670 Ὀ
1160 4615 1215 4669 δὲ
1277 4615 1563 4678 θεσπέσιος
1629 4614 1849 4678 Ζεὸινᾶς

1962 4622 2347 4690 deportarunt.
2381 4619 2575 4675 Divino
2602 4628 2782 4673 autem
2819 4617 3036 4673 Zebinae
3072 4624 3200 4670 ante
3245 4617 3398 4669 illum
3434 4617 3545 4670 vita

268 4711 856 4782 προτελευτῆσας,ηείς
900 4709 999 4780 τὴν
1049 4705 1397 4769 πελάζουσαν
1459 4705 1610 4775 αὐτῷ
1662 4705 1857 4776 κώμην

269 4803 469 4873 (Kl—.7301
486 4802 542 4854 δὲ
562 4801 702 4872 αὕτη
723 4801 1012 4869 καλεῖται),
1029 4796 1137 4850 τῶν
1153 4797 1526 4866 νομιζομένων
1548 4796 1869 4865 ἀπήλαυσε,

269 4896 367 4948 καὶ
401 4896 569 4966 σηκὸν
590 4896 647 4948 δὲ
686 4897 751 4966 τῇ
782 4895 927 4965 θήκῃ
966 4891 1222 4961 μέγιστον
1262 4889 1642 4960 ᾠκοδόμησαν.
1680 4890 1855 4941 Ἵασιν

264 4986 379 5056 γὰρ
414 4985 705 5050 ἀναϐλύζει
735 4986 846 5048 τοῖς
882 4982 1020 5055 μετά
1050 4981 1286 5043 πίστεως
1327 4978 1624 5050 προσιοῦσι
1658 4990 1857 5033 παντοέ

264 5077 471 5149 δαπήν.
503 5078 657 5146 Ἔχει
679 5077 736 5130 δὲ
766 5076 861 5129 νῦν
889 5077 982 5129 καὶ
1013 5073 1293 5146 μάρτυρας
1328 5072 1676 5141 ὁμοροξρίους,
1705 5074 1852 5144 παρὰ

268 5169 519 5241 Πέρσαις
555 5169 653 5240 μὲν
677 5166 1110 5239 ἠγωνισμένους,
1152 5164 1388 5235 ἐτησίοις
1418 5164 1474 5216 δὲ
1513 5165 1856 5237 πανηγύρεσι

272 5261 411 5333 παρ’
445 5261 478 5331 ή
487 5260 606 5329 μῶν
635 5260 1001 5330 τιμωμένους.
1841 5320 1853 5329 _

346 5353 460 5423 Τῆς
490 5350 677 5403 τούτου
709 5347 1056 5411 διδασκαλίας
1084 5348 1113 5398 ὁ
1162 5346 1335 5416 μέγας
1370 5344 1650 5415 ἀπήλαυσε
1688 5346 1853 5399 [loliu-

268 5444 523 5518 χρόνιος’
560 5444 654 5496 καὶ
703 5445 730 5495 ό
776 5440 1051 5502 θειότατος
1095 5438 1151 5490 δὲ
1202 5436 1459 5498 Ἰάκωϐος
1509 5437 1697 5490 τοῦτον
1757 5440 1860 5508 ἔφη

271 5536 496 5608 πρῶτον
539 5535 778 5608 τρίχινον
828 5532 977 5603 αὐτῴ
1005 5530 1295 5585 δεδωκέναι
1342 5530 1561 5599 χιτῶνα.
1620 5530 1761 5599 Ἐγὼ
1804 5532 1861 5584 δὲ

272 5634 486 5709 ἐκεῖνον
522 5630 595 5702 μὴ
628 5628 962 5698 θεασάμενος
1009 5623 1230 5676 πώποτε
1280 5623 1408 5693 (πρὸ
1452 5622 1560 5695 γὰρ
1591 5624 1690 5693 τῆς
1722 5625 1861 5694 ἐμῆς

273 5721 516 5794 ἀφίξεως
541 5721 634 5774 τοῦ
661 5721 776 5792 βίου
809 5715 1233 5790 προκατειλήφει
1262 5714 1321 5765 τὺ
1353 5713 1576 5785 τέρμα),
1609 5717 1665 5768 ὲν
1696 5717 1866 5769 Πολυ-

274 5813 480 5885 χρονίῳ
517 5811 692 5881 τούτῳ
722 5811 801 5881 τῷ
828 5809 966 5863 πάνυ
994 5808 1094 5877 τὴν
1132 5804 1225 5857 τοῦ
1258 5804 1401 5858 θείου
1429 5806 1624 5860 Ζεὸινᾶ
1653 5808 1865 5876 φιλοσο-

278 5906 408 5972 ,ᾇςπν
458 5902 585 5972 δρῶ,
625 5903 698 5954 οη)
737 5902 842 5971 γὰρ
873 5899 1042 5961 οὓτως
1073 5899 1099 5947 ὁ
1126 5895 1293 5965 κηρδς
1335 5896 1426 5948 τοῦ
1458 5898 1743 5954 δακτυλίου
1776 5901 1863 5955 ri»)

1962 4710 2074 4763 ίιιηε
2099 4721 2155 4764 to
2219 4710 2451 4763 vicinam
2515 4707 2661 4780 apud
2718 4707 2921 4761 Cittam
2976 4705 3123 4775 justa
3172 4706 3316 4760 facta
3372 4717 3541 4762 sunt:

1964 4803 2338 4870 templumque
2376 4800 2558 4854 loculo
2609 4799 2728 4868 ejus
2778 4798 3077 4852 niaximum
3116 4798 3540 4856 inardilicarunt.

1961 4891 2294 4946 Curationes
2325 4892 2472 4946 enim
2516 4890 2766 4945 diversas
2801 4896 3025 4960 prtestat
3059 4890 3126 4944 iis
3157 4890 3249 4959 qui
3285 4907 3410 4946 cum
3443 4890 3547 4948 ﬁde

1965 4985 2257 5039 accedunt.
2310 4982 2425 5037 Sub
2479 4983 2786 5051 eodemque
2830 4991 2975 5036 tecto
3001 4982 3332 5052 conjunctos
3379 4983 3545 5038 etiam

1965 5090 2113 5129 nune
2172 5074 2334 5129 habet
2386 5081 2677 5143 martyres,
2719 5072 2815 5140 qui
2875 5070 3017 5140 apud
3065 5071 3267 5126 Persas
3320 5072 3542 5141 quidem

1965 5165 2336 5226 decertarunt,
2386 5161 2528 5232 apud
2584 5175 2687 5215 nos
2746 5176 2873 5213 vero
2920 5162 3120 5216 annuis
3178 5162 3555 5234 conventibus

1966 5258 2331 5310 honorantur.

2036 5347 2213 5417 Hujus
2232 5346 2535 5415 disciplinae
2561 5346 2832 5415 particeps
2867 5344 2969 5399 fuit
2996 5359 3226 5415 magnus
3243 5342 3554 5411 Polychro-

1966 5441 2133 5495 nius:
2176 5439 2270 5495 scd
2307 5446 2362 5493 ct
2391 5438 2777 5493 divinissimus
2811 5436 3050 5492 Jacobus
3089 5437 3239 5491 hunc
3276 5438 3381 5493 sibi
3437 5440 3546 5509 pri.

1967 5552 2109 5590 mam
2150 5536 2428 5591 cilicinam
2467 5537 2708 5591 tunicam
2769 5534 2986 5591 dedisse
3028 5533 3185 5588 dixit.
3245 5532 3358 5603 Ego
3394 5550 3547 5600 vero,

1966 5627 2057 5697 qui
2084 5642 2208 5682 eum
2237 5642 2517 5697 nunquam
2548 5627 2658 5682 vidi
2691 5627 3023 5690 (decesserat
3053 5624 3198 5680 enim
3227 5624 3548 5694 priusquam

1966 5718 2255 5787 venirem),
2285 5718 2339 5771 in
2377 5720 2477 5773 hoc
2519 5733 2712 5788 magno
2738 5716 3105 5786 Polyehronio
3134 5712 3353 5769 Zebinae
3373 5713 3552 5783 philo-

1970 5809 2216 5879 SOphiam
2255 5808 2561 5877 conspicio.
2597 5806 2706 5861 Nec
2742 5806 2887 5859 enim
2935 5803 3120 5858 annuli
3162 5801 3387 5872 figuram
3418 5815 3546 5854 cera

1970 5901 2045 5957 sic
2071 5901 2344 5969 exprimit,
2379 5907 2434 5953 ut
2471 5899 2555 5952 hic
2591 5899 2739 5953 illius
2771 5898 3118 5952 characteres
3151 5892 3317 5947 refert
3351 5911 3362 5944 :
3397 5891 3543 5962 quod
