4074 6434
327 422 464 493 ιιθι

1576 433 1983 495 RELIGIOSA
2006 432 2390 498 HISTORIA.

3461 429 3604 498 1462

324 543 516 614 χρείαν
550 542 715 613 δῆθεν
743 543 1016 616 δεόμενος,
1046 544 1253 620 ταύτην
1292 546 1389 601 καὶ
1427 547 1644 620 νύκτωρ
1686 548 1901 603 ὲπετίθτ

2015 546 2161 603 hanc
2185 546 2434 603 humeris
2453 554 2624 603 noctu
2641 547 2980 619 imponebat,
3013 555 3068 606 et
3088 547 3192 606 hac
3210 557 3448 608 onustus
3474 563 3601 605 ora-

321 634 439 695 τοῖς
468 628 663 703 ὤμοις,
714 635 807 688 καὶ
847 636 1203 708 ἐπικειμένης
1244 637 1607 710 προσηύχετο,
1637 639 1732 693 καὶ
1784 634 1912 711 μεθ’

321 723 539 795 ἡμέραν
567 724 860 780 ἀπολαύων
905 728 1125 799 σχολῆς.
1183 728 1611 801 Ἀφικνουμένου
1656 729 1713 784 δέ
1744 747 1908 794 τινος,

319 814 421 865 καὶ
446 816 547 885 τὴν
581 814 752 886 θύραν
775 818 1166 885 πατάσσοντος,
1221 820 1279 875 δν
1333 838 1440 875 τινι
1477 822 1664 896 χωρίῳ
1702 823 1910 894 ταύτην

320 907 692 978 κατέκρυπτε.
728 910 946 985 Ταύτην
991 912 1082 983 μοί
1116 930 1201 978 τις
1240 893 1871 986 ἀπέδειξίθεασάμενος
1890 931 1907 947 ο

317 997 421 1049 καὶ
446 998 647 1066 γνῶναι
676 1000 959 1073 βουληθεὶς
978 1003 1040 1056 τὸ
1066 1005 1286 1076 φορτίον
1304 1006 1522 1071 ὁπόσον,
1553 1007 1706 1078 μόλις
1727 1009 1909 1078 ἀμφο-

315 1091 508 1161 τέραις
560 1092 789 1165 ῄώρησα
842 1097 967 1158 ταῖς
998 1097 1206 1169 χερσίν.
1274 1100 1334 1152 '0
1364 1099 1420 1153 δέ
1461 1118 1529 1172 με
1569 1101 1910 1172 θεασάμενος

314 1184 541 1252 ἀφεῖναι
566 1186 840 1241 ἐκέλευεν.
885 1188 1029 1256 Ἐγὼ
1060 1189 1116 1243 δὲ
1153 1191 1547 1265 ἀντελιπάρουν
1582 1192 1787 1261 λαϐεῖν,
1820 1195 1909 1249 ἵνα

314 1274 505 1345 κλέψω
544 1276 640 1330 τοῦ
692 1279 857 1333 πόνου
890 1279 990 1353 τὴν
1040 1281 1336 1353 πρόφασιν.
1383 1284 1472 1348 Ὦς
1522 1285 1579 1339 δὲ
1605 1285 1907 1358 ἀνιώμενον

314 1361 480 1432 εἶδον,
511 1369 884 1443 παρεχώρησα
912 1372 990 1444 τῷ
1022 1373 1173 1446 πόθῳ
1200 1376 1311 1447 τῆς
1339 1376 1517 1447 νίκης.
1565 1377 1661 1432 Ἐκ
1704 1377 1908 1433 τούτων

313 1459 469 1529 αὐτῷ
495 1460 604 1514 τῶν
633 1462 812 1515 πόνων
849 1465 1076 1518 ἐπανθεῖ
1122 1465 1217 1519 καὶ
1269 1465 1548 1532 θεόσδοτος
1597 1468 1777 1540 χάρις,
1811 1470 1907 1523 καὶ

314 1551 492 1606 πολλὰ
518 1551 774 1625 θαύματα
796 1556 917 1618 ταῖς
953 1556 1166 1609 ἐκείνου
1217 1561 1545 1630 προσευχαῖς
1574 1561 1902 1634 ἐνεργεῖται.

313 1641 428 1696 Καὶ
475 1645 584 1717 γάρ
636 1646 801 1717 ἡνίκα
839 1649 869 1701 ό
900 1648 1133 1718 χαλεπὸς
1176 1651 1384 1715 ἐκεῖνος
1429 1652 1643 1723 αὐχμὸς
1689 1653 1906 1725 τρύχων

311 1735 445 1798 τοὺς
476 1736 804 1809 ἀνθρώπους
832 1739 913 1803 είς
934 1740 1149 1794 ἱκεσίαν
1176 1741 1473 1813 διήγειρεν,
1507 1744 1736 1812 ἀφίκετο
1766 1746 1904 1815 πρὸς

312 1826 479 1879 αὑτδν
503 1828 693 1900 ἱερέων
719 1828 924 1900 πλῆθος
949 1846 964 1861 ⁸
1000 1831 1165 1902 συνῆν
1192 1831 1249 1885 δὲ
1278 1833 1487 1898 τούτοις
1519 1835 1616 1889 καὶ
1642 1836 1741 1907 τῆς
1782 1838 1902 1890 ‘Av-

2012 637 2107 694 bat
2137 657 2151 693 :
2186 637 2428 695 interdiu
2456 650 2588 695 vero
2614 638 2783 696 etiam
2802 680 2819 709 ,
2850 655 2978 696 cum
3017 641 3274 698 vacabat.
3301 641 3442 698 Cum
3464 655 3598 698 vero

2011 731 2309 788 accedebat
2338 731 2541 803 aliquis
2562 771 2578 799 ,
2609 742 2664 788 et
2688 732 2890 789 ostium
2924 733 3210 806 pulsabat.
3253 748 3376 791 eam
3402 733 3460 789 in
3491 732 3598 788 ali-

2009 837 2122 892 quo
2163 822 2288 878 loco
2321 823 2721 880 abscondebat.
2758 821 2912 880 Hanc
2934 825 3295 895 conspicatus
3328 824 3557 896 quidam
3578 865 3596 890 ,

2010 915 2146 970 mihi
2198 930 2422 987 quoque
2469 916 2773 985 indicavit;
2822 925 2880 971 et
2912 932 3037 972 cum
3071 917 3364 988 explorare
3401 916 3598 972 vellem

2010 1005 2204 1077 quanti
2260 1015 2408 1063 esset
2464 1007 2762 1077 ponderis,
2828 1008 3102 1066 ambabus
3163 1023 3287 1064 eam
3337 1006 3598 1063 manibus
3676 1035 3681 1043 ι

2007 1110 2154 1164 aegre
2202 1096 2423 1152 sustuli.
2464 1095 2626 1163 Quod
2658 1097 2748 1153 ille
2792 1096 3279 1163 animadverteris,
3313 1096 3598 1154 dimittere

2004 1187 2196 1258 jussit.
2230 1188 2347 1260 Ego
2381 1198 2576 1244 contra
2612 1186 2843 1245 orabam
2891 1199 2949 1245 ut
2998 1189 3221 1246 auferre
3258 1190 3504 1257 sineret,
3534 1198 3596 1244 ut

2006 1280 2218 1337 laboris
2256 1283 2610 1337 occasionem
2652 1283 2952 1355 eriperem.
2986 1281 3096 1339 Sed
3131 1298 3260 1338 cum
3290 1284 3447 1338 illum
3474 1297 3597 1339 mo-

2008 1371 2144 1428 leste
2188 1372 2245 1427 id
2300 1372 2449 1428 ferre
2492 1371 2782 1440 viderem,
2817 1374 2966 1431 cessi
3013 1374 3263 1431 victoriae
3294 1373 3594 1430 desiderio.

2004 1460 2083 1517 Ex
2130 1462 2220 1519 his
2269 1462 2351 1517 illi
2393 1463 2682 1520 laboribus
2722 1462 2965 1520 effloruit
3006 1464 3276 1521 divinitus
3327 1477 3593 1520 concessa

2004 1552 2222 1624 gratia,
2275 1554 2562 1626 multaque
2612 1554 2736 1625 ejus
2789 1556 3052 1627 precibus
3111 1555 3253 1611 ﬁunt
3304 1556 3593 1612 miracula.

2005 1643 2223 1700 Etenim
2253 1659 2382 1701 cum
2422 1648 2606 1719 gravis
2642 1648 2741 1703 illa
2773 1648 3042 1714 siccitas,
3073 1664 3199 1719 quae
3226 1648 3482 1705 homines
3508 1648 3596 1704 af-

2003 1732 2231 1808 ﬂigebat
2252 1778 2270 1806 ,
2303 1739 2371 1794 ad
2411 1753 2609 1810 preces
2638 1741 2915 1806 incitaret,
2945 1739 3102 1796 venit
3143 1740 3209 1794 ad
3242 1754 3370 1795 eum
3392 1750 3596 1810 magna

2002 1829 2171 1885 turba
2230 1832 2581 1887 sacerdotum
2621 1850 2636 1887 :
2671 1846 2799 1887 cum
2855 1830 3070 1904 quibus
3105 1841 3159 1889 et
3205 1833 3430 1904 quidam
3475 1844 3597 1888 erat

309 1920 542 1988 τιοχέων
567 1937 651 1983 τις
676 1919 883 1991 χώρας,
912 1922 1107 1993 κώμας
1154 1924 1359 1989 πολλὰς
1399 1927 1707 1997 ποιμαίνειν
1742 1945 1901 1983 rara-

2008 1918 2373 1979 Antiochena:
2403 1924 2651 1993 regionis
2671 1964 2684 1985 ,
2716 1924 2811 1995 qui
2852 1926 3059 1982 multos
3097 1925 3254 1982 vicos
3280 1932 3480 1997 pastor
3506 1939 3596 1979 re-

310 2012 536 2081 γμένος.
565 2004 734 2076 uino;
757 2012 866 2066 τῶν
905 2013 1190 2086 παρόντων
1229 2017 1358 2081 τοὺς
1400 2018 1753 2091 γεραιτέρους
1790 2020 1904 2074 ίκέ-

310 2119 457 2167 reos,
501 2106 684 2158 πεῖσαι
709 2106 800 2159 τὸν
840 2105 1042 2178 ἄνδρα,
1075 2105 1317 2180 ληκυθίῳ
1354 2110 1461 2163 τινὶ
1508 2110 1773 2165 ἐπιθεῖναι
1805 2112 1904 2185 τὴν

307 2191 514 2257 δεξιάν.
549 2193 670 2248 Τῶν
716 2195 775 2249 δὲ
829 2198 1131 2268 είρηκότων
1180 2200 1255 2263 ὼς
1283 2200 1384 2253 οὑκ
1429 2201 1701 2269 ἀνέξεται,
1737 2205 1904 2276 εὐχῆς

312 2286 456 2359 μετὰ
482 2284 658 2339 ταῦτα
678 2288 990 2359 γινομένης,
1021 2291 1116 2343 καὶ
1141 2291 1241 2361 τῆς
1280 2290 1577 2357 θεσπεσίας
1608 2312 1699 2366 μοι
1729 2312 1903 2364 κεφα-

307 2376 410 2447 λῆς
440 2379 906 2451 προσευχομένης,
937 2381 1161 2436 ὄπισθεν
1184 2384 1392 2447 ἐκεῖνος
1415 2382 1589 2449 ἑστὼς
1612 2385 1900 2457 προύτεινε

307 2474 432 2532 ταῖς
459 2470 553 2523 δύο
582 2473 740 2543 χερσὶ
763 2472 825 2525 τὺ
854 2472 1135 2544 ληκύθιον.
1177 2474 1251 2529 Τὸ
1279 2475 1335 2529 δὲ
1357 2474 1671 2543 ἀνέϐλυσεν,
1709 2479 1786 2544 ὼς
1809 2481 1902 2535 δύο

307 2563 405 2616 καὶ
457 2565 604 2634 τρεῖς
644 2563 756 2617 τῶν
804 2566 1088 2637 παρόντων
1127 2566 1365 2622 ἐκτεῖναι
1411 2568 1511 2633 τάς
1556 2572 1765 2641 χεῖρας,
1802 2574 1899 2628 καὶ

307 2655 749 2725 πεπληρωμένας
775 2656 979 2721 ταύτας
1017 2657 1112 2711 τοῦ
1137 2659 1318 2712 ὲλαίου
1344 2659 1547 2715 λαϐεῖν.
1582 2661 1721 2714 Ἀλλ’
1747 2664 1900 2734 ὅμως

306 2750 404 2801 καὶ
432 2747 532 2816 τῆς
552 2748 703 2812 θείας
744 2748 969 2820 χάριτος
1000 2751 1160 2818 ἀφεὶς
1189 2752 1287 2814 τὰς
1311 2751 1561 2818 ἀκτῖνας,
1589 2753 1683 2807 καὶ
1705 2772 1901 2809 παντο-

306 2838 499 2903 δαποῖς
538 2838 929 2910 κατορθώμασι
954 2838 1177 2911 βρίθων,
1208 2842 1306 2895 καὶ
1333 2843 1604 2916 ὁσημέραι
1625 2844 1899 2916 συλλέγων

304 2929 410 2999 τῆς
443 2930 884 3002 φιλοσοφίας-τὸν
907 2931 1157 2999 πλοῦτον,
1185 2933 1359 2998 οὑτως
1397 2936 1515 2990 ἐστὶ
1553 2935 1615 2990 τὸ
1643 2938 1900 3010 φρόνημα

308 3020 556 3092 μέτριος,
610 3022 687 3085 ὡς
727 3021 962 3076 ἑκάστου
1005 3024 1114 3078 τῶν
1150 3023 1225 3089 ώς
1278 3025 1444 3080 αὑτὸν
1483 3027 1899 3100 ἀφικνουμένων

306 3112 479 3184 ἄμφω
507 3113 586 3167 τὼ
613 3114 741 3167 πόδε
781 3116 1275 3187 περιπτύσσεσθαι,
1305 3119 1398 3173 καὶ
1422 3117 1485 3173 τὸ
1514 3121 1765 3192 μέτωπον
1785 3124 1899 3176 ὲπι-

304 3206 516 3260 τιθέναι
552 3209 618 3279 τῇ
652 3209 749 3279 γῇ,
796 3209 907 3262 εῖτε
965 3210 1330 3282 στρατιώτης,
1375 3212 1487 3264 εἴτε
1525 3213 1895 3286 χειροτέχνης,

305 3297 421 3350 εἴτε
443 3296 703 3368 ἄγροικος
740 3298 847 3370 εἴη.
886 3298 1229 3369 Διηγήσομαι
1263 3298 1323 3352 δέ
1350 3317 1424 3363 τι,
1462 3300 1558 3354 καὶ
1599 3301 1699 3374 τὴν
1731 3301 1900 3356 ἁπλό-

304 3406 447 3457 τητα
473 3389 571 3443 καὶ
599 3389 699 3460 τὴν
741 3390 1072 3461 μετριότητα
1118 3389 1283 3444 αὑτοῦ
1321 3390 1531 3459 διδάξαι
1572 3391 1895 3464 δυνάμενον.

320 3481 488 3552 Ἀνήρ
508 3498 595 3545 τις
622 3481 931 3545 σπουδαῖος,
955 3479 1108 3533 τοῦδε
1132 3479 1227 3533 τοῦ
1252 3478 1440 3545 ἔθνους
1472 3479 1571 3553 τὴν
1596 3481 1899 3553 ἠγεμονίαν

304 3568 509 3644 λαχὼν,
541 3571 637 3625 καὶ
666 3570 766 3642 τὴν
800 3571 985 3642 Κῦρον
1014 3570 1360 3637 καταλαὸὼν,
1390 3572 1489 3626 σὺν
1518 3573 1644 3642 ἐμοὶ
1667 3572 1770 3643 τῆς
1788 3573 1898 3628 τῶν

308 3663 567 3734 μεγάλων
596 3662 801 3717 τούτων
830 3662 1077 3733 ἀθλητῶν
1102 3660 1407 3715 ἀπολαῦσαι
1438 3660 1676 3733 θεωρίας
1697 3663 1898 3734 ἠθέλη-

307 3771 392 3808 σε.
433 3754 571 3817 Τοὺς
597 3752 791 3816 ἄλλους
825 3752 1005 3805 τοίνυν
1038 3752 1549 3821 περινοστήσαντες,
1583 3750 1896 3821 ἀφικόμεθα

305 3849 404 3900 καὶ
436 3846 591 3915 παρὰ
638 3844 847 3909 τοῦτον,
894 3838 954 3897 οὗ
989 3843 1085 3896 νῦν
1124 3844 1224 3912 τὴν
1277 3842 1477 3913 ἀρετὴν
1506 3843 1893 3913 ἁφηγούμεθα.

322 3939 488 4011 Ἑμοῦ
517 3939 698 3993 τοίνυν
720 3939 1022 4010 εἰρηκότος,
1055 3938 1130 3999 ὡς
1151 3936 1375 4007 ἡγεμών
1405 3938 1553 3989 ἐστιν
1586 3936 1614 3987 6
1649 3939 1746 3991 σὺν
1774 3939 1898 4006 ἐμοὶ

308 4031 778 4100 παραγενόμενος,
810 4030 905 4082 καὶ
932 4028 1026 4081 τοῦ
1054 4028 1266 4083 δικαίου
1290 4028 1636 4099 φροντιστὴς,
1663 4029 1759 4083 καὶ
1783 4027 1895 4083 τῶν

306 4121 552 4178 εὐσεϐῶν
587 4122 841 4192 ἐραστὴς,
863 4120 1025 4183 εὐθὺς
1049 4121 1077 4171 ὁ
1105 4118 1391 4182 θεσπέσιος
1417 4118 1702 4189 ἄνθρωπος
1727 4120 1896 4191 ἄμφω

306 4215 385 4270 τὼ
418 4218 569 4287 χεῖρε
607 4213 915 4286 προτείνας,
950 4206 1041 4265 καὶ
1071 4213 1276 4281 ἀμφοῖν
1306 4211 1421 4263 τοῖν
1453 4211 1634 4265 ποδοῖν
1663 4211 1896 4283 λαόόμε-

306 4326 428 4373 νος,
464 4326 484 4359 ι
522 4305 750 4376 Αίτησίν
770 4322 910 4365 τινα,
941 4302 1068 4373 ἔφη,
1101 4302 1536 4371 ἐπαγγείλασθαί
1566 4320 1650 4357 σοι
1676 4304 1834 4360 θέλω.
1869 4322 1889 4357 ι

306 4397 416 4451 Τοῦ
438 4395 497 4449 δὲ
522 4395 643 4449 λίαν
674 4393 1122 4465 δυσχεράναντος,
1151 4393 1245 4446 καὶ
1266 4391 1585 4447 ἀνίστασθαι
1620 4393 1893 4449 ἱκετεύον-

306 4507 421 4551 τος,
454 4489 546 4542 καὶ
580 4489 828 4557 ποιήσειν
853 4486 881 4539 ὃ
914 4503 965 4538 τι
996 4484 1062 4537 ἂν
1095 4483 1408 4538 κελεύσειεν
1461 4484 1893 4556 ὑπισχνουμένου

308 4578 564 4653 (ὲτόπαζε
587 4577 697 4648 γὰρ
714 4576 875 4630 αὑτὸν
899 4574 1027 4645 περί
1056 4591 1195 4637 τινος
1218 4573 1327 4627 τῶν
1357 4574 1617 4645 ὑπηκόων
1641 4580 1896 4647 παρακα-
1927 4605 1973 4661 D

306 4668 468 4735 λεῖν),
499 4667 602 4739 ἔφη
635 4671 664 4721 ό
701 4666 985 4730 θεσπέσιος
1019 4666 1325 4736 ἄνθρωπος·
1368 4683 1386 4717 ι
1425 4666 1634 4720 Οὐκοῦν
1673 4668 1892 4739 ἐπειδὴ⁴

310 4778 417 4832 περ
457 4762 717 4830 ὑπέσχου,
755 4759 850 4812 καὶ
878 4760 1027 4828 ὅρκῳ
1055 4756 1155 4826 τὴν
1201 4756 1496 4826 ὑπόσχεσιν
1530 4757 1891 4821 ὲὸεϐαίωσας,

311 4853 614 4916 σπουδαίως
648 4850 747 4913 τὰς
780 4849 921 4921 ὑπὲρ
945 4847 1079 4919 ὲμοῦ
1103 4846 1181 4918 τῷ
1209 4848 1329 4919 Θεῷ
1350 4848 1686 4920 προσένεγκε
1723 4865 1894 4921 προσ-

309 4946 498 5015 ευχάς.
534 4962 554 4995 ι
601 4942 663 4996 ⁸0
687 4942 743 4996 δὲ
771 4941 839 4995 τά
874 4941 1101 5011 μέτωπα
1131 4938 1353 4992 τύπτων
1383 4939 1593 4993 ἱκέτευε
1619 4938 1781 4994 λῦσαι
1802 4941 1896 4995 τὸν

307 5036 494 5106 ὅρκον,
537 5035 613 5098 ὡς
646 5034 746 5087 οὑκ
777 5030 1073 5103 ἀξιόχρεως
1124 5029 1201 5083 ὣν
1238 5029 1361 5084 οὑδὲ
1404 5031 1506 5093 τὰς
1554 5030 1697 5102 ὑπὲρ
1727 5033 1895 5086 αὑτοῦ

311 5126 551 5190 ἱκετείας
603 5125 682 5197 τῷ
733 5124 980 5195 Δεσπότῃ
1032 5122 1386 5195 προσφέρειν.
1440 5122 1546 5176 Τὸν
1573 5124 1631 5177 ὲν
1657 5124 1897 5196 τοσούτῳ

312 5219 495 5272 τοίνυν
524 5215 841 5285 φιλοσοφίας
871 5214 997 5285 ὑψει
1022 5212 1292 5283 τοσαύτην
1327 5213 1519 5282 ἔχοντα
1564 5212 1660 5268 τοῦ
1695 5216 1900 5285 φρονή-

314 5329 482 5382 ματος
523 5309 874 5380 μετριότητα,
915 5310 1067 5371 ποῖος
1107 5305 1173 5359 ἂν
1216 5306 1375 5375 λόγος
1411 5307 1732 5376 εὑφημῆσαι
1760 5307 1899 5378 πρὸς

309 5404 468 5470 ἀξίαν
499 5401 788 5473 ἀρκέσειε;
816 5400 1024 5454 Τούτου
1052 5399 1151 5469 τὴν
1188 5398 1505 5468 φιλοπονίαν
1543 5398 1664 5451 οὑδὲ
1702 5415 1900 5451 παντο-

309 5493 459 5549 δαπὰ
494 5493 874 5565 προσπεσόντα
926 5491 1174 5562 διήλεγξε
1230 5489 1400 5560 πάθη,
1441 5490 1557 5543 ἀλλ’
1596 5490 1702 5543 ὑπὸ
1740 5489 1896 5542 νόσου

311 5587 563 5656 ποικίλης
583 5582 1060 5654 πολιορκούμενος,
1084 5582 1192 5636 τῶν
1216 5583 1394 5636 αὐτῶν
1416 5581 1595 5636 πόνων
1622 5584 1894 5654 ἀνέχεται.

314 5679 537 5741 Πολλοῖς
559 5671 616 5731 δὲ
639 5676 896 5740 πολλάκις
921 5676 1255 5746 χρησάμενοι
1279 5676 1483 5743 λόγοις,
1509 5677 1667 5746 μόγις
1689 5675 1899 5729 τουτονὶ

311 5771 405 5824 ’.ὃν
433 5770 678 5823 οἰκίσκον
717 5766 1210 5840 ᾠκοδομησάμεθα,
1240 5767 1444 5830 θάλπος
1464 5768 1644 5837 ὀλίγον
1681 5767 1759 5838 τῷ
1794 5767 1901 5821 σώ-

318 5879 448 5934 ματι
492 5863 726 5932 πάμπαν
763 5860 1158 5933 κατεψυγμένη)
1208 5861 1678 5932 μηχανησάμενοι.
1710 5859 1897 5931 Τούτῳ

2007 2013 2196 2085 gebat.
2234 2013 2337 2070 Hic
2368 2017 2672 2072 astantium
2708 2019 2960 2074 seniores
3001 2020 3267 2091 rogabat,
3293 2019 3440 2098 _viro
3466 2028 3596 2090 per-

2008 2106 2330 2173 suaderent,
2364 2115 2426 2161 ut
2455 2108 2674 2163 cuidam
2704 2110 2926 2182 lecytho
2967 2111 3219 2167 dextram
3261 2111 3591 2183 imponeret.

2007 2195 2163 2265 Quod
2194 2198 2353 2253 illum
2390 2199 2626 2255 minime
2654 2201 2930 2260 facturum
2959 2219 3082 2259 cum
3109 2204 3414 2269 dixissent,
3456 2202 3592 2259 dum

2007 2304 2205 2360 preces
2239 2291 2485 2361 posthaec
2515 2292 2729 2357 fierent,
2762 2304 2818 2350 et
2846 2296 3224 2351 venerandum
3265 2295 3400 2350 mihi
3423 2304 3593 2366 caput

2011 2380 2226 2453 1262
2258 2392 2478 2446 oraret,
2509 2383 2629 2454 ipse
2669 2395 2819 2441 retro
2852 2397 3010 2443 stans
3045 2388 3326 2460 lecytbum
3357 2400 3595 2460 utraque

2006 2485 2177 2525 manu
2225 2474 2525 2543 porrexit:
2578 2475 2674 2543 qni
2726 2475 2804 2530 ita
2857 2483 3077 2533 scatere
3119 2479 3324 2548 coepit,
3370 2488 3432 2535 ut
3481 2481 3595 2537 duo

2004 2568 2191 2618 tresve
2226 2578 2297 2618 ex
2344 2565 2414 2620 iis
2462 2565 2556 2635 qui
2601 2566 2832 2621 aderant
2875 2583 3077 2624 manus
3104 2569 3503 2639 extenderent,
3538 2580 3596 2628 et

2005 2650 2130 2704 oleo
2162 2651 2358 2720 plenas
2402 2653 2696 2710 referrent.
2730 2656 2987 2712 Attamen
3021 2657 3151 2713 licet
3172 2661 3371 2730 gratim
3398 2660 3596 2718 fundat

2003 2740 2224 2805 radios,
2270 2751 2326 2799 et
2370 2745 2597 2804 eximiis
2646 2748 2896 2802 omnium
2954 2763 3219 2818 generum
3276 2753 3597 2813 actionibus

2001 2831 2243 2901 polleat,
2274 2835 2600 2905 etquotidie
2623 2851 2767 2907 opus
2796 2849 2994 2910 augeat
3015 2832 3407 2912 philosOpbiaz,
3438 2849 3593 2901 tanta

2001 2930 2088 2979 est
2168 2925 2338 2980 animi
2411 2928 2714 2998 modestia,
2786 2936 2847 2984 ut
2929 2932 3272 3003 singulorum
3346 2935 3440 3006 qui
3521 2936 3591 2991 ad

2000 3030 2130 3070 eum
2161 3019 2390 3073 veniunt
2421 3021 2589 3090 pedes
2622 3022 3024 3092 amplectatur,
3065 3031 3122 3078 et
3157 3032 3317 3080 terra:
3350 3024 3609 3084 frontem

2000 3103 2284 3176 imponat,
2323 3123 2420 3164 seu
2448 3110 2637 3176 miles,
2667 3126 2766 3167 seu
2798 3111 2983 3182 opifex
3014 3113 3061 3167 is
3101 3114 3266 3169 fuerit
3286 3154 3304 3175 ,
3337 3128 3587 3172 seueruso

2002 3198 2169 3253 licus.
2216 3199 2348 3253 Rem
2398 3204 2880 3270 commemorabo,
2930 3220 3055 3274 qua;
3082 3214 3136 3260 et
3181 3205 3590 3277 simplicitatem

2002 3288 2126 3359 ejus
2164 3297 2223 3345 et
2276 3291 2605 3348 modestiam
2663 3284 2845 3365 possit
2908 3296 3228 3351 ostendere.
3249 3293 3346 3350 Vir
3365 3296 3599 3367 quidam

2004 3382 2236 3453 probus,
2277 3384 2454 3454 gentis
2499 3384 2666 3455 hujus
2697 3386 3087 3456 praefecturam
3120 3388 3354 3445 sortitus
3381 3428 3398 3453 ,
3427 3390 3446 3412 '
3485 3387 3593 3460 Cy.-

2002 3486 2127 3527 rum
2177 3488 2305 3528 cum
2354 3476 2639 3543 venisset,
2691 3491 3023 3549 magnorum
3077 3479 3313 3535 istorum
3362 3478 3595 3535 athleta-

2002 3578 2126 3617 rum
2167 3574 2473 3635 conspectu
2509 3567 2617 3621 frui
2658 3580 2873 3622 mecum
2903 3568 3100 3623 voluit.
3131 3569 3273 3624 Aliis
3311 3584 3442 3624 vero
3469 3585 3593 3640 per-

2000 3654 2260 3710 lustratis
2282 3695 2297 3719 ,
2334 3656 2400 3711 ad
2428 3657 2577 3712 hunc
2610 3658 2777 3713 etiam
2817 3658 3208 3728 pervenimus,
3237 3658 3402 3729 cujus
3442 3672 3593 3715 nunc

2002 3745 2073 3801 de
2117 3747 2323 3802 virtute
2366 3761 2551 3802 sermo
2584 3747 2748 3803 nobis
2784 3756 2888 3803 est.
2921 3747 3025 3804 Cui
3063 3763 3189 3803 cum
3220 3748 3420 3803 ducem
3462 3764 3596 3806 esse

2003 3838 2269 3895 dixissem
2306 3839 2402 3909 qui
2426 3854 2638 3894 mecum
2684 3847 2945 3902 venerat.
2972 3839 3115 3910 aequi
3139 3837 3453 3894 studiosum
3479 3877 3495 3902 ,
3531 3850 3604 3896 σι’

2003 3939 2278 3984 amantem
2315 3929 2561 3999 piorum,
2592 3930 2776 3985 Statim
2807 3930 2973 3984 homo
3001 3928 3224 3985 divinus
3257 3927 3451 3984 ambas
3474 3943 3591 3983 ma-

2001 4037 2111 4077 nus
2162 4021 2432 4086 tendens,
2494 4028 2549 4076 et
2600 4020 2792 4091 pedem
2841 4028 3141 4092 utrumque
3197 4019 3603 4091 prehendens,

2006 4131 2029 4165 ι
2080 4112 2257 4176 Volo,
2305 4112 2520 4183 inquit,
2568 4127 2598 4166 a
2638 4119 2692 4167 te
2725 4113 3011 4183 quidpiam
3063 4113 3368 4183 postulare.
3417 4130 3453 4164 ιη
3490 4112 3590 4169 Illo

2003 4215 2187 4261 autem
2234 4219 2381 4274 aegre
2438 4204 2737 4261 admodum
2801 4203 3060 4270 ferente,
3117 4211 3175 4259 et
3225 4214 3283 4259 ut
3334 4212 3588 4274 surgeret

2004 4305 2229 4359 orante,
2266 4297 2655 4367 facturamque
2690 4311 2751 4351 se
2789 4295 2938 4367 quod
2977 4296 3197 4366 juberet
3232 4296 3589 4367 promittente

2002 4389 2266 4461 (putabat
2297 4388 2442 4442 enim
2475 4386 2633 4441 illum
2666 4400 2770 4457 pro
2810 4385 3000 4456 aliquo
3032 4400 3103 4442 ex
3131 4383 3374 4441 subditis
3414 4385 3590 4440 inter-

2003 4481 2263 4549 cedere),
2310 4499 2331 4531 ο
2378 4479 2651 4546 Quoniam
2683 4493 2861 4549 ergo.,
2909 4478 2986 4534 ait
3023 4478 3110 4533 vir
3150 4476 3410 4543 divinus,
3455 4492 3589 4548 pro-

2003 4572 2204 4628 misisti
2233 4610 2248 4632 .
2303 4580 2359 4627 et
2416 4570 2845 4641 promissionem
2893 4567 3255 4639 jurejurando
3290 4567 3587 4624 conﬁrma-

2006 4667 2121 4727 sti,
2167 4665 2282 4720 acri
2325 4664 2511 4718 studio
2555 4677 2657 4732 pro
2693 4678 2782 4717 me
2814 4660 2926 4717 Deo
2958 4676 3151 4731 preces
3184 4660 3343 4717 oli‘er.
3391 4680 3411 4714 ι
3447 4658 3585 4716 Tum

2002 4757 2099 4812 ille
2141 4757 2377 4812 frontem
2418 4754 2625 4810 feriens
2672 4754 3002 4809 obsecrabat
3054 4763 3116 4807 ut
3163 4752 3481 4822 iuramento
3528 4769 3589 4809 se

2005 4851 2353 4914 absolveret,
2388 4858 2447 4902 ut
2496 4847 2590 4917 qui
2617 4861 2719 4901 nec
2752 4861 2853 4915 pro
2898 4847 3085 4916 seipso
3111 4846 3312 4916 dignas
3353 4843 3586 4900 Domino

2004 4957 2198 5012 preces
2242 4941 2440 4996 offerre
2480 4940 2679 5009 possit.
2723 4937 2862 4993 Eum
2897 4937 3069 5008 igitur
3099 4938 3193 5008 qui
3241 4938 3298 4992 in
3331 4945 3442 4991 tam
3489 4952 3586 4994 su-

2006 5034 2158 5088 blimi
2189 5032 2543 5104 philosophia
2576 5038 2784 5085 tantam
2818 5030 2991 5084 animi
3033 5028 3466 5085 moderationem
3499 5042 3588 5085 re-

2004 5131 2198 5191 tineat,
2223 5125 2437 5197 1263
2457 5138 2708 5194 quaenam
2737 5138 2838 5194 pro
2864 5122 3133 5194 dignitate
3156 5120 3384 5177 laudare
3410 5121 3587 5192 possit

2003 5214 2217 5271 oratio?
2271 5211 2581 5269 Laborandi
2639 5211 2885 5266 studium
2921 5213 2976 5266 in
3008 5225 3077 5266 eo
3101 5219 3312 5265 tantum
3347 5217 3433 5266 est
3459 5250 3475 5274 ,
3522 5219 3581 5266 ut

2006 5309 2171 5363 nullis
2204 5304 2629 5376 aegritudinibus
2658 5302 2993 5374 infringatur
3028 5320 3044 5357 :
3073 5301 3168 5358 sed
3206 5301 3445 5358 diversis
3483 5302 3585 5358 ob-

2005 5413 2195 5455 sessus
2244 5396 2459 5452 morbis
2528 5394 2755 5451 eosdem
2814 5394 3034 5450 labores
3084 5392 3360 5451 sustinet..
3400 5391 3588 5450 Multis

2002 5501 2186 5550 autem
2222 5490 2375 5545 illum
2435 5503 2583 5559 saepe
2616 5486 2804 5543 verbis
2840 5494 3093 5548 orantes,
3153 5498 3297 5553 aegre
3345 5482 3589 5539 obtinui.

2004 5600 2129 5641 mus
2160 5593 2222 5639 ut
2256 5584 2402 5638 hanc
2438 5582 2514 5637 illi
2553 5578 2948 5636 domunculam
2978 5583 3397 5634 exstrueremus
3417 5590 3590 5644 μασι·-

2004 5678 2121 5748 pori
2162 5677 2327 5746 plane
2373 5673 2576 5745 rigenti
2623 5672 2861 5728 calorem
2893 5669 3153 5739 exiguum
3198 5674 3581 5737 procurantes.

2003 5770 2145 5825 Huic
2174 5782 2371 5822 aurum
2403 5780 2553 5837 sarpe
2575 5763 2731 5818 multi
2762 5761 2847 5816 vel
2877 5759 3209 5830 superstites
3231 5757 3580 5821 obtulerunt,

2004 5863 2087 5920 vel
2124 5860 2425 5916 morientes
2465 5857 2834 5927 reliquerunt.
2870 5851 2991 5923 Ipse
3020 5864 3151 5906 vero
3204 5847 3342 5903 nihil
3371 5862 3402 5903 a
3447 5862 3591 5919 quo—

3673 1225 3709 1249 ρ

3672 1264 3706 1281 ’,Α
