4074 6436
569 385 706 455 1483

1571 390 2058 453 THEODORETI
2088 394 2427 456 EPISCOPI
2458 397 2827 460 CYRENSIS

3678 419 3803 488 1464

560 518 726 574 quam
758 503 968 574 accepit
1006 516 1282 573 unquam,
1316 501 1410 556 sed
1453 515 1644 555 eorum
1687 518 1809 572 qua:
1841 504 2123 558 adurebant.

2248 506 2431 560 πολλοὶ
2459 509 2557 578 μὲν
2580 510 2840 574 πολλάκις
2867 512 3089 581 χρυσίον
3116 516 3396 584 περιόντες
3426 527 3804 596 προσήνεγκαν,

556 605 650 651 tur
680 595 1092 666 dispensatores
1124 598 1274 664 ipsos
1302 608 1426 649 esse
1446 592 1637 664 jussit.
1675 593 1966 650 Pelliceam
1997 613 2138 666 quo-

558 702 666 757 que
697 696 905 744 vestem
937 687 1004 761 ab
1032 687 1219 757 aliquo
1244 684 1349 741 sibi
1380 685 1599 740 allatam
1635 701 1868 758 magnus
1897 687 2139 745 Jacobus

558 779 626 837 ad
661 794 786 836 eum
812 780 961 836 misit
986 796 999 830 :
1037 780 1132 835 sed
1160 780 1302 834 hanc
1324 777 1640 835 densiorem
1664 788 1720 834 et
1744 780 2137 851 elegantiorem

553 886 679 928 esse
706 872 901 927 videns
932 886 1056 926 mox
1098 870 1335 926 remisit.
1373 867 1590 925 Vilibus
1620 870 1769 924 enim
1801 868 2135 940 minimique

553 960 715 1030 pretii
765 960 1104 1016 indumentis
1147 974 1364 1029 semper
1411 974 1549 1015 usus
1595 969 1700 1015 est.
1747 958 2135 1031 Paupertatem

553 1059 741 1108 autem
790 1053 1007 1123 magnis
1050 1052 1251 1122 opibus
1289 1052 1369 1107 sic
1413 1051 1799 1107 amabiliorem
1842 1053 2028 1117 ducit,
2079 1062 2138 1107 ut

551 1158 655 1199 nec
693 1144 1019 1200 alimentum
1068 1144 1447 1200 necessarium
1494 1158 1714 1214 semper
1746 1144 1965 1201 habeat.
2009 1143 2137 1201 Scio

546 1238 717 1303 enim,
744 1252 873 1294 cum
906 1253 1050 1309 saepe
1081 1239 1148 1293 ad
1185 1238 1337 1294 illum
1367 1237 1709 1309 postulanda:
1738 1238 2138 1295 benedictionis

497 1323 505 1401 ξ
544 1329 727 1401 gratia
752 1330 1037 1397 venirem,
1066 1330 1221 1386 aliud
1247 1330 1386 1386 nihil
1416 1341 1618 1400 praeter
1644 1331 1859 1386 caricas
1880 1331 2021 1387 duas
2053 1332 2138 1386 in-

545 1421 787 1478 venisse.
831 1420 1011 1494 Hujus
1043 1424 1151 1480 mel
1190 1431 1245 1478 et
1291 1424 1683 1494 spectantibus
1725 1425 1970 1495 optabile
2008 1434 2132 1491 est,

544 1518 599 1564 ct
653 1512 1007 1570 audientibus
1078 1513 1504 1585 perjucundum.
1579 1512 1767 1586 Neque
1851 1514 2132 1571 hominem

542 1606 798 1675 quamvis
827 1606 1242 1663 dicacissimum
1263 1651 1279 1675 ,
1309 1623 1641 1680 quemquam
1667 1610 1824 1674 novi,
1881 1609 1977 1678 qui
2010 1609 2136 1663 huic

542 1698 721 1755 labem
739 1715 984 1771 unquam
1009 1701 1334 1772 imposuerit
1360 1720 1373 1756 :
1403 1699 1497 1756 sed
1520 1715 1648 1756 eum
1672 1701 1902 1756 laudant
1928 1709 1982 1754 et
1999 1715 2131 1770 prte-

540 1789 956 1854 dicantomnes,
974 1801 1029 1847 et
1051 1793 1145 1863 qui
1167 1791 1233 1846 ad
1257 1806 1385 1848 eum
1402 1791 1630 1848 veniunt
1647 1790 1842 1846 nolunt
1860 1788 2136 1846 recedere.

2246 598 2539 653 κατέλιπον
2589 602 2645 654 δὲ
2696 603 2791 656 καὶ
2823 603 3245 675 τελευτήσαντες
3269 626 3281 635 ·
3333 610 3548 678 ἐδέξατο
3579 618 3633 671 δὲ
3666 623 3806 677 οὐδὲν

2246 692 2375 762 παρ’
2401 692 2613 758 οὐδενὸς
2659 694 2781 747 οὐδὲ
2830 695 3049 750 πώποτε
3072 713 3087 728 ο
3116 699 3233 753 ἀλλ’
3266 703 3462 768 αὐτοὺς
3508 709 3806 781 οἰκονόμους

2241 783 2500 850 γενέσθαι
2543 784 2651 838 τῶν
2686 789 3148 860 προσφερομένων
3188 793 3463 850 ἐκέλευσε.
3516 801 3622 853 Καὶ
3662 805 3801 857 σισύ-

2242 894 2345 948 ραν
2366 877 2423 930 δὲ
2447 878 2598 949 αὐτῷ
2627 881 2656 932 ό
2679 879 2855 950 μέγας
2888 882 3142 946 Ἰάκωϐος
3178 883 3282 937 ὑπό
3311 903 3454 951 τινος
3487 889 3632 961 αὑτῷ
3661 910 3805 962 κομιι

2243 969 2463 1023 σθεῖσαν
2506 971 2855 1025 ἀπέστειλενο
2893 974 3032 1029 ἀλλά
3078 977 3173 1031 κα)⁵
3229 978 3433 1051 ταύτην
3481 981 3807 1054 ἀντέπεμψε,

2243 1062 2653 1134 στεγανωτέραν
2687 1065 2857 1135 αὐτὴν
2890 1069 2984 1120 καὶ
3019 1068 3416 1142 εὐεργεστέραν
3464 1071 3606 1126 ίδὼν,
3651 1074 3808 1128 Εὐτε-

2239 1151 2356 1205 λέσι
2384 1152 2494 1224 γὰρ
2518 1154 2637 1207 λίαν
2660 1156 2754 1210 καὶ
2779 1158 2999 1223 εὐώνοις
3024 1161 3260 1231 ἱματίοις
3288 1164 3627 1234 κεχρημένος
3652 1165 3812 1220 διετέ-

2241 1240 2341 1296 λει.
2380 1242 2536 1296 Οὕτω
2564 1244 2621 1297 δὲ
2654 1247 2753 1318 τὴν
2785 1250 2976 1302 πενίαν
3006 1250 3187 1322 πάσης
3214 1254 3630 1325 ἐρασμιωτέραν
3661 1255 3807 1325 βασι-

2240 1333 2387 1398 λείας
2413 1337 2618 1406 ήγείτο,
2647 1339 2722 1403 ὡς
2755 1340 2889 1411 μηδὲ
2919 1342 3017 1414 τὴν
3048 1344 3352 1413 ἀναγκαίαν
3396 1346 3541 1416 ἔχειν
3578 1348 3662 1399 ἁελ⁸
3691 1365 3811 1419 τρο-

2241 1425 2367 1497 φήν.
2411 1421 2545 1481 Οἶδα
2592 1430 2700 1502 γὰρ
2750 1432 3011 1498 πολλάκις
3058 1437 3410 1508 ἀφικόμενος,
3442 1439 3535 1492 καὶ
3571 1439 3810 1508 εὐλογίαν

2241 1515 2492 1586 αἰτήσας,
2524 1522 2619 1573 καὶ
2646 1520 2811 1591 μηδὲν
2843 1522 3030 1594 ἕτερον
3056 1524 3232 1597 εὑρὼν
3266 1527 3298 1599 ἢ
3334 1527 3429 1581 δύο
3474 1529 3641 1597 μόνας
3668 1530 3811 1599 ίσχά-

2239 1606 2353 1671 δας.
2385 1609 2589 1665 Τούτου
2615 1613 2675 1666 τὸ
2717 1615 2859 1684 μέλι,
2892 1619 2986 1670 καὶ
3011 1621 3125 1682 τοῖς
3150 1619 3319 1690 όρῶσι
3354 1621 3700 1694 τριπόθητον,
3725 1622 3808 1677 καὶ

2240 1700 2352 1762 τοῖς
2385 1700 2643 1756 ἀκούουσι
2673 1704 2791 1758 λίαν
2837 1706 3164 1776 ἐπέραστον.
3196 1711 3402 1765 Οὐδένα
3446 1712 3554 1782 γὰρ
3586 1708 3701 1766 οἴδα
3724 1714 3811 1766 ἀν-

2243 1791 2478 1863 θρώπων
2504 1838 2518 1860 ,
2557 1796 2678 1849 οὐδὲ
2728 1798 2836 1853 τῶν
2887 1800 3084 1873 κομιδῇ
3134 1801 3605 1875 φιλοσκωμμόνων
3649 1804 3813 1874 τούτῳ

542 1887 734 1959 μῶμον
773 1887 1152 1943 ἑπιτεθεικότα
1180 1886 1421 1942 πώποτε,
1478 1887 1639 1943 Ἀλλά
1689 1888 1891 1951 πάντες
1934 1885 2119 1956 ᾄδουσι
2151 1887 2245 1939 καὶ
2276 1889 2609 1960 εὐφημοῦσι,
2646 1893 2738 1944 καὶ
2764 1896 2894 1965 παρ’
2915 1894 3079 1949 αὑτὸν
3128 1898 3427 1967 φοιτῶντες
3467 1900 3529 1951 οὐ
3580 1900 3814 1955 θέλουσιν

538 1981 994 2042 ἀπαλλάττεσθαι.

958 2072 1124 2128 XXV.
1149 2106 1217 2114 —
1252 2079 1267 2096 ⁶
1298 2071 1711 2129 ASCLEPIUS-

609 2168 856 2239 Hujusce
881 2166 1099 2222 ordinis
1140 2175 1228 2222 est
1271 2165 1631 2221 admirandus
1677 2178 1898 2235 quoque
1937 2160 2126 2216 Ascle-

536 2259 665 2329 pius
693 2298 710 2325 ,
746 2256 947 2315 stadiis
965 2257 1155 2313 decem
1183 2257 1403 2312 distans
1423 2296 1439 2320 ,
1469 2255 1567 2311 sed
1604 2254 1796 2310 eodem
1821 2256 2011 2309 vivens
2037 2253 2125 2305 in-

538 2356 756 2410 stituto.
798 2350 935 2408 Nam
983 2360 1042 2408 et
1083 2352 1241 2408 cibus
1289 2350 1431 2407 idem
1480 2351 1600 2417 illi,
1645 2361 1701 2405 et
1756 2350 2027 2413 vestitus,
2074 2359 2128 2403 et

536 2462 754 2502 morum
791 2445 1067 2502 modestia
1087 2488 1103 2511 ,
1135 2456 1191 2502 et
1225 2446 1503 2516 hospitum
1531 2459 1700 2510 cura,
1740 2452 1796 2499 et
1828 2458 1983 2498 amor
2016 2441 2127 2498 fra-

534 2548 684 2593 trum
707 2575 723 2602 ,
755 2536 1071 2607 lenitasque
1120 2545 1176 2591 et
1214 2534 1587 2590 mansuetudo
1615 2574 1630 2597 ,
1671 2542 1727 2589 et
1773 2534 2126 2588 conversatio

536 2643 665 2683 cum
710 2627 861 2693 Deo,
904 2636 960 2684 et
1006 2643 1223 2685 smnma
1263 2636 1606 2697 paupertas:
1646 2623 1864 2696 1264
1903 2624 2124 2679 virtutis

535 2729 739 2792 praeter
779 2720 895 2777 haec
925 2720 1207 2776 afﬂuentia
1231 2759 1246 2785 ,
1281 2728 1338 2775 et
1371 2734 1507 2790 opes
1544 2718 1942 2789 philosophiae,
1989 2718 2124 2772 alia-

534 2827 646 2883 que
683 2814 869 2869 omnia
902 2827 1029 2884 quae.
1057 2811 1126 2868 de
1150 2826 1316 2867 sacro
1346 2810 1444 2866 illo
1484 2812 1665 2881 capite
1713 2809 2119 2866 recensuimus.

534 2902 745 2960 Ferunt
789 2912 974 2960 autem
1028 2904 1186 2959 illum
1223 2912 1339 2958 tum
1371 2903 1582 2969 etiam,
1626 2917 1753 2957 cum
1778 2902 1847 2958 de
1892 2916 2121 2956 numero

534 3004 688 3052 esset
719 2998 813 3067 qui
850 2998 905 3052 in
939 2997 1064 3053 vico
1100 2997 1355 3053 habitant
1381 3040 1395 3062 ,
1425 2996 1727 3053 asceticam
1768 3002 1824 3049 et
1871 2994 2124 3048 uindera-

532 3096 648 3143 tam
685 3089 854 3143 vitam
889 3090 1104 3159 egisse,
1140 3090 1465 3159 nullamque
1494 3104 1563 3143 ex
1606 3086 1848 3142 aliorum
1898 3099 2120 3140 consur-

533 3179 615 3234 tio
644 3180 921 3234 maculam
951 3182 1324 3236 contraxisse.
1377 3179 1536 3235 Unde
1582 3179 1679 3249 qui
1731 3186 1968 3248 utraque
2009 3178 2118 3230 vita

531 3277 649 3324 tum
688 3270 835 3324 civili
865 3279 978 3324 tum
1015 3271 1262 3327 solitaria
1300 3272 1591 3337 excelluit,
1631 3270 1880 3340 duplices
1925 3269 2120 3324 merito

532 3374 774 3414 coronas
806 3359 1058 3430 recipiet.
1090 3359 1248 3414 Multi
1292 3374 1459 3430 porro
1488 3367 1545 3414 et
1585 3358 1676 3413 alii
1710 3358 1831 3427 ejus
1859 3357 2117 3411 virtutem

2684 2075 2812 2129 KE'.
2845 2108 2911 2117 -—
2945 2078 3373 2135 ΑΣΚΛΗΠΙΟΣ.

2306 2162 2521 2234 Ταύτης
2547 2165 2663 2216 ἐστὶ
2684 2165 2785 2235 τῆς
2815 2167 3127 2239 συμμορίας
3150 2171 3244 2223 καὶ
3284 2170 3617 2241 Ἀσκληπιὸς
3641 2175 3669 2225 ό
3693 2173 3811 2226 θαυο

2239 2251 2453 2321 μάσιος,
2490 2253 2623 2308 δέκα
2648 2254 2750 2325 μὲν
2783 2256 3031 2321 σταδίους
3064 2258 3422 2330 ἀφεστηκὼς,
3444 2260 3543 2332 τὴν
3576 2262 3737 2333 αὐτὴν
3761 2263 3813 2316 δὲ

2236 2343 2512 2398 πολιτείαν
2551 2345 2862 2416 ἐζηλωκώς.
2891 2348 3000 2401 Καὶ
3029 2349 3206 2419 τροφὴ
3239 2349 3350 2420 γὰρ
3381 2350 3534 2421 αὐτῷ
3578 2352 3609 2420 ή
3658 2352 3808 2422 αὑτὴ,

2229 2434 2323 2487 καὶ
2354 2434 2537 2505 ἐσθὴς,
2568 2436 2661 2489 καὶ
2694 2437 2859 2507 ἦθους
2899 2439 3214 2509 μετριότης,
3245 2441 3343 2493 καὶ
3392 2442 3665 2511 φιλοξενία
3685 2482 3697 2503 ,
3726 2445 3811 2496 καὶ

2228 2528 2573 2598 φιλαδελφία,
2601 2530 2878 2601 ἡμερότης
2912 2548 2971 2584 τε
3014 2532 3108 2585 καὶ
3136 2533 3386 2602 πραότης
3413 2574 3427 2595 ,
3466 2535 3561 2587 καὶ
3605 2535 3637 2605 ή
3684 2534 3807 2605 πρὸς

2222 2618 2315 2671 τὸν
2345 2619 2480 2672 Θεὸν
2506 2620 2710 2691 ὁμιλία,
2744 2623 2889 2693 καὶὴ
2918 2623 3192 2695 ἀκροτάτη
3217 2626 3384 2678 πενία
3406 2644 3418 2657 ·
3454 2626 3591 2697 πρὸς
3612 2626 3808 2687 τούτοις

2230 2712 2325 2763 καὶ
2357 2712 2390 2779 ή
2422 2710 2522 2781 τῆς
2546 2712 2748 2782 ἀρετῆς
2787 2715 3093 2784 περιουσία,
3148 2717 3240 2769 καὶ
3288 2717 3392 2786 τῆς
3436 2716 3746 2786 φιλοσοφίας
3782 2718 3808 2768 ὀ

2230 2801 2480 2866 πλοῦτος,
2515 2802 2606 2855 καὶ
2631 2802 2799 2856 τᾶλλα
2832 2804 3030 2865 πάντα,
3058 2806 3158 2859 ὅσα
3186 2807 3318 2876 περὶ¹
3349 2808 3451 2878 τῆς
3493 2810 3639 2880 ἱερᾶς
3672 2808 3806 2860 ἐκεί-

2228 2911 2325 2964 νης
2354 2893 2707 2966 διεξήλθομεν
2737 2895 3001 2966 κεφαλῆς.
3037 2898 3174 2952 Φασὶ
3207 2899 3263 2952 δὲ
3302 2901 3494 2967 αὐτὸν,
3543 2901 3634 2953 καὶ
3656 2898 3809 2969 ἡνίκα

2226 2989 2339 3049 τοῖς
2390 2987 2490 3057 τὴν
2544 2988 2739 3060 κώμην
2771 2988 3013 3043 οἰκοῦσιν
3064 2989 3315 3059 ἀδελφοῖς
3372 2992 3803 3061 συγκατείλεκτο,

2228 3081 2317 3132 τον
2351 3082 2648 3151 ἀσκητικὸν
2699 3084 2793 3137 καὶ
2838 3084 3065 3153 κόσμιον
3121 3085 3484 3139 ἀσπάσασθαι
3539 3085 3669 3154 βίον,
3720 3084 3807 3136 καὶ

2232 3174 2503 3243 μηδεμίαν
2535 3176 2600 3227 ἐκ
2630 3176 2729 3243 τῆς
2762 3176 2868 3229 τῶν
2893 3176 3104 3230 πολλῶν
3130 3178 3423 3246 ἐπιμιξίας
3456 3178 3635 3248 λώϐην
3662 3174 3806 3229 ὲλκί-

2231 3281 2339 3320 σαι.
2385 3266 2472 3318 Ἑν
2503 3266 2753 3339 ἐκατέρῳ
2776 3266 2956 3321 τοίνυν
2983 3268 3291 3340 διαπρέψας
3316 3270 3444 3341 βίῳ,
3477 3270 3557 3341 τῷ
3579 3287 3635 3322 τε
3671 3266 3805 3320 πολι-

2227 3358 2383 3427 τικῷ,
2411 3359 2504 3410 καὶ
2538 3359 2815 3429 ὲρημικῷ,
2846 3359 3047 3413 διπλῶν
3086 3361 3316 3424 εἰκότως
3351 3364 3447 3415 καὶ
3476 3363 3586 3417 τῶν
3618 3358 3806 3429 στεφα-

531 3451 771 3506 mmulati
805 3459 966 3517 sinit,
1003 3466 1105 3507 nec
1141 3458 1332 3507 nostra
1364 3452 1544 3507 solum
1576 3451 1737 3520 plena
1758 3456 1876 3512 est,
1909 3447 2005 3503 sed
2041 3447 2117 3501 vi-

2230 3464 2332 3498 νων
2381 3446 2766 3519 ἀξιωθήσεται.
2812 3449 3005 3501 Πολλοὶ
3052 3450 3107 3503 δὲ
3163 3452 3258 3505 καὶ
3306 3453 3461 3507 ἄλλοι
3512 3454 3608 3524 τὴν
3630 3451 3805 3505 τούτου

531 3543 671 3598 cina:
710 3543 892 3613 etjam
930 3544 1099 3600 urbes
1151 3551 1208 3598 et
1248 3543 1352 3599 vici
1386 3542 1707 3610 huiusmodi
1746 3540 2113 3613 philosophia.

532 3636 739 3692 "orum
767 3652 913 3694 unus
942 3647 1026 3693 est
1051 3637 1439 3693 divinissimus
1469 3636 1711 3693 Jacobus
1732 3678 1747 3701 ,
1780 3635 2115 3690 domuncula

528 3729 764 3800 quadam
800 3729 1051 3784 reclusus
1085 3744 1254 3799 prope
1284 3730 1506 3792 vicum,
1536 3745 1698 3799 quem
1754 3727 2037 3783 Nimuzam
2072 3727 2117 3758 ³⁸

527 3827 747 3874 vocant.
781 3819 885 3885 Qui
918 3835 1043 3874 cum
1074 3821 1171 3875 lini
1204 3821 1328 3876 vita:
1357 3822 1431 3876 sit
1464 3820 1751 3890 proximus
1771 3859 1787 3883 ,
1818 3833 2116 3872 annorum-

529 3927 639 3982 que
681 3912 923 3983 amplius
965 3914 1302 3985 nonaginta,
1348 3915 1502 3969 solus
1544 3914 1797 3969 inclusus
1845 3922 1962 3975 est,
2018 3927 2118 3981 per

527 4009 822 4073 angustum
855 4002 1106 4059 foramen
1139 4005 1363 4076 oblique
1390 4005 1651 4059 inﬂexum
1685 4020 1950 4075 responsa
1985 4002 2113 4058 red-

526 4096 697 4163 dens,
730 4098 825 4153 sed
854 4097 926 4152 ita
964 4107 1025 4152 ut
1057 4114 1164 4153 non
1192 4099 1463 4161 videatur,
1500 4114 1602 4152 nec
1636 4099 1762 4167 igne
1792 4105 1989 4161 utens,
2013 4110 2116 4149 nec

526 4188 732 4244 lumine
764 4188 959 4246 fruens
1004 4191 1267 4245 lucernae.
1302 4190 1385 4244 ille
1415 4206 1545 4245 vero
1594 4190 1680 4245 bis
1726 4185 1999 4258 patefacta
2024 4185 2114 4255 ja-

530 4292 638 4333 nua
676 4278 887 4348 ingredi
916 4279 1120 4347 jussit,
1160 4281 1306 4335 hunc
1342 4281 1475 4334 mihi
1522 4281 1789 4335 honorem
1821 4278 2109 4341 tribuens,

527 4378 578 4424 et
607 4385 768 4425 suum
811 4385 943 4439 erga
978 4387 1065 4426 me
1109 4387 1355 4428 amorem
1386 4372 1798 4429 demonstrans.
1830 4370 1935 4437 Qui
1979 4383 2114 4439 ergo

528 4459 855 4529 superstites
899 4469 1028 4515 sunt
1054 4462 1305 4518 oratione
1333 4477 1453 4518 mea
1494 4478 1605 4516 non
1642 4468 1825 4531 egent.
1873 4459 2114 4515 Possunt

525 4552 670 4605 enim
696 4592 710 4616 ,
742 4552 789 4606 si
840 4553 1042 4619 velint,
1082 4554 1315 4610 istorum
1354 4555 1718 4625 phil030phiae
1762 4560 2110 4623 spectatores

527 4640 666 4696 ﬁeri.
728 4640 974 4698 Posteris
1019 4653 1228 4711 autem,
1286 4654 1341 4700 et
1388 4647 1661 4701 honorum
1721 4657 1949 4716 aspectu
1995 4664 2108 4702 non

523 4730 881 4810 fruentibus,
953 4735 1020 4788 ad
1091 4735 1382 4791 utilitatem
1456 4736 1561 4790 ista
1644 4736 1927 4793 sufficient
1986 4755 2111 4810 quae

2223 3538 2504 3610 ἐζήλωσαν
2536 3541 2757 3612 ἀρετὴν,
2792 3544 2886 3594 καὶ
2920 3542 3133 3614 πλήρης
3159 3545 3256 3614 οὐχ
3301 3547 3337 3616 ἡ
3379 3546 3626 3617 ἡμετέρα
3661 3543 3803 3615 μόνη,

2221 3632 2477 3686 ἀλλὰκαὶ
2526 3633 2581 3685 αἱ
2641 3634 3048 3700 γειτονεύουσαι
3096 3636 3279 3699 πόλεις
3314 3640 3414 3691 καὶ
3469 3638 3677 3708 κῶμαι,
3716 3635 3805 3702 τῆς

2219 3724 2434 3778 τοιᾶσδε
2477 3724 2817 3793 φιλοσοφίας.
2856 3720 2948 3789 Εἷς
2980 3725 3035 3779 δὲ
3073 3728 3278 3781 τούτων
3316 3730 3439 3781 ἐστὶ
3479 3730 3574 3782 καὶ
3617 3731 3644 3781 ό
3679 3726 3804 3779 θειό-

2218 3836 2382 3881 τατος
2427 3818 2700 3881 Ἰάκωϐος,
2732 3820 2789 3870 ὲν
2820 3818 3049 3889 οἰκίσκῳ
3083 3820 3190 3872 τινὶ
3232 3819 3643 3891 καθειργμένος
3672 3816 3804 3887 ποιρὰ

2221 3909 2383 3980 κώμῃ
2439 3910 2719 3979 Νιμουζᾶν
2750 3912 3063 3983 καλουμένῃ
3088 3929 3099 3942 ·
3133 3912 3191 3976 ὃς
3226 3914 3322 3966 καὶ
3377 3916 3513 3985 παρ’
3569 3912 3699 3966 αὐτὸ
3739 3909 3804 3960 ὢν

2218 4002 2311 4055 τοῦ
2344 4003 2459 4071 βίου
2487 4004 2546 4057 τὸ
2573 4004 2751 4074 τέρμα
2782 4004 2943 4075 (ἐτῶν
2975 4006 3084 4074 γάρ
3135 4008 3250 4057 ἐστι
3300 4007 3577 4060 πλειόνων
3608 4006 3639 4076 ἢ
3668 4005 3805 4056 ἐννε-

2228 4094 2510 4163 νήκοντα),
2543 4094 2702 4165 μόνος
2737 4093 3082 4165 καθεῖρκται,
3115 4095 3202 4148 διά
3240 4112 3391 4159 τινος
3421 4097 3657 4168 βραχέος
3688 4090 3809 4164 ὀρύ-

2219 4201 2427 4253 γματος
2484 4184 2794 4248 ἐλικοειδῶς
2862 4186 3253 4256 ὀρωρυγμένον
3320 4189 3428 4252 τὰς
3495 4186 3810 4259 ἀποκρίσεις

2218 4274 2562 4344 ποιούμενος,
2599 4277 2697 4346 οὐχ
2723 4277 2999 4348 ὁρώμενος
3029 4276 3108 4337 δὲ,
3138 4279 3232 4330 καὶ
3262 4279 3394 4332 οὔτε
3426 4281 3567 4352 πυρὶ
3605 4276 3814 4349 χρώμε-

2217 4384 2327 4431 νος,
2359 4368 2483 4421 οὔτε
2512 4369 2789 4439 λυχνιαίου
2812 4371 2990 4439 φωτὸς
3014 4371 3328 4428 ἀπολαύων.
3366 4374 3507 4445 Ἐμὲ
3536 4374 3595 4427 δὲ
3620 4372 3701 4435 δὶς
3721 4367 3815 4437 τὴν

2217 4459 2388 4531 θύραν
2440 4461 2658 4528 ἀνοίξας
2711 4462 2818 4515 ἔσω
2856 4464 3111 4530 γενέσθαι
3161 4466 3499 4533 προσέταξε,
3534 4465 3711 4536 ταύτῃ
3750 4474 3813 4532 με

2214 4554 2457 4623 τιμήσας
2488 4595 2502 4616 ,
2539 4553 2633 4606 καὶ
2663 4555 2730 4623 ἣν
2758 4553 2871 4625 ἔχει
2921 4558 3051 4626 περὶ
3083 4556 3184 4626 ἐμὲ
3219 4558 3466 4629 στοργήν
3521 4554 3815 4619 ἐπιδείξας.

2217 4644 2280 4696 Οἱ
2328 4644 2425 4714 μὲν
2455 4640 2548 4697 οὗν
2586 4643 2664 4696 ἔτι
2697 4645 2978 4715 περιόντες
3036 4646 3144 4698 τῶν
3198 4650 3326 4716 παρ’
3361 4648 3507 4719 ἐμοῦ
3557 4648 3735 4716 λόγων
3759 4643 3814 4696 οὐ

2213 4737 2446 4791 δέονται.
2485 4738 2752 4793 Δύνανται
2774 4742 2907 4811 γὰρ,
2936 4741 2986 4792 εἱ
3015 4740 3371 4811 ἐθελήσωσιν,
3413 4742 3697 4796 αὐτόπται
3726 4740 3819 4808 τῆς

522 4808 741 4875 illorum
778 4823 1141 4895 philosophiae
1180 4825 1416 4880 formam
1458 4825 1779 4881 ostendunt.
1818 4808 2018 4894 Quare“
2041 4828 2109 4883 de

2230 4831 2420 4885 τούτων
2453 4831 2708 4901 γενέσθαι
2740 4832 3078 4901 φιλοσοφίας.
3113 4834 3237 4898 Τοῖς
3272 4835 3315 4886 δ’
3358 4835 3657 4905 ἐσομένοις
3681 4876 3695 4900 ,
3728 4829 3819 4886 καὶ

524 4913 610 4967 his
642 4911 901 4981 loquendi
955 4914 1117 4971 linem
1166 4917 1257 4972 hic
1309 4915 1539 4982 faciens,
1593 4927 1648 4973 et
1702 4918 2107 4976 benedictionis

521 5007 1027 5063 remunerationem
1052 5025 1362 5080 exposcens
1384 5049 1399 5074 ,
1428 5010 1511 5075 fad
1550 5011 1713 5066 aliam
1744 5013 2113 5067 narrationem

522 5109 611 5148 me
638 5095 945 5155 conferam.

823 5382 1037 5453 1265
1070 5383 1258 5438 XXVI.
1294 5415 1359 5426 -—
1394 5383 1785 5441 SYMEONES.

598 5459 919 5531 Symeonem
961 5473 1262 5539 eximium,
1313 5493 1570 5549 magnum
1619 5477 1773 5533 orbis
1836 5488 2107 5535 terrarum

530 5551 872 5625 miraculum,
905 5575 1108 5620 norunt
1142 5581 1336 5621 onmes
1364 5569 1456 5638 qui
1502 5567 1750 5624 Romano
1784 5581 1977 5640 parent
2002 5572 2109 5627 im-

2214 4927 2313 4995 τῆς
2338 4923 2543 4977 τούτων
2569 4924 2629 4976 οὐ
2658 4923 3133 4994 μεταλαγχάνουσι
3156 4926 3305 4990 θέας,
3332 4927 3509 4998 ἀρκεῖ
3527 4929 3626 4981 καὶ
3655 4927 3820 4980 ταῦτα

2215 5021 2293 5081 εἰς
2326 5018 2620 5087 ὠφέλειαν.
2646 5017 2748 5087 τῆς
2776 5017 2984 5072 τούτων
3016 5018 3336 5088 φιλοσοφίας
3365 5020 3464 5073 τὸν
3493 5018 3818 5092 χαρακτῆρα

2215 5110 2519 5165 δεικνύντα.
2561 5109 2828 5163 Ἐνταῦθα
2851 5110 3031 5164 τοίνυν
3059 5112 3156 5165 καὶ
3175 5112 3264 5166 τὸν
3288 5113 3426 5181 περὶ
3449 5114 3670 5166 τούτων
3692 5126 3820 5179 συμ-

2218 5203 2459 5273 περάνας
2482 5202 2659 5271 λόγον,
2681 5203 2775 5256 καὶ
2803 5207 2902 5275 τῆς
2932 5205 3181 5274 εὐλογίας
3208 5208 3307 5275 τὴν
3343 5206 3631 5261 ἀντίδοσιν
3654 5207 3819 5272 ἐπαγ·

2218 5293 2425 5359 γείλας,
2454 5296 2540 5363 ἐφ’
2573 5293 2760 5364 ἕτερον
2795 5294 3043 5366 διήγημα
3075 5296 3492 5367 μεταϐήσομαι.

2679 5387 2822 5454 KG".
2835 5417 2906 5426 -—
2940 5390 3080 5442 ΣΥΜ
3092 5389 3336 5441 ΕΩΝΗΣ.

2290 5478 2584 5548 Συμεώνην
2613 5478 2704 5531 τὸν
2748 5480 2911 5541 πάνυ,
2952 5481 3014 5533 τὸ
3071 5481 3216 5549 μέγα
3262 5480 3458 5550 θαῦμα
3495 5484 3598 5550 τῆς
3639 5484 3817 5535 οἰκου-
3868 5480 3889 5515 ⁸

2224 5570 2411 5640 μένης,
2458 5572 2604 5623 ἴσασι
2630 5570 2728 5640 μὲν
2767 5569 3005 5634 ἅπαντες
3036 5572 3083 5625 οἱ
3134 5573 3232 5640 τῆς
3278 5572 3588 5640 Ῥωμαίων
3618 5573 3831 5643 inetur:

1812 5730 2046 5791 Varum
2082 5732 2483 5800 LEL’TiONlis.

597 5798 639 5843 ’³⁸
674 5803 858 5874 βαλιαῖς
890 5812 1047 5877 habet
1073 5814 1358 5885 llcmtus,
