4074 6408
285 405 426 469 14ίέ5

1491 399 1896 459 RELIGIOSA
1933 399 2320 459 HISTORIA.

3431 394 3564 461 liﬁli

281 519 403 582 νίας
457 516 712 588 ὑπήκοοι·
763 514 1008 584 ἐγνωσαν
1053 513 1231 568 δὲκαὶ
1271 514 1497 585 Πέρσαι,
1553 516 1646 568 καὶ
1674 515 1867 586 Μῆδοι,

1977 517 2154 586 perio,
2218 520 2425 568 norunt
2476 521 2531 568 et
2575 513 2788 579 'Perste,
2823 522 2876 568 et
2917 513 3056 569 Medi
3089 515 3133 546 ³⁷
3167 525 3220 570 et
3247 513 3560 583 :Ethiopes,

282 610 378 663 καὶ
409 607 684 672 Αἰθίοπες,
723 606 978 676 καὶπρὸς
1015 605 1227 670 Σκύθας
1265 605 1323 658 δὲ
1365 607 1490 668 τοὺς
1537 607 1794 678 Νομάδας
1839 609 1871 676 ἡ

283 702 444 769 φήμη
485 695 880 768 διαδραμοῦσα,
911 696 1010 767 τὴν
1045 693 1198 748 τοῦδε
1243 695 1562 764 φιλοπονίαν
1600 698 1694 750 καὶ
1728 697 1876 766 φιλο-

283 790 482 860 σοφίαν
537 787 798 853 ἐδίδαξεν.
850 788 992 854 Ἐγὼ
1037 788 1094 841 δὲ
1139 787 1232 840 καὶ
1304 788 1513 852 πάντας
1543 827 1559 851 ,
1613 789 1690 852 ὼς
1745 788 1875 852 ἔπος

282 883 488 946 εἰπεῖν,
520 879 844 950 ἀνθρώπους
878 879 1162 952 μάρτυρας
1206 879 1348 950 ἔχων
1379 879 1489 933 τῶν
1539 880 1681 952 ὑπὲρ
1715 879 1874 948 λόγον

282 973 540 1040 ἀγώνων,
602 972 819 1027 δέδοικα
859 973 922 1026 τὸ
967 971 1234 1043 διήγημα,
1293 972 1368 1043 μὴ
1427 974 1540 1034 τοῖς
1593 971 1876 1043 ἐσομένοις

284 1065 461 1136 μῦθος
497 1059 636 1118 εἶναι
680 1063 828 1137 δόξῃ,
875 1065 1108 1134 πάμπαν
1152 1065 1254 1134 τῆς
1298 1064 1558 1133 ἀληθείας
1583 1080 1874 1134 γεγυμνω-

286 1155 474 1225 μένος.
509 1153 850 1226 ’Υψηλότερα
899 1153 1006 1227 γὰρ
1037 1155 1139 1224 τῆς
1192 1154 1538 1226 ἀνθρωπείας
1567 1153 1786 1224 φύσεως
1806 1153 1876 1207 τὰ

283 1248 573 1318 γινόμενα.
599 1245 819 1300 Φιλοῦσι
845 1247 900 1300 δέ
947 1249 996 1300 οἱ
1047 1246 1329 1318 ἄνθρωποι
1357 1248 1424 1318 τῇ
1457 1245 1618 1316 φύσει
1655 1247 1876 1316 μετρεῖν

279 1339 355 1392 τὰ
404 1339 694 1410 λεγόμενα·
738 1340 786 1392 εί
820 1338 878 1394 δέ
926 1355 978 1392 τι
1025 1339 1134 1393 τῶν
1181 1337 1386 1410 ταύτης
1431 1339 1575 1408 ὅρων
1618 1338 1876 1392 ἐπέκεινα

281 1432 520 1501 λέγοιτο,
569 1430 770 1502 ψευδὴς
819 1435 934 1494 τοῖς
988 1431 1096 1484 τῶν
1133 1431 1296 1485 θείων
1343 1433 1612 1503 ἀμυήτοις
1658 1431 1688 1484 ό
1717 1429 1875 1499 λόγος

281 1523 592 1593 νομίζεται.
628 1523 848 1594 Ἐπειδὴ
887 1525 942 1576 δὲ
981 1524 1090 1577 τῶν
1127 1523 1498 1576 εὐσεϐούντων
1530 1522 1598 1592 γῆ
1644 1523 1740 1576 καὶ
1783 1521 1877 1576 θά-

281 1615 468 1670 λασσα
501 1615 735 1686 πλήρης,
800 1615 870 1670 τά
899 1633 958 1668 τε
992 1615 1111 1668 θεῖα
1164 1615 1630 1685 πεπαιδευμένων,
1663 1613 1756 1666 καὶ
1780 1611 1872 1665 τοῦ

282 1708 558 1777 παναγίου
589 1707 905 1780 [Ινεύματος
955 1709 1056 1779 τὴν
1106 1708 1268 1780 χάριν
1314 1706 1734 1778 δεδιδαγμένων,
1763 1706 1874 1768 τοῖς

1977 607 2108 674 quin
2141 614 2195 660 et
2237 605 2301 660 ad
2342 605 2578 676 Scythas
2621 620 2844 676 quoque
2895 606 3161 663 nomadas
3189 609 3219 640 "
3262 608 3566 678 pervadens

1979 698 2124 752 fama
2186 697 2354 767 hujus
2418 697 2722 753 immensos
2773 697 2990 752 labores
3051 710 3106 753 et
3153 699 3567 769 philosophiam

1977 789 2219 845 edocuit.
2267 789 2383 860 Ego
2426 804 2580 853 vero,
2631 789 2763 843 licet
2803 790 3114 844 orationem
3175 791 3564 860 superantium

1977 884 2098 951 ejus
2129 883 2496 937 certaminum
2531 889 2699 937 testes
2727 881 2960 938 habeam
2991 867 3452 954 hominesiprope
3481 883 3565 939 di-

1978 991 2096 1030 cam
2146 975 2458 1040 universos,
2507 974 2884 1029 narrationem
2945 974 3166 1046 aggredi
3207 974 3562 1044 pertimesco.

1979 1081 2048 1119 ne
2078 1065 2325 1120 veritatis
2369 1079 2602 1136 prorsus
2635 1079 2835 1135 expers
2870 1063 3054 1120 fabula
3101 1066 3344 1135 posteris
3374 1064 3564 1120 videa-

1980 1164 2090 1209 tur.
2144 1153 2323 1224 Supra
2388 1156 2687 1209 humanam
2747 1155 2894 1210 enim
2953 1165 3206 1210 naturam
3260 1167 3389 1212 sunt
3441 1173 3564 1226 quae

1982 1249 2136 1303 fiunt.
2176 1246 2366 1302 Solent
2409 1255 2590 1302 autem
2628 1247 2880 1302 homines
2909 1256 3105 1302 natura
3137 1249 3316 1303 metiri
3348 1263 3412 1303 ca
3443 1265 3565 1318 qua:

1980 1339 2263 1394 dicuntur.
2303 1339 2361 1393 Si
2395 1339 2526 1408 quid
2579 1355 2710 1394 vero
2735 1339 2951 1394 dicatur
2995 1341 3140 1410 quod
3178 1340 3299 1409 ejus
3332 1339 3564 1395 excedat

1980 1431 2208 1493 limites.
2244 1429 2385 1485 falsa
2423 1430 2638 1485 videtur
2666 1430 2848 1486 oratio
2885 1431 2952 1486 iis
2983 1431 3076 1502 qui
3111 1431 3314 1487 divinis
3354 1441 3564 1503 myste-

1979 1523 2078 1578 riis
2128 1513 2356 1578 initiati‘
2396 1538 2505 1576 non
2562 1531 2713 1577 sunt.
2773 1523 3046 1589 Quoniam
3098 1533 3282 1578 autem
3333 1533 3478 1580 terra
3509 1533 3565 1581 et

1981 1630 2132 1670 mare
2185 1615 2344 1684 plena
2387 1622 2519 1669 sunt
2566 1615 2694 1684 piis,
2727 1615 2844 1684 qui,
2889 1630 3016 1669 cum
3064 1613 3268 1670 divinis
3322 1616 3561 1672 instituti

1981 1707 2112 1772 sint,
2159 1715 2216 1762 et
2253 1706 2598 1762 sanctissimi
2645 1705 2886 1776 Spiritus
2933 1709 3166 1776 gratiam
3213 1717 3555 1778 perspectam

279 1803 709 1874 λεχθησομένοις
758 1803 860 1856 οὐκ
910 1805 1324 1874 ἀπιστήσουσιν,
1388 1800 1524 1854 ἀλλά
1582 1800 1676 1853 καὶ
1731 1798 1872 1870 μάλα

1983 1802 2240 1869 habeant,
2281 1800 2439 1856 fidem
2491 1801 2560 1855 iis
2619 1816 2740 1871 qua:
2791 1801 3022 1857 dicenda
3067 1811 3198 1856 sunt
3231 1817 3334 1855 non
3389 1805 3556 1870 nega-

281 1894 662 1948 πιστεύσουσιο
719 1893 1016 1966 προθύμως
1075 1894 1169 1946 καὶ
1220 1891 1541 1964 θαρραλέως
1576 1892 1872 1961 ποιήσομαι

1981 1895 2138 1958 bunt,
2172 1893 2268 1948 sed
2310 1893 2608 1946 maximam
2657 1892 2902 1946 habituri
2945 1903 3098 1956 sunt,
3135 1893 3302 1946 alacri
3342 1893 3560 1947 fidenti-

281 1986 384 2056 τὴν
405 1986 678 2058 διήγησιν.
717 1985 990 2057 Ἀρξομαι
1021 1985 1064 2039 δ’
1093 1984 1327 2048 ἐκεῖθεν,
1359 1985 1482 2038 ὅθεν
1515 1986 1611 2037 καὶ
1639 1985 1742 2052 τῆς
1762 1985 1874 2039 ἄνω

282 2079 532 2149 κλήσεως
559 2078 791 2150 ἠξιώθη.

361 2167 536 2238 Κὼμη
563 2166 648 2230 τίς
672 2167 820 2220 ἐστιν
845 2169 906 2219 ἐν
933 2165 1170 2238 μεθορίῳ
1213 2169 1312 2236 τῆς
1347 2165 1618 2236 ἡμετέρας
1662 2165 1754 2217 καὶ
1775 2163 1874 2233 τῆς

283 2260 528 2313 Κιλίκων
569 2259 756 2330 χώρας
809 2259 1152 2332 διακειμένηο
1196 2260 1360 2313 Σισὰν
1387 2259 1444 2313 δέ
1474 2259 1642 2328 αὐτὴν
1675 2259 1874 2328 ὀνομά-

281 2353 490 2415 ζουσιν.
527 2353 622 2406 Ἐκ
645 2352 850 2424 ταύτης
895 2352 1238 2424 ὁρμώμενος,
1295 2354 1605 2424 ποιμαίνειν
1633 2353 1696 2406 τὸ
1725 2353 1876 2424 πρῶ-

280 2463 377 2498 τον
425 2446 532 2499 ὑπὸ
581 2447 690 2500 τῶν
736 2447 1146 2518 γεγεννηκότων
1199 2447 1510 2500 ἐδιδάσκετο
1556 2446 1868 2518 θρέμματα,

281 2537 372 2589 ἵνα
416 2536 557 2590 κατά
604 2537 766 2590 τοῦτο
793 2538 902 2600 τοῖς
936 2535 1192 2606 μεγάλοις
1223 2535 1470 2610 ἀνδράσι,
1503 2535 1870 2606 συμφέρηται,

294 2627 493 2681 Ἰακὼὸ
532 2627 613 2698 τῷ
679 2629 1014 2700 πατριάρχῃ,
1069 2629 1164 2681 καὶ
1233 2627 1432 2696 Ἰωσὴφ
1475 2625 1555 2698 τῷ
1611 2625 1870 2698 σώφρονι,

281 2721 380 2773 καὶ
427 2721 636 2792 Μωῦσῇ
690 2719 769 2791 τῷ
813 2720 1102 2792 νομοθέτῃ,
1152 2719 1249 2773 καὶ
1310 2719 1476 2772 Δαυῒδ
1534 2718 1612 2789 τῷ
1665 2718 1876 2789 βασιλεί

281 2811 381 2862 καὶ
423 2811 702 2882 προφήτῃ,
755 2810 852 2864 καὶ
913 2811 1126 2882 Μιχαίᾳ
1174 2809 1254 2880 τῷ
1291 2810 1569 2881 προφήτῃ.
1623 2809 1720 2864 καὶ
1761 2812 1874 2874 τοῖς

283 2903 408 2954 κατ’
437 2901 682 2966 ἐκείνους
732 2901 1040 2964 θεσπεσίοις
1068 2903 1318 2973 ἀνδράσι.
1347 2901 1584 2970 Νιφετοῦ
1627 2901 1682 2954 δέ
1744 2919 1872 2954 ποτε

281 2993 482 3046 πολλοῦ
521 2993 841 3064 γενομένου,
893 2995 988 3046 καὶ⁸
1047 2994 1154 3047 τῶν
1183 2992 1470 3062 προϐάτων
1503 2991 1649 3044 ἔνδον
1691 2992 1874 3062 μένειν

282 3087 744 3158 ἠναγκασμένων,
784 3087 1080 3157 ἀνακωχῆς
1115 3087 1450 3150 ἀπολαύσας,
1483 3087 1564 3148 είς
1593 3084 1688 3137 τὸν
1733 3084 1874 3137 θεῖον

281 3179 420 3232 νεὼν
451 3177 592 3249 μετὰ
631 3177 742 3232 τῶν
799 3178 1090 3248 φυσᾶν-των
1147 3177 1398 3246 ἀφίκετο.
1437 3177 1624 3229 Ταῦτα
1679 3176 1735 3229 δὲ
1776 3175 1876 3245 τῆς

284 3268 434 3338 ίερίς
460 3267 621 3322 αὐτοῦ
653 3267 1018 3337 διηγουμένης
1045 3267 1258 3336 ἀκήκοα
1288 3265 1554 3337 γλώττης.
1593 3266 1740 3334 Ἔφη
1773 3265 1877 3318 τοί-

281 3379 377 3413 νυν
422 3360 524 3429 τῆς
556 3359 927 3429 εὖαγγελικῆς
953 3359 1250 3429 ἀκηκοέναι
1289 3359 1492 3428 φωνῆς,
1533 3358 1878 3429 μακαριζού-

283 3471 383 3522 σης
417 3453 518 3524 μέν
543 3453 672 3516 τοὺς
703 3452 990 3514 κλαίοντας
1027 3452 1123 3504 καὶ
1165 3450 1519 3516 πενθοῦντας,
1567 3452 1785 3516 ἀθλίους
1818 3454 1875 3507 δὲ

283 3545 408 3607 τοὺς
459 3544 737 3612 γελῶντας
780 3543 1186 3614 ἀποκαλούσης,
1245 3545 1338 3596 καὶ
1371 3541 1644 3612 ζηλωτοὺς
1677 3543 1876 3614 ὀνομα-

281 3639 480 3707 ζούσης
510 3639 639 3701 τοὺς
679 3638 778 3709 τὴν
823 3637 1002 3708 ψυχὴν
1051 3637 1298 3706 καθαρὰν
1326 3639 1722 3708 κεκτημένους,
1779 3637 1873 3690 καὶ

278 3732 449 3786 τᾶλλα
497 3733 599 3784 ὅσα
648 3730 862 3792 τούτοις
893 3729 1268 3790 συνέζευκται.
1323 3723 1458 3782 Εἶτα
1488 3727 1708 3797 ἐρέσθαι
1751 3727 1873 3782 τινὰ

279 3827 390 3877 τὶν
435 3823 744 3894 παρόντων,
793 3823 848 3876 τί
881 3824 946 3876 ἄν
977 3839 1062 3884 τις
1117 3821 1351 3891 ποιήσας
1388 3821 1594 3875 τούτων
1640 3821 1871 3876 ἕκαστον

279 3919 563 3986 κτήσαιτοο
589 3914 680 3967 τὸν
711 3913 767 3967 δὲ
799 3913 891 3966 τὸν
929 3913 1214 3984 novaratbe
1241 3911 1389 3982 αὐτῷ
1423 3912 1537 3982 βίον
1567 3911 1873 3986 ὑπαγορεῢς

284 4025 398 4071 σαι,
457 4006 554 4060 καὶ
581 4006 683 4078 τὴν
725 4005 902 4076 ἄκραν
955 4005 1173 4077 ἐκείνην
1208 4005 1488 4070 ὑποδεῖξαι
1529 4005 1868 4075 φιλοσοφίαν.

279 4099 587 4170 Δεξάμενος
642 4098 824 4152 τοίνυν
869 4097 964 4152 τοῦ
1028 4097 1174 4151 θείου
1229 4098 1390 4166 λόγου
1442 4100 1510 4152 τά
1555 4098 1869 4169 σπέρματα,

283 4194 372 4246 καὶ
401 4195 522 4254 ταῖς
573 4189 812 4261 βαθείαις
845 4189 947 4261 τῆς
993 4187 1172 4259 ψυχῆς
1221 4187 1418 4253 αὔλαξι
1457 4187 1632 4242 ταῦτα
1689 4187 1872 4251 καλῶς

281 4283 664 4357 κατακρύψας,
683 4285 765 4348 είς
795 4283 887 4336 τὸν
915 4282 1218 4347 πελάζοντα
1243 4281 1352 4336 τῶν
1377 4281 1546 4348 ἁγίων
1577 4283 1873 4352 μαρτύρων

279 4378 382 4448 ἔφη
423 4374 830 4448 δεδραμηκέναι
874 4373 1061 4444 σηκόν.
1125 4373 1212 4426 Ἑν
1263 4371 1439 4442 τούτῳ
1473 4373 1530 4425 δέ
1578 4376 1639 4442 τῇ
1680 4375 1750 4442 γῇ
1802 4373 1871 4425 τά

281 4471 486 4537 γόνατα
539 4469 634 4522 καὶ
695 4467 756 4520 τὸ
813 4468 1066 4536 μέτωπον
1105 4465 1462 4535 προσερεῖσαί
1504 4481 1584 4528 τεν
1637 4465 1870 4516 κ²ὶὶκε’

280 4562 473 4614 τεῦσαι
497 4561 588 4614 τὸν
615 4559 822 4624 πάντας
843 4557 1166 4628 ἀνθρώπους
1200 4555 1394 4621 σώζειν
1429 4555 1700 4619 ἐθέλοντα,
1740 4557 1859 4609 ποδ-

283 4655 490 4725 ηγῆσαι
545 4651 709 4705 αὒτδν
785 4651 922 4722 πρὸς
991 4649 1092 4720 τὴν
1155 4649 1368 4701 τελείαν
1435 4649 1535 4714 τῆς
1591 4648 1874 4710 εὐσεϐείας

1903 3227 1945 3284 C

281 4747 420 4798 όόόν.
463 4745 590 4798 Ἐπὶ
644 4742 779 4798 πολῦ
821 4743 878 4796 δὲ
909 4741 1102 4795 τοῦτον
1136 4739 1478 4810 διατρίψαντι
1521 4739 1612 4793 τὸν
1647 4740 1903 4809 τρόπον,,

281 4837 450 4892 ὓπιον
481 4835 582 4906 μὲν
629 4835 780 4904 αὐτῷ
838 4833 1234 4905 προσγενέσθαι
1299 4833 1420 4886 τινὰ
1463 4832 1686 4900 γλυκὺν,
1741 4831 1871 4902 ὄναρ

279 4929 334 4981 δὲ
357 4927 561 4980 τοιόνδε
616 4925 939 4980 θεάσασθαι·
995 4944 1012 4976 ι
1063 4923 1363 4994 Ὀρύττειν,
1412 4924 1601 4993 φησὶν.
1648 4923 1870 4976 ἐδόκουν

281 5015 532 5086 θεμέλια,
586 5011 706 5068 εἶτά
759 5032 904 5077 τινος
955 5013 1190 5077 ἑστῶτος
1238 5013 1479 5075 ἀκούειν,
1539 5013 1616 5078 ὡς
1665 5012 1745 5066 ἔτι
1801 5030 1868 5082 με

283 5108 538 5178 saeuum
581 5109 642 5161 τὸ
688 5107 910 5178 ὄρυγμα
953 5107 1054 5160 δεῖ’
1113 5106 1520 5178 προστεθεικὼς
1569 5107 1749 5158 τοίνυν
1791 5107 1868 5171 ὡς

277 5201 535 5256 ἐκέλευσε
587 5200 774 5270 βάθος,
837 5200 1001 5254 πάλιν
1055 5199 1374 5272 ἐπειρώμην
1412 5199 1867 5254 διαναπαύεσθαι·

281 5291 418 5346 ἀλλά
451 5291 550 5345 καὶ
607 5287 764 5353 αὖθίς
809 5307 899 5361 μοι
943 5289 1192 5360 ὀρύττειν
1242 5289 1600 5360 προσέταττε,
1646 5293 1740 5344 καὶ
1794 5291 1872 5362 μὴ

280 5383 472 5452 λήγειν
499 5381 594 5435 τοῦ
632 5380 820 5435 πόνου.
857 5382 990 5451 Τρὶς
1021 5380 1078 5444 δέ
1128 5397 1218 5450 μοι
1268 5380 1429 5433 τοῦτο
1473 5383 1567 5433 καὶ
1609 5383 1868 5451 τετράκις

281 5472 696 5542 παρεγγυήσας,
724 5471 878 5531 τέλος
899 5473 1264 5542 ἀποχρώντως
1291 5471 1432 5542 ἔχειν
1462 5471 1567 5542 ἔφη
1593 5473 1651 5524 τὸ
1683 5472 1864 5542 βάθος,

279 5565 374 5614 κε’.
426 5564 732 5634 οἰκοδομεῖν
776 5562 994 5626 ἀπόνως
1040 5562 1292 5614 ἐκέλευσε
1325 5563 1386 5615 τὸ
1419 5563 1622 5630 λοιπὸν,
1661 5565 1736 5630 ὡς
1768 5569 1860 5623 τοῦ

1979 1999 2083 2054 que
2107 1985 2292 2038 animo
2311 1986 2688 2040 narrationem
2715 1985 3027 2041 instituam.
3059 1986 3186 2040 lude
3203 1995 3386 2040 autem
3407 2001 3566 2042 exor-

1978 2077 2122 2138 diar,
2154 2077 2298 2132 unde
2340 2077 2433 2133 ille
2475 2079 2678 2134 divinae
2711 2079 3018 2134 vocationis
3051 2081 3290 2149 sumpsit
3321 2079 3564 2136 initium.

2050 2167 2221 2225 Vicus
2251 2179 2336 2225 est
2369 2171 2422 2224 in
2471 2171 2718 2226 confinio
2749 2172 2992 2242 regionis
3023 2181 3226 2228 nostra:
3251 2181 3306 2226 et
3331 2172 3564 2227 Cilicum

1977 2263 2140 2327 situs,
2177 2278 2338 2332 quem
2387 2263 2432 2294 "
2489 2261 2652 2317 Sisan
2703 2265 3017 2316 nominant.
3065 2261 3140 2316 Ex
3197 2263 3302 2316 hoc
3365 2271 3562 2325 ortus,

1977 2369 2108 2410 ores
2142 2355 2384 2426 primum
2413 2370 2443 2409 a
2476 2355 2802 2426 parentibus
2831 2370 3062 2426 pascere
3097 2355 3316 2422 didicit,
3343 2363 3402 2408 ut
3437 2355 3566 2408 hinc

1976 2445 2148 2498 etiam
2179 2459 2303 2498 cum
2344 2446 2559 2514 magnis
2606 2447 2740 2501 viris
2773 2449 3118 2511 conferatur,
3152 2443 3361 2500 Jacobu
3395 2449 3566 2514 patri-

1977 2536 2166 2602 archa,
2203 2545 2257 2591 et
2288 2535 2534 2607 Josepho
2578 2538 2933 2602 continente,
2953 2545 3010 2593 et
3040 2536 3192 2592 Mose
3224 2535 3564 2610 legislatore,

1977 2635 2030 2678 et
2060 2625 2263 2680 Davide
2309 2641 2438 2696 rege
2481 2640 2546 2682 ac
2581 2627 2874 2696 prepheta,
2909 2635 2966 2682 et
2996 2625 3221 2681 Micbaaa
3273 2625 3564 2696 pr0pbcta,

1977 2725 2031 2772 ct
2059 2718 2253 2772 borum
2291 2717 2568 2773 similibus
2615 2717 2752 2772 viris
2799 2717 3030 2774 divinis.
3070 2717 3207 2774 Cum
3237 2725 3422 2774 autem
3469 2718 3568 2771 ali-

1977 2810 2212 2878 quando
2237 2809 2328 2863 nix
2359 2809 2530 2862 multa
2561 2809 2886 2875 decidisset,
2914 2817 2972 2865 et
2997 2825 3129 2866 oves
3164 2810 3314 2865 intus
3340 2824 3569 2864 manere

1979 2907 2330 2968 cogerentur,
2351 2901 2523 2954 otium
2557 2901 2774 2972 1266
2804 2910 3005 2957 nactus
3042 2905 3107 2956 ad
3146 2902 3391 2956 divinum
3426 2913 3566 2956 tem-

1981 2991 2128 3060 plum
2166 2992 2314 3046 venit
2349 3007 2474 3046 cum
2507 2994 2846 3062 parentibus.
2887 2991 3012 3048 Haec
3043 3009 3174 3049 vero
3202 3010 3417 3049 sacram
3445 2995 3566 3064 ejus

1981 3083 2220 3152 linguam
2266 3091 2584 3137 narrantem
2633 3083 2840 3138 audivi.
2887 3084 3086 3139 Aiebat
3126 3101 3258 3155 ergo
3283 3086 3565 3154 cvangeli-

1979 3186 2101 3226 cam
2139 3187 2199 3226 se
2236 3187 2430 3228 vocem
2485 3171 2788 3240 audivisse,
2835 3190 2959 3246 qua:
2999 3176 3190 3232 beatos
3247 3175 3566 3246 pronuntiat

1979 3279 2074 3319 eos
2104 3264 2196 3333 qui
2229 3264 2360 3319 ﬂent
2401 3273 2456 3319 et
2505 3264 2716 3334 lugent,
2762 3273 2817 3321 et
2867 3267 3100 3322 miseros
3139 3279 3295 3322 vocat
3339 3283 3438 3323 eos
3471 3269 3565 3338 qui

1979 3355 2183 3421 rident,
2231 3364 2284 3410 ct
2318 3354 2512 3412 felices
2576 3371 2674 3411 eos
2723 3359 2974 3413 nominat
3030 3359 3124 3429 qui
3177 3360 3381 3414 mundo
3435 3370 3567 3414 sunt

1978 3446 2165 3512 corde,
2211 3455 2264 3501 et
2313 3447 2421 3500 alia
2473 3463 2595 3518 quae
2630 3449 2717 3504 his
2768 3465 3016 3504 connexa
3049 3461 3200 3505 sunt.
3243 3450 3447 3506 Deinde
3478 3452 3563 3506 in-

1977 3550 2294 3611 terrogasse
2325 3540 2622 3612 quemdam
2663 3558 2729 3598 ex
2762 3544 3155 3612 praesentibus,
3206 3561 3316 3614 qua
3355 3545 3568 3600 ratione

1977 3633 2092 3688 lucc
2129 3635 2395 3703 consequi
2441 3634 2644 3704 aliquis
2680 3636 2880 3703 possit,
2911 3643 2968 3691 et
3001 3636 3153 3690 illum
3199 3639 3565 3692 monasticam

1974 3724 2079 3796 ipsi
2126 3725 2296 3778 vitam
2331 3727 2700 3796 suggessisse,
2744 3743 3131 3798 summamque
3178 3728 3326 3782 illam
3381 3741 3567 3786 osten-

1975 3815 2126 3870 disse
2164 3817 2594 3888 philosophiam.
2644 3815 2934 3888 Susceptis
2985 3818 3154 3889 igitur
3200 3817 3373 3872 divini
3411 3820 3562 3875 verbi

1975 3909 2307 3971 seminibus,
2357 3910 2496 3964 etin
2547 3909 2840 3980 profundis
2882 3909 3084 3966 anima:
3119 3911 3291 3968 sulcis
3337 3913 3444 3967 rite
3475 3927 3562 3968 re-

1975 4001 2240 4064 conditis,
2289 4003 2346 4056 in
2403 4003 2642 4056 vicinam
2681 4013 3006 4057 sanctorum
3055 4013 3358 4076 martyrum
3389 4005 3562 4062 :edem

1974 4091 2288 4164 profectum
2337 4108 2396 4149 se
2431 4092 2670 4158 dicebat,
2720 4097 2774 4148 in
2815 4109 2994 4165 eoque
3027 4096 3262 4166 genibus
3294 4105 3348 4152 et
3385 4095 3566 4152 fronte

1975 4185 2094 4240 solo
2121 4184 2334 4249 afﬁxis;
2367 4201 2492 4240 eum
2542 4189 2638 4256 qui
2682 4201 2878 4242 omnes
2933 4187 3186 4244 homines
3218 4189 3334 4242 vult
3376 4189 3564 4245 salvos

1977 4276 2091 4330 fieri
2133 4291 2348 4342 orasse,
2403 4287 2462 4331 ut
2497 4277 2677 4347 ipsuin
2720 4279 2786 4334 ad
2822 4277 3118 4349 perfectam
3159 4281 3379 4351 pietatis
3419 4281 3562 4336 viam

1973 4367 2294 4424 deduceret.
2339 4361 2558 4424 Diutius
2586 4382 2764 4426 autem
2795 4371 2849 4426 in
2881 4373 3027 4428 hunc
3055 4373 3274 4429 modum
3307 4389 3563 4444 persevc-

1974 4462 2115 4516 rauti
2167 4463 2274 4516 sibi
2324 4461 2542 4518 dulcem
2587 4465 2890 4534 quemdam
2931 4481 3186 4522 somnum
3229 4468 3568 4536 Obrepsisse,

1900 4573 1949 4632 υ
1975 4555 2263 4624 visumque
2306 4555 2550 4610 oblatum
2581 4556 2896 4614 ἱειίιιειιιοιιὶ
2932 4577 2946 4614 ι
2985 4578 3003 4610 ι
3036 4557 3439 4623 Fundamenta,
3478 4559 3563 4614 in-

1979 4651 2121 4720 quit,
2155 4650 2288 4704 mihi
2335 4649 2525 4706 fodere
2559 4650 2802 4713 videbar,
2838 4660 2892 4705 et
2923 4660 3192 4708 astantem
3223 4655 3240 4673 '
3271 4653 3562 4722 quemdam

1979 4743 2196 4808 audire,
2245 4743 2339 4813 qui
2391 4743 2602 4798 diceret
2653 4742 3073 4814 profundiorem
3125 4743 3306 4797 adhuc
3357 4742 3563 4800 fossam

1983 4850 2070 4888 me
2109 4834 2292 4890 facere
2319 4843 2607 4904 oportere;
2657 4846 2710 4889 et
2742 4851 2867 4888 cum
2916 4835 2980 4889 ad
3011 4835 3440 4906 profunditatem
3469 4835 3566 4889 ad-

1970 4927 2234 4998 jecissem
2263 4935 2324 4982 ut
2363 4927 2618 4996 jubebat,
2656 4935 2820 4998 atque
2857 4929 3052 4981 iterum
3080 4928 3368 4999 quiescere
3399 4942 3566 4982 cona-

1974 5035 2086 5081 rer,
2127 5021 2218 5075 ille
2250 5037 2468 5076 rursum
2507 5019 2716 5081 fodere.
2745 5037 2846 5075 nec
2883 5039 2911 5075 a
2942 5021 3127 5076 laboro
3148 5036 3368 5076 cessare
3394 5021 3566 5088 impe-

1979 5112 2157 5166 rabat.
2193 5111 2362 5181 Quod
2405 5121 2491 5166 ter
2521 5123 2830 5182 quaterque
2879 5129 3002 5168 cum
3035 5113 3413 5183 prmeepissct,
3445 5119 3564 5165 tan-

1977 5202 2102 5256 dem
2152 5201 2510 5258 sufﬁcientem
2568 5217 2691 5257 esse
2737 5203 3085 5258 altitudinem
3127 5202 3288 5267 dixit,
3343 5211 3398 5256 et
3447 5203 3566 5257 sine

1979 5295 2165 5350 labore
2215 5296 2478 5364 deinceps
2527 5297 2802 5352 azdilicare
2837 5297 3028 5365 jussit.
3083 5301 3244 5369 quasi
3290 5306 3567 5354 cessasset

1978 5385 2155 5448 labor,
2213 5397 2266 5440 et
2305 5389 2442 5442 citra
2490 5389 2728 5444 laborem
2782 5389 2968 5445 futura
3003 5400 3154 5447 esset
3185 5391 3498 5447 :edilicatio.
3541 5409 3561 5441 ι

1980 5475 2118 5532 Huic
2168 5481 2506 5548 praedictioni
2555 5481 2712 5536 fidem
2772 5499 2861 5539 res
2913 5491 3191 5538 astruunt.
3252 5481 3558 5537 Humanam

1974 5571 2178 5640 quippe
2239 5581 2492 5628 naturain
2556 5573 2824 5630 excedunt
2884 5593 3003 5644 qua-
3061 5588 3348 5646 geruntur.
3408 5574 3557 5630 Illinc

1574 5746 1655 5799 VA
1671 5745 1806 5802 RH".
1850 5746 2190 5804 LEtl'l'lONi'l
2213 5753 2249 5804 ³.

355 5837 400 5866 ³⁷
437 5835 555 5888 Indi
589 5836 747 5890 habet
781 5835 1062 5890 licrretus.
1106 5839 1146 5864 ’⁸
1181 5839 1362 5892 Scmm
1403 5839 1560 5895 ilcrt'.
