4074 6474
511 403 636 466 1471

1493 408 1984 469 TIIEODORETI
2031 406 2373 468 EPISCOPI
2408 411 2774 472 CYRENSIS

3675 404 3812 468 1472

505 521 612 573 niis
644 520 839 574 diebus
893 530 1062 587 stare,
1115 520 1396 589 Deumque
1451 521 1720 577 laudare:
1757 521 1958 578 deinde
1999 521 2089 576 ubi

2207 523 2412 593 ἡμέρας
2451 527 2692 589 ἑστάναι,
2737 525 2831 580 καὶ
2881 523 2973 578 τὸν
3030 523 3162 578 Θεὸν
3204 524 3502 594 ἀνυμνεῖν.
3538 516 3675 574 Εἶτα
3714 521 3809 574 τοῦ

505 627 710 680 corpus
765 615 1061 668 stationem
1113 621 1338 684 propter
1389 614 1626 668 inediam
1670 615 1814 672 ferre
1853 615 2091 684 amplius

507 718 616 754 non
647 711 876 770 poterat.
907 703 1102 758 sedere
1147 703 1426 773 deinceps,
1462 713 1518 758 et
1543 705 1620 758 ita
1649 706 1896 760 divinam
1932 707 2094 759 litur-

505 795 654 860 giam
735 795 1066 849 exsolvere:
1138 795 1436 866 postremis
1490 811 1622 851 vero
1673 797 1869 852 diebus
1926 799 2094 852 etiam

505 887 862 940 lit‘Clllllllere.
925 870 1491 956 Consumptis'enim
1562 888 1825 958 paulatim
1886 889 2096 944 exstin-

505 976 722 1042 t-tisque
787 976 1002 1031 viribus
1045 977 1233 1047 jacere
1307 979 1704 1034 semimortuus
1773 979 2094 1050 cogebatur.

504 1063 801 1130 Postquam
861 1076 1048 1121 autem
1099 1069 1156 1123 in
1199 1068 1460 1123 columna
1510 1069 1685 1132 stetit,
1738 1069 1936 1125 adduci
1987 1086 2098 1126 non

504 1155 686 1223 potuit
713 1163 772 1208 ut
803 1155 1190 1221 descenderet,
1225 1157 1500 1226 aliamque
1529 1161 1797 1216 rationem
1827 1163 1952 1216 iniit
1981 1179 2091 1232 qua

507 1253 701 1300 staret.
729 1245 964 1302 Trabem
999 1248 1147 1302 enim
1177 1249 1413 1319 alligans
1443 1250 1734 1316 columnae,
1768 1261 1822 1306 et
1853 1253 2096 1322 seipsutn

508 1337 648 1390 trabi
700 1339 1036 1409 astringens,
1094 1340 1461 1410 quadraginta
1517 1342 1636 1398 dies
1698 1345 1781 1399 sic
1838 1346 2096 1416 explevit.

505 1422 758 1479 Postlnec
792 1442 924 1480 vero
945 1429 1157 1498 majore
1176 1431 1398 1486 ctelitus
1429 1443 1658 1502 accepta
1675 1434 1874 1504 gratia,
1910 1450 1978 1490 ne
1998 1435 2100 1490 hoc

505 1518 730 1584 quidem
753 1534 892 1588 opus
919 1520 1108 1575 habuit
1128 1523 1373 1578 auxilio:
1399 1525 1496 1580 sed
1524 1526 1665 1581 cibis
1689 1528 1948 1583 omnibus
1972 1529 2100 1584 abs-

506 1610 693 1666 tinens
722 1612 1086 1681 quadraginta
1119 1613 1237 1670 dies
1273 1616 1458 1678 stetit,
1490 1618 1776 1674 alacritate
1823 1620 1989 1674 animi
2023 1622 2103 1676 di-

507 1701 750 1771 vinaque
781 1704 954 1772 gratia
977 1705 1353 1763 confirmatus.
1382 1707 1582 1763 Tribus
1613 1725 1764 1781 ergo.
1804 1723 1861 1766 ut
1891 1713 2099 1768 dictum

507 1802 612 1853 est,
649 1795 704 1847 in
737 1794 828 1849 illa
867 1795 1203 1852 domuncula
1259 1805 1557 1858 transactis
1581 1805 1599 1826 ‘
1629 1805 1814 1864 annis.
1848 1806 1914 1860 ad
1953 1807 2099 1861 cele-

506 1885 807 1940 berrimqu
847 1887 995 1942 hunc
1047 1891 1252 1947 montis
1286 1893 1546 1947 verticem
1589 1897 1758 1960 venit,
1799 1896 2095 1951 maceriam
2133 1871 2174 1925 Β

511 1979 720 2048 1271
757 1981 1098 2036 circumduci
1138 1986 1487 2055 praecipiens,
1545 1995 1850 2058 catenaque
1909 1991 2093 2044 ferrea

505 2071 697 2139 viginti
726 2071 1038 2126 cubitorum
1079 2073 1366 2138 fabricata,
1400 2078 1636 2148 ejusque
1673 2081 1851 2150 capite
1885 2098 1995 2135 uno
2025 2081 2093 2135 ad

509 2178 704 2217 saxum
749 2165 942 2236 ingens
977 2167 1159 2234 aﬂixo,
1190 2169 1366 2224 altero
1396 2171 1466 2225 ad
1498 2171 1754 2228 dextrum
1792 2174 1982 2244 pedem
2026 2177 2091 2229 il-

510 2256 702 2324 ligato,
741 2267 800 2311 ut
837 2266 994 2314 extra
1033 2259 1240 2316 limites
1281 2263 1406 2318 illos
1448 2279 1548 2318 nec
1609 2265 1656 2319 si
1708 2267 1874 2321 vellet
1908 2269 2093 2338 egredi

509 2357 722 2416 posset,
774 2349 927 2401 inttts
963 2351 1188 2413 mansit,
1232 2354 1432 2406 cmlum
1473 2354 1700 2410 assidue
1753 2357 1940 2410 animo
1989 2359 2098 2431 agi.

457 2475 464 2480 -
508 2449 655 2504 tans,
682 2450 736 2495 et
765 2457 888 2511 qua:
939 2459 1108 2512 supra
1135 2446 1309 2500 caelos
1343 2457 1470 2500 sunt
1503 2449 1873 2519 contemplari
1913 2451 1965 2504 vi
1995 2465 2095 2504 co-

509 2547 672 2587 nans.
709 2533 908 2588 Mentis
963 2538 1110 2589 enim
1145 2539 1389 2592 volatum
1444 2537 1576 2594 ferri
1625 2540 1907 2595 vinculum
1963 2542 2094 2596 illud

507 2639 618 2678 non
651 2624 1000 2696 impediebat.
1037 2628 1176 2682 Cum
1227 2646 1357 2685 vero
1407 2631 1771 2688 admirandus
1823 2633 2095 2699 Meletius,

507 2717 602 2785 qui
647 2717 1005 2775 Antioclienae
1051 2721 1298 2792 regionis
1351 2731 1481 2778 tunc
1519 2725 1901 2796 episcopatum
1943 2741 2097 2796 rege-

508 2807 625 2872 bat,
653 2809 736 2862 vir
762 2811 1052 2880 prudentia
1079 2820 1136 2868 et
1167 2813 1528 2884 intelligentia
1550 2817 1757 2882 clarus,
1785 2818 2099 2890 ingeniique

509 2900 738 2954 solertia
793 2912 1051 2968 ornatus,
1114 2923 1588 2977 supervacaneum
1645 2910 1854 2974 diceret
1890 2910 2094 2966 ferrum

508 3005 651 3052 esse,
685 3007 809 3045 cum
841 2993 908 3048 ad
967 2996 1200 3051 rationis
1235 2997 1458 3052 vincula
1507 3001 1732 3070 corpori
1789 3001 2096 3067 injicienda

508 3084 768 3139 voluntas
829 3087 1130 3148 sulliceret.
1191 3092 1382 3156 cessit,
1435 3100 1489 3144 et
1555 3093 1925 3148 admonitioni
1977 3095 2100 3164 ejus

509 3175 717 3243 paruit,
753 3176 1044 3246 accitoque
1080 3178 1237 3234 fabro
1264 3181 1546 3233 vinculum
1584 3181 1934 3250 solvijussit.
1983 3184 2092 3240 Sed

509 3265 636 3333 quia
679 3266 830 3318 cruri
863 3267 1143 3336 applicata
1213 3269 1372 3338 pellis
1417 3267 1616 3336 fuerat,
1681 3287 1750 3324 ne
1797 3285 2001 3341 corpus
2063 3289 2092 3328 a

511 3355 663 3408 lerro
690 3357 1002 3422 la-deretur,
1037 3367 1093 3411 et
1119 3359 1262 3413 hanc
1297 3375 1518 3430 quoque
1547 3361 1678 3429 quia
1712 3372 1946 3416 consula
1971 3371 2091 3418 erat

511 3447 750 3517 dil'l‘ringi
791 3450 1102 3517 oportebat,
1141 3450 1365 3506 cimires
1401 3454 1674 3506 maximos
1701 3469 1868 3524 supra
1903 3455 2101 3525 viginti

512 3537 567 3590 in
593 3551 654 3590 ea
685 3537 968 3592 latitantes
1015 3539 1164 3594 visos
1212 3540 1496 3604 dixerunt,
1525 3549 1579 3597 et
1626 3543 1730 3598 hoc
1767 3560 1827 3600 se
1860 3560 2098 3617 conspe-

512 3631 661 3683 xisse
715 3629 1003 3684 allirmavit
1067 3631 1426 3687 admirandus
1477 3633 1752 3692 Meletius.
1804 3635 1916 3706 Ego
1967 3653 2101 3694 vero

513 3723 718 3778 ileirco
745 3725 1199 3790 continemuravi,
1238 3735 1296 3780 ut
1337 3741 1588 3796 magnam
1639 3728 1744 3784 viri
1779 3731 2098 3798 patientiam

515 3817 642 3871 hinc
685 3817 852 3872 etiam
907 3819 1279 3874 ostenderem.
1335 3817 1472 3873 Nam
1507 3833 1632 3874 cum
1677 3822 1871 3890 pellem
1929 3837 2100 3879 manu

513 3909 900 3978 comprimere,
937 3917 992 3964 et
1024 3925 1220 3965 omnes
1246 3925 1484 3966 enecare
1537 3911 1700 3968 facile
1737 3923 1950 3982 posset,
1985 3930 2100 3969 mo-

513 4000 686 4055 lestos
721 4015 945 4056 morsus
1001 4002 1308 4058 toleranter
1337 4019 1536 4072 passus
1576 4013 1681 4067 est,
1712 4005 1764 4059 in
1825 4007 2012 4075 parvis
2041 4021 2102 4063 se

515 4091 747 4146 libenter
777 4093 844 4146 ad
887 4092 1097 4163 majora
1123 4094 1430 4148 certamina
1454 4109 1744 4150 exercens.
1773 4093 1938 4149 Fama
1970 4111 2101 4167 ergo

516 4200 612 4250 per
641 4199 835 4238 omnes
885 4199 1014 4239 oras
1071 4184 1356 4246 volitante.
1409 4188 1821 4240 concurrebant
1883 4202 2098 4252 omnes,

518 4291 622 4326 non
657 4274 825 4328 vicini
873 4276 1059 4340 modo,
1092 4275 1186 4330 sed
1229 4276 1263 4329 ii
1297 4276 1462 4330 etiam
1505 4275 1600 4346 qui
1645 4277 1944 4331 multorum
1989 4279 2104 4334 dic-

515 4379 638 4418 rum
671 4365 870 4420 itinere
907 4365 1228 4434 distabant;
1265 4367 1358 4420 alii
1409 4368 1745 4439 paralyticos
1777 4369 2098 4434 oﬂ‘erentes,

516 4456 608 4508 alii
646 4455 942 4511 sanitatem
978 4457 1144 4527 aegris
1205 4457 1572 4527 postulantes,
1606 4458 1696 4511 alii
1765 4467 1950 4528 patres
1987 4459 2100 4514 fieri

2197 613 2447 702 Géljlwto;
2475 616 2564 670 διὰ
2609 616 2706 687 τὴν
2743 615 3017 670 ἀπαστίαν
3048 615 3236 686 φέρειν
3265 615 3374 666 οὐκ
3424 611 3509 666 ἔτι
3539 609 3643 682 τὴν
3680 612 3809 664 στά-

2198 723 2282 760 σιν
2319 707 2612 776 ἰσχύοντος,
2662 707 2934 778 καθῆσθαι
2962 707 3169 769 λοιπὸν,
3208 707 3306 761 καὶ
3341 704 3457 776 τὴν
3493 703 3655 757 θείαν
3696 702 3810 757 λει-

2195 796 2454 866 τουργίαν
2509 796 2795 850 ἐπιτελεῖν
2851 797 2950 860 τὰς
2976 797 3033 850 δὲ
3065 795 3390 858 τελευταίας
3439 794 3668 864 ἡμέρας
3715 793 3812 846 καὶ

2201 887 2638 956 προσκλίνεσθαι.
2675 890 3081 959 Δαπανωμένης
3127 889 3237 958 γὰρ
3276 887 3432 940 κατὰ
3469 885 3654 956 βραχὺ
3713 883 3813 953 τῆς

2202 977 2403 1048 ἰσχύος,
2439 980 2533 1032 καὶ
2564 979 3065 1050 ἀποσσεννυμένης,
3089 977 3302 1032 κεῖσθαι
3323 975 3616 1049 ἡμιθανὴς
3639 977 3814 1044 ἡναγ-

2199 1069 2414 1133 κάζετο.
2461 1070 2618 1124 Ἐπεὶ
2650 1072 2707 1124 δὲ
2742 1072 2834 1124 ἐπὶ
2875 1072 2970 1124 τοῦ
3007 1071 3182 1134 κίονος
3217 1069 3374 1140 ἔστη,
3416 1068 3674 1123 κατιέναι
3715 1068 3812 1138 μὲν

2198 1162 2300 1214 οὐκ
2339 1162 2610 1232 ἠνείχετο,
2660 1165 3046 1235 ἐμηχανήσατο
3087 1164 3144 1218 δὲ
3187 1164 3286 1230 τὴν
3320 1163 3525 1216 στάσιν
3581 1161 3810 1232 ἑτέρως.

2201 1252 2367 1306 Δοκὸν
2408 1255 2517 1323 γάρ
2566 1271 2685 1306 τινα
2729 1255 3040 1325 προσδήσας
3064 1255 3143 1325 τῷ
3187 1254 3354 1314 κίονι,
3401 1253 3504 1305 καὶ
3549 1252 3810 1322 σχοινίοις

2201 1339 2364 1394 πάλιν
2417 1341 2610 1394 ἑαυτὸν
2649 1344 2715 1412 τῇ
2763 1341 2906 1412 δοκῷ
2942 1343 3360 1412 προσαρμόσας,
3393 1341 3501 1404 τὰς
3529 1340 3811 1410 τεσσαράσ

2202 1450 2366 1487 κοντα
2403 1433 2548 1488 οὕτω
2561 1434 2864 1488 διετέλεσεν
2895 1435 3127 1506 ἡμέρας.
3159 1434 3315 1488 Μετὰ
3341 1433 3404 1486 δὲ
3429 1432 3612 1486 ταῦτα
3633 1432 3812 1484 πλείο-

2203 1543 2294 1588 νος
2352 1525 2544 1579 λοιπὸν
2590 1525 2690 1596 τῆς
2740 1526 2948 1580 ἄνωθεν
3003 1527 3225 1596 χάριτος
3290 1523 3650 1587 ἀπολαύσας.
3687 1523 3809 1576 οὐδὲ

2205 1618 2408 1686 ταύτης
2444 1617 2636 1688 ἐδεήθη
2685 1619 2782 1688 τῆς
2833 1618 3103 1689 βοηθείας,
3151 1617 3268 1671 ἀλλ’
3305 1618 3520 1688 ἕστηκε
3551 1617 3654 1672 τὰς
3689 1632 3811 1668 τεσ-

2207 1709 2519 1780 σαράκοντα
2553 1709 2788 1780 ἡμέρας,
2828 1710 3010 1762 σιτίων
3049 1709 3146 1780 μὲν
3174 1711 3275 1764 οὑκ
3310 1708 3640 1771 ἀπολαύων,
3681 1724 3809 1777 προ-

2207 1797 2378 1870 θυμίᾳ
2408 1799 2464 1851 δὲ
2498 1801 2592 1851 καὶ
2647 1798 2768 1869 θεία
2811 1797 3156 1870 ρωννύμενος
3188 1799 3400 1868 χάριτι.
3438 1797 3586 1867 Τρία
3607 1795 3803 1858 τοίνυν,

2201 1890 2275 1954 ὡς
2324 1891 2480 1962 ἔφην,
2502 1895 2559 1944 ἐν
2585 1892 2778 1962 ἐκείνῳ
2802 1892 2879 1961 τῷ
2927 1893 3158 1961 οἰκίσκῳ
3187 1892 3523 1954 διατελέσας
3559 1889 3678 1958 ἔτη,
3711 1889 3805 1959 τὴν

2205 1981 2640 2054 πολυθρύλλητον
2666 1982 2872 2054 ταύτην
2888 1983 3155 2036 κατέλαϐε
3177 1981 3454 2053 κορυφὴν,
3480 1980 3732 2050 θριγκίον
3751 1981 3804 2032 ἐν

2205 2072 2390 2143 κύκλῳ
2416 2074 2666 2142 γενέσθαι
2702 2077 3111 2144 παρεγγυήσας,
3155 2073 3350 2127 ἅλυσίν
3390 2089 3454 2125 τε
3486 2074 3552 2124 ἐκ
3589 2072 3799 2142 σιδήρου

2205 2167 2424 2235 πήχεων
2478 2165 2650 2217 εἴκοσι
2699 2165 3134 2227 κατασκευάσας,
3181 2166 3274 2218 καὶ
3319 2164 3536 2234 ταύτης
3574 2161 3800 2232 θατὲραν

2209 2259 2310 2328 μὲν
2354 2259 2530 2328 ἀρχὴν
2585 2259 2760 2330 πέτρᾳ
2814 2240 3048 2330 μεγίστῃ
3123 2257 3522 2329 προσηλώσας,
3571 2255 3797 2324 θατέραν

2205 2349 2259 2401 δὲ
2287 2351 2362 2419 τῷ
2390 2349 2548 2420 δεξιῴ
2583 2349 2705 2403 ποδὶ
2729 2351 3142 2421 προσαρμόσας,
3180 2349 3255 2412 ὡς
3307 2349 3378 2402 ἂν
3427 2349 3568 2419 μηδὲ
3619 2345 3796 2418 βουλό-

2209 2458 2368 2509 μενος
2403 2438 2508 2504 ἔξω
2551 2440 2658 2494 τῶν
2691 2441 2832 2511 ὅρων
2879 2440 3104 2494 ἐκείνων
3155 2439 3336 2504 ἀπίοῑ,
3385 2439 3579 2507 διῆγεν
3635 2435 3792 2499 ἔνδον,

2205 2533 2470 2602 διηνεκῶς
2515 2533 2606 2585 τὸν
2651 2533 2878 2604 οὐρανὸν
2938 2529 3375 2602 φανταζόμενος,
3428 2530 3527 2583 καὶ
3575 2530 3644 2582 τά
3694 2527 3798 2581 ἄνω

2205 2623 2313 2674 τῶν
2363 2623 2608 2693 οὐρανῶν
2647 2623 2874 2694 θεωρεῖν
2915 2621 3256 2693 βιαζόμενος.
3315 2621 3395 2674 Ού
3441 2620 3554 2691 γὰρ
3599 2619 3795 2672 ἐκώλυε

2205 2712 2304 2782 τῆς
2371 2713 2610 2776 διανοίας
2661 2714 2760 2782 τὴν
2811 2716 3010 2784 πτῆσιν
3053 2715 3082 2766 ὁ
3133 2711 3228 2766 τοῦ
3297 2713 3528 2782 σιδήρου
3584 2709 3791 2780 δεσμός.

2219 2803 2441 2875 Ἐπειδὴ
2472 2803 2528 2857 δὲ
2563 2805 2828 2868 Μελέτιος
2856 2807 2884 2858 ὁ
2914 2803 3238 2874 θαυμάσιος,
3297 2805 3628 2856 ἐπισκοπεῖν
3653 2817 3792 2870 τηνι-

2207 2897 2379 2951 καῦτα
2411 2897 2512 2967 τῆς
2555 2896 2829 2967 Ἀντιόχου
2864 2897 3073 2976 πόλεως
3105 2895 3450 2965 τεταγμένος
3476 2895 3575 2964 τὴν
3595 2893 3789 2964 χώραν,

2207 2992 2347 3060 ἀνὴρ
2400 2992 2658 3062 φρονήσει
2701 2990 2796 3043 καὶ
2847 2990 3060 3043 συνέσει
3097 2988 3361 3057 λάμπων,
3416 2989 3512 3041 καὶ
3555 2983 3790 3056 ἀγχινοίᾳ

2209 3083 2648 3154 κεκοσμημένος,
2685 3083 2940 3153 περιττὸν
2973 3081 3078 3152 ἔφη
3109 3081 3200 3134 τὸν
3246 3081 3498 3152 σίδηρον,
3531 3078 3788 3150 ἀρκούσης

2207 3179 2306 3243 τῆς
2336 3176 2561 3247 γνώμης
2594 3177 2790 3243 λογικὰ
2832 3176 2910 3244 τῷ
2956 3175 3172 3244 σώματι
3222 3175 3536 3245 περιθεῖναι
3587 3172 3784 3241 δεσμά·

2209 3267 2317 3336 εἶξε
2355 3271 2472 3340 μὲν.
2506 3271 2598 3323 καί
2644 3269 2741 3339 τὴν
2781 3267 3104 3338 παραίνεσιν
3147 3266 3426 3330 εὐπειθῶς
3466 3263 3782 3328 εἰσεδέξατο·

2209 3361 2418 3433 χαλκέα
2462 3361 2518 3414 δὲ
2567 3361 2831 3430 κληθῆναι
2859 3359 3144 3421 κελεύσας,
3181 3357 3346 3413 λῦσαι
3381 3355 3676 3430 προσέταξε
3703 3352 3782 3405 τὸν

2208 3453 2424 3523 δεσμόν.
2474 3450 2691 3522 Ἐπειδὴ
2723 3451 2779 3504 δὲ
2815 3452 2910 3503 καὶ
2961 3450 3137 3520 δέρμα
3187 3450 3264 3518 τῷ
3321 3451 3507 3504 σκέλει
3563 3446 3782 3518 προσήρ-

2213 3560 2401 3614 μοστο,
2441 3542 2517 3605 ὼς
2579 3543 2646 3596 ἂν
2692 3543 2764 3613 μὴ
2817 3542 3089 3612 λωϐηθείη
3139 3543 3245 3595 ὑπὸ
3298 3541 3396 3595 τοῦ
3460 3541 3674 3610 σιδήρου
3729 3535 3780 3588 τὸ

2213 3634 2390 3702 σῶμα,
2433 3633 2526 3686 καὶ
2564 3632 2670 3684 ἔδει
2724 3633 2819 3684 καὶ
2847 3630 3003 3683 τοῦτο
3035 3630 3516 3701 (συνερραμμένον
3545 3627 3650 3696 γὰρ
3678 3620 3776 3694 ἦν).

2209 3723 2594 3796 διαρραγῆναι,
2650 3722 2867 3785 πλείους
2923 3721 2954 3792 ἢ
3014 3720 3186 3774 είκοσι
3243 3721 3544 3790 μεγίστους
3592 3717 3778 3784 ἔφασαν

2209 3816 2395 3887 κόρεις
2433 3816 2491 3866 ὲν
2515 3815 2709 3879 ἐκείνῳ
2741 3813 2977 3866 κατιδεῖν
3019 3810 3477 3880 ἐμφωλεύοντας·
3506 3811 3600 3864 καὶ
3637 3803 3777 3859 τοῦτο

2211 3907 2314 3977 ἔφη
2341 3907 2367 3958 ὁ
2401 3906 2703 3975 θαυμάσιος
2747 3903 3036 3958 τεθεᾶσθαι
3065 3903 3353 3966 Μελέτιος.
3413 3901 3556 3972 Ἐγὼ
3603 3899 3657 3952 δὲ
3682 3898 3776 3950 ἀπ·

2209 4000 2615 4069 εμνημόνευσα,
2641 3998 2739 4066 τὴν
2768 3996 2970 4066 πολλὴν
2996 3995 3090 4049 τοῦ
3118 3996 3314 4066 ἀνδρὸς
3339 3992 3634 4049 κάντεῦθεν
3655 4005 3776 4058 καρ-

2209 4089 2396 4159 τερίαν
2425 4087 2755 4152 ἐπιδεικνύς.
2805 4087 3038 4158 Πιλῆσαι
3067 4087 3178 4158 γάρ
3209 4091 3273 4158 τῇ
3310 4087 3460 4158 χειρὶ
3503 4087 3562 4140 τὸ
3597 4083 3773 4152 δέρμα,

2211 4184 2305 4236 καὶ
2335 4183 2648 4252 διαφθεῖραι
2677 4183 2886 4245 πάντας
2915 4182 3219 4252 δυνάμενος
3255 4181 3481 4253 ῥᾳδίως,
3509 4179 3616 4232 τῶν
3639 4178 3775 4229 ἀνια-

2215 4255 2338 4343 ρῶν’
2353 4272 2649 4341 δηγμάτων
2701 4273 2949 4342 ἠνείχετο
2989 4271 3296 4342 καρτερῶν,
3351 4275 3408 4324 ἐν
3435 4272 3546 4332 τοῖς
3580 4264 3775 4338 μικροῖς

2209 4368 2309 4433 τὴν
2337 4363 2446 4416 τῶν
2477 4363 2740 4436 μειζόνων
2778 4365 3005 4433 ἀγώνων
3048 4361 3436 4432 ἀσπαζόμενος
3465 4357 3772 4430 γυμνασίαν.

2212 4458 2325 4526 Τῆς
2383 4457 2564 4510 τοίνυν
2615 4459 2803 4527 φήμης
2853 4458 3089 4510 πάντοσε
3138 4455 3485 4524 διαθεούσης,
3550 4447 3775 4503 συνέθεον

520 4554 794 4614 rogantes.
829 4555 882 4599 et
932 4549 1079 4616 quod
1115 4563 1146 4600 a
1198 4558 1394 4602 natura
1430 4564 1544 4602 non
1598 4557 1948 4619 acceperant,
2008 4566 2100 4620 per

2213 4547 2474 4611 ἅπαντες,
2513 4546 2612 4615 οὐχ
2661 4547 2709 4598 oi
2767 4544 3167 4613 γειτονεύοντες
3217 4545 3401 4611 μόνον,
3451 4540 3583 4594 ἀλλὰ
3613 4537 3700 4590 καὶ
3730 4531 3773 4584 οί

521 4640 672 4690 ilium
703 4641 955 4695 obtinere
982 4641 1370 4710 deprecantes.
1394 4641 1497 4707 Qui
1529 4641 1870 4708 accipiebant
1896 4653 2100 4710 autem,

519 4741 570 4784 et
597 4732 778 4800 petitis
811 4733 1188 4801 potiebantur,
1213 4749 1338 4787 cum
1364 4733 1562 4798 gaudio
1587 4733 1802 4802 1272
1828 4733 2098 4800 redibant.

519 4823 996 4894 praedicantesque
1031 4825 1295 4878 beneﬁcia
1353 4839 1476 4894 qua!
1515 4836 1866 4894 acceperant,
1931 4830 2106 4885 multo

519 4918 707 4984 plures
741 4917 808 4970 ad
851 4919 1043 4972 eadem
1081 4917 1310 4986 petenda
1363 4917 1739 4973 concitabant.
1793 4917 1886 4974 Sic
1921 4935 2104 4978 autem

522 5007 767 5075 undique
805 5009 1156 5066 venientibus
1185 5009 1468 5071 cuiuibus,
1504 5017 1559 5063 et
1612 5018 1720 5064 tota
1757 5011 1841 5064 via
1877 5010 2104 5068 [luvium

523 5101 794 5164 imitante,
831 5101 1118 5156 hominum
1153 5105 1382 5171 pelagus
1425 5104 1516 5159 illo
1551 5103 1602 5156 in
1630 5103 1755 5156 loco
1783 5104 1968 5158 videre
1998 5116 2104 5167 est,

521 5191 722 5246 ﬂuvius
775 5194 1130 5264 undiquaque
1193 5193 1486 5249 inllucutcs
1539 5196 1848 5265 excipiens.
1921 5194 2108 5264 Neque

523 5283 668 5336 enim
702 5283 864 5354 hujus
908 5295 1123 5340 tantum
1182 5295 1387 5341 nostra:
1439 5288 1679 5358 regionis
1733 5291 1928 5344 incola:
1975 5306 2108 5344 con-

524 5373 726 5438 ﬂuunt,
755 5378 852 5430 sed
883 5389 938 5432 et
971 5378 1278 5442 lsn'iaelitre,
1319 5387 1374 5433 et
1395 5378 1598 5441 Persm.
1647 5388 1701 5433 et
1730 5381 1975 5434 Armenii
2023 5380 2109 5437 his

445 5457 453 5462 ’
528 5464 760 5528 subditi,
795 5475 848 5520 et
885 5466 1093 5532 Iberos,
1127 5479 1181 5522 et
1219 5468 1538 5530 llomcritze.
1591 5481 1643 5524 ct
1673 5471 1764 5538 qtti
1823 5471 1930 5524 illis
1970 5471 2108 5524 inte-

529 5556 710 5609 riores
735 5564 886 5610 sunt.
909 5558 1124 5615 Venere
1150 5559 1322 5614 etiam
1356 5561 1512 5614 multi
1547 5560 1770 5614 ultimas
1793 5558 2109 5617 Occidentis

529 5660 658 5700 oras
691 5645 1020 5711 incolentes,
1057 5659 1112 5704 et
1143 5649 1392 5718 Hispani,
1429 5657 1482 5704 et
1521 5649 1796 5712 Britanni,
1839 5660 1891 5704 et
1947 5649 2106 5715 Galli,

532 5737 626 5804 qui
682 5735 878 5790 liorum
939 5741 1156 5794 media‘
1199 5739 1468 5794 obtinent.
1539 5739 1612 5791 De
1673 5737 1822 5790 Italia
1876 5755 2110 5810 namque

535 5844 934 5898 StillCl'Vﬂl‘lllllll
973 5833 1289 5886 estdicere.
1324 5829 1520 5885 Ferunt
1569 5830 1713 5883 enim
1772 5831 2002 5886 maxima
2056 5835 2105 5887 in

2211 4636 2423 4690 πολλῶν
2457 4637 2681 4708 ἡμερῶν
2731 4636 3107 4706 ἀφεστηκότες
3147 4636 3299 4689 ὀδόν·
3352 4637 3402 4688 οἱ
3462 4634 3558 4705 μὲν
3596 4641 3772 4698 napit-

2213 4729 2408 4798 μένους
2466 4728 2528 4781 τὸ
2591 4727 2752 4798 σῶμα
2810 4729 3235 4798 προσφέροντες,
3293 4729 3343 4780 οί
3383 4727 3438 4780 δὲ
3493 4721 3772 4796 ἀρρώστοις

2210 4821 2399 4888 ὑγείαν
2439 4821 2739 4884 αἰτοῦντες,
2769 4823 2819 4873 oi
2848 4820 2905 4872 δὲ
2946 4820 3187 4890 πατέρας
3233 4819 3486 4888 γενέσθαι
3537 4825 3765 4884 παρακαο

2209 4911 2447 4975 λοῦντες.
2475 4912 2570 4965 καὶ
2589 4911 2618 4964 δ
2647 4910 2798 4982 παρὰ
2818 4911 2915 4980 τῆς
2942 4912 3156 4980 φύσεως
3182 4911 3283 4964 οὐκ
3312 4909 3522 4966 ἔλαϐον,
3550 4905 3769 4958 ἱκέτευον

2208 5005 2275 5058 δι’
2303 5005 2512 5058 ἐκείνου
2541 5003 2747 5057 λαϐεῖν.
2770 5004 3152 5072 Λαμϐάνοντες
3179 5003 3255 5066 δὲ,
3281 5002 3376 5056 καὶ
3399 5001 3506 5054 τῶν
3522 4997 3770 5066 αἰτήσεων

2211 5096 2599 5163 ἀπολαύοντες,
2651 5098 2768 5166 μετ’
2813 5095 3154 5166 εὐφροσύνης
3187 5095 3286 5166 μὲν
3320 5091 3646 5162 ἐπανῄεσαν*
3679 5101 3767 5152 κη⁴

2214 5188 2504 5258 ρύττοντες
2529 5187 2588 5241 δὲ
2618 5189 2718 5250 τὰς
2749 5186 3073 5259 εὐεργεσίας
3103 5180 3178 5241 ὧν
3220 5185 3430 5256 ἔτυχον,
3482 5175 3766 5264 πολλαπλαξ
3825 5261 3828 5264 γ

2215 5279 2362 5342 σίους
2392 5278 2502 5331 τῶν
2527 5277 2708 5330 αὐτῶν
2760 5276 3123 5348 δεησομένους
3155 5277 3480 5347 ἐξέπεμπον.
3537 5269 3684 5324 Οὕτω
3716 5261 3764 5314 δὲ

2218 5373 2433 5424 πάντων
2469 5369 2806 5440 πανταχόθεν
2845 5371 3282 5440 ἀφικνουμένων,
3315 5371 3408 5422 καὶ
3437 5367 3612 5434 πάσης
3657 5360 3762 5411 ὁδου

2213 5462 2455 5532 ποταμὸν
2489 5463 2858 5533 μιμουμένης,
2886 5462 3123 5530 πέλαγος
3150 5460 3450 5530 ἀνθρώπων
3475 5455 3616 5509 ἐστιν
3647 5447 3761 5500 ἰδεῖν

2215 5557 2274 5608 ὲν
2307 5553 2502 5624 ἐκείνῳ
2524 5555 2921 5624 συνιστάμενον
2967 5554 3047 5624 τῷ
3081 5554 3267 5625 χωρίῳ
3300 5552 3425 5612 τοὺς
3459 5538 3762 5642 πανταχόθξϊ

2214 5644 2504 5716 δεχόμενον
2555 5644 2854 5716 ποταμούς.
2929 5646 3004 5698 Οὐ
3043 5647 3152 5716 γὰρ
3219 5646 3377 5716 μόνον
3425 5642 3470 5693 οἱ
3529 5637 3618 5704 τὴν
3655 5625 3743 5682 καθ

2215 5737 2363 5808 ἡμᾶς
2420 5735 2748 5806 οἰκουμένην
2793 5736 3069 5800 οἰκοῦντες
3125 5737 3461 5808 συρῤἐουσιν,
3513 5725 3637 5782 ἀλλὰ
3681 5716 3758 5771 καὶ

2228 5826 2584 5898 Ὶτειαηλῖῖαι,
2620 5831 2712 5882 καὶ
2743 5831 2965 5898 Πέρσαι,
3030 5831 3121 5882 κοιό.
3188 5827 3454 5896 Ἀρμένιοι
3507 5821 3550 5870 oi
3583 5811 3753 5866 τούτων
