4074 6428
328 394 462 458 14⁵73

1536 394 1941 454 RELIGIUSA
1986 397 2368 461 IIlSTORIA.

3449 398 3580 463 ίιὶῖίε

320 508 644 581 ὑποχείριοι.
681 508 771 561 καὶ
799 506 1032 577 Ἴϐηρες,
1081 509 1172 560 καὶ
1212 508 1521 576 Ὀμηρῖται,
1556 509 1646 558 καὶ
1675 508 1723 558 οἱ
1758 508 1896 558 ἐκεί.

2006 508 2174 562 Itonia
2205 511 2477 565 celebrem
2533 509 2670 566 adeo
2721 514 2899 565 virum
2935 526 3079 575 esse,
3120 523 3180 567 ut
3230 513 3284 567 in
3323 515 3580 568 omnibus

317 621 428 657 νων
454 601 741 672 ἐνδότεροι.
772 600 1052 671 Ἀφίκοντο
1080 600 1135 652 δὲ
1167 600 1350 653 πολλοὶ
1373 600 1471 662 τὰς
1497 600 1596 668 τῆς
1630 600 1900 670 Ἐσπέρας

315 694 595 755 οἰκοῦντες
625 692 901 763 ἐσχατιὰς,
952 690 1149 746 Σπάνοι
1197 710 1255 744 τε
1306 693 1397 745 καί
1445 693 1754 762 Βρεττανοὶ,
1807 694 1899 745 καὶ

315 783 578 850 Γαλάται,
602 785 650 836 οἱ
673 784 736 836 τὸ
763 784 925 853 μέσον
946 782 1151 835 τούτων
1180 782 1522 851 κατέχοντες.
1560 783 1692 851 Περὶ
1720 783 1827 852 γὰρ
1848 784 1892 814 ³¹

2011 600 2673 683 ofﬁcinarumvestibulis
2733 618 2932 673 parvas
2987 604 3111 673 ejus
3166 604 3429 676 imagines
3464 615 3576 659 sta-

2009 698 2186 753 tuant,
2218 692 2446 745 tutelam
2476 708 2544 746 ex
2582 692 2666 747 his
2697 694 2996 762 quamdam
3035 696 3140 750 sibi
3173 704 3227 751 et
3259 696 3578 766 prmsidium

2004 790 2412 851 comparantes.

328 876 561 940 Ἰταλίας
610 875 864 946 περιττὸν
934 876 1027 930 καὶ
1073 875 1275 943 λέγειν.
1322 874 1458 926 Φασὶ
1506 876 1614 944 γὰρ
1663 873 1835 936 οὕτως
1879 875 1937 925 ἐν
2020 872 2207 945 Ῥώμῃ
2266 877 2332 945 τῇ
2397 875 2626 946 μεγίστῃ
2687 875 3125 948 πολυθρύλλητον
3174 876 3428 944 γενέσθαι
3491 877 3583 930 τὸν

309 973 507 1043 ἄνδρα,
539 973 615 1037 ὡς
646 974 704 1025 ἐν
748 972 918 1026 ἅπασι
957 974 1068 1034 τοῖς
1112 970 1218 1023 τῶν
1282 970 1661 1042 ἐργαστηρίων
1742 967 2102 1038 προπυλαίοις
2170 970 2385 1033 είκόνας
2427 971 2575 1041 αὐτῴ
2624 971 2885 1042 βραχείας
2930 971 3254 1041 ἀναστῆσαι,

3333 971 3583 1042 φυλακήν

310 1082 440 1119 τινα
490 1065 671 1135 σφίσιν
719 1065 904 1128 αὐτοῖς
949 1065 1042 1117 καὶ
1080 1063 1396 1130 ἀσφάλειαν
1446 1062 1695 1115 ἐντεῦθεν
1738 1062 2076 1132 πορίζοντας.

401 1156 618 1226 Ἐπειδὴ
646 1155 825 1208 τοίνυν
852 1154 1085 1225 ἀριθμοῦ
1110 1155 1391 1226 κρείττους
1419 1156 1467 1207 οί
1489 1153 1897 1224 ἀφικνούμενοι,

314 1246 656 1319 προσψαύειν
687 1246 744 1299 δὲ
798 1246 1036 1308 ἅπαντες
1081 1247 1416 1318 ἐπεχείρουν,
1465 1248 1558 1300 καί
1595 1264 1719 1301 τινα
1749 1246 1902 1300 εὐλο-

313 1341 443 1406 γίαν
472 1339 581 1391 ἀπὸ
615 1338 722 1390 τῶν
763 1337 1100 1409 δερματίνων
1126 1339 1349 1392 ἐκείνων
1390 1339 1620 1409 ἱματίων
1648 1341 1856 1410 τρυγᾷν
1877 1356 1893 1371 ·

314 1430 538 1501 πρῶτον
568 1429 667 1499 μὲν
696 1430 795 1499 τῆς
842 1431 1008 1500 τιμῆς
1040 1430 1103 1483 τὸ
1141 1430 1479 1501 ὑπερϐάλλον
1519 1432 1720 1484 ἄτοπον
1759 1427 1898 1485 εἶναι

314 1519 576 1589 νομίζων,
635 1519 825 1573 ἔπειτα
877 1520 972 1572 καὶ
1018 1520 1112 1573 τοῦ
1162 1521 1487 1592 πράγματος
1534 1523 1594 1574 τὸ
1639 1523 1896 1576 ἐπίπονον

310 1612 704 1681 δυσχεραίνων,
732 1610 832 1683 τὴν
858 1612 950 1664 ἐπὶ
967 1611 1060 1665 τοῦ
1080 1612 1258 1676 κίονος
1278 1614 1663 1684 ἐμηχανήσατο
1686 1615 1893 1668 στάσιν.

320 1702 549 1772 Πρῶτον
582 1701 681 1771 μὲν
717 1700 777 1766 ἒξ
803 1702 1025 1771 πήχεων
1051 1702 1328 1772 τμτρῆναι
1352 1702 1633 1767 κελεύσας,
1660 1698 1779 1757 εἶτα
1805 1703 1899 1756 δύο

314 1794 415 1847 καὶ
442 1793 595 1855 δέκα,
631 1793 769 1863 μετὰ
796 1791 852 1845 δὲ
878 1792 1050 1845 ταῦτα
1076 1792 1169 1845 δύο
1197 1793 1292 1846 καὶ
1316 1794 1511 1857 εἴκοσι,
1540 1793 1635 1847 νῦν
1652 1795 1707 1847 δὲ
1732 1795 1790 1858 ἒξ
1805 1795 1899 1848 καὶ

316 1886 612 1954 τριάκοντα
631 1898 645 1913 ⁸
673 1883 978 1953 ἀναπτῆναι
1007 1883 1114 1954 γὰρ
1141 1885 1221 1947 είς
1253 1885 1481 1955 οὐρανὸν
1517 1886 1748 1955 ἐφίεται,
1801 1885 1899 1939 xal

315 1973 418 2042 τῆς
446 1973 688 2041 ἐπιγείου
732 1970 936 2041 ταύτης
969 1971 1351 2041 ἀπαλλαγῆναι
1396 1974 1699 2045 διατριϐῆς.
1758 1973 1899 2043 Ἐγὼ

314 2062 373 2115 δὲ
396 2061 518 2116 οὑδέ
549 2060 645 2133 τῆς
685 2061 836 2125 Θείας
875 2061 1003 2115 ἄνευ
1043 2064 1357 2134 οἰκονομίας
1400 2065 1603 2136 ταύτην
1652 2065 1894 2118 πιστεύω

316 2152 572 2221 γενέσθαι
597 2155 697 2223 τὴν
724 2154 933 2207 στάσιν.
974 2146 1163 2221 Οὗπερ
1201 2156 1384 2209 εἵνεκα
1424 2156 1548 2219 τοὺς
1601 2156 1904 2227 μεμψιμοί-

238 2253 251 2261 ‘
320 2263 449 2317 ρους
511 2245 812 2317 παρακαλῶ
876 2246 1173 2317 χαλινῶσαι
1221 2249 1322 2318 τὴν
1377 2249 1647 2318 γλῶτταν,
1683 2251 1777 2304 καὶ
1823 2251 1899 2321 μὴ

317 2336 642 2409 ἐπιτρέπειν
669 2338 746 2401 ὡς
772 2338 930 2408 ἔτυχε
955 2340 1216 2410 φέρεσθαι
1244 2357 1258 2372 ο
1292 2344 1510 2394 σκοπεῖν
1546 2343 1626 2406 δέ,
1660 2343 1735 2406 ὡς
1774 2343 1900 2396 πολ-

318 2428 479 2490 λάκις
505 2427 730 2483 τοιαῦτα
759 2431 788 2482 ὁ
820 2430 1101 2500 Δεσπότης
1145 2431 1254 2484 τῶν
1294 2432 1681 2505 ρᾳθυμοτέρων
1714 2434 1899 2488 ἕνεκεν

310 2518 587 2589 ὠφελείας
608 2523 1012 2592 ἐμηχανήσατο.
1045 2523 1154 2577 Καὶ
1179 2524 1287 2595 γάρ
1314 2524 1405 2576 τὸν
1448 2507 1672 2577 Ἡσαΐαν
1693 2527 1899 2595 γυμνὸν

322 2612 420 2664 καὶ
445 2611 782 2681 ἀνυπόδητον
823 2612 1038 2682 βαδίσαι
1072 2612 1406 2685 προσέταξεο
1461 2616 1554 2669 καὶ
1583 2616 1674 2668 τὸν
1738 2616 1895 2688 Ἰερε-

322 2704 454 2773 μίαν
488 2703 812 2774 περίζωσμα
842 2707 906 2774 τῇ
943 2703 1107 2772 ὀσφύϊ
1141 2705 1465 2775 περιθεῖναι,
1490 2706 1584 2759 καὶ
1621 2705 1765 2761 οῦτω
1789 2711 1899 2772 τοῖς

318 2793 572 2847 ἅπειθέσι
603 2794 934 2865 προσφέρειν
958 2796 1058 2865 τὴν
1086 2797 1425 2869 προφητείαν
1450 2814 1464 2829 ο
1507 2800 1600 2852 xal
1629 2800 1816 2853 ἄλλοτε
1842 2800 1900 2854 δὲ

321 2883 536 2948 κλοιοὺς
575 2883 817 2948 ξυλίνους
847 2886 939 2938 καὶ
961 2885 1212 2957 σιδηροῦς
1254 2887 1392 2957 μετά
1431 2889 1603 2942 ταῦτα
1648 2890 1726 2961 τῷ
1771 2908 1903 2962 τρα-

321 2975 469 3047 χήλῳ
526 2976 839 3046 περιϐαλεῖν
868 2994 883 3008 ο
909 2978 1003 3030 καὶ
1057 2977 1136 3048 τῷ
1186 2978 1347 3051 Ὠσηέ
1409 2983 1642 3047 γυναῖκα
1697 2982 1901 3053 πόρνην

304 3066 534 3132 λαϐεῖν,
568 3068 659 3121 καὶ
708 3064 866 3132 αὖθις
919 3069 1206 3139 ἀγαπῆσαι
1245 3072 1476 3137 γυναῖκα
1511 3073 1754 3143 πονηρὰν
1807 3075 1901 3127 καὶ

324 3159 609 3230 μοιχαλίδα
635 3176 649 3191 ο
697 3159 898 3230 καὶτῷ
941 3159 1221 3232 Ίεζεκιὴλ,
1274 3160 1369 3213 ἐπὶ
1408 3160 1502 3214 τοῦ
1532 3161 1705 3229 δεξιοῦ
1741 3164 1903 3217 πλευ-

2084 1153 2355 1221 Quoniam
2388 1164 2570 1213 autem
2601 1154 3033 1211 innumerabiles
3061 1162 3217 1209 erant
3245 1155 3337 1223 qui
3374 1155 3578 1208 adven-

2009 1247 2219 1305 tabant.
2280 1256 2334 1301 et
2390 1255 2617 1315 tangere
2675 1263 2868 1303 omnes
2901 1248 3266 1311 conabantur,
3313 1256 3478 1316 atque
3512 1263 3581 1301 ex

2006 1337 2249 1406 pelliceis
2287 1337 2396 1393 illis
2426 1339 2672 1394 vestibus
2706 1338 3146 1393 benedictionem
3181 1338 3417 1407 aliquam
3445 1338 3582 1390 hau-

2007 1428 2157 1481 rire:
2198 1429 2439 1497 primum
2477 1429 2702 1483 nimiam
2754 1428 2981 1483 honoris
3018 1428 3453 1498 magnitudinem
3487 1430 3582 1481 ab-

2007 1516 2233 1571 surdam
2262 1519 2614 1584 existimans,
2635 1518 2835 1574 deinde
2854 1534 2968 1574 rem
3000 1527 3057 1572 ut
3088 1518 3416 1572 laboriosam
3441 1534 3583 1588 :egre

2006 1608 2208 1673 ferens,
2252 1610 2545 1664 stationem
2576 1610 2629 1664 in
2660 1610 2917 1663 eulumna
2948 1609 3302 1678 excogitavit.
3329 1611 3406 1662 Ac
3435 1611 3583 1679 prin-

2003 1700 2149 1769 cipio
2182 1701 2405 1770 quidem
2467 1716 2559 1755 sex
2622 1701 2935 1755 cubitorum
2976 1699 3111 1755 caedi
3168 1700 3359 1769 jussit,
3395 1708 3581 1769 postm

2004 1790 2318 1853 duodecim,
2352 1802 2466 1844 tum
2518 1792 2721 1846 deinde
2780 1792 3017 1845 duorum
3076 1800 3131 1844 et
3163 1789 3376 1859 viginti,
3435 1805 3582 1843 nunc

2008 1897 2135 1935 vero
2188 1897 2279 1936 sex
2349 1890 2403 1937 et
2445 1880 2961 1952 triginta.°Evolare
3010 1896 3251 1950 namque
3283 1881 3337 1933 in
3382 1880 3582 1936 emlum

2001 1974 2179 2043 cupit,
2214 1984 2265 2027 et
2298 1974 2366 2026 ab
2394 1974 2495 2027 hac
2555 1983 2777 2028 terrena
2844 1973 3269 2027 conversatione
3304 1970 3581 2026 recedere.

2005 2065 2117 2136 Ego
2144 2082 2274 2121 vero
2305 2067 2598 2122 stationem
2654 2068 2794 2120 hanc
2842 2081 2950 2120 non
2985 2066 3193 2137 absque
3236 2065 3422 2120 divino
3451 2079 3583 2118 con-

2003 2160 2131 2213 silio
2171 2159 2367 2214 factam
2417 2159 2608 2215 credo.
2645 2157 3011 2225 Quamobrem
3043 2175 3140 2214 eos
3187 2173 3286 2211 cro
3321 2173 3462 2228 quos
3494 2174 3580 2211 1-0-

2002 2250 2341 2319 prehendere
2380 2249 2634 2310 delectat,
2666 2258 2729 2304 ut
2768 2251 2967 2319 lingum
3023 2249 3237 2304 frenum
3291 2249 3581 2318 injiciant,

2003 2357 2178 2411 neque
2214 2341 2425 2410 1273
2454 2342 2602 2395 illam
2638 2328 2845 2396 temere
2885 2340 3018 2394 ferri
3054 2342 3282 2396 sinant:
3323 2340 3419 2394 sed
3453 2354 3585 2393 cou-

2002 2432 2247 2487 siderent
2276 2431 2566 2485 Dominum
2599 2432 2728 2485 talia
2753 2446 2997 2501 persaepe
3029 2432 3094 2485 ad
3127 2432 3443 2501 scgniorum
3471 2431 3581 2484 uti-

2003 2525 2212 2578 litatem
2248 2524 2583 2579 instituisse.
2619 2521 2749 2576 Nam
2778 2532 2833 2577 et
2866 2523 3055 2576 Isaiam
3090 2534 3112 2560 ο
3144 2523 3349 2577 nudum
3380 2522 3584 2577 discal-

2001 2623 2330 2686 ceatumque
2361 2615 2806 2685 incederejussit
2842 2632 2857 2668 :
2903 2623 2962 2673 .ct
3017 2613 3310 2667 Jeremiam
3343 2613 3363 2646 ι
3401 2613 3585 2664 arcin-

2001 2723 2129 2778 gere
2166 2708 2383 2762 lumbos
2414 2722 2567 2770 suos,
2599 2717 2762 2777 atque
2802 2706 2873 2760 ita
2901 2706 3249 2775 prephetiam
3288 2702 3586 2757 incredulis

2002 2795 2318 2851 eli‘errezet
2369 2794 2670 2866 aliquando
2725 2803 2952 2849 catenas
3010 2795 3219 2863 ligneas
3277 2801 3333 2847 et
3395 2801 3585 2863 postea

2004 2886 2216 2943 ferreas
2246 2887 2392 2941 collo
2424 2887 2746 2957 imponere:
2781 2894 2837 2942 et
2876 2886 3072 2941 Oseam
3106 2899 3333 2943 uxorem
3368 2900 3586 2940 sumere

2006 2979 2381 3043 fornicariam,
2418 2988 2473 3034 et
2503 2994 2703 3034 rursus
2741 2978 2970 3049 diligere
3003 2993 3230 3032 uxorem
3273 2993 3498 3047 pravam
3531 2985 3586 3032 et

2004 3071 2330 3126 adulteram.
2382 3070 2450 3124 Et
2490 3070 2886 3127 Ezechielem'
2921 3087 3085 3141 super
3132 3072 3276 3125 latus
3327 3070 3580 3125 dextrum

2004 3162 2247 3218 dormire
2280 3162 2399 3218 dies
2424 3164 2811 3234 quadraginta,
2843 3172 2897 3217 et
2932 3178 3098 3232 super
3130 3164 3417 3218 sinistrum
3451 3178 3581 3219 cen-

323 3249 420 3321 ροῦ
461 3250 871 3321 τεσσαράκοντα
928 3250 1325 3320 κατακλιθῆναι
1374 3252 1620 3324 ἡμέρας,
1673 3256 1767 3308 καὶ
1812 3257 1899 3309 ἐπὶ

2005 3264 2117 3309 tum
2161 3262 2215 3309 et
2251 3254 2695 3325 quinquaginta:
2750 3265 2804 3309 et
2844 3270 3094 3320 rursum,
3152 3255 3441 3325 perfodere
3477 3257 3582 3311 sibi

320 3341 415 3396 τοῦ
448 3341 755 3413 εὐωνύμου.
793 3342 1131 3412 πεντήκοντα
1163 3340 1261 3395 καὶ
1295 3342 1487 3396 ἑκατόν
1509 3360 1523 3374 °
1567 3345 1662 3398 καὶ
1718 3345 1900 3411 πάλιν,

320 3433 564 3503 διορῦξαι
610 3437 809 3505 τοῖχον,
848 3435 942 3488 καὶ
987 3432 1256 3503 φεύγοντα
1306 3433 1560 3498 ἐξελθεῖν,
1605 3437 1699 3490 καὶ
1743 3441 1905 3509 αἰχμ-

332 3527 571 3580 αλωσίαν
600 3528 659 3579 ἐν
690 3526 866 3597 ἐαυτῷ
888 3525 1204 3596 διαγράψαι·
1227 3526 1318 3578 καὶ
1340 3525 1527 3579 ἄλλοτε
1560 3528 1615 3580 δὲ
1642 3528 1793 3597 ξίφος
1825 3531 1904 3592 εἰς

298 3620 507 3691 -ἀκμὴν
538 3618 874 3691 παραθῆξαι,
901 3618 995 3671 καὶ
1019 3614 1284 3687 ξύρασθαι
1300 3617 1475 3687 τούτῳ
1508 3617 1605 3689 τὴν
1636 3619 1901 3690 κεφαλὴν,

322 3712 414 3764 καὶ
443 3711 686 3781 τετραχῆ
713 3709 811 3772 τὰς
848 3713 1041 3779 τρίχας
1071 3706 1291 3770 διελεῖν,
1339 3708 1435 3760 καὶ
1465 3709 1758 3778 ἀπονεῖμαι
1805 3713 1903 3773 τὰς

326 3804 425 3872 μὲν
454 3805 534 3866 εἰς
559 3803 700 3868 τόδε,
732 3801 829 3863 τάς
853 3800 911 3853 δέ
938 3800 1020 3863 είς
1046 3798 1189 3863 τόδε,
1243 3798 1329 3851 ἵνα
1371 3799 1445 3870 μὴ
1474 3800 1690 3854 ἅπαντα
1730 3816 1902 3854 κατα-

323 3896 487 3964 λέγω.
522 3894 772 3947 Γίνεσθαι
805 3894 862 3946 δὲ
898 3892 1103 3946 τούτων
1146 3891 1376 3945 ἕκαστον
1423 3891 1754 3962 προσέταττε
1791 3891 1903 3944 τῶν

320 3988 459 4041 ὅλων
496 3988 525 4040 ὁ
554 3986 837 4057 πρύτανις,
869 3985 997 4047 τοὺς
1028 3981 1173 4052 λόγῳ
1219 3981 1293 4053 μὴ
1345 3982 1722 4052 πειθομένους,
1767 3983 1901 4053 μηδέ

324 4077 421 4147 τῆς
452 4074 791 4146 προφητείας
824 4072 1038 4125 ἐπαῖειν
1082 4071 1463 4141 ἀνεχομένους,
1506 4070 1586 4142 τῷ
1631 4075 1731 4141 τῆς
1769 4072 1902 4125 θεω-

327 4173 449 4239 ρίας
503 4166 791 4237 παραδόξῳ
846 4163 1139 4233 συλλέγων,
1199 4165 1294 4217 καὶ
1356 4164 1466 4217 τῶν
1514 4163 1901 4234 θεσπισμάτων

306 4258 542 4314 ἀκούειν
591 4256 1050 4327 παρασκευάζων.
1097 4256 1194 4319 Τίς
1243 4256 1352 4322 γὰρ
1375 4257 1475 4308 οὐκ
1520 4256 1586 4309 ἂν
1624 4256 1898 4326 ἐξεπλάγη

323 4348 467 4403 θεῖον
493 4348 779 4418 ἄνθρωπον
808 4347 1017 4417 γυμνὸν
1058 4346 1343 4417 βαδίζοντα
1370 4347 1625 4419 θεωρῶν;
1679 4349 1771 4411 Τίς
1800 4350 1901 4402 οὐκ

323 4441 389 4494 ἂν
417 4441 518 4512 τὴν
541 4439 719 4493 αἰτίαν
751 4438 848 4492 τοῦ
888 4437 1211 4508 γιγνομένου
1270 4437 1461 4509 μαθεῖν
1493 4438 1761 4510 sationes;
1803 4440 1901 4502 Τίς

321 4534 378 4587 δὲ
400 4533 501 4586 οὐκ
533 4532 600 4585 ἂν
628 4531 824 4602 ἤρετο·
866 4530 931 4583 Τί
967 4530 1169 4600 δήποτε
1214 4531 1390 4604 πόρνῃ
1421 4534 1686 4586 συνοικεῖν
1713 4533 1741 4584 ὁ
1767 4548 1900 4603 προ-

2007 3345 2294 3414 parietem,
2331 3351 2386 3399 et
2420 3359 2517 3414 per
2548 3360 2673 3399 eum
2705 3343 2966 3415 effugere,
2998 3346 3495 3417 captivitatemque
3528 3348 3583 3401 in

1980 3426 2193 3507 [seipse
2233 3437 2527 3507 designare
2567 3456 2581 3492 :
2620 3437 2757 3492 alias
2806 3438 2969 3492 ctiam
3002 3447 3029 3475 ι
3061 3438 3225 3511 gladii
3270 3441 3442 3494 aciem
3488 3458 3584 3496 ex-

1996 3541 2232 3596 ‘acuere,
2263 3538 2319 3585 et
2346 3539 2509 3599 caput
2535 3530 2748 3592 radere,
2787 3530 3040 3599 pilosque
3073 3532 3465 3600 quadrifariam
3497 3532 3584 3586 di-

1996 3623 2210 3687 videre,
2240 3631 2405 3693 atque
2436 3621 2542 3675 hoc
2566 3620 2658 3675 illa
2689 3628 2865 3690 parte,
2894 3630 2948 3675 et
2985 3622 3084 3674 hac
3114 3623 3245 3676 illud
3283 3622 3478 3685 facere.
3515 3640 3584 3677 ne

2004 3715 2188 3768 omnia
2240 3727 2616 3784 percenseam.
2688 3712 2897 3766 Horum
2959 3714 3394 3782 urnunquodque
3464 3715 3582 3767 fieri

1999 3803 2167 3874 jussit
2188 3804 2572 3858 universorum
2601 3801 2933 3861 moderator,
2956 3816 3052 3854 eos
3083 3802 3176 3869 qui
3205 3801 3442 3856 sermoni
3472 3816 3580 3853 non

2003 3893 2290 3963 parebant,
2322 3901 2375 3946 et
2402 3890 2704 3962 prophetiae
2751 3905 2919 3945 aures
2955 3891 3198 3960 prwbere
3230 3890 3578 3954 abnuebant,

2003 3983 2304 4055 spectaculi
2339 3982 2764 4037 admirabilitate
2788 3983 3076 4051 colligens,
3101 3994 3151 4035 et
3180 3982 3247 4036 ad
3281 3982 3581 4037 audiendas

2003 4077 2429 4133 vaticinationes
2462 4077 2748 4132 inducens.
2788 4074 2924 4141 Quis
2951 4076 3094 4130 cnim
3122 4090 3233 4128 non
3274 4075 3579 4144 obstupuit,

2003 4185 2128 4224 cum
2163 4169 2406 4224 divinum
2439 4170 2713 4224 hominem
2775 4169 2981 4223 nudum
3014 4167 3386 4221 ambulantem
3428 4168 3580 4223 vide-

2003 4267 2086 4313 rct
2114 4261 2137 4313 ?
2165 4260 2293 4328 quis
2331 4260 2451 4328 ejus
2483 4260 2560 4314 rei
2591 4274 2816 4313 causam
2848 4272 3192 4328 cognoscere
3223 4273 3333 4311 non
3368 4256 3586 4311 deside~

2003 4351 2187 4405 ravit?
2217 4350 2351 4415 Quis
2378 4365 2543 4419 porro
2572 4350 2891 4403 sciscitatus
2935 4363 3044 4402 non
3077 4356 3184 4411 est,
3221 4365 3322 4403 cur
3361 4350 3580 4403 tandem

2003 4457 2126 4496 cum
2159 4443 2457 4496 fornicaria
2516 4442 2763 4496 habitare
2814 4441 3079 4512 propheta
3116 4457 3224 4495 non
3277 4442 3584 4510 gravetur?

2008 4531 2076 4587 Ut
2106 4532 2269 4600 igitur
2292 4533 2486 4587 horum
2512 4533 2951 4602 unumquodque
2984 4533 3369 4586 universorum
3403 4530 3581 4585 Deus‘

323 4624 503 4693 φήτης
525 4623 816 4692 ἀνέχεται;
851 4619 1116 4691 Καθάπερ
1138 4621 1321 4674 τοίνυν
1358 4621 1584 4674 ἐκείνων
1624 4621 1899 4674 ἕκαστονὸ

2011 4624 2127 4680 fieri
2159 4625 2346 4695 jussit,
2384 4635 2444 4679 ut
2472 4626 2794 4694 ignavorum
2816 4639 2880 4679 ac
2913 4622 3169 4678 desidem
3198 4623 3424 4677 utilitati
3456 4638 3583 4676 con-

321 4715 431 4768 τῶν
461 4714 598 4767 ὅλων
626 4713 757 4777 Θεὸς
779 4711 1034 4781 γενέσθαι
1054 4710 1381 4783 προσέταξε,
1400 4710 1500 4780 τῆς
1517 4710 1624 4763 τῶν
1649 4708 1901 4783 ῥᾳστώνῃ

325 4809 610 4873 συζώντων
663 4805 1115 4877 προμηθούμενος
1160 4802 1466 4874 ὠφελείας’
1520 4802 1664 4856 οὕτω
1705 4804 1800 4857 καὶ
1841 4802 1902 4857 τὸ

326 4900 512 4956 καινὸν
534 4900 693 4954 τοῦτο
724 4898 820 4952 καὶ
853 4897 1158 4971 παράδοξον
1190 4895 1562 4965 ἐπρυτάνευσε
1588 4894 1787 4966 θέαμα,
1824 4894 1901 4965 τῷ

324 4995 464 5066 ξένῳ
490 4994 699 5056 πάντας
731 4990 906 5045 ἕλκων
950 4990 1031 5054 είς
1078 4987 1332 5059 θεωρίαν,
1379 4989 1472 5043 καὶ
1505 4989 1737 5061 πιθανὴν
1788 4989 1901 5052 τοῖς

323 5086 739 5157 ἀφικνουμένοις
796 5080 1231 5155 παρασκευάζων
1289 5081 1389 5152 τὴν
1453 5081 1902 5153 προσφερομένην

324 5178 672 5251 παραίνεσιν.
715 5174 789 5228 Te
821 5175 931 5246 γάρ
963 5172 1149 5226 καινὸν
1189 5170 1284 5225 τοῦ
1335 5171 1608 5242 θεάματος
1646 5171 1901 5243 ἐνέχυρον

324 5270 619 5341 ἀξιόχρεων
648 5268 855 5337 γίνεται
875 5266 967 5319 τοῦ
991 5264 1317 5335 διδάγματος
1342 5280 1356 5294 ·
1396 5264 1491 5317 καὶ
1514 5264 1543 5316 ὁ
1567 5265 1647 5327 εἰς
1666 5263 1902 5334 θεωρίαν

324 5360 721 5432 ἀφικνούμενος
763 5358 834 5412 τὰ
865 5358 983 5412 θεῖα
1016 5354 1322 5419 παιδευθείς
1367 5353 1748 5426 ἐπανέρχεται.
1792 5354 1901 5409 Kal

2016 4718 2264 4773 suleret:
2304 4720 2385 4774 sic
2414 4729 2467 4771 et
2509 4733 2707 4773 novum
2750 4717 2894 4771 istud
2933 4712 3425 4783 admirandumque
3458 4729 3580 4783 spe-

2008 4808 2284 4861 ctaculum
2320 4808 2578 4868 instituit,
2622 4814 2681 4859 ut
2707 4819 2900 4860 omnes
2929 4804 3008 4857 rel
3061 4803 3306 4858 novitate
3357 4802 3424 4857 ad
3464 4818 3583 4873 spc-

2007 4899 2272 4953 ctandum
2297 4898 2662 4968 pertraheret,
2685 4895 3136 4967 probabilemque
3159 4894 3584 4950 adventantibus

2009 4990 2269 5045 traditam
2305 4988 2522 5060 1274
2564 4988 2671 5045 sibi
2712 4987 3140 5041 admonitionem
3177 4985 3437 5041 efficeret.
3475 4984 3584 5040 No-

2006 5081 2155 5136 vitas
2171 5082 2317 5136 enim
2349 5080 2654 5149 spectaculi
2677 5080 2933 5133 idoneum
2967 5079 3163 5147 pignus
3186 5087 3270 5132 est
3296 5076 3580 5140 doctrina},

2008 5181 2062 5228 et
2090 5174 2183 5244 qui
2222 5173 2288 5226 ad
2318 5174 2674 5242 spectandum
2708 5171 2857 5225 venit
2897 5169 3103 5224 divinis
3156 5168 3400 5223 imbutus
3429 5183 3583 5223 rece-

2008 5266 2107 5319 dit.
2134 5262 2202 5318 Et
2227 5262 2692 5335 quemadmodum
2722 5262 2815 5331 qui
2842 5261 2985 5332 apud
3012 5260 3264 5314 homines
3292 5258 3584 5328 imperium

2008 5354 2281 5419 obtinent,
2348 5367 2449 5422 per
2503 5360 2811 5421 temporum
2875 5349 3164 5406 intervalla
3233 5362 3585 5403 nummorum

404 5527 427 5556 5
460 5517 562 5587 lsa.
596 5533 687 5579 xx,
711 5516 765 5569 2.
849 5517 866 5551 ί
891 5512 1090 5570 Jerem.
1128 5531 1166 5579 ι,
1210 5512 1645 5578 l7;xxvm,12.
1722 5522 1748 5550 υ
1783 5510 1942 5566 Osee.
1978 5511 2112 5577 1.2;
2151 5525 2231 5576 ιιι,
2264 5512 2313 5564 l.
2403 5518 2430 5547 τ
2460 5508 2658 5564 Ezech.
2691 5525 2764 5572 Iv,
2797 5507 2988 5574 4;ιιι,
3024 5506 3076 5561 5.
3154 5513 3181 5542 ι
3212 5503 3409 5561 Ezech.
3454 5504 3581 5570 v.1.

1603 5628 1690 5681 VA
1703 5625 1835 5681 RIAL'
1878 5619 2171 5681 LECTION
2180 5624 2284 5684 ES.

399 5726 442 5759 ³¹
476 5724 1020 5797 Ηίογιοριιειιοοιιιιιι
1053 5720 1329 5797 Si_me_onis
1355 5722 1407 5775 in
1428 5719 1585 5797 _l_ta_l_i_a
1635 5723 1906 5791 reperitur
1960 5721 2124 5797 ctiam
2176 5720 2229 5775 in
2276 5717 2505 5775 Joannis
2557 5717 2810 5775 Damasc.
2868 5731 2953 5772 or.
2998 5715 3091 5783 lli,
3132 5713 3203 5769 De
3234 5715 3425 5785 imagg.
3463 5722 3500 5766 ι.
3537 5710 3588 5785 1,

326 5814 379 5868 p.
421 5796 546 5863 566,
583 5796 888 5861 LeQuicnii
921 5800 974 5848 et
1006 5792 1060 5847 in
1094 5792 1244 5848 Actis
1268 5793 1464 5861 synodi
1499 5790 1729 5847 Nicacnae
1755 5807 1814 5857 ιι,
1853 5797 1958 5844 act.
1990 5790 2043 5843 4.
