4074 6410
497 361 634 428 iiii)

1501 362 1989 423 THEODOHETI
2031 363 2370 423 EPISCUPI
2407 363 2770 423 CYRENSIS

3645 366 3791 434 1480

491 479 622 533 anni
658 477 1026 538 sterilitatem.
1070 492 1133 531 ac
1185 484 1426 531 secutam
1459 493 1524 531 ex
1575 494 1638 534 ea
1679 478 1878 533 famem
1921 481 2065 532 simu

2197 481 2484 549 ιξήσαντες.
2515 480 2657 548 Ἐγὼ
2676 481 2728 533 δὲ
2751 480 2809 532 ο)
2836 481 2995 550 μύκον
3024 482 3129 532 τῶν
3157 481 3451 552 θαυμάτων
3479 484 3782 557 αὐτόπτης,

493 580 659 640 atque
684 579 892 639 pestem
936 569 1156 622 biennio
1192 577 1318 622 ante
1352 568 1628 637 praedixit,
1667 573 1874 640 virgam
1905 571 2082 625 Immi-

493 664 657 718 nibus
687 663 968 716 incussam
1001 675 1031 713 a
1069 675 1128 715 se
1166 658 1340 714 visam
1369 659 1586 722 dicens,
1629 670 1684 716 et
1711 662 1922 732 ﬂagella
1962 679 2084 734 qua:

495 755 726 811 inferret
779 753 1204 824 signiﬁcantem.
1237 755 1392 810 Alias
1447 757 1615 811 etiam
1681 759 1877 837 bruclii
1918 777 2081 828 quem

493 855 696 902 vocant
752 847 1116 916 irruptionem
1176 849 1611 916 praenuntiavit,
1675 865 1908 919 eamque
1973 868 2083 906 non

494 954 754 1010 magnum
791 937 1184 994 detrimentum
1225 939 1546 1002 allaturam,
1590 942 1924 1011 supplicium
1957 960 2080 999 mox

492 1031 870 1098 subsequente
932 1029 1121 1084 divina
1189 1031 1509 1086 clementia.
1580 1031 1834 1104 Triginta
1899 1046 2082 1091 autem

490 1122 685 1177 diebus
734 1121 974 1192 elapsis,
1016 1123 1442 1178 innumerabilis
1499 1125 1720 1194 quidem
1774 1139 1965 1182 exorta
1999 1138 2086 1183 est

492 1214 812 1277 multitudo,
837 1213 912 1268 ita
947 1224 1003 1267 ut
1035 1216 1170 1270 solis
1194 1215 1380 1272 radios
1403 1215 1729 1280 dissecaret.
1760 1222 1777 1239 ‘
1799 1221 2083 1274 umbram-

487 1317 595 1370 que
627 1301 870 1358 alliceret
904 1319 918 1356 :
953 1302 1119 1373 idque
1155 1317 1256 1360 nos
1302 1319 1499 1360 omnes
1543 1305 1756 1376 liquido
1796 1309 2084 1378 perspexi-

488 1408 630 1448 mus.
667 1393 939 1449 Cteterum
989 1395 1091 1450 soli
1136 1396 1426 1450 brutorum
1471 1398 1836 1455 animantium
1881 1403 2084 1471 pabulo

492 1487 703 1549 nocuit,
761 1487 1047 1542 hominum
1101 1504 1234 1544 vero
1284 1490 1552 1546 alimenta
1605 1493 1758 1547 nulla
1804 1509 1870 1549 ex
1928 1506 2084 1566 parte

490 1579 651 1634 laesit.
686 1578 817 1633 Mihi
847 1581 1039 1644 etiam,
1079 1597 1204 1636 cum
1239 1598 1269 1636 a
1301 1582 1538 1652 quodam
1566 1599 1935 1656 oppugnarer,
1975 1589 2084 1643 ini-

491 1671 616 1724 mici
647 1672 874 1726 exitium
908 1673 1222 1743 quindecim
1251 1685 1376 1728 ante
1399 1674 1596 1730 diebus
1630 1677 1907 1746 praedixit.
1940 1695 2082 1747 pra:-

491 1761 868 1833 dictionisque
902 1765 1188 1820 veritatem
1221 1765 1559 1836 experientia
1595 1771 1839 1839 comperi
1864 1771 1932 1825 ³⁸.
1955 1771 2079 1827 Alia

491 1852 806 1922 hujusmodi
837 1855 1020 1910 sciens
1054 1856 1298 1926 prudens
1316 1859 1589 1921 omittam,
1615 1863 1882 1918 orationis
1901 1865 2080 1922 vitans

490 1944 889 2014 prolixitatem,
951 1949 1256 2016 przesertitu
1301 1963 1427 2003 cum
1480 1949 1547 2003 ad
1583 1951 2076 2012 demonstrandam

488 2035 793 2104 spiritalem
815 2035 938 2102 ejus
981 2037 1430 2106 perSpicientiam
1466 2039 1571 2093 ista
1611 2040 1906 2097 sulliciant.

489 2143 627 2188 σεως
671 2125 770 2197 τὴν
820 2108 1082 2196 ἀλήθειαν
1131 2127 1356 2198 ἔμαθον.
1392 2130 1503 2184 Καὶ
1560 2130 1697 2186 ἄλλα
1746 2133 1805 2186 δὲ
1849 2135 2075 2192 τοιαῦτα

484 2220 544 2270 τὸ
571 2219 764 2289 μῆκος.
812 2221 1051 2292 ’Λπόχρη
1083 2221 1139 2274 δὲ
1161 2223 1256 2275 καὶ
1303 2224 1475 2278 ταῦτα
1505 2225 1680 2292 δεῖξαι
1712 2227 1810 2298 τῆς
1841 2231 2078 2298 διανοίας

557 2314 732 2383 llujus
763 2315 910 2383 apud
935 2332 1120 2386 regem
1151 2332 1372 2388 quoque
1401 2318 1698 2378 Persarum
1731 2321 1926 2398 ingens
1960 2329 2074 2399 glo-

437 2408 440 2410 ⁷
484 2408 564 2458 ria
607 2406 728 2460 l'uit.
767 2405 836 2461 Ut
866 2417 1165 2462 narrarunt
1188 2410 1334 2466 enim
1370 2413 1464 2482 qui
1496 2413 1564 2468 ad
1597 2429 1721 2469 eum
1746 2415 1914 2488 legati
1945 2435 2073 2490 pro-

453 2495 608 2548 ,Γροιὶ
655 2505 804 2560 sunt,
855 2496 1152 2567 diligenter
1198 2489 1615 2568 sciscitabatur,
1658 2520 1915 2574 qurenam
1948 2489 2075 2563 iviri

481 2596 590 2640 vita
617 2597 786 2650 esset,
821 2597 875 2642 et
905 2590 1219 2658 cujusmodi
1254 2593 1542 2649 miracula.
1573 2593 1680 2651 Sed
1703 2605 1758 2652 et
1777 2600 2072 2672 conjugem

479 2679 601 2748 ejus
653 2680 806 2734 aiunt
844 2691 898 2735 et
957 2683 1140 2738 oleum
1184 2685 1255 2740 ab
1310 2701 1377 2742 eo
1437 2688 1656 2760 1279
1718 2691 2070 2750 benedictum

481 2771 728 2840 petiisse,
762 2782 816 2825 et
846 2781 1111 2844 tanquam
1162 2775 1370 2832 donum
1413 2781 1715 2836 maximum
1763 2780 2069 2858 accepisse.

479 2861 624 2928 Quiu
673 2873 728 2919 et
777 2868 921 2937 regis
979 2867 1272 2923 domestici
1332 2885 1562 2942 omnes,
1615 2875 1761 2932 fama
1817 2886 2072 2950 permoti,

479 2957 732 3024 quamvis
773 2972 802 3010 a
857 2959 1028 3028 magis
1082 2959 1290 3017 multas
1317 2973 1514 3020 contra
1561 2967 1716 3022 illum
1769 2971 2074 3030 calumnias

478 3047 760 3112 audirent,
795 3057 850 3104 et
896 3061 1160 3107 accurate
1208 3058 1703 3126 percontabantur,
1740 3071 1796 3117 et
1844 3079 1906 3120 re
1942 3081 2072 3136 per-

476 3147 666 3208 specta
700 3137 950 3194 divinum
991 3141 1169 3196 virum
1211 3147 1587 3216 appellabant.
1630 3149 1838 3210 Caetera
1882 3163 2068 3213 autem

477 3229 638 3284 turba
690 3231 760 3284 ad
809 3231 1084 3288 muliones
1124 3237 1430 3302 accedens,
1464 3247 1520 3294 et
1567 3240 1634 3295 ad
1681 3243 1970 3302 ministros
2005 3263 2070 3303 ac

2193 571 2326 625 ἀλλὰ
2363 573 2457 626 καὶ
2489 574 2584 642 τῆς
2633 571 2740 625 τῶν
2781 572 3161 642 γενησομένων
3195 577 3556 646 προρρήσεως
3597 579 3789 646 ἐγενό-

2193 683 2300 732 μην
2333 665 2632 735 ἀκροατής.
2666 665 2777 718 Καὶ
2829 664 2938 734 γάρ
2963 665 3054 719 τὸν
3084 666 3376 734 γενόμενον
3418 668 3651 738 αὐχμὸν,
3687 674 3786 722 καὶ

2189 756 2286 826 τὴν
2339 757 2538 826 πολλὴν
2573 757 2789 824 ἐκείνην
2850 755 2942 809 τοῦ
2994 755 3145 820 ἔτους
3201 759 3500 828 ἀκαρπίαν,
3538 761 3634 814 καὶ
3688 762 3786 814 τὸν

2189 847 2630 917 ἀκολιυθήσαντα
2683 845 2860 916 λιμὸν,
2890 845 3026 916 ὁμοῦ
3069 864 3128 900 τε
3177 848 3273 901 καὶ
3308 849 3518 919 λοιμὸν,
3547 851 3658 920 πρὸ
3687 852 3789 905 δύο

2187 933 2344 990 εἶπεν
2395 938 2680 999 ἐνιαυτῶν,
2712 937 2907 1006 ῥάϐδον
2949 939 3187 1012 εἰρηκὼς
3217 939 3510 996 τεθεᾶσθαι
3531 945 3645 1006 τοῖς
3683 947 3782 998 ἁν-

2191 1029 2428 1100 θρὼποις
2474 1030 2902 1102 ἐπιφερομένην,
2937 1033 3032 1084 καὶ
3082 1032 3181 1095 τὰς
3227 1033 3520 1104 δι’.αὐτῆς
3555 1052 3784 1106 προμη-

2187 1121 2421 1174 νύουσαν
2472 1121 2762 1190 μάστιγας.
2791 1123 2900 1174 Καὶ
2943 1122 3132 1176 ἄλλοτε
3185 1123 3242 1177 δὲ
3293 1125 3392 1196 τῆς
3433 1126 3786 1197 καλουμένης

2188 1214 2416 1284 κάμπης
2465 1213 2564 1286 τὴν
2618 1213 2923 1286 προσϐολὴν
2963 1214 3338 1286 προεδήλωσε,
3381 1218 3478 1270 καὶ
3512 1219 3588 1283 ὡς
3622 1220 3783 1275 οὐδὲν

2190 1305 2332 1375 μέγα
2379 1304 2716 1376 λυμανεῖται,
2748 1305 2846 1377 τῆς
2903 1305 3054 1368 θείας
3095 1305 3505 1379 φιλανθρωπίας
3555 1311 3786 1364 ἀκολου-

2187 1396 2388 1467 θούσης
2414 1399 2484 1468 τῇ
2536 1397 2800 1468 τιμωρία.
2832 1397 3142 1471 Τριάκοντα
3170 1398 3228 1452 δὲ
3271 1399 3598 1456 διελθουσῶν
3646 1405 3785 1474 ἠμε-

2191 1487 2321 1557 ρῶν,
2348 1487 2552 1558 ἐπέστη
2609 1488 2709 1559 μὲν
2743 1487 2949 1558 πλῆθος
2975 1489 3222 1560 ἄπειρον,
3256 1489 3334 1554 ὡς
3367 1491 3460 1544 καὶ
3493 1493 3784 1565 διατεμεῖν

2185 1568 2284 1650 τὶν
2312 1580 2529 1644 ἀκτῖνα,
2563 1579 2656 1632 καὶ
2678 1579 2959 1650 σχεδιάσαι
2992 1580 3152 1634 σκιάν
3182 1598 3194 1612 ·
3220 1581 3317 1636 καὶ
3345 1582 3504 1638 τοῦτο
3529 1585 3784 1657 ἀκριϐῶς

2185 1672 2535 1744 ἐθεασάμεθα
2572 1674 2792 1737 πάντες.
2823 1675 3001 1728 Μόνον
3047 1675 3104 1728 δὲ
3132 1674 3224 1730 τὸν
3250 1675 3362 1730 τῶν
3389 1677 3600 1748 ἀλόγων
3625 1681 3784 1751 χιλὸν

2189 1765 2522 1836 ἐλυμήνατο,
2573 1764 2698 1818 οὐδὲ
2751 1765 2880 1836 μίαν
2937 1765 3118 1836 λώϐην
3171 1770 3240 1839 τῇ
3292 1767 3403 1822 τῶν
3467 1770 3786 1844 ἀνθρώπων

2121 1838 2160 1894 Β
2190 1857 2638 1928 προσενεγκοῖωα
2658 1859 2856 1928 τροφῇ.
2900 1858 3009 1911 Καὶ
3041 1859 3166 1929 ἐμοί⁵
3189 1838 3248 1912 δὲ
3290 1860 3395 1915 ὑπό
3427 1838 3586 1927 τινος.
3610 1865 3782 1918 πολε-

2189 1953 2464 2026 μουμένῳ,
2499 1951 2604 2020 πρὸ
2656 1952 3052 2005 πεντεκαίδεκα
3093 1953 3365 2024 ἐμήνυσεν
3404 1955 3629 2026 ἡμερῶν
3674 1958 3782 2026 τὴν

2183 2045 2278 2098 τοῦ
2319 2043 2578 2112 πολεμίου
2613 2041 2930 2105 κατάλυσιν,
2953 2045 3050 2096 καὶ
3093 2046 3158 2114 τῇ
3187 2044 3355 2114 πείρᾳ
3389 2047 3492 2116 τῆς
3525 2051 3779 2119 προρρή-

2115 2136 2414 2207 πάμπολλα
2455 2134 2824 2205 ἐπιστάμενος
2870 2136 3140 2206 παρήσω,
3175 2135 3392 2204 φεύγων
3449 2137 3546 2192 τοῦ
3611 2138 3778 2208 λόγου

2115 2231 2282 2288 αὐτοῦ
2310 2231 2408 2302 τὴν
2443 2231 2821 2302 πνευματικὴν
2849 2230 3104 2302 θεωρίαν.
3370 2231 3380 2240 ’

2253 2327 2443 2397 Τούτῳ
2485 2326 2618 2380 πολὺ
2666 2325 2727 2378 τὸ
2776 2325 2936 2390 κλέος
2967 2327 3062 2379 καὶ
3110 2327 3262 2398 παρὰ
3302 2328 3382 2400 τῷ
3411 2330 3638 2401 Περσῶν
3671 2331 3778 2402 βα-

2183 2417 2338 2471 σιλεῖ.
2382 2417 2471 2480 Ὦς
2500 2415 2610 2488 γὰρ
2663 2416 2715 2468 οἱ
2773 2417 2911 2488 πρὸς
2957 2418 3168 2472 ἐκεῖνον
3215 2419 3540 2490 ἀφικόμενοι
3573 2423 3780 2493 διηγῄ-

2182 2526 2344 2563 σαντο
2371 2507 2651 2580 πρέσϐεις,
2679 2507 2958 2578 ἐπιμελῶς
2983 2509 3338 2573 ἐπυνθάνετο,
3368 2511 3453 2575 τίς
3480 2530 3540 2565 τε
3561 2513 3649 2585 εἴη
3677 2515 3778 2568 τοῦ

2179 2600 2369 2667 ἀνδρὸς
2395 2603 2424 2652 ὀ
2451 2601 2586 2670 βίος,
2605 2601 2698 2653 καὶ
2727 2603 2858 2654 ποῖα
2884 2600 2952 2654 τά
2987 2599 3264 2673 θαύματα.
3287 2603 3402 2676 Τὴν
3430 2605 3487 2658 δὲ
3514 2605 3771 2675 ὁμόζυγα

2175 2694 2368 2748 τούτου
2397 2695 2529 2764 φασὶ
2561 2696 2655 2748 καὶ
2687 2693 2866 2749 ἔλαιον
2897 2695 3117 2766 αἰτῆσαι
3163 2696 3264 2766 τῆς
3291 2697 3484 2751 τούτου
3513 2697 3775 2764 εὐλογίας

2177 2785 2505 2856 ἠξιωμένον,
2541 2785 2634 2838 κοιλ⁵
2671 2785 2748 2849 ὡς
2777 2787 3034 2857 μέγιστον
3068 2776 3243 2858 δῶρον
3274 2788 3630 2859 κομίσασθαι.
3657 2790 3778 2844 Καὶ

2178 2877 2226 2930 οἱ
2261 2876 2388 2946 περὶ
2425 2875 2653 2946 βασιλέα
2679 2875 2737 2928 δὲ
2783 2877 2984 2940 πάντες
3021 2877 3128 2930 ὐπὺ
3156 2879 3256 2950 τῆς
3289 2878 3481 2949 φήμης
3499 2877 3771 2950 βαλλόμε-

2177 2984 2280 3032 νοι,
2311 2967 2407 3020 καὶ
2449 2965 2652 3030 πολλὰς
2697 2965 2850 3037 παρὰ
2871 2967 2982 3021 τῶν
3019 2967 3210 3038 μάγων
3249 2969 3368 3022 κατ’
3401 2969 3566 3024 αὐτοῦ
3597 2987 3770 3024 συκο-

2177 3062 2408 3131 φαντίας
2466 3060 2770 3132 δεχόμενοι,
2798 3061 2893 3114 καὶ
2940 3061 3188 3134 ἀκριϐῶς
3246 3061 3642 3128 ἐπυνθάνοντο,
3672 3067 3770 3118 καὶ

2175 3152 2552 3224 διδασκόμενοι
2592 3150 2734 3207 θεῖον
2783 3152 2951 3226 ἄνδρα
3004 3153 3308 3226 ὠνόμαζον.
3358 3155 3417 3211 Ὀ
3468 3155 3526 3210 δὲ
3575 3157 3770 3221 λοιπὸς

2173 3245 2360 3314 ὅμιλος
2387 3246 2502 3308 τοῖς
2539 3244 2882 3325 ὀρεωκόμοις
2920 3249 3260 3325 προσιόντες,
3301 3249 3396 3302 καὶ
3423 3249 3766 3313 καθικέταις,

476 3320 700 3386 milites,
729 3329 783 3376 et
827 3325 1092 3391 pecunias
1130 3323 1454 3394 oll'erebant,
1489 3337 1544 3384 et
1582 3341 1644 3385 ιιι
1688 3334 1794 3389 olei
1840 3335 2068 3393 benedi-

2173 3335 2267 3388 καὶ
2305 3335 2686 3405 στρατιώταις,
2715 3338 2809 3391 καὶ
2847 3320 3114 3410 ὶρήματα
3148 3341 3506 3412 προσέφερον,
3538 3341 3636 3395 καὶ
3663 3342 3768 3411 τῆς

476 3413 682 3468 etionis
724 3415 1025 3484 participes
1061 3415 1262 3472 tierent
1310 3420 1704 3478 obsecrabat“.
1763 3426 2067 3484 Ismaclita-

476 3519 597 3558 rum
642 3514 822 3562 autem
869 3509 1082 3578 regina,
1121 3509 1326 3567 sterilis
1374 3528 1500 3568 cum
1537 3526 1708 3583 esset,
1744 3519 2066 3593 liberosque

475 3606 711 3668 Optaret,
755 3600 932 3670 primo
981 3601 1205 3671 quidem
1257 3605 1442 3660 missis
1466 3607 1802 3678 quibusdam
1854 3630 1918 3667 ex
1953 3617 2066 3684 pri-

475 3692 744 3756 moribus,
776 3703 831 3746 ut
864 3703 1037 3748 mater
1059 3696 1212 3749 lierct
1239 3698 1589 3756 obsecravit:
1620 3712 1912 3775 postquam
1935 3725 2066 3763 vero

473 3799 700 3854 emupos
733 3786 840 3840 voti
875 3784 1017 3842 facta
1055 3796 1160 3853 est,
1215 3793 1540 3863 peperitque
1575 3802 1634 3848 ut
1674 3806 1918 3866 optarat,
1968 3816 2064 3854 na-

473 3886 589 3930 ttttn
613 3893 793 3947 regem
828 3879 1108 3949 accipiens
1130 3880 1196 3934 ad
1230 3881 1480 3938 divinum
1509 3899 1697 3942 senem
1726 3891 2016 3944 contendit
2046 3913 2058 3946 :

472 3975 528 4023 et
559 3967 686 4037 quia
727 3970 1056 4024 mulieribus
1095 3971 1276 4027 aditus
1325 3989 1432 4028 non
1474 3977 1730 4044 patebat,
1774 3981 1948 4037 misso
1995 3984 2061 4038 ad

473 4058 624 4112 illum
659 4059 886 4126 infante,
916 4063 1126 4132 rogavit
1147 4073 1206 4118 ut
1240 4064 1682 4124 benedictionem
1716 4072 2058 4141 impetraret.

477 4168 497 4201 ι
533 4149 682 4206 Tuus
721 4151 869 4206 enim
901 4162 1006 4216 ρει,
1044 4155 1242 4224 inquit,
1288 4157 1377 4213 bic
1411 4159 1750 4231 manipulus.
1788 4161 1901 4234 Ego
1933 4182 2058 4220 cum

472 4243 728 4314 lacrymis
754 4259 983 4312 precum
1007 4261 1196 4302 semen
1232 4251 1442 4304 contuli
1479 4269 1494 4308 :
1523 4259 1581 4307 tu
1611 4269 1676 4309 ex
1703 4259 1916 4312 semine
1945 4272 2060 4310 ma-

471 4335 718 4403 nipulum
745 4334 1010 4402 eduxisti,
1055 4337 1256 4396 divinae
1303 4343 1494 4413 gratiae
1529 4345 1769 4416 pluviam
1807 4349 2059 4405 oratione

470 4433 562 4479 tua
593 4424 840 4482 eliciens.
866 4445 884 4479 ι

539 4597 644 4655 Sed
679 4618 972 4673 quousque
1019 4605 1239 4660 tandem
1287 4607 1546 4664 Atlantici
1594 4613 1765 4668 maris
1802 4614 2049 4670 allitudi-

466 4709 588 4749 nem
621 4694 797 4750 metiri
821 4696 1029 4751 conor?
1061 4697 1198 4752 Nam
1221 4699 1368 4754 sicut
1400 4701 1540 4756 hanc
1578 4703 1823 4762 dimetiri
1866 4711 2048 4764 homi-
2085 4673 2128 4728 υ

465 4800 563 4840 nes
581 4793 879 4856 nequeunt,
905 4787 986 4843 sic
1013 4789 1320 4846 orationem
1348 4805 1689 4864 exsuperant
1721 4815 1843 4870 qua
1865 4802 1935 4855 ab
1957 4804 2050 4858 illo

463 4875 600 4930 ﬁunt
627 4877 895 4948 quotidie.
931 4877 1044 4950 Ego
1079 4893 1262 4937 autem
1289 4881 1408 4954 ejus
1433 4894 1561 4942 ante
1590 4888 1705 4944 haec
1737 4895 1920 4947 omnia
1947 4897 2043 4951 ad-

462 4969 1014 5034 mirorcmistantiam
1037 4990 1052 5038 ;
1075 4983 1266 5032 noctes
1281 4979 1424 5032 enim
1450 4981 1680 5052 diesque
1696 4985 1764 5040 ab
1791 4990 2049 5046 omnibus

461 5068 578 5116 erat
611 5063 784 5116 visus.
819 5059 1054 5120 Foribus
1081 5068 1230 5122 enim
1274 5069 1492 5137 ablatis,
1533 5078 1787 5146 murique
1811 5077 2046 5148 disjecta

461 5161 614 5221 parte
647 5171 754 5210 non
793 5157 1040 5222 minima,
1079 5174 1281 5214 novum
1317 5165 1580 5222 omnibus
1613 5168 1668 5222 et
1709 5174 2042 5241 stupendum

2171 3425 2264 3479 τοῦ
2319 3427 2500 3482 ἐλαίου
2532 3427 2780 3498 εὐλογίας
2813 3433 3106 3502 μετασχεῖν
3160 3431 3424 3486 ἱκέτευον.
3467 3434 3611 3488 Ἥδὲ
3652 3435 3766 3489 τῶν

2184 3520 2542 3591 Ἰσμαηλιτῶν
2595 3519 2880 3592 βασίλισσα
2906 3563 2922 3588 ,
2955 3523 3185 3596 στερίφη
3230 3520 3368 3579 οὖσα
3420 3526 3515 3580 καὶ
3548 3529 3762 3582 παίδων

2170 3613 2454 3686 ἐφιεμένη,
2494 3614 2710 3684 πρῶτον
2763 3615 2864 3684 μέν
2915 3632 3066 3680 τινας
3097 3617 3208 3671 τῶν
3259 3617 3576 3685 ἀξιωτάτων
3617 3623 3760 3675 ἁπο-

2171 3706 2470 3770 στείλασα,
2510 3704 2766 3774 γενέσθαι
2831 3709 3014 3778 μήτηρ
3071 3707 3371 3765 ἱκέτευσεν.
3432 3711 3655 3784 Ἐπειδὴ
3702 3715 3760 3766 δὲ

2169 3797 2328 3868 ἔτυχε
2353 3796 2454 3868 τῆς
2474 3799 2764 3867 αίτήσεως,
2800 3799 2896 3851 καὶ
2927 3797 3087 3868 ἔσχεν
3116 3800 3192 3864 ὡς
3217 3801 3475 3872 ἐπόθησε,
3501 3803 3596 3857 τὸν
3631 3822 3757 3873 γεν-

2166 3889 2398 3962 νηθέντα
2428 3889 2666 3943 λαϐοῦσα
2693 3891 2940 3960 βασιλέα,
2971 3891 3108 3964 πρὸς
3134 3892 3226 3946 τὸν
3265 3893 3409 3948 θεῖον
3438 3896 3759 3968 πρεσϐύτην

2167 3983 2370 4056 έδραμε
2411 4003 2424 4018 ·
2460 3988 2556 4039 καὶ
2603 3986 2790 4058 ἐπειδὴ
2839 3987 3086 4056 γυναιξὶν
3113 3989 3212 4043 οὐκ
3258 3990 3459 4045 εἰσιτὸν
3491 3988 3583 4064 ἦν,
3616 3996 3759 4066 πρὸς

2165 4077 2328 4131 αὐτὸν
2361 4077 2621 4149 πέμψασα
2674 4080 2734 4133 τὸ
2785 4079 3006 4151 βρέφος,
3044 4081 3145 4153 τῆς
3187 4083 3320 4154 παρ’
3346 4083 3514 4139 αὐτοῦ
3567 4091 3758 4158 τυχεῖν

2166 4168 2414 4235 εὐλογίας
2449 4169 2658 4222 ἱκέτευε
2694 4187 2708 4200 ο
2751 4190 2769 4222 ι
2799 4171 2898 4224 Σὺν
2942 4171 3072 4243 γὰρ,
3108 4173 3236 4245 ἔφη,
3272 4175 3392 4230 τόδε
3421 4176 3482 4230 τὸ
3504 4178 3754 4250 δράγμα.

2176 4258 2318 4326 Ἐγὼ
2355 4261 2452 4330 μὲν
2502 4261 2608 4332 γάρ
2652 4261 2790 4333 μετὰ
2839 4262 3090 4335 δακρύων
3125 4265 3189 4319 τὸ
3235 4266 3336 4338 τῆς
3385 4269 3552 4340 εὐχῆς
3582 4287 3756 4342 προσ-

2163 4350 2394 4422 ενήνοχα
2429 4353 2652 4424 σπέρμα
2677 4370 2692 4384 ο
2736 4353 2801 4407 σὺ
2839 4354 2898 4409 δὲ
2931 4357 2993 4410 τὸ
3017 4359 3243 4430 σπέρμα
3274 4361 3586 4432 πεποίηκας
3613 4363 3754 4435 δρά-

2161 4457 2301 4512 γμα,
2331 4443 2432 4514 τῆς
2481 4443 2632 4510 θείας
2667 4446 2892 4516 χάριτος
2925 4447 3016 4503 διὰ
3050 4451 3360 4523 προσευχῆς
3383 4453 3618 4520 ἑλκύσας
3655 4457 3753 4509 τὸν

2162 4533 2340 4590 ὑετόν.
2382 4555 2398 4586 ι

2244 4632 2402 4686 Ἀλλά
2435 4633 2596 4706 μέχρι
2632 4636 2762 4688 πότε
2791 4629 3078 4706 φιλὸνεικῶ
3099 4641 3371 4714 μετρῆσαι
3396 4645 3489 4698 τοῦ
3525 4625 3720 4703 Ἀτλαν
3742 4681 3756 4688 -

2158 4723 2622 4803 τικούπελάγους
2657 4727 2716 4780 τὸ
2773 4727 2976 4799 βάθοςς
3005 4731 3218 4804 Ὥσπερ
3259 4735 3368 4806 γὰρ
3402 4739 3586 4793 ἐκεῖνα
3633 4745 3754 4805 τοῖς

2154 4814 2465 4887 ἀνθρώποις
2499 4818 2808 4890 ἀμέτρητα,
2833 4819 3006 4886 οὕτως
3033 4824 3350 4895 ὑπερϐαίνει
3394 4829 3648 4902 διήγησιν
3679 4837 3752 4889 τὰ

2154 4907 2276 4961 καθ’
2307 4907 2524 4980 ἡμέραν
2575 4909 2668 4962 ὐπ’
2697 4911 2910 4966 ἐκείνου
2941 4915 3222 4984 γινόμενα.
3278 4919 3420 4987 Ἐγὼ
3464 4921 3520 4974 δὲ
3574 4925 3748 4978 αὐτοῦ

2153 4997 2262 5068 πρὸ
2289 4999 2492 5055 τούτων
2539 5001 2798 5056 ἁπάντων
2843 5005 2943 5077 τὴν
2978 5011 3276 5082 καρτερίαν
3301 5011 3590 5082 θαυμάξω.
3627 5017 3749 5071 Νύ-

2153 5105 2302 5161 κτωρ
2332 5093 2442 5164 γὰρ
2467 5094 2562 5147 καὶ
2589 5096 2936 5169 μεθ’ήμέραν
2961 5099 3194 5172 ἕστηκεν
3221 5104 3326 5158 ὑπὸ
3360 5107 3582 5162 πάντων
3601 5111 3750 5182 ὀρώ-

2157 5195 2338 5248 μενος.
2362 5184 2472 5250 Τὰς
2517 5186 2687 5260 θύρας
2739 5191 2847 5261 γὰρ
2899 5191 3151 5262 ἀφελὼν,
3182 5197 3278 5251 καὶ
3310 5199 3406 5253 τοῦ
3446 5201 3748 5271 περιϐόλου
