4074 6402
356 379 487 446 1481

1576 382 1985 447 RELIGIOSA
2024 382 2412 447 HISTORIA.

3465 387 3601 455 14ὃὲ

353 496 518 567 μέρος
569 493 669 547 οὐκ
723 493 1002 565 ἐλάχιστον
1060 495 1388 560 καταλύσας,
1448 498 1727 568 πρῦκειται
1788 496 1923 549 πᾶσι

2040 496 2400 560 spectaculum
2432 493 2777 565 proponitur.
2825 492 2980 549 Nunc
3006 495 3226 566 quidem
3261 497 3418 569 Iotth
3448 511 3605 557 stans

353 586 529 656 θέαμα
558 585 744 640 καινὸν
773 586 868 640 καὶ¹
900 587 1203 658 παράδοξον
1227 605 1242 619 ο
1284 588 1380 644 νῦν
1424 589 1523 660 μὲν
1561 586 1731 653 ἑστὼς
1763 586 1928 657 μέχρι

352 676 568 743 πολλοῦ,
599 676 697 731 νῦν
720 676 776 731 δὲ
820 677 971 747 θαμά
1002 679 1552 752 κατακαμπτόμενος,
1583 680 1678 735 καὶ
1708 677 1788 749 τῷ
1810 676 1930 748 Θεῷ

355 769 679 840 προσφέρων
734 768 1123 841 προσκύνησιν.
1173 770 1368 824 Πολλοὶ
1410 771 1467 826 δὲ
1497 770 1594 825 καὶ
1636 768 1931 841 ἀριθμοῦσι

349 861 461 912 τῶν
502 858 754 913 ἑστώτων
789 860 1020 915 ταυτασὶ
1065 861 1166 926 τὰς
1214 863 1635 933 προσκυνήσεις.
1665 859 1850 926 ’Ἁπαξ
1874 860 1933 915 δέ

350 970 433 1016 τις
462 951 571 1005 τῶν
608 953 706 1007 σὺν
733 953 858 1024 ἐμοὶ
887 953 1064 1026 χιλίας
1092 955 1189 1010 καὶ
1213 954 1491 1019 διακοσίας
1514 954 1653 1027 πρὸς
1674 952 1932 1023 τέτταρσι

353 1043 447 1094 καὶ
494 1044 904 1114 τεσσαράκοντα
946 1043 1281 1118 ἀριθμήσας,
1306 1040 1428 1099 εἶτα
1460 1045 1718 1110 ὀκλάσας,
1750 1044 1932 1114 ἀφῆκε

350 1134 451 1205 τὴν
495 1132 698 1203 ψῆφον.
757 1134 1142 1190 Κατακύπτων
1195 1135 1252 1189 δὲ
1303 1136 1392 1190 ἀεὶ
1437 1137 1550 1200 τοῖς
1600 1135 1710 1188 τῶν
1756 1133 1933 1189 ποδῶν

351 1225 635 1290 δακτύλοις
687 1227 1057 1298 προσπελάζει
1104 1228 1167 1282 τὸ
1217 1227 1491 1299 μέτωπον.
1538 1228 1719 1293 Ἀπαξ
1746 1226 1806 1281 δὲ
1830 1225 1935 1298 τῆς

353 1316 648 1388 ἑϐδομάδος
674 1316 931 1391 τροφήνή
957 1320 1173 1393 γαστὴρ
1206 1318 1599 1391 ὑποδεχομένη,
1619 1319 1714 1373 καὶ
1730 1317 1935 1390 ταύτην

354 1411 617 1481 βραχεῖαν
643 1450 659 1476 ,
693 1409 939 1474 εὐπετῶς
970 1410 1417 1484 ὲπικάμπτεσθαι
1455 1410 1534 1481 τῷ
1561 1409 1715 1481 νώτῳ
1752 1426 1933 1481 παρα·-

352 1500 541 1571 χωρεί.
557 1499 692 1552 Φασὶ
711 1498 770 1553 δὲ
796 1499 906 1553 ἀπὸ
933 1499 1032 1572 τῆς
1065 1501 1309 1565 στάσεως
1334 1503 1429 1555 καὶ
1458 1500 1673 1571 χρόνιον
1705 1497 1861 1562 ἕλκος
1873 1498 1934 1551 ἐν

353 1589 573 1675 θατέρῳ
596 1589 852 1658 γενέσθαι
876 1590 1020 1656 ποδὶ,
1052 1593 1148 1647 καὶ
1172 1592 1439 1662 διηνεκῶς
1477 1591 1728 1646 πλεῖστον
1762 1588 1937 1662 ἰχῶρα

353 1679 564 1734 ἐκεῖθεν
581 1678 950 1750 ὲκκρίνεσθαι.
970 1680 1107 1734 Ἀλλ’
1121 1681 1271 1752 ὅμως
1291 1680 1444 1734 οὐδὲν
1461 1679 1688 1735 τουτωνὶ
1708 1680 1817 1734 τῶν
1838 1696 1934 1733 πα⁴

354 1770 466 1825 θῶν
484 1770 583 1841 τὴν
611 1771 930 1842 φιλοσοφίαν
959 1771 1247 1845 ἐξήλεγξεν
1268 1791 1281 1804 ·
1304 1773 1440 1827 ἀλλά
1459 1772 1615 1844 φέρει
1647 1771 1931 1841 γενναίως,

353 1866 451 1919 καὶ
482 1865 552 1919 τὰ
576 1864 820 1933 ἑκούσια,
845 1866 941 1919 καὶ
969 1866 1040 1919 τὰ
1070 1865 1304 1921 ἀκούσια
1329 1864 1644 1919 καὶτούτων
1666 1865 1935 1919 κάκείνων

357 1957 429 2028 τῇ
459 1955 739 2029 προθυμία
766 1957 1208 2029 περιγενόμενος.
1235 1955 1408 2013 Τοῦτο
1437 1957 1495 2012 δὲ
1530 1957 1591 2011 τὸ
1621 1957 1780 2020 ἕλκος
1813 1958 1939 2011 ὐπο-

353 2049 521 2116 δεῐξαί
544 2066 650 2104 τινι
693 2048 1012 2121 ἠναγκάσθη
1043 2048 1176 2103 ποτέ
1195 2066 1209 2079 ο
1256 2049 1590 2123 διηγήσομαι
1613 2049 1671 2104 δὲ
1717 2047 1813 2103 καὶ
1836 2047 1938 2121 τὴν

354 2141 556 2196 αἰτίαν.
600 2141 853 2210 Ἀφίκετό
871 2157 957 2205 τις
979 2140 1087 2194 ἀπὸ
1125 2140 1438 2212 Ῥαϐαίνης,
1460 2139 1598 2212 ἀνὴρ
1625 2139 1934 2206 σπουδαῖος,

355 2233 452 2287 καὶ
479 2235 545 2304 τῇ
575 2232 668 2285 τοῦ
692 2231 929 2303 Χριστοῦ
949 2230 1196 2303 διακονίᾳ
1225 2233 1610 2304 τετιμημένος.
1640 2226 1809 2298 Οὗτος
1836 2232 1939 2305 τὴν

354 2324 599 2397 κορυφὴν
632 2324 850 2396 ἐκείνην
877 2323 1200 2379 καταλαϐών
1221 2341 1236 2356 ·
1272 2343 1292 2378 ι
1329 2325 1467 2379 Εἰπέ
1504 2342 1615 2397 μοι,
1643 2325 1770 2398 ἔφη,
1800 2324 1938 2398 πρὸς

350 2417 453 2488 τῆς
494 2414 753 2487 ἀληθείας
785 2415 978 2488 αὐτῆς,
1015 2417 1116 2489 τῆς
1158 2415 1271 2470 τῶν
1305 2415 1607 2488 ἀνθρώπων
1638 2417 1795 2487 γένος
1817 2417 1934 2471 ἑπι-

356 2508 687 2583 στρεψάσης,
725 2505 1009 2579 ἄνθρωπος
1037 2503 1106 2575 εἴ,
1130 2507 1164 2580 ἢ
1186 2507 1473 2580 ἀσώματος
1512 2507 1674 2578 φύσις
1699 2524 1716 2577 ;
1745 2526 1765 2561 ι
1803 2508 1938 2561 Δυσ-

354 2600 699 2673 χερανάντων
741 2599 800 2652 δὲ
849 2598 986 2670 πρὸς
1011 2599 1117 2671 τὴν
1150 2588 1420 2671 ὲρώτήσιν
1461 2599 1571 2654 τῶν
1628 2599 1935 2671 παρόντων,

356 2694 516 2767 σιγήν
557 2692 656 2765 μὲν
699 2693 855 2762 ἄγειν
902 2691 1156 2747 ἐκέλευσε
1205 2692 1413 2757 πάντας
1438 2710 1453 2725 ·
1490 2692 1626 2763 πρὸς
1649 2693 1855 2746 ἐκεῖνον
1880 2690 1937 2745 δὲ

355 2782 461 2853 ἔφη
487 2798 502 2813 ο
523 2781 589 2835 Τί
614 2782 678 2854 δή
712 2798 844 2835 ποτε
879 2780 1085 2853 ταύτην
1112 2783 1212 2855 τὴν
1246 2782 1440 2841 πεῦσιν
1475 2783 1882 2854 προσήνεγκαςς
1910 2802 1928 2834 ι

355 2874 460 2929 Τοῦ
485 2874 544 2930 δὲ
564 2874 847 2946 εἰρηκότος
867 2890 880 2904 ‘
909 2891 928 2926 ι
959 2874 1047 2939 Ὠς
1078 2873 1299 2929 πάντων
1328 2874 1510 2929 ἀκούω
1541 2875 1937 2947 θρυλλούντων,

353 2966 430 3032 ὡς
456 2965 581 3021 οὗτε
617 2967 839 3034 ἐσθίεις,
875 2964 999 3021 οὔτε
1033 2966 1347 3032 καθεύδεις·
1380 2966 1684 3040 ἀνθρώπων
1711 2968 1767 3022 δὲ
1806 2968 1938 3025 ἑκά-

354 3076 513 3131 τερον
561 3058 693 3113 ῐδιον
718 3074 733 3090 ο
761 3059 821 3112 οὐ
855 3057 965 3131 γὰρ
1001 3058 1068 3113 ἄν
1090 3076 1175 3122 τις
1211 3057 1415 3128 ταύτην
1449 3058 1590 3131 ἔχων
1622 3059 1720 3131 τὴν
1752 3058 1934 3129 φύσιν,

2031 594 2298 657 tempore,
2332 603 2479 642 nunc
2511 587 2749 645 subinde
2807 602 2869 643 se
2915 586 3223 656 inflectens,
3258 589 3477 662 Dcoque
3511 595 3606 647 ad-

2031 678 2336 734 orationem
2373 678 2591 749 1280
2638 678 2892 735 offerens.
2927 681 3007 735 Ac
3047 680 3204 735 multi
3251 695 3385 738 sane
3417 690 3607 739 astan-

2034 768 2172 824 tium
2201 771 2219 790 ‘
2246 769 2600 825 adorationes
2645 770 2780 827 istas
2809 778 3157 827 enumerant.
3197 770 3375 829 Semel
3423 784 3608 831 autem

2033 860 2257 932 quidam
2293 861 2457 918 exiis
2485 863 2575 931 qui
2600 876 2814 918 mecum
2846 871 3029 929 erant,
3059 878 3185 919 cum
3214 864 3370 920 mille
3403 866 3614 923 ducen-

2033 961 2118 1009 tas
2142 952 2506 1024 quadraginta
2524 961 2762 1024 quatuor
2787 964 3188 1021 enumerasset,
3214 954 3395 1014 fessus
3420 968 3612 1028 postea

2033 1057 2329 1099 numerare
2354 1044 2588 1100 destitit.
2633 1045 2863 1115 Semper
2885 1052 3093 1110 autem,
3120 1060 3247 1101 cum
3279 1062 3341 1104 se
3378 1049 3613 1104 inclina-

2034 1135 2149 1199 bat,
2175 1135 2245 1191 ad
2278 1135 2483 1206 digitos
2531 1151 2709 1206 usque
2741 1137 2940 1206 pedum
2980 1137 3218 1193 frontem
3260 1140 3611 1196 admovebat.

2033 1224 2171 1280 Nam
2187 1241 2316 1281 cum
2347 1226 2516 1282 semel
2542 1226 2597 1281 in
2628 1226 2974 1284 hebdomade
2991 1228 3171 1283 cibum
3199 1239 3387 1287 venter
3405 1233 3612 1302 capiat,

2033 1332 2272 1388 cumque
2292 1318 2575 1389 exiguum,
2603 1317 2769 1374 dorso
2802 1317 3058 1374 concedit
3090 1327 3151 1372 ut
3184 1317 3346 1374 facile
3367 1320 3615 1376 inflecta-

2037 1414 2146 1461 tur.
2186 1407 2355 1463 Aiunt
2378 1414 2560 1463 autem
2590 1406 2667 1461 illi
2707 1422 2773 1463 ex
2809 1406 3049 1463 statione
3066 1407 3427 1463 inveteratum
3456 1410 3616 1465 ulcus

2037 1498 2230 1566 fuisse,
2258 1498 2601 1570 multamque
2630 1513 2698 1555 ex
2727 1513 2792 1557 eo
2821 1499 3035 1554 saniem
3058 1499 3411 1556 continenter
3443 1499 3617 1555 deliu-

2035 1592 2207 1649 xisse.
2244 1592 2528 1648 Attamen
2571 1591 2711 1647 nihil
2763 1591 3000 1648 istorum
3048 1590 3171 1662 ejus
3208 1590 3617 1662 philosophiam

2036 1682 2294 1739 labefecit
2347 1700 2361 1738 :
2416 1684 2512 1738 sed
2567 1683 2752 1737 omnia
2797 1682 3016 1738 fortiter
3071 1684 3287 1749 tolerat,
3339 1691 3453 1739 tum
3495 1701 3621 1755 quae

2036 1780 2236 1844 sponte
2272 1773 2441 1839 subit,
2491 1781 2605 1830 tum
2637 1789 2760 1843 qua:
2799 1773 3008 1829 nolenti
3056 1772 3338 1840 accidunt,
3374 1785 3434 1830 ut
3468 1786 3620 1830 utra-

2038 1880 2149 1936 que
2193 1865 2360 1921 auimi
2417 1866 2707 1923 alacritate
2759 1866 3052 1936 pervincit.
3108 1865 3224 1921 Hoc
3257 1881 3426 1938 porro
3459 1870 3619 1923 ulcus

2039 1955 2259 2011 cuidam
2299 1955 2622 2026 aliquando,
2650 1970 2759 2026 qua
2787 1955 2854 2011 de
2880 1969 3070 2021 causa,
3096 1955 3301 2022 dicam,
3333 1960 3622 2014 ostendere

2039 2053 2270 2102 coactus
2297 2054 2405 2102 est.
2451 2044 2689 2102 Venerat
2727 2059 2757 2099 a
2785 2043 3025 2101 Rabama
3067 2045 3113 2078 ³³
3143 2047 3369 2116 quidam
3407 2048 3491 2102 vir
3518 2049 3622 2103 bo-

2038 2152 2168 2203 nus,
2187 2137 2510 2209 Christique
2532 2136 2797 2192 famulatu
2821 2136 3148 2194 honoratus.
3180 2136 3230 2194 Is
3261 2139 3621 2195 adeacumon

2041 2230 2177 2289 illud
2197 2245 2321 2285 cum
2345 2228 2706 2293 ascendisset,
2737 2245 2757 2280 ι
2787 2226 2884 2284 Dic
2919 2228 3075 2294 mihi,
3105 2228 3303 2300 inquit,
3330 2229 3620 2301 pet-ipsam

2040 2324 2351 2385 veritatem,
2389 2336 2511 2391 qum
2555 2320 2857 2375 humanum
2900 2334 3075 2391 genus
3112 2323 3181 2375 ad
3222 2335 3283 2376 se
3325 2325 3619 2386 convertit,

2040 2417 2277 2473 homone
2302 2429 2385 2479 es,
2425 2429 2494 2468 an
2531 2414 2858 2482 incorporea
2887 2411 3131 2467 natura?
3166 2429 3187 2464 ι
3226 2411 3396 2484 ιΕειυε
3433 2422 3618 2468 autem

2040 2506 2525 2579 interrogationem
2579 2505 2891 2562 ferentibus
2948 2504 3311 2574 cunctisqui
3357 2507 3619 2570 aderant,

2038 2596 2205 2652 silere
2232 2610 2428 2651 omnes
2449 2594 2638 2665 jussit,
2664 2604 2719 2650 et
2752 2595 2909 2649 illum
2932 2594 3259 2666 alloquens:
3294 2614 3312 2648 ι
3350 2597 3462 2651 Cur
3491 2598 3618 2661 hoc,

2039 2689 2152 2754 ait,
2207 2688 2532 2744 sciscitatus
2578 2686 2680 2743 es?
2718 2706 2737 2738 ι
2780 2684 2848 2740 Ει
2894 2700 3019 2741 cum
3062 2685 3158 2743 ille
3199 2688 3617 2758 respondisset:

2044 2798 2064 2832 ι
2094 2779 2233 2847 Quia
2259 2778 2462 2850 jactari
2494 2778 2565 2834 ab
2593 2777 2851 2834 omnibus
2878 2778 3062 2842 video,
3091 2787 3149 2834 te
3183 2794 3287 2833 nec
3309 2779 3620 2840 comedere.

2030 2887 2141 2943 nec
2169 2871 2450 2927 dormire:
2476 2869 2763 2925 hominum
2788 2877 2974 2926 autem
2998 2869 3280 2940 proprium
3300 2879 3384 2927 est
3411 2881 3623 2927 utrum-

2038 2977 2168 3034 que,
2201 2975 2379 3031 neque
2408 2960 2556 3016 enim
2588 2961 2884 3033 quisquam
2912 2967 2998 3016 est
3029 2960 3130 3016 hac
3162 2960 3428 3031 praeditus
3457 2971 3622 3017 natu-

2039 3070 2121 3123 ra,
2146 3055 2239 3126 qui
2273 3055 2484 3126 absque
2521 3053 2647 3110 cibo
2676 3061 2736 3110 et
2772 3067 2974 3111 somno
3009 3053 3178 3110 vitam
3225 3054 3430 3110 ducat:
3466 3073 3487 3107 ι
3523 3057 3619 3108 ad-

354 3151 561 3224 τροφῆς
591 3149 715 3222 δίχα
762 3150 857 3205 καὶ
911 3150 1082 3206 ὕπνου
1129 3150 1469 3206 διαϐιὼσειεν
1495 3165 1512 3182 ο
1550 3171 1568 3204 ι
1608 3152 1936 3208 ὲπιτεθεῖναι

2042 3148 2249 3205 moveri
2269 3149 2473 3205 scalam
2496 3147 2687 3216 jussit,
2712 3146 2979 3218 illumque
3005 3148 3308 3204 ascendere
3336 3150 3615 3218 praeepir.

358 3242 457 3314 μὲν
489 3240 567 3314 τῷ
590 3240 728 3295 κίονι
761 3241 1005 3313 κλίμακα
1026 3240 1383 3312 προσέταξεν,
1408 3242 1673 3314 ἀναϐῆναί
1695 3260 1755 3296 τε
1791 3245 1937 3298 ἐκεῖ·

354 3351 446 3389 νον
465 3334 739 3399 ἐκέλευσε,
754 3334 849 3389 καὶ
872 3333 1089 3406 πρῶτον
1116 3333 1215 3405 μὲν
1241 3335 1341 3398 τὰς
1363 3336 1552 3406 χεῖρας
1579 3336 1937 3407 καταμαθεῖν,

354 3423 478 3480 εἶτα
513 3424 622 3481 ἔσω
651 3424 747 3479 τοῦ
776 3425 1097 3499 δερματίνου
1130 3424 1477 3497 περιϐολαίου
1516 3426 1617 3496 τὴν
1647 3429 1803 3496 χεῖρα
1838 3426 1936 3498 βα-

355 3517 489 3581 λεῖν,
519 3516 616 3571 καὶ
647 3516 775 3571 ίδεῖν
799 3516 875 3589 μὴ
899 3517 1026 3581 τοὺς
1060 3517 1228 3580 πόδας
1259 3517 1443 3587 μόνον,
1471 3516 1608 3572 ἀλλά
1628 3518 1722 3572 καὶ
1753 3518 1814 3571 τὸ
1843 3536 1939 3588 χα-

355 3607 666 3662 λεπώτατον
690 3608 868 3673 ἕλκος.
898 3607 1046 3662 Ἰδὼν
1076 3608 1134 3661 δὲ
1166 3608 1261 3662 καὶ
1287 3608 1570 3680 θαυμάσας
1600 3611 1629 3663 ὁ
1654 3610 1940 3681 ἄνθρωπος

355 3699 457 3771 τὴν
474 3699 569 3754 τοῦ
600 3700 794 3764 Ξλκους
817 3699 1145 3772 ὑπερϐολὴν,
1175 3700 1271 3754 καὶ
1297 3702 1431 3772 παρ’
1458 3698 1626 3755 αὑτοῦ
1653 3698 1840 3773 μαθὼν
1862 3700 1939 3766 ὡς

357 3792 623 3847 ἀπολαύει
648 3795 855 3866 τροφῆς
880 3835 895 3861 ,
922 3792 1285 3866 κατελήλυθεν
1315 3792 1555 3857 ἐκεῖθεν,
1579 3794 1714 3866 πρὸς
1749 3795 1851 3865 ἐμὲ
1880 3794 1940 3848 δὲ

358 3882 691 3954 ἀφικόμενος
712 3883 1011 3956 διηγήσατο
1045 3884 1244 3939 πάντα.
1281 3884 1368 3937 Ἐν
1394 3881 1450 3937 δὲ
1479 3885 1598 3948 ταῖς
1620 3884 1939 3955 δημοτελέσι

359 3973 701 4047 πανηγύρεσι
723 3976 815 4030 καὶ
832 3975 998 4047 ἀλλην
1029 3975 1394 4030 ἐπιδείκνυται
1418 3976 1735 4048 καρτερίαν.
1784 3975 1939 4031 Μετὰ

361 4066 468 4138 γάρ
487 4066 638 4137 ήλίου
671 4066 883 4139 δυσμὰς
909 4066 1016 4133 ἕως
1063 4066 1130 4122 ἂν
1169 4061 1322 4132 οὗτος
1371 4066 1534 4120 πάλιν
1560 4068 1641 4132 εις
1680 4066 1770 4122 τὸν
1803 4067 1938 4140 ὲῷον

360 4148 611 4229 όρίζοντα
636 4158 895 4229 γένηται,
931 4158 1032 4221 τὰς
1071 4158 1261 4229 χεῖρας
1312 4155 1606 4213 ἀνατείνων
1649 4158 1731 4222 είς
1772 4159 1938 4229 ούρα-

358 4247 449 4302 νὺν
479 4249 771 4322 παννύχιον
793 4249 1045 4322 ἕστηκεν,
1079 4247 1206 4303 οὔτε
1255 4247 1409 4321 ὕπνῳ
1436 4249 1777 4323 θελγόμενος,
1810 4249 1937 4305 οὔτε

359 4342 466 4397 ὑπὸ
502 4341 666 4397 πόνου
700 4339 1019 4413 νικώμενος.

442 4435 530 4490 Ἐν
550 4432 824 4496 τοσούτοις
844 4430 903 4486 δὲ
932 4432 1134 4498 πόνοις,
1165 4431 1263 4487 καὶ
1290 4431 1735 4506 κατορθωμάτων
1763 4435 1934 4506 ὄγκῳ,

2044 3256 2110 3305 ac
2146 3241 2326 3311 primo
2350 3239 2572 3311 quidem
2598 3253 2795 3296 manus
2824 3238 3139 3310 explorare,
3180 3238 3380 3294 deinde
3405 3239 3619 3309 1231

2046 3330 2152 3389 sub
2176 3330 2459 3403 pelliceam
2482 3339 2687 3387 vestem
2721 3344 2946 3386 manum
2971 3328 3291 3396 immittere,
3325 3336 3382 3384 et
3422 3330 3624 3385 intueri

2046 3438 2161 3479 non
2210 3421 2378 3493 pedes
2420 3430 2659 3488 tantum,
2710 3420 2807 3479 sed
2857 3420 3022 3477 ulcus
3050 3421 3217 3477 etiam
3257 3421 3621 3478 teterrimum.

2045 3512 2412 3584 Conspicatus
2449 3520 2632 3571 autem
2662 3513 2749 3568 vir
2800 3512 2916 3579 ille,
2974 3513 3388 3584 admiratusque
3422 3514 3626 3570 ulceris

2047 3601 2504 3674 magnitudinem,
2541 3601 2857 3673 certiorque
2885 3602 2956 3657 ab
2990 3617 3057 3657 eo
3080 3600 3260 3657 factus
3286 3603 3468 3673 ipsum
3500 3602 3626 3658 cito

2045 3692 2215 3762 vesci,
2251 3691 2534 3750 descendit
2594 3692 2769 3757 illinc,
2819 3701 2875 3749 et
2906 3691 2978 3748 ad
3023 3708 3112 3749 me
3167 3682 3394 3748 veniens
3438 3695 3622 3749 omnia

2045 3787 2310 3844 narravit.
2367 3785 2427 3841 In
2475 3786 2712 3857 publicis
2766 3792 2949 3841 autem
2990 3785 3439 3842 solemnitatibus
3474 3788 3622 3841 aliud

2045 3880 2211 3935 etiam
2232 3879 2560 3936 constantiae
2589 3877 2865 3950 specimen
2895 3877 3121 3949 praabet.
3137 3877 3270 3933 Post
3298 3877 3439 3934 solis
3471 3879 3618 3933 enim

2045 3986 2326 4037 occasum,
2354 3969 2535 4042 quoad
2562 3970 2705 4026 idem
2734 3984 2929 4025 rursus
2960 3969 3028 4024 ad
3067 3969 3411 4025 horizontem
3441 3970 3625 4024 vc.;i:tt

2044 4064 2393 4132 orientalem,
2435 4063 2689 4120 manibus
2738 4063 2795 4118 in
2842 4063 3045 4118 cmlnm
3076 4062 3320 4119 extensis
3363 4069 3474 4117 stat
3504 4070 3623 4115 tota

2044 4167 2228 4225 nocte,
2263 4172 2366 4214 nec
2395 4170 2591 4212 somno
2612 4156 2731 4227 capi
2764 4169 2824 4212 se
2857 4154 3069 4222 sinens,
3104 4170 3204 4211 nec
3231 4154 3421 4210 labore
3451 4154 3618 4210 vinci.

2118 4426 2172 4483 In
2221 4425 2391 4481 tantis
2432 4432 2617 4481 autem
2663 4423 2970 4488 laboribus,
2996 4436 3460 4495 egregiorumque
3491 4418 3626 4474 faci-

361 4520 456 4574 καὶ
482 4520 676 4592 πλήθει
708 4518 1024 4593 θαυμάτων,
1067 4519 1241 4585 οὕτως
1277 4521 1396 4575 ἐστὶ
1434 4522 1497 4576 τὸ
1545 4523 1799 4596 φρόνημα
1837 4523 1936 4596 μέ-

2048 4538 2244 4581 norum
2302 4520 2682 4591 amplitudine,
2733 4527 2789 4576 ct
2838 4517 3233 4574 miraculorum
3293 4514 3622 4585 frequentia,

358 4628 528 4685 τριος;
555 4612 632 4676 ὡς
677 4606 895 4668 πάντων
917 4610 1220 4684 ἀνθρώπων
1250 4612 1395 4668 κατά
1429 4613 1530 4687 τὴν
1567 4615 1726 4682 ἀξίαν
1779 4615 1943 4671 ὕστα-

357 4720 469 4768 τος.
515 4701 659 4773 Πρὸς
712 4701 771 4754 δὲ
808 4700 888 4774 τῷ
923 4701 1134 4774 μετρίῳ
1181 4704 1530 4775 φρονήματι,
1562 4706 1660 4761 καὶ
1701 4705 1939 4780 εὐπρόσ-

359 4796 476 4859 οδος
527 4795 647 4850 λίαν
684 4792 843 4860 ἐστὶ,
901 4792 997 4847 καὶ
1050 4792 1292 4863 γλυκὺς,
1350 4795 1445 4850 καὶ
1493 4795 1789 4867 ἐπίχαρις,
1845 4798 1941 4853 καὶ

362 4888 497 4960 πρὸς
522 4889 756 4942 ἕκαστον
784 4888 892 4943 τῶν
916 4886 1316 4957 διαλεγομένων
1345 4887 1796 4961 ἀποκρινόμενος,
1830 4890 1941 4944 εἴτε

362 4981 728 5053 χειροτέχνης,
744 4979 853 5034 εἴτε
887 4980 1208 5052 προσαίτης,
1228 4979 1337 5034 εἴτε
1359 4980 1616 5052 ἄγροικος
1636 4981 1746 5055 εἴη.
1767 4983 1939 5037 Ἐλα-

362 5071 425 5125 ϐε
467 5070 525 5125 δὲ
563 5071 659 5124 καὶ
698 5069 799 5141 τῆς
832 5069 1179 5135 διδασκαλίας
1211 5069 1366 5142 παρά
1422 5070 1516 5126 τοῦ
1562 5073 1939 5147 μεγαλοδώρου

360 5162 629 5218 Δεσπότου
680 5162 743 5216 τὸ
782 5161 989 5235 δῶρον’
1039 5164 1132 5217 καὶ
1177 5161 1258 5226 δὶς
1305 5163 1543 5237 ἑκάστης
1582 5166 1798 5237 ἡμέρας
1843 5169 1942 5234 τὰς

363 5251 712 5323 παραινέσεις
749 5252 1096 5324 ποιούμενος,
1143 5253 1426 5318 ἐπικλύζει
1456 5255 1566 5308 τῶν
1631 5257 1942 5312 ἀκουόντων

362 5344 459 5408 τὰς
487 5344 679 5411 ἀκοὰς,
727 5344 819 5398 ἐπὶ
865 5345 1088 5418 χάριτος
1139 5346 1285 5417 μάλα
1322 5346 1722 5419 διαλεγόμενος,
1754 5350 1848 5404 καὶ
1873 5350 1942 5404 τά

361 5436 458 5491 τοῦ
503 5435 649 5491 θείου
698 5435 1018 5507 Πνεύματος
1045 5438 1373 5510 προσφέρων
1430 5439 1796 5511 παιδεύματα,
1848 5444 1942 5496 καὶ

363 5529 645 5587 ἀνανεύειν
674 5529 756 5592 είς
796 5528 1046 5599 οὐρανὸν,
1109 5530 1204 5584 καὶ
1253 5530 1521 5586 πέτασθαι
1585 5533 1938 5605 παρεγγυῶν,

2046 4623 2200 4672 tanta
2222 4623 2310 4671 est
2347 4614 2466 4681 ejus
2491 4613 2659 4668 animi
2688 4609 3017 4672 moderatio,
3048 4622 3114 4663 ac
3149 4606 3196 4663 si
3236 4605 3484 4662 omnium
3523 4608 3623 4659 lm—

2046 4707 2259 4763 minum
2306 4704 2531 4760 infimus
2566 4713 2734 4759 esset.
2774 4700 2980 4757 Praeter
3018 4697 3341 4755 modestiam
3378 4712 3529 4763 vero,
3571 4708 3626 4751 et

2046 4799 2198 4854 aditu
2227 4796 2411 4853 facilis
2446 4799 2461 4817 ‘
2487 4802 2594 4859 est,
2630 4805 2683 4849 et
2722 4791 2963 4847 affabilis
2994 4804 3060 4846 ac
3084 4789 3297 4857 suavis,
3328 4788 3628 4859 unicuique

2045 4907 2237 4949 eorum
2284 4886 2626 4960 respondens
2660 4885 2756 4957 qui
2793 4884 3173 4955 alloquuntur,
3204 4882 3321 4938 sive
3360 4880 3540 4951 opifex
3578 4881 3627 4934 is

2047 4986 2142 5050 sit,
2168 4985 2287 5041 sive
2307 4979 2619 5044 mendicus,
2655 4979 2773 5035 sive
2798 4976 3161 5032 rusticanus.
3180 4973 3460 5029 Doctrina
3484 4989 3627 5044 quo-

2046 5095 2153 5150 que
2201 5077 2409 5133 donum
2467 5089 2496 5128 a
2558 5071 2772 5129 liberali
2826 5067 3063 5125 Domino
3104 5065 3323 5137 accepit
3368 5083 3383 5120 :
3428 5071 3484 5121 et
3543 5065 3626 5121 his

2047 5160 2299 5242 quotidie
2339 5164 2757 5222 exhortationes
2799 5161 3038 5224 habens,
3079 5155 3421 5213 audientium
3460 5170 3628 5209 antes

2048 5263 2266 5332 irrigat,
2299 5259 2436 5316 scite
2475 5255 2775 5313 admodum
2816 5252 3125 5318 disserens,
3149 5257 3205 5305 et
3241 5248 3415 5303 divini
3452 5245 3630 5317 Spiri-

2048 5364 2137 5409 tus
2165 5353 2502 5408 documenta
2540 5345 2831 5411 exhibens,
2876 5342 3190 5415 jubensque
3225 5340 3281 5395 in
3310 5340 3510 5396 coelum
3546 5352 3631 5391 rc-

2050 5444 2290 5515 Spiccrc,
2321 5448 2376 5497 et
2421 5439 2659 5503 evolare,
2696 5445 2862 5507 atque
2920 5448 2950 5488 a
3010 5439 3156 5490 terra
3209 5430 3518 5492 discedere,
3576 5438 3631 5483 et

2051 5548 2281 5606 regnum
2324 5530 2471 5603 quod
2514 5534 2872 5600 exspectatur
2913 5523 3249 5596 cogitatione
3287 5537 3534 5585 versare,
3573 5526 3635 5575 et

1644 5710 1877 5767 ΥΑῐῖῐᾸΞ
1921 5709 2324 5768 LECTIONES.

440 5794 485 5830 ³³
522 5793 606 5850 Ab
631 5794 900 5849 Arabena.
936 5794 1100 5849 Ilerv.

688 5887 950 5948 ΡΑτιιοι..
1003 5886 1122 5948 Gn.
1162 5885 1478 5946 LXXXII.

3226 5878 3308 5945 1ιῖ
