4074 6476
424 529 561 594 H85

1643 530 2050 592 RELIGIOSA
2090 530 2475 592 HISTORIA.

3547 523 3682 589 1486

420 647 599 719 ψυχῆς
630 648 975 722 ἀνθρωπίνης
1000 648 1121 703 ούδέ
1156 650 1285 719 μιᾶς
1313 647 1836 719 μεταλαγχάνοντες,
1858 646 2002 702 οὕτω

2115 646 2511 716 adipiscuntur.
2541 644 2648 697 Alii
2675 655 2844 713 porro
2885 641 2938 695 in
2984 639 3386 703 tabernaculis,
3419 647 3473 695 et
3504 638 3593 694 alii
3626 639 3687 694 in

420 740 519 811 τῆς
545 740 899 814 ἀναρρήσεως
930 741 1314 797 ἀπολαύουσιν.
1350 741 1534 795 Ἄλλοι
1562 740 1620 793 δὲ
1663 743 1722 793 ἐν
1751 740 1997 813 σκηναῖς,

422 833 519 887 καὶ
542 833 720 905 ἕτεροι
742 835 801 888 ὲν
834 834 1096 899 καλύϐαις
1122 833 1419 903 διάγοντες,
1448 834 1543 888 τὸν
1577 833 1708 887 Θεὸν
1730 831 2001 902 ἀνυμνοῦ-

424 939 527 976 σιν.
556 923 621 976 Οί
647 923 705 976 δὲ
732 925 821 977 τὸν
848 925 908 977 ἐν
931 925 1148 993 ἄντροις
1196 924 1293 979 καὶ
1324 924 1612 994 σπηλαίοις
1662 923 2002 985 ἀσπάζονται

423 1011 559 1081 βίον.
602 1012 798 1068 Πολλοὶ
829 1015 908 1079 δὲ,
938 1008 1015 1069 ὧν
1060 1014 1221 1070 ἐνίων
1254 1013 1633 1086 ἐμνήσθημεν,
1672 1014 1773 1068 ούκ
1806 1014 2002 1086 ἄντρον

420 1100 659 1172 ἔχειν,ού
686 1102 970 1171 σπήλαιον,
1002 1103 1063 1157 οὐ
1093 1102 1321 1176 σκηνὴν,
1346 1104 1405 1157 ού
1453 1103 1697 1174 καλύϐην
1745 1102 2005 1177 ἐπείσθης

423 1210 525 1247 σαν
545 1211 560 1227 ο
585 1193 721 1248 ἀλλά
751 1193 944 1266 γυμνῷ
962 1194 1042 1267 τῷ
1068 1194 1192 1268 ἀέρι
1226 1197 1296 1251 τά
1327 1196 1568 1266 σφέτερα
1589 1195 1820 1267 σώματα
1842 1195 2006 1250 δεδω-

423 1285 603 1351 κότες,
638 1285 747 1340 τῶν
772 1287 1033 1341 ἐναντίων
1062 1289 1366 1358 ποιοτήτων
1391 1288 1678 1358 ἀνέχονται
1697 1305 1711 1318 ·
1743 1288 1873 1341 ποτέ
1904 1287 2004 1358 μὲν

421 1376 500 1446 τῷ
531 1376 734 1450 κρυμῷ
753 1377 831 1445 τῷ
856 1378 1082 1449 ἀκράτῳ
1114 1377 1457 1450 πηγνύμενοι
1476 1394 1491 1412 ·
1519 1377 1653 1433 ποτὲ
1679 1378 1737 1433 δὲ
1765 1377 1844 1448 τῷ
1871 1379 2005 1452 πυρὶ

422 1469 524 1539 τῆς
564 1470 780 1534 ἀκτῖνος
805 1470 1150 1541 φλεγόμενοι.
1195 1471 1308 1525 Καὶ
1334 1472 1539 1526 τούτων
1566 1471 1625 1526 δὲ
1672 1468 1739 1527 αὖ
1772 1473 1934 1528 πάλιν
1976 1473 2005 1527 ὀ

426 1553 540 1625 βίος
567 1554 841 1627 διάφορος.
866 1558 927 1611 Οἱ
964 1557 1064 1629 μὲν
1094 1558 1204 1631 γὰρ
1232 1558 1430 1615 ἑστῶσι
1458 1559 1741 1633 διηνεκῶς,
1766 1564 1813 1615 οί
1840 1562 1898 1616 δέ
1922 1563 2006 1628 είς

423 1646 694 1718 καθέδραν
739 1649 831 1701 καὶ
862 1650 1049 1703 στάσιν
1090 1650 1191 1721 τὴν
1222 1651 1441 1724 ἡμέραν
1473 1653 1783 1724 μερίζουσι
1820 1654 1916 1708 καὶ
1954 1656 2006 1711 οί

428 1737 527 1810 μὲν
556 1738 615 1791 ἐν
643 1736 913 1808 θριγκίοις
941 1739 1052 1793 τισὶ
1084 1739 1495 1812 καθειργμένοι,
1525 1743 1636 1796 τῶν
1668 1743 1879 1799 πολλῶν
1908 1745 2009 1810 τὰς

428 1828 713 1893 συνουσίας
747 1827 1107 1894 ἐκκλίνουσιν,
1141 1830 1193 1885 oi.
1221 1830 1280 1884 δὲ
1321 1830 1497 1886 οὐδενὶ
1521 1831 1748 1904 τοιούτῳ
1794 1833 2008 1905 καλύμ-

429 1937 560 1990 ματι
585 1919 882 1993 χρώμενοι,
907 1921 1229 1994 πρόκεινται
1263 1924 1399 1978 πᾶσι
1423 1927 1539 1988 τοῖς
1566 1924 1908 1997 βουλομένοις
1927 1927 2010 1989 είς

2107 735 2344 806 tuguriis
2375 736 2658 805 degentes,
2695 733 2863 788 Deum
2902 731 3187 786 celebrant
3226 749 3240 785 :
3278 730 3370 784 alii
3406 730 3460 782 in
3503 729 3682 782 antris

2106 835 2161 882 et
2190 826 2476 898 speluncis
2512 828 2698 882 vivere
2722 824 3054 879 maluerunt.
3084 821 3290 884 Multis,
3322 837 3558 892 quorum
3592 822 3692 873 ali-

2109 933 2251 989 quos
2292 919 2758 982 memoravimus,
2792 930 2894 972 nec
2934 925 3180 979 antrum,
3221 929 3322 969 nec
3365 913 3689 984 speluncam

2109 1009 2311 1066 habere
2340 1009 2569 1080 placuit,
2599 1021 2702 1062 nec
2735 1005 3178 1070 tabernaculum,
3213 1018 3315 1059 nec
3354 1004 3638 1074 tugurium
3671 1020 3688 1057 :

2112 1099 2332 1172 1285.
2362 1101 2455 1155 sed
2489 1098 2644 1153 nudo
2683 1098 2796 1153 aeri
2836 1111 3073 1167 corpora
3119 1110 3219 1151 sua
3256 1097 3689 1158 committentes,

2110 1190 2418 1247 contrarias
2441 1191 2732 1262 perferunt
2753 1189 3073 1261 qualitates,
3093 1203 3243 1243 nunc
3271 1186 3472 1259 frigore
3496 1188 3693 1242 immo-

2110 1283 2235 1339 dico
2260 1283 2532 1345 concreti,
2571 1299 2720 1338 nunc
2755 1284 2888 1339 solis
2915 1282 3209 1337 ardoribus
3241 1281 3472 1352 perusti.
3510 1284 3694 1352 Atque

2112 1373 2311 1429 horum
2344 1389 2541 1430 rursus
2572 1375 2686 1428 vita
2720 1373 2943 1428 diversa
2976 1379 3082 1430 est.
3112 1373 3344 1438 Quidam
3373 1373 3518 1431 enim
3544 1381 3694 1430 stant

2111 1477 2413 1539 perpetuo:
2448 1468 2542 1522 alii
2568 1467 2809 1523 statione
2843 1482 2907 1522 ac
2939 1466 3185 1523 sessione
3216 1467 3359 1524 diem
3398 1466 3688 1521 dividunt:

2111 1566 2167 1613 et
2214 1557 2309 1612 alii
2341 1553 2576 1629 quidem
2628 1558 2887 1614 maceriis
2937 1557 3272 1629 quibusdam
3317 1558 3691 1628 circumsepti,

2112 1649 2412 1707 multorum
2442 1648 2623 1705 vitant
2652 1664 3015 1722 congressum
3053 1667 3067 1707 :
3100 1652 3194 1706 alii
3233 1651 3384 1706 nullo
3422 1649 3696 1721 ejusmodi

2112 1750 2436 1811 tegumento
2477 1750 2720 1807 utentes,
2758 1743 3019 1798 omnibus
3059 1743 3153 1814 qui
3197 1744 3556 1814 contemplari
3599 1758 3717 1811 eos,

2115 1832 2305 1888 volunt
2334 1831 2517 1903 palam
2552 1840 2684 1889 sunt
2719 1832 2981 1899 expositi.
3009 1831 3144 1899 Quae
3185 1831 3405 1903 singula
3438 1832 3696 1902 persequi

2116 1936 2344 1978 necesse
2363 1920 2555 1986 habui,
2578 1937 2703 1977 cum
2731 1922 3039 1978 admirandi
3067 1922 3321 1979 Baradati
3355 1924 3523 1978 vitam
3557 1923 3699 1978 scri-

426 2012 682 2081 θεωρίαν.
714 2013 935 2069 Τούτων
974 2015 1032 2068 δὲ
1069 2014 1304 2071 ἕκαστον
1333 2017 1428 2071 ἐπὶ
1465 2017 1563 2072 τοῦ
1610 2016 1880 2090 παρόντος
1923 2018 2005 2073 δι-

2115 2013 2240 2069 bere
2270 2013 2668 2072 instituissem.
2707 2012 2892 2069 Novas
2923 2015 3072 2070 enim
3122 2016 3210 2070 hic
3244 2016 3410 2071 etiam
3448 2015 3695 2087 patiemli

426 2101 662 2167 εξελθεῖν
699 2104 1074 2176 ἠναγκάσθην,
1101 2104 1197 2160 τοῦ
1238 2106 1543 2178 θαυμασίου
1572 2108 1886 2179 Βαραδάτου
1917 2108 2011 2164 τὸν

427 2194 542 2266 βίον
568 2194 834 2268 ἐθελήσας
860 2198 1196 2269 συγγράψαι.
1233 2199 1414 2254 Καινά
1436 2200 1545 2273 7&9
1585 2203 1680 2255 καὶ
1713 2194 1868 2266 οὗτος
1911 2204 2012 2255 ἐπ-

427 2285 615 2354 ενόησε
648 2287 947 2360 καρτερίας
976 2288 1408 2361 ἐπιτηδεύματα.
1431 2290 1656 2363 Πρῶτον
1687 2291 1787 2363 μὲν
1814 2291 1925 2364 γὰρ
1951 2294 2011 2347 ἐν

425 2376 655 2449 οἰκίσκῳ
699 2378 891 2449 χρόνον
939 2379 1108 2434 πολὺν
1151 2380 1346 2435 ἐαυτὸν
1377 2379 1690 2453 καθείρξας,
1725 2382 1825 2452 τῆς
1860 2382 2011 2449 θείας

429 2466 597 2538 μόνης
622 2466 982 2540 ψυχαγωγίας
1016 2469 1318 2543 ἀπήλαυεν.
1355 2471 1596 2526 Ἐκεῖθεν
1624 2471 1723 2543 τὴν
1757 2473 2011 2546 ὑπερκει-

430 2563 600 2635 μένην
628 2564 953 2620 καταλαϐὼν
981 2566 1195 2636 ῥαχίαν,
1225 2567 1320 2620 καὶ
1346 2565 1578 2621 κιϐωτόν
1598 2582 1720 2623 τινα
1749 2565 2010 2639 βραχεῖαν

426 2654 546 2708 οὐδὲ
572 2654 650 2727 τῷ
685 2655 899 2729 σώματι
927 2657 1242 2730 σύμμετρον
1271 2659 1339 2713 ἐκ
1363 2658 1537 2724 ξύλων
1571 2659 2009 2729 κατασκευάσας,

426 2747 485 2799 ἐν
509 2748 644 2819 αὐτῇ
675 2749 855 2820 διῆγε,
880 2751 1251 2806 κατακύπτειν
1273 2750 1544 2825 διηνεκῶς
1571 2752 2008 2825 ἠναγκασμένος.

428 2840 504 2892 Οὐ
538 2838 649 2913 γὰρ
665 2835 812 2912 εἶχεν
839 2841 971 2913 ὕψος
1007 2844 1291 2916 ίσόμετρον
1314 2841 1392 2915 τῷ
1416 2844 1582 2915 μήκει
1609 2844 1704 2898 τού
1736 2842 2008 2915 σώματος.

427 2933 501 2986 Ού
526 2932 703 2987 σανίσι
728 2933 786 2987 δέ
810 2951 874 3004 γε
906 2934 1049 3006 αὕτη
1068 2937 1435 3007 συνήρμοστο,
1453 2935 1591 2991 ἀλλὰ
1618 2939 1740 3000 ταῖς
1770 2937 2012 3007 κιγκλίσι

428 3023 832 3097 παραπλησίως
863 3024 1161 3097 διήνοικτο,
1185 3025 1282 3079 καὶ
1320 3026 1443 3089 ταῖς
1471 3030 1829 3097 φωταγωγοῖς
1848 3028 2012 3099 ἐῴκει

426 3119 546 3181 ταῖς
582 3117 884 3190 εύρυτέρας
912 3116 1172 3189 ἐχούσαις
1194 3117 1288 3171 τοῦ
1317 3118 1494 3187 φωτὸς
1522 3118 1623 3183 τὰς
1653 3119 1912 3182 εἰσόδους.
1937 3113 2012 3174 οὗ

428 3209 608 3280 χάριν,
642 3208 770 3263 οὔτε
814 3213 937 3274 ταῖς
984 3208 1093 3265 τῶν
1132 3209 1307 3264 ὑετῶν
1357 3210 1733 3283 ἀπηλλάττετο
1778 3210 2014 3285 προσϐοο

426 3301 566 3366 λαῖς,
617 3300 743 3355 οὔτε
787 3303 889 3374 τῆς
932 3301 1171 3374 ἡλιακῆς
1210 3301 1572 3373 ἠλευθεροῦτο
1627 3301 1844 3371 φλογὸς,
1895 3300 2013 3357 ἀλλ’

427 3395 715 3467 ἀμφότερα
745 3372 858 3459 τοῖς
893 3372 1074 3459 ἄλλοις
1128 3397 1441 3468 ὑπαιθρίοις
1476 3394 1873 3467 παραπλησίως
1902 3393 2013 3449 ἐδέ-
2040 3372 2061 3421 ⁸

426 3504 554 3559 χετο
575 3503 589 3515 ·
620 3486 962 3542 ἐπλεονέκτει
988 3486 1047 3540 δὲ
1080 3487 1228 3559 μόνῳ
1252 3486 1330 3558 τῷ
1349 3487 1449 3558 τῆς
1479 3485 1812 3560 καθείρξεως
1843 3484 2010 3556 πόνῳ.

430 3578 607 3632 Πολυν
627 3578 685 3633 δέ
714 3579 905 3650 χρόνον
933 3578 1125 3637 τοῦτον
1151 3579 1464 3643 διατελέσας
1489 3579 1582 3634 τὸν
1609 3579 1832 3650 τρόπον,
1854 3577 2015 3633 ὔστε-

431 3686 522 3739 ρον
541 3668 856 3743 ἐξελήλυθε,
887 3672 1008 3734 ταῖς
1030 3669 1125 3723 τοῦ
1162 3669 1452 3724 θεσπεσίου
1499 3669 1776 3735 Θεοδότου,
1825 3668 1885 3732 ὃς
1914 3668 2015 3740 τὴν

431 3763 825 3833 ἀρχιερατικὴν
844 3763 944 3833 τῆς
982 3761 1301 3834 ’Δντιοχέων
1330 3762 1493 3816 ἔλαϐε
1527 3761 1840 3832 προεδρίαν,
1872 3776 2016 3831 παρ-

432 3854 705 3907 αινέσεσιν
732 3852 904 3919 εἴξας.
924 3854 1167 3926 Ἐστηκε
1196 3853 1382 3926 μέντοι
1404 3852 1666 3922 διηνεκῶς
1691 3854 1769 3917 εἰς
1789 3852 2016 3926 οὐρανὸν

430 3945 530 4008 τὰς
570 3948 757 4017 χεῖρας
799 3945 1079 4013 ἐκτείνων,
1125 3947 1221 4000 καὶ
1270 3946 1362 4000 τὸν
1408 3945 1520 3999 τῶν
1565 3945 1703 4000 ὅλων
1750 3944 1882 3999 Θεὸν
1922 3946 2018 4000 ἀν-

432 4038 639 4109 υμνῶν,
674 4036 820 4092 ἅπαν
847 4038 908 4093 τὸ
956 4037 1119 4108 σῶμα
1164 4037 1245 4110 τῷ
1277 4039 1587 4112 δερματίνῳ
1614 4036 2017 4109 συγκαλύπτων

429 4129 617 4200 χιτῶνι
639 4144 654 4159 ο
690 4129 820 4199 περὶ
851 4127 949 4198 τὴν
978 4131 1100 4200 ῥῖνα
1130 4129 1190 4183 δὲ
1225 4129 1415 4201 μόνην,
1451 4128 1547 4184 καὶ
1572 4130 1632 4183 τὸ
1664 4129 1860 4201 στόμα,
1884 4129 2019 4201 βρα-

430 4225 582 4293 χείαν
631 4221 710 4292 τῷ
749 4224 1022 4294 πνεύματι
1070 4223 1428 4295 παρείσδυσιν
1473 4222 1894 4285 καταλέλοιπεν,
1931 4222 2018 4276 ἵνα

431 4315 675 4386 ἀναπνέῃ
696 4314 788 4367 τὸν
813 4313 992 4368 κοινὸν
1025 4314 1161 4385 ἀέρα
1183 4314 1490 4385 δεχόμενος,
1523 4314 1825 4386 ἐπειδήπερ
1843 4314 2019 4380 ἄλλως

430 4410 531 4479 ζῇν
558 4408 658 4479 οὐχ
685 4408 772 4463 οἵα
797 4427 858 4462 τε
908 4407 1017 4461 τῶν
1047 4407 1352 4479 ἀνθρώπων
1379 4408 1413 4479 ἠ
1458 4406 1642 4478 φύσις.
1679 4407 1790 4461 Καὶ
1828 4406 2020 4463 τοῦτον

431 4502 649 4554 ἅπαντα
698 4500 960 4572 ὑπομένει
1020 4500 1109 4553 τὸν
1159 4499 1341 4565 πόνον,
1388 4499 1490 4553 οὐκ
1537 4497 1812 4570 εὔρωστον
1858 4498 2019 4569 σῶμα

434 4592 636 4664 λαχὼν,
670 4592 808 4648 ἀλλά
834 4594 929 4647 καὶ
959 4592 1080 4647 λίαν
1122 4593 1339 4657 πολλοῖς
1404 4592 1734 4664 βαλλόμενος
1782 4590 2014 4645 πάθεσιο

434 4685 632 4751 ζέουσα
668 4684 726 4738 δὲ
764 4685 798 4755 ἡ
833 4682 1134 4756 προθυμία,
1168 4684 1263 4738 καὶ
1292 4682 1370 4754 τῷ
1422 4682 1552 4753 θείῳ
1598 4682 1763 4753 ἔρωτι
1801 4697 2017 4753 πυρποι-

430 4779 690 4849 λουμένη,
723 4777 972 4850 βιάζεται
1003 4781 1187 4832 πονεῖν
1237 4776 1298 4831 τὸ
1350 4778 1534 4829 πονεῖν
1586 4775 1645 4828 ού
1694 4774 2013 4845 δυνάμενον.

432 4868 542 4923 Καὶ
583 4866 685 4931 τὰς
737 4867 945 4939 φρένας
994 4866 1052 4920 δὲ
1106 4864 1321 4919 συνέσει
1355 4862 1791 4934 κεκοσμημένος,
1822 4863 2021 4933 ἄριστα

431 4960 526 5013 καὶ¹
556 4959 656 5023 τὰς
687 4958 912 5022 πεύσεις
944 4958 1039 5012 καὶ
1084 4956 1189 5021 τὰς
1244 4955 1567 5027 ἀποκρίσεις
1604 4956 1874 5008 ποιεῖται·
1923 4954 2021 5008 καὶ

433 5052 807 5121 συλλογίςεται
868 5050 1017 5104 ἐστιν
1067 5050 1154 5103 ὅτε
1198 5047 1307 5102 τῶν
1373 5049 1500 5112 τοὺς
1554 5045 2021 5117 Ἀριστοτελικοὺς

431 5145 789 5215 λαϐυρίνθους
836 5144 1226 5212 ἁνεγνωκότων
1274 5141 1499 5212 ἄμεινόν
1544 5158 1606 5195 τε
1659 5142 1753 5195 καὶ
1781 5139 2021 5194 δυνατώ-

431 5254 611 5309 τερον.
659 5237 749 5291 Ἐν
783 5236 933 5308 αὐτῷ
962 5235 1021 5289 δὲ
1058 5232 1136 5288 ὣν
1172 5233 1252 5306 τῷ
1282 5232 1408 5304 ὕψει
1440 5235 1539 5304 τῆς
1563 5233 1787 5304 ἀρετῆς,
1826 5232 1927 5286 οὐκ
1952 5232 2020 5303 ἐᾷ

419 5314 808 5399 ίσυναναϐῆναι
835 5327 896 5381 τὸ
921 5327 1198 5400 φρόνημα,
1229 5324 1366 5381 ἀλλὰ
1395 5323 1547 5379 κάτω
1570 5324 1758 5396 ἕρπειν
1781 5322 2017 5390 κελεύει,

434 5420 566 5493 περὶ
598 5420 739 5474 αύτά
768 5418 862 5494 τοῦ
907 5418 1068 5489 ὅρους
1111 5417 1178 5471 τὰ
1228 5417 1530 5489 κράσπεδα.
1577 5410 1700 5468 Οἷδε
1737 5413 1849 5484 γὰρ
1885 5415 2018 5485 δσην

434 5512 584 5566 ἕλκει
613 5510 817 5583 βλάϐην
860 5509 1268 5581 φλεγμαίνουσα
1300 5507 1379 5579 τῷ
1435 5507 1592 5579 τύφῳ
1622 5506 1852 5562 διάνοια.
1895 5507 2018 5560 Τοι-

435 5601 577 5673 αύτη
607 5605 665 5657 ἐν
692 5602 976 5673 κεφαλαίῳ
1009 5602 1104 5655 καὶ
1134 5602 1169 5672 ἠ
1196 5600 1351 5655 τοῦδε
1397 5598 1684 5670 φιλοσοφία
1706 5615 1719 5628 ·
1754 5598 1820 5670 ἢν
1859 5598 2019 5666 αὐξο-

440 5694 609 5765 μένην
637 5694 848 5763 γένοιτο
895 5692 993 5762 τὴν
1039 5689 1245 5745 νύσσαν
1291 5688 1386 5745 τοῦ
1431 5689 1632 5760 δρόμου
1664 5688 2014 5744 καταλαϐεῖν.

437 5785 609 5855 Κοινὴ
643 5784 751 5858 γὰρ
775 5783 1082 5855 εὐφροσύνη
1118 5781 1229 5836 τῶν
1263 5781 1523 5843 εὐσεϐῶν,
1562 5781 1671 5835 τῶν
1705 5781 2017 5853 νικηφόρων

435 5877 641 5935 τούτων
670 5881 703 5950 ἠ
735 5875 974 5931 εὔκλεια.
1029 5875 1160 5947 Ἐμὲ
1201 5874 1258 5929 δὲ
1297 5875 1385 5945 εἴη
1418 5875 1536 5936 ταῖς
1565 5873 1757 5927 τούτου
1795 5873 2018 5943 ὑπερει-

2113 2111 2265 2159 artes
2292 2104 2611 2175 exquisivit.
2655 2105 2735 2158 Ac
2770 2105 2952 2175 primo
2995 2105 3217 2176 quidem
3263 2104 3598 2159 domuncula
3639 2120 3700 2161 se

2114 2192 2295 2263 ipsum
2331 2193 2499 2267 longo
2531 2202 2783 2266 tempore
2828 2195 3146 2266 includens.
3165 2197 3291 2252 sola'
3315 2195 3410 2252 ι)θὶ
3443 2196 3700 2253 ουιιεοιει-

2114 2283 2269 2341 tione
2301 2284 2613 2344 fruebatur.
2655 2287 2790 2343 Inde
2828 2288 3229 2360 superpositam
3259 2304 3447 2361 rupem
3482 2298 3697 2360 petens,
3734 2336 3739 2341 .

2114 2391 2286 2449 parva
2302 2378 2542 2449 quadam
2560 2393 2689 2435 arca
2705 2381 2962 2451 corporis
2978 2395 3297 2438 mensuram
3318 2395 3426 2435 non
3444 2391 3700 2452 aequante

2108 2482 2180 2525 ex
2219 2468 2383 2541 lignis
2405 2468 2694 2538 fabricata,
2717 2471 2771 2526 in
2803 2486 2869 2527 ea
2888 2472 3140 2542 degebat,
3174 2473 3546 2545 deorsumque
3571 2489 3700 2544 per-

2113 2562 2278 2625 petuo
2321 2556 2603 2614 incurvari
2642 2558 2963 2630 cogebatur,
3007 2574 3133 2616 cum
3177 2561 3524 2618 altitudinem
3572 2580 3700 2618 cor-

2112 2648 2269 2718 poris
2310 2652 2627 2720 proceritati
2667 2667 2854 2725 parem
2900 2668 3010 2710 non
3050 2654 3298 2711 haberet.
3346 2653 3537 2728 Neque
3571 2672 3703 2712 vero

2114 2741 2417 2811 compactis
2456 2743 2743 2800 asseribus
2780 2744 2872 2799 illa
2903 2747 3215 2811 constabat,
3248 2748 3343 2803 sed
3367 2758 3555 2820 aperta
3581 2762 3704 2808 erat

2112 2833 2485 2889 cancellorum
2513 2835 2569 2890 in
2597 2851 2830 2903 morem,
2859 2837 3170 2911 similisque
3201 2839 3454 2896 fenestris
3479 2859 3599 2913 qua:
3627 2846 3704 2898 Iu-

2114 2924 2280 2981 minis
2328 2923 2591 2984 introitus
2648 2927 2875 2984 latiores
2935 2929 3157 2985 habent.
3207 2929 3331 2997 Quo
3380 2931 3582 2997 ﬁebat,
3644 2947 3704 2991 ut

2113 3032 2294 3087 neque
2323 3019 2394 3074 ab
2423 3018 2630 3091 impetu
2660 3021 2862 3091 pluvia:
2890 3022 3151 3079 immunis
3182 3031 3354 3092 esset,
3379 3040 3478 3081 nec
3509 3042 3537 3080 a
3567 3029 3702 3082 solis

2114 3111 2317 3168 ardore
2360 3112 2529 3168 libera
2575 3113 2716 3169 :sed
2753 3120 3053 3185 utrumque
3089 3115 3263 3169 nihilo
3306 3118 3491 3174 secius
3536 3135 3700 3189 quam

2115 3220 2240 3276 qua
2280 3205 2387 3263 sub
2429 3206 2523 3262 dio
2565 3215 2698 3263 sunt
2742 3211 3055 3279 exciperet;
3087 3212 3108 3234 ⁶
3141 3210 3243 3265 hoc
3282 3226 3391 3265 uno
3426 3216 3702 3283 ευριπ-ων.

2115 3295 2268 3364 quod
2298 3296 2629 3353 inclusionis
2663 3298 2819 3353 labor
2847 3298 3163 3355 accedebat.
3190 3300 3325 3357 Cum
3370 3309 3551 3357 autem
3583 3304 3708 3357 diu-

2118 3398 2288 3447 turno
2319 3399 2570 3462 tempore
2600 3394 2749 3448 hunc
2779 3393 2834 3448 in
2876 3394 3102 3450 modum
3128 3396 3482 3465 perstitisset,
3518 3411 3707 3468 poSti-a

2115 3498 2383 3555 egressus
2417 3495 2524 3549 est,
2556 3483 2733 3540 divini
2766 3482 3062 3550 Theodoti,
3098 3487 3189 3541 cui
3231 3487 3564 3558 pontificalis
3596 3491 3709 3543 An-

2116 3576 2488 3632 tioohensium
2538 3577 2701 3631 sedes
2755 3576 3052 3647 obtigerat,
3094 3578 3319 3632 monitis
3357 3578 3574 3650 1285
3604 3582 3710 3634 oh-

2116 3678 2452 3739 temperans.
2499 3666 2622 3723 Stat
2670 3677 2852 3722 autem
2896 3668 3127 3723 assidue
3164 3684 3362 3725 manus
3405 3672 3708 3726 extendens

2115 3761 2174 3817 in
2199 3761 2426 3825 caelum,
2449 3763 2902 3818 etuniversorum
2932 3763 3102 3819 Deum
3134 3763 3386 3828 laudans,
3420 3771 3710 3834 totumth

2118 3869 2327 3924 corpus
2367 3855 2598 3926 pellicea
2629 3854 2899 3925 obtegens
2921 3858 3106 3913 tunica
3131 3873 3146 3910 :
3175 3856 3325 3910 circa
3355 3870 3551 3910 nasum
3575 3871 3709 3910 vero

2118 3953 2175 4003 et
2212 3962 2278 4004 os
2303 3948 2506 4012 solum,
2531 3947 2806 4003 modicum
2826 3947 3047 4020 spiritui
3074 3955 3312 4004 meatum
3342 3946 3586 4017 reliquit,
3612 3964 3713 4018 per

2116 4053 2278 4109 quem
2323 4039 2593 4110 respiret,
2632 4052 3097 4110 communemque
3132 4052 3314 4094 aerem
3355 4038 3553 4101 ducat,
3586 4039 3710 4095 sine

2118 4145 2231 4202 quo
2281 4131 2468 4187 vivere
2519 4132 2762 4187 humana
2812 4141 3014 4187 natura
3070 4148 3185 4188 non
3242 4140 3448 4205 posset.
3503 4132 3705 4189 Totum

2118 4237 2287 4293 porro
2321 4224 2471 4279 hunc
2512 4224 2754 4280 laborem
2799 4225 3069 4289 sustinet,
3103 4240 3226 4280 cum
3267 4239 3471 4296 corpus
3509 4232 3708 4280 nactus

2120 4315 2196 4372 sit
2224 4317 2454 4373 minime
2488 4318 2799 4382 robustum,
2832 4333 2897 4374 ac
2927 4318 3120 4376 multis
3150 4319 3358 4376 morbis
3381 4320 3705 4385 obnoxium,

2119 4407 2216 4466 sed
2258 4407 2482 4466 fervens
2516 4410 2686 4466 animi
2724 4411 3011 4479 alacritas,
3054 4404 3353 4484 divinaque
3393 4427 3584 4470 amore.
3625 4415 3712 4468 in-

2118 4511 2308 4564 censa,
2336 4499 2596 4556 laborare
2623 4500 2761 4558 illud
2797 4504 3101 4574 compellit,
3140 4503 3289 4575 quod
3318 4503 3575 4561 laborare
3597 4521 3710 4561 nou

2120 4598 2322 4662 potest.
2344 4589 2465 4647 lam
2496 4607 2626 4650 vero
2658 4596 2858 4651 mentis
2880 4595 3242 4668 intelligentia
3277 4603 3572 4668 praestans,
3604 4612 3704 4669 op-

2121 4684 2254 4739 time
2283 4683 2594 4757 interrogat
2628 4695 2684 4742 et
2724 4687 3039 4755 respondet,
3072 4687 3396 4759 rectiusque
3427 4690 3711 4748 Interdum

2123 4788 2189 4830 ac
2213 4776 2497 4845 potentius
2526 4785 2971 4847 argumentatur,
3003 4792 3171 4849 quam
3211 4779 3307 4850 qui
3338 4781 3395 4836 in
3433 4780 3711 4838 Aristote-

2123 4862 2245 4919 licis
2289 4865 2621 4936 Iahyrintbis
2662 4866 2867 4923 versati
2912 4876 3061 4924 sunt.
3115 4867 3367 4941 Cumque
3412 4869 3481 4926 ad
3525 4872 3710 4942 ipsum

2122 4954 2344 5011 virtutis
2405 4952 2685 5027 fastigium
2742 4958 3088 5027 pervenerit,
3143 4974 3254 5014 non
3318 4960 3588 5030 permittit
3651 4972 3711 5016 ut

2121 5047 2293 5103 animi
2342 5044 2521 5104 fastus
2565 5047 2731 5102 simul
2782 5050 3072 5119 ascendat,
3117 5050 3212 5106 sed
3262 5050 3407 5106 infra
3455 5051 3606 5107 illum
3640 5055 3710 5110 ad

2122 5140 2272 5211 ipsas
2326 5140 2530 5195 montis
2586 5140 2806 5198 radices
2860 5156 3057 5212 repere
3103 5142 3285 5214 jubet.
3340 5138 3501 5199 Novit
3556 5146 3709 5201 enim

2120 5239 2392 5302 quantum
2439 5232 2629 5287 damni
2680 5230 2829 5289 fastu
2878 5233 3069 5290 inﬂata
3114 5250 3273 5291 mens
3314 5234 3529 5292 atterat.
3584 5235 3712 5293 llaec

2121 5325 2289 5396 igitur
2317 5327 2371 5383 in
2413 5340 2636 5383 summa
2670 5327 2841 5399 hujus
2877 5337 2966 5384 est
3006 5328 3354 5399 philosophia
3390 5348 3405 5385 :
3441 5346 3565 5400 qua
3598 5332 3713 5386 uti-

2122 5434 2250 5474 nam
2290 5418 2371 5475 sic
2413 5427 2652 5485 crescat,
2691 5431 2751 5476 ut
2796 5422 2865 5477 ad
2908 5438 3110 5479 cursus
3160 5437 3361 5480 metam
3413 5429 3710 5498 pertingat.

2120 5509 2445 5566 (lommunis
2462 5511 2609 5567 enim
2636 5511 2849 5582 piorum
2873 5522 2961 5569 est
2983 5513 3198 5581 laetitia,
3222 5516 3499 5572 victorum
3519 5516 3714 5587 hujus-

2125 5599 2273 5655 modi
2330 5600 2530 5672 gloria.
2585 5598 2714 5656 Mihi
2765 5619 2900 5660 vero
2953 5605 3164 5661 utinam
3212 5602 3408 5664 horum
3460 5608 3716 5680 precibus

2125 5692 2367 5749 subnixo
2391 5695 2677 5766 contingat
2710 5696 2784 5752 ab
2806 5696 2912 5753 hoc
2948 5707 3138 5755 monte
3180 5714 3292 5755 non
3330 5701 3521 5771 procul
3564 5699 3713 5755 absi-
3784 5754 3790 5767 ,

2125 5796 2291 5850 stere,
2323 5787 2418 5843 sed
2454 5787 2725 5859 paulatim
2758 5790 3079 5860 ascendere,
3117 5801 3173 5849 et
3205 5793 3437 5850 istorum
3469 5804 3714 5849 contem—

2125 5877 2368 5942 platione
2394 5880 2660 5937 recreari.

436 5973 662 6044 δέμενον
702 5973 1054 6043 προσευχαῖς,
1099 5967 1177 6057 μὴ
1209 5969 1399 6041 πόρρω
1444 5967 1598 6023 τοῦδε
1645 5967 1903 6037 γενέσθαι
1930 5967 2024 6021 τοῦ
2064 5968 2258 6041 ὄρους’
2292 5971 2427 6026 ἀλὶά
2463 5974 2807 6047 καταμικρδν
2838 5976 3125 6049 ἀναϐῆναι,
3190 5977 3284 6032 καὶ
3348 5978 3470 6041 ταῖς
3507 5972 3712 6035 τούτων

439 6069 713 6141 ἱντρυφᾷν
742 6066 1017 6140 θεωρίαις.
