4074 6406
485 476 504 540 1
517 475 619 540 487

857 588 1089 643 XXVIII.
1135 621 1197 629 ---
1238 588 1694 646 THALELALUS.

551 683 738 752 Neque
793 681 1050 736 Thaleltei
1111 680 1287 735 silebo
1337 681 1712 736 narrationem
1767 697 1781 734 :
1836 680 2056 749 plenum

478 774 625 828 enim
651 781 737 828 est
755 771 1021 825 miraculo
1047 771 1440 839 spectaculum.
1475 768 1585 825 Nec
1616 786 1748 826 vero
1779 771 1902 825 aliis
1931 778 2057 824 tan—

481 876 593 918 tum
647 861 1005 916 narrantibus
1051 861 1271 932 1286
1311 859 1516 926 audivi,
1568 861 1664 916 sed
1714 862 1896 917 oculis
1941 861 2058 932 ipse

481 955 587 1010 vidi
650 951 1030 1008 admirandum
1097 952 1496 1023 spectaculum.
1564 952 1838 1007 \‘icesimo
1907 952 2056 1008 enim

479 1047 656 1100 stadio
701 1060 732 1100 a
777 1043 1002 1100 Gabalis
1045 1043 1202 1118 (urbs
1242 1058 1306 1100 ea
1352 1052 1438 1100 est
1482 1059 1650 1115 parva
1694 1055 1747 1097 ιιι
1785 1045 2054 1116 elegans),

477 1140 674 1192 collem
710 1137 1005 1208 quemdam
1034 1151 1158 1191 cum
1193 1135 1510 1198 insedisset,
1543 1137 1596 1190 in
1627 1152 1735 1204 quo
1765 1135 2056 1190 delubrum

479 1236 599 1282 erat
627 1229 972 1284 daemonibus
1000 1228 1340 1292 dedicatum,
1362 1236 1415 1282 et
1445 1229 1516 1282 ab
1554 1229 1735 1298 impiis
1765 1229 1896 1283 olim
1935 1243 2056 1283 cre—

480 1320 596 1375 bris
622 1320 916 1377 sacriﬁciis
953 1322 1311 1381 honoratum.
1352 1320 1611 1390 exiguum
1659 1320 1730 1374 ibi
1776 1323 2056 1392 tugurium

483 1409 692 1464 deﬁxit.
738 1409 992 1467 Nefarios
1032 1420 1216 1467 autem
1257 1411 1382 1468 illos
1425 1412 1548 1468 ideo
1593 1414 1776 1468 colere
1809 1430 1869 1469 se
1907 1414 2057 1469 dice-

482 1499 634 1565 bant,
671 1507 732 1554 ut
765 1517 1014 1572 magnam
1046 1503 1266 1558 illorum
1297 1502 1678 1559 crudelitatem
1709 1504 1912 1560 hostiis
1943 1505 2060 1574 pla-

481 1607 608 1647 cere
634 1593 963 1648 niterentur.
1005 1593 1193 1649 Multis
1234 1595 1380 1649 enim
1425 1596 1598 1649 exitio
1625 1605 1805 1660 erant,
1836 1605 1890 1650 et
1921 1610 2058 1666 pra:-

481 1686 847 1754 tereuntibus,
887 1689 902 1706 ‘
943 1695 997 1741 et
1029 1688 1556 1760 propinquantibus,
1592 1704 1699 1743 non
1741 1689 2058 1744 hominibus

480 1780 664 1848 modo,
693 1781 789 1837 sed
817 1792 872 1837 et
899 1782 1094 1849 asinis,
1123 1794 1176 1838 et
1206 1784 1395 1848 mulis,
1423 1792 1472 1837 et
1508 1785 1702 1845 hohus,
1727 1793 1781 1838 et
1810 1785 2008 1839 ovibus
2041 1803 2056 1838 :

480 1886 590 1924 non
633 1871 902 1926 bellantes
944 1887 1070 1926 cum
1109 1873 1310 1937 brutis,
1347 1873 1440 1928 sed
1484 1873 1802 1928 hominibus
1839 1888 1934 1942 per
1965 1872 2057 1926 illa

1474 481 1956 542 TllEUDORE'l‘l
1989 479 2318 538 EPISCOP]
2361 480 2728 540 CYRENSIS

2621 591 2756 645 κη’.
2782 624 2849 630 ——
2881 592 3289 645 ΘΑΛΕΛΔΙΟΣ.

2235 685 2375 738 Ούδέ
2425 685 2725 739 Θαλελαίου
2782 685 3074 754 σιγήσομαι
3110 684 3173 736 τὸ
3219 683 3492 755 διήγημα,
3542 688 3726 756 μεστὸν

2165 775 2275 847 γὰρ
2302 776 2364 829 τὸ
2404 776 2587 847 θέαμα
2617 775 2917 846 θαύματος.
2965 778 3079 828 Οὐκ
3123 775 3300 830 ἀλλων
3351 775 3408 830 δὲ
3467 777 3620 847 μόνον
3659 780 3725 834 διο

2166 865 2533 936 ηγησαμένων
2561 867 2794 936 ἀκήκοα,
2822 864 2957 918 ἀλλά
3008 865 3102 918 καὶ
3149 866 3423 936 αὐτόπτης
3476 867 3730 938 ἐγενόμην

2165 953 2258 1004 τοῦ
2297 951 2598 1023 παραδόξου
2633 951 2927 1022 θαύματος.
2971 952 3104 1005 Ἀπὸ
3154 953 3380 1007 σταδίων
3407 953 3515 1023 γάρ
3568 955 3731 1008 είκοσι

2168 1046 2206 1096 Γ
2208 1044 2422 1099 αϐάλων
2460 1044 2647 1116 (πόλις
2693 1044 2751 1097 δέ
2794 1043 2931 1114 αὕτη
2964 1043 3172 1114 σμικρά
3217 1045 3315 1097 καὶ
3359 1046 3728 1116 χαριεστάτη).

2164 1137 2326 1206 λόφον
2356 1136 2480 1190 τινά
2523 1135 2863 1203 καταλαϐὼν,
2915 1137 2974 1189 ἐν
3019 1129 3064 1203 ᾧ
3119 1137 3347 1207 τέμενος
3377 1132 3445 1206 ἦν
3495 1137 3734 1207 δαίμοσιν

2164 1227 2547 1299 ἀνακείμενον,
2584 1228 2677 1282 καὶ
2710 1227 2816 1280 ὑπὸ
2863 1225 2974 1281 τῶν
3013 1227 3180 1280 πάλαι
3223 1226 3498 1280 δυσσεϐῶν
3526 1227 3735 1290 πολλαῖς

2165 1321 2375 1382 θυσίαις
2404 1319 2737 1392 τιμώμενον,
2774 1320 3014 1390 σμικράν
3039 1334 3160 1371 τινα
3200 1317 3444 1388 καλύϐην
3485 1319 3731 1390 ἐπήξατο.

2179 1411 2539 1483 Ἐθεράπευον
2586 1413 2643 1466 δὲ
2672 1413 2798 1475 τοὺς
2846 1410 3194 1482 ἀλιτηρίους,
3231 1411 3308 1474 ὡς
3363 1409 3591 1479 ἔφασαν,
3643 1411 3734 1481 τὴν

2167 1505 2368 1578 πολλὴν
2394 1505 2575 1560 αὐτῶν
2605 1505 2863 1576 ὠμότητα
2903 1505 3118 1568 θυσίαις
3165 1504 3431 1574 πραΰνειν
3466 1502 3734 1574 πειρώμεο

2165 1613 2266 1651 νοι.
2325 1596 2546 1660 Πολλοῖς
2585 1596 2694 1667 γὰρ
2746 1595 3115 1667 ἐλυμαίνοντο,
3176 1596 3273 1650 καὶ
3327 1595 3602 1666 παριοῦσι,
3650 1598 3731 1647 καλ

2165 1689 2588 1757 γειτονεύουσιν,
2610 1688 2711 1741 ούκ
2733 1688 3044 1758 ἀνθρώποις
3071 1687 3274 1757 μόνοις,
3303 1687 3440 1742 ἀλλά
3469 1687 3562 1742 καὶ
3583 1687 3735 1752 ὄνοις,

2165 1783 2260 1835 καὶ
2288 1783 2554 1852 ἡμιόνοις.
2590 1781 2685 1834 καὶ
2719 1779 2893 1850 βουσὶ.
2926 1781 3020 1833 καὶ
3044 1780 3364 1850 προϐάτοις’
3397 1780 3457 1832 ού
3491 1783 3600 1843 τοῖς
3620 1781 3737 1834 ἀλό-

2163 1892 2284 1943 γοις
2312 1874 2698 1945 πολεμοῦντες,
2735 1873 2870 1926 ἀλλά
2901 1873 2990 1926 διά
3034 1872 3240 1926 τούτων
3287 1873 3402 1932 τοῖς
3441 1871 3737 1942 ἀνθρώποις

481 1961 716 2016 insidias
752 1962 1062 2017 tendentes.
1104 1961 1262 2017 Tunc
1299 1978 1431 2034 ergo
1471 1963 1859 2018 adventantem
1906 1963 2058 2017 illum

2167 1967 2628 2030 ἐπιϐουλεύοντες.
2664 1967 2800 2020 Τότε
2828 1966 3010 2020 τοίνυν
3033 1967 3365 2037 ἀφικόμενον
3401 1964 3588 2018 τοῦτον
3616 1966 3739 2017 [86v-

478 2060 792 2118 cernentes,
817 2062 1129 2121 pet-terrere
1159 2053 1381 2124 quidem
1413 2058 1596 2108 conati
1637 2066 1790 2118 sunt,
1825 2054 1919 2110 sed
1955 2053 2060 2107 mi-

480 2146 627 2200 nime
665 2152 984 2216 potuerunt,
1017 2160 1152 2224 cum
1183 2159 1308 2200 eum
1357 2143 1489 2200 ﬁdes
1516 2153 1846 2216 protegeret,
1877 2156 1932 2201 et
1961 2158 2062 2215 pro

478 2255 546 2294 eo
575 2240 750 2310 gratia
789 2251 1077 2311 pugnaret.
1116 2237 1274 2295 Unde
1309 2241 1466 2296 rabie
1508 2255 1573 2296 ac
1613 2241 1802 2296 furore
1844 2241 2059 2312 perciti,

461 2332 745 2392 adversus
774 2333 1019 2388 consitas
1050 2332 1120 2388 ibi
1151 2332 1382 2389 arbores
1417 2333 1722 2389 irruerunt.
1759 2333 1926 2388 Erant
1959 2349 2059 2386 au-

468 2431 586 2478 tem
619 2423 672 2477 in
703 2424 845 2480 colle
877 2424 972 2480 illo
995 2432 1050 2479 et
1079 2425 1216 2480 ﬁcus
1245 2433 1300 2481 et
1329 2426 1462 2481 oleae
1497 2427 1740 2482 virentes
1766 2427 2016 2497 plurima:
2043 2445 2055 2480 :

478 2529 544 2567 ex
589 2514 792 2585 quibus
826 2515 1013 2571 subito
1047 2517 1254 2573 evulsa:
1291 2517 1521 2572 fuerunt
1562 2517 1855 2587 plusquam
1897 2518 2062 2584 quin-

479 2615 672 2676 gentae.
720 2607 875 2673 Quod
920 2607 1140 2677 quidem
1189 2609 1546 2664 narrantibus
1587 2609 1785 2665 vicinis
1835 2609 2062 2664 rusticis

471 2698 737 2768 cognovi,
761 2699 853 2767 qui
891 2713 1016 2753 cum
1044 2699 1353 2770 impietatis
1376 2701 1507 2756 olim
1539 2702 1774 2772 caligine
1806 2712 2060 2757 teneren-

479 2800 593 2856 tur,
625 2805 721 2859 per
757 2790 923 2858 hujus
965 2789 1275 2845 doctrinam
1319 2806 1383 2846 ac
1425 2791 1689 2845 miracula
1737 2791 1940 2846 divinae
1969 2807 2061 2845 co-

473 2883 742 2953 gnitionis
781 2883 963 2938 lumen
997 2893 1385 2953 perceperunt.
1427 2884 1494 2938 Et
1524 2887 1784 2956 quoniam
1819 2886 2062 2955 philoso-

479 2976 622 3044 phiae
683 2975 942 3029 athletam
1005 2974 1192 3032 infesti
1245 2976 1527 3032 daemones
1589 2977 1673 3031 his
1725 2977 1892 3031 rebus
1951 2993 2059 3032 non

476 3063 824 3132 expulerant.
886 3063 1024 3119 alias
1077 3079 1271 3119 rursus
1326 3066 1612 3120 machinas
1674 3065 2058 3120 admoverunt.

477 3155 652 3208 Noctu
708 3155 866 3208 cnim'
898 3155 1197 3221 ululantes,
1245 3164 1300 3211 et
1358 3157 1639 3227 lampadas
1691 3167 2058 3225 ostentantes,

478 3258 746 3302 terrorem
779 3247 1018 3316 injicere
1063 3248 1432 3312 conabantur,
1472 3257 1528 3303 et
1567 3258 1803 3304 mentem
1838 3261 2062 3318 pertur-

480 3343 629 3394 bare.
678 3337 747 3392 Ut
793 3353 922 3393 vero
953 3337 1194 3394 insultus
1232 3339 1453 3394 illorum
1491 3355 1682 3395 omnes
1711 3343 1926 3407 derisit,
1969 3343 2062 3396 illo

481 3431 696 3502 1287
720 3429 1551 3504 tandenrrelicto,diﬁ‘ugorunt.
1577 3433 1698 3502 Ipse
1718 3440 1902 3490 autem
1927 3435 2064 3492 rotis

473 3525 692 3580 duabus
749 3525 1057 3592 iabricatis,
1100 3542 1336 3599 quarum
1400 3528 1670 3583 diametur
1727 3526 1896 3582 duum
1937 3534 2064 3581 erat

471 3620 815 3685 cubitorum,
851 3628 1000 3676 rotas
1029 3620 1222 3676 ambas
1254 3621 1483 3686 tabulis,
1515 3637 1625 3678 non
1663 3622 1810 3678 inter
1837 3638 1898 3679 se
1929 3639 2062 3680 con-

476 3715 670 3778 nexis,
733 3711 828 3768 sed
887 3712 1227 3768 distantibus
1281 3713 1581 3783 copulavit.
1639 3713 1848 3770 Deinde
1900 3716 2061 3772 intus

477 3804 701 3871 sedens,
732 3804 1047 3876 cuneisque
1078 3814 1132 3859 et
1173 3805 1347 3859 clavis
1377 3803 1648 3860 distantes
1688 3806 1813 3862 illas
1842 3806 2060 3863 tabulas

477 3897 720 3970 deﬁgens
746 3937 762 3962 ,
783 3899 898 3955 sub
927 3898 1026 3954 dio
1067 3907 1240 3952 rotam
1271 3898 1452 3953 evexit
1479 3917 1491 3953 :
1525 3898 1628 3952 tria
1671 3899 1776 3952 alia
1822 3915 2055 3970 procera

479 3991 624 4059 ligna
662 3991 717 4045 in
753 3999 956 4046 terram
991 3990 1272 4061 deﬁgens,
1303 3999 1354 4044 ct
1380 3989 1670 4059 superiora
1701 3991 1924 4046 illorum
1964 4007 2060 4046 ca-

481 4085 592 4153 pita
625 4082 786 4160 lignis
821 4082 944 4138 aliis
989 4082 1363 4145 committens,
1412 4083 1726 4153 horumque
1776 4085 1830 4138 in
1878 4085 2061 4140 medio

479 4177 752 4247 duplicem
815 4175 966 4231 illam
1031 4181 1209 4229 rotam
1279 4174 1501 4244 illigans
1571 4183 1625 4228 et
1691 4177 2059 4245 suspendens.

482 4269 658 4340 Hujus
704 4275 888 4323 autem
923 4267 1159 4338 spatium
1205 4264 1443 4320 interius
1475 4265 1710 4322 duorum
1740 4269 2061 4323 cubitorum

481 4361 828 4418 altitudinem
871 4359 1057 4424 habet,
1097 4357 1272 4413 cubiti
1307 4372 1440 4413 vero
1487 4359 1651 4414 unius
1693 4360 2057 4415 latitudinem.

481 4454 538 4511 In
581 4455 685 4511 hoc
730 4453 823 4510 ille
867 4449 1140 4516 residens,
1173 4449 1259 4505 vel
1309 4449 1492 4520 potius
1535 4466 1865 4521 suspensus,
1900 4451 2062 4506 annis

478 4548 588 4614 jam
630 4545 818 4600 decem
861 4540 1144 4615 perpetuis
1176 4540 1291 4611 egit
1324 4558 1337 4594 :
1368 4549 1422 4595 et
1459 4554 1587 4594 cum
1629 4549 1788 4594 vasto
1833 4541 1905 4594 sit
1935 4555 2062 4595 cor-

2160 2075 2273 2121 τες,
2311 2059 2712 2127 καταπλήττειν
2742 2058 3041 2129 ἐπειρῶντο
3075 2057 3199 2128 μὲν,
3240 2058 3343 2110 οὐκ
3372 2056 3631 2126 ἠδύναντο
3663 2057 3734 2120 δὲ,

2161 2151 2256 2204 καὶ
2285 2151 2387 2220 τῆς
2416 2151 2653 2215 πίστεως
2675 2151 3175 2225 περιφραττούσης,
3200 2151 3294 2204 καὶ
3326 2150 3736 2222 ύπερμαχούσης

2161 2245 2260 2314 τῆς
2291 2245 2536 2314 χάριτος.
2562 2241 2850 2313 Τοιγάρτοι
2881 2240 3086 2314 λύσσης
3138 2241 3232 2295 καὶ
3269 2241 3468 2312 μανίας
3504 2241 3736 2310 ἀναπλη-

2163 2331 2414 2397 σθέντες,
2465 2333 2610 2387 κατά
2661 2333 2771 2386 τῶν
2819 2333 2938 2386 ἐκεῖ
2988 2331 3418 2402 πεφυτευμένων
3465 2330 3736 2402 ἐχώρηταν

2159 2425 2412 2496 δένδρων.
2445 2424 2641 2478 Πολλαῖ
2685 2423 2741 2477 δέ
2775 2425 2906 2496 περὶ
2933 2424 3026 2477 τὸν
3066 2423 3229 2492 λόφον
3253 2425 3464 2476 ἐκεῖνον
3499 2425 3656 2475 σνκαῖ
3683 2439 3736 2473 τι

2162 2519 2257 2574 καὶ
2307 2519 2486 2572 ἐλαῖαι
2517 2517 2800 2590 τεθηλυῖαι
2839 2516 3136 2587 ἐτύγχανον
3185 2512 3369 2570 οὖσαι.
3409 2517 3504 2573 Ἐκ
3543 2515 3735 2568 τούτων

2163 2610 2384 2674 πλείους
2439 2611 2472 2682 ἢ
2529 2609 2892 2673 πεντακοσίας
2951 2608 3282 2675 ἐξαπιναίως
3335 2606 3736 2676 ἀνατπασθῆναί

2163 2720 2320 2773 φασι.
2344 2703 2456 2758 Καὶ
2475 2702 2635 2756 τοῦτο
2654 2702 2762 2756 τῶν
2786 2699 3202 2770 γειτονευόντων
3230 2699 3510 2770 ἀγροίκων
3542 2700 3736 2768 διηγου-

2166 2795 2342 2865 μένων
2364 2796 2609 2865 ἀκήκοαο
2641 2795 2691 2848 οῖ
2748 2794 2920 2847 πάλαι
2968 2791 3047 2862 τῷ
3077 2792 3178 2862 τῆς
3223 2791 3486 2855 ἀσεϐείας
3525 2793 3734 2860 κατεχό-

2166 2904 2318 2954 μενοι
2344 2887 2514 2956 ζόφῳ,
2548 2887 2636 2940 διά
2661 2886 2760 2955 τῆς
2788 2883 2982 2938 τούτου
3020 2883 3378 2947 διδασκαλίας
3409 2901 3468 2936 τε
3499 2883 3589 2936 καὶ
3620 2883 3726 2934 θαυ-

2167 2976 2526 3047 ματουργίας,
2583 2975 2646 3027 τὸ
2690 2975 2793 3043 τῆς
2851 2973 3184 3043 θεογνωσίας
3223 2973 3554 3041 ὑπεδέξαντο
3609 2973 3731 3040 φῶς.

2177 3068 2395 3136 Ἐπειδὴ
2425 3067 2480 3120 δὲ
2505 3067 2597 3120 καὶ
2625 3067 2784 3119 τοῦτο
2801 3065 3100 3136 δράσαντες
3127 3065 3176 3118 οῖ
3201 3064 3475 3138 ἀλιτήριοι
3501 3065 3733 3134 δαίμονες

2163 3160 2265 3212 οὐκ
2294 3159 2598 3224 ἐδεδίξαντο
2623 3159 2724 3230 τῆς
2745 3157 3066 3227 φιλοσοφίας
3099 3158 3193 3211 τὸν
3215 3157 3486 3231 ἀθλητὴν,
3520 3158 3611 3212 xui
3633 3158 3735 3209 ’ἐτε-

2169 3270 2235 3323 ρα
2255 3248 2412 3315 αὖθις
2442 3251 2782 3324 προσέφερον
2806 3252 3196 3321 μηχανήματα.
3229 3250 3470 3324 Νύκτωρ
3499 3249 3605 3321 γὰρ
3629 3249 3733 3300 ὀλο-

2164 3347 2301 3418 λυγῇ
2338 3345 2632 3418 χρώμενοι,
2669 3347 2764 3399 καὶ
2801 3345 3092 3416 λαμπάδας
3118 3344 3543 3409 ἐπιδεικνύντες,
3577 3342 3734 3397 ἐκδει-

2168 3439 2374 3511 ματοῦν
2393 3439 2713 3512 ἐπειρῶντο,
2733 3439 2825 3492 καὶ
2845 3437 3074 3509 θόρυϐον
3101 3436 3364 3508 ἐμϐαλεῖν
3387 3437 3462 3509 τῷ
3486 3433 3728 3505 λογισμῷ.

2177 3531 2266 3595 Ὡς
2290 3530 2350 3584 δὲ
2373 3531 2554 3594 πάσας
2589 3530 2771 3584 αὐτῶν
2797 3530 2897 3594 τὰς
2945 3531 3168 3598 ἐφόδους
3200 3529 3487 3597 ἐγέλασεν,
3525 3528 3734 3598 ὕστερον

2164 3624 2329 3680 αὐτὸν
2387 3623 2781 3687 καταλιπόντες
2837 3623 3174 3692 ἀπέδρασαν.
3210 3623 3269 3676 '0
3303 3622 3364 3676 δέ
3405 3622 3497 3676 δύο
3523 3619 3732 3692 τροχοὺς

2163 3715 2585 3779 κατασκευάσας
2615 3714 2709 3768 δύο
2735 3714 2956 3786 πήχεων
2989 3713 3280 3786 διάμετρον
3322 3714 3567 3785 ἔχοντας,
3595 3710 3731 3763 trav-f-

2165 3827 2250 3864 σιν
2271 3811 2334 3864 οὐ
2386 3809 2866 3880 συνηρμοσμέναις
2892 3805 3173 3879 ἀλλήλαις,
3201 3805 3342 3859 ἀλλά
3384 3805 3506 3876 διχά
3531 3805 3731 3869 διεστη-

2164 3901 2341 3964 κυίαις
2372 3901 2542 3972 ἄμφω
2587 3899 2876 3964 συνέζευξε
2915 3898 2993 3952 τὼ
3014 3897 3213 3970 τροχώ.
3245 3893 3380 3952 Εἶτα
3432 3896 3576 3951 ἔνδον
3611 3891 3732 3946 καθ·

2167 3995 2310 4057 ίσας,
2344 3995 2439 4046 καὶ
2466 3993 2698 4064 γόμφοις
2730 3992 2825 4045 καὶ
2842 3991 2996 4063 ἥλοις
3027 3993 3127 4054 τὰς
3164 3992 3513 4063 διεστηκυίας
3535 3987 3732 4046 ἐκείναις

2164 4081 2488 4154 καταπήξας
2514 4081 2756 4146 σανίδας,
2797 4079 3063 4152 ὕπαιθρον
3092 4080 3362 4151 ἐξήρτησε
3396 4079 3490 4133 τὸν
3517 4076 3698 4149 τροχόν
3716 4090 3728 4103 ·

2162 4176 2289 4248 τρία
2319 4176 2482 4246 ἕτερα
2516 4175 2650 4241 ξύλα
2689 4173 2872 4244 ὑψηλά
2895 4175 2976 4237 είς
3002 4174 3104 4245 τὴν
3139 4173 3242 4245 γῆν
3275 4171 3616 4243 καταπήξας,
3647 4167 3730 4219 >αὶ

2161 4269 2261 4333 τὰς
2289 4269 2404 4323 ἀνω
2429 4268 2635 4322 τούτων
2673 4267 2848 4340 ἀρχὰς
2878 4265 3056 4332 ξύλοις
3100 4267 3308 4338 ἑτέροις
3355 4264 3616 4335 συνάψας,
3645 4260 3730 4312 καὶ

2162 4361 2368 4416 τούτων
2393 4362 2452 4414 ἐν
2481 4361 2632 4432 μέσῳ
2664 4359 2975 4431 προσδήσας
3005 4358 3098 4412 τὸν
3131 4358 3354 4412 διπλοῦν
3387 4361 3592 4412 ἐκεῖνον
3614 4371 3726 4422 τρο-

2162 4455 2277 4526 χὸν,
2310 4456 2404 4507 καὶ
2446 4454 2748 4525 αίωρήσας.
2775 4455 2980 4506 Τούτου
3011 4452 3068 4505 δέ
3096 4451 3157 4505 τὸ
3187 4450 3339 4514 ἐντὸς
3369 4450 3463 4504 δύο
3512 4447 3608 4521 μὲν
3640 4452 3732 4512 πή-

2163 4561 2304 4614 χεων
2341 4543 2456 4613 εχει
2488 4543 2550 4596 τὸ
2597 4541 2752 4612 ὓψος,
2784 4545 2986 4615 πήχεος
3028 4541 3086 4595 δὲ
3123 4541 3184 4595 τὸ
3213 4537 3392 4611 εὖρος.
3435 4541 3524 4594 Ἐν
3568 4537 3731 4604 τούτῳ

483 4655 634 4709 pore,
689 4653 789 4694 nec
845 4638 1045 4694 sedens
1095 4637 1372 4693 cervicem
1426 4636 1641 4706 erigere
1698 4642 1906 4703 potest.
1959 4634 2057 4690 sed

2163 4636 2495 4706 καθήμενος,
2548 4634 2750 4704 μᾶλλον
2787 4634 2846 4688 δὲ
2898 4634 3276 4705 κρεμάμενος,
3310 4633 3443 4685 δέκα
3477 4631 3610 4691 τέως
3657 4626 3730 4678 δι-

482 4734 744 4788 iucurvus
774 4746 991 4802 semper
1028 4737 1214 4786 manet
1261 4729 1443 4785 l‘ronte
1481 4725 1717 4798 genibus
1755 4725 1938 4782 afﬁxa.
1973 4726 2056 4781 Ad

482 4827 628 4882 hunc
665 4841 766 4896 ego
797 4840 922 4880 cum
954 4825 1255 4888 venissem,
1285 4822 1492 4878 divinis
1531 4819 1836 4892 Evangeliis
1877 4821 2058 4876 inten-

480 4930 629 4989 tum,
663 4934 970 4992 magnoque
1005 4917 1190 4975 studio
1224 4916 1464 4974 fructum
1505 4932 1572 4971 ex
1609 4915 1696 4970 his
1741 4923 2054 4987 captantem

478 5012 684 5068 inveni.
728 5009 1070 5081 interrogavi
1115 5018 1296 5066 autem
1345 5024 1501 5065 novae
1553 5008 1714 5064 istius
1759 5023 2056 5064 conversa-

479 5105 644 5161 tionis
665 5119 889 5160 causam
907 5103 1124 5162 discere
1151 5103 1403 5174 cuplens.
1423 5104 1491 5156 At
1518 5102 1628 5168 ille,
1653 5101 1840 5156 Grieca
1870 5102 2055 5170 lingua

479 5195 850 5267 respondens,
887 5209 1011 5249 nam
1045 5201 1208 5266 gente
1243 5192 1388 5250 Cilix
1423 5201 1540 5247 erat
1573 5209 1587 5246 :
1625 5211 1644 5243 ι
1687 5190 1823 5262 Ego,
1854 5190 2054 5259 inquit,

481 5286 672 5341 multis
717 5296 953 5342 onustus
996 5284 1264 5358 peccatis,
1317 5292 1374 5340 et
1421 5284 1711 5339 intentatis
1767 5280 2058 5352 suppliciis

483 5375 644 5432 ﬁdem
679 5376 912 5440 habens,
952 5378 1057 5433 hoc
1086 5379 1212 5434 vita:
1251 5392 1426 5447 genus
1472 5373 1805 5444 excogitavi,
1851 5383 1912 5426 ut
1943 5388 2058 5426 me-

483 5469 700 5523 diocres
731 5468 1008 5524 cruciatus
1047 5469 1268 5538 corpori
1308 5466 1582 5537 inﬁigens,
1622 5463 2056 5535 impendentium

485 5559 704 5612 illorum
739 5558 1060 5626 pravitatem
1095 5559 1376 5629 eﬁ‘ugiam.
1409 5555 1706 5612 Graviores
1746 5554 1892 5609 enim
1926 5558 1942 5574 ⁴
1979 5553 2056 5607 illi

483 5657 635 5713 sunt,
677 5663 784 5703 non
817 5649 1120 5719 quantitate
1157 5651 1360 5715 solum,
1404 5648 1502 5704 sed
1538 5649 1657 5718 ipsa
1686 5647 1851 5701 etiam
1883 5646 2060 5715 quali-

483 5748 635 5805 tate;
692 5747 824 5794 sunt
866 5743 1010 5796 enim
1062 5741 1442 5796 involuntarii.
1495 5736 1649 5804 Quod
1689 5750 1818 5791 vero
1860 5745 2058 5806 prseter

485 5829 818 5882 voluntatem
856 5827 934 5895 ﬁt,
959 5830 1116 5884 valde
1141 5830 1398 5884 acerbum
1427 5837 1512 5884 est
1539 5847 1552 5882 :
1577 5826 1725 5898 quod
1759 5835 1940 5882 autem
1974 5833 2058 5882 est

487 5918 881 5985 voluntarium,
926 5921 1174 5991 quamvis
1233 5918 1567 5973 laboriosum
1609 5919 1702 5983 sit,
1747 5918 1926 5977 minus
1971 5927 2055 5975 est

2163 4726 2410 4780 ετέλεσεν
2442 4727 2558 4795 ἔτη.
2602 4727 2769 4796 Σῶμα
2810 4726 2868 4778 δὲ
2917 4725 3174 4795 μέγιστον
3227 4724 3388 4794 ἔχων,
3444 4722 3564 4775 οὐδὲ
3604 4717 3730 4772 καθ-

2163 4819 2362 4890 ήμενος
2392 4818 2655 4890 ἀνορθοῦν
2687 4818 2910 4871 δύναται
2941 4817 3032 4871 τὸν
3074 4816 3308 4887 αὐχένα·
3357 4814 3496 4869 ἀλλά
3541 4825 3729 4878 συγκε-

2161 4909 2348 4979 κυφὼς
2383 4910 2469 4964 ἀεὶ
2528 4912 2780 4976 κάθηται,
2829 4912 2941 4974 τοῖς
2975 4908 3164 4978 γόνασι
3210 4907 3630 4980 προσηλωμένον
3676 4903 3730 4955 τὸ

2160 5003 2453 5074 πρόσωπον
2493 5002 2653 5072 ἔχων.
2721 5002 2863 5073 Πρὸς
2912 5001 3100 5055 τοῦτον
3151 5001 3515 5071 ἀφικόμενος,
3584 4992 3731 5066 εὗρἰν

2159 5095 2320 5148 αὑτὸν
2349 5095 2458 5146 τῶν
2505 5095 2666 5147 θείων
2722 5093 3069 5162 Εύαγγελίων
3113 5094 3212 5165 τὴν
3251 5093 3522 5163 ὠφέλειαν
3556 5089 3731 5143 συλλέ-

2160 5202 2346 5254 γοντα.
2396 5187 2642 5258 Ἡρόμην
2676 5186 2754 5244 δὲ.
2798 5186 2989 5256 μαθεῖν
3024 5187 3122 5256 τῆς
3163 5189 3357 5256 καινῆς
3388 5184 3602 5254 ἐκείνης
3636 5198 3726 5232 πο·

2159 5277 2362 5339 λιτείας
2379 5279 2476 5349 τὴν
2497 5280 2676 5332 αἰτίαν
2699 5278 2878 5332 ποθῶν
2893 5294 2906 5308 ο
2940 5281 2968 5332 ό
2987 5278 3044 5332 δὲ
3062 5282 3126 5349 τῇ
3165 5277 3370 5332 Ἐλλάδι
3394 5276 3728 5347 χρησάμενος

2161 5371 2358 5440 φωνῇ·
2405 5371 2560 5436 Κίλιξ
2603 5371 2711 5442 γὰρ
2756 5371 2816 5423 τὸ
2848 5371 3004 5439 γένος
3043 5370 3337 5441 ἐτύγχανεν
3377 5368 3488 5421 ὤν’
3520 5386 3538 5420 t
3573 5362 3726 5430 Ἐγὼ.

2160 5459 2300 5530 ἔφη,
2353 5461 2570 5524 πολλοῖς
2626 5462 2987 5530 ὑποκείμενος
3030 5461 3426 5531 ἁμαρτήμασι,
3469 5455 3564 5508 καὶ
3616 5453 3724 5510 ταῖς

2157 5549 2551 5620 ήπειλημέναις
2579 5550 2871 5621 τιμωρίαις
2909 5549 3202 5611 πιστεύων,
3238 5549 3356 5602 τόδε
3399 5545 3494 5600 τού
3523 5543 3634 5614 βίου
3673 5540 3724 5590 τὸ

2159 5637 2296 5703 εἶδος
2334 5642 2680 5710 ἐπινενόηκά,
2725 5641 2978 5705 κολάσεις
3027 5643 3252 5712 μετρίας
3284 5639 3360 5709 τῷ
3393 5637 3598 5708 σώματι
3631 5647 3725 5701 μνι-

2157 5731 2494 5804 χανὼμενος,
2540 5734 2605 5786 ἵν’
2655 5735 2877 5787 ἐκείνων
2921 5734 3028 5787 τῶν
3085 5730 3550 5804 προσδοκωμένων
3597 5727 3721 5779 ὑπο·

2162 5825 2382 5896 συλήσω
2409 5827 2500 5878 τὸν
2534 5827 2717 5895 δγκον.
2754 5825 3145 5898 Χαλεπώτεραι
3173 5826 3282 5898 γὰρ
3325 5824 3548 5884 ἐκεῖναι,
3573 5819 3630 5871 οὐ
3660 5817 3716 5885 τῇ

2163 5919 2421 5987 ποσότητι
2455 5919 2632 5988 μόνον,
2685 5919 2817 5971 ἀλλὰ
2843 5918 2938 5973 καὶ
2986 5918 3121 5990 αὐτῇ
3158 5921 3221 5992 τῇ
3258 5914 3528 5983 ποιότητι·
3569 5903 3718 5962 ἀκού·
