4074 6446
489 348 627 415 1-589

1706 350 2113 414 RELIGIOSA
2155 348 2539 409 HISTORIA.

3615 341 3746 408 1490

487 473 593 510 σιοι
625 455 750 528 γάρ.
781 455 855 509 Τὸ
884 456 942 510 δὲ
973 457 1124 530 παρά
1147 455 1372 528 γνώμην
1398 455 1736 527 γιγνόμενον,
1764 457 1887 511 λίαν
1912 459 2062 537 ἀνια-

2172 454 2474 508 molestum.
2508 452 2859 521 Spontaneus
2891 451 3040 506 enim
3071 451 3229 508 labor
3255 458 3364 514 est,
3394 463 3502 505 non
3528 450 3741 507 violen-

488 545 617 618 ρόνο
653 545 717 599 τὸ
766 546 824 601 δὲ
871 545 1193 610 ἐθελούσιον,
1240 546 1345 600 κᾶν
1399 545 1659 599 ἐπίπονον
1696 539 1861 618 ἧττόν
1914 546 2062 599 ἔστιν

487 633 756 706 ἀλγεινόν.
790 626 1124 708 Αύθαίρετος
1156 634 1286 707 γάρ,
1319 634 1439 690 ἀλλ’
1474 636 1538 690 ού
1589 635 1759 707 βίαιος
1798 639 1827 690 ὁ
1877 637 2059 701 πόνος.

493 728 610 782 ’Ἱνα
631 727 834 793 τοίνυν,
869 727 994 799 ἔφη,
1028 731 1149 791 ταῖς
1180 730 1408 800 μικραῖς
1439 726 1667 793 ταύταις
1699 728 1876 791 ἀνίαις
1904 729 2063 783 ἐλατ-

489 817 649 873 τώσω
676 819 748 874 τά
779 819 1231 892 προσδοκώμενα,
1284 819 1427 890 μέγα
1475 819 1725 874 ἐντεῦθεν
1752 821 1967 875 ἀποίσω
2005 820 2066 873 τὸ

491 908 702 982 κέρδος.
731 928 751 962 r
781 911 1000 964 Τούτων
1028 911 1266 975 ἀκούσας
1303 910 1422 964 λίαν
1461 910 1626 965 αὐτὸν
1651 910 1754 981 τῆς
1790 912 2067 981 ἀγχινοίας

490 1001 919 1073 ὑπερηγάσθην·
968 1003 1050 1056 ὅτι
1081 1003 1142 1055 οὗ
1176 1002 1336 1072 μόνον
1378 1001 1519 1074 ὑπὲρ
1556 984 1626 1057 τὰ
1665 1003 1891 1072 κείμενα
1922 1003 2068 1073 imu—

490 1092 670 1157 νίζετο
721 1092 1043 1165 σκάμματα,
1075 1095 1170 1147 καὶ
1203 1093 1339 1148 ἄλλα
1376 1093 1589 1148 οἴκοθεν
1620 1094 1837 1148 ὑπενόει
1870 1093 2070 1162 ἀγωνί-

493 1200 708 1254 σματα·
749 1183 865 1238 ἀλλ’
899 1186 981 1238 ὅτι
1012 1184 1109 1238 καὶ
1149 1184 1356 1239 τούτων
1382 1185 1484 1249 τὰς
1515 1185 1697 1248 αἰτίας
1725 1184 2067 1252 ὲπεγίνωσκέ

490 1293 574 1341 τε,
615 1276 709 1329 καὶ
749 1275 946 1340 ἄλλους
979 1277 1248 1331 ἐδίδασκε.
1293 1279 1402 1332 Καὶ
1446 1278 1702 1348 θαύματα
1730 1277 1787 1330 δὲ
1829 1276 1916 1330 διὰ
1970 1278 2069 1348 τῆς

492 1367 682 1423 τούτου
711 1369 1021 1442 προσευχῆς
1055 1370 1229 1425 πολλά
1267 1370 1514 1441 γίνεσθαι
1564 1370 1770 1439 ἔφασαν
1814 1370 1865 1422 οί
1912 1370 2070 1439 περί-

492 1474 656 1523 οικοι,
682 1459 784 1512 οὐκ
812 1458 1117 1530 ἀνθρώπων
1145 1458 1332 1530 μόνον,
1362 1458 1500 1514 ἀλλά
1531 1459 1626 1512 καὶ
1659 1459 1943 1530 καμήλων,
1976 1463 2071 1513 καὶ

492 1553 653 1619 δνων,
694 1553 789 1607 καὶ
812 1554 1051 1625 ἡμιόνων
1078 1553 1374 1628 θεραπείας
1409 1554 1812 1609 ἀπολαυόντων.
1850 1550 2069 1606 Ἐντεῦ-

493 1643 586 1697 θεν
615 1645 841 1717 ἀσεϐείᾳ
871 1646 1040 1702 πάλαι
1065 1648 1428 1719 κατεχόμενον
1456 1650 1631 1702 ἐκεῖνο
1648 1648 1794 1702 am»
1813 1645 1875 1700 τὸ
1899 1644 2069 1708 ἔθνος,

492 1741 592 1812 τὴν
626 1742 724 1812 μὲν
777 1740 1040 1812 πατρῴαν
1079 1741 1356 1813 έξαπάτην
1402 1740 1652 1815 ἠρνήθη,
1690 1739 1788 1795 τοῦ
1838 1739 1983 1794 θείου
2014 1737 2071 1791 δὲ

2171 552 2282 602 tus.
2312 545 2471 611 Quod
2499 544 2545 598 si
2563 543 2772 616 parvis,
2794 543 2997 615 inquit,
3018 543 3106 598 his
3126 542 3401 599 molestiis
3416 557 3479 597 ca
3500 542 3740 597 minuam

2175 637 2393 708 1288
2435 652 2558 708 qute
2590 645 3004 706 exspectantur,
3035 649 3293 707 magnum
3331 635 3461 689 hinc
3501 637 3737 689 referam

2172 730 2408 783 lucrum.
2448 747 2466 779 ι
2504 727 2602 784 [Iis
2631 728 2859 793 auditis,
2903 728 3189 783 solertiam
3231 726 3355 797 ejus
3393 727 3749 782 vehementer

2175 820 2479 874 admiratus
2517 833 2664 882 sum,
2702 817 2851 889 quod
2900 833 3018 872 non
3044 817 3225 872 solum
3266 818 3408 886 ultra
3450 816 3750 871 constimta

2175 922 2477 968 scammata
2526 911 2857 972 decertaret,
2913 911 3133 982 aliaque
3173 909 3243 965 de
3295 923 3397 965 suo
3447 908 3750 964 certamina

2173 1004 2516 1075 excogitaret
2541 1022 2554 1058 :
2579 1002 2675 1060 sed
2708 1002 2852 1074 quod
2880 1001 3075 1056 horum
3100 1016 3301 1058 causas
3325 1008 3380 1057 et
3403 1000 3523 1070 ipse
3544 1010 3749 1065 nosset,

2177 1102 2232 1149 et
2274 1095 2415 1150 alios
2449 1094 2696 1150 doceret.
2755 1092 3019 1148 Miracula
3074 1107 3243 1164 porro
3280 1090 3446 1162 hujus
3496 1089 3752 1162 precibus

2176 1188 2345 1242 multa
2371 1186 2487 1242 fieri
2521 1195 2688 1242 testes
2713 1194 2847 1240 sunt
2871 1185 3057 1250 ricini,
3083 1201 3196 1241 non
3224 1181 3544 1239 hominibus
3564 1182 3750 1246 modo,

2177 1293 2367 1333 verum
2392 1279 2559 1334 etiam
2591 1278 2845 1342 camelis,
2881 1284 2938 1332 et
2978 1276 3175 1344 asinis,
3216 1284 3272 1333 et
3309 1275 3477 1332 mulis
3503 1272 3752 1329 curatio-

2178 1385 2308 1424 num
2354 1368 2599 1425 remedia
2636 1369 3094 1440 percipientibus.
3130 1368 3273 1425 Hinc
3310 1374 3425 1423 tota
3468 1382 3602 1439 gens
3632 1368 3750 1435 illa,

2177 1476 2302 1514 cum
2348 1460 2628 1529 impietate
2654 1460 2787 1515 olim
2822 1459 3121 1525 laboraret,
3160 1465 3445 1529 paternam
3475 1456 3753 1531 deceptio-

2178 1568 2300 1606 nem
2334 1546 2629 1621 abdicavit,
2693 1552 2975 1621 divinique
3021 1550 3252 1609 luminis
3295 1549 3591 1624 Splendore
3630 1551 3754 1606 illu-

2178 1648 2352 1698 strata
2382 1650 2492 1698 est.
2516 1641 2722 1697 Horum
2751 1641 2926 1698 fretus
2946 1640 3175 1705 auxilio,
3197 1640 3507 1695 daemonum
3537 1654 3755 1711 quoque

2178 1733 2469 1789 delubrum
2521 1733 2741 1796 evertit,
2789 1742 2843 1788 et
2887 1733 3150 1804 templum
3207 1731 3512 1787 maximum
3562 1730 3755 1785 trium-

497 1831 676 1900 φωτὸς
706 1830 807 1903 τὴν
834 1831 1030 1904 αἴγλην
1057 1832 1294 1898 ἐδέξατο.
1316 1831 1541 1896 Τούτοις
1561 1831 1843 1902 χρώμενος
1871 1830 2069 1899 ὑπουρ-

2181 1825 2486 1897 phantibus
2524 1826 2861 1896 martyribus
2919 1823 3117 1890 erexit,
3168 1822 3279 1881 diis
3335 1822 3492 1880 falsis
3536 1821 3757 1878 divinos

493 1926 632 1992 γοίς,
670 1924 766 1977 καὶ
807 1923 870 1977 τὸ
916 1924 1025 1979 τῶν
1067 1924 1338 1996 δαιμόνων
1376 1925 1644 1979 κατέλυσε
1696 1923 1946 1993 τέμενος,
1983 1922 2069 1975 καὶ

2179 1927 2432 1975 mortuos
2465 1932 2771 1989 opponens.
2802 1916 3050 1985 Quorum
3079 1917 3295 1973 utinam
3336 1914 3755 1972 intercessioni-

495 2014 663 2084 σηκὸν
704 2013 964 2085 μέγιστον
995 2017 1108 2079 τοῖς
1147 2016 1480 2080 καλλινίκοις
1524 2017 1783 2088 ἀνήγειρε
1818 2013 2076 2086 μάρτυσι,

490 2108 606 2168 τοῖς
658 2105 1033 2178 ψευδωνύμοις
1086 2106 1230 2172 θεοῖς
1273 2108 1400 2173 τοὺς
1438 2107 1616 2172 θείους
1666 2105 1955 2172 ἀντιτάξας
1994 2122 2080 2158 νε-

2178 2013 2283 2068 bus
2336 2011 2647 2083 contingat,
2694 2020 2750 2068 ct
2798 2011 2949 2068 hunc
3012 2012 3079 2066 ad
3133 2010 3497 2069 certaminum
3554 2019 3752 2065 metam

2178 2105 2370 2162 eadem
2399 2120 2526 2160 cum
2553 2103 2789 2159 victoria
2824 2105 3139 2176 pervenire,
3165 2111 3222 2160 et
3255 2119 3357 2160 nos
3386 2101 3458 2158 ab
3483 2100 3570 2156 his
3598 2110 3653 2154 et
3686 2099 3755 2152 ab

495 2195 680 2267 κρούς.
711 2197 846 2262 Ταῖς
894 2197 952 2253 δὲ
994 2197 1199 2253 τούτων
1234 2200 1319 2271 εἴη
1371 2199 1727 2272 πρεσϐείαις,
1760 2200 1853 2253 καὶ
1889 2197 2069 2252 τοῦτον

2179 2195 2276 2252 illo
2315 2195 2559 2266 adjutos,
2604 2196 2807 2252 divina:
2856 2196 3219 2271 philosophia:
3263 2194 3628 2253 certaminum
3663 2205 3753 2246 ar-

494 2285 635 2354 μετά
661 2287 761 2359 τῆς
792 2286 965 2358 αὐτῆς
991 2288 1151 2361 νίκης
1190 2288 1302 2343 τῶν
1339 2290 1567 2360 ἀγώνων
1604 2289 1666 2344 τὸ
1693 2288 1874 2361 τέρμα
1915 2304 2082 2343 κατα-

2179 2285 2376 2343 dentes
2404 2286 2543 2345 eﬂicl
2576 2293 2874 2343 amatores.

490 2380 696 2449 λαϐεῖν,
722 2383 817 2439 καὶ
835 2385 983 2457 ἡμᾶς
1003 2384 1110 2439 ὑπὸ
1130 2384 1335 2442 τούτων
1363 2387 1620 2443 κάκείνου
1645 2386 2061 2461 βοηθουμένους,
2098 2382 2338 2455 ἐραστὰς
2370 2385 2625 2455 γενέσθαι
2659 2384 2896 2459 θερμοὺς
2923 2382 3032 2440 τῶν
3062 2384 3160 2456 τῆς
3218 2380 3533 2455 φιλοσοφίας
3605 2379 3755 2448 ἀγω-

493 2472 789 2540 νισμάτων.
828 2475 1021 2547 Ἀμήν.

833 2565 965 2624 ΚΘ’.
986 2570 1360 2625 -ΜΔΡΑΝΔ
1385 2569 1480 2624 καὶ
1506 2571 1720 2626 ΚΥΡΑ.

561 2653 685 2711 Τῶν
725 2656 964 2729 ἀρίστων
1009 2659 1221 2733 ἀνδρῶν
1262 2660 1362 2735 τὴν
1416 2660 1692 2718 πολιτείαν
1724 2661 2066 2734 συγγράψας,

492 2742 767 2816 προῦργον
789 2746 996 2818 νομίζω
1023 2748 1416 2818 καὶγυναικῶν
1439 2749 1592 2804 οὐδὲν
1612 2747 1776 2826 ἦττον
1797 2753 1846 2805 εί
1873 2751 1946 2824 μὴ
1977 2750 2073 2807 καὶ

492 2837 694 2907 μᾶλλον
714 2837 1105 2910 ἠγωνισμένων
1135 2841 1557 2916 ἐπιμνησθῆναι.
1589 2834 1760 2897 Abeat
1778 2842 1887 2914 γάρ
1912 2843 2073 2915 εὐφη-

492 2929 624 3000 μίας
649 2930 894 3001 μείζονός
922 2934 1061 2988 εἰσιν
1091 2933 1406 3007 ἀξιώτεραι,
1442 2935 1606 3008 φύσιν
1630 2937 1729 3009 μὲν
1752 2936 2071 2992 ἀσθενεστέ-

493 3039 592 3092 ραν
621 3021 903 3094 λαχοῦσαι,
925 3024 1025 3098 τὴν
1051 3025 1220 3098 αὐτὴν
1248 3026 1306 3080 δὲ
1345 3029 1458 3093 τοῖς
1498 3027 1721 3100 ἀνδράσι
1760 3027 2070 3099 προθυμίαν

488 3110 953 3182 ἐπιδεικνύμεναι,
982 3114 1076 3168 καὶ
1100 3116 1201 3187 τῆς
1228 3117 1561 3189 προγονικῆς
1590 3116 1849 3189 αἰσχύνης
1885 3117 1948 3171 τὸ
1973 3116 2068 3186 γέ-

2496 2562 2690 2621 XXIX.
2728 2597 2786 2607 —
2806 2563 3096 2621 MARANA
3137 2571 3193 2621 ει
3214 2563 3425 2623 CYRA.

2242 2654 2633 2712 Praestantium
2689 2656 2935 2714 virorum
2967 2657 3388 2713 conversatione
3438 2656 3756 2728 descripta,

2173 2761 2356 2820 opera:
2386 2748 2621 2821 pretium
2646 2748 2906 2805 existimo
2936 2747 3172 2805 feminas
3221 2749 3387 2805 etiam
3418 2762 3759 2805 commemo-

2174 2854 2319 2908 rare,
2352 2856 2587 2914 quarum
2615 2840 2788 2897 nihilo
2840 2841 3079 2907 minora,
3149 2840 3247 2898 sed
3305 2839 3514 2912 majora
3574 2841 3758 2912 potius

2175 2935 2475 2993 certamina
2496 2934 2742 2992 fuerunt.
2768 2934 2861 2991 liae
2887 2949 3123 3006 namque
3146 2934 3341 3006 majori
3370 2916 3528 2992 laude
3547 2934 3755 3005 dignio-

2175 3042 2266 3083 res
2300 3035 2454 3089 sunt,
2503 3041 2624 3098 quae
2664 3025 3018 3082 infirmiorem
3081 3034 3331 3083 naturam
3380 3043 3505 3083 cum
3551 3030 3759 3084 sortita

2184 3117 2317 3185 sint,
2344 3116 2592 3173 eamdem
2625 3131 2750 3172 cum
2777 3117 2907 3173 viris
2939 3115 3107 3170 animi
3137 3116 3473 3173 alacritatem
3498 3119 3756 3174 ostende-

488 3220 579 3267 νος
621 3202 1024 3276 ὲλευθεροῦσαι.
1073 3183 1360 3279 Μαράναςν
1390 3208 1447 3263 δὲ
1479 3183 1576 3263 καὶ
1615 3183 1930 3278 Κύραςνὲπὶ
1976 3183 2069 3264 τοῦ

2176 3219 2326 3277 runt,
2363 3224 2648 3281 genusque
2681 3225 2841 3266 suum
2882 3209 2954 3264 ab
2995 3208 3143 3264 avito
3183 3207 3453 3266 dedecore
3508 3210 3757 3265 vindica-

487 3295 758 3367 παρόντος
791 3297 1194 3371 μνησθησομαι,
1245 3301 1302 3355 αἶ
1336 3301 1435 3367 τάς
1489 3302 1657 3367 ἄλλας
1706 3303 1924 3368 ἁπάσας
1959 3307 2074 3369 τοῖς

485 3383 589 3454 τῆς
627 3385 922 3457 καρτερίας
973 3391 1326 3461 νενικήκασιν
1363 3391 1564 3457 ἄθλοις.
1597 3393 1835 3457 Ταύταις
1872 3394 2074 3467 πατρὶς

493 3477 594 3545 μὲν
628 3478 661 3548 ὴ
693 3476 953 3550 Βέρροια,
988 3480 1147 3549 γένος
1168 3480 1226 3534 δὲ
1255 3480 1318 3535 τὸ
1351 3482 1451 3555 τῆς
1499 3483 1755 3555 πατρίδος
1778 3484 2070 3556 ἐπίσημον,

485 3567 663 3640 τροφὴ
689 3568 747 3623 δὲ
776 3569 855 3641 τῷ
888 3570 1035 3641 γένει
1059 3571 1436 3644 συμϐαίνουσα
1459 3590 1473 3605 ο
1505 3573 1645 3630 ἀλλὰ
1671 3575 1876 3629 τούτων
1897 3576 2076 3645 ἀπάντ

486 3677 595 3714 των
625 3661 999 3733 ὑπεριδοῦσαι,
1036 3665 1131 3719 καὶ
1170 3662 1345 3737 βραχύ
1380 3681 1435 3719 τι
1458 3665 1565 3738 πρὸ
1602 3665 1697 3720 τοῦ
1728 3666 1936 3731 ἄστεως
1965 3686 2072 3739 χω-

494 3751 607 3823 ρίον
630 3752 1044 3823 περιϐαλοῦσαι,
1077 3754 1173 3808 καὶ
1194 3754 1326 3808 εἴσω
1348 3754 1538 3809 τούτου
1569 3755 1884 3825 γενόμεναι,
1913 3756 2072 3832 πηλῷ

489 3846 586 3899 καὶ
609 3845 777 3910 λίθοις
813 3846 913 3918 τὴν
935 3846 1108 3917 θύραν
1139 3846 1585 3919 ἀνῳκοδόμησαν.
1626 3847 1970 3918 Κοινωνῆσαι
2013 3847 2069 3906 δὲ

486 3937 680 4001 αὑταῖς
716 3936 870 3992 τοῦδε
890 3938 986 3992 τοῦ
1029 3938 1146 4010 βίου
1177 3939 1276 4003 τάς
1317 3938 1653 4010 θεραπαίνας
1695 3938 2070 4012 προθυμηθεί-

490 4042 610 4090 σας,
637 4024 743 4091 ἔξω
788 4025 944 4080 τοῦδε
1001 4027 1097 4082 τοῦ
1141 4028 1430 4101 περιϐόλου
1464 4029 1700 4101 σμικρὸν
1743 4029 2070 4103 δειμάμεναι

487 4116 853 4188 καταγώγιον,
885 4120 944 4173 ὲν
971 4119 1164 4192 ἐκείνῳ
1200 4121 1408 4193 διάγειν
1444 4122 1759 4183 ἐκέλευσαν.
1795 4123 2069 4196 Ἔφορῶσι

484 4210 544 4263 δὲ
573 4205 731 4266 αὗται
753 4211 843 4267 διά
890 4215 1132 4286 σμικρᾶς
1156 4231 1302 4279 τινος
1343 4214 1555 4287 θυρίδος
1594 4216 1665 4270 τά
1703 4214 1797 4268 ὑπ’
1844 4216 2070 4272 ἐκείνων

486 4302 777 4373 γινόμεναο
803 4304 898 4358 καὶ
917 4302 997 4369 είς
1028 4323 1087 4360 τε
1116 4306 1428 4380 προσευχὴν
1453 4306 1606 4380 θαμά
1627 4308 1949 4375 διανιστᾶσι,
1975 4309 2070 4363 καὶ

486 4394 567 4456 είς
591 4393 682 4448 τὸν
709 4393 851 4449 θεῖον
871 4394 1051 4467 ἔρωτα
1082 4396 1471 4467 πυρπολοῦσιν.
1518 4390 1689 4452 Abeat
1730 4399 1787 4452 δὲ
1836 4397 1960 4452 οὔτε
1989 4392 2070 4452 οἷ·-

489 4502 605 4552 κον,
627 4485 753 4540 οὔτε
781 4487 1023 4559 καλύϐην
1057 4488 1295 4562 ἔχουσαι,
1317 4490 1411 4544 τὸν
1439 4489 1706 4563 ὕπαιθρον
1729 4491 2069 4554 ἀσπάζονται

489 4575 624 4646 βίον.
677 4578 824 4633 Ἀντί⁵
843 4577 902 4632 δὲ
927 4577 1120 4650 θύρας,
1154 4579 1384 4652 βραχεῖά
1410 4596 1495 4644 τις
1522 4580 1713 4644 αὑταῖς
1747 4580 1918 4651 θυρὶς.
1939 4598 2077 4639 κατ-ι.

484 4654 837 4739 εσκεύασται,
869 4671 938 4725 δι’
976 4667 1044 4745 ἧς
1074 4673 1174 4743 τήν
1198 4689 1257 4726 τε
1300 4673 1605 4741 ἀναγκαίαν
1637 4674 1844 4745 τροφὴν
1889 4674 2065 4728 εἰσδέ-

484 4780 693 4833 χονται,
723 4763 818 4817 καὶ
850 4765 970 4826 ταῖς
1003 4763 1140 4833 πρὸς
1167 4762 1338 4828 αύτάς
1367 4765 1789 4836 ἀφικνουμέναις
1816 4766 2068 4837 προσδια-

485 4853 734 4921 λέγονται
767 4853 1030 4923 γυναιξίν.
1055 4855 1147 4919 Είς
1171 4853 1227 4908 δὲ
1255 4857 1460 4926 ταύτην
1496 4853 1726 4926 ὥρισται
1753 4853 1852 4927 τὴν
1879 4873 2067 4912 συνους

488 4948 611 5001 σίαν
635 4947 736 5021 τῆς
768 4947 1150 5019 Πεντηκοστῆς
1177 4947 1213 5000 δ
1242 4946 1433 5019 καιρός
1455 4961 1471 4977 ⁶
1502 4946 1643 5001 κατά
1666 4947 1774 5017 γάρ
1797 4947 1888 5002 τὸν
1912 4947 2069 5003 ἄλλον

488 5039 680 5110 χρόνον
709 5038 801 5092 τὸν
832 5039 1055 5110 ἡσύχιον
1084 5039 1419 5102 ἀσπάζονται
1468 5039 1600 5110 βίον.
1651 5037 1716 5092 Ἠ
1754 5040 1990 5112 Μαράνα
2012 5039 2070 5094 δὲ

489 5131 626 5201 μόνη
653 5134 773 5195 ταῖς
800 5131 1225 5204 ἀφικνουμέναις
1247 5131 1552 5201 διαλέγεται
1574 5149 1587 5163 ·
1610 5132 1708 5204 τῆς
1739 5132 1847 5204 γάρ
1876 5130 2069 5202 ἑτέρας

485 5221 661 5284 οὐδεὶς
695 5223 900 5293 ἀκήκοε
939 5222 1158 5276 πώποτε
1187 5208 1605 5295 φθεγξαμένης·
1652 5214 2065 5294 σιδηροφοροῦσι

484 5312 561 5377 δὲ,
592 5312 687 5365 καὶ
706 5312 957 5367 τοσοῦτον
1008 5313 1232 5384 φέρουσι
1278 5313 1517 5386 φορτίον,
1574 5312 1650 5376 ὡς
1695 5312 1794 5384 τὴν
1853 5313 2065 5389 Κύραν,

487 5405 875 5477 ἀσθενέστερον
903 5406 1062 5476 σῶμα
1088 5405 1379 5477 λαχοῦσαν,
1413 5405 1574 5480 μέχρι
1616 5408 1717 5477 τῆς
1747 5406 1849 5476 γῆς
1897 5423 2067 5459 κατα-

490 5498 859 5569 κάμπτεσθαι,
885 5500 978 5553 καὶ
1003 5500 1265 5571 ἀνορθοῦν
1283 5500 1346 5553 τὺ
1375 5500 1532 5572 σῶμα
1552 5500 1752 5571 ἥκιστα
1785 5498 2063 5556 δύνασθαι.

487 5590 570 5645 Τά
605 5590 662 5643 δὲ
694 5590 1007 5662 περιϐόλαια
1044 5591 1275 5664 μέγιστα
1314 5592 1528 5663 ἔχουσιν
1550 5590 1671 5658 ,ὡς
1711 5590 1935 5645 ὄπισθεν
1971 5591 2068 5663 μὲν

491 5682 884 5754 ἀποσύρεσθαι,
937 5683 1033 5737 καὶ
1073 5682 1313 5756 ἀκριϐῶς
1346 5681 1745 5753 συγκαλύπτειν
1790 5681 1866 5736 τὼ
1897 5682 2025 5736 πόδε
2050 5700 2064 5716 ’

490 5771 796 5846 ἔμπροσθεν
819 5775 875 5830 δὲ
904 5775 1095 5850 μέχρις
1118 5777 1288 5849 αὐτῆς
1315 5777 1412 5849 τῆς
1447 5775 1963 5851 ζώνηςηκαθίεσθαι,
2008 5778 2067 5831 τὺ

2177 3308 2324 3356 runt.
2353 3300 2588 3357 Maranaz
2615 3311 2797 3358 autem
2828 3309 2883 3358 et
2909 3302 3066 3375 Syra:
3086 3301 3143 3359 in
3165 3315 3408 3373 praesens
3426 3302 3756 3357 mentionem

2172 3391 2400 3457 faciam,
2430 3408 2551 3464 qua
2582 3394 2898 3451 tolerantia:
2949 3392 3345 3451 certaminibus
3375 3392 3592 3464 1289
3622 3393 3758 3447 alias

2174 3499 2367 3541 omnes
2419 3484 2631 3544 vicere.
2686 3483 2787 3540 His
2816 3483 2994 3555 patria
3027 3482 3249 3555 quidem
3307 3491 3393 3539 est
3446 3480 3753 3537 Bcrrheea:

2173 3590 2345 3646 genus
2372 3582 2555 3629 autem
2590 3575 2644 3629 in
2678 3574 2854 3644 patria
2889 3574 3130 3637 illustre,
3163 3581 3219 3630 ει
3270 3570 3523 3628 educatio
3571 3574 3755 3643 generi

2176 3667 2547 3722 conveniens.
2581 3664 2689 3721 Sed
2741 3666 2828 3722 his
2880 3665 3146 3723 omnibus
3215 3665 3583 3736 contemptis,
3629 3679 3755 3720 cum

2173 3757 2430 3828 exiguum
2451 3755 2744 3828 quemdam
2786 3756 2966 3811 locum
3006 3763 3136 3812 ante
3166 3756 3357 3813 urbem
3409 3757 3754 3827 circumspc-

2173 3848 2406 3913 xissent,
2437 3849 2492 3902 in
2530 3861 2768 3918 eumque
2797 3846 3119 3911 intrassent,
3184 3846 3321 3902 luto.
3358 3861 3424 3903 ac
3478 3847 3755 3918 lapidibus

2167 3938 2394 4009 januam
2420 3937 2769 3994 obstrinxere.
2792 3934 3054 3993 Eamnlas
3091 3943 3303 4003 autem,
3319 3937 3339 3958 ‘
3359 3951 3483 4008 quae
3505 3936 3751 4008 ejusdem

2171 4032 2299 4088 vitae
2334 4028 2634 4102 participes
2683 4029 2801 4085 fieri
2853 4028 3138 4095 volebant,
3176 4036 3334 4086 extra
3380 4028 3487 4084 hoc
3534 4039 3749 4100 septum

2173 4138 2341 4195 parvo
2399 4132 2612 4178 structo
2643 4120 2982 4186 habitacula,
3029 4121 3086 4177 in
3125 4121 3415 4193 eodegere
3438 4120 3747 4193 jusserunt.

2170 4215 2518 4270 Contuentur
2547 4220 2730 4268 autem
2767 4212 2898 4283 ipsa:
2925 4226 3023 4282 per
3052 4210 3393 4269 fenestellam
3417 4229 3543 4285 qua:
3577 4214 3646 4270 ab
3671 4215 3753 4272 eis

2169 4313 2458 4377 geruntur,
2500 4318 2706 4374 easque
2726 4304 2793 4358 ad
2824 4303 3129 4359 orationem
3153 4301 3466 4375 frequenter
3490 4304 3753 4369 excitant,

2170 4410 2225 4455 et
2260 4397 2326 4453 ad
2358 4396 2608 4455 divinum
2642 4410 2886 4452 artiorem
2914 4394 3240 4453 incendunt.
3294 4396 3429 4469 Ipsae
3467 4411 3599 4453 vero
3650 4413 3751 4452 nec

2104 4517 2147 4572 ι)
2173 4492 2419 4556 domum,
2452 4505 2553 4545 nec
2583 4488 2866 4560 tugurium
2920 4488 3208 4555 habentes,
3269 4489 3375 4545 sub
3442 4489 3537 4544 dio
3582 4488 3747 4542 vitam

2170 4580 2496 4641 ducunt._Et
2544 4580 2731 4652 ianuae
2781 4581 2902 4657 loco
2960 4594 3130 4650 parva
3186 4578 3434 4651 quaedam
3500 4580 3736 4637 fenestra

2171 4674 2317 4734 facta
2338 4684 2444 4744 est,
2482 4690 2578 4746 per
2608 4690 2773 4747 quam
2801 4684 2856 4730 et
2908 4675 3116 4730 victum
3171 4672 3546 4729 necessarium
3606 4673 3748 4727 acci-

2170 4767 2593 4840 piunt,_et-cum
2625 4767 2847 4823 feminis
2878 4782 3002 4838 quae
3021 4766 3090 4822 ad
3131 4780 3228 4823 eas
3284 4764 3516 4822 veniunt
3569 4766 3745 4819 collu—

2170 4873 2437 4934 quuntur.
2470 4861 2550 4917 Ad
2582 4875 2913 4932 congressus
2944 4858 3458 4930 antemlmjusmodi
3486 4858 3747 4929 designa-

2172 4963 2287 5011 tum
2318 4962 2404 5011 est
2435 4962 2649 5024 tempus
2667 4950 3028 5009 Pentecostes
3056 4951 3216 5008 :aliis
3244 4953 3390 5007 enim
3406 4951 3750 5021 temporibus

2169 5041 2451 5100 silentium
2468 5041 2788 5099 observant.
2807 5040 3028 5097 Marana
3055 5055 3222 5114 porro
3250 5055 3377 5097 cum
3400 5039 3749 5095 adventanti—

2170 5133 2274 5191 bus
2298 5133 2415 5189 sola
2437 5132 2680 5203 loquitur
2697 5132 2958 5187 :alteram
2984 5148 3115 5188 vero
3137 5132 3450 5203 loquentem
3469 5145 3632 5185 nemo
3647 5147 3752 5184 una»

2169 5240 2336 5297 quam
2399 5223 2629 5282 audivit.
2665 5222 2893 5281 Ferrum
2945 5233 3182 5297 gestant,
3229 5231 3552 5294 tantumque
3606 5239 3755 5278 unus

2171 5317 2375 5382 ferunt,
2395 5314 2631 5387 utCyra,
2654 5332 2777 5388 quae
2808 5316 3164 5374 imbecilliore
3189 5323 3272 5372 est
3298 5330 3751 5387 corpore,-usque

2171 5410 2239 5467 ad
2279 5418 2479 5466 terram
2517 5409 2858 5476 incurvetur,
2883 5417 2938 5464 et
2961 5421 3164 5477 corpus
3193 5406 3405 5478 erigere
3434 5405 3752 5462 nullatenus

2173 5501 2368 5574 possit.
2403 5501 2654 5557 Amictus
2683 5500 2885 5556 habent
2915 5500 3230 5571 perlongos,
3273 5499 3353 5555 ita
3408 5506 3470 5554 ut
3517 5513 3549 5554 a
3594 5506 3757 5568 tergo

2171 5593 2486 5660 trahantur,
2518 5602 2573 5647 et
2607 5591 2770 5662 pedes
2801 5606 3032 5661 prorsus
3058 5596 3266 5661 tegant,
3321 5590 3568 5645 anterius
3617 5603 3748 5643 vero

2174 5699 2350 5755 usque
2371 5684 2438 5739 ad
2459 5699 2653 5741 zonam
2678 5683 2852 5756 ipsam
2865 5684 3228 5753 descendunt,
3249 5682 3440 5739 faciem
3459 5680 3755 5750 etcollum,

2173 5784 2221 5835 et
2262 5786 2505 5851 pectora,
2558 5785 2619 5835 ct.
2669 5793 2862 5834 manus
2938 5777 3159 5849 penitus
3217 5776 3583 5834 occultantes.
3639 5773 3754 5838 llas
