4074 6450
360 376 493 444 1491

1283 383 1772 444 THEODORETI
1802 383 2143 446 EPISCOPI
2176 385 2546 448 CYRENSIS

3502 377 3641 443 1492

361 498 542 544 autem
572 502 718 560 stepe
758 489 1044 561 conspexi,
1108 506 1209 560 per
1252 490 1477 561 januam
1537 493 1893 551 intromissus
1928 513 1940 550 :

2061 495 2341 567 πρόσωπον
2370 495 2506 568 ὁμοῦ
2535 496 2627 553 καὶ
2659 494 2749 550 τὸν
2777 493 2980 567 αὐχένα
2998 532 3014 559 .
3046 489 3142 547 καὶ
3182 490 3251 547 τὰ
3290 488 3473 563 στήθη
3495 530 3512 556 ,
3542 492 3641 545 καὶ

369 584 604 637 reserari
635 584 779 639 enim
820 583 952 637 mihi
986 583 1498 655 1290jusserunt
1538 586 1830 643 sacerdotii
1855 587 1941 642 di-

369 674 632 744 guitatem
687 674 1040 731 honorantes.
1082 673 1201 730 Vidi
1249 691 1377 746 ergo
1414 693 1513 732 nec
1552 688 1777 734 strenuo
1825 679 1943 734 viro

360 762 749 833 perferendum
799 765 950 821 illius
986 764 1119 822 ferri
1175 766 1411 837 pondus.
1464 769 1526 824 lit
1579 779 1701 841 post
1744 772 1944 827 multas

362 875 556 930 preces
588 867 719 915 tunc
748 860 967 931 quidem
1001 860 1221 917 auferre
1245 863 1398 932 potui
1428 881 1441 917 :
1476 863 1571 919 sed
1598 875 1719 935 post
1739 866 1944 920 disces-

361 966 484 1005 sum
526 958 776 1006 nostrum
804 951 946 1007 idem
980 952 1180 1007 iterum
1215 953 1481 1010 membris
1514 955 1941 1026 suisimposue-

361 1051 511 1108 ruut,
551 1043 749 1099 cervici
779 1043 1001 1109 collare,
1045 1044 1245 1101 lumbis
1271 1046 1576 1119 cingulum,
1613 1049 1869 1104 manibus
1890 1057 1946 1104 et

366 1134 741 1206 pedibusqum
775 1133 861 1191 his
890 1144 1051 1192 erant
1092 1137 1391 1194 destinata.
1442 1140 1620 1209 Atque
1678 1140 1827 1195 hunc
1887 1141 1943 1195 in

362 1227 583 1283 inodum
616 1228 783 1282 vitam
805 1228 1035 1297 ducunt,
1069 1246 1176 1286 non
1215 1234 1461 1302 quinque
1483 1243 1579 1287 aut
1609 1232 1824 1298 decem,
1859 1235 1942 1290 vel

364 1318 677 1385 quindecim
702 1328 970 1374 annorum
1005 1322 1208 1392 spatio,
1235 1322 1328 1377 sed
1362 1323 1596 1378 duorum
1624 1332 1677 1378 et
1706 1323 1947 1392 quadra-

365 1411 535 1476 ginta.
603 1410 668 1465 Et
722 1427 845 1467 cum
902 1423 1010 1468 tam
1072 1414 1236 1487 longo
1286 1424 1530 1485 tempore
1586 1414 1945 1483 decertarint,

367 1502 589 1571 perinde
611 1518 674 1558 ac
701 1503 747 1558 si
780 1519 928 1559 nunc
966 1505 1203 1577 primum
1273 1517 1551 1562 certamen
1599 1507 1821 1572 inirent,
1872 1508 1948 1561 ita

368 1594 604 1651 sudores
653 1603 935 1666 expetunt.
1001 1594 1201 1667 Sponsi
1269 1599 1412 1652 enim
1480 1598 1946 1669 pulchritudinem

369 1686 699 1757 cogitantes,
725 1684 883 1743 facile
923 1702 987 1742 ac
1024 1687 1280 1745 lubenter
1318 1705 1516 1746 cursus
1555 1691 1793 1745 laborem
1824 1706 1946 1761 per-

369 1775 571 1843 ferunt,
600 1784 653 1832 et
678 1774 744 1831 ad
766 1777 1129 1833 certaminum
1151 1788 1350 1833 metam
1385 1783 1672 1848 pervenire
1703 1782 1945 1843 student,

369 1874 607 1921 stantem
645 1868 699 1922 in
729 1872 791 1923 ea
847 1883 1221 1940 coronamque
1274 1871 1520 1927 victoria:
1566 1875 1947 1929 ostendentcm

369 1968 659 2016 cernentes
687 1974 847 2032 quem
881 1959 1139 2033 diligunt.
1177 1960 1289 2017 llac
1320 1962 1387 2019 de
1412 1981 1580 2019 causa
1630 1974 1684 2021 et
1734 1967 1951 2037 ριιινξιο,

369 2060 426 2104 et
472 2050 640 2114 nivis,
681 2062 737 2106 et
771 2052 903 2107 solis
960 2053 1068 2108 vim
1125 2055 1461 2111 sustinentes
1494 2073 1600 2110 non
1636 2059 1952 2124 lristautur,

370 2154 472 2194 nec
503 2139 934 2207 discruciantur,
973 2142 1068 2199 sed
1104 2160 1167 2200 ex
1197 2146 1404 2217 iisquae
1432 2149 1664 2203 molesta
1695 2150 1951 2205 videntur

371 2228 616 2284 laetitiam
644 2231 889 2304 capiunt.
918 2233 997 2289 Ac
1021 2233 1190 2290 divini
1231 2236 1455 2306 quidem
1483 2235 1651 2295 Musis
1679 2238 1951 2309 jejunium

370 2320 730 2389 :e'mulantes,
797 2335 878 2382 ter
957 2328 1303 2385 tantumdem
1368 2324 1632 2403 temporis
1697 2332 1953 2403 impasta:

372 2423 780 2489 transegerunt.
813 2418 1189 2494 Quadraginta
1220 2424 1366 2480 enim
1395 2434 1522 2492 post
1549 2427 1565 2446 ‘
1605 2424 1725 2481 dies
1752 2425 1953 2496 exiguo

373 2507 501 2563 cibo
534 2509 752 2566 refecta
772 2521 922 2567 sunt.
947 2510 1056 2567 Ter
1072 2513 1235 2568 etiam
1256 2513 1429 2569 divini
1459 2514 1698 2573 Danielis
1717 2515 1954 2571 inediam

372 2599 647 2654 aemulata:
693 2608 846 2669 sunt,
876 2604 990 2658 tres
1024 2601 1238 2659 dierum
1264 2603 1639 2661 hebdomadas
1688 2622 1955 2679 peragen-

371 2697 481 2755 tes,
526 2702 690 2760 atque
734 2704 916 2746 escam
951 2702 1081 2749 tunc
1143 2695 1360 2765 corpori
1429 2694 1770 2751 exhibentes.
1817 2695 1954 2752 Cum

370 2788 554 2837 autem
585 2783 820 2853 cepisset
851 2783 974 2841 illas
1008 2783 1303 2856 aliquando
1348 2785 1684 2843 desiderium
1752 2790 1959 2844 saluta-

372 2872 518 2929 rium
558 2874 766 2931 Christi
835 2872 1180 2933 cruciatuum
1240 2893 1398 2934 sacra
1452 2881 1568 2936 loca
1632 2880 1955 2946 contuendi,

372 2967 574 3023 AEIiam
597 2967 855 3040 profectae
881 2979 1030 3037 sunt,
1082 2970 1294 3026 nullum
1350 2980 1465 3029 toto
1526 2972 1721 3029 itinere
1768 2973 1953 3030 cibum

374 3065 710 3129 gustantes:
745 3059 841 3117 sed
876 3059 942 3115 ad
983 3060 1174 3116 urbem
1212 3061 1362 3119 illam
1388 3078 1514 3118 cum
1550 3063 1953 3134 pervenissent,

2043 588 2143 652 τὰς
2166 590 2357 660 χεῖρας
2388 589 2634 662 ἀκριϐῶς
2659 587 3134 661 κατακρύπτοντα.
3168 584 3394 648 Ταύτας
3417 583 3481 637 δὲ
3510 583 3644 636 πολ-

2044 681 2201 744 λάκις
2220 681 2538 753 ἐθεασάμην
2567 679 2699 734 εἵσω
2730 680 2831 752 τῆς
2870 677 3041 750 θύρας
3059 677 3278 748 ἐκείνης
3318 675 3642 746 γενόμενος.

2043 771 2297 844 Διορύξαι
2322 772 2433 845 γάρ
2470 790 2563 844 μοι
2618 770 3125 844 παρεκελεύσαντο,
3177 771 3277 840 τῆς
3330 767 3647 839 ἱερωσύνης

2045 865 2143 936 τὴν
2175 864 2468 936 προεδρίαν
2497 863 2758 936 τιμῶσαι.
2785 858 2940 916 Εἶδον
2966 860 3148 914 τοίνυν
3171 859 3295 914 οὑδέ
3331 858 3495 928 ἀνδρὶ
3518 872 3648 924 γεν-

2045 956 2182 1027 ναίῳ
2215 955 2450 1026 φορητὸν
2474 955 2567 1008 τὸν
2605 954 2815 1009 ἐκείνου
2843 952 2937 1007 τοῦ
2970 953 3192 1023 σιδήρου
3239 948 3517 1019 σταθμὸν,
3551 948 3646 1000 καὶ

2048 1047 2221 1102 πολλά
2249 1048 2580 1119 λιπαρήσας,
2610 1045 2927 1118 παραυτίκα
2949 1045 3048 1116 μὲν
3078 1041 3303 1114 ἀφελεῖν
3335 1038 3645 1112 ἠδυνήθηνο

2012 1196 2020 1203 ,
2050 1140 2189 1213 μετά
2214 1126 2275 1195 ’δὲ
2300 1140 2397 1213 τὴν
2430 1139 2706 1212 ἡμετέραν
2729 1138 3101 1210 ἀναχώρησιν,
3142 1134 3305 1190 πάλιν
3328 1133 3499 1189 αὐτὸν
3531 1136 3649 1196 τοῖς

2047 1233 2267 1295 οἰκείοις
2299 1230 2623 1301 περιέθεσαν
2657 1230 2908 1301 μέλεσιν·
2950 1227 3137 1299 αὐχένι
3163 1226 3262 1297 μέν
3291 1226 3389 1279 τὸν
3414 1241 3643 1295 ereptoru-

2049 1323 2246 1395 χένιον,
2274 1322 2379 1386 ίξύῖ
2404 1322 2460 1376 δὲ
2486 1322 2585 1392 τὴν
2615 1320 2814 1391 ζώνην.
2851 1319 3009 1390 χερσὶ
3038 1319 3099 1373 δὲ
3135 1320 3230 1371 καὶ
3264 1317 3398 1371 ποσὶ
3419 1317 3494 1370 τὰ
3520 1314 3647 1368 τού-

2050 1432 2161 1479 τοις
2198 1414 2674 1484 ἀπονενεμημένα.
2706 1412 2817 1467 Καὶ
2849 1412 3037 1466 τοῦτον
3067 1408 3375 1482 βιοτεύουσι
3397 1407 3489 1461 τὸν
3520 1406 3649 1479 τρόο

2051 1523 2170 1571 πον,
2202 1506 2263 1559 ού
2295 1506 2536 1577 πέντε,ῆ
2578 1505 2731 1571 δέκα,
2775 1502 2808 1574 ἥ
2836 1503 3229 1558 πεντεκαίδεκα
3258 1501 3403 1572 μόνα
3452 1498 3651 1566 ἐξανύ-

2053 1614 2217 1652 σασαι
2244 1596 2358 1668 ἔτη,
2392 1597 2526 1651 ἀλλὰ
2555 1596 2647 1650 δύο
2669 1597 2764 1651 καὶ
2789 1595 3219 1667 τεσσαράκοντα.
3251 1592 3367 1646 Kal
3388 1590 3649 1645 τοσοῦτον

2050 1688 2460 1760 ἀγωνισάμεναι
2486 1687 2697 1759 χρόνον,
2723 1687 2798 1749 ὡς
2821 1686 2946 1757 ἄρτι
2971 1684 3080 1738 τῶν
3103 1683 3331 1753 ἀγώνων
3358 1682 3649 1752 ἀψάμεναι

2052 1780 2159 1833 τῶν
2191 1780 2430 1851 ἱδρώτων
2459 1777 2648 1851 ἐρῶσι.
2681 1778 2754 1830 Τὸ
2773 1777 2882 1848 γὰρ
2902 1776 2996 1829 τοῦ
3025 1776 3260 1846 νυμφίου
3291 1772 3647 1843 φανταζόμε-

2054 1891 2140 1927 ναι
2179 1872 2408 1935 κάλλος,
2449 1870 2694 1933 εὐπετῶς
2731 1869 2877 1940 μάλα
2912 1869 3002 1922 καὶ
3043 1867 3242 1938 ῥᾳδίως
3283 1865 3522 1937 φέρουσι
3551 1862 3647 1916 τοῦ

2053 1965 2253 2037 δρόμου
2287 1965 2376 2018 τὸν
2409 1964 2591 2030 πόνον,
2638 1963 2734 2016 καὶ
2785 1959 3114 2015 καταλαϐεῖν
3162 1959 3484 2027 ἐπείγονται
3541 1956 3651 2010 τῶν

2055 2057 2281 2126 ἀγώνων
2312 2057 2370 2109 τὸ
2413 2056 2584 2119 τέλος,
2625 2057 2682 2109 ἐν
2732 2053 2924 2123 ἐκείνῳ
2970 2051 3061 2105 τὸν
3099 2048 3385 2123 ἐρώμενον
3435 2048 3649 2102 ἑστῶτα

2058 2148 2373 2219 βλέπουσαι,
2399 2148 2492 2201 καὶ
2511 2145 2610 2215 τῆς
2643 2144 2798 2213 νίκης
2823 2138 3213 2195 ὑποδεικνύντα
3228 2140 3324 2194 τὸν
3352 2138 3647 2209 στέφανον.

2056 2239 2263 2292 Τούτου
2295 2238 2498 2302 εἵνεκα,
2531 2237 2625 2291 καὶ
2652 2234 2833 2301 ὑετοῦ,
2866 2233 2960 2288 καὶ
2980 2230 3218 2303 νιφετοῦ,
3253 2232 3353 2285 καὶ
3384 2230 3541 2302 ἡλίου
3562 2230 3650 2284 δε-

2055 2330 2282 2403 χόμεναι
2317 2327 2643 2401 προσϐολὴν,
2667 2328 2768 2380 οὐκ
2804 2325 3079 2405 ἀνιῶνται,
3128 2322 3247 2378 ούδέ
3287 2321 3645 2392 ἀλγύνονται,

2055 2423 2171 2480 ἀλλ’
2206 2426 2270 2478 ἐκ
2302 2422 2410 2476 τῶν
2436 2419 2735 2475 δοκούντων
2769 2418 3012 2491 ἀνιαρῶν
3043 2412 3317 2489 θυμηδίαν
3365 2413 3645 2484 καρποῦν-

2054 2532 2164 2568 ται.
2199 2512 2310 2568 Kal
2342 2511 2435 2565 τοῦ
2474 2513 2571 2583 μὲν
2599 2511 2885 2566 Θεσπεσίου
2930 2510 3209 2572 Μωῡσέως
3243 2508 3351 2577 τὴν
3391 2506 3646 2577 νηστείαν

2059 2606 2391 2679 ζηλώσασαι,
2426 2604 2548 2675 τρὶς
2594 2602 2769 2659 ἀσιτοι
2812 2598 3066 2657 τοσοῦτον
3088 2599 3400 2654 διετέλεσαν
3429 2597 3639 2669 χρόνον.

2057 2698 2156 2753 Διά
2175 2698 2583 2769 τεσσαράκοντα
2610 2695 2717 2768 γὰρ
2739 2694 2962 2767 ἡμερῶν
2989 2692 3194 2766 τροφῆς
3220 2689 3489 2761 βραχείας
3523 2703 3644 2758 μετ-

2059 2791 2272 2846 έλαϐον.
2305 2790 2440 2859 Τρὶς
2469 2787 2526 2843 δὲ
2572 2789 2665 2841 καὶ
2700 2788 2795 2842 τοῦ
2823 2786 2967 2842 θείου
2993 2784 3193 2856 Δανιὴλ
3236 2782 3344 2855 τὴν
3372 2780 3645 2837 ἀπαστίαν

2060 2883 2360 2954 ἐζήλωσαν,
2398 2883 2546 2953 τρεῖς
2578 2879 2880 2952 ἑϐδομάδας
2906 2877 3132 2952 ήμερῶν
3175 2874 3525 2941 ἐξανύουσαι,
3552 2870 3646 2926 καὶ

2056 2977 2180 3030 τότε
2203 2962 2431 3046 ’τροφὴν
2467 2973 2797 3046 χορηγοῦσαι
2846 2972 2925 3044 τῷ
2973 2971 3205 3043 σώματι.
3240 2967 3561 3040 Ποθήσασαι
3588 2964 3644 3019 δέ

2065 3085 2195 3122 ποτε
2231 3068 2341 3121 τῶν
2390 3066 2674 3138 σωτηρίων
2719 3064 2814 3118 τοῦ
2843 3063 3083 3136 Χριστοῦ
3132 3059 3487 3132 παθημάτων
3521 3058 3646 3119 τοὺς

376 3149 699 3206 adoratione
732 3151 1023 3223 completa,
1057 3153 1241 3209 cibum
1264 3169 1571 3224 sumpsere,
1591 3155 1804 3226 iterque
1826 3171 1954 3210 rur-

2066 3158 2247 3230 ἱεροὺς
2297 3153 2592 3210 θεάσασθαι
2643 3154 2859 3219 τόπους,
2905 3153 3140 3227 ἔδραμον
3167 3152 3249 3215 είς
3299 3151 3403 3222 τὴν
3436 3146 3644 3211 Αἰλίαν,

375 3254 474 3297 sus
502 3242 559 3295 in
593 3240 772 3296 reditu
799 3242 1003 3312 jejunae
1037 3243 1248 3314 1291
1281 3244 1658 3301 confecerunt.
1715 3245 1959 3302 Mansio-

378 3345 478 3386 nes
500 3339 678 3385 autem
709 3330 1054 3385 intercedunt
1074 3346 1182 3385 tton
1208 3331 1503 3401 pauciores
1526 3347 1688 3401 quam
1740 3332 1955 3404 viginti.

378 3422 446 3478 Et
474 3434 600 3477 cum
631 3420 875 3478 victricis
905 3418 1125 3477 Thecla}
1153 3422 1438 3491 templum,
1465 3422 1612 3493 quod
1655 3423 1708 3476 in
1753 3422 1959 3478 Isauria

378 3526 484 3581 est,
507 3514 685 3569 visere
714 3514 987 3579 libuisset,
1016 3521 1076 3569 ut
1109 3512 1396 3570 charitatis
1419 3514 1474 3569 in
1508 3513 1675 3569 Deum
1707 3513 1957 3572 ﬂammas

383 3606 627 3678 undique
651 3606 1035 3674 accenderent,
1051 3607 1255 3678 jejunae
1275 3606 1529 3662 similiter
1557 3608 1755 3671 ierunt,
1783 3606 1963 3662 redie-

382 3704 643 3770 runtque.
706 3696 893 3771 Usque
918 3700 1058 3755 adeo
1085 3699 1334 3755 divinum
1365 3699 1487 3755 illas
1515 3699 1775 3769 pbiltrum
1808 3711 1959 3754 extra

385 3805 448 3847 se
475 3789 724 3860 rapiebat
752 3807 764 3844 :
800 3792 881 3844 sic
920 3788 1043 3845 illas
1074 3788 1298 3845 divinus
1326 3804 1454 3858 erga
1493 3803 1755 3858 Sponsum
1806 3805 1961 3843 amor

384 3880 754 3938 demenlabat.
787 3880 878 3936 Hie
905 3881 1070 3952 igitur
1094 3881 1186 3936 tali
1226 3881 1351 3938 vitae
1384 3880 1557 3935 forma
1585 3881 1847 3936 muliebre
1868 3899 1960 3952 ge-

385 3988 494 4029 nus
523 3983 806 4040 ornantcs,
838 3974 987 4029 velut
1018 3972 1349 4043 exemplaria
1407 3971 1621 4026 caeteris
1664 3970 1847 4038 factm,
1880 3973 1964 4026 vi—

387 4065 653 4123 ctricibus
684 4064 905 4120 coronis
925 4081 955 4120 a
981 4064 1211 4121 Domino
1237 4064 1666 4120 coronabuntur.
1702 4064 1810 4135 Ego
1836 4081 1965 4121 vero

388 4167 445 4213 et
477 4157 714 4212 utilitate
744 4173 866 4228 (ιιιιὲ
904 4157 1031 4212 hinc
1064 4157 1243 4214 oritur
1271 4157 1577 4229 proposita,
1625 4166 1678 4212 et
1740 4157 1969 4213 benedi-

388 4249 574 4305 ctione
600 4244 858 4314 delibata,
889 4249 958 4305 ad
990 4251 1217 4304 alteram
1250 4264 1469 4321 pergam
1496 4250 1891 4307 narrationem.

2057 3248 2313 3319 οὐδεμιᾶς
2342 3245 2482 3299 κατὰ
2535 3244 2634 3316 τὴν
2676 3244 2792 3299 ὁδὸν
2845 3243 3047 3313 ἐδωδῆς
3079 3238 3488 3299 ἀπολαύσασαι.
3525 3232 3644 3289 ἀλλ’

2056 3343 2137 3404 εἱς
2176 3339 2393 3408 ἐκείνην
2422 3335 2751 3408 ἀφικόμεναι
2783 3334 2881 3406 τὴν
2913 3333 3099 3400 πόλιν,
3132 3331 3225 3386 καὶ
3254 3328 3361 3402 τὴν
3406 3322 3644 3399 προσκύο

2060 3449 2215 3503 νησιν
2262 3427 2689 3501 ἐκπληρώσασαι
2715 3469 2731 3495 ,
2766 3428 2974 3499 τροφῆς
3008 3421 3329 3496 μετέλαϐον,
3366 3420 3464 3475 καὶ
3489 3416 3645 3472 πάλιν

2060 3519 2363 3591 ἐπανῆλθον
2395 3518 2571 3573 ἄσιτοι
2591 3516 2689 3589 τὴν
2721 3516 2949 3589 πορείαν
2988 3513 3289 3569 ἀνύσασαν
3333 3508 3564 3579 σταθμοὶ
3587 3504 3643 3558 δέ

2061 3615 2198 3667 εἰσιν
2228 3613 2330 3666 οὐκ
2370 3609 2624 3674 ἐλάττους
2656 3608 2764 3662 τῶν
2798 3607 2991 3661 εἴκοσι.
3035 3605 3147 3660 Καὶ
3194 3603 3297 3675 τῆς
3335 3601 3644 3658 καλλινίκου

2061 3705 2120 3759 δὲ
2155 3704 2365 3775 Θέκλης
2398 3703 2809 3774 ἐπιθυμήσασαι
2839 3698 3140 3754 θεάσασθαι
3166 3695 3258 3751 τὸν
3295 3695 3357 3750 ἐν
3403 3691 3646 3763 Ἰσαυρία

2068 3796 2254 3867 σηκὸν,
2296 3796 2382 3848 ἵνα
2415 3792 2515 3863 τῆς
2549 3793 2677 3865 περὶ
2726 3792 2817 3848 τὸν
2864 3790 3000 3845 Θεὸν
3026 3789 3250 3861 ἀγάπης
3304 3782 3645 3855 πανταχόθεν

2068 3884 2419 3956 ὲξάψωσιτδν
2446 3885 2672 3957 πυρσὸν,
2711 3883 2787 3947 ῶς
2834 3880 3077 3952 ἀπῆλθον
3125 3878 3300 3941 οὕτως
3344 3870 3645 3945 ἐπανῆλθον

2069 3981 2264 4035 ἄσιτοι.
2311 3977 2578 4032 Τοσοῦτον
2629 3976 2801 4040 αὐτάς
2832 3974 2892 4029 τὸ
2928 3973 3071 4028 θεῖον
3123 3970 3487 4041 ἐξεϐάκχευσε
3530 3964 3647 4034 φίλ-

2067 4088 2226 4145 τρον*
2257 4071 2431 4137 οὓτως
2473 4071 2643 4136 αὑτὰς
2667 4073 2695 4126 ὁ
2726 4071 2868 4134 θεῖος
2916 4067 3057 4141 ἔρως
3110 4066 3241 4138 περὶ
3286 4063 3381 4117 τὸν
3418 4058 3648 4130 νυμφίον

2072 4162 2355 4239 ἑξέμῃγεν.
2388 4158 2558 4218 Λῦται
2593 4163 2693 4234 μὲν
2719 4160 2947 4234 τοιαύτῃ
2970 4157 3213 4230 πολιτείᾳ
3232 4155 3290 4209 τὸ
3321 4154 3455 4225 θῆλυ
3480 4165 3646 4205 κατα-

2076 4257 2427 4327 κοσμήσασαι
2455 4255 2630 4325 γένος,
2665 4253 2741 4315 ὡς
2762 4252 3048 4324 ἀρχέτυπα
3080 4249 3176 4304 καὶ
3193 4249 3315 4310 ταῖς
3339 4244 3527 4306 ἄλλαις
3557 4255 3646 4309 γε·

390 4341 634 4412 νόμεναι,
658 4343 770 4404 τοῖς
799 4340 1086 4404 ἐπινικίοις
1120 4341 1404 4408 στεφάνοις
1432 4341 1536 4395 ὑπὸ
1567 4342 1659 4396 τοῦ
1691 4343 1962 4398 Δεσπότου
2000 4348 2476 4421 ταινιωθήσονται.
2509 4346 2651 4417 Ἐγὼ
2680 4346 2736 4400 δὲ
2764 4346 2861 4401 καὶ
2935 4344 3035 4417 τὴν
3076 4339 3327 4397 ἐντεῦθεν
3385 4335 3646 4408 ὠφέλειαν

392 4433 637 4506 προθεὶς,
664 4432 759 4487 καὶ
787 4433 885 4505 τὴν
908 4431 1156 4501 εὐλογίαν
1178 4432 1533 4504 δρεψάμενος,
1559 4435 1646 4504 ἐφ’
1667 4433 1853 4507 ἕτερον
1883 4435 2169 4512 βαδιοῦμαι
2194 4440 2456 4513 διήγημα.

885 4520 1028 4576 XXX
1043 4551 1137 4575 .---
1147 4521 1475 4578 DOMNINA.

474 4615 651 4671 Divini
702 4613 967 4677 Maronis,
1018 4613 1179 4684 cujus
1210 4621 1367 4669 antea
1396 4615 1768 4681 meminimus,
1800 4618 1967 4671 vitam

395 4708 649 4767 aemulata
678 4713 766 4762 est
791 4703 1113 4760 admiranda
1146 4703 1436 4769 Domnina,
1474 4719 1599 4774 quae
1630 4706 1684 4759 in
1712 4713 1973 4762 maternae

397 4805 599 4859 domus
624 4800 786 4855 horto
827 4806 1054 4869 parvum
1086 4792 1366 4868 tugurium
1398 4797 1607 4855 deﬁxit.
1668 4794 1970 4871 Tugurinm

398 4904 580 4952 autem
604 4893 710 4948 hoc
741 4890 816 4946 illi
841 4897 1106 4962 praestant
1125 4890 1292 4945 culmi
1316 4891 1663 4961 panicorum.
1689 4891 1747 4946 in
1769 4906 1835 4948 eo
1855 4892 1973 4950 dies

400 4998 548 5046 totos
586 4983 869 5044 continuis
902 4984 1163 5056 lacrymis
1195 4984 1425 5050 ducens,
1455 4998 1561 5039 non
1601 4983 1747 5041 solas
1794 4984 1977 5054 rigant

401 5097 588 5152 genas,
619 5079 711 5137 sed
748 5077 980 5134 amictus
1015 5090 1232 5149 quoque
1262 5076 1535 5135 ciliciuos.
1561 5074 1790 5136 Talibus
1830 5080 1976 5134 enim

401 5172 742 5229 indumentis
772 5182 976 5242 corpus
1005 5170 1157 5242 tegit.
1187 5169 1302 5224 Sub
1339 5169 1605 5240 gallorum
1632 5180 1812 5225 autem
1843 5184 1977 5224 can-

402 5273 520 5317 tum
546 5261 614 5316 ad
644 5260 892 5317 divinum
916 5261 1208 5331 templum,
1242 5258 1389 5331 quod
1418 5273 1526 5314 non
1555 5258 1749 5331 procul
1794 5258 1974 5321 abest,

405 5367 464 5408 se
493 5350 810 5416 conferens,
837 5362 963 5405 eum
999 5351 1144 5417 aliis,
1187 5358 1301 5405 tum
1348 5348 1589 5412 feminis,
1645 5354 1760 5403 tum
1815 5347 1976 5413 viris,

403 5440 639 5495 Domino
676 5439 1054 5495 universorum
1084 5439 1277 5495 laudes
1309 5437 1489 5494 oll‘ert.
1525 5436 1635 5493 Nec
1676 5436 1978 5505 incipiente

405 5537 618 5585 tantum
636 5527 746 5590 die,
779 5543 964 5583 verum
984 5529 1147 5585 etiam
1170 5528 1455 5586 desinente
1482 5529 1586 5583 hoc
1610 5528 1765 5591 facit,
1793 5528 1975 5581 locum

407 5619 523 5676 Deo
553 5626 941 5673 consecratum
976 5622 1172 5690 quovis
1220 5619 1329 5675 alio
1359 5620 1481 5675 loco
1525 5617 1978 5675 venerabiliorem

407 5727 557 5776 esse,
585 5717 641 5766 et
667 5724 901 5767 censens
933 5713 1073 5783 ipsa,
1104 5720 1160 5768 et
1192 5712 1331 5770 alios
1356 5713 1583 5770 docens.
1618 5712 1740 5779 Quo
1761 5711 1984 5767 nomine

408 5815 668 5876 magnam
694 5799 845 5860 illius
876 5816 1064 5860 curam
1092 5803 1284 5876 gessit,
1317 5806 1478 5862 matri
1507 5814 1562 5863 ct
1612 5801 1825 5876 1292
1871 5800 1981 5858 fra-

2589 4530 2669 4584 A'.
2691 4554 2764 4575 --
2787 4525 3124 4582 AOMNINA.

2146 4622 2253 4679 Τοῦ
2281 4621 2568 4677 θεσπεσίου
2596 4621 2882 4692 Μάρωνος.
2922 4614 2981 4674 οὗ
3017 4620 3112 4673 καὶ
3156 4613 3348 4687 πρώην
3380 4609 3648 4686 ἐμνήσθη·

2079 4732 2198 4787 μεν,
2225 4716 2258 4786 ἠ
2288 4713 2564 4785 θαυμασία
2596 4712 2832 4784 Δομνίνα
2860 4710 2951 4765 τὸν
2973 4708 3088 4775 βίον
3123 4705 3436 4779 ζηλώσασα,
3483 4704 3542 4756 ὲν
3571 4696 3647 4768 τῷ

2075 4807 2238 4878 κήπῳ
2281 4808 2381 4877 τῆς
2420 4803 2681 4876 μητρῴας
2728 4801 2906 4867 οἰκίας
2951 4800 3192 4873 σμικράν
3240 4816 3363 4854 τινα
3409 4793 3646 4860 καλύϐην

2075 4898 2338 4972 ἐπήξατο.
2372 4898 2526 4951 Ποιεῖ
2544 4897 2601 4950 δέ
2621 4895 2760 4968 αὐτῇ
2792 4894 3036 4966 καλύϐην
3070 4892 3182 4948 τῶν
3225 4890 3453 4963 μελίνων
3481 4888 3513 4957 ἡ
3548 4902 3646 4938 κα-

2075 4991 2247 5062 λάμη.
2288 4989 2378 5044 Ἐν
2406 4987 2591 5060 ἐκείνῃ
2621 4984 3042 5057 διημερεύουσα,
3088 4983 3318 5053 δάκρυσι
3350 4974 3647 5049 διηνεκέσιν

2075 5080 2140 5136 ού
2177 5079 2347 5151 μόνας
2385 5077 2718 5152 καταϐρέχει
2764 5077 2864 5142 τὰς
2892 5075 3147 5148 παρειὰς,
3193 5072 3335 5129 ἀλλά
3363 5069 3455 5126 καὶ
3478 5066 3545 5120 τὰ
3587 5065 3649 5116 ἐκ

2076 5170 2282 5244 τριχῶν
2316 5170 2638 5243 περιϐόλαια
2656 5186 2673 5201 ⁸
2698 5168 2923 5225 τοιοῖσδε
2943 5167 3051 5240 γὰρ
3089 5167 3360 5239 ἐσθήμασι
3383 5154 3648 5230 συγκαλύ-

2079 5280 2206 5318 πτει
2233 5263 2295 5317 τὸ
2342 5263 2520 5334 σῶμα.
2577 5262 2712 5337 Περὶ
2743 5261 2801 5316 δὲ
2844 5260 3223 5333 ἀλεκτρυόνων
3256 5258 3418 5331 ᾠδάς,
3457 5255 3535 5315 εἰς
3559 5247 3646 5302 τὸν

2082 5350 2224 5409 θεῖον
2254 5354 2384 5410 ναὸν
2426 5355 2490 5408 ού
2538 5354 2726 5427 πόρρω
2757 5353 2888 5408 ὄντα
2940 5350 3093 5406 ίοῦσα
3118 5394 3133 5419 ,
3175 5348 3314 5423 μετὰ
3343 5346 3452 5401 τῶν
3478 5341 3646 5397 ἄλλων

2081 5444 2177 5499 καὶ
2205 5443 2478 5513 γυναικῶν
2533 5445 2627 5498 καὶ
2675 5441 2905 5515 ἀνδρῶν,
2961 5439 3040 5512 τῷ
3087 5440 3337 5513 Δεσπότῃ
3357 5435 3464 5490 τῶν
3514 5429 3643 5485 ὅλων

2085 5534 2386 5607 προσφέρει
2435 5534 2533 5607 τὴν
2562 5535 2857 5606 ὑμνῳδίαν.
2901 5532 3073 5588 Τοῦτο
3113 5531 3172 5586 δὲ
3219 5532 3321 5587 οὐκ
3349 5524 3645 5601 ἀρχομένης

2088 5624 2246 5697 μόνον
2279 5625 2510 5698 ήμέρας,
2558 5623 2695 5679 ἀλλά
2727 5625 2823 5679 καλ⁸
2863 5622 3206 5693 τελευτώσης
3257 5622 3418 5685 ποιεῖ,
3455 5612 3642 5672 παντὸς

2085 5713 2272 5788 ἑτέρου
2294 5714 2493 5787 χωρίου
2515 5713 2605 5767 τὸν
2634 5714 3009 5786 ἀφιερωμὲνον
3042 5714 3119 5787 τῷ
3145 5714 3265 5786 Θεῷ
3287 5713 3460 5785 χῶρον
3491 5702 3642 5759 σεϐα-

2086 5801 2387 5876 σμιώτερον
2412 5798 2572 5867 εἶναι,
2603 5805 2697 5858 καὶ
2729 5803 3189 5876 ὑπολαμϐάνουσα
3212 5846 3227 5873 ,
3268 5803 3361 5859 καὶ
3409 5798 3525 5859 τοὺς
3551 5791 3637 5846 ἄλ-
