4074 6420
368 401 515 468 1'493

1583 397 1819 462 RELIG
1828 396 1997 460 IOSA
2035 394 2426 461 HISTORIA.

3481 396 3616 465 M98

362 515 485 576 λούς
517 509 927 566 έκδιδάσκουσα.
955 509 1156 566 Τούτου
1193 512 1377 566 εῖνεκα
1420 511 1513 567 καὶ
1543 513 1743 586 πολλῆς
1770 512 1930 567 αὐτὸν
1959 565 1961 572 ,

2061 513 2210 569 ribus
2251 514 2612 589 persuadens,
2643 519 2702 569 ut
2726 512 3016 573 facultates
3061 528 3193 572 suas
3227 514 3282 571 in
3330 514 3465 571 illud
3513 516 3618 573 int-

363 602 683 675 ὲπιμελείας
729 601 961 673 ἠξίωσε,
1001 602 1101 673 τὴν
1143 602 1354 675 μητέρα
1385 603 1641 669 πείσασα,
1691 602 1934 667 καὶτοὺς

363 691 648 762 ἀδελφοὺς,
685 692 766 754 είς
796 690 986 746 τοῦτον
1019 690 1329 763 δαπανῆσαι
1361 691 1429 745 τὰ
1467 691 1615 748 ὅντα.
1645 691 1862 764 Τροφὴν
1891 691 1936 746 δ’

361 783 474 853 ἔχει
527 780 620 835 τὸν
673 782 848 851 φακὸν
888 782 1330 855 ἀποὸρεχόμενον
1381 783 1552 839 ὐδατι.
1604 784 1716 838 Kal
1749 783 1938 838 τοῦτον

362 874 580 929 ἅπαντα
616 874 881 945 ὑπομένει
907 875 999 929 τὸν
1028 875 1223 943 πόνον,
1266 875 1481 948 σώματι
1518 876 1941 949 κατεσκηλιτευ-

367 965 515 1037 μένῳ
551 965 647 1020 καὶ
668 966 888 1038 ήμιθνεῖ
916 967 1196 1040 χρωμένη.
1225 969 1566 1025 Λεπτότατον
1595 969 1704 1042 γάρ
1732 970 1793 1022 τὸ
1821 969 1941 1040 δέρ-

364 1081 463 1136 μα,
502 1064 596 1118 καὶ
626 1064 954 1135 ὐμενοειδὲς,
986 1065 1204 1130 λεπτοῖς
1232 1068 1343 1131 τοῖς
1375 1065 1584 1131 ὀστέοις
1610 1066 1941 1136 περίκειται,

364 1154 459 1207 καὶ
483 1152 718 1225 πιμελῆς
747 1154 842 1208 καὶ
870 1154 1089 1226 σαρκῶν
1120 1154 1226 1208 ὑπὸ
1262 1154 1372 1209 τῶν
1400 1155 1578 1209 πόνων
1604 1153 1945 1226 δαπανηθέν-

362 1261 493 1299 των.
529 1244 821 1317 Πρόκειται
841 1244 899 1300 δὲ
924 1247 1059 1300 πᾶσι
1088 1249 1201 1312 τοῖς
1226 1247 1359 1318 ὁρᾷν
1385 1246 1554 1317 αὐτὴν
1579 1245 1944 1316 βουλομένοις,

364 1336 460 1391 καὶ
488 1337 737 1408 ἀνδράσι,
771 1337 867 1392 καὶ
918 1337 1186 1407 γυναιξὶν,
1235 1336 1360 1392 οὐτε
1397 1336 1580 1409 ὁρῶσα
1631 1337 1945 1408 πρόσωπον,

363 1429 490 1483 οὐτε
509 1429 680 1500 ἑτέρῳ
710 1429 1029 1502 προτιθεῖσα
1055 1428 1344 1499 πρόσωπον
1364 1444 1379 1459 ο
1410 1428 1524 1483 ἀλλ’
1572 1425 1815 1499 ἀκριϐῶς
1851 1426 1949 1499 μὲν

365 1520 448 1592 τῷ
481 1521 814 1593 περιϐολαίῳ
843 1520 1254 1592 καλυπτομένη,
1285 1519 1447 1593 μέχρι
1470 1537 1532 1574 τε
1565 1518 1675 1574 τῶν
1707 1518 1950 1590 γονάτων

369 1612 901 1684 κατακαμπτομένη.
932 1612 1120 1667 Aemi
1153 1611 1209 1666 δὲ
1241 1611 1359 1665 λίαν
1386 1609 1483 1664 καὶ
1512 1610 1701 1681 ἄσημα
1723 1608 1952 1679 φθεγγο-

372 1703 531 1773 μένη,
576 1702 714 1774 μετὰ
742 1702 990 1774 δακρύων
1024 1703 1080 1757 δὲ
1115 1704 1204 1757 ἀεὶ
1225 1701 1298 1757 τὰ
1335 1701 1606 1773 λεγόμενα
1642 1700 1953 1771 προφέρου-

370 1812 459 1850 σα.
502 1795 763 1860 Πολλάκις
786 1796 895 1867 γάρ
929 1812 1029 1867 μου
1064 1792 1304 1848 λαὸοῦσα
1332 1793 1431 1864 τὴν
1469 1793 1670 1861 δεξιὰν,
1713 1792 1809 1847 καὶ
1840 1793 1954 1855 τοῖς

2039 606 2357 675 penderem.
2384 606 2553 661 Cibus
2573 620 2737 678 porro
2767 605 2947 663 illiest
2974 606 3095 663 lens
3118 621 3262 678 aqua
3285 605 3613 663 madefacta.

2039 695 2420 767 Laboremque
2450 697 2598 753 hunc
2630 704 2807 753 totum
2834 698 3096 765 sustinet,
3131 713 3258 754 cum
3290 714 3525 771 corpore
3544 698 3618 755 sit

2038 789 2329 852 exhausto,
2353 804 2417 845 ac
2446 789 2831 847 semimortuo.
2865 788 3221 853 'I‘ennissima
3265 792 3415 848 enim
3448 792 3617 855 cutis,

2040 885 2095 932 et
2122 879 2454 934 membranae
2509 878 2733 945 similis,
2785 880 3015 937 tenuia‘
3063 895 3197 939 ossa
3246 881 3619 952 eirenmtegit,

2043 970 2206 1040 adipe
2237 986 2516 1041 caraeque
2547 985 2643 1042 per
2669 972 2885 1030 labores
2940 973 3307 1044 consumptis.
3362 973 3619 1030 Omnium

2044 1068 2226 1116 autem
2267 1061 2446 1117 oculis
2480 1062 2730 1133 exposita
2787 1068 2875 1119 est
2933 1063 3031 1133 qui
3089 1062 3415 1133 conspicere
3470 1062 3618 1117 illam

2044 1153 2256 1219 volunt,
2293 1162 2408 1207 tum
2439 1152 2592 1218 viris,
2625 1161 2741 1209 tum
2770 1152 3010 1220 feminis,
3060 1168 3162 1210 nec
3203 1153 3396 1209 faciem
3451 1152 3621 1212 ullius

2046 1246 2323 1316 aspiciens
2347 1245 2487 1316 ipsa,
2506 1261 2608 1302 nec
2633 1245 2824 1303 faciem
2850 1244 2947 1303 ulli
2963 1245 3315 1317 spectandam
3333 1245 3585 1316 prabeus
3606 1267 3619 1301 ;

2048 1338 2144 1393 sed
2181 1338 2384 1393 amictu
2411 1337 2631 1409 penitus
2661 1345 2914 1394 contecta
2937 1378 2954 1405 ,
2987 1346 3045 1396 et
3086 1336 3157 1394 ad
3215 1352 3393 1410 genua
3447 1353 3624 1409 usque

2051 1430 2362 1486 incurvata.
2401 1430 2751 1489 Exiliantem
2807 1429 3106 1487 admodum
3154 1445 3290 1495 voce
3340 1444 3449 1487 nec
3489 1431 3626 1487 satis

2049 1538 2315 1593 expressa
2347 1524 2603 1594 loquens,
2637 1537 2765 1580 cum
2792 1522 3056 1597 lacrymis
3079 1536 3300 1594 semper
3354 1522 3626 1594 loquitur.

2055 1613 2210 1686 Saepe
2231 1615 2378 1670 enim
2407 1614 2688 1671 dexteram
2719 1628 2896 1670 meam
2940 1613 3307 1685 prehendens,
3350 1622 3409 1671 et
3453 1612 3629 1671 oculis

2053 1704 2174 1762 suis
2202 1705 2521 1770 admovens,
2550 1705 2633 1760 sic
2656 1701 3022 1761 madefactam
3044 1703 3280 1772 dimisit,
3339 1710 3405 1758 ut
3450 1704 3630 1776 lacry-

2058 1811 2176 1852 mas
2196 1811 2391 1853 manus
2426 1796 2545 1867 ipsa
2570 1794 2825 1852 stillaret.
2868 1794 3000 1853 Eam
3052 1794 3243 1865 igitur,
3278 1809 3404 1864 qua:
3462 1795 3632 1850 tantis

368 1886 665 1957 ὀφθαλμοῖς
699 1886 968 1953 ἐπιθεῖσα,
1001 1886 1145 1940 οὕτω
1170 1876 1465 1958 διάϐροχον
1493 1884 1794 1956 γενομένην
1813 1885 1954 1956 ἀφῆ-

2061 1885 2559 1957 abundansopibus
2607 1885 2988 1956 philosophia,
3049 1885 3280 1957 perinde
3328 1895 3387 1942 ut
3436 1886 3532 1955 qui
3575 1888 3633 1942 in

368 1995 486 2045 κεν,
515 1978 591 2041 ὡς
622 1978 791 2049 αὐτὴν
821 1978 1123 2045 ἀποστάξαι
1151 1978 1251 2048 τὴν
1274 1980 1429 2049 χεῖρα
1449 1977 1510 2030 τὸ
1536 1977 1790 2048 δάκρυον.
1841 1972 1953 2046 Τὴν

367 2066 462 2126 οὖν
497 2073 553 2125 ὲν
585 2071 827 2142 τοσούτῳ
879 2070 1097 2141 πλούτῳ
1142 2070 1462 2141 φιλοσοφίας
1502 2071 1613 2132 τοῖς
1646 2069 1702 2123 ὲν
1750 2066 1952 2138 ἐσχάτῃ

370 2163 506 2230 ζῶσι
531 2166 695 2236 πενίᾳ
723 2163 1127 2235 παραπλησίως
1166 2161 1532 2236 δακρύουσαν,
1571 2160 1666 2214 καὶ
1695 2159 1956 2232 ὀλοφυρο-

373 2256 562 2329 μένην,
587 2257 682 2311 καὶ
713 2256 1029 2323 στέγουσαν,
1062 2257 1214 2321 ποῖος
1239 2255 1305 2309 ἂν
1339 2252 1506 2321 ἀξίως
1535 2252 1839 2307 ἐπαινέσειε
1864 2251 1955 2305 λό-

368 2365 503 2418 γος;
545 2348 602 2403 '0
624 2346 734 2420 γάρ
762 2347 964 2421 θερμὸς
989 2347 1121 2418 περὶ
1146 2347 1240 2401 τὸν
1262 2346 1396 2401 Θεὸν
1416 2345 1555 2418 ἔρως
1579 2346 1756 2400 έκεῖνο
1783 2344 1956 2400 τίκτει

371 2437 435 2492 τὸ
466 2437 739 2511 δάκρυον,
793 2438 876 2502 είς
925 2438 1027 2509 τὴν
1071 2437 1223 2492 θείαν
1259 2436 1495 2509 θεωρίαν
1529 2435 1821 2508 πυρσεύων
1862 2436 1957 2490 τὸν

370 2529 519 2593 νοῦν,
560 2530 653 2584 καὶ¹
683 2531 805 2594 ταῖς
842 2530 1027 2584 ἀκτῖσι
1066 2530 1294 2595 νύττων,
1327 2530 1422 2584 καὶ
1446 2531 1528 2595 είς
1569 2529 1668 2602 τὴν
1705 2527 1957 2585 ἐντεῦθεν

370 2620 713 2690 κατεπείγων
746 2619 1064 2693 μετάϐασιν.
1101 2622 1213 2675 Kal
1241 2622 1301 2676 ὲν
1326 2620 1539 2685 τούτοις
1564 2620 1622 2676 δὲ
1659 2619 1956 2692 διημερεύ-

369 2712 508 2768 ουσά
543 2730 603 2767 τε
645 2712 741 2768 καὶ
779 2711 1299 2784 διανυκτερεύουσα,
1330 2712 1454 2766 οὐδὲ
1491 2711 1604 2765 τῶν
1654 2710 1832 2766 ἄλλων
1858 2711 1959 2785 τῆς

371 2802 576 2877 ἀρετῆς
607 2804 763 2858 εἱδῶν
790 2804 1018 2875 ἀμελεῖ·
1054 2803 1191 2859 ἀλλὰ
1228 2802 1524 2871 θεραπεύει
1552 2803 1652 2874 μὲν
1681 2804 1762 2865 είς
1800 2802 1959 2857 δύνα-

373 2912 468 2964 μιν
496 2896 623 2959 τούς
652 2896 909 2968 ἀρίστους
941 2896 1249 2965 ἀγωνιστὰς
1269 2936 1285 2962 ,
1338 2889 1415 2950 ὧν
1442 2894 1820 2966 ἐμνήσθημεν,
1864 2895 1958 2947 καὶ

372 2984 466 3051 οὓς
506 2987 900 3061 παρελίπομεν.
933 2988 1239 3060 Θεραπεύει
1266 2986 1324 3042 δὲ
1353 2986 1595 3050 καὶτοὺς
1624 2986 1761 3057 πρὸς
1790 2983 1958 3056 αὐτὴν

373 3078 828 3149 ἀφικνουμένους,
859 3077 1197 3150 κατάγεσθαι
1225 3077 1326 3150 μὲν
1360 3076 1511 3153 παρὰ
1537 3075 1615 3150 τῷ
1641 3078 1738 3149 τῆς
1767 3075 1959 3150 κώμης

374 3168 597 3242 ποιμένι
631 3170 950 3238 κελεύουσα,
985 3171 1127 3244 αὐτὴ
1153 3171 1212 3226 δὲ
1245 3170 1347 3235 τὰς
1385 3170 1574 3243 χρείας
1616 3170 1835 3233 ἁπάσας
1868 3170 1962 3231 ὲκ-

377 3260 694 3333 πέμπουσα.
734 3263 1030 3334 Πρόκειται
1061 3263 1170 3334 γὰρ
1199 3263 1341 3334 αὐτῇ
1391 3263 1463 3317 τὰ
1485 3262 1584 3334 τῆς
1627 3264 1832 3334 μητρὸς
1866 3261 1960 3315 καὶ

376 3353 486 3409 τῶν
527 3355 775 3427 ἀδελφῶν
817 3358 900 3421 είς
928 3357 1199 3428 δαπάνην,
1250 3357 1348 3429 τὴν
1396 3355 1464 3410 δι’
1487 3357 1660 3428 αὐτῆς
1709 3355 1961 3427 εὐλογίαν

378 3447 757 3518 καρπούμενα.
791 3447 990 3519 Κάμοῦ
1024 3448 1081 3502 δὲ
1110 3450 1192 3512 είς
1229 3450 1405 3502 έκεῖνο
1431 3447 1493 3501 τδ
1516 3449 1681 3522 μέρος
1702 3450 1962 3520 ἀφικνου-

383 3537 570 3604 μένου,
596 3538 658 3592 τὸ
681 3538 854 3593 νότιον
874 3540 930 3594 δὲ
956 3540 1055 3610 τῆς
1081 3540 1354 3612 ἡμετέρας
1377 3539 1561 3612 χώρας
1585 3542 1723 3607 ἐστὶ,
1750 3541 1843 3596 καὶ
1863 3539 1965 3614 ἄρ·

378 3644 527 3692 τους,
558 3628 652 3682 καὶ
680 3627 922 3699 ὀπώρας,
951 3629 1048 3683 καὶ
1078 3629 1169 3682 τὸν
1194 3629 1482 3700 διάϐροχον
1524 3628 1734 3701 πέμπει
1766 3628 1961 3699 φακόν.

391 3718 553 3775 Ἀλλά
585 3724 747 3792 μέχρι
779 3720 908 3775 πότε
939 3720 1195 3791 μηκύνων
1232 3720 1438 3791 ταύτης
1468 3719 1568 3792 τὴν
1591 3719 1795 3792 άρετὴν
1822 3720 1965 3776 άπα-

379 3829 482 3868 σαν
517 3812 820 3884 διηγεῖσθαι
864 3813 1175 3882 φιλονεικῶ,
1225 3810 1343 3864 δέον
1371 3799 1492 3864 καὶ⁶
1515 3809 1626 3864 τῶν
1665 3809 1840 3864 ἄλλων
1884 3812 1966 3874 είς

382 3902 547 3973 μέσον
577 3902 893 3974 προτιθέναι
925 3901 1015 3956 τδν
1043 3899 1177 3972 βίον,
1203 3898 1260 3954 αῖ
1306 3899 1403 3953 καὶ
1445 3898 1673 3970 ταύτην,
1707 3899 1967 3963 κάκείνας

379 3988 456 4049 ὧν
478 3994 714 4067 πρόσθεν
741 3992 1043 4066 ἐμνήσθην,
1083 3992 1452 4066 ὲμιμήσαντος
1497 3989 1697 4045 Πολλαὶ
1726 3988 1838 4061 γάρ
1872 3988 1967 4044 καὶ

380 4087 560 4154 ἄλλαι,
591 4086 648 4139 αῖ
678 4086 777 4157 μὲν
804 4086 899 4139 τὸν
930 4085 1216 4158 μοναδικδν
1260 4082 1581 4156 ἠσπάσαντο
1629 4082 1744 4154 βίον
1764 4125 1779 4150 ,
1824 4082 1882 4136 αῖ
1908 4082 1965 4137 δὲ

379 4180 480 4252 τὴν
510 4183 646 4253 μετά
668 4179 929 4235 πλειόνων
957 4180 1251 4253 ἠγάπησαν
1292 4178 1586 4242 πολιτείαν,
1618 4178 1692 4243 ὼς
1714 4179 1807 4231 καὶ
1840 4193 1968 4230 πενο

379 4274 620 4344 τήκοντα
648 4273 742 4327 καὶ
787 4272 1088 4339 διακοσίας,
1124 4273 1219 4326 καὶ
1269 4271 1506 4334 πλείους,
1565 4270 1658 4324 καὶ
1708 4270 1967 4334 ἐλάττους

381 4364 525 4419 κατὰ
549 4364 744 4418 ταυτὸν
779 4363 1068 4434 βιοτεύειν,
1099 4363 1230 4435 μιᾶς
1251 4348 1586 4434 άνέχομένας
1616 4361 1845 4434 τροφῆς,
1875 4360 1969 4417 ἐπὶ

381 4458 594 4530 ψιάθων
630 4457 791 4528 μόνον
837 4456 1120 4511 καθεύδειν
1170 4454 1543 4525 αίρουμένας,
1592 4454 1687 4507 καὶ
1733 4454 1832 4516 τάς
1869 4451 1969 4523 μὲν

384 4555 575 4628 χεῖρας
625 4549 1009 4623 άπονεμούσας
1055 4548 1207 4621 ἐρίῳ,
1261 4546 1454 4620 ὐμνοις
1480 4545 1544 4600 δὲ
1570 4546 1671 4617 τὴν
1720 4545 1968 4614 γλῶτταν
1992 4565 2045 4624 ι)

385 4642 740 4717 ἀφιερούσας.

459 4735 646 4808 Μυρία
668 4736 724 4789 δὲ
745 4733 970 4789 τοιαῦτα
999 4733 1093 4787 καὶ
1132 4730 1363 4803 άριθμδν
1385 4730 1624 4785 νικῶντα
1653 4729 1971 4800 φιλοσοφίας

389 4829 510 4883 ἐστὶ
539 4828 953 4900 φροντιστήρια,
976 4826 1077 4878 οὐκ
1102 4823 1161 4877 ὲν
1178 4825 1245 4894 τῇ
1272 4822 1521 4895 ἡμετέρᾳ
1539 4822 1596 4875 δὲ
1629 4822 1808 4893 μόνον,
1836 4821 1973 4876 ἀλλὰ

389 4920 488 4975 καὶ
521 4917 663 4973 κατὰ
686 4919 868 4971 πᾶσαν
899 4916 1000 4989 τὴν
1024 4915 1160 4970 Ἕω.
1190 4914 1410 4986 Πλήρης
1439 4914 1495 4967 δὲ
1516 4913 1720 4967 τούτων
1743 4915 1837 4967 καὶ
1858 4915 1972 4968 Πα-

390 5010 659 5082 λαιστίνη,
690 5009 784 5064 καὶ
815 5008 1109 5077 Αἴγυπτος,
1142 5005 1238 5061 καὶ
1281 5006 1459 5070 Ἀσία,
1501 5006 1595 5059 καὶ
1618 5005 1838 5069 Πόντος,
1878 5005 1973 5060 καὶ

389 5101 629 5175 Εὐρώπη
666 5102 837 5156 πᾶσα.
878 5099 970 5166 Ἐξ
1003 5094 1063 5153 οὐ
1095 5097 1204 5169 γάρ
1232 5097 1260 5150 ὁ
1282 5097 1559 5168 Δεσπότης
1603 5098 1835 5169 Χριστδς
1875 5099 1974 5167 τὴν

395 5193 704 5266 Παρθενίαν
738 5189 1124 5264 ὲτίμησενύπὸ
1155 5188 1425 5261 παρθένου
1456 5189 1689 5259 τεχθεὶς,
1720 5189 1848 5252 τοὺς
1875 5189 1975 5260 τῆς

392 5285 689 5356 παρθενίας
707 5285 982 5356 λειμῶνας
1004 5286 1037 5356 ἡ
1062 5284 1223 5355 φύσις
1250 5283 1572 5355 ἐϐλάστησε,
1592 5284 1687 5337 καὶ
1708 5285 1776 5338 τὲι
1798 5282 1972 5356 εὐώδη

395 5377 570 5432 ταῦτα
598 5377 692 5429 καὶ
715 5376 1007 5448 ἀμάραντα
1029 5376 1166 5447 ἄνθη
1190 5376 1490 5447 προσφέρει
1517 5374 1594 5445 τῷ
1627 5378 1849 5446 ποιητῇ,
1873 5375 1975 5428 οὐκ

396 5472 477 5534 εἰς
504 5470 673 5540 ἄρρεν
705 5469 799 5521 καὶ
825 5467 960 5539 θῆλυ
991 5468 1092 5539 τὴν
1118 5468 1321 5539 ἀρετὴν
1349 5466 1717 5539 διακρίνουσα,
1742 5466 1865 5518 οὐδὲ
1895 5467 1974 5527 είς

394 5566 492 5619 δύο
526 5562 791 5634 διαφορὰς
830 5563 929 5631 τὴν
974 5559 1293 5629 φιλοσοφίαν
1333 5558 1661 5630 μερίζουσαο
1706 5557 1976 5627 σωμάτων

398 5657 529 5730 γὰρ,
557 5655 673 5710 ἀλλ’
705 5653 768 5708 οὐ
798 5650 987 5723 ψυχῶν
1017 5651 1079 5705 τὸ
1108 5651 1384 5722 διάφορον.
1417 5670 1436 5704 ι
1483 5650 1572 5704 Ἐν
1610 5650 1720 5720 γὰρ
1756 5646 1978 5720 Χριστῷ

413 5746 589 5816 Ἰησοῦ
612 5789 628 5812 ,
674 5745 818 5801 κατὰ
845 5744 935 5797 τὸν
975 5742 1119 5798 θεῖον
1159 5743 1499 5806 Ἀπόστολον,
1547 5741 1648 5794 οὐκ
1682 5739 1761 5794 ἔνι
1811 5740 1979 5810 άρσεν

404 5837 497 5893 καὶ
527 5833 663 5906 θῆλυ
689 5849 700 5863 ·
746 5852 764 5886 ι
814 5831 914 5905 μία
943 5831 999 5917 οι
1035 5831 1127 5886 καὶ
1168 5830 1392 5905 ἀνδράσι
1424 5831 1517 5888 καὶ
1556 5829 1770 5901 γυναιξὶ
1820 5846 1989 5901 κεχος

2050 1993 2271 2043 summa
2297 1986 2540 2049 egestate
2571 1979 2780 2043 vivunt,
2832 1977 3191 2049 lacrymatur,
3241 1988 3299 2033 et
3344 1978 3516 2049 luget,
3564 1993 3632 2033 ac

2055 2069 2407 2141 ingemiscit.
2477 2085 2727 2143 quaenam
2788 2086 2890 2142 pro
2937 2072 3135 2129 merito
3185 2071 3413 2129 laudare
3459 2071 3634 2140 possit

2053 2163 2279 2219 oratio?
2309 2162 2525 2221 Ardens
2554 2164 2702 2219 enim
2735 2164 2792 2221 in
2828 2165 3000 2221 Deum
3038 2179 3195 2220 amor
3224 2163 3327 2220 has
3361 2164 3506 2235 parit
3559 2163 3636 2217 la-

2053 2269 2295 2328 crymas,
2330 2267 2568 2313 mentem
2593 2256 2659 2311 ad
2694 2256 2935 2314 divinam
2970 2257 3280 2315 accendens
3297 2255 3637 2327 contempla-

2054 2348 2282 2414 tionem,
2325 2349 2675 2418 stimulisque
2702 2363 2971 2421 pungens,
3003 2356 3059 2404 et
3082 2362 3284 2423 urgens
3319 2356 3378 2405 ut
3405 2361 3475 2402 ex
3531 2350 3637 2401 hac
3754 2339 3758 2343 ’

2062 2440 2178 2495 vita
2219 2439 2472 2497 excedat.
2506 2440 2697 2512 Neque
2725 2441 3026 2510 vero,dum
3062 2439 3120 2497 in
3148 2439 3236 2497 his
3270 2440 3391 2497 dies
3418 2447 3637 2497 noctes-

2054 2545 2162 2607 que
2193 2547 2252 2587 se
2284 2537 2527 2597 exercet,
2549 2531 2657 2586 alia
2692 2530 2958 2587 virtutum
2983 2545 3185 2602 genera
3231 2530 3465 2609 negligit
3496 2548 3512 2586 :
3539 2530 3638 2586 sed

2055 2636 2246 2677 curam
2281 2635 2390 2694 pro-
2416 2620 2631 2678 viribus
2665 2621 2809 2694 gerit
2835 2621 3422 2693 praestantissimorum
3460 2622 3638 2678 athle-

2055 2721 2258 2779 tarum,
2282 2728 2520 2784 quorum
2575 2713 2909 2775 mentionem
2947 2712 3197 2774 fecimus.
3239 2721 3293 2770 et
3333 2728 3476 2785 quos
3498 2729 3634 2782 prae-

2058 2806 2421 2862 termisimus.
2444 2803 2648 2861 Curam
2678 2819 2869 2861 eorum
2892 2819 3116 2876 quoque
3136 2805 3299 2876 gerit,
3314 2804 3412 2877 qui
3431 2804 3496 2860 ad
3523 2805 3644 2861 illos

2057 2897 2306 2964 veniunt,
2334 2895 2479 2966 apud
2514 2894 2622 2952 vici
2661 2902 2945 2967 pastorem
2984 2895 3254 2952 diversari
3289 2911 3386 2953 eos
3415 2895 3643 2967 iubens,

2057 2998 2113 3045 et
2139 2989 2325 3045 omnia
2355 2988 2466 3045 illis
2497 2986 2807 3044 necessaria
2840 2985 3198 3042 submittens.
3231 2985 3442 3043 Praesto
3493 2985 3643 3044 enim

2060 3081 2140 3137 illi
2181 3089 2310 3139 sunt
2335 3078 2403 3136 ad
2437 3087 2691 3152 sumptus
2714 3076 2994 3135 faciendos
3047 3079 3245 3135 matris
3301 3077 3648 3150 fratrumque

2063 3173 2373 3238 facultates,
2395 3186 2519 3244 quae
2541 3185 2637 3242 per
2670 3169 2884 3245 1293
2917 3184 3037 3227 eam
3062 3170 3505 3228 benedictionem
3552 3186 3647 3226 ac-

2065 3264 2296 3336 cipiunt.
2329 3263 2475 3330 Quin
2510 3270 2567 3319 et
2592 3264 2726 3319 mihi
2754 3263 3095 3328 etiam,.cum
3157 3260 3226 3318 ad
3264 3278 3385 3320 eam
3430 3271 3645 3335 partem

2063 3355 2251 3424 venio,
2293 3370 2415 3428 quae
2434 3354 2647 3428 regioni
2695 3364 2901 3417 nostra;
2929 3353 2998 3412 ad
3033 3362 3285 3412 austrum
3313 3355 3419 3412 sita
3465 3363 3570 3421 est,
3594 3362 3649 3412 et

2064 3460 2260 3519 panes,
2306 3444 2633 3514 etfructus,
2669 3453 2725 3501 et
2772 3445 2977 3502 lentem
3019 3443 3391 3503 madefactam
3448 3445 3645 3502 mittit.

2067 3538 2175 3595 Sed
2194 3552 2485 3611 quousque
2521 3535 2737 3594 tandem
2764 3536 3079 3594 orationem
3107 3536 3417 3610 producens
3431 3550 3649 3594 omnem

2064 3633 2187 3704 ejus
2234 3632 2489 3688 virtutem
2548 3646 2828 3703 exponere
2874 3629 3173 3696 contendo,
3233 3645 3361 3686 cum
3415 3630 3649 3683 aliarum

2066 3739 2284 3796 quoque
2311 3722 2476 3775 vitam
2500 3721 2557 3776 in
2590 3712 2830 3776 medium
2868 3719 3118 3792 proferre
3163 3718 3475 3785 conveniat,
3528 3731 3650 3788 qua:

2065 3816 2277 3872 ethanc
2301 3826 2357 3870 et
2374 3813 2497 3869 illas
2537 3827 2771 3884 quarum
2802 3810 2955 3882 prius
2988 3807 3363 3873 meminimus,
3425 3809 3652 3862 imitatae

2068 3914 2196 3963 sunt
2215 3906 2238 3961 ἲ
2257 3905 2437 3961 Multa:
2462 3903 2732 3977 siquidem
2754 3902 2896 3970 alite,
2920 3902 3120 3974 partim
3147 3900 3455 3957 solitariam
3483 3899 3653 3954 vitam

2068 4005 2199 4055 sunt
2232 3996 2514 4068 amplexae,
2538 3995 2737 4067 partim
2766 3992 2977 4050 versari
3003 4006 3130 4048 cum
3155 3990 3409 4061 pluribus
3439 3991 3650 4045 malue-

2070 4098 2219 4157 runt,
2278 4089 2353 4144 ita
2412 4096 2471 4142 ut
2539 4085 2791 4142 ducentae
2855 4091 2912 4141 et
2966 4083 3388 4157 quinquaginta,
3442 4094 3536 4135 aut
3585 4096 3656 4134 eo

2068 4181 2256 4252 plures
2315 4178 2676 4250 paucioresve
2699 4191 2807 4232 una
2832 4175 3051 4249 degant,
3071 4173 3320 4233 unocibo
3345 4179 3649 4236 vescentes,

2069 4283 2237 4341 super
2259 4269 2457 4324 storeis
2486 4267 2621 4325 solis
2656 4266 2899 4322 dormire
2933 4265 3130 4327 solitae,
3167 4272 3222 4320 et
3254 4276 3449 4317 manus
3515 4259 3644 4331 qui-

2069 4363 2193 4419 dem
2244 4360 2485 4417 lanificio
2537 4359 2898 4430 addicentes,
2955 4359 3201 4435 linguam
3260 4371 3390 4415 vero
3430 4354 3657 4429 hymnis

2072 4461 2486 4515 consecrantes.

2147 4728 2378 4785 Exstant
2403 4735 2584 4784 autem
2627 4724 2840 4781 infinita
2887 4737 3289 4792 numerumque
3338 4720 3663 4776 excedent-Ia

2078 4819 2391 4877 istiusmodi
2425 4816 2783 4889 philosophiae
2806 4813 3116 4887 gymnasia,
3152 4827 3263 4868 non
3313 4809 3380 4866 in.
3430 4810 3652 4880 regione

2076 4929 2268 4978 nostra
2284 4927 2517 4984 tantum,
2540 4917 2634 4975 sed
2662 4931 2758 4989 per
2776 4921 2950 4972 totum
2967 4913 3132 4970 etiam
3158 4912 3470 4969 Orientem.
3492 4908 3658 4966 Plena

2079 5016 2201 5071 istis
2233 5023 2288 5070 et
2313 5011 2626 5077 Palaestina,
2659 5019 2715 5068 et
2747 5009 3040 5084 Egyptus,
3065 5015 3121 5064 et
3150 5007 3169 5029 ‘
3203 5006 3358 5072 Asia,
3402 5016 3457 5061 et
3514 5003 3658 5058 Pon-

2079 5114 2191 5171 tus,
2225 5115 2279 5162 et
2312 5103 2533 5175 Europa
2566 5102 2846 5158 universa.
2898 5099 2977 5157 Ex
3037 5113 3149 5169 quo
3202 5096 3347 5153 enim
3406 5095 3660 5151 Christus

2080 5194 2343 5253 Dominus
2366 5193 2433 5250 de
2458 5190 2683 5265 Virgine
2710 5205 2946 5249 nascens
2963 5188 3328 5259 virginitatem
3348 5185 3658 5247 honoravit.

2076 5286 2414 5359 virginitatis
2466 5294 2623 5358 prata
2664 5290 2862 5341 natura
2925 5279 3205 5355 produxit,
3259 5282 3315 5333 et
3352 5276 3661 5333 odoriferos

2082 5375 2221 5433 istos
2286 5390 2388 5432 nec
2456 5387 2699 5445 unquam
2762 5380 3174 5427 marcescentes
3228 5364 3392 5424 flores
3444 5365 3660 5438 profert

2082 5469 2355 5533 Creatori,
2385 5466 2817 5537 haudquaquam
2850 5463 2906 5518 in
2939 5460 3247 5517 masculum
3291 5468 3348 5515 et
3401 5458 3660 5513 feminam

2083 5559 2343 5616 virtutem
2378 5555 2743 5627 distinguens,
2790 5566 2970 5621 neque
3021 5550 3077 5605 in
3133 5550 3272 5605 duas
3329 5546 3663 5603 differentias

2085 5650 2329 5721 partiens
2354 5646 2779 5720 philosophiam.
2804 5645 3117 5715 Corporum
3172 5643 3342 5709 enim,
3385 5656 3494 5697 non
3537 5640 3662 5693 ani-

2087 5754 2301 5794 marum
2348 5749 2432 5793 est
2463 5736 2792 5793 differentia.
2828 5752 2849 5789 ι
2907 5732 2966 5789 1η
3032 5732 3259 5789 Christo
3308 5733 3455 5788 enim
3507 5727 3669 5791 Jesu,

2086 5830 2230 5887 sicut
2276 5830 2494 5887 divinus
2529 5829 2603 5885 ait
2655 5826 2976 5901 Apostolus,
3047 5841 3153 5884 nou
3210 5833 3297 5881 est
3359 5821 3677 5888 masculus,
