4074 6470
468 404 605 473 1435

1454 414 1942 477 TIIEODORETI
1981 417 2323 478 EPISCOPI
2361 417 2730 479 CYRENSIS

3600 414 3732 482 1496

466 537 647 593 neque
680 522 880 578 l-unina
906 533 951 578 ι.
993 543 1010 577 ι
1044 522 1164 580 Una
1186 534 1366 581 autem
1388 536 1443 581 et
1479 528 1610 584 viris
1638 536 1692 584 et
1717 530 2046 585 mulieribus

2154 532 2389 603 ρήγηται
2424 531 2626 597 πίστις.
2665 550 2684 584 ι
2723 525 2819 595 Εἷς
2864 530 2974 603 γὰρ
3015 531 3258 603 Κύριος,
3302 530 3404 604 μία
3442 531 3643 596 πίστις,
3677 531 3735 585 ἓν

465 617 669 670 donata
697 625 785 672 est
822 618 975 673 fides.
1016 635 1035 669 ι
1080 617 1231 673 Unus
1261 620 1405 673 enim
1442 620 1852 688 Dominus,uua
1886 623 2044 686 ﬁdes,

466 723 637 762 unum
673 709 968 781 baptisma.
1009 708 1165 767 Unus
1187 711 1332 768 Deus
1360 723 1413 767 et
1444 713 1608 770 Pater
1637 717 1906 783 omnium,
1956 716 2047 787 qtti

464 806 551 853 est
579 813 746 868 super
761 814 977 868 omnes,
1002 808 1057 857 et
1085 816 1185 871 per
1220 802 1434 876 1295
1452 805 1660 865 omnia,
1689 816 1743 861 et
1793 806 1847 861 in
1879 809 2049 861 muni-

461 893 589 946 bus.
615 891 922 962 Unicuique
948 902 1131 949 autem
1163 904 1413 951 nostrum
1442 898 1569 951 data
1595 908 1681 953 est
1723 900 1899 969 gratia
1956 914 2048 955 se-

462 982 705 1036 cundum
752 997 1065 1039 mensuram
1124 985 1441 1042 donationis
1490 988 1763 1045 Christi'.
1805 1009 1823 1043 ι
1863 990 2047 1046 Unum

461 1075 622 1128 etiam
656 1089 880 1145 regnum
908 1078 1174 1133 caelorum
1228 1079 1530 1136 vietor-ilius
1576 1085 1862 1153 proposuit
1918 1098 2047 1154 ago-

461 1166 721 1233 notheta,
786 1183 1087 1227 commune
1149 1171 1256 1226 hoc
1313 1173 1598 1242 praemium
1651 1174 2049 1231 certaminibus

460 1261 826 1317 constituens.
860 1261 1043 1317 Multas
1070 1263 1259 1333 igitur,
1313 1276 1371 1319 ut
1416 1264 1553 1332 dixi,
1612 1274 1667 1322 et
1713 1268 1958 1323 virorum
1994 1276 2049 1324 et

461 1348 792 1407 feininarum
824 1353 1097 1425 palaestra:
1142 1363 1275 1411 sunt
1310 1357 1554 1427 pietatis,
1587 1373 1696 1414 non
1746 1359 1893 1431 apud
1948 1375 2049 1416 nos

460 1446 865 1513 tantummodo,
896 1462 1087 1504 verum
1113 1448 1278 1506 etiam
1306 1451 1361 1507 in
1392 1451 1553 1523 Syria
1586 1454 1869 1518 universa,
1904 1461 1959 1510 et
1991 1452 2045 1508 in

459 1533 778 1603 Palasstina,
829 1548 885 1595 et
938 1539 994 1595 in
1052 1540 1269 1609 Cilicia,
1306 1551 1360 1599 et
1419 1543 1476 1600 in
1519 1543 1933 1617 MeSOpotamia.
1989 1544 2047 1602 In

459 1623 702 1697 Επειιο
728 1643 860 1684 vero
883 1626 1068 1685 ferunt
1093 1630 1343 1702 quaedam
1375 1647 1500 1691 esse
1523 1633 1883 1697 monasteria,
1919 1649 2046 1706 quae

456 1717 702 1774 virorum
729 1720 969 1778 habeant
993 1723 1061 1779 ad
1094 1725 1339 1797 quinque
1382 1726 1576 1795 millia,
1637 1742 1777 1798 opus
1837 1726 2049 1783 facien-

456 1810 618 1877 tium,
669 1810 952 1886 Deumque
1005 1815 1214 1875 interea
1262 1816 1631 1888 laudantium,
1686 1820 1779 1891 qui
1823 1820 2048 1892 opillcio

458 1919 563 1958 suo
590 1918 697 1959 non
735 1907 913 1963 solum
972 1909 1179 1967 victum
1232 1921 1427 1983 parant
1486 1913 1887 1977 necessarium,
1950 1914 2045 1970 sed

460 1998 765 2067 peregrinis
813 2000 978 2055 etiam
1012 2002 1414 2074 egentibusque
1460 2004 1816 2060 subveniunt.
1843 2003 2045 2061 Verum

458 2091 644 2145 omnia
680 2107 962 2161 enarrare,
1000 2110 1109 2152 non
1139 2096 1273 2152 mibi
1307 2106 1541 2162 tantum,
1568 2098 1663 2156 sed
1695 2109 1750 2155 et
1787 2100 2046 2154 omnibus

461 2182 743 2241 historicis
768 2187 1109 2259 impossibile
1127 2189 1313 2246 fuerit.
1339 2190 1497 2260 Quod
1520 2193 1565 2246 si
1590 2193 1853 2264 possibile
1877 2192 2041 2259 foret,

455 2292 931 2351 Supervacaneum
968 2288 1153 2338 tamen
1182 2281 1429 2338 futurum
1462 2292 1739 2354 putarem,
1797 2293 2046 2341 ostenta-

455 2374 774 2444 tionemque
814 2372 966 2429 omni
1029 2374 1213 2431 fructu
1268 2375 1593 2430 carituram.
1635 2374 1707 2432 lis
1748 2377 1893 2431 enim
1948 2375 2043 2447 qui

453 2463 749 2520 utilitatem
776 2465 1017 2536 aliquam
1056 2482 1252 2539 capere
1298 2469 1556 2539 cupiunt,
1610 2467 1891 2525 Sulliciunt
1922 2483 2045 2540 qua:

451 2557 602 2613 dicta
629 2565 781 2625 sunt,
808 2563 869 2612 ut
899 2559 1010 2615 voti
1041 2568 1325 2631 compotes
1361 2560 1514 2616 flant.
1540 2560 1750 2617 idcirco
1773 2561 1920 2616 enim
1955 2560 2044 2616 di-

454 2664 645 2706 versas
675 2649 819 2706 vitas
847 2650 1314 2722 exposuimus,~et
1334 2650 1666 2709 feminarum
1697 2653 2045 2709 narrationes

450 2742 519 2797 ad
554 2757 652 2797 eas
681 2757 803 2814 quae
836 2743 1082 2799 virorum
1115 2756 1276 2801 erant
1303 2744 1633 2816 adjecimus,
1686 2753 1746 2801 ut
1801 2745 2045 2803 habeant

449 2843 508 2888 et
530 2848 714 2901 senes,
743 2842 797 2890 et
822 2833 1075 2906 juvenes,
1108 2846 1162 2893 et
1182 2834 1419 2905 feminae,
1439 2837 1780 2909 exemplaria
1805 2837 2046 2908 philoso-

451 2925 616 2993 phiae,
670 2937 995 2997 gratamque
1046 2926 1156 2983 sibi
1203 2929 1443 3000 quisque
1496 2930 1663 2987 vitam
1718 2931 2037 3004 exprimens

448 3022 575 3075 νῑιω
600 3037 715 3078 suae
737 3023 982 3094 regulam
1001 3037 1066 3078 ac
1096 3038 1347 3079 normam
1400 3025 1600 3081 habeat
1628 3040 1748 3081 eam
1805 3041 1929 3096 qua:
1987 3024 2043 3080 in

452 3114 775 3170 narratione
800 3115 1138 3171 continetur.
1195 3113 1257 3173 Et
1291 3116 1754 3187 quemadmodum
1801 3118 2046 3188 pictores

451 3207 508 3261 in
533 3207 892 3278 archetypum
918 3207 1219 3274 intuentes,
1243 3217 1298 3263 et
1317 3208 1510 3266 oculos
1530 3208 1837 3274 imitantur,
1865 3220 1921 3264 et
1948 3223 2045 3264 na-
2072 3237 2117 3300 Ο

447 3312 593 3365 sum,
626 3307 683 3355 et
707 3312 789 3366 os,
806 3309 859 3355 et
874 3314 1064 3375 genas,
1091 3306 1146 3361 et
1170 3313 1353 3366 aures,
1382 3307 1439 3355 et
1459 3299 1668 3365 vultus,
1698 3306 1752 3355 et
1781 3300 1931 3371 ipsos
1956 3315 2047 3356 ca-

448 3391 579 3461 pitis
609 3390 902 3463 barbaque
918 3390 1082 3462 pilos,
1125 3403 1189 3446 ac
1228 3398 1495 3462 praeterea
1520 3391 1826 3448 sessionem
1848 3405 1913 3448 ac
1936 3400 2051 3449 sta-

448 3482 683 3545 tionem,
700 3491 757 3537 et
774 3488 966 3550 gestus
982 3480 1134 3552 ipsos
1146 3482 1432 3538 oculorum
1450 3482 1535 3539 vel
1554 3482 1780 3551 hilares,
1795 3482 1878 3540 vel
1898 3483 2050 3540 terri-

447 3572 619 3628 biles:
642 3571 856 3647 1295
877 3574 958 3630 sic
975 3588 1163 3630 eorum
1186 3574 1280 3646 qui
1298 3573 1654 3646 scriptionem
1682 3575 1827 3631 hanc
1853 3576 2042 3647 legunt

448 3664 900 3741 unumquemque
919 3674 1149 3737 Oportet,
1170 3666 1265 3723 ubi
1288 3666 1453 3725 vitam
1467 3666 2045 3740 aliquamimitandam

447 3757 554 3814 sibi
591 3758 963 3829 proposuerit,
984 3758 1053 3814 ad
1079 3758 1227 3815 illam
1253 3774 1420 3833 quam
1451 3759 1655 3832 delegit
1673 3776 1832 3817 suam
1854 3760 2034 3831 ipsius

451 3851 824 3910 conformare.
850 3851 918 3907 Et
943 3852 1406 3925 quemadmodum
1425 3852 1568 3909 fabri
1592 3853 1685 3925 qui
1702 3854 2044 3911 adamussim

451 3943 670 4000 tabulas
716 3945 1002 4023 dirigunt,
1053 3960 1121 4001 eo
1159 3960 1336 4017 usque
1369 3946 1649 4016 superﬂua
1701 3946 2045 4015 detrahunt,

450 4037 635 4109 quoad
664 4038 932 4112 appositae
953 4038 1158 4111 regula:
1180 4039 1501 4099 consentire
1526 4038 1767 4093 tabulam
1796 4037 2041 4099 videant;

450 4130 534 4184 sic
559 4129 711 4184 illum
741 4138 997 4205 oportet,
1028 4131 1124 4203 qnl
1160 4131 1330 4188 vitam
1361 4131 1605 4204 aliquam
1639 4130 1843 4187 imitari
1872 4130 2004 4188 velit
2030 4174 2045 4197 ,

449 4238 573 4277 eam
620 4222 726 4281 sibi
771 4224 978 4295 regulze
1013 4224 1136 4282 loco
1167 4225 1479 4296 applicare,
1512 4238 1577 4279 ac
1615 4223 1734 4279 vitii
1774 4224 1921 4294 quod
1954 4239 2044 4280 re-

452 4315 668 4374 dundat
696 4323 986 4388 amputare
1003 4358 1019 4386 ,
1049 4325 1105 4374 et
1122 4317 1344 4377 virtutis
1372 4332 1495 4389 qua!
1517 4316 1721 4373 desunt
1745 4332 2044 4388 apponere.

451 4403 568 4461 llac
596 4405 743 4461 enim
762 4405 832 4461 de
847 4421 1018 4463 causa
1044 4408 1368 4478 scriptionis
1396 4408 1642 4465 laborem
1669 4409 2042 4482 suscepimus,

453 4498 714 4554 utilitatis
763 4500 1117 4556 occasionem
1148 4500 1218 4558 iis
1260 4502 1356 4572 qui
1408 4501 1594 4556 volent
1647 4509 2040 4572 proponeutes.

2152 623 2456 696 βάπτισμα·
2491 621 2572 688 εἷς
2604 624 2737 689 θεὸς
2768 624 2861 678 καὶ
2892 623 3081 697 Πατὴρ
3129 622 3369 689 πάντων,
3416 623 3445 677 ὁ
3486 624 3580 676 ἐπὶ
3605 624 3738 677 πάν-

2149 733 2280 782 των,
2312 718 2409 770 καὶ
2454 716 2542 771 διὰ
2595 718 2835 782 πάντων,
2878 716 2973 771 καὶ
3022 718 3083 770 ὲν
3115 716 3280 770 πᾶσιν
3313 716 3486 788 ἡμῖν’
3527 715 3621 768 καὶ
3663 715 3740 769 ἑνὶ

2151 811 2367 883 ἑκάστῳ
2394 810 2555 883 ἡμῶν
2584 809 2741 881 ἐδόθη
2765 811 2799 881 ἡ
2829 808 2993 881 χάρις
3022 806 3165 862 κατά
3197 807 3258 861 τὸ
3286 806 3489 879 μέτρον
3519 807 3620 876 τῆς
3642 807 3741 860 δω-

2151 905 2281 977 ρεᾶς
2302 902 2397 956 τοῦ
2430 900 2685 976 Χριστοῦ.
2721 920 2739 953 ι
2773 901 2920 956 Μίαν
2949 898 3007 954 δὲ
3054 899 3150 954 κει.)⁵
3185 898 3468 969 βασιλείαν
3495 896 3739 969 οὐρανῶν

2149 994 2495 1065 ἀγωνοθέτης
2524 997 2637 1058 τοῖς
2663 994 2981 1065 νικηφόροις
3006 990 3369 1063 προτέθηκεν,
3402 983 3569 1044 ἆθλον
3588 989 3741 1043 τοῦτο

2150 1087 2329 1140 κοινὸν
2362 1088 2475 1150 τοῖς
2501 1085 2713 1155 ἀγῶσιν
2749 1083 2962 1157 ὁρίσας.
3002 1081 3209 1137 Πολλαὶ
3247 1082 3454 1145 τοίνυν,
3480 1081 3558 1145 ὡς
3584 1078 3738 1152 ἔφην,

2150 1181 2245 1236 καὶ
2267 1180 2480 1253 ἀνδρῶν
2511 1180 2619 1233 εἱσι
2647 1178 2745 1233 καί⁸
2774 1177 3049 1248 γυναικῶν
3071 1175 3358 1240 εὐσεϐείας
3386 1172 3739 1246 παλαῖστραι,

2148 1272 2208 1326 ού
2251 1272 2383 1345 παρ’
2412 1273 2543 1345 ἡμῖν
2580 1270 2763 1342 μόνον,
2791 1268 2927 1324 ἀλλά
2963 1268 3059 1324 καὶ
3090 1270 3149 1323 ὲν
3169 1267 3342 1340 Συρίᾳ
3363 1266 3540 1339 πάσῃ,
3573 1265 3666 1320 καὶ
3686 1267 3741 1320 ἐν

2149 1364 2510 1438 Παλαιστίνῃ.
2536 1365 2632 1420 καὶ
2665 1365 2724 1418 ὲν
2758 1361 3006 1436 Κιλικίᾳ,
3036 1362 3132 1417 καὶ
3158 1363 3218 1417 ὲν
3243 1362 3311 1434 τῇ
3345 1359 3488 1433 μέσῃ
3516 1357 3625 1413 τῶν
3650 1377 3741 1419 πο-

2148 1457 2341 1529 ταμῶν
2360 1474 2374 1489 ’
2409 1459 2468 1512 ὲν
2494 1455 2758 1529 Αἰγύπτῳ
2790 1455 2847 1510 δέ
2885 1471 3017 1524 φασι
3048 1454 3146 1509 καὶ
3167 1453 3272 1508 ἀνὰ
3303 1452 3469 1506 πέντε
3503 1450 3741 1524 χιλιάδας

2149 1550 2361 1624 ἀνδρῶν
2401 1549 2548 1622 ἔχειν
2588 1549 2708 1605 ἔνια
2747 1548 3142 1622 φροντιστήρια
3182 1544 3614 1618 ἐργαζομένων,
3650 1546 3740 1599 καὶ

2152 1642 2356 1716 μεταξῦ
2380 1643 2476 1698 τὸν
2498 1644 2777 1715 Δεσπότην
2800 1641 3187 1713 ἀνυμνούντων
3208 1656 3220 1670 ⁸
3247 1639 3342 1693 καὶ
3369 1638 3432 1692 ού
3466 1637 3626 1707 μόνον
3645 1637 3739 1710 τὴν

2150 1734 2459 1805 ἀναγκαίαν
2493 1736 2559 1789 ὲκ
2592 1735 2702 1790 τῶν
2732 1734 2910 1808 ἔργων
2944 1731 3326 1806 ποριζομένων
3352 1729 3584 1802 τροφὴν,
3609 1728 3739 1783 ἀλλά

2150 1829 2246 1884 καὶ
2272 1826 2443 1894 ξένοις
2474 1827 2896 1899 ἀφικνουμένοις
2917 1825 3012 1878 καὶ
3041 1823 3368 1893 πενομένοις
3392 1818 3739 1892 ἐπικουρούν-

2081 1883 2121 1939 B
2148 1883 2299 1977 των..
2320 1883 2484 1975 Ἀλλὰ
2513 1883 2691 1973 πάντα
2715 1883 3048 1988 διηγείσθαι,
3084 1883 3191 1968 οὐκ
3215 1883 3361 1984 ἐμοὶ-
3388 1914 3573 1984 μόνον,
3591 1883 3738 1965 ’ἀλλά

2149 2013 2245 2069 καὶ
2283 2014 2418 2067 πᾶσι
2447 2009 2863 2083 συγγραφεῦσιν
2897 2007 3179 2065 ἀδύνατον.
3212 2006 3278 2060 El
3310 2005 3368 2058 δὲ
3403 2006 3498 2059 καὶ
3524 2004 3737 2059 δυνατὸν

2146 2103 2236 2177 ἦν,
2274 2104 2550 2179 πχρέλκον
2608 2102 2747 2157 εἶναι
2794 2103 3024 2174 νομίζω,
3086 2099 3183 2155 καὶ
3239 2098 3557 2169 φιλοτιμίαν
3595 2096 3734 2152 οὐδὲν

2147 2197 2376 2271 ἔχουσαν
2406 2197 2617 2269 κέρδος.
2646 2197 2769 2260 Τοῖς
2805 2195 2915 2265 γὰρ
2938 2191 3127 2265 ὄνησίν
3156 2209 3282 2246 τινα
3302 2189 3599 2263 δρέπεσθαι
3622 2189 3735 2261 βου-

2147 2289 2394 2360 λομένοις
2419 2288 2639 2358 ἀπόχρη
2669 2285 2766 2340 καὶ
2792 2285 2860 2339 τὰ
2889 2283 3162 2356 εἰρημένα
3207 2282 3520 2356 παρασχεῖν
3561 2279 3621 2333 τὸ
3648 2295 3736 2332 πο-

2146 2380 2431 2453 θούμενον.
2456 2378 2663 2433 Τούτου
2690 2379 2801 2451 γὰρ
2838 2377 3027 2444 ἓνεκα,
3064 2364 3165 2430 κατ
3188 2372 3473 2444 διαφόρων
3514 2373 3739 2443 ἐμνημο-

2145 2470 2419 2543 νεύσαμεν
2476 2469 2628 2543 βίων,
2673 2469 2767 2539 καὶ
2812 2466 3090 2537 γυναικῶν
3123 2466 3455 2537 διηγήματα
3489 2465 3597 2528 τοῖς
3638 2461 3737 2516 τῶν

2145 2563 2357 2637 ἀνδρῶν
2383 2561 2877 2637 προστεθείκαμεν,
2903 2560 2969 2616 ἵν’
2986 2559 3152 2631 ἔχωσι
3174 2558 3270 2613 καὶ
3297 2555 3630 2630 πρεσϐύται,
3654 2555 3737 2609 καὶ

2145 2654 2279 2723 νέοι,
2310 2654 2404 2708 καί¹
2450 2654 2731 2723 γυναῖκες,
2790 2650 3111 2722 φιλοσοφίας
3162 2648 3465 2722 ἀρχέτυπα
3489 2664 3503 2678 ·
3536 2647 3625 2702 καὶ
3653 2644 3736 2700 τὸν

2145 2746 2487 2819 καταθύμιον
2511 2745 2743 2809 ἕκαστος
2777 2742 3188 2815 ἐκματτόμενος
3232 2741 3386 2813 βίον,
3414 2740 3512 2814 ἔχῃ
3553 2739 3735 2794 κανόνα

2144 2839 2265 2895 τινὰ
2301 2840 2397 2894 καὶ
2422 2839 2680 2911 γνώμονα
2721 2836 2817 2892 τοῦ
2845 2836 3071 2901 οἰκείου,
3105 2834 3199 2893 τὸν
3232 2838 3291 2891 ὲν
3341 2834 3419 2907 τῷ
3458 2835 3733 2907 διηγήματι

2145 2933 2420 3006 κείμενον.
2450 2934 2559 2988 Καὶ
2583 2932 2836 3003 καθάπερ
2855 2932 2903 2985 oi
2932 2930 3216 3000 ζωγράφοι
3241 2928 3338 2994 είς
3362 2929 3423 2983 τὸ
3447 2927 3735 3001 ἀρχέτυπον

2145 3026 2479 3098 ἀφορῶντες,
2511 3023 2607 3078 καὶ
2641 3021 2958 3093 ὀφθαλμοὺς
2989 3020 3416 3093 ἀπομιμοῦνται
3436 3062 3451 3088 ,
3485 3021 3576 3075 καὶ
3600 3020 3728 3091 ῥῖνα,

2147 3118 2243 3173 καὶ
2270 3118 2467 3188 στόμα,
2500 3117 2597 3169 καὶ
2623 3114 2877 3186 παρειὰς,
2908 3114 3006 3167 καὶ
3033 3107 3173 3179 ὦτα,
3205 3114 3301 3168 καὶ¹
3360 3113 3602 3185 μέτωπα,
3648 3109 3729 3165 καὶ

2147 3208 2320 3272 αὑτὰς
2346 3209 2445 3279 τῆς
2468 3206 2709 3276 κεφαλῆς
2732 3206 2827 3260 καὶ
2856 3204 2951 3259 τοῦ
2979 3205 3190 3274 γενείου
3216 3204 3333 3269 τὰς
3375 3205 3575 3277 τρίχας
3608 3202 3727 3273 πρὸς

2147 3300 2359 3367 τούτοις
2386 3302 2443 3356 δὲ
2464 3302 2562 3355 καὶ
2586 3300 2878 3373 καθέδραν,
2905 3298 3000 3354 καὶ
3022 3298 3237 3361 στάσιν,
3262 3298 3374 3355 καὶ
3396 3296 3533 3351 αὐτὰ
3563 3294 3723 3368 μέντοι

2147 3393 2257 3450 τῶν
2285 3391 2580 3466 ὀφθαλμῶν
2630 3391 2701 3446 τὰ
2749 3389 2880 3462 ἧθη,
2919 3390 3030 3444 εἴτε
3065 3388 3309 3463 χαροπὰ,
3370 3388 3481 3443 εἴτε
3514 3384 3724 3459 βλοσυρὰ

2148 3487 2237 3560 εἴη
2258 3504 2273 3518 ·
2307 3485 2451 3541 οὕτω
2488 3488 2758 3559 προσήκει
2783 3484 2878 3539 καὶ
2909 3482 3018 3537 τῶν
3041 3482 3495 3554 ἐντυγχανόντων
3520 3481 3728 3535 ἕκαστον

2147 3581 2275 3655 τῇδε
2296 3582 2367 3654 τῇ
2402 3582 2723 3652 συγγραφῇ,
2748 3577 2864 3649 βίον
2897 3576 3023 3632 τινὰ
3058 3577 3359 3650 μιμεῖσθαι
3388 3571 3729 3648 προαιρούμε-

2147 3691 2261 3740 νον,
2290 3675 2427 3746 πρὸς
2456 3674 2665 3728 ἐκεῖνον
2690 3671 2750 3726 ὃν
2787 3671 3140 3743 προαιρεῖται
3174 3667 3266 3723 τὸν
3311 3671 3520 3724 οἰκεῖον
3554 3662 3726 3740 ῥυθμί-

2147 3764 2282 3832 ζειν.
2315 3764 2426 3819 Καὶ
2455 3764 2646 3836 ὥσπερ
2677 3763 2727 3817 οἱ
2747 3762 2998 3826 τέκτονες
3024 3765 3090 3835 τῇ
3125 3764 3349 3836 σπαρτῇ
3393 3761 3491 3825 τάς
3526 3757 3721 3818 σανίδας

2148 3854 2572 3919 ἀπευθύνοντες,
2607 3853 2772 3926 μέχρι
2801 3852 3064 3907 τοσούτου
3089 3852 3151 3906 τὸ
3180 3850 3441 3922 περιττὸν
3478 3836 3716 3919 ἀφαιρού-

2149 3966 2256 4014 σιν,
2284 3947 2391 4013 ἓως
2422 3946 2492 4002 ἂν
2518 3947 2612 4001 τὸν
2640 3946 2840 4001 κανόνα
2879 3943 3242 4017 παραθέντες,
3276 3944 3399 4013 ἴσην
3440 3938 3716 4012 γενομένην

2147 4037 2247 4110 τὴν
2276 4037 2468 4092 σανίδα
2492 4037 2795 4092 θεάσωνται
2820 4053 2833 4068 ·
2875 4033 3020 4089 οὕτω
3050 4034 3108 4089 δὲ
3141 4033 3233 4088 τὸν
3268 4033 3466 4106 ζηλοῦν
3484 4049 3599 4087 τινα
3622 4027 3720 4107 βίον

2150 4130 2497 4203 βουλόμενον,
2530 4128 2710 4200 ἐαυτῷ
2734 4126 2924 4182 τοῦτον
2945 4126 3066 4181 ἀντὶ
3100 4125 3326 4190 κανόνος
3359 4123 3716 4199 παρατιθέναι,

2148 4220 2245 4273 καὶ
2275 4218 2375 4289 τῆς
2395 4234 2457 4272 τε
2486 4218 2685 4282 κακίας
2712 4217 3052 4272 ἀποκόπτειν
3085 4215 3146 4270 τὸ
3186 4215 3446 4288 περιττὸν
3466 4255 3481 4280 ,
3519 4212 3607 4267 καί
3634 4209 3718 4276 τῆς

2148 4312 2352 4385 ἀρετῆς
2399 4308 2750 4383 ἀναπληροῦν
2792 4310 2930 4364 ἄττα
2983 4307 3322 4362 ἐλλείποντα.
3375 4305 3575 4361 Τούτου
3625 4298 3720 4370 γὰρ

2149 4404 2335 4461 εἵνεκα
2367 4401 2583 4460 καὶτὸν
2613 4401 2712 4472 τῆς
2761 4401 3088 4473 συγγραφῆς
3136 4397 3510 4471 ἀνεδεξάμεθα
3551 4394 3717 4450 πόνον.

2150 4494 2421 4568 ὠφελείας
2470 4493 2727 4568 ἀφορμὴν
2778 4492 3132 4565 προτιθέντες
3199 4494 3316 4558 τοῖς
3363 4488 3718 4562 βουλομένοις·

453 4590 565 4647 Oro
615 4599 798 4646 autem
848 4590 1128 4659 lectores,
1180 4592 1274 4663 qui
1319 4592 1555 4648 aliorum
1601 4591 1884 4649 laboribus
1930 4593 2046 4648 sine

2155 4588 2294 4659 ἀξιῶ
2318 4589 2376 4644 δὲ
2406 4587 2533 4653 τοὺς
2558 4585 2997 4657 ἐντευξομένους,
3024 4587 3138 4650 τοῖς
3168 4583 3375 4657 ἑτέρων
3404 4582 3583 4644 πόνοις
3604 4576 3723 4632 ἀπό-

454 4682 648 4742 laborc
705 4682 992 4750 fruuntur,
1046 4691 1110 4742 ut
1158 4684 1445 4743 laboribus
1488 4699 1682 4756 preces
1721 4684 2049 4755 rependant.

456 4774 633 4831 Simul
674 4783 729 4830 et
782 4776 908 4833 illos
945 4792 1167 4849 precor,
1213 4792 1452 4849 quorum
1484 4777 1654 4836 vitam
1702 4779 2048 4850 conscripsi,

454 4884 525 4922 ne
582 4882 669 4924 me
722 4868 989 4940 procula
1029 4868 1262 4940 spiritali
1317 4885 1510 4926 eorum
1565 4869 1768 4928 chorea
1804 4873 2048 4944 positum

452 4959 800 5032 despiciant,
863 4962 961 5021 sed
1020 4960 1166 5017 infra
1216 4962 1492 5033 jacentem
1561 4963 1815 5029 trahant,
1872 4972 1927 5022 et
1979 4964 2049 5020 ad

452 5053 673 5108 culmen
703 5053 929 5108 virtutis
975 5052 1319 5128 perducant,
1360 5054 1647 5124 choroque
1700 5070 1806 5110 suo
1846 5054 2049 5125 adjun-

452 5152 583 5213 gant
603 5185 621 5212 ,
655 5153 717 5200 ut
748 5161 856 5201 non
890 5145 1102 5203 alienas
1133 5142 1314 5205 solum
1342 5160 1479 5218 opes
1510 5146 1727 5202 laudem
1750 5189 1764 5215 ,
1797 5146 1894 5203 sed
1929 5147 2048 5216 ipse

455 5236 622 5290 etiam
671 5237 852 5291 laudis
883 5237 1170 5293 materiam
1218 5237 1458 5307 aliquam
1487 5254 1823 5309 consequar,
1858 5254 2046 5308 opere,

459 5322 674 5390 verbis,
729 5335 783 5380 et
830 5335 1017 5385 mente
1049 5326 1375 5398 glorificans
1420 5327 1810 5388 universorum
1843 5327 2048 5382 Serva-

360 5422 366 5428 ‘
459 5424 634 5470 torem
678 5415 996 5485 Christum,
1032 5417 1201 5475 Deum
1254 5426 1546 5485 nostrum,
1601 5434 1729 5475 cum
1760 5434 1871 5488 quo
1898 5416 2045 5473 Patri

459 5508 634 5580 gloria
655 5515 967 5580 etscmper,
993 5520 1048 5566 et
1076 5511 1130 5569 in
1157 5511 1359 5573 smcula
1392 5511 1743 5571 saeculorum.
1772 5513 1970 5572 Amen.

536 5779 561 5813 ι
584 5768 763 5835 ϐιιΙιιι.
794 5788 873 5841 ιιι,
905 5774 995 5829 28.
1079 5789 1102 5816 ιι
1136 5774 1334 5848 Eplics.
1364 5792 1435 5842 tv,
1469 5778 1522 5842 5,
1557 5778 1639 5839 6.,
1748 5828 1754 5835 .

2146 4697 2262 4745 ⁹νως
2293 4678 2698 4752 ἐντρυφῶντας,
2719 4678 3000 4749 προσευχῇ
3021 4677 3149 4740 τοὺς
3169 4675 3366 4739 πόνους
3384 4667 3720 4744 ἀμείψασθαι.

2163 4770 2418 4826 Ἱκετεύω
2449 4770 2507 4830 δὲ
2536 4769 2629 4824 καὶ
2647 4768 2893 4831 τούτους.
2921 4759 2997 4821 ὧν
3018 4763 3111 4819 τὸν
3139 4763 3256 4836 βίον
3289 4757 3722 4840 συνεγραψάμηνν

2157 4862 2233 4937 μί]
2267 4862 2533 4937 περιιδεῖν
2565 4850 2862 4934 με’τόῤῥω
2894 4860 2993 4930 τῆς
3018 4855 3401 4929 πνευματικῆς
3445 4850 3620 4906 αὐτῶν
3645 4862 3724 4937 χο.-

2155 4933 2307 5029 ῥεῖας
2337 4933 2617 5023 διάγοντα,
2653 4933 2768 5006 ἀλλ’
2797 4948 3097 5006 ἀνελκύσαι
3139 4948 3294 5002 κάτω
3328 4943 3602 5015 κείμενον,
3636 4933 3722 5029 καὶ

2152 5026 2291 5120 ἦρδς
2320 5047 2383 5102 τὸ
2433 5045 2568 5117 ὕψος
2612 5044 2712 5113 τῆς
2765 5043 2970 5121 ἀρετῆς
3004 5040 3324 5110 ἀναγαγεῖν,
3362 5037 3456 5091 καὶ
3497 5031 3574 5103 τῷ

2150 5116 2300 5211 Χείρῷ
2326 5138 2564 5209 συνάψαι
2584 5154 2598 5172 ⁸
2638 5137 2715 5201 ὡς
2744 5116 2817 5194 ἂν
2835 5139 2911 5208 μὴ
2943 5135 3107 5205 μόνον
3136 5127 3443 5223 εὐφημοίην
3468 5124 3557 5223 τὸν
3580 5116 3721 5223 ἁλλό-

2150 5247 2301 5303 τριον
2334 5231 2586 5297 πλοῦτον,
2618 5227 2759 5285 ἀλλά
2782 5228 2877 5286 καὶ
2901 5225 3065 5290 αὐτὸς
3098 5223 3284 5295 σχοίην
3305 5218 3455 5281 τινὰς
3479 5216 3718 5303 ἀφορμξις

2150 5296 2455 5393 εὗφημίας,
2487 5321 2658 5394 ἔργῳ,
2692 5321 2789 5375 και
2821 5318 2987 5389 λόγῳ,
3025 5314 3121 5370 και
3145 5310 3352 5402 διανοίᾳ
3382 5296 3716 5402 δμοξάζωνσὺγ

2151 5389 2382 5484 Σωτῆρα
2417 5389 2534 5470 τῶν
2556 5389 2693 5466 ὅλων
2726 5408 2982 5482 Χριστὸν,
3012 5405 3103 5460 τὸν
3140 5404 3273 5457 Θεὸν
3308 5398 3481 5471 ἡμῶν»
3520 5389 3630 5484 μεθ’
3659 5389 3714 5484 οἶδ

2153 5502 2232 5572 τῷ
2262 5478 2439 5576 “arpi.
2474 5503 2678 5577 ἡδόξα,
2713 5478 2811 5556 σὺν
2840 5499 2919 5571 τῷ
2963 5497 3105 5569 ἁγίῳ
3153 5492 3452 5565 Πνεύματι,
3502 5483 3593 5539 νῦν
3630 5478 3713 5536 καὶ

2154 5595 2263 5663 ἀεὶ,
2291 5597 2385 5650 καὶ
2410 5598 2490 5663 είς
2513 5597 2641 5660 τοὺς
2670 5597 2872 5659 αἰῶνας
2901 5591 3007 5648 τῶν
3037 5589 3261 5650 αἰώνων.
3317 5582 3501 5660 Ἀμήν·
