4074 6406
337 398 473 472 1497

346 559 648 579 ~—

1347 406 1629 466 ORATIO
1684 406 1784 466 DE
1823 405 2091 467 DIVINA
2131 405 2587 465 CHARITATE.

3472 405 3608 470 1-398

656 744 1007 878 ΤΟΥ
1116 736 2002 878 ΜΑΚΑΡΙΟΥ
2108 739 3287 878 ΘΕΟΔΩΡΗΤΟΥ

1627 976 2031 1033 ΕΠῙΣΚΟΠΟΥ
2069 976 2312 1032 ΚΥΡΟΥ

705 1142 1073 1233 ΛΟΓΟΣ
1147 1142 1408 1229 ΠΕΡΙ
1461 1140 1681 1227 ΤΗΣ
1730 1138 2061 1228 ΘΕΙΑΣ
2132 1140 2331 1226 ΚΑΙ
2373 1132 2694 1226 ΑΓΙΑΣ
2750 1133 3231 1226 ΑΓΑΠΗΣ.

1906 1349 1982 1372 ι’.

1258 1519 1674 1635 ΒΕΑΤΙ
1739 1517 2663 1636 THEODORETI

1639 1736 1947 1796 EPlSCOPl
1980 1737 2329 1797 CYRENSIS

453 1917 911 2016 ORATIO
1048 1916 1197 2007 DE
1336 1913 1762 2010 DlVINA
1899 1914 2053 2004 ΕΤ

2163 1914 2611 2007 SANCTA
2743 1913 3467 2007 CHARITATE.

402 2268 613 2322 Ἥλίκοι
648 2267 747 2338 μὲν
776 2267 824 2320 οἱ
853 2264 952 2336 τῆς
985 2263 1192 2336 ἀρετῆς
1223 2262 1478 2334 ἀθληταὶ,
1514 2261 1609 2316 καλ.
1635 2262 1783 2325 ὅσοις
1815 2260 1905 2315 καὶ

2089 2260 2307 2334 1296
2353 2261 2555 2328 Quanti
2608 2262 2721 2318 sint
2769 2263 2988 2320 virtutis
3019 2267 3289 2333 athletze,‘
3326 2276 3382 2324 et
3431 2285 3594 2339 quam

319 2363 457 2425 οἵοις
505 2361 792 2429 στεφάνοις
830 2356 1248 2429 λαμπρύνονται
1275 2397 1290 2422 ,
1321 2353 1509 2424 σαφῶς
1555 2352 1800 2406 διδάσκει
1832 2351 1902 2405 τὰ

321 2452 453 2523 περὶ
490 2451 671 2505 αὐτῶν
708 2448 1098 2521 συγγραφέντα
1138 2450 1274 2521 ἡμῖν
1317 2447 1654 2517 διηγήματα,
1693 2443 1761 2498 Ei
1793 2443 1903 2515 γὰρ

319 2543 419 2598 καὶ
461 2543 536 2616 μὴ
574 2543 787 2605 πάντας
820 2541 1004 2595 αὐτῶν
1046 2540 1294 2613 περιέχει
1341 2541 1471 2602 τοὺς
1519 2535 1750 2599 ἄθλους,
1785 2533 1902 2589 ἀλλ’

319 2634 539 2706 ἀπόχρη
578 2635 675 2688 καὶ
714 2632 785 2687 τὰ
833 2633 991 2700 ὀλίγα
1041 2632 1245 2696 παντὸς
1288 2630 1384 2684 τοῦ
1430 2628 1546 2700 βίου
1591 2627 1761 2695 δεῖξαι
1809 2626 1904 2681 τὸν

319 2726 673 2801 χαρακτῆρα.
720 2724 835 2780 Καὶ
880 2724 991 2797 γὰρ
1045 2725 1137 2778 τὸν
1168 2723 1370 2795 χρυσὸν
1414 2723 1511 2793 οὐχ
1559 2721 1776 2776 ἅπαντα
1807 2719 1902 2775 τὸν

326 2817 779 2891 προσφερόμενον
822 2815 1122 2869 δαπανῶσα
1165 2815 1200 2886 ἡ
1228 2812 1398 2877 λίθος,
1434 2812 1553 2866 ἀλλ’
1596 2811 1764 2882 ὀλίγῳ
1794 2810 1903 2864 τινὶ

318 2910 766 2984 προστριϐομένη
816 2910 1042 2979 δόκιμον
1079 2907 1114 2978 ἦ
1168 2906 1425 2977 ἀδόκιμον
1481 2904 1763 2958 δείκνυσι·
1804 2901 1902 2956 καὶ

318 3005 412 3059 τὸν
438 3001 668 3076 τοξότην
696 3001 754 3056 δὲ
781 3000 1045 3062 ὡσαύτως
1076 2998 1136 3064 ἐξ
1162 2998 1359 3068 ὀλίγων
1389 2996 1705 3068 ἀφιεμένων
1732 2992 1901 3065 βελῶν

317 3094 632 3168 καταμάθοι
656 3093 721 3150 ἄν
747 3111 830 3155 τις
859 3090 1127 3163 ἀκριϐῶς,
1151 3089 1263 3143 εἴτε
1296 3089 1497 3160 ἄριστα
1520 3085 1731 3151 τοξεύοι
1758 3084 1903 3139 κατά

321 3168 551 3244 σκοποῦ·
582 3186 832 3260 βάλλων,
897 3184 1011 3238 εἴτε
1061 3183 1169 3250 ἔξω
1219 3181 1477 3252 φέροιτο,
1544 3178 1647 3250 τὴν
1702 3178 1902 3249 τέχνην

316 3284 420 3337 οὐκ
447 3279 784 3353 ἠσκημένος.
820 3276 978 3330 Οὕτω
1005 3274 1101 3328 καὶ
1127 3275 1254 3337 τοὺς
1286 3271 1484 3336 ἄλλους
1511 3270 1782 3342 τεχνίτας,
1813 3270 1902 3323 ἵνα

318 3375 398 3449 μὴ
438 3373 563 3428 καθ’
589 3372 823 3426 ἕκαστον
853 3368 1018 3436 λέγω,
1051 3364 1278 3422 δυνατὸν
1306 3362 1622 3433 διαγνῶναι,
1655 3363 1751 3417 καὶ
1775 3361 1902 3434 δρο-⁸

318 3465 497 3537 μέας,
539 3461 637 3516 καὶ
683 3458 999 3532 τραγῳδίας
1043 3455 1376 3528 ὑποκριτὰς,
1412 3455 1507 3509 καὶ
1534 3452 1899 3526 κυϐερνήτας,

316 3557 415 3611 καὶ
442 3555 782 3624 ναυπηγοὺς,
807 3551 902 3604 καὶ
935 3548 1176 3622 ἰατροὺς,
1200 3549 1295 3601 καὶ
1322 3549 1618 3618 γηπόνους,
1646 3547 1745 3601 καὶ
1773 3545 1903 3609 τοὺς

2005 2355 2197 2410 multis
2233 2355 2606 2426 qualibusque
2637 2358 2859 2412 coronis
2886 2357 3163 2429 fulgeant,
3204 2362 3495 2431 perspicue
3527 2361 3597 2417 de

2004 2446 2115 2501 illis
2144 2461 2174 2500 a
2224 2447 2385 2504 nobis
2421 2448 2754 2519 conscripta:
2788 2451 3136 2507 narrationes
3166 2452 3365 2507 docent
3415 2472 3428 2507 :
3475 2469 3597 2523 quae

2005 2536 2224 2592 tametsi
2270 2551 2379 2593 non
2410 2546 2613 2594 cuncta
2643 2540 2866 2595 illorum
2900 2541 3223 2596 contineant
3253 2543 3557 2597 certamina
3577 2585 3592 2609 ,

2004 2629 2285 2685 sufﬁciunt
2317 2645 2452 2687 sane
2500 2631 2586 2693 vel
2637 2647 2813 2704 pauca
2851 2632 2919 2688 ad
2955 2634 3126 2689 totius
3156 2635 3282 2690 vitae
3317 2636 3589 2691 rationem

2004 2720 2353 2795 formamque
2410 2724 2927 2781 demonstrandam.
2985 2726 3198 2782 Etenim
3261 2742 3372 2782 non
3433 2742 3597 2783 oniue

2003 2828 2200 2869 aurum
2237 2815 2463 2870 allatum
2498 2816 2780 2872 consumit
2806 2816 2946 2888 lapis
2979 2814 3217 2889 Lydius,
3248 2818 3342 2873 sed
3373 2834 3594 2889 parvam

2001 2905 2301 2977 quamdam
2349 2914 2559 2977 partem
2604 2906 2734 2961 dum
2788 2909 3011 2975 atterit,
3058 2910 3364 2979 probumne
3411 2911 3484 2965 sit
3525 2927 3594 2965 an

2003 2996 2374 3054 adulterinum
2455 2997 2821 3054 demonstrat.
2917 3000 3163 3071 Itemque
3246 3001 3597 3070 sagittarium

2003 3090 2276 3161 quispiam
2327 3104 2395 3146 ex
2449 3092 2641 3163 paucis
2685 3092 2810 3147 telis
2859 3092 3080 3149 emissis
3123 3101 3387 3149 accurate
3432 3109 3597 3151 nosse

2002 3183 2285 3254 potuerit,
2348 3198 2449 3240 seu
2502 3183 2648 3240 bene
2696 3185 2916 3240 emittat
2972 3185 3207 3257 sagittas
3259 3186 3314 3240 in
3365 3200 3596 3255 scopum

2004 3275 2250 3344 dirigens
2275 3316 2291 3338 ,
2341 3289 2440 3331 seu
2477 3289 2509 3328 a
2542 3289 2713 3346 scopo
2748 3275 2968 3332 aberret
2994 3275 3049 3330 in
3079 3285 3199 3332 arte
3240 3292 3347 3332 non
3381 3278 3599 3333 exerci-

2013 3374 2184 3423 tatus.
2216 3365 2483 3423 Eumdem
2513 3368 2680 3422 etiam
2711 3366 2767 3422 in
2819 3368 3043 3424 modum
3099 3369 3284 3426 caeteri
3316 3370 3559 3425 artifices
3582 3410 3600 3434 ,

2006 3473 2078 3515 ne
2103 3458 2172 3514 de
2207 3458 2443 3530 singulis
2475 3458 2661 3515 dicere
2693 3459 2766 3514 sit
2794 3474 2957 3530 opus,
2991 3460 3283 3531 explorare
3307 3461 3469 3517 facile
3516 3471 3602 3517 cst

2004 3559 2059 3605 et
2102 3549 2337 3621 pugiles,
2370 3557 2426 3604 et
2458 3563 2734 3617 cursores,
2783 3548 2999 3620 1297
3033 3560 3088 3605 et
3132 3552 3421 3622 tragoediae
3451 3563 3599 3606 arto-

315 3646 515 3710 ἀλλους
541 3620 899 3708 ἁπαξαπλῶς,
925 3620 1039 3694 ὅσοι
1064 3638 1186 3693 τινὰ
1217 3636 1658 3709 μεταχειρίξουσι
1680 3638 1899 3709 τέχνηνο

2006 3620 2130 3708 res,
2169 3620 2224 3697 et
2259 3641 2696 3712 gubernatores,
2752 3647 2807 3695 et
2840 3642 3066 3695 navium
3103 3620 3499 3704 fabricatores,
3546 3654 3595 3695 rt

319 3741 485 3811 ἱκανὴ
514 3738 626 3808 γάρ
673 3735 831 3805 ὀλίγη
870 3736 1037 3806 πεῖρα
1086 3731 1322 3786 καὶτῶν
1367 3730 1750 3802 ἐπιστημόνων
1780 3733 1903 3785 ἐπι-

313 3830 491 3901 δεῖξαι
528 3828 627 3901 τὴν
655 3829 876 3900 τέχνην,
906 3827 1001 3880 καὶ
1030 3824 1139 3879 τῶν
1164 3825 1391 3896 ὀνόματι
1430 3824 1576 3895 μόνῳ
1603 3823 1903 3896 χρωμένων

314 3924 537 3995 ἐλέγξαι
562 3923 662 3995 τὴν
688 3921 954 3994 ἀμαθίαν.
994 3918 1237 3992 Ἀπόχρη
1272 3918 1475 3985 τοίνυν,
1512 3918 1587 3982 ὡς
1613 3918 1772 3988 ἔφην,
1809 3918 1905 3970 καὶ

313 4016 388 4070 τὰ
431 4015 589 4085 ὀλίγα
619 4011 1005 4084 συγγραφέντα
1036 4010 1145 4064 τῶν
1175 4010 1393 4081 ἑκάστῳ
1431 4008 1899 4081 κατωρθωμένων,

314 4107 503 4159 πᾶσαν
546 4104 755 4169 διδάξαι
799 4102 899 4174 τὴν
941 4102 1038 4155 τοῦ
1076 4100 1191 4172 βίου
1225 4100 1571 4172 προαίρεσιν.
1627 4098 1904 4169 Προσήκει

313 4198 375 4252 δέ
406 4199 556 4269 ἡμᾶς
586 4197 680 4250 ἐπὶ
709 4196 804 4250 τοῦ
837 4194 1128 4266 παρόντος,
1165 4191 1484 4263 ἐρευνῆσαι,
1519 4191 1615 4245 καὶ
1645 4190 1901 4262 ζητῆσαι,

313 4289 417 4345 καὶ
452 4288 793 4359 καταμαθεῖν
838 4286 1122 4358 ἀκριϐῶς,
1179 4284 1344 4338 πόθεν
1383 4283 1696 4356 ὁρμώμενοι
1742 4282 1904 4354 τήνδε

313 4377 419 4445 τὴν
454 4375 729 4429 πολιτείαν
753 4374 1095 4447 ἠσπάσαντο,
1124 4373 1219 4426 καὶ
1253 4373 1429 4436 ποίοις
1458 4371 1731 4446 χρώμενοι
1756 4372 1907 4442 λογι-

318 4470 502 4540 σμοῖς,
530 4468 704 4539 αύτὴν
752 4465 1055 4521 κατέλαϐον
1094 4466 1194 4538 τῆς
1227 4465 1551 4537 φιλοσοφίας
1600 4466 1702 4539 τὴν
1740 4481 1907 4536 κορυ-

317 4563 431 4634 φήν
453 4576 467 4592 °
499 4562 582 4616 ὃτι
611 4560 720 4632 γὰρ
755 4560 816 4614 ού
848 4562 913 4630 τῇ
944 4558 1104 4631 ῥώμῃ
1133 4558 1466 4632 θαρροῦντες
1498 4557 1594 4612 τοῦ
1628 4558 1901 4628 σώματος,

314 4653 428 4706 τῶν
475 4650 618 4721 ὑπὲρ
648 4650 749 4719 τὴν
794 4648 957 4719 φύσιν
1010 4648 1110 4720 τὴν
1164 4648 1512 4720 ἀνθρωπείαν
1557 4648 1902 4720 ἠράσθησαν,

315 4746 414 4799 καὶ
445 4747 571 4807 τοὺς
601 4742 773 4814 ταύτῃ
809 4740 1097 4811 κειμένους
1138 4740 1489 4811 ὑπερέϐησαν
1523 4740 1722 4810 νόμους
1747 4779 1763 4805 ,
1808 4740 1905 4794 καὶ

314 4838 388 4891 τὰ
442 4836 692 4904 παγέντα
735 4837 850 4898 τοῖς
891 4837 991 4905 τῆς
1038 4833 1322 4896 εὐσεϐείας
1368 4833 1695 4901 ἀγωνισταῖς
1735 4831 1905 4904 ὑπερ·

317 4929 603 5000 επήδησαν
626 4927 950 4998 σκάμματα,
986 4924 1162 4996 σαφὴς
1186 4926 1219 4996 ἡ
1242 4926 1406 4996 πεῖρα
1430 4923 1767 4988 διδάσκαλος.
1798 4924 1905 4978 os-

316 5021 431 5082 δεὶς
462 5019 569 5091 γὰρ
613 5017 722 5071 τῶν
766 5017 867 5086 τῆς
912 5015 1230 5087 φιλοσοφίας
1262 5015 1467 5087 ταύτης
1497 5016 1770 5089 ἀμοίρων,
1800 5018 1901 5090 τὴν

309 5109 524 5162 τούτων
561 5108 859 5179 καρτερίαν
907 5106 1221 5174 ἐπεδείξατο
1265 5105 1510 5161 πώποτε.
1552 5108 1617 5163 Ei
1662 5108 1771 5181 γὰρ
1806 5109 1904 5163 καὶ

313 5201 564 5270 νίφονται
601 5199 864 5268 ποιμένες
888 5241 901 5263 ,
934 5199 1048 5253 ἀλλ’
1090 5200 1194 5253 οὐκ
1235 5199 1351 5253 ἀεί’
1398 5199 1492 5252 καὶ
1535 5199 1755 5272 ἄντροις
1790 5202 1901 5272 γάρ

315 5293 595 5366 χρῶνται,
645 5292 740 5345 καὶ
765 5292 847 5356 είς
879 5290 978 5355 τάς
1017 5289 1196 5355 οίκίας
1225 5283 1484 5345 ἐπανιᾶσι
1506 5330 1520 5352 ,
1567 5293 1662 5346 καὶ
1697 5293 1895 5365 ὑποδή-

319 5402 455 5454 μασι
485 5385 543 5438 δέ
572 5384 699 5446 τοὺς
729 5382 896 5447 πόδας
923 5381 1284 5448 καλύπτουσι,
1320 5383 1415 5436 καὶ
1458 5383 1735 5455 ἐσθήμασι
1770 5384 1899 5456 θερ-

320 5478 574 5548 μοτέροις
603 5476 675 5529 τὰ
698 5475 834 5530 ἄλλα
872 5474 1017 5546 μέρη
1048 5474 1143 5528 τοῦ
1180 5474 1433 5547 σώματος
1466 5475 1854 5548 περιϐάλλουσι
1882 5495 1896 5510 ο

317 5569 417 5621 καὶ
445 5569 546 5632 δὶς,
582 5567 678 5621 καὶ
700 5565 821 5638 τρὶς
850 5564 951 5637 τῆς
979 5564 1215 5637 ἡμέρας,
1243 5567 1384 5636 τάχα
1412 5565 1470 5619 δέ
1501 5568 1595 5620 καὶ
1621 5567 1898 5638 τετράκις,

243 5664 254 5677 ⁸
314 5658 527 5728 τροφῆς
565 5655 919 5711 ἀπολαύουσι.
970 5656 1080 5710 Καὶ
1125 5655 1446 5729 κρεωφαγία
1476 5655 1535 5710 δὲ
1564 5657 1658 5709 καὶ
1689 5659 1901 5711 οἰνοπο-

320 5749 413 5804 cia
449 5749 630 5820 πάσης
677 5748 919 5820 ἐσχάρας
971 5745 1195 5819 ἄμεινον
1237 5747 1611 5819 διαθερμαίνει
1661 5748 1731 5802 τὰ
1789 5748 1885 5802 σώ-

321 5855 470 5912 ματα
508 5855 523 5870 ·
561 5840 689 5895 ὅταν
719 5834 828 5911 γὰρ
866 5838 900 5912 ἡ
952 5838 1178 5911 τοιαύτη
1224 5838 1400 5912 τροφὴ
1455 5841 1554 5912 τὴν
1612 5839 1897 5897 ἀλλοίωσιν

2003 3732 2249 3790 medicos
2274 3772 2291 3800 ,
2327 3741 2384 3788 et
2412 3732 2721 3804 agricolas,
2756 3739 2811 3787 et
2856 3731 2994 3788 alios
3016 3771 3031 3797 ,
3066 3741 3128 3788 ut
3163 3734 3335 3789 semel
3371 3734 3586 3797 diem],

2004 3826 2325 3897 quicunque
2347 3827 2363 3847 '
2413 3831 2589 3880 artem
2622 3824 2863 3894 aliquam
2890 3830 3136 3879 tractant
3168 3842 3182 3879 :
3224 3824 3424 3881 suﬁicit
3450 3826 3596 3879 enim

2003 3917 2268 3986 exiguum
2301 3915 2582 3987 quoddam
2636 3915 2919 3987 specimen
2965 3917 3034 3972 ad
3083 3917 3386 3985 peritorum
3422 3925 3595 3970 artem

2007 4007 2520 4080 comprobandam‘,
2555 4015 2614 4064 et
2640 4022 2832 4064 eorum
2855 4049 2872 4077 ,
2899 4011 2995 4080 qui
3033 4009 3213 4065 solum
3243 4024 3442 4065 nomen
3492 4008 3597 4063 sibi

2003 4100 2328 4164 vindicant,
2375 4100 2746 4172 ignorantiam
2792 4101 3223 4173 coarguendam.
3270 4100 3599 4157 Sull'crrrint

2004 4192 2194 4263 igitur,
2232 4201 2294 4248 ut
2328 4192 2481 4259 dixi,
2518 4193 2608 4249 vel
2642 4193 2876 4265 paucula
2912 4194 3009 4250 illa
3038 4197 3354 4264 conscripta
3387 4194 3455 4248 de
3495 4193 3595 4256 iis,

2004 4299 2126 4354 quae
2154 4282 2426 4371 praeclara
2463 4282 2534 4338 ab
2572 4297 2912 4373 unoquoque
2944 4282 3090 4339 facta
3131 4297 3196 4337 ac
3226 4292 3379 4355 gesta
3429 4290 3595 4344 sunt,

2005 4375 2074 4430 ad
2115 4360 2434 4430 universam
2468 4373 2599 4430 vitae
2633 4360 2908 4431 ral'ionem
2939 4374 3298 4432 edocendam.
3329 4373 3599 4431 Convenit

2005 4474 2192 4522 autem
2226 4481 2330 4522 nos
2355 4465 2410 4521 in
2442 4467 2706 4538 praesenti
2736 4466 3119 4539 perscrutari,
3150 4473 3206 4521 et
3239 4465 3597 4536 investigare,

2004 4574 2070 4615 ac
2116 4558 2437 4629 perdiscere
2494 4558 2721 4621 scdulo,
2775 4558 3055 4614 undenam
3086 4555 3340 4629 impulsi,
3377 4557 3595 4627 eiusce-

2006 4648 2152 4704 modi
2197 4649 2324 4703 vitae
2380 4650 2648 4704 rationem
2704 4649 2946 4720 amplexi
2994 4649 3145 4715 sint,
3193 4655 3249 4704 et
3281 4648 3595 4717 cujusmodi

2005 4740 2089 4796 usi
2139 4740 2452 4796 rationibus
2496 4741 2564 4795 ad
2597 4739 2799 4794 divinae
2832 4739 3000 4809 hujus
3031 4739 3396 4810 philosophiae
3441 4739 3595 4795 fasti-

2002 4834 2153 4904 gium
2212 4834 2561 4904 pertigerint.
2609 4832 2746 4886 Nam
2782 4832 2929 4903 quod
2969 4849 3081 4889 non
3111 4832 3364 4904 corporis
3396 4832 3597 4889 robore

2006 4923 2129 4981 freti
2154 4965 2169 4988 ,
2199 4940 2321 4995 quae
2347 4923 2648 4979 humanam
2677 4931 2931 4979 naturam
2958 4924 3236 4980 excedunt
3257 4924 3592 4987 adamarint,

2006 5016 2386 5085 terminosque
2439 5015 2488 5070 ei
2529 5014 2868 5069 constitutos
2919 5015 3255 5084 transgressi
3316 5014 3467 5080 sint,
3526 5028 3594 5068 ac

2005 5115 2161 5178 septa
2215 5106 2439 5177 pietatis
2488 5104 2712 5160 athletis
2743 5105 2924 5160 deﬁxa
2966 5103 3367 5167 trausilierint,
3415 5104 3592 5158 mani-

2006 5199 2146 5257 feste
2201 5199 2366 5254 docet
2439 5197 2808 5269 experientia.
2866 5197 3038 5253 Nemo
3096 5196 3368 5267 siquidem
3425 5195 3593 5265 hujus

2008 5290 2376 5362 philosophiae
2414 5302 2652 5358 expers,
2689 5285 2913 5340 illorum
2954 5283 3299 5340 tolerantiam
3345 5297 3588 5353 unquam

2005 5381 2271 5438 ostendit.
2307 5379 2525 5435 Etenim
2552 5378 2598 5434 si
2629 5377 2757 5433 nive
2782 5376 3116 5447 quandoque
3144 5384 3590 5446 consperguntur

2003 5484 2287 5546 pastores,
2342 5472 2439 5528 sed
2506 5484 2615 5526 non
2664 5484 2884 5539 semper
2935 5485 2950 5523 :
3011 5465 3275 5539 quoniam
3326 5474 3381 5522 et
3412 5465 3589 5520 antris

2005 5575 2258 5630 utuntur,
2299 5572 2356 5620 et
2400 5563 2597 5618 domos
2643 5569 2939 5632 repetunt,
2990 5567 3045 5615 et
3074 5558 3275 5615 calceis
3305 5556 3473 5628 pedes
3504 5565 3585 5610 te-

2001 5671 2180 5730 gunt,
2240 5666 2297 5712 et
2350 5654 2710 5709 calidioribus
2762 5650 3110 5709 vestimentis
3153 5649 3293 5705 alias
3331 5647 3586 5716 corporis

2004 5765 2189 5826 partes
2227 5752 2530 5813 amiciunt,
2565 5757 2619 5804 et
2652 5748 2738 5804 bis
2775 5755 2924 5803 terve
2970 5746 3024 5802 in
3056 5745 3181 5811 die,
3215 5759 3279 5800 ac
3313 5743 3499 5798 forsan
3529 5751 3584 5794 et

2003 5853 2221 5917 quater,
2254 5844 2435 5900 cibum
2486 5847 2730 5897 sumunt.
2784 5837 2890 5895 Sed
2922 5846 2974 5895 et
3014 5837 3199 5893 carnis
3232 5849 3358 5891 esus
3388 5874 3403 5901 ,
3440 5831 3581 5886 vini-
