4074 6416
491 388 630 456 1499

1480 388 1967 453 THEODORETI
2008 386 2349 449 EPISCOPI
2385 388 2752 453 CYRENSIS

3606 383 3745 449 1500

482 519 591 574 que
638 509 821 572 potus,
874 501 1074 573 quovis
1120 499 1246 556 foco
1273 499 1469 555 melius
1511 516 1748 572 corpora
1782 498 2049 559 excalet‘a-

2163 495 2402 569 δέξηται.
2438 499 2531 553 καὶ
2556 494 2667 553 οἷον
2701 496 2842 570 ιθμῷ
2867 514 2971 551 τινι
2997 496 3358 568 διακριθεῖσα,
3387 496 3481 551 καὶ
3503 496 3562 550 τδ
3590 491 3748 568 ἧπαρ

482 596 660 650 ciunt.
694 592 829 649 Cum
853 595 1000 649 enim
1036 592 1306 663 ejusmodi
1340 594 1735 647 nutrimentum
1770 592 2057 647 alteratum

484 686 693 749 fuerit,
724 695 778 741 et
813 685 970 755 quasi
1006 685 1228 756 quidam
1260 686 1384 741 colo
1425 684 1724 740 discretum
1746 726 1761 751 ,
1809 693 1857 739 et
1900 684 2061 751 jecur

484 794 805 847 occupans,
852 778 905 832 in
948 778 1271 846 sanguinem
1317 784 1593 833 mutatum
1636 776 1955 842 exstiterit,
1990 776 2059 831 ad

483 867 815 936 corqnidem
843 882 939 936 per
968 866 1184 937 1298
1215 880 1404 921 cavam
1435 880 1631 920 venam
1685 866 2055 937 progreditur,

482 958 610 1011 inde
637 971 767 1011 vero
798 957 1231 1012 concalefactum
1261 996 1276 1020 ,
1311 956 1472 1026 quasi
1513 972 1613 1024 per
1669 959 1939 1026 quosdam
1970 957 2058 1012 di‘

483 1062 799 1116 spersarum
820 1061 1084 1101 venarum
1110 1046 1444 1113 conductus,
1474 1048 1751 1116 percurrit
1773 1048 2061 1103 universas

483 1147 669 1207 partes
715 1138 1021 1208 corporis:
1078 1154 1410 1211 quocunque
1472 1148 1654 1195 autem
1704 1143 2057 1211 pervenerit,

484 1245 592 1283 non
622 1237 834 1284 tantum
872 1230 1059 1299 irrigat
1090 1273 1105 1298 ,
1140 1232 1236 1287 sed
1264 1238 1319 1287 et
1350 1232 1495 1302 ignis
1523 1232 1698 1287 instar
1716 1232 2059 1297 excalel'acit,

483 1322 795 1392 meliusque
848 1323 1111 1378 mollibus
1144 1324 1392 1378 vestibus
1435 1339 1637 1394 corpus
1680 1325 2059 1381 circnmfovct.

478 1412 671 1484 Neque
707 1417 890 1480 enim,
943 1424 1002 1470 ut
1033 1417 1282 1471 nonnulli
1325 1416 1679 1482 existimant,
1731 1419 1973 1480 tunicae,
2007 1424 2061 1472 et

482 1514 623 1576 togae
648 1546 662 1571 ,
714 1516 770 1562 ct
801 1507 967 1577 pallia
996 1548 1009 1570 ,
1060 1509 1281 1578 corpori
1318 1510 1562 1578 praebent
1605 1509 1842 1563 calorem
1880 1526 1894 1562 :
1926 1509 2065 1565 alias

483 1599 633 1650 enim
674 1606 727 1651 et
778 1596 945 1666 lignis
1000 1603 1057 1651 et
1098 1596 1376 1667 lapidibus
1422 1595 1627 1666 quibus
1676 1597 2061 1662 admoventur,

481 1688 722 1741 calorem
772 1687 1178 1756 imprimerent.
1212 1687 1281 1741 At
1311 1702 1475 1743 nemo
1509 1687 1649 1741 vidit
1706 1704 1947 1758 unquam
1990 1688 2062 1742 li-

438 1792 671 1844 -gnum,
727 1776 1038 1845 lapidemve
1079 1776 1401 1832 calidiorem
1444 1792 1473 1831 a
1524 1779 1773 1833 vestibus
1830 1777 2058 1832 factum.

485 1869 674 1936 Itaque
721 1868 945 1938 corpori
1001 1868 1243 1923 calorem
1303 1869 1410 1922 ista
1461 1884 1573 1924 non
1632 1869 1918 1940 praebent,
1968 1871 2063 1926 sed
2096 1851 2139 1911 Β

484 1959 741 2029 corporis
788 1960 1030 2014 calorem
1066 1969 1397 2014 conservant
1433 1960 1699 2016 duntaxat
1733 1979 1748 2016 :
1794 1970 1849 2017 et
1881 1960 2063 2033 [rigidi

483 2052 709 2121 quidem
739 2052 884 2108 acris
910 2052 1177 2122 impetum
1208 2053 1561 2122 propellunt,
1590 2067 1857 2110 exeuntes
1881 2063 2062 2111 autem

480 2159 512 2197 e
540 2157 777 2212 corpore
807 2157 1044 2213 vapores
1085 2143 1435 2214 suscipiunt,
1482 2143 1662 2214 iisque
1707 2154 1764 2199 et
1804 2143 2066 2200 calefiunt

480 2234 624 2304 ipsa.
657 2243 712 2289 et
740 2237 758 2257 ‘
788 2235 1053 2290 calidiora
1099 2235 1321 2307 corpori
1357 2236 1741 2292 admoventur.
1767 2238 1947 2294 Testis
1976 2245 2065 2294 est

478 2327 821 2396 experientia
873 2344 886 2381 :
951 2330 1212 2397 quoniam
1276 2326 1531 2399 frigidum
1581 2345 1825 2401 persaepe
1860 2331 2062 2387 lectum

479 2419 854 2488 ingredientes
879 2459 895 2485 ,
926 2419 1114 2475 statim
1142 2420 1513 2490 applicatione
1540 2424 1792 2493 corporis
1824 2430 2060 2479 stratum

478 2525 543 2563 cx
574 2510 774 2581 frigido
801 2511 1039 2567 calidum
1072 2511 1377 2569 reddimus.
1400 2513 1633 2569 Constat
1663 2515 1831 2585 igitur
1853 2531 2061 2586 corpus

477 2602 603 2656 (ibo
627 2616 692 2656 ac
729 2602 1071 2658 nutrimento
1103 2603 1280 2675 magis
1301 2645 1317 2669 ,
1342 2620 1506 2675 quam
1544 2608 1873 2663 vestimento
1904 2609 2019 2663 ullo
2041 2650 2058 2676 ,

479 2692 722 2748 caleﬁeri
767 2712 781 2748 :
817 2703 872 2748 et
900 2694 995 2764 qui
1023 2710 1091 2750 eo
1126 2712 1301 2768 usque
1349 2696 1418 2751 ad
1450 2698 1757 2755 satietatem
1786 2699 2061 2767 fruantur,

478 2781 798 2852 praesidium
832 2784 1115 2841 sutiiciens
1145 2786 1347 2843 habere
1383 2787 1677 2845 adversum
1720 2789 1942 2861 frigoris
1978 2790 2063 2846 in-

476 2877 818 2932 cursionem.
864 2877 968 2932 Illo
1021 2878 1296 2950 siquidem
1340 2895 1547 2951 corpus
1599 2890 1855 2950 armant,
1902 2891 1960 2941 et
1992 2884 2062 2939 ad

476 2968 852 3024 resistendum
885 2969 1014 3027 huic
1045 2973 1175 3026 anni
1209 2975 1522 3044 tempestati
1572 2983 1907 3047 praeparant.
1952 2976 2059 3045 Qui

476 3075 608 3116 vero
661 3062 844 3117 cibum
896 3072 951 3119 et
991 3072 1179 3135 potum
1224 3066 1468 3135 quotidie
1518 3084 1627 3124 non
1684 3082 1953 3139 sumunt,
2006 3079 2064 3127 et

476 3152 704 3221 quando
760 3159 991 3208 sumunt
1037 3154 1352 3209 satietatem
1400 3170 1509 3210 non
1556 3164 1913 3226 exspectant,
1960 3155 2058 3212 sed

474 3245 799 3310 ﬂagrantem
849 3244 1249 3315 appetitionem
1288 3244 1606 3315 refrenant,
1640 3255 1702 3303 .et
1728 3263 1792 3304 ea
1830 3256 2061 3305 sumunt

475 3349 603 3403 quae
642 3333 869 3389 minimc
903 3336 1129 3405 corpori
1159 3335 1536 3392 calefacienda
1565 3346 1695 3392 sunt
1730 3347 1854 3409 apta
1881 3379 1897 3405 ,
1936 3340 2064 3394 dum

477 3427 565 3480 vel
616 3425 822 3481 herbas
882 3428 1189 3482 comedunt
1240 3429 1418 3483 instar
1462 3430 1784 3484 animalium
1836 3431 2067 3487 rationis

479 3516 796 3587 expertium
830 3558 846 3584 ,
889 3518 974 3573 vel
1026 3518 1162 3576 solis
1215 3519 1434 3592 1299
1478 3520 1804 3579 madefactis
1835 3538 2069 3580 vescun-

476 3616 568 3661 tnr
611 3608 1027 3678 leguminibus,
1082 3626 1379 3680 quemnam
1438 3627 1506 3667 ex
1561 3611 1832 3682 ejusmodi
1878 3614 2069 3683 ‘nntri-

479 3708 669 3755 mento
722 3701 968 3757 calorem
1007 3702 1339 3759 hauserint?
1395 3713 1492 3760 aut
1535 3716 1737 3776 quanta
1780 3721 1845 3761 ac
1888 3707 2068 3777 qualis

477 3790 609 3847 inde
640 3792 932 3863 sanguinis
990 3794 1276 3866 scaturigo
1305 3794 1472 3852 fuerit
1514 3796 1539 3851 ?
1590 3795 1948 3867 Perspicuum
1980 3809 2070 3856 est

475 3882 643 3952 igitur
701 3883 854 3937 nulla
907 3898 974 3939 ex
1027 3893 1182 3955 parte
1239 3886 1385 3943 alios
1432 3886 1631 3942 horum
1691 3887 1891 3944 studiis
1943 3904 2069 3945 esse

476 3974 708 4030 similes.
770 3972 963 4045 Neque
1027 3976 1176 4031 enim
1234 3992 1345 4032 una
1407 3977 1710 4048 eademque
1763 3988 1847 4035 est
1900 3981 2067 4036 vestis

477 4068 673 4122 borum
721 4075 890 4137 atque
920 4068 1143 4123 illorum
1169 4109 1185 4136 ,
1219 4085 1345 4124 cum
1377 4069 1491 4125 haec
1522 4070 1597 4128 sit
1636 4071 1940 4139 asperrima
1965 4111 1981 4135 ,
2015 4077 2070 4125 et

474 4159 708 4214 minime
770 4157 839 4214 ad
893 4159 1332 4215 calefaciendum
1401 4163 1757 4216 accommoda
1810 4179 1824 4217 :
1890 4176 2068 4231 neque

476 4252 678 4307 similis
711 4262 796 4307 est
836 4253 1053 4319 victus,
1083 4251 1183 4308 sed
1212 4268 1279 4307 ex
1312 4252 1581 4310 diametro
1618 4268 1894 4323 pugnans.
1931 4252 2067 4307 Nam

474 4344 797 4415 pastoribus
821 4383 839 4406 ,
873 4345 1113 4414 aliisque
1149 4344 1423 4401 similibus
1445 4383 1460 4408 ,
1502 4345 1824 4400 comedendi
1853 4352 2068 4415 tempus

475 4445 564 4492 est
592 4452 758 4492 omne
789 4444 1007 4509 tempus
1043 4453 1057 4491 :
1097 4450 1201 4491 suo
1245 4436 1391 4491 enim
1413 4436 1658 4507 appetitu
1701 4443 1920 4508 tempus
1953 4451 2070 4491 me-

2162 591 2584 656 καταλαϐοῦσα,
2625 590 2724 663 τὴν
2778 592 2860 654 είς
2895 584 3038 662 αἷμα
3097 589 3398 661 μεταϐολὴν
3449 589 3744 659 ὑπομείνῃ.

2160 685 2330 755 χωρεῖ
2360 682 2460 754 μὲν
2498 685 2579 746 είς
2604 683 2703 753 τὴν
2740 682 2968 753 καρδίαν
3011 682 3098 735 διὰ
3132 683 3233 753 τῆς
3278 680 3466 752 κοίλης
3511 678 3742 749 φλεϐός·

2160 774 2570 846 ὲκθερμαθεῖσα
2613 774 2705 838 δὲ,
2758 775 3004 837 ἐκεῖθεν,
3052 764 3165 826 οἷον
3201 771 3290 827 διά
3325 788 3486 825 τινων
3537 769 3747 839 ὀχετῶν

2158 866 2269 921 τῶν
2297 867 2714 939 διεσπαρμένων
2738 864 2978 936 φλεϐῶν,
3008 867 3089 928 είς
3118 862 3335 919 ἅπαντα
3362 862 3634 932 διατρέχει
3675 862 3746 916 τά

2160 958 2257 1014 τοῦ
2285 958 2537 1030 σώματος
2578 959 2781 1030 μόριαο
2832 953 2893 1012 οῦ
2934 958 2979 1011 δ’
3016 957 3082 1012 ἂν
3114 956 3401 1027 ἀφίκηται,
3445 956 3544 1009 ούκ
3591 954 3748 1026 ἄρδει

2164 1049 2349 1120 μόνον,
2382 1047 2518 1105 ἀλλά
2563 1048 2657 1101 καὶ
2696 1048 2869 1119 πυρὸς
2900 1047 3056 1119 δίκην
3099 1046 3478 1118 ὲκθερμαίνει,
3512 1045 3748 1099 καὶτῶν

2164 1141 2430 1212 μαλακῶν
2473 1141 2706 1212 ίματίων
2742 1142 2965 1210 ἄμεινον
3012 1139 3339 1212 περιθάλπει
3365 1140 3427 1194 τὸ
3453 1140 3631 1208 σῶμα.
3665 1137 3745 1191 Οῦ

2161 1234 2292 1304 γὰρ,
2326 1232 2403 1297 ὥς
2440 1251 2585 1298 τινες
2634 1233 3103 1305 ὑπολαμϐάνουσι,
3151 1232 3398 1302 χιτῶνες.
3431 1232 3526 1284 καὶ
3562 1233 3748 1301 ἀμπεο

2160 1323 2338 1394 χὸναι,
2369 1324 2463 1378 καὶ
2489 1323 2821 1395 ὲφεστρίδες,
2847 1323 2926 1393 τῷ
2952 1321 3196 1393 στώματι
3222 1323 3324 1394 τὴν
3368 1321 3578 1394 θέρμην
3610 1338 3751 1394 παρ-

2162 1414 2403 1484 έχουσιν-
2439 1414 2472 1486 ἡ
2505 1414 2615 1486 γάρ
2642 1415 2731 1479 ἂν,
2767 1415 2861 1468 καὶ
2889 1413 3045 1482 ξύλα,
3077 1413 3174 1469 καὶ
3202 1412 3384 1479 λίθους
3414 1412 3748 1483 ὲθέρμαναν,

2160 1503 2245 1570 οἷς
2290 1506 2357 1562 ἂν
2400 1508 2671 1562 ἐπέλασαν
2705 1524 2720 1540 ο
2756 1506 2873 1562 ἀλλ’
2903 1507 3079 1572 οὐδεὶς
3122 1506 3387 1561 ἐθεάσατο
3429 1507 3672 1567 πώποτε,
3708 1505 3746 1578 ἢ

2165 1598 2322 1665 ξύλον
2344 1641 2359 1663 ,
2388 1598 2420 1669 ἢ
2452 1597 2596 1654 λίθον
2622 1641 2636 1664 ,
2672 1600 3004 1672 θερμότερον
3036 1600 3144 1654 ύπὸ
3173 1599 3408 1670 ἱματίων
3440 1598 3752 1669 γεγενημέ-

2163 1705 2276 1744 νον.
2312 1689 2521 1744 Ούκοῦν
2569 1690 2693 1744 οὐδὲ
2746 1690 2825 1763 τῷ
2884 1692 3099 1764 σώματι
3149 1689 3321 1745 ταῦτα
3369 1689 3599 1761 παρέχει
3646 1689 3751 1759 τὴν

2165 1778 2377 1851 θέρμην
2402 1796 2416 1810 ·
2444 1780 2581 1834 ἀλλά
2601 1779 2696 1834 τοῦ
2731 1781 2983 1852 σώματος
3004 1779 3177 1835 ταῦτα.
3202 1779 3459 1850 φυλάττει
3489 1778 3589 1850 τὴν
3621 1777 3755 1849 θέρ-

2170 1888 2278 1942 μην
2297 1888 2312 1902 ο
2341 1872 2437 1926 καὶ
2470 1873 2723 1944 ἀπείργει
2758 1873 2857 1943 μὲν
2886 1873 2982 1928 τοῦ
3022 1870 3236 1945 ψυχροῦ
3261 1871 3424 1943 ἀέρος
3452 1872 3550 1935 τὴν
3574 1887 3750 1941 προίξ⁶

2165 1962 2330 2034 ϐολὴν
2360 1979 2376 1996 ·
2407 1963 2784 2037 ύποδεχόμενα
2820 1965 2878 2020 δὲ
2906 1966 3033 2030 τοὺς
3061 1966 3126 2019 ὲκ
3145 1963 3240 2019 τοῦ
3276 1962 3529 2035 σώματος
3568 1963 3751 2029 ὲξιὸνο

2164 2073 2265 2119 τας
2306 2057 2535 2128 ἀτμοὺς,
2565 2057 2662 2111 καὶ
2708 2057 3063 2129 θερμαίνεται
3104 2056 3338 2121 τούτοις,
3399 2056 3494 2109 καὶ
3543 2053 3746 2125 θερμό-

2163 2163 2301 2217 τερα
2348 2146 2676 2218 προσϐάλλει
2713 2146 2791 2219 τῷ
2816 2146 3046 2219 σώματι.
3069 2147 3181 2201 Καὶ
3216 2145 3427 2218 μάρτυς
3462 2146 3496 2214 ἡ
3536 2144 3708 2214 πεῖρα
3730 2157 3748 2174 ⁶

2162 2238 2352 2311 ψυχρᾷ
2394 2239 2505 2311 γὰρ
2543 2238 2805 2304 πολλάκις
2843 2241 2912 2311 τῇ
2961 2238 3121 2312 κλίνῃ
3166 2236 3633 2309 προσϐάλλοντες,
3678 2238 3748 2307 τῇ

2162 2327 2259 2382 τοῦ
2305 2328 2558 2400 σώματος
2603 2330 2792 2401 ὁμιλίᾳ
2840 2328 3049 2400 θερμὴν
3088 2326 3187 2399 τὴν
3225 2328 3331 2401 πρὸ
3368 2327 3598 2401 βραχέος
3637 2327 3747 2397 ψυ-

2163 2421 2304 2493 χράν
2331 2420 2709 2492 ἀποτελοῦμεν
2742 2423 3051 2494 στρωμνήν.
3087 2419 3297 2475 Οὐκοῦν
3333 2422 3367 2494 ἡ
3402 2419 3577 2493 τροφὴ
3610 2438 3753 2473 παν-

2161 2512 2254 2576 τδς
2314 2512 2533 2583 ἱματίου
2591 2512 2755 2566 πλέον
2802 2508 3179 2584 διαθερμαίνει
3228 2510 3292 2564 τὸ
3346 2509 3541 2580 σῶμα·
3589 2509 3639 2561 oi
3690 2508 3751 2563 δὲ

2161 2604 2368 2676 ταύτης
2403 2607 2485 2670 είς
2516 2604 2678 2676 κόρον
2713 2603 3225 2675 μεταλαμϐάνοντες
3248 2644 3264 2667 ,
3312 2601 3493 2673 ἔρυμα
3527 2600 3749 2671 ἔχουσιν

2162 2696 2371 2768 ἀρκοῦν
2416 2696 2555 2767 πρὸς
2581 2696 2681 2767 τὴν
2708 2695 2803 2749 τοῦ
2847 2694 3063 2766 κρυμοῦ
3097 2692 3423 2765 προσϐολήν.
3463 2691 3749 2746 Καθοπλί-

2163 2786 2319 2854 ζουσι
2357 2786 2466 2858 γὰρ
2512 2785 2686 2859 ταύτῃ
2722 2785 2782 2840 τὸ
2828 2785 3009 2857 σῶμα,
3053 2784 3149 2838 xui
3187 2784 3433 2855 ἀντέχειν
3478 2783 3614 2855 πρὸς
3645 2783 3749 2853 τὴν

2161 2876 2422 2949 τοιαύτην
2465 2874 2561 2930 τοῦ
2613 2874 2770 2939 ἔτους
2813 2873 3329 2947 παρασκευάζουσιν
3363 2872 3534 2946 ὥραν.
3575 2873 3640 2928 Oi
3686 2873 3749 2927 δὲ

2166 2968 2305 3039 μήτε
2335 2967 2544 3031 σιτίων,
2574 2967 2713 3038 μήτε
2739 2965 2940 3032 ποτῶν,
2962 2965 3084 3020 καθ’
3113 2964 3352 3036 ἑκάστην
3378 2964 3747 3029 ἀπολαύοντες

2162 3059 2261 3133 τὴν
2292 3058 2547 3132 ἡμέραν,
2600 3058 2695 3112 καὶ
2744 3056 2909 3130 ἡνίκα
2956 3056 3073 3111 δ’ἂν
3122 3056 3493 3125 ἀπολαύουσι,
3539 3056 3602 3109 ού
3655 3056 3751 3109 τὸν

2165 3152 2328 3221 κόρον
2380 3148 2778 3219 ἀναμένοντες,
2829 3147 2969 3203 ἀλλά
3012 3150 3112 3219 τὴν
3160 3146 3341 3220 ὁρεξιν
3389 3148 3752 3220 ἀκμάζουσαν

2166 3242 2530 3315 χαλινοῦντες,
2560 3243 2653 3297 καὶ
2685 3240 3214 3314 μεταλαμϐάνοντες.
3242 3242 3305 3297 ού
3337 3241 3446 3296 τῶν
3476 3242 3754 3315 θερμάναι

2169 3338 2488 3410 δυναμένων
2544 3336 2608 3391 τὸ
2658 3338 2858 3410 σῶμα,
2913 3335 3028 3390 ἀλλ’
3078 3335 3113 3407 ἢ
3166 3333 3579 3406 ποηφαγοῦντες
3636 3338 3756 3399 τοῖς

2168 3430 2385 3499 ἀλόγοις
2418 3428 2839 3502 παραπλησίως,
2877 3426 2911 3499 ἡ
2950 3426 3261 3498 διαϐρόχοις
3309 3426 3557 3498 ὀσπρίοις
3599 3425 3756 3497 χρὼ-

2170 3540 2323 3596 μενοι
2363 3522 2546 3596 μόνοις
2574 3563 2589 3586 ,
2630 3524 2782 3576 ποῖον
2841 3522 2909 3576 ἂν
2960 3521 3022 3577 ὲκ
3080 3522 3181 3593 τῆς
3232 3518 3490 3591 τοιαύτης
3538 3518 3755 3591 τροφῆς

2167 3615 2464 3687 ἀρύσαιντο
2511 3612 2756 3680 θάλπος,
2809 3611 2950 3683 πόση
2995 3611 3043 3665 δ’
3094 3610 3163 3666 ἂν
3213 3608 3478 3673 ἐντεῦθεν,
3527 3610 3560 3681 ἢ
3620 3609 3754 3662 ποία

2166 3707 2324 3771 λιϐὰς
2352 3707 2584 3778 αἵματος
2609 3705 2854 3775 γένοιτο;
2899 3703 3037 3759 Κατ’
3086 3702 3240 3757 οὐδὲν
3285 3701 3465 3756 τοίνυν
3498 3702 3645 3755 ἔοικε
3685 3701 3755 3754 τά

2166 3798 2278 3854 τῶν
2307 3798 2482 3854 ἀλλων
2529 3799 2644 3861 τοῖς
2700 3796 2907 3851 τούτων
2957 3793 3410 3866 ἐπιτηδεύμασιν.
3463 3792 3601 3847 Οῦτε
3642 3792 3755 3863 γὰρ

2168 3888 2332 3960 ὲσθὴς
2380 3889 2415 3960 ἡ
2462 3885 2605 3958 αὐτὴ
2647 3885 2855 3940 τούτων
2902 3884 3177 3939 κάκείνων
3206 3899 3220 3915 ο
3268 3883 3587 3953 τραχυτάτη
3644 3884 3756 3952 γὰρ

2167 3981 2304 4052 αῦτη
2329 4022 2344 4046 ,
2382 3981 2477 4034 κοιλ⁸
2506 3980 2708 4050 ἥκιστα
2741 3977 3013 4049 θερμάναι
3048 3974 3322 4045 δυναμένη
3353 3990 3368 4005 .
3418 3973 3542 4026 οὕτε
3574 3975 3757 4047 τροῖὴ

2167 4073 2351 4145 ὁμοία,
2381 4071 2498 4126 ἀλλ’
2530 4071 2749 4125 ἐναντία
2779 4072 2844 4124 ὲκ
2868 4067 3188 4139 διαμέτρου.
3223 4067 3454 4137 Ποιμέσι
3487 4067 3754 4137 μὲνγὰρ,

2168 4163 2262 4219 καὶ
2290 4164 2401 4226 τοῖς
2425 4161 2611 4227 ἄλλοις
2639 4162 2753 4226 τοῖς
2787 4160 3074 4226 τοιούτοις,
3117 4159 3326 4231 τροφῆς
3368 4158 3558 4231 καιρὸς
3602 4157 3758 4223 ἄπαις

2167 4255 2396 4327 καιρός·
2434 4258 2501 4329 τῇ
2536 4254 2714 4327 ὀρέξει
2757 4252 2866 4324 γὰρ
2899 4251 3167 4325 ὁρίζονται
3213 4252 3306 4306 τὸν
3350 4251 3581 4322 καιρὸν,
3637 4251 3748 4306 κᾶν

2168 4344 2338 4400 ἱωθεν
2369 4346 2403 4417 ἡ
2430 4346 2591 4400 πεῖνα
2622 4342 2939 4417 προσϐάλλῃ
2965 4383 2980 4408 ,
3025 4341 3343 4414 παραυτίκα
3378 4343 3757 4414 προσφέρουσι

2168 4438 2269 4509 τὴν
2324 4437 2571 4509 τροφὴνο
2624 4437 2722 4491 καὶ
2769 4433 3177 4508 προσφέρουσιν
3216 4435 3298 4490 ὅτι
3348 4435 3415 4489 ἂν
3464 4436 3638 4508 τύχῃ⁹
3687 4438 3756 4493 ού

474 4529 713 4593 tiuntur,
749 4538 805 4585 et
838 4543 962 4585 cum
995 4542 1157 4584 mane
1196 4542 1295 4583 eos
1321 4526 1493 4583 fames
1523 4527 1807 4591 invaserit,
1862 4526 2062 4582 evesti-

2171 4529 2280 4600 γὰρ
2319 4528 2572 4599 ὥρισται,
2602 4525 2765 4581 τοῦτο
2797 4525 2896 4597 μὲν
2944 4524 3169 4591 ἐσθίειν,
3203 4526 3384 4579 έκεῖνο
3422 4526 3479 4580 δὲ
3521 4528 3754 4597 ἣκιστα,

476 4622 566 4694 gio
588 4623 772 4678 cibum
801 4622 1057 4693 capiunt:
1077 4620 1305 4693 capiunt
1326 4630 1508 4676 autem
1522 4619 1741 4676 obvium
1762 4635 2055 4692 quemque,

2166 4621 2306 4677 ἀλλὰ
2336 4621 2556 4675 πάντων
2586 4611 2661 4673 ὧν
2688 4616 2757 4672 ἂν
2808 4615 3103 4682 ἐθέλωσιν,
3147 4615 3321 4680 ἀδεῶς
3359 4616 3759 4678 ἀπολαύουσιν.

476 4731 602 4771 cum
644 4715 782 4786 ipsis
814 4715 1103 4771 deﬁnitum
1140 4728 1254 4769 non
1300 4713 1396 4776 sit,
1456 4713 1564 4769 hoc
1596 4713 1821 4784 quidem
1863 4713 2056 4780 vesci,

474 4811 573 4867 illo
614 4825 748 4868 vero
801 4811 1070 4877 minime,
1133 4807 1232 4866 sed
1277 4807 1703 4880 quibuscunque
1745 4805 2056 4875 voluerint,

475 4903 650 4960 libere
674 4901 961 4959 fruuntur.
994 4903 1067 4959 At
1092 4902 1179 4959 his
1198 4940 1216 4967 ,
1246 4908 1303 4958 et
1332 4900 1474 4968 dies,
1511 4909 1757 4972 tempora
1785 4940 1801 4963 ,
1828 4907 1881 4955 et
1906 4907 2058 4955 certa

473 5011 618 5052 escae
648 5010 858 5067 genera
907 5002 1083 5060 sunt,
1120 5003 1291 5066 atque
1350 5007 1625 5050 mensurae
1671 5011 1686 5048 :
1738 5005 1804 5047 ac
1841 4992 2056 5049 seclusa

473 5088 643 5160 huius
691 5088 939 5146 satietas.
1001 5084 1185 5154 Quare
1230 5100 1341 5140 non
1393 5084 1654 5157 estquod
1697 5083 2056 5157 querulorum

472 5181 746 5251 quispiam
799 5178 964 5236 nobis
997 5177 1273 5250 agricolas
1302 5218 1318 5246 ,
1361 5187 1414 5233 et
1447 5184 1698 5248 pastores
1724 5218 1738 5242 ,
1771 5182 1827 5231 et
1859 5185 2058 5230 nautas

474 5270 530 5325 in
560 5270 802 5325 medium
834 5269 1122 5339 proferens
1148 5304 1165 5333 ,
1198 5273 1433 5322 conetur
1457 5265 1825 5320 maximorum
1859 5263 2056 5318 horum

473 5360 718 5429 pugilum
752 5370 1057 5417 extenuare
1103 5356 1435 5414 certamina.
1465 5352 1722 5422 Agricola
1750 5351 2055 5421 siquidem.

475 5449 718 5506 interdiu
749 5450 1012 5506 laborans
1034 5490 1051 5517 ,
1079 5447 1229 5504 domi
1260 5453 1427 5502 noctu
1453 5444 1722 5508 reﬁcitur,
1750 5456 1968 5497 omnem
2007 5441 2056 5496 ei

477 5554 671 5597 curam
699 5549 754 5595 et
778 5541 1110 5612 obsequium
1155 5539 1616 5597 subministrante
1669 5535 1901 5605 conjuge
1942 5550 1956 5588 :
2004 5541 2059 5588 et

474 5638 664 5704 pastor
694 5631 956 5688 similiter
988 5638 1188 5688 cuncta
1232 5630 1326 5686 illa
1362 5628 1419 5685 in
1457 5633 1715 5699 promptu
1747 5626 1909 5680 habet
1938 5641 2059 5696 quae

474 5723 740 5780 diximus.
786 5722 960 5780 Nauta
1009 5738 1180 5790 vero,
1222 5737 1430 5794 corpus
1474 5716 1697 5791 quidem
1733 5717 1866 5773 solis
1905 5718 2057 5780 radio

479 5816 738 5885 exponit,
790 5815 886 5872 sed
941 5817 1011 5872 ab
1060 5816 1219 5884 aquis
1255 5812 1557 5871 remedium
1595 5805 1752 5863 aﬂcrt
1796 5813 2054 5881 corpori:

2175 4711 2444 4768 Ἐνταῦθα
2471 4709 2529 4764 δὲ
2558 4710 2655 4764 καὶ
2683 4707 2924 4781 ἡμέραι,
2975 4707 3073 4762 καὶ
3109 4706 3325 4778 καιροὶ,
3357 4710 3452 4762 καὶ
3488 4709 3601 4780 εἴδη
3652 4715 3759 4781 τῆς

2161 4804 2395 4879 τροφῆς,
2425 4802 2522 4857 καὶ
2553 4801 2762 4874 μέτρα’
2803 4800 2901 4855 καὶ
2941 4799 3106 4872 κόρος
3147 4797 3353 4873 ταύτης
3399 4816 3754 4871 κεχωρισμεο

2162 4913 2272 4962 νος.
2300 4895 2510 4966 Μηδεὶς
2557 4891 2739 4947 τοίνυν
2783 4891 2916 4963 ἡμῖν
2963 4889 3074 4943 τῶν
3113 4890 3525 4961 μεμψιμοίρων,
3566 4893 3751 4961 γηπέ-

2164 5007 2312 5055 νους,
2346 4986 2442 5044 καὶ
2467 4985 2753 5058 ποιμένας,
2779 4984 2876 5038 καὶ
2903 4981 3107 5046 ναύτας
3135 4983 3426 5055 προφέρων
3449 4984 3529 5048 είς
3556 4983 3751 5055 μέσον,

2166 5079 2491 5153 σμικρύνειν
2520 5076 2872 5149 ἐπιχειρείτω
2896 5073 3005 5128 τῶν
3035 5073 3309 5146 μεγίστων
3337 5072 3545 5128 τούτων
3575 5074 3753 5148 ἀθλη-

2162 5174 2272 5228 τῶν
2299 5175 2424 5239 τοὺς
2462 5171 2701 5242 ἀγῶνας.
2735 5170 2804 5224 ’⁸0
2836 5186 2894 5223 τε
2934 5167 3045 5239 γὰρ
3087 5167 3346 5238 γηπόνος,
3381 5169 3503 5237 μεθ’
3531 5169 3760 5239 ἡμέραν

2162 5264 2358 5335 καμὼν
2384 5304 2399 5329 ,
2455 5264 2595 5317 οἴκοι
2644 5259 3013 5333 θεραπεύεται
3066 5256 3326 5329 νύκτωρ,
3370 5258 3549 5310 πᾶσαν
3594 5258 3752 5326 αὐτῷ

2163 5357 2457 5427 θεραπείαν
2491 5357 2593 5427 τῆς
2619 5354 2893 5427 ὁμοζύγου
2930 5351 3284 5425 ποριζούσης.
3321 5351 3432 5406 Καὶ
3474 5353 3503 5406 ὁ
3537 5352 3749 5424 ποιμὴν

2161 5450 2219 5504 δὲ
2248 5448 2510 5513 ὡσαύτως
2543 5445 2943 5519 μεταλαγχάνει
2976 5444 3194 5499 πάντων
3219 5443 3465 5507 ἐκείνων,
3499 5435 3575 5495 ὧν
3610 5460 3749 5514 προς

2163 5541 2506 5613 ειρὴκαμεν·
2553 5541 2582 5592 ὁ
2633 5538 2693 5593 δὲ
2741 5537 2944 5607 ναύτης
2978 5534 3194 5607 δέχεται
3248 5534 3347 5606 μὲν
3394 5533 3495 5604 τὴν
3545 5534 3748 5588 ἀκτῖνα

2164 5633 2304 5687 κατά
2327 5632 2421 5685 τοῦ
2459 5632 2709 5703 σώματος
2733 5645 2746 5659 ⁸
2776 5628 2915 5684 ἀλλά
2947 5628 3048 5699 τὴν
3071 5626 3179 5683 ἀπὸ
3205 5626 3315 5681 τῶν
3341 5625 3552 5680 ὑδάτων
3583 5624 3747 5695 θερα-

2166 5724 2326 5779 πείαν
2356 5724 2662 5796 προσφέρει
2706 5720 2784 5793 τῷ
2831 5719 3083 5793 σώματιο
3132 5718 3455 5789 ἐπινήχεται
3484 5715 3594 5787 γὰρ
3621 5717 3744 5770 ὅσον

2130 5820 2139 5829 ’
2168 5815 2438 5889 βούλεται,
2484 5815 2579 5869 καὶ
2614 5815 2680 5886 τῇ
2713 5811 2873 5884 φλογὶ
2902 5811 3002 5884 τῆς
3047 5809 3265 5876 ἀκτῖνος
3294 5806 3743 5878 ἀλεξιφάρμακον
