4074 6408
237 377 362 444 Ῑξθί

1254 379 1534 441 ORATiO
1590 380 1684 439 DE
1721 378 1981 438 DIVINA
2024 383 2474 447 CHARITATE-

3350 385 3486 451 1502

231 490 537 562 προσφέρει
583 498 683 559 τὴν
721 492 830 545 τῶν
881 491 1088 546 ὑδάτων
1146 491 1482 562 ψυχρότητα.
1531 491 1687 547 Οὗτοι
1743 493 1791 546 δὲ

1906 508 2026 546 nam
2049 496 2099 548 in
2122 497 2205 551 his
2224 506 2371 550 natat
2387 504 2652 566 quantum
2674 495 3084 562 vult,etsolaris
3102 496 3238 550 radii
3255 496 3486 550 ﬂamma:

231 583 532 654 θεραπείας
573 585 672 653 μὲν
715 585 973 655 οὐδεμιᾶς
1004 586 1134 655 παρ’
1164 587 1378 650 οὐδενὸς
1425 587 1807 640 ἀπολαύουσιν.

231 676 307 730 Ού
348 677 459 746 γὰρ
499 677 809 729 συνοικοῦσι
832 679 1108 744 γυναῖκες,
1141 678 1196 731 αἳ
1224 681 1337 741 τοῖς
1360 679 1586 748 ἀνδράσι
1621 695 1810 732 παντο-

228 768 410 838 δαπὴν
445 769 794 837 μηχανῶνται
834 769 1188 840 παραψυχήν.
1219 770 1355 824 Οὔτε
1381 770 1437 823 δὲ
1465 772 1564 838 τῆς
1589 773 1810 834 ἀκτῖνος

230 859 566 929 θερμότερον
623 859 1080 930 π’ροσϐαλούσης,
1131 863 1231 930 τὴν
1286 861 1394 913 ἀπὸ
1439 861 1545 913 τῶν
1599 861 1810 914 ὑδάτων

226 951 596 1020 ψυγαγωγίαν
646 951 1081 1022 προσφέρονται·
1123 953 1185 1005 οῦ
1233 951 1499 1022 χειμῶνος
1547 951 1665 1022 ὥρᾳ
1709 953 1808 1021 τὴν

227 1043 439 1112 τροφὴν
477 1041 962 1111 ἀντιτάττουσιτῷ
1013 1043 1249 1113 κρυμῷ.
1293 1041 1416 1095 οὔτε
1467 1042 1564 1111 τῆς
1615 1043 1807 1106 νυκτὸς

226 1133 330 1203 τὴν
378 1133 730 1195 ἀνάπαυλαν,
771 1127 885 1186 οἷόν
923 1151 974 1186 τι
1007 1135 1326 1204 φάρμακον,
1361 1137 1468 1196 τοῖς
1505 1135 1806 1204 μεθημεριο

226 1227 342 1287 νοῖς
393 1225 762 1294 προσφέρουσι
818 1225 1001 1288 πόνοις
1035 1240 1050 1255 ·
1094 1225 1188 1278 καὶ
1234 1223 1453 1294 μείζους
1511 1224 1656 1294 γὰρ,
1711 1223 1804 1276 xui.

229 1316 469 1379 πλείους,
503 1317 551 1367 ot
584 1314 788 1384 ταύτης
815 1315 928 1368 τῶν
955 1317 1014 1368 ἐν
1047 1317 1228 1386 ἡμέρᾳ
1270 1315 1614 1386 γιγνομένων
1649 1314 1806 1386 ἱδρώ-

223 1425 352 1461 των.
397 1409 486 1460 Ἐν
526 1407 698 1477 ταύτῃ
743 1408 871 1478 γὰρ,
913 1408 1004 1461 καὶ
1033 1409 1133 1479 τὴν
1178 1409 1315 1478 πρὸς
1356 1407 1446 1460 τὸν
1477 1407 1644 1460 ὕπνον
1674 1409 1804 1460 ἁνα-

222 1499 469 1566 δέχονται
526 1500 738 1568 πάλην,
808 1501 902 1553 καὶ
961 1501 1061 1570 τῆς
1120 1501 1379 1569 γλυκείας
1429 1501 1644 1570 ἐκείνης
1703 1500 1804 1553 οὐκ

223 1591 507 1659 ἀνέχονται
557 1591 768 1660 ἥττης·
808 1591 944 1645 άλλά
1003 1594 1102 1661 τῆς
1150 1594 1372 1663 ἡδίστης
1429 1594 1802 1664 περιγίνονται

219 1683 560 1752 τυραννίδος,
609 1685 702 1736 καὶ
731 1684 1014 1754 παννύχιοι
1043 1685 1348 1738 διατελοῦσι
1397 1686 1486 1739 τὸν
1525 1687 1803 1758 Δεσπότην

220 1772 538 1843 ὑμνοῦντες.
575 1774 764 1838 Οὐδεὶς
790 1775 969 1828 τοίνυν
998 1775 1105 1829 τῶν
1139 1776 1244 1840 ἔξω
1272 1779 1370 1845 τῆς
1407 1777 1614 1831 τούτων
1647 1779 1800 1846 φιλο-

221 1865 420 1932 σοφίας
443 1905 458 1929 ,
505 1866 605 1937 τὴν
638 1867 844 1921 τούτων
880 1868 1240 1922 ἐπιδέδεικται
1285 1871 1600 1940 καρτερίαν.
1635 1873 1697 1924 Εί
1741 1871 1799 1926 δὲ

221 1956 413 2026 μηδεὶς
445 1957 555 2011 τῶν
593 1957 768 2010 ἄλλων
815 1959 1119 2027 ἀνθρώπων
1155 1962 1430 2032 ἀντισχεῖν
1481 1963 1620 2033 πρὸς
1670 1964 1798 2027 τοὺς

216 2048 500 2110 τοιούτους
554 2051 752 2112 πόνους
783 2050 1065 2121 δεδύνηται
1095 2092 1109 2114 ,
1144 2052 1303 2122 δῆλον
1355 2054 1431 2116 ὡς
1477 2056 1504 2107 ὁ
1540 2054 1668 2125 περὶ
1705 2055 1797 2109 τὸν

215 2136 352 2190 Θεὸν
382 2139 519 2210 ἔρως
546 2141 851 2210 ὑπερϐῆναι
875 2144 1000 2206 τοὺς
1024 2145 1122 2214 τῆς
1144 2144 1358 2212 φύσεως
1385 2146 1798 2215 παρεσκεύασεν

215 2232 412 2300 ὅρους·
446 2233 543 2286 καὶ
585 2233 664 2303 τῷ
707 2233 914 2288 ἄνωθεν
958 2237 1152 2308 πυρσῷ
1187 2239 1656 2310 πυρπολούμενοι,
1704 2240 1798 2310 φέ-

218 2340 410 2394 ρουσιν
444 2325 728 2390 ἀσπασίως
755 2327 856 2399 τὴν
882 2328 976 2381 τοῦ
1002 2331 1218 2400 κρυμοῦ
1250 2332 1574 2402 προσϐολὴν,
1603 2333 1698 2385 καὶ
1727 2335 1794 2406 τῇ

216 2413 473 2468 ἐντεῦθεν
509 2415 716 2485 δρόσῳ,
776 2417 876 2487 τὴν
927 2420 1024 2488 τῆς
1073 2423 1290 2485 ἀκτῖνος
1343 2422 1795 2492 καταπραΰνουσι

215 2503 415 2571 φλόγα.
449 2497 619 2568 Οὗτος
666 2506 866 2571 αὐτοὺς
917 2509 1014 2562 καὶ
1055 2511 1289 2582 τρέφει,
1343 2513 1436 2566 καὶ
1476 2513 1666 2583 ἄρδει,
1701 2513 1797 2567 καὶ

214 2595 574 2666 περιϐάλλει,
621 2597 717 2651 καὶ
747 2599 924 2671 πτερά
951 2601 1167 2664 δίδωσι,
1215 2604 1311 2656 κα)⁵
1355 2604 1616 2659 πέτεσθαι
1656 2605 1798 2660 διδά-

214 2704 339 2742 σκει
364 2728 381 2753 ,
431 2688 528 2741 καὶ
570 2689 662 2742 τὸν
699 2690 927 2761 οὐρανὸν
965 2691 1316 2762 ὑπερϐαίνειν
1360 2697 1793 2767 παρασκευάζει,

211 2781 310 2834 καὶ
348 2779 440 2832 τὸν
484 2779 762 2850 ἐρώμενον
806 2780 883 2846 ὡς
911 2781 1138 2838 δυνατὸν
1172 2786 1504 2840 ἐπιδείκνυσι
1527 2826 1543 2850 ,
1593 2789 1690 2842 καὶ
1725 2792 1792 2861 τῇ

209 2873 314 2940 τῆς
344 2869 580 2942 θεωρίας
611 2873 883 2944 φαντασίᾳ.
929 2875 1192 2945 πυρσεύει
1229 2874 1320 2930 τὸν
1367 2876 1550 2943 πόθον,
1584 2878 1680 2932 καὶ
1711 2879 1794 2933 δι-

209 2963 420 3032 εγείρει
473 2961 534 3016 τὸ
579 2962 838 3034 φίλτρον.
887 2963 984 3018 καὶ
1028 2966 1395 3038 σφοδροτέραν
1444 2969 1666 3036 ἐξάπτει
1696 2969 1794 3041 τὴν

209 3053 409 3121 φλόγα.
456 3053 724 3127 Καθάπερ
781 3055 891 3128 γὰρ
937 3057 986 3109 οἱ
1045 3058 1153 3111 τῶν
1207 3061 1476 3128 σωμάτων
1534 3061 1791 3130 ἐρῶντες,

1911 585 2210 637 remedium
2226 587 2450 654 opponit
2470 600 2734 655 aquarum
2769 585 3146 655 i'rigiditatem.
3166 584 3228 638 Ili
3249 595 3427 640 autem
3455 603 3485 640 a

1908 689 2018 743 quo
2051 685 2320 730 curentur
2352 692 2461 730 non
2494 678 2718 731 habent.
2743 675 2931 746 Neque
2972 677 3118 730 enim
3169 678 3280 732 illis
3320 677 3486 730 coha-

1910 767 2084 820 bitant
2119 784 2318 823 uxores
2350 785 2472 838 qua:
2490 784 2653 823 omne
2674 783 2844 838 genus
2865 768 3046 821 solatii
3067 767 3203 821 viris
3237 769 3355 822 suis
3386 785 3488 821 ex-

1907 864 2153 929 cogitant
2187 879 2201 915 :
2241 877 2417 930 neque
2475 860 2688 930 1300
2719 860 2887 914 solari
2918 859 3074 913 radio
3117 859 3350 913 calidius
3392 875 3487 914 cos

1908 953 2137 1006 feriente
2158 995 2171 1018 ,
2206 952 2604 1023 refrigerantur
2633 953 2792 1020 aquis
2837 969 2850 1005 :
2881 966 3058 1019 neque
3082 950 3310 1005 hiberno
3343 958 3487 1003 tem-

1907 1057 2038 1112 pore
2064 1053 2346 1112 apponunt
2376 1058 2556 1098 escam
2588 1042 2803 1112 frigori,
2831 1057 3011 1110 neque
3037 1042 3279 1111 quietem
3306 1041 3486 1096 noctis

1909 1135 2055 1188 velut
2083 1136 2407 1188 diurnorum
2436 1135 2688 1188 laborum
2715 1133 3170 1188 medicamentum
3196 1132 3484 1196 adhibent,

1906 1243 2029 1280 cum
2063 1235 2117 1281 et
2154 1227 2391 1295 majores
2421 1236 2476 1282 ct
2501 1227 2685 1297 plures
2722 1226 2832 1280 illis
2871 1226 3042 1294 hujus
3075 1226 3187 1280 sint
3214 1225 3482 1290 sudores,

1904 1334 2071 1388 quam
2114 1319 2247 1373 diei.
2305 1319 2377 1374 De
2413 1329 2574 1374 nocte
2603 1319 2749 1373 enim
2781 1334 2904 1373 cum
2946 1333 3140 1373 somno
3169 1318 3481 1373 colluctan-

1906 1420 2018 1472 tur,
2051 1426 2228 1480 neque
2263 1411 2412 1465 illius
2439 1410 2730 1466 dulcedine
2759 1425 2819 1465 se
2852 1409 2996 1464 vinci
3029 1410 3350 1479 patiuntur:
3384 1409 3481 1464 sed

1906 1504 2288 1560 dulcissimam
2313 1504 2461 1558 illam
2489 1502 2833 1575 tyrannidem
2865 1502 3092 1558 vincunt
3115 1502 3215 1572 ipsi
3238 1542 3252 1566 ,
3289 1509 3487 1556 totam-

1903 1611 2010 1666 que
2045 1605 2260 1650 aoctem
2301 1596 2356 1650 iu
2395 1595 2598 1649 divinis
2633 1593 2893 1650 laudibus
2937 1594 3273 1662 transigunt.
3315 1592 3492 1646 Nemo

1906 1689 2072 1757 igitur
2101 1688 2299 1743 horum
2337 1687 2702 1757 philosophia:
2731 1701 2958 1756 expers.
3001 1701 3194 1740 eorum
3233 1685 3484 1738 toleran-

1907 1782 2036 1834 tiam
2071 1780 2340 1834 exhibuit.
2371 1779 2528 1845 Quod
2551 1781 2596 1834 si
2622 1779 2807 1833 nullus
2838 1787 3163 1832 ceterorum
3197 1775 3487 1830 hominum

1903 1869 2173 1938 ejusmodi
2229 1871 2513 1925 laboribus
2563 1869 2823 1924 resistere
2865 1869 3080 1938 potuit,
3126 1868 3489 1922 manifestum

1900 1973 1986 2016 est
2016 1977 2256 2017 amorem
2290 1962 2344 2015 in
2368 1961 2539 2016 Deum
2575 1960 2853 2025 eﬂ'ecisse,
2887 1968 2948 2014 ut
2978 1959 3248 2015 terminos
3271 1969 3488 2012 natura:

1899 2063 2227 2124 superarent
2277 2073 2290 2109 :
2343 2069 2692 2124 supernaque
2748 2054 2872 2108 illos
2923 2052 3141 2107 ﬂamma
3187 2053 3486 2115 incensos,

1900 2144 2123 2216 frigoris
2149 2147 2408 2214 impetum
2441 2146 2675 2200 libenter
2699 2145 3010 2204 sustinere,
3041 2159 3104 2196 ac
3122 2144 3331 2196 caelesti
3361 2157 3488 2196 rore

1898 2237 2183 2308 perfusos,
2215 2238 2412 2293 solaris
2435 2236 2574 2290 radii
2596 2236 2872 2290 ﬂammam
2907 2236 3180 2303 mitigare.
3207 2234 3305 2288 llic
3331 2235 3486 2304 ipsos

1899 2337 1958 2383 et
1991 2330 2206 2393 nutrit,
2236 2339 2291 2383 et
2326 2329 2556 2399 irrigat,
2597 2339 2647 2384 et
2684 2328 2885 2388 vestit,
2917 2328 3108 2382 etalas
3145 2328 3349 2396 praebet
3371 2368 3385 2392 ,
3419 2341 3486 2380 ac

1898 2425 2088 2478 volare
2119 2423 2320 2490 dot-et,
2361 2432 2418 2478 et
2457 2431 2517 2478 ut
2573 2424 2776 2477 ctelum
2814 2421 3212 2476 transcendant
3279 2421 3481 2483 eﬂicit,

1895 2523 1952 2570 et
1991 2515 2255 2570 dilectum
2296 2515 2480 2584 quoad
2533 2514 2650 2568 ﬂeri
2703 2521 2884 2583 potest
2923 2513 3192 2575 ostendit,
3232 2523 3483 2566 contem-

1897 2607 2268 2678 plationisque
2299 2606 2482 2675 specie
2508 2606 2840 2661 desiderium
2866 2605 3129 2670 incendit,
3162 2611 3216 2660 et
3238 2620 3482 2658 amorem

1895 2697 2105 2752 excitat
2124 2737 2139 2762 ,
2172 2699 2556 2765 ﬂammamque
2585 2696 2749 2752 infert
2777 2697 3172 2752 ardentiorem.
3203 2695 3484 2761 Quemad-

1894 2789 2118 2844 modum
2163 2789 2313 2844 enim
2357 2804 2654 2860 corporum
2688 2804 2878 2845 amore
2907 2787 3052 2857 capti
3081 2828 3095 2851 ,
3151 2803 3216 2842 ex
3251 2793 3482 2856 aspectu

1895 2896 2088 2937 eorum
2141 2896 2284 2952 quos
2333 2888 2554 2946 amant,
2625 2881 2917 2936 materiam
2981 2879 3155 2934 amori
3212 2877 3485 2932 submini-

1896 2981 2114 3037 strant,
2153 2974 2524 3041 ardoremque
2557 2973 2708 3026 illum
2740 2971 3048 3042 graviorem
3080 2971 3318 3026 reddunt
3349 2989 3363 3026 :
3401 2971 3482 3025 sic

1897 3064 1990 3135 qui
2027 3063 2229 3118 divina:
2261 3063 2578 3118 dilectionis
2630 3061 2886 3116 stimulos
2923 3061 3300 3123 admiserunt,
3334 3060 3480 3115 divi-

209 3146 344 3218 ὕλην
384 3147 494 3202 ἀπὸ
524 3149 624 3218 τῆς
670 3147 798 3212 θέας
823 3149 933 3203 τῶν
969 3150 1262 3222 ἐρωμένων
1295 3151 1371 3223 τῷ
1401 3153 1604 3226 φίλτρῳ
1635 3156 1789 3228 πορί-

1899 3169 2024 3208 nam
2057 3155 2205 3208 illam
2255 3161 2311 3208 et
2341 3153 2608 3206 illibatam
2639 3150 3108 3220 pulchritudinem
3149 3151 3334 3204 animo
3368 3151 3484 3204 vol-

206 3239 364 3305 ζουσι
386 3279 402 3305 ,
451 3240 548 3294 καὶ
574 3241 666 3294 τὸν
704 3239 920 3312 οἶστρον
956 3243 1165 3296 ἐκεῖνον
1199 3244 1581 3318 χαλεπώτερον
1616 3249 1791 3320 ἀπερ-

204 3332 473 3402 γάζονται
499 3350 515 3366 ο
549 3333 724 3396 οὕτως
767 3335 816 3386 σί
860 3334 959 3404 τῆς
1007 3334 1161 3398 θείας
1208 3336 1428 3406 ἀγάπης
1473 3339 1540 3392 τὰ
1592 3339 1792 3410 κέντρα

203 3425 517 3496 δεχόμενοι,
566 3423 629 3478 τὸ
667 3425 811 3478 θεῖον
843 3425 1022 3478 ἐκεῖνο
1068 3427 1162 3479 καὶ
1203 3427 1481 3498 ἀκήρατον
1520 3427 1793 3496 φανταζό-

208 3535 366 3590 μενοι
401 3519 621 3583 κάλλος,
657 3520 924 3592 ὀξυτέρας
961 3522 1062 3592 τῆς
1093 3522 1314 3594 ἀγάπης
1343 3524 1442 3586 τὰς
1466 3524 1659 3588 ἀκίδας
1702 3529 1794 3597 ἐρ-

203 3610 493 3680 γάζονται,
511 3613 607 3665 καὶ
627 3613 739 3682 ὅσῳ
766 3612 932 3667 πλέον
955 3613 1264 3666 ἀπολαῦσαι
1287 3613 1530 3676 ποθοῦσι,
1550 3615 1791 3686 τοσούτῳ

207 3703 414 3772 μᾶλλον
455 3704 548 3757 τὸν
577 3705 738 3775 κόρον
768 3702 1070 3757 ἐλαύνουσι.
1105 3703 1182 3774 Τῇ
1223 3703 1322 3773 μὲν
1351 3703 1458 3772 γὰρ
1489 3704 1647 3777 ἡδονῇ
1677 3705 1790 3759 τῶν

203 3795 481 3865 σωμάτων
511 3795 797 3850 ἀκολουθεῖ
831 3793 1150 3866 πλησμονὴ,
1198 3795 1226 3847 ὁ
1257 3795 1311 3848 δὲ
1341 3795 1481 3859 θεῖος
1512 3796 1653 3868 ἔρως
1691 3797 1788 3851 τοῦ

200 3890 372 3960 κόρου
402 3888 529 3951 τοὺς
558 3889 756 3956 νόμους
797 3887 858 3940 οὐ
893 3887 1128 3958 δέχεται.
1161 3885 1417 3950 Τοιοῦτος
1451 3883 1520 3958 ἦν
1550 3890 1788 3960 Μωῦσῆς

199 3983 229 4034 ὁ
265 3982 442 4050 μέγας
489 3979 820 4050 νομοθέτηςο
863 3978 923 4042 ὃς
980 3977 1278 4044 πολλάκις,
1325 3977 1402 4041 ὡς
1449 3979 1668 4047 ἐφικτὸν
1695 3981 1789 4033 ἀν-

197 4073 410 4144 θρώπῳ
431 4115 446 4138 ,
483 4071 586 4142 τῆς
613 4071 767 4134 θείας
813 4070 1051 4142 θεωρίας
1076 4071 1327 4137 ἀξιωθεὶς
1351 4111 1365 4134 ,
1405 4072 1497 4124 καὶ
1527 4072 1789 4138 πολλάκις

199 4169 300 4236 τῇς
331 4163 612 4235 μακαρίας
639 4161 954 4226 ἀπολαύσας
986 4163 1169 4233 φωνῆς
1196 4203 1210 4226 ,
1255 4163 1348 4216 καὶ
1376 4164 1787 4234 τεσσαράκοντα

198 4259 342 4311 κατὰ
375 4255 573 4309 ταύτὸν
598 4255 812 4326 ἡμέρας
852 4255 984 4308 εἵσω
1005 4253 1100 4306 τοῦ
1126 4255 1328 4322 γνόφου
1355 4255 1661 4324 γενόμενος,
1694 4257 1788 4309 καὶ

195 4347 298 4416 τὴν
326 4346 480 4399 θείαν
507 4344 830 4416 νομοθεσίαν
861 4343 1178 4414 δεξάμενος,
1211 4345 1275 4396 οὐ
1305 4344 1465 4414 μόνον
1493 4344 1653 4414 κόρον
1685 4345 1786 4398 οὐκ

195 4439 427 4500 ἔλαϐεν,
462 4437 600 4492 ἀλλά
649 4436 744 4490 καὶ
775 4436 1139 4507 σφοδροτέραν
1175 4437 1270 4489 καὶ
1301 4435 1641 4507 θερμοτέραν
1681 4435 1782 4508 τὴν

195 4529 501 4600 ἐπιθυμίαν
547 4530 837 4600 ἐκτήσατο.
873 4528 1141 4601 Καθάπερ
1169 4530 1434 4598 γάρπτινα
1479 4531 1646 4604 κάρον
1673 4531 1780 4584 ὑπὸ

194 4623 298 4691 τῆς
328 4621 422 4674 τοῦ
452 4621 654 4692 ἔρωτος
692 4621 902 4674 ἐκείνου
953 4620 1247 4690 δεξάμενος
1301 4622 1512 4693 μέθης,
1561 4623 1656 4676 καὶ
1701 4622 1780 4692 τῷ

197 4714 412 4784 φίλτρῳ
439 4712 557 4765 λίαν
588 4712 978 4782 ὲκϐακχευθεὶς
996 4754 1012 4778 ,
1042 4712 1141 4782 τὴν
1183 4713 1281 4783 μὲν
1305 4714 1514 4768 οἰκείαν
1541 4715 1778 4786 ἠγνόησε

195 4804 383 4872 φύσιν,
415 4801 732 4872 ἐπεθύμησε
760 4802 818 4854 δὲ
847 4801 994 4866 ίδεϊν,
1031 4801 1068 4854 ἃ
1098 4800 1172 4872 μὴ
1201 4801 1360 4872 θέμις
1385 4803 1517 4856 ἰδεῖν
1542 4818 1556 4833 ⁸
1588 4804 1778 4877 ὥσπερ

191 4896 306 4966 γὰρ
349 4894 743 4966 ἐπιλαθόμενος
772 4894 872 4964 τῆς
914 4893 1234 4957 δεσποτείας
1259 4933 1273 4957 ,
1327 4895 1420 4948 καὶ
1452 4894 1512 4948 τὺ
1553 4896 1776 4968 φίλτρον

188 4985 544 5054 λογιζόμενος
601 4984 760 5054 μόνον
782 5023 797 5050 ,
833 4983 938 5054 ἔφη
975 4983 1110 5050 πρὸς
1155 4983 1246 5037 τὸν
1287 4983 1398 5038 τῶν
1443 4983 1580 5039 ὅλων
1609 4987 1774 5040 θεόν’

197 5097 217 5129 ι
280 5078 435 5143 Ἰδοὺ,
469 5077 535 5129 σὺ
561 5075 742 5142 λέγεις
777 5092 867 5147 μοι
891 5092 908 5108 ο
944 5069 1118 5146 Εὗρες
1139 5075 1301 5147 χάριν
1327 5077 1458 5149 παρ’
1487 5079 1634 5148 ἐμοὶ,
1678 5080 1776 5134 καὶ

191 5167 316 5222 οἶδά
347 5186 406 5221 σε
433 5169 586 5239 ποιρά
614 5169 844 5233 πάντας.
869 5169 932 5221 Εἰ
954 5167 1130 5222 τοίνυν
1155 5164 1313 5240 εὗρον
1345 5171 1506 5242 χάριν
1538 5172 1781 5227 ἐναντίον

194 5277 315 5318 σου.
353 5259 655 5329 ὲμφάνισόν
698 5276 789 5328 μοι
842 5258 1108 5313 σεαυτόν*
1163 5261 1420 5328 γνωστῶς
1469 5262 1566 5316 ἴδω
1618 5280 1702 5319 σε.
1751 5283 1772 5317 ι

174 5349 470 5420 ,Τοιαύτην
510 5351 618 5404 ἀπὸ
668 5351 770 5421 τῆς
827 5352 980 5417 θείας
1036 5354 1258 5426 ἀγάπης
1308 5354 1527 5419 ἐδέξατο
1581 5357 1774 5429 μέθην,

191 5445 293 5497 καὶ
321 5444 354 5513 ἡ
390 5443 532 5514 μέθη
561 5443 622 5498 τὺ
650 5444 802 5514 δίψος
834 5446 934 5499 οὐκ
963 5446 1187 5502 ἔσϐεσεν
1207 5485 1220 5510 ,
1253 5447 1390 5502 ἀλλὰ
1419 5448 1774 5522 σφοδρότερον

192 5536 597 5606 ἀπειργάσατο.
620 5537 727 5590 Καὶ
753 5539 786 5608 ἡ
815 5538 1102 5609 προσθήκη
1130 5539 1231 5610 τῆς
1257 5541 1491 5604 πόσεως,
1525 5541 1777 5609 ἐπίτασις

191 5629 414 5696 ἐγένετο
440 5628 540 5698 τῆς
564 5631 826 5702 ἐφέσεως,
853 5631 948 5685 καὶ
973 5630 1071 5701 τὴν
1093 5631 1276 5701 δρεξιν
1299 5631 1539 5703 ηὔξησεν
1571 5635 1603 5687 ὖ
1628 5634 1772 5689 ἀπό-

267 5824 295 5855 ι
331 5810 502 5868 Exod.
537 5814 790 5881 xx1v,55,
831 5814 918 5870 34.
999 5815 1026 5854 ιν
1061 5815 1226 5873 Exod.
1263 5835 1488 5885 xxxwu,
1535 5820 1613 5874 l5.

1893 3254 2119 3306 ventes,
2154 3244 2593 3299 vehementiores
2628 3242 2915 3297 charitatis
2963 3243 3186 3297 aculeos
3215 3243 3478 3306 cilicium,

1891 3345 1948 3392 et
1995 3337 2203 3407 1301
2259 3344 2466 3406 quanto
2522 3335 2698 3404 magis
2758 3333 2864 3388 l‘rui
2922 3333 3277 3398 desiderant,
3327 3342 3482 3387 tanto

1893 3430 2070 3498 magis
2129 3429 2436 3483 satietatem
2524 3427 2826 3496 depellunt.
2921 3423 3057 3479 Nam
3144 3425 3480 3494 voluptatem

1891 3519 2114 3588 quidem
2173 3533 2468 3588 corporum
2545 3520 2798 3587 sequitur
2879 3517 3110 3572 satietas
3177 3535 3192 3572 :
3257 3508 3481 3572 divinus

1892 3616 2076 3664 autem
2125 3624 2284 3664 amor
2332 3610 2606 3665 satietatis
2649 3610 2800 3677 leges
2847 3623 2958 3663 non
3016 3608 3276 3661 admittit.
3330 3607 3480 3662 Τιιιῐε

1890 3708 2012 3756 erat
2061 3715 2299 3770 magnus
2351 3699 2634 3770 legislator
2665 3697 2845 3752 Moses
2868 3709 2917 3763 ι,
2971 3697 3066 3767 qui
3119 3711 3244 3751 cum
3294 3696 3478 3750 divina

1895 3805 2040 3861 saepe
2092 3791 2594 3862 contemplatione,
2647 3797 2915 3860 quantum
2958 3786 3167 3841 homini
3216 3786 3299 3840 fas
3339 3787 3474 3846 fuit,

1889 3887 2095 3954 dignus
2122 3891 2273 3940 esset
2305 3882 2562 3945 habitus,
2607 3889 2660 3937 et
2698 3881 3017 3950 frequenter
3043 3880 3258 3934 beatam
3286 3893 3474 3933 vocem

1889 3977 2232 4041 audivisset,
2266 3973 2500 4044 diesque
2525 3972 2692 4029 simul
2719 3971 3082 4042 quadraginta
3111 3970 3258 4024 intra
3284 3971 3476 4038 caligi-

1889 4085 2014 4125 nem
2033 4075 2287 4125 versatus
2305 4105 2320 4131 ,
2345 4066 2591 4122 divinam
2623 4065 2795 4135 legem
2813 4063 3139 4133 accepisset,
3173 4077 3280 4116 non
3310 4064 3474 4116 modo

1887 4177 2014 4218 eum
2047 4160 2278 4216 satietas
2311 4173 2422 4212 non
2453 4155 2633 4219 cedit,
2684 4154 2780 4211 sed
2808 4162 2860 4210 et
2894 4153 3276 4210 vehementius
3307 4161 3474 4222 atque.

1889 4253 2180 4309 ardentius
2215 4249 2552 4306 desiderium
2589 4247 2711 4316 ejus
2759 4247 2992 4303 exstitit.
3046 4247 3277 4302 Perinde
3324 4246 3470 4299 enim

1889 4359 1954 4400 ac
1998 4345 2043 4400 si
2077 4343 2230 4415 gravi
2263 4341 2500 4413 quodam
2529 4354 2733 4411 sopore
2772 4355 2836 4395 ex
2873 4339 3083 4394 amoris
3113 4339 3262 4395 illius
3291 4337 3472 4392 ebrie-

1886 4443 2002 4489 tate
2045 4447 2386 4504 oppressus,
2435 4439 2491 4486 et
2520 4431 2681 4502 quasi
2731 4430 2971 4500 quodam
3027 4429 3232 4485 amoris
3284 4427 3470 4482 furore

1885 4541 2054 4596 supra
2093 4523 2319 4580 modum
2357 4523 2639 4594 percitus,
2686 4522 2966 4592 pr0priam
3015 4529 3268 4575 naturam
3316 4520 3469 4588 igno-

1884 4617 2062 4681 ravit,
2109 4625 2164 4672 et
2199 4630 2263 4672 ea
2307 4616 2498 4670 videre
2545 4613 2920 4676 desideravit,
2976 4626 3100 4678 quae
3152 4609 3337 4662 videre
3381 4607 3468 4662 fas

1881 4724 1993 4764 non
2040 4715 2150 4765 est.
2201 4707 2370 4774 Quasi
2426 4707 2574 4762 enim
2630 4704 2839 4760 oblitus
2887 4701 3152 4764 dominii,
3192 4709 3246 4755 et
3284 4700 3464 4756 solum

1881 4815 2126 4856 amorem
2165 4800 2353 4854 animo
2378 4812 2646 4859 versans,
2682 4795 2825 4850 dixit
2871 4794 3257 4849 universorum
3313 4791 3464 4847 Deo:

1885 4913 1904 4944 ι
1947 4891 2088 4947 Ecce
2115 4899 2174 4945 tu
2205 4891 2344 4946 dicis
2363 4890 2498 4944 mihi
2525 4905 2541 4942 :
2573 4887 2842 4943 Invenisti
2873 4887 3106 4958 gratiam
3134 4899 3320 4940 coram
3356 4900 3463 4945 me,

1879 4990 1935 5038 et
1963 4983 2094 5037 novi
2126 4989 2178 5037 te
2221 4996 2333 5052 prae
2370 4980 2612 5035 cunctis.
2648 4977 2706 5034 Si
2737 4993 2870 5048 ergo
2920 4977 3102 5032 inveni
3135 4978 3366 5048 gratiam
3410 4977 3466 5029 in

1879 5081 2180 5144 conspectu
2227 5083 2356 5135 tuo,
2408 5069 2640 5125 ostende
2692 5068 2828 5123 mihi
2879 5068 3156 5137 teipsum,
3198 5075 3257 5119 ut
3291 5063 3463 5119 sciam

1880 5174 1938 5221 te
1959 5166 2012 5219 ιι.
2050 5183 2070 5218 ›
2107 5163 2341 5219 Tantam
2375 5177 2406 5217 a
2436 5161 2625 5216 divina
2660 5160 2964 5216 dilectione
3005 5158 3195 5212 hausit
3225 5157 3464 5211 ebrieta-

1880 5267 1989 5318 tem
2022 5279 2038 5317 :
2075 5275 2177 5316 nec
2206 5274 2271 5314 ea
2305 5267 2488 5312 tamen
2519 5256 2668 5312 sitim
2701 5255 2824 5324 ejus
2853 5252 3144 5315 restinxit,
3177 5249 3274 5306 sed
3309 5250 3466 5304 vehe-

1878 5354 2206 5410 mentiorem
2259 5351 2534 5416 reddidit,
2603 5357 2660 5406 et
2708 5348 2957 5404 accessio
3007 5354 3177 5418 potus
3227 5343 3463 5398 intentio

1883 5445 2146 5502 desiderii
2195 5443 2338 5499 facta
2369 5451 2490 5508 est,
2539 5449 2595 5496 et
2618 5438 3008 5512 appetitionem
3057 5436 3211 5490 anxit
3252 5433 3458 5488 l‘ruitio.

1883 5536 1952 5592 Et
1980 5535 2451 5608 quemadmodum
2493 5534 2666 5606 ignis,
2718 5539 2926 5601 quanto
2973 5529 3098 5599 plus
3133 5523 3460 5582 nutrimenti

1883 5631 2149 5700 suscipit,
2178 5636 2334 5684 tanto
2356 5626 2621 5699 majorem
2647 5625 2756 5680 vim
2784 5623 2989 5680 exserit
3011 5661 3026 5687 ,
3053 5628 3290 5692 augetur
3312 5617 3458 5674 enim
