4074 6434
632 381 771 450 1503

1627 377 2118 440 ΤΗΕΟΒΟΒΕΤΙ
2155 375 2497 436 EPlSCUPI
2544 374 2912 437 CYRENSIS

3737 379 3755 444 l
3766 383 3854 447 ὅθί

631 492 988 568 appositione
1033 492 1317 559 materiae,
1349 498 1545 548 etnon
1590 491 1883 548 hebetatur
1933 509 1949 548 :
1995 491 2078 548 sic
2125 489 2220 544 Dei

2330 489 2537 552 λαυσις.
2571 489 2680 542 Καὶ
2714 487 2966 558 καθάπερ
3011 484 3073 538 τὸ
3102 486 3250 556 πῦρ,
3287 485 3398 558 ὅσῳ
3425 487 3635 544 πλείονα
3678 495 3857 565 τροφὴν

630 586 856 640 dilectio
907 598 1094 639 rerum
1145 582 1458 637 divinarum
1507 583 1976 652 contemplatione
2026 581 2218 636 incen-

630 679 803 742 ditur,
841 683 895 731 et
918 674 1382 731 vehementiorem
1419 674 1547 730 inde
1576 674 2064 744 ardentioremque
2087 689 2220 744 ope-

630 771 903 823 rationem
939 766 1128 838 recipit
1178 784 1191 821 :
1239 767 1451 836 1302
1483 774 1538 821 et
1567 775 1776 833 quanto
1820 769 1947 837 ‘quis
1979 766 2218 837 amplius

631 863 687 914 in
715 859 916 915 divinis
948 859 1256 921 institerit,
1313 868 1470 912 tanto
1519 859 1697 929 magis
1728 859 2020 915 charitatis
2064 857 2220 912 ﬂam-

631 967 776 1008 mam
833 951 1062 1006 excitat.
1109 951 1289 1022 Atque
1334 951 1442 1006 hoc
1495 967 1596 1005 nos
1627 967 1738 1005 non
1769 951 1948 1006 solum
1985 965 2219 1022 magnus

631 1043 823 1097 docuit
851 1043 1064 1108 Moses,
1099 1045 1193 1098 sed
1224 1044 1390 1098 etiam
1419 1051 1612 1099 sancta
1642 1044 1732 1098 illa
1756 1058 1991 1114 sponsa,
2021 1043 2090 1098 de
2109 1059 2219 1114 qua

629 1137 854 1192 divinus
879 1137 956 1190 ait
986 1135 1230 1193 Paulus:
1264 1155 1282 1187 ι
1325 1135 1596 1206 Despondi
1624 1152 1721 1192 vos
1758 1137 1852 1192 uni
1885 1138 2024 1204 viro,
2047 1137 2218 1208 virgi-

632 1244 758 1282 nem
789 1235 1002 1284 castam
1021 1228 1281 1284 exhibere
1311 1227 1532 1284 Christo
1552 1231 1599 1283 °.
1633 1248 1652 1281 ι
1681 1228 1804 1285 llaec
1820 1231 1968 1284 enim
1990 1230 2045 1284 in
2073 1229 2220 1286 Can-

633 1321 744 1373 tico
777 1320 1119 1374 canticorum
1168 1319 1236 1373 ad
1271 1335 1538 1390 sponsum
1597 1321 1801 1375 clamat
1850 1339 1864 1376 :
1909 1342 1926 1374 ι
1978 1320 2221 1378 Ostende

635 1409 766 1461 mihi
804 1408 1004 1464 faciem
1031 1417 1181 1462 tuam
1206 1449 1220 1472 ,
1257 1419 1417 1464 sonet
1440 1425 1546 1465 vox
1577 1417 1668 1463 tua
1694 1411 1748 1464 in
1785 1411 2014 1467 auribus
2039 1412 2215 1467 meis:

635 1515 739 1553 vox
780 1499 928 1555 enim
980 1508 1074 1554 tua
1129 1500 1340 1562 dulcis,
1403 1509 1459 1555 et
1513 1499 1688 1556 facies
1738 1510 1830 1556 tua
1875 1503 2077 1557 decora
2100 1502 2149 1558 ιι.
2195 1521 2214 1555 ι

636 1590 712 1644 lix
747 1591 834 1646 his
859 1591 1004 1646 enim
1030 1606 1155 1661 quae
1188 1591 1256 1646 de
1282 1591 1402 1662 ipso
1437 1591 1689 1646 audierat
1721 1592 1851 1659 dici,
1881 1593 2002 1662 cjus
2031 1610 2221 1650 amore

636 1692 828 1751 capta,
884 1698 996 1737 non
1041 1690 1127 1738 est
1175 1691 1436 1737 contenta
1483 1684 1703 1750 verbis,
1742 1684 1835 1739 sed
1883 1686 2058 1755 ipsam
2102 1687 2221 1752 ejus

637 1787 828 1826 vocem
859 1773 1051 1828 audire
1104 1773 1387 1829 desiderat
1438 1793 1455 1831 :
1509 1783 1564 1830 et
1595 1792 1662 1831 ex
1708 1775 1777 1830 iis
1807 1793 1932 1847 qua:
1958 1777 2025 1832 de
2071 1777 2221 1834 illius

2326 579 2677 650 ὑποδέχεται,
2743 578 2982 649 τοσούτῳ
3033 576 3260 647 μείζονα
3312 577 3409 649 τὴν
3457 578 3722 652 ἐνέργειαν
3770 585 3859 639 δεί-

2332 686 2519 724 κνυσιν
2566 668 2816 740 (αὔξεται
2848 669 2958 738 γάρ
2991 667 3126 736 αὕτη
3171 668 3236 738 τῇ
3285 668 3560 740 προσθήκῃ
3605 671 3693 740 τῆς
3723 672 3860 741 ὕλης,

2325 759 2441 812 ἀλλ’
2477 759 2578 812 οὐκ
2629 758 3024 830 ἀμϐλύνεται)·
3073 757 3247 820 οὕτως
3293 758 3327 828 ή
3381 758 3511 829 πρὸς
3537 760 3662 814 Θεὸν
3697 765 3863 836 ἀγάπη

2325 853 2391 922 τῇ
2422 851 2624 922 θεωρίᾳ
2663 849 2774 904 τῶν
2805 850 2965 904 θείων
3000 848 3364 920 πυρσεύεται,
3412 851 3503 904 καὶ
3535 853 3865 925 σφοδροτέραν

2325 943 2558 1008 ἐκεῖθεν,
2610 944 2704 997 κα)⁸
2735 941 3074 1016 θερμοτέραν
3106 943 3209 1014 τὴν
3242 941 3522 1013 ἐνέργειαν
3555 945 3864 1017 ὑποδέχεται.

2325 1037 2434 1090 Καὶ
2455 1037 2564 1108 ὅσῳ
2583 1035 2650 1091 ἄν
2671 1055 2760 1100 τις
2781 1035 2942 1090 πλέον
2967 1037 3080 1098 τοῖς
3105 1034 3273 1099 θείοις
3300 1035 3630 1111 ἐνδιατρίψει,
3656 1041 3869 1112 τοσούτῳ

2330 1123 2533 1193 μᾶλλον
2564 1123 2792 1188 ἐξάπτει
2830 1124 2930 1194 τῆς
2980 1123 3207 1192 ἀγάπης
3253 1121 3354 1195 τὴν
3382 1122 3573 1193 φλόγα.
3605 1126 3709 1178 Καὶ
3735 1127 3870 1181 τοῦτο

2324 1217 2474 1287 ἡμᾶς
2502 1217 2562 1269 οὐ
2592 1217 2755 1287 μόνον
2793 1219 2820 1272 ὁ
2873 1215 3050 1287 μέγας
3099 1215 3306 1282 ἐδίδαξε
3336 1215 3594 1287 Μωῦσῆς,
3626 1217 3752 1272 ἀλλὰ
3793 1221 3871 1274 καὶ

2325 1309 2360 1378 ἡ
2397 1307 2529 1377 ἁγία
2558 1307 2744 1380 νύμφη
2769 1351 2785 1376 ,
2823 1309 2956 1380 περὶ
2983 1302 3052 1378 ἧς
3081 1310 3108 1362 ὁ
3147 1307 3436 1372 θεσπέσιος
3471 1308 3615 1376 λέγει
3650 1308 3868 1373 Παῦλος⁸

2332 1417 2352 1452 ι
2390 1399 2750 1471 Ἡρμοσάμην
2778 1399 2922 1469 ὑμᾶς
2951 1399 3033 1453 ένὶ
3053 1399 3211 1470 ἀνδρὶ
3237 1398 3506 1468 παρθένον
3530 1399 3692 1468 ἁγνὴν
3722 1419 3872 1471 παρα-

2329 1490 2524 1560 στῆσαι
2562 1490 2640 1560 τῷ
2665 1489 2909 1561 Χριστῷ.
2951 1509 2972 1542 ι
3004 1489 3152 1560 Αὕτη
3185 1489 3294 1562 γὰρ
3327 1491 3384 1542 ὲν
3413 1490 3492 1560 τῷ
3530 1491 3758 1562 ᾋσματι
3782 1493 3873 1544 τῶν

2327 1581 2588 1652 ᾀσμάτων
2619 1581 2756 1654 πρὸς
2787 1581 2878 1635 τὸν
2917 1581 3150 1651 νυμφίον
3191 1579 3292 1652 βοᾷ
3317 1597 3332 1612 ·
3371 1600 3391 1634 ι
3439 1581 3618 1646 Δεῖξόν
3660 1599 3745 1652 μοι
3789 1583 3872 1652 τήν

2325 1670 2449 1741 ὄψιν
2480 1687 2574 1724 σου
2597 1712 2612 1739 ,
2645 1671 2740 1725 καὶ
2775 1669 3066 1726 ἀκούτισὸν
3101 1689 3192 1743 μοι
3224 1671 3327 1742 τῆς
3357 1671 3543 1741 φωνῆς
3589 1688 3678 1724 σου
3702 1709 3716 1734 ,
3749 1671 3819 1724 ὅτι
3845 1673 3871 1740 ή

2327 1763 2479 1833 φωνή
2517 1780 2609 1817 σου
2645 1763 2818 1834 ἡδεῖα,
2865 1763 2962 1816 καὶ
3000 1763 3186 1834 ήδψις
3220 1780 3317 1818 σου
3348 1764 3546 1837 ὡραῖα.
3587 1783 3605 1816 ι
3653 1765 3741 1817 Ἐκ
3781 1764 3871 1834 γὰρ

638 1863 1053 1933 pulchritudine
1084 1866 1298 1918 narrari
1335 1865 1618 1933 audierat,
1655 1875 1916 1936 tanquam
1949 1867 2074 1923 aliis
2093 1869 2224 1924 sub-

2330 1855 2435 1910 τῶν
2474 1856 2605 1928 περὶ
2656 1855 2822 1910 αὐτοῦ
2867 1854 3042 1924 λόγων
3085 1855 3360 1928 δεξαμένη
3391 1855 3485 1910 τὸν
3532 1855 3739 1926 ἔρωτα,
3790 1857 3872 1907 οὐκ

637 1963 831 2015 recta,
881 1953 1058 2023 ipsius
1097 1969 1320 2024 quoque
1349 1966 1654 2025 conspectu
1709 1956 1815 2011 frui
1871 1959 2062 2028 cupit,
2113 1961 2222 2013 vim

637 2043 854 2109 amoris
909 2042 1225 2099 laudatione
1282 2045 1370 2100 illa
1426 2046 1804 2117 significans:
1861 2066 1878 2099 ι
1932 2046 2222 2114 Ostende,

635 2135 816 2199 inihi,
871 2135 1090 2204 inquit,
1150 2136 1344 2190 faciem
1396 2147 1582 2205 tuam,
1643 2147 1699 2193 et
1737 2150 1896 2195 sonet
1958 2157 2062 2195 vox
2127 2150 2222 2195 tua

638 2228 694 2280 in
739 2227 970 2282 auribus
1003 2228 1184 2282 meis:
1235 2243 1334 2282 vox
1367 2230 1512 2284 enim
1555 2239 1652 2285 tua
1701 2231 1916 2296 dulcis,
1958 2243 2015 2288 et
2057 2233 2228 2290 facies

639 2325 734 2370 tua
769 2317 991 2372 decora.
1050 2337 1069 2370 ι
1109 2317 1288 2389 Hujus
1343 2320 1508 2376 etiam
1571 2322 2002 2392 pulchritudinis
2043 2340 2229 2381 amore

641 2418 839 2481 captus
895 2411 1046 2468 illius
1092 2427 1330 2482 sponsor
1389 2429 1453 2469 ac
1494 2416 1931 2488 paranymphus,
1981 2416 2225 2484 divinus,

640 2501 892 2571 inquam,
928 2501 1169 2568 Paulus,
1223 2503 1515 2560 amabilem
1564 2506 1713 2560 illam
1775 2508 1964 2562 amisit
2015 2522 2227 2563 vocem.

647 2613 666 2646 ι
731 2594 871 2661 Quis
922 2611 1024 2652 nos
1087 2597 1368 2667 separabit
1408 2613 1438 2652 a
1491 2598 1762 2655 charitate
1821 2598 2077 2656 Christi?
2130 2601 2231 2655 tri-

642 2684 893 2750 bulatio,
947 2699 1018 2740 an
1069 2687 1366 2758 angustia,
1433 2704 1500 2742 an
1534 2687 1731 2755 fames,
1782 2702 1850 2744 an
1893 2691 2229 2760 persecutio,

643 2790 714 2828 an
776 2774 1037 2841 nuditas,
1107 2792 1176 2831 an
1239 2778 1582 2848 periculum,
1643 2792 1713 2833 an
1773 2779 2026 2850 gladius?
2087 2781 2231 2837 sicut

644 2867 919 2938 scriptum
966 2875 1052 2924 est
1089 2886 1103 2924 :
1148 2870 1277 2939 quia
1317 2879 1541 2940 propter
1591 2879 1642 2926 te
1683 2871 2083 2927 mortificamur
2117 2881 2230 2928 tota

641 2958 767 3024 die,
813 2959 1068 3015 aestimati
1119 2976 1314 3018 sumus
1361 2962 1508 3018 sicut
1564 2977 1696 3018 oves
1749 2963 2051 3020 occisionis
2103 2975 2153 3018 ο.
2207 2983 2225 3016 ι

641 3049 852 3108 Deinde
873 3060 932 3107 et
955 3055 1264 3110 tolerantiae
1283 3055 1448 3125 hujus
1470 3056 1716 3111 ostendit
1740 3071 1964 3114 causam
1987 3073 2004 3135 :_
2037 3077 2056 3110 ι
2093 3057 2229 3114 Nam

641 3143 696 3196 in
728 3143 837 3208 his,
867 3144 1086 3214 inquit,
1124 3147 1386 3204 omnibus
1431 3162 1777 3218 superamus,
1811 3159 2035 3221 propter
2060 3150 2228 3206 Deum

641 3234 736 3301 qui
767 3234 961 3289 dilexit
993 3251 1118 3290 nos.
1163 3255 1182 3288 ι
1208 3237 1644 3294 Considerantes
1666 3239 1813 3294 enim
1843 3279 1858 3304 ,
1889 3242 2082 3310 quales
2105 3257 2230 3296 cum

643 3339 918 3389 essemus,
960 3326 1275 3393 cujusmodi
1304 3329 1322 3348 ⁹
1357 3325 1518 3382 bonis
1547 3324 1728 3380 affecti
1776 3326 1974 3392 simus,
2011 3335 2064 3382 et
2095 3343 2235 3398 quo-

643 3417 813 3471 modo
866 3431 978 3470 non
1035 3417 1196 3486 primi
1243 3433 1346 3472 nos
1392 3417 1706 3483 dileximus,
1743 3419 1840 3474 sed
1893 3420 2068 3474 amari
2113 3420 2234 3476 red-

643 3507 954 3562 amavimus
991 3525 1004 3561 :
1037 3518 1089 3562 et
1113 3507 1180 3562 ab
1215 3524 1303 3574 eo,
1341 3524 1502 3578 quem
1527 3509 1655 3563 odio
1682 3509 2037 3577 habebamus,
2069 3513 2231 3567 amati

642 3613 869 3664 sumus,
917 3615 1153 3670 cumque
1190 3600 1400 3655 inimici
1439 3599 1650 3671 1303
1703 3616 1991 3668 essemus,
2039 3616 2233 3657 recon-

641 3691 817 3746 ciliati
851 3707 1045 3747 sumus
1082 3693 1126 3758 ί,
1156 3709 1266 3748 non
1317 3693 1424 3764 ipsi
1477 3707 1579 3764 pro
1610 3695 2061 3750 reconciliatione
2099 3709 2230 3765 snp-

643 3784 913 3855 plicantes
941 3826 955 3851 ,
1014 3785 1114 3840 sed
1163 3785 1596 3841 intercessorem
1654 3785 1920 3840 habentes
1969 3784 2233 3855 Unigeni-

644 3886 784 3940 tum,
811 3885 867 3930 et
889 3876 985 3946 qui
1016 3876 1279 3945 injuriam
1305 3877 1696 3941 intuleramus,
1721 3876 1790 3930 ab
1813 3875 2009 3931 allecto
2031 3877 2231 3946 injuria

643 3968 1080 4023 consolationem
1124 3969 1439 4038 accepimus
1473 3987 1488 4024 :
1517 3983 1736 4024 crucem
1763 3977 1963 4038 praeter
1985 3985 2048 4024 ea
2078 3970 2230 4024 salu-

645 4069 822 4114 tarem
843 4061 1238 4130 expendentes,
1269 4061 1512 4133 itemque
1541 4073 1642 4130 pro
1667 4059 1828 4114 nobis
1858 4059 2187 4116 cruciﬁxum
2215 4100 2228 4124 ,

642 4153 921 4209 salutares
965 4153 1258 4224 passiones
1287 4192 1302 4216 ,
1372 4153 1570 4208 mortis
1625 4151 1821 4220 finem,
1858 4168 2011 4223 spem
2042 4167 2230 4209 resur-

645 4241 914 4298 rectionis
940 4241 1104 4298 nobis
1135 4243 1344 4298 datam.

722 4417 844 4474 Haec
863 4423 924 4473 et
950 4416 1222 4488 ejusmodi
1246 4418 1352 4473 alia
1375 4419 1811 4488 considerantes,
1846 4419 2005 4476 facile
2029 4421 2224 4493 gravia

646 4525 881 4581 quaeque
909 4511 1071 4566 nobis
1102 4510 1416 4581 ingruentia
1461 4527 1812 4582 superamus,
1845 4519 1900 4566 et
1935 4511 2229 4568 beneficio-

647 4618 769 4657 rum
806 4603 1250 4659 recordationem
1279 4617 1403 4657 cum
1446 4603 1782 4673 temporaria
1809 4603 2059 4674 corporis
2089 4603 2228 4659 allii-

646 4695 835 4750 ctione
861 4704 1272 4766 comparantes,
1299 4695 1619 4766 graviorum
1655 4710 1838 4750 rerum
1875 4695 2226 4754 incursiones

648 4786 887 4842 libenter
913 4787 1284 4843 sustinemus:
1318 4787 1581 4858 quoniam
1615 4788 1869 4844 universa
1913 4791 2038 4845 vitae
2072 4790 2228 4844 ta:dia

648 4887 775 4932 cum
815 4877 1032 4934 Domini
1085 4894 1273 4934 amore
1318 4879 1707 4949 ponderantes,
1744 4881 2039 4936 admodum
2091 4882 2232 4937 levia

650 4964 743 5019 illa
774 4964 1264 5036 deprehendimus.
1311 4966 1470 5034 Quod
1508 4969 1554 5024 si
1585 4976 1807 5038 cuncta,
1840 4986 1961 5041 quae
1989 4971 2234 5042 jucunda

649 5067 703 5112 ct
732 5057 1075 5114 delectabilia
1103 5059 1360 5115 videntur
1389 5061 1441 5114 in
1470 5059 1573 5114 hac
1604 5061 1737 5126 vita,
1783 5063 1838 5116 in
1879 5079 2046 5118 unum
2079 5063 2234 5117 rede-

650 5148 916 5218 gerimus,
943 5163 1012 5204 ex
1037 5147 1272 5206 adverso
1303 5150 1535 5207 libratus
1569 5151 1792 5208 divinus
1839 5169 1995 5208 amor
2045 5155 2236 5209 umbra

653 5235 850 5308 quavis
887 5239 1252 5296 imbecilliora
1279 5241 1394 5307 illa,
1429 5245 1730 5314 vernisque
1780 5244 2010 5300 floribus
2040 5259 2234 5300 corru—

659 5331 938 5399 ptibiliora
997 5331 1365 5390 demonstrat.
1423 5333 1552 5389 Haec
1601 5335 1800 5406 partim
1855 5346 1985 5390 ante
2036 5336 2238 5403 dictis,

665 5423 863 5486 partim
887 5432 942 5477 et
978 5433 1103 5493 post
1134 5423 1390 5480 dicendis
1416 5425 1670 5493 designat
1701 5426 2014 5482 manifeste.
2046 5445 2062 5478 ι
2108 5428 2240 5484 Cer-

663 5518 754 5566 tus
792 5528 914 5568 sum
959 5515 1130 5582 enim,
1173 5517 1373 5586 inquit,
1429 5517 1578 5588 quod
1637 5531 1814 5586 neque
1856 5533 2028 5585 mors,
2066 5535 2243 5590 neque

665 5605 797 5667 vita,
827 5620 1006 5676 neque
1040 5608 1241 5680 angeli,
1261 5623 1440 5680 neque
1470 5608 1831 5680 principatus,
1873 5626 2052 5681 neque
2087 5625 2238 5682 pote-

740 5793 764 5824 ο
801 5783 843 5838 Il
883 5782 1007 5839 Cor.
1051 5786 1203 5849 xt,2.
1283 5784 1308 5824 ἀ
1349 5787 1508 5844 Cant.
1535 5803 1594 5856 tt,
1626 5788 1708 5845 14.

2259 3209 2301 3265 C

2261 4558 2304 4614 Ι)

2328 1946 2582 2018 ἀρκεῖται
2633 1949 2748 2010 τοῖς
2779 1947 2992 2016 λόγοις,
3039 1945 3176 2001 ἀλλὰ
3231 1949 3329 2002 καὶ
3388 1948 3558 2018 αὐτῆς
3607 1947 3868 2001 ἐπακοῦσαι

2329 2035 2486 2090 ποθεῖ
2517 2037 2616 2107 τῆς
2662 2038 2870 2106 φωνῆς.
2917 2037 3030 2091 Καὶ
3077 2039 3424 2110 πτερωθεῖσα
3465 2041 3577 2102 τοῖς
3625 2040 3746 2110 περὶ
3790 2038 3868 2105 τῆς

2328 2125 2479 2197 ῶρας
2507 2127 2673 2181 αὑτοῦ
2700 2128 3020 2200 διηγήμασι,
3063 2129 3157 2182 καὶ
3196 2129 3372 2200 αὐτῆς
3403 2130 3613 2200 ἐφίεται
3649 2130 3739 2200 τῆς
3761 2130 3868 2183 θεω-

2331 2218 2480 2290 ρίας,
2509 2222 2631 2283 ταῖς
2658 2221 2981 2291 εἰρημέναις
3019 2223 3324 2293 εὐφημίαις
3356 2222 3417 2276 τὸ
3464 2221 3677 2294 φίλτρον
3704 2220 3868 2293 σημαί-

2329 2329 2515 2366 νουσα.
2553 2332 2571 2365 ι
2604 2313 2787 2380 Δεῖξόν
2825 2331 2940 2385 μοι,
2976 2315 3131 2384 φησι,
3161 2315 3262 2385 τὴν
3303 2315 3432 2385 ὄψιν
3461 2333 3554 2368 σου
3575 2355 3589 2380 ,
3619 2317 3708 2368 καὶ
3731 2313 3868 2367 ἁκού-

2329 2403 2479 2457 τισόν
2521 2421 2613 2474 μοι
2649 2404 2748 2474 τῆς
2798 2405 2986 2475 φωνῆς
3037 2422 3168 2472 σου,
3202 2407 3350 2479 ὅτιή
3414 2407 3564 2477 φωνή
3595 2423 3685 2460 σου
3726 2405 3867 2476 ήδεία,

2331 2496 2424 2550 καὶ
2458 2497 2491 2566 ή
2531 2495 2654 2566 ὄψις
2680 2512 2773 2550 σου
2797 2496 2998 2569 ὡραῖα.
3034 2515 3054 2548 ι
3089 2497 3299 2551 Τούτου
3357 2497 3452 2552 τοῦ
3495 2497 3717 2560 κάλλους
3747 2497 3869 2551 καὶὸ

2329 2587 2536 2661 ταύτης
2585 2589 2958 2662 προμνήστωρ
3003 2591 3098 2645 καὶ
3145 2591 3524 2662 νυμφοστόλος
3562 2589 3870 2660 έρασθεὶς,ὁ

2332 2679 2662 2746 θεσπέσιος,
2716 2682 2898 2752 φημί,
2941 2680 3154 2747 Παῦλος
3181 2724 3194 2748 ,
3231 2681 3340 2753 τὴν
3383 2681 3647 2755 ἐρωτικὴν
3689 2679 3870 2748 εκείνην

2329 2771 2512 2842 ἀφῆκε
2543 2773 2759 2841 φωνήνο
2798 2791 2817 2825 ι
2841 2773 2938 2837 Τίς
2970 2775 3120 2845 ἡμᾶς
3145 2774 3379 2846 χωρίσει
3411 2774 3523 2830 ἀπὸ
3563 2776 3656 2845 τῆς
3687 2775 3871 2842 ἀγάπης

2330 2863 2426 2919 τοῦ
2466 2865 2739 2934 Χριστοῦ;
2793 2865 3024 2936 eum,
3076 2868 3109 2939 ἢ
3154 2867 3527 2940 στενοχωρία,
3571 2867 3602 2938 ἢ
3637 2862 3869 2936 λιμὸς,ἧ

2329 2955 2608 3027 διωγμὸς,
2671 2959 2705 3030 ἢ
2752 2959 3031 3032 γυμνότης
3057 3000 3074 3026 ,
3129 2959 3163 3029 ἢ
3196 2959 3486 3027 κίνδυνος,
3533 2959 3565 3030 ἢ
3622 2958 3868 3030 μάχαιρας

2331 3047 2516 3112 καθὼς
2552 3049 2888 3120 γέγραπται·
2919 3051 3003 3104 ὃτι
3037 3050 3201 3104 ἕνεκά
3235 3067 3337 3105 σου
3375 3048 3736 3120 θανατούμεθα
3767 3045 3871 3114 ὃλην

2332 3133 2433 3206 τὴν
2457 3137 2693 3208 ἡμέραν,
2718 3137 3077 3209 ἐλογίσθημεν
3097 3138 3170 3204 ὡς
3195 3141 3449 3211 πρόϐατα
3473 3139 3693 3210 σφαγῆς.
3723 3155 3740 3189 ι
3764 3131 3870 3189 Εἶτα

2335 3227 2432 3280 καὶ
2481 3229 2581 3294 τῆς
2625 3228 2929 3300 καρτερίας
2985 3228 3339 3285 ὑποδείκνυσι
3371 3230 3469 3302 τὴν
3531 3229 3763 3284 αίτίαν.ι
3803 3225 3869 3277 Ἑν

2335 3317 2548 3388 τούτοις
2571 3318 2703 3390 γὰρ,
2737 3320 2896 3390 φησὶ,
2939 3323 3076 3376 πᾶσι
3107 3322 3501 3394 ὑπερνικῶμεν
3539 3323 3622 3376 διὰ
3646 3319 3730 3376 τοῦ
3760 3319 3867 3385 ἁγα-

2335 3410 2609 3480 πήσαντος
2636 3412 2784 3482 ἡμᾶς
2805 3411 2962 3466 Θεοῦ.
3000 3431 3020 3466 ι
3050 3413 3428 3486 Σκοπούμενοι
3458 3415 3567 3485 γάρ
3598 3412 3729 3473 τίνες
3749 3409 3867 3466 ὄντες

2333 3501 2496 3557 τίνων
2551 3501 2955 3574 ἀπηλαύσαμεν
3011 3504 3277 3574 ἀγαθῶν,
3345 3507 3441 3562 καὶ
3475 3506 3551 3574 ὡς
3605 3505 3700 3574 οὐχ
3741 3499 3866 3571 ἡμεῖς

2333 3596 2704 3667 ἠγαπήσαμεν
2755 3597 3006 3668 πρῶτοι,
3069 3596 3186 3650 ἀλλ’
3239 3597 3622 3670 ἀγαπηθέντες
3671 3595 3867 3660 mira-

2334 3687 2590 3757 πήσαμεν
2617 3704 2631 3715 ο
2685 3686 2778 3740 καὶ
2831 3687 3116 3758 μισοῦντες
3145 3689 3525 3762 ἡγαπήθημεν
3547 3729 3563 3754 ,
3598 3686 3688 3741 καὶ
3720 3677 3869 3753 ἐχθροὶ

2333 3776 2486 3841 ὄντες
2516 3777 2943 3850 κατηλλάγημεν
2967 3795 2981 3808 °
3015 3780 3118 3834 οὐκ
3149 3780 3308 3835 αὐτοὶ
3342 3784 3525 3853 τυχεῖν
3553 3779 3658 3834 τῶν
3696 3773 3870 3831 διαλλα-

2333 3867 2444 3936 γῶν
2497 3868 2875 3933 ἱκετεύσαντες
2903 3910 2919 3933 ,
2955 3869 3094 3924 ἀλλά
3149 3870 3241 3925 τὸν
3299 3874 3588 3942 Μονογενῆ
3633 3867 3870 3937 δεξάμενοι

2334 3959 2674 4032 πρεσϐευτήν
2704 3976 2718 3991 ο
2753 3962 2846 4014 καὶ
2877 3962 2928 4015 oi
2954 3961 3278 4034 ἠδικηκότες
3315 3965 3424 4018 ὑπὸ
3450 3963 3545 4018 τοῦ
3573 3957 3874 4030 ἀδικηθέντος

2334 4052 2816 4125 παρακληθέντεςς
2873 4055 2970 4109 καὶ
3003 4055 3140 4127 πρὸς
3181 4057 3397 4122 τούτοις
3449 4055 3775 4126 λογιζόμενοι
3802 4046 3871 4100 τὸν

2333 4143 2598 4208 ζωοποιὸν
2634 4145 2891 4218 σταυρὸν,
2931 4145 3023 4201 τὸν
3049 4147 3190 4220 ὑπὲρ
3216 4148 3379 4220 ήμῶν
3415 4144 3797 4218 σταυρωθέντα,
3824 4136 3877 4188 τὰ

2331 4236 2582 4306 σωτήρια
2632 4235 2780 4308 πάθη
2804 4275 2819 4302 ,
2859 4237 2956 4290 τοῦ
2999 4236 3235 4294 θανάτου
3283 4243 3388 4312 τὴν
3421 4239 3668 4305 παῦλαν,
3699 4233 3784 4306 τὴν
3810 4229 3876 4282 δο-

2333 4325 2518 4381 θεῖσαν
2545 4328 2676 4399 ήμῖν
2704 4328 2804 4400 τῆς
2835 4330 3192 4396 ἀναστάσεως
3218 4331 3439 4387 ἐλπίδα.

2403 4417 2588 4472 Ταῦτα
2606 4419 2706 4473 καὶ
2721 4419 2791 4473 τά
2803 4422 3027 4476 τοιαῦτα
3049 4423 3252 4476 σκοπού
3261 4441 3418 4494 μενοι
3435 4423 3542 4478 τῶν
3557 4409 3878 4491 προσπιπτόν-

2333 4526 2440 4565 των
2461 4512 2593 4580 ἡμῖν
2618 4511 3013 4584 περιγινόμεθα
3033 4514 3404 4586 σκυθρωπῶν,
3441 4515 3539 4569 καὶ
3561 4513 3667 4565 τῶν
3698 4509 3879 4575 εὐεργε-

2333 4599 2464 4656 σιῶν
2481 4601 2576 4673 τὴν
2600 4603 2819 4674 μνήμην
2837 4603 3222 4675 παρατιθέντες
3235 4608 3302 4678 τῇ
3321 4604 3646 4678 προσκαίρῳ
3665 4607 3870 4654 κακοπαο

2333 4691 2456 4764 θείᾳ
2469 4692 2562 4746 τοῦ
2582 4692 2853 4764 σώματος,
2869 4693 3107 4768 φέρομεν
3131 4696 3422 4762 ἀσπασίως
3442 4694 3663 4767 τὴντῶν
3683 4681 3872 4756 ἀνιαρῶν

2333 4784 2660 4856 προσϐολήν.
2699 4785 3260 4851 Ἀντιταλαντεύοντες
3294 4790 3407 4860 γὰρ
3433 4787 3514 4858 τῷ
3555 4784 3682 4856 περὶ
3707 4780 3787 4834 τὸν
3811 4777 3876 4826 Δε·

2337 4879 2543 4950 σπότην
2593 4878 2803 4950 φίλτρῳ
2852 4879 3029 4934 πάντα
3079 4880 3147 4936 τὰ
3188 4880 3284 4934 τοῦ
3316 4881 3438 4951 βίου
3473 4877 3712 4952 λυπηρὰ,
3741 4868 3880 4933 κοῦφα

2333 4969 2455 5024 λίαν
2503 4969 2853 5041 εὑρίσκομεν.
2910 4970 3032 5026 Κᾶν
3077 4971 3144 5026 τά
3191 4973 3404 5044 τερπνὰ
3445 4973 3506 5026 δὲ
3563 4971 3766 5026 ἅπαντα
3810 4955 3877 5012 καὶ

2335 5061 2556 5132 θυμήρη
2585 5061 2845 5115 δοκοῦντα
2893 5061 3038 5115 κατὰ
3111 5063 3307 5118 ταυτὸν
3365 5062 3774 5130 συναγάγωμεν,
3803 5051 3874 5101 ἀν·

2331 5152 2776 5225 τισταθμώμενος
2801 5155 2830 5207 ὁ
2859 5153 2999 5218 θεῖος
3024 5153 3208 5222 πόθος,
3235 5156 3396 5219 σκιᾶς
3417 5152 3786 5227 ἀδρανέστερα,
3808 5137 3878 5227 iul

2332 5243 2539 5296 ἀνθέων
2593 5243 2826 5314 ἐαρινῶν
2859 5243 3269 5316 εὐφθαρτότερα
3314 5226 3582 5298 δείκνυσι.
3613 5238 3781 5294 Ταῦτα
3807 5226 3880 5282 καὶ

2332 5332 2421 5388 διὰ
2445 5333 2554 5386 τῶν
2584 5335 2912 5407 εἰρημένων,
2944 5336 3038 5389 καὶ
3066 5337 3157 5391 διά
3203 5336 3314 5391 τῶν
3343 5335 3766 5408 λεχθησομένων.
3804 5338 3880 5389 ση-

2338 5425 2518 5497 μαίνει
2568 5427 2775 5496 σαφῶς.
2837 5447 2858 5481 ι
2911 5429 3222 5500 ιιέπεισμαι
3255 5428 3387 5500 γὰρ,
3431 5429 3616 5499 φησὶν,
3659 5425 3735 5477 ὅτι
3783 5413 3881 5470 οὔτε

2332 5519 2578 5584 θάνατος,
2615 5519 2738 5573 οὔτε
2769 5521 2904 5592 ζωὴ,
2941 5520 3064 5576 οὔτε
3127 5523 3377 5593 ἄγγελοι,
3421 5520 3548 5575 οὔτε
3587 5514 3759 5588 ἀρχαὶ,
3781 5504 3878 5561 οὔτε

2341 5609 2618 5681 δυνάμεις,
2649 5609 2796 5677 οὔτε,
2809 5613 3101 5682 ἐνεστῶτα,
3136 5613 3257 5668 οὔτε
3296 5611 3584 5686 μέλλοντα,
3608 5604 3722 5660 οὔτε
3760 5596 3877 5666 ὖψω·

1813 5801 1833 5828 ο
1873 5789 2030 5848 Rom.
2060 5809 2174 5862 rm,
2214 5794 2282 5849 55
2312 5810 2426 5865 seq.
2513 5794 2527 5833 ί
2562 5793 2718 5850 Rom.
2759 5809 2814 5862 v,
2853 5793 2935 5849 12.
