4074 6404
245 486 387 555 1505
1258 473 1542 537 ORATIO
1590 471 1686 533 DE
1728 470 1842 531 DIV

1948 469 1991 526 Α
2031 466 2485 528 CHAPJTATE.
3366 461 3501 528 1506

244 621 345 675 μα,
392 595 517 651 οὕτε
571 590 754 663 βάθος,
795 587 920 643 οὒτε
950 602 1035 650 τις
1087 583 1262 649 κτίσις
1301 584 1484 654 ἑτέρα,
1536 580 1826 651 δυνήσεται

1941 584 2125 641 states,
2158 589 2338 646 neque
2368 571 2656 640 instantia,
2685 586 2863 643 neque
2906 570 3116 637 futura,
3150 585 3328 642 neque
3380 574 3507 628 alti-

240 664 394 765 ⁴ίιμᾶς
444 685 678 759 χωρίσαι
724 681 836 735 ἀπὸ
877 679 979 750 τῆς
1022 678 1245 748 ἀγάπης
1294 675 1391 728 τοῦ
1424 672 1584 736 Θεοῦ,
1611 671 1711 739 τῆς
1766 669 1826 722 ὲν

1941 666 2082 731 ludo,
2109 679 2289 737 neque
2317 664 2667 736 profundum,
2696 679 2876 734 neque
2905 672 3166 719 creatura
3191 665 3297 718 alia
3329 666 3509 735 possit

239 755 476 856 Ἰῖριστὶβ
503 773 679 844 Ἰησοῦ
705 771 784 844 τῷ
813 770 1004 843 Κυρίῳ
1040 768 1216 840 ἡμῶν.
1260 786 1279 819 ι
1327 764 1546 834 Ἐπειδὴ
1575 762 1684 832 γὰρ
1715 760 1827 814 ἄνω

1941 772 2029 812 nos
2066 772 2381 829 separarea
2424 755 2696 812 charitate
2733 755 2850 823 Dei,
2883 771 3006 827 quae
3060 764 3145 812 est
3176 757 3234 812 in
3280 756 3507 812 Christo

239 852 311 929 τά
341 866 643 942 σκυθρωπὰ
698 865 833 936 μόνα
879 860 1161 924 τεθεικὼς,
1222 859 1567 930 παρεξήτασε
1625 852 1824 922 θλίψιν,

243 965 343 1019 καὶ
377 958 762 1030 στενοχωρίαν,
794 955 887 1009 καὶ
939 952 1201 1022 διωγμὸν,
1252 949 1348 1004 καὶ
1380 947 1559 1018 λιμὸν,
1607 945 1703 998 καὶ
1732 959 1829 1011 γυ-

247 1057 512 1129 μνότητα,
543 1051 638 1105 καὶ
686 1046 952 1106 κίνδυνον,
980 1043 1076 1097 καὶ
1126 1042 1420 1113 μάχαιραν,
1450 1036 1698 1091 τουτέστι
1728 1032 1828 1105 τὴν

246 1128 430 1221 βιαίαν
454 1142 669 1211 σφαγήν
693 1158 706 1170 ·
727 1138 950 1199 εἰκότως
970 1133 1223 1197 ἐνταῦθα,
1242 1131 1426 1185 καὶτὰ
1450 1128 1592 1198 θυμή
1602 1144 1667 1196 ρη
1696 1142 1829 1221 προς

244 1210 428 1306 τίθησι
444 1210 556 1296 τοῖς
582 1210 870 1298 ἀλγεινοῖς,
914 1223 993 1295 τῷ
1010 1222 1224 1292 θανάτῳ
1248 1219 1345 1289 τὴν
1367 1216 1532 1286 ζωὴν,
1564 1215 1634 1269 τά
1661 1210 1830 1306 νοητά

244 1303 368 1392 τοῖς
393 1322 696 1392 αίσθητοῖς,
746 1319 859 1379 τοῖς
885 1314 1188 1387 ὁρωμένοις
1224 1309 1326 1373 τὰς
1370 1307 1636 1378 άοράτους
1669 1303 1832 1357 δυνά-

248 1437 392 1493 μεις,
411 1418 523 1479 τοῖς
537 1409 772 1483 παροῦσι
797 1407 891 1461 καὶ
912 1404 1166 1475 παριοῦσι
1185 1402 1253 1455 τὰ
1287 1397 1551 1472 μέλλοντά
1564 1412 1623 1449 τε
1644 1394 1740 1447 καὶ
1761 1393 1830 1447 τά

249 1485 480 1584 μένοντα
504 1523 516 1536 ·
548 1504 683 1576 πρὸς
707 1501 937 1564 τούτοις,
960 1499 1058 1569 τῆς
1080 1496 1302 1565 γεέννης
1318 1492 1380 1545 τὸ
1406 1490 1585 1562 βάθος,
1608 1487 1706 1542 καὶ
1730 1485 1830 1557 τῆς

248 1581 525 1676 βασιλείας
567 1597 628 1650 τὸ
674 1594 829 1665 ὕψος.
877 1589 1064 1645 Ταῦτα
1108 1588 1164 1642 δὲ
1215 1587 1393 1639 πάντα
1434 1581 1828 1652 παρεξετάσας,

246 1671 344 1751 καὶ
379 1691 555 1766 εὑρὼν
594 1689 811 1743 ἅπαντα
859 1683 937 1755 τῷ
976 1682 1184 1753 φίλτρῳ
1233 1674 1687 1750 παραχωροῦντα,
1736 1671 1833 1726 καὶ

245 1790 318 1843 τά
350 1763 573 1856 λυπηρά
624 1780 720 1834 καὶ
769 1778 838 1832 τὰ
880 1777 1124 1847 θυμήρη,
1177 1773 1273 1826 καὶ
1310 1771 1409 1838 τῆς
1469 1768 1689 1837 ἀγάπης

249 1881 508 1952 στέρησιν
538 1875 637 1944 τῆς
666 1875 724 1925 ὲν
762 1869 959 1939 γεέννῃ
1007 1865 1284 1926 κολάσεως
1338 1859 1669 1930 πικροτέραν
1695 1871 1709 1885 ·
1735 1854 1831 1909 καὶ

1922 850 2055 907 Jesu
2083 850 2317 905 Domino
2342 859 2536 906 nostro
2556 852 2603 905 3.
2641 868 2660 901 ι
2687 849 2827 915 Quia
2856 850 3000 905 enim
3028 864 3196 918 supra
3228 863 3290 903 ea
3323 849 3504 904 solum

1925 958 2050 1015 qua
2087 942 2266 998 tristia
2296 947 2459 996 erant
2489 940 2674 1012 posuit
2698 951 2752 995 et
2791 941 3148 1010 comparavit,
3192 939 3509 994 tribulatio-

1927 1048 2073 1098 nem,
2102 1041 2157 1088 et
2191 1032 2527 1103 angustiam,
2572 1039 2627 1086 et
2674 1032 3138 1102 persecutionem,
3172 1039 3227 1086 et
3282 1031 3505 1092 famem.

1926 1135 1981 1181 et
2004 1123 2332 1191 nuditatem,
2352 1132 2406 1178 et
2438 1124 2765 1195 periculum,
2800 1130 2855 1177 et
2882 1122 3146 1192 gladium,
3174 1122 3228 1176 id
3255 1129 3365 1184 est,
3386 1124 3509 1175 vio-

1928 1219 2132 1273 lentam
2179 1216 2425 1273 caedem:
2477 1216 2601 1286 jure
2648 1215 2857 1286 Optimo
2906 1213 2996 1268 hic
3041 1214 3207 1268 etiam
3263 1212 3509 1280 jucunda

1928 1309 2183 1365 tristibus
2217 1307 2488 1378 adjungit,
2537 1305 2698 1360 morti
2738 1305 2926 1369 vitam,
2969 1303 3183 1374 1304.
3231 1303 3514 1359 sensibili-

1926 1403 2031 1458 bus
2065 1398 2781 1471 intelligibilia,visibilibus
2824 1397 3058 1451 virtutes
3092 1396 3196 1451 sub
3232 1403 3510 1463 aspectum

1927 1509 2037 1548 non
2067 1492 2353 1557 cadentes,
2378 1490 2750 1562 praesentibus
2793 1502 2858 1542 ac
2892 1488 3188 1559 praeteritis
3223 1486 3404 1541 futura
3459 1496 3515 1539 et

1929 1583 2328 1656 permanentia,
2390 1580 2754 1652 profunditati
2813 1580 3055 1650 denique
3117 1579 3379 1648 gehenn:e
3433 1578 3515 1630 al-

1929 1672 2220 1730 titudinem
2248 1674 2424 1744 regni.
2459 1673 2586 1727 Haec
2611 1687 2741 1727 vero
2770 1672 2954 1726 omnia
2980 1686 3103 1725 cum
3137 1671 3282 1725 inter
3314 1685 3373 1725 se
3395 1685 3517 1722 mll-
3544 1654 3549 1659 ’

1930 1776 2030 1822 tuo
2064 1768 2459 1831 examinasset,
2491 1772 2807 1834 cunctaque
2835 1763 3010 1817 amori
3059 1762 3312 1817 cedentia
3371 1775 3519 1815 cont-

1932 1857 2194 1928 perisset,
2239 1856 2417 1911 tristia
2482 1854 2730 1911 simulet
2789 1852 3060 1922 jucunda,
3116 1850 3518 1920 charitatisque

246 1924 787 2038 satis;vlzl;,1;rmp'
828 1924 959 2014 οίόν¹
987 1974 1044 2011 τε
1080 1952 1168 2029 ἦν,
1206 1924 1378 2007 εἵλετο
1421 1924 1488 2005 ἀν
1537 1924 1675 2020 μετά
1731 1946 1833 2013 τῆς

1941 1949 2298 2019 privationem
2330 1947 2529 2016 quovis
2555 1960 2679 2002 esse
2718 1944 2991 2013 supplicio
3045 1943 3311 2011 gehennae
3356 1957 3517 1995 arer-

252 2067 406 2126 θείας
436 2061 656 2131 ἀγάπης
684 2058 787 2125 τὴν
809 2046 1182 2124 ἠπειλημένην
1211 2047 1455 2107 κόλασιν,
1490 2043 1523 2113 ἢ
1553 2042 1675 2112 δίχα
1707 2038 1835 2093 ταύ-

248 2172 352 2226 της
380 2152 478 2224 τὴν
513 2146 928 2221 ἐπηγγελμένην
967 2142 1076 2196 τῶν
1108 2139 1353 2210 οὐρανῶν
1396 2134 1694 2206 βασιλείαν,
1735 2148 1833 2203 με-

249 2224 400 2299 θύων
444 2241 524 2312 τῷ
577 2239 727 2310 πόθῳ
756 2236 826 2290 τὰ
860 2234 935 2307 μὴ
987 2232 1277 2304 ὑφεστῶτα
1330 2229 1502 2300 ζητεῖ,
1543 2224 1835 2280 καὶταῦτα

252 2337 542 2407 συγκρῖναι
571 2330 648 2403 τῷ
679 2330 808 2395 θείῳ
831 2328 1036 2401 φίλτρῳ
1072 2325 1383 2395 φιλονεικεῖ.
1423 2340 1442 2373 ι
1473 2319 1612 2374 Οῠτε
1634 2317 1836 2388 ὕψωμα

250 2430 383 2501 γὰρ,
420 2426 604 2497 φησὶν,
636 2422 760 2477 οὔτε
791 2419 976 2491 βάθος,
1010 2416 1133 2471 οὕτε
1162 2433 1246 2480 τις
1274 2414 1450 2476 κτίσις
1474 2412 1638 2480 ἑτέρα
1674 2409 1833 2477 δυνή-

252 2498 407 2574 σεται
439 2517 586 2588 ἡμᾶς
623 2513 857 2585 χωρίσαι
894 2510 1004 2563 ἀπὸ
1036 2509 1135 2578 τῆς
1158 2507 1381 2576 ἀγάπης
1409 2503 1502 2557 τοῦ
1546 2500 1704 2565 Θεοῦ,
1735 2498 1837 2569 τῆς

249 2614 312 2665 ἐν
337 2608 559 2680 Χριστῷ
593 2603 771 2677 Ἰησοῦ
801 2603 880 2674 τῷ
915 2598 1301 2672 Κυρίῳ-ήμῶν.
1342 2617 1361 2649 ι
1404 2597 1480 2651 Οὐ
1510 2595 1617 2665 γὰρ
1654 2591 1833 2664 μόνον,

250 2703 413 2774 φησι,
432 2701 649 2753 πάντων
676 2694 812 2767 ὁμοῦ
835 2695 943 2748 τῶν
959 2691 1251 2765 ὁρωμένων
1268 2691 1358 2743 καὶ
1374 2687 1621 2760 ἀοράτων
1638 2686 1697 2738 τὸ
1710 2682 1839 2756 περὶ

248 2772 344 2847 τὸν
401 2791 631 2860 Σωτῆρα
665 2787 761 2841 καὶ
779 2783 1076 2856 Λυτρωτὴν
1102 2780 1398 2853 προτίθημι
1430 2778 1674 2847 φίλτρον,
1703 2772 1839 2827 ἀλλά
1904 2828 1917 2835 ς

250 2884 350 2938 καὶ
394 2881 449 2935 εἴ
481 2898 567 2945 τις
605 2877 768 2950 ἑτέρα
801 2876 975 2937 κτίσις
1003 2872 1207 2943 ταύτης
1235 2872 1331 2924 καὶ
1363 2869 1565 2940 μείζων
1593 2866 1688 2920 καὶ
1717 2863 1839 2918 καλ-

248 2974 386 3027 λίων
422 2973 748 3042 ἀναφανείη.
778 2969 839 3022 οὐ
873 2966 1050 3020 πείσει
1082 2981 1151 3036 με
1208 2963 1308 3034 τὴν
1342 2961 1561 3030 ἀγάπην
1605 2956 1836 3023 ἀλλάξα-

254 3067 405 3122 σθαι⁶
425 3064 587 3120 Ἀλλά
615 3063 719 3118 κᾶν
741 3061 812 3116 τά
833 3061 1055 3132 θυμήρη
1077 3074 1163 3121 τις
1186 3056 1445 3128 παράσχῃ
1464 3053 1586 3123 δίχα
1612 3049 1837 3121 ταύτης,

228 3161 316 3215 ,οὐ
349 3159 574 3231 δέξομαι
596 3173 611 3186 ο
649 3154 756 3209 κᾶν
794 3151 1050 3220 ἐπαγάγῃ
1074 3148 1162 3202 διὰ
1190 3146 1395 3216 ταύτην
1420 3144 1488 3198 τὰ
1518 3139 1838 3231 σκυθρωπὰ,

1936 2041 2167 2104 biorem,
2201 2049 2256 2094 ct
2295 2039 2457 2094 malle
2489 2053 2568 2101 se,
2609 2037 2653 2092 si
2716 2036 2925 2100 liceret,
2986 2032 3327 2089 ostendisset
3390 2046 3516 2086 (‘lllll

1936 2132 2234 2187 dilectione
2257 2130 2441 2184 divina
2474 2130 2802 2184 intentatam
2842 2125 3171 2196 gehennam,
3206 2139 3369 2193 quam
3397 2124 3518 2179 sine

1936 2225 2031 2280 illa
2059 2222 2392 2294 promissum
2431 2235 2661 2290 regnum
2691 2222 2708 2243 θ
2738 2218 3032 2280 calorum,
3069 2215 3379 2271 inebriatus
3424 2216 3516 2269 de—

1938 2315 2166 2380 siderio,
2191 2330 2301 2368 non
2330 2311 2690 2370 subsistentia
2720 2311 2938 2381 quaerit,
2968 2319 3172 2364 etcum
3206 2307 3298 2361 Dei
3325 2320 3515 2361 amore

1937 2419 2262 2478 comparare
2302 2404 2395 2457 illa
2422 2401 2733 2457 contendit.
2787 2419 2806 2452 ι
2846 2397 3036 2469 Neque
3069 2397 3304 2451 altitudo
3338 2397 3521 2456 enim,

1938 2498 2035 2565 ait,
2064 2511 2246 2566 neque
2277 2495 2639 2566 profundum,
2682 2506 2863 2562 neque
2892 2498 3148 2545 creatura
3174 2488 3281 2544 alia
3321 2488 3526 2558 poterit

1938 2604 2042 2645 nos
2071 2600 2334 2657 separare
2366 2600 2393 2638 a
2431 2583 2703 2639 charitate
2725 2581 2841 2647 Dei,
2906 2595 3032 2652 qua:
3069 2586 3156 2636 est
3210 2579 3266 2633 in
3298 2578 3525 2633 Christo

1937 2681 2069 2738 Jesu
2099 2680 2336 2735 Domino
2369 2685 2583 2731 nostro.
2625 2694 2644 2727 ι
2674 2674 2794 2729 Non
2825 2674 3028 2734 solum,
3065 2671 3264 2741 inquit,
3305 2670 3527 2724 cunctis

1942 2773 2108 2831 simul
2143 2770 2458 2825 visibilibus
2483 2776 2536 2822 et
2566 2763 2943 2821 iuvisibilihus
2974 2775 3218 2817 amorem
3254 2762 3309 2815 in
3335 2759 3528 2815 salva-

1941 2874 2116 2921 torem
2142 2871 2197 2919 et
2231 2861 2657 2930 Redemptorem
2686 2872 2969 2928 praepono,
3001 2858 3093 2913 sed
3123 2866 3176 2912 et
3198 2856 3247 2912 si
3276 2871 3384 2926 qua
3416 2855 3527 2909 alia

1941 2963 2200 3012 creatura
2232 2956 2338 3008 hac
2399 2952 2584 3021 major
2642 2958 2698 3005 et
2755 2937 3054 3021 pulchrior"
3089 2946 3426 3019 apparuerit,
3465 2954 3528 3000 ut

1941 3047 2269 3104 charitatem
2322 3052 2526 3098 mutem
2576 3056 2921 3113 nequaquam
2985 3039 3362 3112 persuadebit.
3417 3040 3527 3094 Sed

1945 3154 2121 3210 neque
2154 3137 2399 3208 jucunda
2439 3136 2486 3191 si
2523 3135 2649 3205 quis
2679 3133 2898 3200 oﬂerat,
2928 3133 3049 3189 sine
3085 3132 3191 3187 hac
3221 3131 3524 3202 recipiam:

250 3222 540 3322 ἐπέραστά
575 3265 663 3320 μοι
692 3247 964 3318 φανεῖται,
988 3245 1085 3297 καὶ
1112 3241 1232 3294 λίαν
1258 3238 1499 3310 ὲράσμια
1522 3250 1538 3265 ⁸
1563 3233 1658 3288 καὶ
1682 3235 1711 3287 ὁ
1755 3230 1842 3285 διὰ

1947 3241 2002 3288 et
2025 3231 2154 3286 licet
2205 3227 2391 3284 tristia
2429 3234 2655 3299 propter
2721 3226 2865 3280 hanc
2915 3225 3152 3294 ingerat,
3211 3222 3523 3293 expetenda

247 3313 463 3414 ταύτην
503 3313 660 3409 λιμὸς
699 3313 877 3408 πάσης
926 3352 1016 3407 μοι
1045 3331 1261 3405 τρυφῆς
1291 3329 1720 3401 θυμηρέστερος,
1749 3323 1842 3378 καὶ

1953 3321 2113 3389 mihi,
2144 3319 2415 3389 valdeque
2445 3316 2707 3371 amabilia
2734 3314 3111 3370 videbuntur:
3157 3322 3212 3369 et
3245 3328 3369 3383 qua:
3406 3313 3531 3382 ejus

250 3435 483 3508 εἰρήνης
527 3432 691 3504 ἡδίων
727 3432 756 3484 ό
782 3426 1042 3499 διωγμὸς,
1089 3426 1181 3479 καὶ
1204 3426 1238 3496 ή
1283 3422 1560 3493 γυμνότης
1593 3416 1848 3508 ἁλουργίο

248 3507 376 3592 δος
410 3526 507 3580 καὶ
556 3522 952 3594 χρυσοπάστων
1009 3516 1242 3589 ἱματίων
1281 3511 1610 3586 χαριεστέρα
1634 3525 1649 3540 °
1680 3507 1778 3563 καὶ
1817 3507 1847 3560 ὁ

250 3616 505 3680 κίνδυνος
533 3615 709 3683 πάσης
723 3611 907 3674 ἀδείας
927 3607 1281 3678 γλυκύτερος,
1307 3604 1400 3657 καὶ
1424 3604 1458 3674 ἠ
1484 3601 1636 3673 βιαία
1660 3597 1846 3669 σφαγὴ

254 3712 446 3781 πάσης
499 3702 835 3778 αίρετωτέρα
874 3697 1039 3770 ζωῆς.
1080 3698 1142 3751 'll
1172 3696 1281 3767 γὰρ
1320 3693 1469 3749 αίτία
1494 3692 1603 3747 τῶν
1631 3690 1844 3781 παθῶν,

250 3778 587 3872 ψυχαγωγία
626 3811 719 3865 μοι
770 3791 1004 3862 γίνεται.
1041 3787 1139 3843 Διά
1180 3787 1288 3857 γὰρ
1320 3785 1410 3839 τὸν
1442 3784 1678 3854 ἐραστὴν
1708 3778 1845 3851 ὁμοῦ

255 3892 361 3947 καὶ
419 3888 697 3959 ἐρώμενον
738 3886 964 3956 δέχομαι
1020 3881 1121 3945 τὰς
1173 3879 1379 3933 τούτων
1404 3874 1650 3945 νιφάδας.
1687 3892 1707 3925 ι
1741 3873 1847 3926 Τὸν

254 3984 375 4057 γὰρ
444 3982 520 4055 μὴ
575 3981 776 4051 γνόντα
832 3974 1112 4048 ἁμαρτίαν
1154 3971 1297 4043 ὑπὲρ
1354 3969 1514 4041 ἡμῶν
1570 3964 1846 4038 ἁμαρτίαν

253 4075 545 4146 ἐποίησεν,
595 4073 686 4125 ἵνα
731 4070 894 4142 ἡμεῖς
939 4063 1231 4137 γενώμεθα
1260 4060 1397 4117 Θεοῦ
1427 4058 1743 4130 δικαιοσύνη
1789 4058 1848 4111 ἐν

254 4166 434 4237 αύτῷ.
459 4195 531 4206 -
553 4165 652 4227 Ὃς
680 4160 938 4222 πλούσιος
963 4157 1039 4212 ὣν
1081 4157 1149 4211 δι’
1175 4155 1325 4227 ἡμᾶς
1362 4151 1729 4222 ἐπτώχευσεν,
1761 4149 1848 4203 ἶνα

255 4260 428 4332 ἡμεῖς
481 4258 549 4329 τῇ
612 4252 826 4308 ἐκείνου
876 4248 1123 4321 πτωχείᾳ
1158 4246 1571 4317 πλουτήσωμεν,
1608 4261 1627 4296 ι
1687 4240 1798 4296 Καί
1830 4254 1846 4270 ⁸

263 4331 679 4421 ιἚξηγόρασεν
708 4344 858 4416 ἡμᾶς
883 4342 949 4395 ὲκ
969 4341 1069 4411 τῆς
1092 4339 1339 4410 κατάρας
1358 4335 1451 4390 τοῦ
1480 4335 1668 4406 νόμου,
1692 4331 1850 4404 γενό-

259 4459 429 4515 μενος
475 4439 618 4510 ὑπὲρ
672 4435 832 4507 ἡμῶν
852 4433 1094 4505 κατάρα.
1132 4450 1150 4484 ι
1191 4428 1346 4485 Καί·
1389 4448 1408 4482 ι
1454 4425 1849 4482 Ἐταπείνωσεν

255 4534 479 4599 ἑαυτὸν,
505 4531 797 4603 γενόμενος
816 4530 1056 4601 ὑπήκοος
1084 4528 1246 4599 μέχρι
1269 4524 1521 4589 θανάτου,
1542 4522 1771 4577 θανάτου
1791 4518 1849 4573 δὲ

1948 3428 2120 3470 causa
2147 3412 2421 3468 toleratur
2451 3409 2647 3472 fames,
2684 3407 3113 3478 quibuscunqne
3138 3405 3356 3463 deliciis
3395 3406 3531 3460 mihi

1947 3504 2160 3577 gratior
2191 3510 2299 3570 est,
2335 3509 2388 3556 et
2427 3498 2739 3569 persecutio
2782 3512 2916 3567 pace
2944 3496 3185 3564 dulcior,
3215 3503 3270 3553 et
3306 3496 3530 3552 nuditas

1950 3608 2196 3666 purpura
2227 3605 2475 3662 auroque
2503 3590 2729 3645 intextis
2766 3588 3017 3645 vestibus
3063 3588 3357 3644 venustior
3403 3607 3419 3644 :
3476 3598 3533 3644 et

1949 3701 2256 3774 periculum
2281 3699 2475 3771 quavis
2504 3696 2805 3754 securitate
2821 3694 3146 3766 jucundius,
3177 3684 3533 3767 violentaque

1945 3793 2223 3866 jugulatio
2259 3791 2409 3847 omni
2438 3791 2548 3844 vita
2583 3788 2758 3860 magis
2810 3785 3140 3858 expetenda.
3204 3786 3530 3844 Passienum

1949 3886 2096 3941 cnim
2123 3897 2289 3940 causa
2322 3879 2720 3939 consolationis
2755 3876 2889 3931 mihi
2928 3877 3051 3931 loco
3084 3882 3191 3941 est,
3241 3892 3369 3932 cum
3402 3894 3532 3942 prn-

1950 3985 2072 4049 pter
2108 3981 2412 4030 amatorem
2458 3968 2621 4027 simul
2672 3974 2729 4024 et
2767 3972 3009 4021 amatum
3045 3965 3268 4020 illarum
3318 3975 3531 4037 tempe-

1950 4077 2123 4126 states
2154 4064 2447 4138 perferam.
2484 4058 2696 4132 1305
2733 4076 2752 4110 ι
2791 4055 2929 4111 Ειιιιι
2961 4055 3107 4112 enim
3134 4058 3229 4127 qui
3263 4074 3373 4114 non
3426 4074 3530 4113 no-

1952 4167 2106 4216 verat
2126 4167 2441 4230 peccatum.
2476 4169 2578 4225 pro
2615 4150 2778 4208 nobis
2806 4156 3092 4223 peccatum
3138 4148 3288 4215 fecit,
3322 4158 3383 4206 ιιι
3431 4167 3535 4209 nos

1950 4250 2291 4306 eiiiceremur
2313 4246 2530 4317 justitia
2557 4243 2653 4301 Dei
2679 4245 2736 4300 in
2765 4242 2951 4314 ipsoh.
2978 4260 2996 4295 ι
3023 4273 3096 4283 —
3114 4259 3134 4294 ι
3161 4241 3265 4310 Qui
3297 4258 3422 4300 cum
3451 4243 3535 4297 di-

1949 4359 2047 4401 ves
2073 4352 2240 4409 esset,
2279 4328 2508 4413 propter
2541 4353 2644 4396 nos
2673 4352 2881 4409 egenus
2928 4335 3113 4394 factus
3142 4343 3250 4403 est,
3296 4345 3358 4392 ut
3387 4337 3535 4393 illius

1952 4432 2138 4504 inopia
2169 4446 2274 4486 nos
2295 4429 2494 4486 divites
2528 4442 2780 4485 essemus
2806 4429 2852 4482 ¹.
2885 4445 2904 4480 ι
2940 4424 3008 4483 Ει
3036 4444 3052 4483 :
3089 4443 3109 4478 ι
3147 4424 3400 4482 Redemit
3425 4442 3529 4482 nos

1954 4524 2022 4580 de
2052 4520 2346 4578 maledicto
2373 4519 2527 4592 legis,
2549 4518 2732 4575 factus
2758 4532 2859 4589 pro
2879 4517 3043 4572 nobis
3065 4515 3416 4571 maledictum
3444 4513 3524 4570 ἱ.»

259 4622 503 4699 σταυροῦ
521 4667 536 4682 .
565 4643 584 4677 ι
604 4624 745 4678 Καί·
769 4640 788 4675 ι
822 4622 942 4675 Ἔτι
962 4618 1301 4692 ἁμαρτωλῶν
1332 4618 1500 4672 ὄντων
1526 4615 1703 4686 ἡμῶν.
1724 4614 1842 4684 Χρι·

1956 4614 2024 4671 Ει
2055 4635 2068 4672 :
2114 4632 2133 4666 ι
2176 4611 2495 4669 Humiliavit
2530 4611 2886 4681 semetipsum
2925 4606 3107 4665 factus
3150 4607 3413 4664 obedietts
3437 4624 3532 4663 us—

257 4716 392 4781 στδς
440 4715 581 4788 ὑπὲρ
632 4713 792 4786 ἡμῶν
817 4711 1075 4768 ἀπέθανε.
1119 4729 1140 4763 ι
1188 4707 1375 4762 Ταῦτα
1406 4706 1498 4760 καὶ
1533 4706 1603 4760 τὰ
1627 4703 1853 4759 τοιαῦτα

257 4809 639 4881 λογιζόμενος,
698 4808 798 4861 οὐκ
857 4807 923 4860 ἂν
976 4803 1241 4874 δεξαίμην
1288 4800 1387 4872 τὴν
1446 4799 1554 4854 τῶν
1602 4794 1850 4870 οὐρανῶν

260 4903 567 4976 βασιλείαν,
621 4899 743 4971 δίχα
784 4898 884 4968 τῆς
940 4895 1070 4966 περὶ
1104 4893 1308 4948 τούτων
1352 4892 1575 4962 ἀγάπης
1606 4907 1619 4921 ο
1651 4890 1752 4943 οὐκ
1782 4887 1849 4942 ἂν

260 4995 497 5067 φύγοιμι
532 4993 633 5063 τὴν
661 4993 719 5045 ὲν
747 4989 942 5062 γεέννῃ
965 4985 1261 5059 τιμωρίαν,
1298 4985 1457 5055 είπερ
1488 4982 1635 5046 εἰκὸς
1662 4976 1730 5054 ἦν
1756 4978 1849 5035 τὸν

256 5087 472 5158 ταύτην
506 5086 699 5156 ἔχοντα
734 5083 957 5142 κόλασιν
992 5079 1307 5151 ὑπομένειν.
1345 5076 1518 5132 Τοῦτο
1560 5076 1655 5130 καὶ
1682 5074 1847 5129 ἀλλα-

259 5178 362 5254 χοῦ
415 5178 656 5233 διδάσκει
712 5174 898 5245 σαφῶς
931 5189 944 5203 °
996 5191 1015 5225 ι
1061 5173 1130 5225 Ἡ
1183 5171 1290 5243 γὰρ
1336 5169 1524 5242 ἀγάπη
1577 5168 1672 5223 τοῦ
1712 5166 1849 5223 Θεοῦ

262 5271 483 5343 συνέχει
523 5271 691 5343 ἡμᾶς,
743 5268 1037 5340 κρίναντας
1078 5263 1257 5330 τοῦτο,
1287 5264 1366 5317 ὅτι
1399 5256 1482 5325 εἷς
1525 5262 1667 5333 ὑπὲρ
1710 5259 1850 5315 πάν-

259 5383 375 5419 των
404 5362 697 5426 ἀπέθανεν,
729 5360 816 5414 ἶνα
844 5360 893 5413 οί
938 5355 1160 5422 ζῶντες,
1199 5355 1397 5428 μηκέτι
1419 5355 1633 5416 ἑαυτοῖς
1658 5351 1847 5418 ζῶσιν,

261 5457 401 5513 ἀλλά
434 5453 512 5526 τῷ
558 5454 699 5525 ὑπὲρ
746 5448 927 5506 αὐτῶν
972 5447 1298 5503 ἀποθανόντι
1340 5446 1434 5501 καὶ
1473 5442 1784 5501 ἀναστάντι.
1824 5460 1843 5496 ι

263 5550 332 5603 Ui
361 5547 540 5600 τοίνυν
579 5543 653 5617 μὴ
701 5544 916 5606 ἑαυτοῖς
950 5538 1174 5607 ζῶντες,
1224 5538 1362 5595 ἀλλὰ
1399 5537 1478 5609 τῷ
1511 5537 1650 5607 ὑπὲρ
1674 5534 1858 5590 αὐτῶν

264 5639 595 5695 ἀποθανόντι
647 5637 745 5692 καὶ
793 5635 1109 5702 ἀναστάντι,
1152 5633 1334 5689 πάντα
1390 5632 1530 5707 ὑπὲρ
1559 5629 1726 5686 αὑτοῦ
1762 5630 1858 5684 καὶ

1949 4722 2058 4778 que
2097 4705 2165 4760 ad
2200 4715 2454 4768 mortem,
2512 4710 2745 4758 mortem
2803 4709 2985 4757 autem
3018 4699 3202 4754 crucis
3228 4699 3279 4754 ιι.
3335 4717 3356 4753 ι
3427 4699 3531 4754 Et:

1955 4818 1974 4851 ι
2017 4797 2153 4853 Cum
2188 4795 2370 4851 adimo
2417 4800 2737 4862 peccatores
2792 4804 3063 4855 essemus,
3122 4787 3379 4845 Christus
3434 4803 3535 4859 pro

1949 4889 2106 4945 nobis
2139 4893 2393 4943 mortuus
2424 4890 2508 4965 est
2533 4881 2576 4937 1.
2617 4900 2636 4934 ι
2676 4880 2802 4938 Haec
2829 4889 2884 4937 et
2910 4880 2964 4936 id
3007 4895 3184 4952 genus
3211 4878 3318 4933 alia
3347 4881 3538 4959 coast-

1948 4999 2171 5061 derans,
2222 5006 2452 5064 regnum
2501 4990 2768 5046 calorum
2800 4988 2920 5045 sine
2953 4986 3227 5043 charitate
3278 4985 3333 5041 in
3364 4984 3534 5039 Deum

1958 5087 2190 5160 adipisci
2220 5085 2431 5142 nolim:
2480 5097 2661 5153 neque
2710 5079 2974 5153 gehennae
3002 5077 3332 5149 supplicium
3386 5076 3538 5131 rci'u-

1956 5196 2106 5254 gere,
2142 5178 2190 5234 si
2222 5192 2322 5250 par
2352 5184 2552 5239 essset,
2585 5189 2710 5230 eum
2742 5172 2834 5244 qui
2861 5171 2966 5227 hac
2992 5170 3254 5242 praeditus
3284 5169 3376 5235 sit,
3402 5184 3536 5239 sup-

1961 5251 2189 5345 plieium
2224 5269 2397 5325 ullum
2431 5266 2734 5323 sustinere.
2766 5263 2883 5322 Hoc
2909 5279 3133 5335 quoque
3164 5262 3296 5318 alibi
3326 5251 3541 5333 perspi-

1957 5377 2061 5420 cue
2093 5359 2297 5416 docet:
2338 5374 2359 5411 ι
2391 5355 2652 5414 Charitas
2679 5354 2825 5412 enim
2865 5352 2958 5409 Dei
2999 5360 3158 5424 urget
3212 5366 3335 5419 nos,
3385 5352 3538 5419 testi-

1956 5459 2174 5508 mantes
2204 5450 2332 5515 hoc,
2366 5449 2627 5521 quoniam
2658 5461 2806 5503 unus
2848 5459 2950 5517 pro
2982 5444 3243 5501 omnibus
3277 5453 3535 5499 mortuus

1914 5612 1925 5617 ι
1954 5553 2061 5609 εει,
2094 5551 2156 5598 ιιι
2182 5541 2278 5615 qui
2313 5541 2528 5609 vivunt,
2553 5539 2666 5612 jam
2694 5553 2804 5595 non
2832 5537 2941 5594 sibi
2970 5537 3185 5605 vivant,
3213 5536 3310 5594 sed
3336 5537 3383 5592 ei
3438 5536 3531 5606 qui

1953 5649 2056 5708 pro
2083 5632 2222 5706 ipsis
2256 5638 2511 5687 mortuus
2544 5635 2629 5686 est
2653 5634 2709 5685 et
2737 5628 3042 5684 resurrexit
3063 5633 3126 5680 ιη.
3176 5641 3196 5676 ι
3231 5621 3339 5690 Qui
3366 5622 3534 5693 igitur

342 5842 369 5883 Β
402 5840 558 5894 Boni.
586 5855 708 5906 vni,
738 5837 828 5903 58,
1031 5839 1054 5879 ιι
1089 5838 1131 5894 Il
1163 5837 1292 5894 Cer.
1333 5853 1385 5896 ν.
1416 5836 1505 5893 ⁸21.
1593 5833 1607 5874 ί
1638 5824 1774 5893 ibid.
1800 5851 1842 5892 v1

1943 5834 1993 5892 9.
2077 5834 2090 5886 Ι
2124 5833 2302 5892 ϐοίιιε.
2334 5848 2419 5901 ιιι,
2454 5833 2537 5889 i5.
2605 5831 2629 5871 ι
2655 5829 2892 5900 Philipp.
2923 5844 2985 5895 ιι,
3014 5828 3067 5883 8.
3151 5823 3167 5865 ι
3213 5825 3369 5881 Rom.
3399 5836 3453 5889 ν,
3476 5819 3529 5878 8.

268 5923 311 5956 ³·
343 5911 385 5969 ιι
412 5913 542 5967 Cur.
573 5928 625 5978 ν,
661 5910 746 5965 14.
