4074 6438
310 463 453 530 1509

1330 464 1615 525 ORATIO
1664 463 1764 524 DE
1805 462 2072 524 DIVINA
2115 464 2571 523 CHARITATE.

3454 459 3597 527 151!)

303 586 420 656 γὰρ
443 580 645 645 πάντα,
668 578 739 632 τά
764 576 989 649 ἔσχατα,
1028 540 1129 632 καὶ
1170 578 1242 631 τὰ
1274 580 1497 649 ἀρχαῖα.
1526 577 1671 649 Πρὸς
1690 578 1897 640 τούτοις

2007 578 2177 643 siina,
2231 585 2286 632 et
2330 579 2579 647 antiqua.
2627 576 2844 643 Quibus
2890 575 3160 634 Dominus
3212 576 3509 648 subiunxit
3539 586 3591 643 υ,

304 681 337 730 ὁ
360 675 639 743 Δεσπότης
668 670 918 742 ἐπήγαγε
945 687 959 703 ο
993 688 1011 722 ι
1047 669 1309 740 Ποίμαινε
1333 670 1401 722 τά
1425 667 1674 740 πρόϐατά
1711 684 1834 739 μου.
1875 685 1895 720 ι

317 765 465 835 Ἐγὼ
490 763 590 835 μὲν
631 761 763 833 γὰρ,
817 761 1004 832 φησὶν,
1036 760 1324 831 ἀνενδεής’
1361 759 1687 831 εὐεργεσίαν
1714 756 1769 811 δὲ
1804 774 1902 828 με·

305 860 506 928 γίστην
532 853 797 927 ἠγοῦμαι,
814 851 929 906 τῶν
950 852 1101 924 ἐμῶν
1123 851 1411 924 προϐάτων
1434 853 1535 923 τὴν
1559 850 1899 921 ἐπιμέλειαν,

305 951 407 1006 καὶ
438 949 536 1021 τὴν
580 948 662 1012 είς
718 948 903 1001 ἐκεῖνα
935 945 1264 1016 κηδεμονίαν
1297 946 1379 1009 είς
1424 942 1667 1015 ἐμαυτὸν
1708 941 1900 998 ἀναδέ-

303 1058 495 1114 χομαι.
531 1038 806 1110 Προσήκει
829 1036 1007 1092 τοίνυν
1028 1054 1108 1099 σε,
1131 1031 1200 1109 ἧς
1220 1036 1518 1100 ἀπολαύεις
1538 1034 1900 1106 προμηθείας,

310 1132 652 1204 μεταδιδόναι
684 1130 799 1193 τοῖς
826 1129 1159 1201 ὁμοδούλοις,
1200 1130 1294 1184 καὶ
1332 1129 1569 1200 βόσκειν,
1598 1128 1675 1192 ώς
1710 1127 1900 1199 βόσκῃ,

306 1223 406 1277 καὶ
450 1223 525 1287 ὡς
587 1220 875 1292 ποιμαίνῃ,
914 1220 1248 1291 ποιμαίνειν,
1283 1220 1381 1274 καὶ
1410 1222 1479 1289 ἣν
1527 1217 1766 1288 ὀφείλεις
1813 1233 1903 1287 μοι

304 1317 490 1387 χάριν,
521 1314 588 1368 δι’
614 1312 844 1367 ἐκείνων
869 1311 1192 1365 ἐκτιννύειν.
1241 1310 1427 1365 Ταῦτα
1461 1310 1621 1364 πάλιν
1651 1312 1744 1363 καὶ
1770 1309 1851 1374 δὶς
1877 1310 1906 1362 ὁ

302 1407 585 1477 Δεσπότης
604 1404 790 1476 ἤρετο,
813 1403 910 1457 καὶ
942 1402 1026 1466 δὶς
1054 1404 1083 1455 ὁ
1115 1402 1293 1474 μέγας
1313 1403 1650 1474 ἀπεκρίνατο
1678 1401 1904 1472 Πέτρος,

303 1498 403 1553 καὶ
428 1496 510 1560 δὶς
529 1495 624 1549 τοῦ
661 1493 922 1566 ποιμένος
939 1492 1038 1565 τὴν
1061 1492 1398 1565 χειροτονίαν
1421 1492 1658 1557 ἐδέξατο.
1689 1491 1905 1563 Ἐπειδὴ

301 1589 362 1642 δὲ
386 1589 481 1642 καὶ
508 1587 666 1659 τρίτῃ
690 1583 1038 1656 προσηνέχθη
1066 1583 1281 1650 πεῦσις,
1312 1586 1413 1638 οὐκ
1445 1584 1522 1637 ἔθ’
1552 1584 1750 1655 ὁμοίως
1775 1584 1908 1655 θαρ-

304 1678 514 1741 σαλέως
547 1677 643 1730 καὶ¹
676 1672 854 1739 ἀδεῶς
890 1675 920 1728 ὁ
969 1676 1242 1748 μακάριος
1283 1674 1640 1748 ἀποκρίνεται
1665 1674 1741 1728 Πέ
1754 1692 1900 1746 προς-

302 1766 444 1822 ἀλλά
470 1765 622 1828 δέους
660 1764 1024 1837 ἐμπίπλαται,
1059 1767 1153 1818 καὶ
1210 1764 1439 1836 θόρυὸον
1497 1765 1799 1835 εἰσδέχεται
1837 1765 1905 1834 τῇ

301 1860 473 1931 ψυχῇ,
509 1860 602 1913 καὶ
640 1858 852 1929 ἀγωνιᾷ
904 1856 970 1929 τῇ
1024 1857 1213 1929 ψήφῳ,
1255 1857 1350 1910 καὶ
1404 1857 1661 1921 δέδοικεν,
1686 1856 1902 1928 ὑφορώ-

2008 687 2028 721 ι
2070 668 2240 725 Pasce
2274 685 2407 725 oves
2440 679 2651 726 tricas“.
2682 692 2702 725 ι
2731 670 2846 740 Ego
2875 670 3054 735 enim,
3097 671 3197 735 ait,
3230 669 3441 725 nullius
3469 686 3592 726 sum

2004 761 2258 832 indigens
2290 779 2304 815 :
2335 763 2635 817 niaximum
2664 778 2797 817 vero
2829 762 3159 817 beneficium
3203 764 3350 818 duco
3400 778 3592 819 curam

2003 856 2188 912 ovium
2220 870 2470 911 mearum
2495 897 2510 924 ,
2536 856 3081 925 sollicitudinemquc
3110 872 3239 926 erga
3277 858 3401 911 illas
3433 857 3597 911 adltiv

2004 948 2174 1004 bitam
2212 949 2269 1003 in
2307 949 2576 1018 meipsum
2604 949 2838 1019 recipio.
2872 950 3103 1019 Oportet
3134 950 3306 1019 igitur
3333 960 3385 1004 te
3417 952 3593 1020 prori-

2005 1037 2247 1093 dentiam
2284 1055 2405 1095 eam
2437 1055 2543 1110 qua
2578 1040 2783 1096 frueris
2827 1043 3111 1096 conservis
3150 1043 3262 1097 tuis
3296 1043 3589 1111 impertiri,

2005 1142 2211 1199 eosque
2246 1122 2495 1200 pascere,
2539 1131 2703 1187 sicuti
2744 1134 3016 1202 pasceris,
3047 1141 3102 1187 et
3144 1142 3202 1186 ut
3233 1136 3460 1201 reperis,
3504 1149 3594 1186 re-

2006 1236 2168 1290 gere,
2210 1231 2265 1277 et
2311 1223 2457 1292 quod
2514 1224 2648 1277 milii
2692 1233 2981 1294 acceptum
3027 1225 3196 1279 debes
3241 1225 3591 1287 beneﬁcium,

2006 1329 2106 1385 per
2153 1314 2282 1369 illos
2320 1314 2643 1384 rependere.
2672 1314 2799 1369 Haec
2838 1318 3039 1370 iterum
3082 1317 3448 1385 interrogavit
3481 1316 3588 1369 Do-

2008 1406 2231 1469 minus,
2282 1414 2338 1461 et
2392 1404 2479 1460 bis
2520 1420 2754 1476 magnus
2796 1407 3088 1476 respondit
3134 1406 3366 1469 Petrus,
3409 1416 3466 1461 et
3508 1406 3592 1461 bis

2010 1499 2254 1569 pastoris
2304 1498 2717 1553 ordinationem
2768 1499 3039 1568 suscepit.
3100 1498 3400 1563 Postquam
3460 1512 3593 1551 vero

2006 1589 2174 1645 tertia
2214 1603 2436 1659 quoque
2483 1588 2699 1656 adjecta
2750 1598 2835 1642 est
2877 1587 3273 1656 interrogatio,
3316 1601 3426 1639 non
3473 1586 3590 1654 pari

2004 1681 2116 1753 jam
2153 1680 2355 1735 ﬁducia
2384 1687 2442 1735 et
2474 1679 2776 1734 securitate
2808 1679 3101 1747 respondet
3136 1679 3328 1731 beatus
3374 1676 3595 1741 l'ctrus,

2010 1772 2106 1827 sed
2125 1779 2180 1826 et
2218 1771 2417 1825 timore
2438 1770 2655 1837 plenus,
2686 1776 2741 1823 et
2758 1770 2945 1823 animo
2967 1768 3468 1838 1308tnrltatus,
3494 1782 3595 1821 an-

2010 1863 2181 1934 gitur,
2218 1863 2543 1932 metuitque,
2574 1860 2948 1916 reformidans
2992 1876 3061 1914 ne
3106 1860 3390 1919 Dominus,
3425 1860 3592 1912 aliam

305 1930 491 2019 μενος,
531 1950 605 2022 μὴ
636 1950 832 2021 ἐτέραν
885 1948 1118 2021 ἀρνησιν
1160 1951 1189 2002 ὁ
1237 1949 1517 2020 Δεσπότης
1543 1949 1896 2022 προθεωρῶν,

2002 1956 2125 2026 ejus
2145 1956 2493 2026 negationem
2524 1953 2854 2024 praevidens,
2890 1952 3096 2006 amoris
3127 1952 3294 2005 verba
3326 1952 3591 2006 derideat.

300 2040 412 2093 τῶν
438 2040 535 2111 τῆς
558 2039 779 2110 ἀγάπης
804 2039 1065 2110 ῥημάτων
1099 2039 1379 2111 καταγελᾷ
1407 2053 1421 2068 ’
1466 2040 1739 2111 ἀνέδραμε
1789 2039 1899 2111 γὰρ

299 2127 476 2192 ὁνοῦς
508 2130 589 2193 είς
614 2128 688 2182 τά
718 2128 983 2200 πρότερα,
1035 2130 1130 2182 καὶ
1161 2130 1437 2201 ἀνέμησεν
1470 2130 1655 2197 αὐτὸν,
1689 2130 1767 2194 ὡς
1797 2130 1901 2202 ήδη

301 2223 399 2276 καὶ
432 2222 699 2293 πρότερον
728 2221 992 2285 πολλάκις
1017 2222 1115 2292 μὲν
1158 2223 1320 2294 μέχρι
1363 2222 1595 2278 θανάτου
1620 2223 1696 2297 μή
1724 2240 1899 2279 κατα-

299 2314 482 2369 λιπεῖν
529 2312 903 2386 διισχυρίσατο
940 2314 1034 2368 τὸν
1087 2314 1428 2381 διδάσκαλον,
1477 2317 1680 2388 ἤκουσε
1730 2317 1791 2371 δὲ
1823 2317 1901 2383 ὡς

310 2426 330 2459 ι
367 2407 503 2477 Πρὶν
532 2405 805 2478 ἀλέκτορα
833 2406 1106 2476 φωνῆσαι,
1132 2409 1253 2478 τρὶς
1290 2409 1585 2481 ἀπαρνήσῃ
1619 2427 1706 2482 με.
1743 2429 1763 2463 ι
1790 2412 1900 2465 Καὶ

298 2491 483 2570 εὒρεν,
510 2497 573 2551 ού
602 2498 703 2570 τὴν
729 2498 942 2553 οἰκείαν
971 2498 1265 2571 ὑπόσχεσιν
1295 2502 1733 2573 περατουμένην,
1761 2502 1900 2557 ἀλλά

295 2591 397 2644 τοῦ
429 2588 702 2643 Δεσπὸτου
734 2588 1133 2662 βεϐαιουμένην
1187 2589 1287 2662 τήν
1314 2593 1640 2664 πρόρρησιν.
1673 2592 1739 2648 Ἦ
1769 2594 1897 2649 τού-

294 2700 410 2738 των
435 2682 598 2737 αὑτὸν
632 2681 931 2736 ἐδεδίττετο
962 2683 1175 2755 μνήμη,
1212 2685 1306 2737 καὶ
1334 2683 1436 2737 οὐκ
1473 2685 1557 2738 εία
1583 2683 1899 2756 θαρσαλέως

295 2776 401 2848 τὴν
422 2773 686 2848 ἀρμοδίαν
719 2775 1057 2846 προσφέρειν
1078 2774 1392 2847 ἀπόκρισιν.
1412 2775 1550 2829 Ἀλλ’
1586 2776 1765 2844 ὀξείας
1796 2776 1897 2848 μὲν

295 2869 395 2922 καὶ
423 2866 628 2937 πικράς
660 2866 880 2932 ἐδέξατο
909 2862 1244 2930 τάςάκίδας·
1269 2866 1640 2940 παρεχώρησε
1671 2868 1727 2923 δὲ
1743 2870 1896 2941 ὅμως

294 2963 378 3035 τῷ
421 2963 668 3036 Δεσπότῃ
713 2961 811 3033 τῆς
857 2960 1149 3031 γνώσεωςο
1196 2961 1298 3015 οὐκ
1338 2962 1676 3027 ἀντιτείνων,
1704 2962 1782 3027 ὡς
1834 2963 1897 3017 τὸ

300 3058 595 3129 πρότερον,
637 3055 760 3109 οὐδὲ
810 3054 986 3125 λέγων
1007 3071 1021 3086 ·
1069 3073 1087 3107 ι
1130 3054 1252 3109 Κᾶν
1282 3055 1380 3129 δέῃ
1412 3072 1481 3128 με
1514 3056 1612 3110 σὺν
1639 3057 1722 3110 σοὶ
1757 3058 1896 3111 ἀπο-

297 3149 506 3213 θανεῖν,
559 3148 621 3202 ού
688 3148 765 3220 μή
812 3165 873 3201 σε
917 3149 1332 3220 ἀπαρνήσομαι.
1373 3167 1392 3201 ι
1448 3149 1612 3202 Ἀλλά
1637 3148 1743 3220 τῆς
1795 3148 1895 3220 μὲν

2005 2047 2236 2104 Bellein
2264 2047 2410 2103 enim
2456 2061 2583 2102 sese
2617 2059 2774 2101 mens
2803 2045 2871 2099 ad
2907 2058 2970 2100 ea
3012 2059 3136 2114 qua:
3166 2052 3591 2113 praecesserant,

2001 2148 2057 2196 et
2085 2140 2140 2195 in
2180 2140 2503 2195 memoriam
2550 2139 2867 2203 revocavit,
2899 2152 3011 2207 quo
3060 2145 3221 2207 pacto
3270 2138 3385 2203 jam
3432 2146 3595 2191 antea

2004 2233 2206 2303 saepius
2237 2238 2633 2299 asseverasset,
2667 2230 2995 2301 magistrum
3022 2245 3084 2284 se
3117 2229 3185 2284 ad
3210 2238 3448 2283 mortem
3496 2243 3592 2284 us—

2002 2341 2110 2395 que
2139 2339 2250 2379 non
2282 2324 2603 2378 relicturum
2626 2363 2643 2389 ,
2685 2323 2961 2378 audiisset
2995 2329 3209 2387 autem,
3238 2321 3384 2391 quod
3417 2320 3596 2390 prius-

2003 2431 2166 2487 quam
2200 2417 2380 2485 gallus
2409 2425 2680 2480 cantaret,
2709 2423 2794 2470 ter
2823 2415 3198 2485 abnegaturns
3230 2430 3357 2469 eum
3392 2421 3543 2468 esset
3574 2432 3589 2469 :

2001 2524 2171 2579 reque
2204 2511 2322 2578 ipsa
2361 2506 2758 2577 comperisset,
2809 2520 2917 2559 non
2967 2505 3397 2574 promissionem
3429 2518 3591 2558 suam

1999 2615 2125 2657 esse
2149 2599 2480 2670 completam
2510 2639 2523 2661 .
2567 2597 2663 2654 sed
2693 2598 3110 2669 praedictionem
3142 2595 3357 2650 Domini
3387 2597 3594 2650 contir-

1999 2700 2230 2748 matam.
2257 2690 2504 2757 Quorum
2553 2689 2872 2745 recordatio
2900 2691 3100 2756 timore
3131 2689 3290 2742 illum
3324 2688 3594 2758 percelle-

2000 2784 2129 2851 bat,
2186 2799 2291 2839 nec
2339 2783 2697 2853 permittebat
2745 2797 2872 2837 eum
2916 2781 3267 2837 coiilldeutcr
3309 2781 3452 2836 idem
3507 2796 3596 2836 re-

2000 2876 2294 2949 spondere.
2314 2874 2518 2930 Verum
2551 2873 2778 2929 aculeos
2795 2874 3017 2944 quidem
3051 2880 3345 2943 peracutus
3364 2883 3419 2928 et
3438 2884 3597 2927 acer-

1997 2966 2100 3023 bos
2133 2964 2407 3038 persensit
2439 2983 2453 3020 :
2493 2964 2861 3035 cognitionem
2894 2971 3077 3017 tamen
3127 2962 3363 3017 Domino
3393 2961 3588 3025 cessit.

1997 3073 2110 3117 non
2142 3067 2203 3115 ut
2236 3059 2392 3130 prius
2439 3058 2738 3121 resistens,
2786 3070 2970 3126 neque
3012 3055 3251 3111 dicens:
3294 3072 3313 3106 ι
3358 3054 3595 3110 Etiamsi

1998 3155 2307 3228 oportuerit
2338 3166 2427 3208 me
2470 3151 2611 3206 mori
2657 3158 2840 3205 tecum
2864 3189 2880 3212 ,
2913 3163 3023 3203 non
3076 3157 3131 3205 te
3176 3149 3493 3219 relinquam
3522 3157 3590 3216 νς

296 3242 522 3311 ἀγάπης
545 3239 710 3294 αὐτὸν
740 3238 885 3310 ἔχειν
911 3239 1203 3310 συνίστορα
1231 3239 1458 3310 φάσκων
1485 3240 1577 3294 τὸν
1595 3240 1895 3313 Δεσπότην,

2002 3246 2098 3302 sed
2128 3242 2418 3298 charitatis
2454 3255 2570 3297 sua:
2599 3239 2794 3295 dicens
2819 3239 3025 3294 habere
3070 3254 3130 3295 se
3165 3238 3455 3294 Dominum
3507 3240 3594 3310 ip-

296 3332 399 3399 τὴν
458 3329 667 3403 ἀκριϐῆ
710 3329 768 3383 δὲ
831 3329 940 3384 τῶν
969 3330 1107 3385 ὅλων
1159 3331 1363 3400 γνῶσιν
1398 3333 1531 3404 παρ’
1572 3332 1723 3405 αὐτῷ
1753 3328 1892 3389 εἶναι

298 3423 453 3493 μόνῳ
479 3421 557 3493 τῷ
586 3423 783 3493 ποιητῇ
817 3420 926 3474 τῶν
962 3421 1099 3475 ὅλων
1132 3421 1446 3493 ὁμολογῶν·
1486 3442 1507 3477 ι
1546 3425 1890 3498 Κύριε,γάρ,

294 3509 428 3581 ἔφη,
461 3509 527 3562 σὺ
557 3511 738 3564 πάντα
758 3505 930 3574 οἶδας,
956 3512 1021 3564 σὺ
1058 3511 1238 3566 πάντα
1278 3512 1604 3581 γινώσκεις,
1643 3518 1708 3568 σὺ
1744 3510 1893 3578 σίδας

292 3604 381 3659 ὁτι
411 3602 553 3673 φιλῶ
595 3619 676 3657 σε.
722 3620 741 3654 ι
783 3602 908 3656 Ὅτι
954 3603 1054 3669 μὲν
1105 3603 1214 3675 γάρ
1262 3604 1424 3674 φιλῶ,
1475 3607 1570 3658 καὶ
1590 3601 1762 3672 οἶδας,
1797 3609 1893 3663 καὶ⁸

300 3694 623 3766 μαρτυρεῖς.
679 3691 741 3745 El
800 3691 858 3744 δὲ
913 3692 1010 3745 καὶ
1046 3690 1290 3764 διαμενῶ
1316 3692 1506 3761 φιλῶν,
1555 3695 1892 3769 σαφέστερον

293 3779 448 3848 οἶδας
478 3782 662 3846 αὐτός.
685 3782 852 3836 Οὐδὲν
884 3782 995 3854 γὰρ
1017 3783 1129 3851 ἐγὼ
1153 3784 1282 3857 περὶ
1311 3784 1417 3838 τῶν
1452 3787 1729 3857 ἐσομένων
1756 3787 1889 3859 ἐρῶ,

295 3875 421 3930 οὐδὲ
448 3874 822 3946 ζυγομαχήσω
857 3875 986 3947 περὶ
1019 3868 1095 3928 ὧν
1122 3873 1226 3930 οὐκ
1287 3876 1628 3947 ἐπίσταμαι·
1686 3877 1893 3949 ἔμαθον

294 3973 365 4044 τῇ
390 3970 558 4042 πείρᾳ
589 3970 664 4043 μῂ
694 3968 998 4038 ἀντιλέγειν
1027 3968 1106 4041 τῷ
1136 3971 1405 4042 Δεσπότῃ.
1438 3971 1510 4024 Σὺ
1545 3971 1602 4025 δὲ
1630 3971 1732 4042 τῆς
1759 3973 1892 4042 άλη-

296 4063 452 4128 θείας
498 4064 672 4135 πηγὴ,
712 4063 777 4116 σὺ
832 4062 932 4132 τῆς
975 4061 1232 4131 γνώσεως
1275 4062 1550 4126 ἄϐυσσοςο
1611 4066 1725 4127 τοῖς
1781 4067 1894 4130 σοῖς

294 4157 445 4229 ὁροις
464 4155 724 4227 ἐμμένειν
744 4153 1077 4226 δεδίδαγμαι.
1103 4154 1275 4208 Τοῦτο
1292 4155 1353 4208 τὸ
1374 4155 1490 4220 δέος
1511 4156 1675 4210 αὑτοῦ
1693 4155 1894 4210 θεασά-

301 4265 465 4321 μενος
492 4250 520 4301 ὁ
539 4248 839 4318 Δεσπότης,
864 4247 961 4301 κού⁹
984 4247 1045 4301 τὸ
1070 4247 1297 4318 φίλτρον
1320 4247 1377 4301 δὲ
1399 4248 1643 4322 ἀκριϐῶς
1666 4249 1894 4304 ἐπιστά-

300 4357 487 4412 μενος,
521 4342 587 4411 τῇ
614 4339 1015 4413 προαγορεύσει
1043 4340 1143 4412 τῆς
1169 4340 1426 4411 τελευτῆς
1453 4341 1569 4396 λύει
1590 4340 1682 4395 τὸν
1707 4342 1892 4411 φόϐον,

298 4432 395 4486 καὶ
427 4430 608 4485 δίδωσι
629 4432 695 4502 τῇ
713 4430 903 4505 ἀγάπῃ
952 4429 1051 4502 τὴν
1087 4430 1415 4503 μαρτυρίαν,
1446 4433 1540 4485 καὶ
1561 4432 1656 4485 τοῦ
1682 4434 1895 4503 Πέτρου

297 4522 398 4595 τὴν
431 4521 728 4595 ὁμολογίαν
791 4524 971 4593 κυροῖ,
1022 4522 1119 4576 καὶ
1160 4522 1239 4594 τῷ
1292 4522 1440 4576 ἕλκει
1480 4525 1577 4595 τῆς
1607 4524 1893 4596 ἀρνήσεως

1996 3350 2117 3395 sum
2185 3334 2500 3397 conscium,
2579 3330 2964 3399 confitensque
3026 3343 3210 3384 veram
3275 3338 3598 3398 certamque

1995 3436 2326 3486 cunctorum
2367 3422 2620 3480 netitiam
2661 3419 2809 3492 apud
2851 3420 3031 3491 ipsum
3080 3420 3261 3476 solum
3303 3423 3599 3476 universo.

1994 3538 2120 3579 rum
2149 3518 2417 3574 factorem
2447 3524 2591 3572 esse.
2631 3532 2650 3566 ι
2696 3513 2928 3567 Domine
2953 3512 3126 3577 enim,
3168 3514 3269 3579 ait,
3311 3520 3368 3566 ιιι
3403 3513 3595 3567 omnia

1994 3609 2108 3665 scis
2133 3649 2149 3674 ,
2178 3605 2384 3661 tuscis
2417 3602 2562 3676 quod
2597 3617 2722 3657 amo
2758 3612 2811 3658 te
2841 3609 2891 3655 ³.
2925 3600 3087 3667 Quod
3129 3604 3277 3656 enim
3308 3612 3361 3658 te
3390 3617 3594 3667 amem,

1993 3710 2049 3758 et
2068 3700 2209 3761 scis.
2241 3706 2296 3753 et
2329 3696 2706 3753 testimonium
2742 3695 2977 3764 praebes.
3008 3693 3067 3747 In
3093 3692 3387 3749 dilectione
3408 3704 3593 3750 autem

1995 3809 2063 3849 an
2087 3800 2483 3865 perma‘nsurus
2507 3788 2636 3850 sim,
2661 3788 2865 3842 clarius
2887 3785 3011 3857 ipse
3038 3789 3183 3841 nosti
3212 3805 3225 3841 :
3256 3787 3425 3840 niltil‘
3443 3786 3591 3842 enim

1994 3899 2096 3955 ego
2152 3883 2221 3938 de
2276 3881 2481 3936 futuris
2531 3879 2798 3943 dixerim,
2854 3892 3034 3948 neque
3091 3878 3159 3932 de
3197 3878 3264 3933 iis
3313 3892 3435 3948 qua:
3478 3894 3593 3935 non

1996 3978 2149 4043 novi,
2181 3974 2499 4038 decertabo,
2544 3973 2659 4043 ipsa
2692 3970 2892 4026 doctus
2923 3982 3044 4025 Sum
3074 3972 3436 4041 experientia,
3480 3984 3593 4026 non

1996 4066 2380 4122 contradicere
2412 4062 2669 4117 Domino.
2700 4058 2782 4114 Tn
2829 4074 2964 4115 vero
3016 4058 3142 4115 fons
3194 4060 3482 4127 veritatis,
3531 4067 3592 4114 tu

1997 4155 2374 4227 intelligentiae
2406 4155 2640 4225 abyssus
2686 4170 2700 4207 :
2743 4152 2853 4206 tuis
2891 4151 3153 4207 insistere
3188 4152 3417 4207 statutis
3454 4152 3590 4207 ede-

1997 4258 2120 4308 ctus
2156 4265 2302 4305 sum.
2344 4245 2505 4301 Hunc
2567 4247 2690 4314 ejus
2746 4246 2999 4298 timorem
3056 4244 3247 4299 videns
3300 4241 3590 4307 Dominus,

1998 4357 2357 4413 amoremque
2378 4340 2596 4412 penitus
2612 4338 2959 4411 exploratum
2988 4338 3217 4400 habens.
3236 4337 3594 4408 praedictione

1997 4433 2194 4490 mortis
2229 4431 2394 4487 solvit
2430 4431 2707 4496 timorem,
2737 4437 2792 4484 et
2812 4429 3070 4485 charitati
3102 4428 3319 4500 1309
3339 4430 3594 4486 testimo-

2002 4525 2152 4578 nium
2209 4521 2417 4593 prtebet
2441 4562 2456 4585 ,
2488 4519 2750 4594 Petrique
2782 4518 3190 4578 confessionem
3228 4521 3581 4586 corroborat,

299 4616 605 4690 προσφέρει
636 4614 739 4685 τῆς
791 4613 1084 4685 ὁμολογίας
1141 4614 1202 4669 τὸ
1245 4615 1558 4688 φάρμακον.
1597 4616 1696 4668 Διὰ
1736 4614 1897 4670 τοῦτο

2000 4625 2052 4673 et
2083 4616 2394 4689 negationis
2443 4615 2614 4671 ulceri
2661 4614 3033 4671 confessionis
3079 4615 3442 4685 pliarmacum
3487 4613 3586 4668 ad-

299 4708 412 4782 γάρ
453 4704 609 4779 οἶμαι
664 4709 760 4761 καὶ
805 4705 1043 4778 τριπλῆν
1062 4704 1268 4777 ταύτην
1315 4706 1632 4778 ἀπῄτησεν
1674 4708 1760 4760 ἵνα
1790 4708 1898 4762 laci-

303 4801 479 4873 ριθμα
506 4803 621 4865 τοῖς
646 4799 862 4854 ἕλκεσιν
893 4796 1057 4870 ἐπιθῇ
1089 4796 1159 4851 τὰ
1184 4796 1478 4872 φάρμακα,
1507 4799 1602 4851 καὶ
1631 4798 1899 4873 γυμνώσῃ

297 4895 416 4959 τοῖς
437 4890 678 4964 παροῦσι
705 4891 814 4945 τῶν
843 4888 1103 4963 μαθητῶν
1161 4892 1262 4961 τῆς
1315 4889 1535 4960 ἀγάπης
1570 4890 1667 4962 τὴν
1699 4889 1895 4959 φλόγα.

311 4987 378 5040 Ἥ
403 4985 585 5040 τοίνυν
616 4984 926 5058 πρόρρησις
963 4985 1064 5056 τῆς
1101 4982 1383 5053 τελευτῆς.
1421 4984 1637 5038 καὶτὸν
1689 4984 1897 5056 Πέτρον

298 5077 675 5149 ἐψυχαγώγει,
700 5077 796 5132 καὶ
825 5077 955 5140 τοὺς
1004 5074 1197 5140 ἄλλους
1227 5067 1530 5139 ἐδίδασκεν,
1576 5075 1652 5139 ὡς
1685 5077 1897 5130 οἰκονο-

304 5171 437 5243 μίας
458 5165 548 5243 ῆν,
571 5168 687 5224 ἀλλ’
716 5169 777 5222 ού
810 5166 1038 5238 γνώμης
1062 5168 1097 5238 ἡ
1128 5167 1377 5239 ἄρνησις.
1406 5167 1518 5220 Καὶ
1545 5166 1705 5220 τοῦτο
1730 5165 1895 5230 αὐτὸς

300 5263 331 5316 ὁ
358 5259 554 5333 Σωτὴρ
583 5259 676 5314 καὶ
706 5258 912 5330 Κύριος
941 5256 1105 5328 ήμῶν
1149 5255 1392 5328 ᾐνίξατο,
1446 5256 1590 5325 πρὸς
1625 5258 1788 5311 αὑτὸν
1820 5258 1899 5310 εί-

306 5351 525 5426 ρηκώςο
583 5371 602 5404 ι
658 5350 876 5422 Σίμων,
928 5350 1150 5421 Σίμων,
1198 5340 1502 5421 ἐξῃτήσατο
1563 5353 1590 5401 ὁ
1653 5350 1901 5413 Σατανᾶς

305 5448 550 5502 σινιᾶσαι
585 5446 730 5516 ὑμᾶς
758 5444 834 5509 ὡς
860 5444 953 5498 τὸν
985 5446 1155 5511 σῖτον,
1188 5443 1345 5512 κάγὼ
1371 5443 1596 5515 ἐδεήθην
1627 5443 1758 5514 περὶ
1781 5444 1899 5509 σοῦ,

304 5541 386 5596 Iv:
420 5539 495 5610 μὴ
533 5538 729 5610 ἐκλίπῃ
759 5539 793 5609 ἡ
820 5536 1003 5600 πίστις
1050 5554 1145 5590 σου
1169 5553 1184 5568 ·
1217 5537 1351 5601 ἀλλά
1393 5538 1488 5591 καὶ
1521 5534 1584 5590 σύ
1620 5552 1749 5589 ποτε
1776 5536 1898 5590 ἐπι-

306 5630 567 5704 στρέψας,
597 5631 851 5703 στήριξον
878 5631 1005 5694 τοὺς
1036 5628 1303 5700 ἀδελφούς
1334 5646 1452 5683 σου.
1487 5648 1505 5680 ι
1539 5628 1754 5700 ’Ὠσπερ
1785 5629 1896 5701 γάρ

308 5727 445 5796 ἐγὼ,
497 5723 652 5795 φησὶ,
705 5721 1066 5793 σαλευόμενον
1120 5721 1220 5793 οὐχ
1257 5720 1540 5793 ὑπερείδόν
1589 5737 1670 5784 σε,
1722 5720 1894 5784 οὕτως

1999 4708 2321 4769 movet.°0b
2355 4709 2407 4764 id
2436 4707 2582 4764 enim
2614 4708 2870 4773 arbitror,
2904 4714 2958 4760 et
2998 4706 3139 4759 hanc
3182 4705 3367 4774 exegit
3400 4704 3586 4776 tripli-

1998 4820 2139 4869 cem,
2175 4814 2235 4857 ιιι
2258 4800 2407 4872 paris
2457 4799 2672 4854 numeri
2705 4799 3104 4854 medicamenta
3154 4797 3438 4852 ulceribus
3484 4797 3593 4851 im-

2001 4902 2198 4966 ponat,
2229 4891 2659 4961 discipulisque,
2690 4890 2783 4960 qui
2812 4888 3067 4955 aderant,
3104 4888 3403 4945 cltaritatis
3430 4888 3589 4943 llam-

2000 5001 2146 5041 mam
2181 4981 2518 5039 manifestet.
2558 4979 2851 5037 l’racdictio
2893 4981 3081 5051 itaque
3111 4981 3308 5036 mortis
3330 5022 3346 5049 ,
3404 4988 3460 5037 et
3489 4980 3593 5037 Pe-

2001 5088 2145 5135 trum
2177 5077 2462 5134 consolata
2491 5084 2599 5143 est,
2628 5084 2684 5129 et
2715 5075 2856 5131 alios
2884 5074 3096 5142 docuit,
3139 5076 3489 5145 negationem
3518 5074 3591 5129 il-

1994 5170 2103 5230 latn
2140 5168 2571 5241 dispensationis
2617 5167 2811 5233 fuisse,
2856 5183 2965 5224 non
3014 5168 3236 5222 mentis.
3274 5169 3456 5239 Atque
3485 5167 3592 5222 hoc

1997 5267 2117 5336 ipse
2137 5262 2395 5319 Salvator
2423 5269 2478 5318 et
2508 5261 2778 5317 Dominus
2804 5271 2993 5318 noster
3014 5261 3356 5322 insinuavit,
3390 5260 3584 5316 dicens

1996 5356 2079 5410 illi
2122 5373 2138 5411 :
2180 5372 2199 5406 ι
2249 5355 2478 5419 Simon,
2531 5352 2760 5419 Simon,
2790 5368 2918 5408 ecce
2966 5350 3205 5406 Satanas
3240 5352 3594 5422 expetivitut

2002 5462 2100 5502 vos
2128 5448 2395 5503 cribraret
2429 5450 2576 5500 sicut
2600 5446 2884 5512 triticum,
2917 5461 3019 5517 ego
3049 5454 3231 5500 autem
3278 5444 3461 5516 rogavi
3494 5459 3594 5515 pro

2000 5548 2054 5596 te
2093 5549 2151 5594 ut
2181 5555 2289 5594 non
2323 5538 2545 5593 deliciat
2578 5537 2714 5594 fides
2741 5546 2859 5603 tua,
2913 5546 2968 5593 et
3003 5546 3059 5592 tu
3103 5537 3406 5607 aliquando
3447 5553 3584 5593 con-

2003 5644 2223 5693 versus,
2256 5628 2522 5683 confirma
2557 5627 2755 5683 fratres
2793 5638 2919 5683 tuos
2942 5636 2995 5682 γ.
3041 5647 3060 5680 ι
3105 5626 3583 5694 Quemadmodum

2003 5720 2177 5785 enim,
2208 5722 2304 5786 ait,
2342 5736 2445 5792 ego
2476 5729 2532 5776 te
2579 5719 2941 5776 ﬂuctuantem
2986 5736 3096 5778 non
3147 5719 3401 5792 despexi,
3433 5717 3507 5772 ita
3536 5723 3594 5771 ct

388 5898 414 5926 “
439 5901 598 5958 Joan.
634 5918 746 5967 xxi,
945 5909 970 5938 ν
1003 5898 1193 5954 Matth.
1222 5913 1371 5967 nrt,
1395 5897 1485 5956 55.
1568 5911 1593 5940 ι
1616 5895 1774 5955 Joan.
1805 5913 1919 5966 XXI,
1946 5897 2033 5953 l7.
2120 5904 2151 5947 1
2186 5895 2319 5954 Luc.
2363 5911 2496 5965 χιιι,
2529 5896 2618 5964 31',
2653 5895 2744 5952 32.
